4078 6196
321 325 344 384 1
358 324 476 387 069

1366 321 1820 385 ENARRA'I‘IO
1863 321 1942 382 IN
1983 316 2361 384 PSALMUM
2406 318 2694 382 XXXVII.

3569 323 3725 384 1070

316 458 522 528 ricula,
556 471 671 513 non
692 456 958 513 incendia
978 445 1198 529 patriae,
1223 474 1337 511 non
1359 473 1599 512 suorum
1622 455 1964 510 discrimina
1994 457 2046 522 Α
2077 455 2474 525 deprehendit.
2509 454 2629 508 Nisi
2678 453 2821 508 forte
2860 453 2930 507 ad
2981 450 3280 508 Christum
3330 451 3438 508 hoc
3488 456 3725 523 referas,

315 549 668 603 terruerunt.
701 546 889 613 Disce,
922 545 1028 611 vir,
1062 545 1240 611 disce,
1275 544 1622 609 Christiane,
1673 545 1966 616 quomodo

312 651 516 692 verum
546 634 748 690 Jesum
779 633 943 705 sequi
975 635 1220 702 debeas;
1275 635 1508 706 quando
1557 633 1774 688 femina
1830 649 1965 688 con-

310 723 552 795 tempsit
576 723 774 778 omnia
803 740 934 788 sua,
993 727 1051 777 et
1102 723 1308 778 Jesum
1370 723 1427 777 in
1484 721 1676 794 ﬁgura
1733 723 1968 792 propter

307 809 757 867 similitudinem
790 811 1044 868 nominis
1075 815 1166 867 est
1198 815 1418 867 secuta.
1482 810 1647 865 Unde
1693 807 1966 882 praeclare

307 899 584 957 Salomon
615 899 792 955 dixit:
831 922 857 948 ‹‹
912 899 1128 956 Divitiae
1183 899 1315 968 viri,
1375 898 1697 971 redemptio
1756 897 1964 953 animae

306 990 434 1061 ejus
459 991 645 1057 (Prov.
677 1006 801 1055 xm,
832 990 907 1060 8).
945 1011 973 1038 ››
1003 988 1245 1044 Redime
1275 1004 1411 1060 ergo
1459 988 1721 1042 animam
1777 990 1962 1040 tuam.

305 1076 452 1132 Vilis
482 1080 570 1132 est
595 1076 864 1149 pecunia,
895 1077 996 1133 sed
1032 1077 1095 1132 ﬁt
1124 1075 1382 1148 pretiosa
1414 1093 1516 1148 per
1567 1075 1760 1130 ﬁdem:
1832 1072 1965 1128 vilis

305 1171 394 1222 est
450 1182 583 1221 cum
659 1165 950 1233 conditur,
1014 1165 1269 1239 pretiosa
1355 1181 1488 1219 cum
1549 1161 1960 1234 dispergitur;

305 1253 388 1311 sic
418 1253 575 1310 enim
608 1254 892 1326 scriptum
925 1259 1048 1309 est:
1083 1277 1110 1304 ‹‹
1139 1254 1440 1326 Dispersit,
1482 1252 1643 1308 dedit
1699 1247 1964 1322 pauperi-

307 1345 452 1400 bus:
485 1343 724 1416 justitia
752 1343 880 1414 ejus
914 1347 1116 1399 manet
1147 1343 1204 1398 in
1254 1341 1535 1398 saeculum
1567 1338 1763 1395 saeculi
1790 1338 1960 1409 (Psal.

308 1449 421 1499 CXI,
455 1433 509 1488 9.
549 1455 570 1482 ιι

371 1524 458 1576 22.
495 1520 556 1576 Si
589 1520 770 1593 igitur
800 1519 935 1576 talis
967 1520 1168 1586 fueris,
1223 1523 1286 1574 ut
1335 1517 1529 1590 possis
1589 1521 1964 1571 contemnere

305 1628 420 1666 non
454 1609 644 1665 solum
673 1609 872 1665 omnia
897 1614 1019 1678 tua,
1080 1609 1180 1664 sed
1239 1608 1416 1663 etiam
1477 1605 1666 1677 ipsam
1727 1619 1960 1658 carnem

303 1702 464 1752 tuam
498 1714 600 1770 pro
622 1696 876 1767 justitia,
910 1713 1026 1769 qua
1058 1695 1219 1751 nulla
1250 1697 1362 1763 (57)
1396 1697 1590 1766 potest
1619 1689 1963 1762 locupletior

303 1802 430 1841 esse
461 1787 755 1857 possessio
790 1784 1106 1856 (possessio
1127 1783 1278 1838 enim
1297 1783 1573 1855 pretiosa,
1597 1780 1770 1834 homo
1788 1795 1959 1832 mun-
1993 1816 2041 1881 B

305 1874 439 1943 dus)
470 1879 528 1929 et
559 1873 606 1928 si
640 1873 885 1927 ﬂumina
915 1879 968 1927 te
991 1872 1295 1943 superiora
1325 1867 1739 1930 concluserint,
1798 1871 1956 1921 tran-

301 1963 403 2018 sis.
438 1963 584 2017 Nam
615 1962 719 2017 etsi
754 1961 978 2017 dederit
1009 1960 1274 2016 tentandi
1309 1959 1390 2014 tui
1452 1958 1742 2012 Dominus
1802 1960 1960 2028 pote-

300 2050 782 2114 statem,mandat
799 2055 992 2104 tamen
1015 2047 1245 2104 diabolo
1270 2054 1333 2102 ut
1363 2048 1621 2102 animam
1649 2050 1808 2099 tuam
1833 2044 1962 2115 ipse

304 2139 631 2205 custodiat;
693 2139 1017 2193 secundum
1070 2137 1222 2208 quod
1281 2135 1565 2207 scriptum
1621 2138 1746 2188 est:
1803 2156 1829 2181 u
1892 2131 1963 2186 Ut

305 2228 575 2282 destruas
608 2226 913 2282 inimicum
944 2232 998 2281 et
1029 2226 1393 2281 defensorem
1426 2225 1594 2295 (Psal.
1627 2240 1750 2286 vni,
1782 2224 1838 2289 3)
1866 2240 1878 2288 ;
1935 2243 1961 2268 ››

305 2319 488 2370 tentat
517 2314 673 2370 enim
720 2319 786 2369 ut
844 2315 1233 2376 adversarius,
1297 2313 1557 2367 defendit
1615 2317 1680 2365 ut
1739 2326 1961 2365 servus.

302 2403 592 2474 Scriptum
627 2409 716 2459 est
745 2403 900 2458 enim
963 2421 976 2458 :
1043 2425 1068 2449 ‹‹
1129 2402 1198 2456 Et
1247 2401 1396 2456 volet
1444 2401 1548 2456 tibi
1601 2399 1964 2453 unicornuus

311 2491 527 2547 servire
560 2492 694 2561 (Job.
730 2508 922 2558 xxxrx,
955 2492 1032 2562 9).
1071 2513 1091 2540 η
1127 2491 1312 2545 Servit
1341 2490 1520 2556 enim,
1570 2488 1669 2560 qui
1724 2503 1839 2541 non
1897 2502 1966 2541 ex

310 2579 604 2644 voluntate
637 2597 745 2636 sua
774 2581 928 2652 quod
960 2584 1142 2652 optat,
1171 2579 1547 2650 exsequitur;
1584 2577 1684 2632 sed
1734 2593 1802 2631 ex
1862 2591 1963 2629 ne-

310 2668 582 2724 cessitate
613 2669 908 2724 mandatis
938 2667 1346 2740 imperialibus
1389 2667 1604 2721 invitus
1663 2665 1963 2734 obtempe-

305 2764 413 2814 rat.
446 2757 597 2812 Vide
627 2757 995 2813 altitudinem
1041 2756 1278 2822 Christi,
1314 2754 1816 2826 quemadmodum
1874 2767 1962 2804 re-

304 2847 476 2902 torsit
506 2846 564 2901 in
597 2845 894 2900 diabolum
951 2844 1186 2900 malitiae
1219 2861 1336 2900 suae
1392 2843 1665 2916 pretium.
1702 2840 1802 2896 Ille
1858 2855 1965 2894 nos

306 2937 480 3009 cogit,
514 2935 666 3006 quod
698 2935 831 2989 odio
862 2934 1172 3005 habemus,
1207 2932 1315 2987 hoc
1339 2931 1562 2987 facere:
1602 2954 1628 2980 ‹‹
1649 2931 1773 2986 Non
1806 2927 1961 2982 enim

306 3025 460 3097 quod
485 3023 637 3090 volo,
665 3023 776 3078 hoc
817 3039 946 3094 ago,
1010 3045 1031 3072 ι
1097 3025 1160 3076 ut
1219 3019 1519 3093 apostolus
1560 3019 1746 3089 ﬁixit,
1809 3015 1963 3072 826

306 3138 332 3163 ‹‹
367 3113 467 3169 sed
498 3112 650 3184 quod
685 3111 800 3178 odi,
836 3111 980 3166 illud
1015 3111 1160 3165 facio
1208 3111 1382 3181 (Ro-Im.
1445 3125 1544 3174 v11,
1607 3109 1712 3178 i5).
1775 3130 1800 3154 ››
1853 3106 1961 3160 Re-

2076 543 2175 614 qui
2210 544 2281 597 ab
2312 544 2608 607 omnibus,
2653 559 2685 596 a
2739 541 2954 613 quibus
3012 540 3438 608 conterebatur,
3498 548 3730 614 ereptus

2075 635 2184 698 est,
2221 631 2454 704 quando
2487 647 2548 686 se
2579 631 2735 686 exuit
2755 648 2791 686 a
2819 629 3035 702 populo
3065 630 3426 699 Judaeorum,
3464 631 3564 702 qui
3595 648 3731 688 eum

2077 720 2481 792 frequentibus
2513 719 2834 791 sacrilegiis
2856 724 2912 774 et
2941 718 3301 792 quotidianis
3330 719 3736 792 impietatibus

2077 809 2473 875 conterebant,
2509 811 2564 863 et
2593 807 2865 863 inimicos
2896 825 3034 864 suos
3064 807 3288 864 vocavit
3335 809 3407 864 ad
3459 808 3732 882 gratiam,

2076 913 2224 969 quos
2255 896 2462 953 oculus
2493 897 2593 952 Dei
2625 896 2768 951 vidit
2817 901 2873 952 et
2929 896 3163 952 amavit.
3221 898 3370 969 Ergo
3402 898 3543 970 quia
3595 897 3732 970 pius

2076 991 2166 1040 est
2188 986 2363 1053 Deus,
2399 1002 2770 1057 nequaquam
2805 989 2892 1041 est
2923 986 3377 1058 desperandum.
3440 985 3562 1042 Etsi
3618 986 3733 1042 ira-

2075 1074 2278 1142 scitur,
2313 1075 2602 1146 ignoscit;
2635 1075 2740 1129 etsi
2775 1074 3044 1146 percutit,
3079 1078 3272 1143 sanat;
3309 1075 3417 1130 etsi
3451 1075 3637 1132 tradit
3667 1075 3726 1130 in

2075 1164 2378 1218 interitum
2412 1180 2669 1232 carnem,
2694 1163 2966 1236 spiritum
2989 1151 3197 1219 salvat.
3217 1163 3343 1219 Noli
3366 1180 3502 1238 ergo
3523 1164 3730 1220 timere

2073 1253 2266 1308 carnis
2299 1252 2698 1308 infirmitatem
2725 1272 2736 1320 ;
2769 1252 2909 1324 quia
2935 1256 3175 1308 sanctus
3200 1269 3334 1308 cum
3364 1253 3723 1321 infirmatur,

2073 1342 2361 1413 potentior
2389 1346 2497 1397 est.

2145 1433 2236 1485 27.
2273 1431 2422 1496 Quid
2461 1436 2655 1486 autem
2710 1434 2800 1487 est
2837 1431 2991 1502 quod
3051 1431 3162 1488 ait:
3196 1454 3224 1480 «
3284 1431 3411 1488 Non
3468 1435 3558 1488 est
3613 1448 3728 1504 pax

2074 1521 2310 1575 ossibus
2342 1521 2487 1575 meis
2519 1537 2552 1575 a
2585 1519 2726 1575 facie
2759 1524 3126 1591 peccatorum
3159 1537 3422 1577 meorum
3455 1525 3478 1578 Ρ
3505 1543 3533 1572 ››
3593 1522 3728 1586 Qua

2075 1612 2214 1662 sunt
2245 1608 2356 1663 ista
2383 1624 2550 1663 ossa:
2587 1612 2785 1663 utrum
2832 1609 3061 1678 animae,
3122 1627 3194 1664 an
3253 1609 3561 1682 corporis?
3616 1611 3727 1667 Sed

2075 1712 2189 1750 non
2222 1699 2384 1750 tanta
2414 1699 2568 1750 esset
2591 1695 2807 1752 doloris
2839 1713 2978 1751 cura
3008 1699 3296 1768 corporei,
3324 1698 3424 1753 ubi
3449 1701 3506 1753 et
3535 1698 3733 1754 anima

2075 1782 2339 1848 laborat;
2373 1800 2504 1838 cum
2539 1785 2722 1838 sancti
2754 1784 2831 1839 sit
2857 1783 3000 1840 velle
3029 1801 3265 1840 carnem
3310 1790 3547 1857 propter
3608 1787 3732 1842 ani-

2074 1888 2231 1926 mam
2266 1871 2583 1944 ﬂagellari;
2619 1873 2774 1927 sicut
2805 1889 2866 1928 se
2893 1871 3226 1946 ﬂagellabat
3257 1877 3314 1929 et
3359 1873 3593 1943 Paulus,
3655 1892 3726 1932 ne

2073 1961 2199 2030 ejus
2232 1959 2637 2030 reprobaretur
2662 1961 2926 2033 assertio.
2958 1963 3106 2016 Sunt
3137 1963 3403 2034 quaedam
3428 1962 3726 2018 interioris

2074 2065 2208 2103 ossa
2239 2048 2516 2116 hominis,
2551 2050 2701 2105 sicut
2728 2057 2784 2105 et
2816 2051 3080 2106 membra
3110 2057 3248 2106 sunt
3291 2055 3516 2120 caetera,
3577 2052 3729 2107 oculi

2076 2138 2308 2203 mentis,
2343 2142 2398 2192 et
2429 2155 2629 2193 nares:
2662 2139 2814 2194 sicut
2841 2140 2950 2194 Job
2983 2139 3165 2194 dixit:
3203 2163 3230 2189 «
3275 2139 3529 2212 Spiritus
3589 2141 3729 2196 divi-

2075 2240 2187 2279 nus
2218 2224 2428 2294 quiest
2459 2225 2515 2279 in
2549 2225 2789 2280 naribus
2838 2225 2985 2280 meis
3017 2227 3159 2296 (Job.
3193 2243 3369 2293 xxvu,
3402 2227 3478 2300 3).
3517 2250 3544 2276 ››
3575 2229 3728 2284 Sunt

2075 2327 2210 2383 ergo
2242 2319 2298 2366 et
2328 2329 2482 2379 ossa,
2529 2315 2746 2383 quibus
2778 2314 3081 2369 charitatis
3113 2316 3382 2386 quaedam
3441 2331 3724 2388 compago

2073 2401 2378 2455 formatur.
2417 2401 2578 2457 Unde
2612 2407 2664 2456 et
2696 2403 2880 2458 Adam
2911 2402 3057 2459 dixit
3086 2405 3156 2458 de
3203 2408 3471 2460 consorte
3533 2405 3723 2460 chari-

2076 2489 2232 2553 tatis,
2266 2495 2321 2544 et
2351 2489 2646 2544 cohmrede
2677 2491 2872 2562 gratiae
2903 2491 3030 2546 vitae
3065 2509 3078 2546 :
3116 2515 3142 2541 ‹‹
3176 2492 3294 2548 Hoc
3327 2510 3484 2549 nunc
3525 2510 3591 2550 os
3655 2495 3726 2549 de

2074 2577 2308 2632 ossibus
2340 2578 2505 2645 meis,
2538 2583 2595 2634 et
2625 2595 2756 2634 caro
2787 2580 2857 2634 de
2887 2595 3061 2634 carne
3113 2597 3242 2636 mea
3270 2581 3422 2652 (Gen.
3452 2597 3516 2650 Il,
3548 2584 3660 2651 23).
3700 2605 3721 2631 ι

2073 2666 2234 2729 Quod
2266 2665 2580 2738 Apostolus
2614 2667 3027 2739 interpretatus
3061 2669 3172 2736 ait;
3207 2691 3235 2718 «
3278 2669 3727 2727 Sacramentum

2074 2755 2181 2810 hoc
2211 2771 2493 2826 magnum
2521 2759 2644 2811 est:
2678 2772 2782 2826 ego
2813 2759 3010 2811 autem
3042 2756 3169 2812 dico
3200 2756 3261 2812 in
3312 2757 3545 2815 Christo
3577 2764 3636 2814 et
3665 2759 3725 2815 in

2074 2842 2331 2898 Ecclesia
2363 2843 2574 2916 (Ephes.
2610 2861 2661 2909 v,
2694 2846 2802 2916 32).
2839 2866 2865 2892 ››
2899 2844 3113 2900 Christi
3142 2849 3341 2902 autem
3367 2851 3423 2902 et
3451 2845 3725 2903 Ecclesiae

2074 2938 2508 2988 sacramentum
2543 2951 2655 2988 non
2685 2932 2936 2999 carnale,
2969 2934 3069 2988 sed
3102 2935 3364 3007 spiritale
3422 2951 3552 2992 esse
3583 2935 3724 3008 quis

2074 3021 2340 3089 dubitet;
2374 3039 2506 3076 cum
2542 3023 2730 3077 bonus
2766 3023 3022 3093 quisque
3052 3023 3111 3078 in
3145 3023 3272 3096 ipso
3303 3025 3578 3098 conjugio
3608 3041 3726 3080 non

2075 3110 2290 3179 carnis,
2323 3111 2423 3167 sed
2449 3111 2680 3166 virtutis
2703 3112 2906 3166 decore
2936 3115 3238 3168 teneatur:
3282 3117 3339 3168 et
3378 3129 3573 3169 mores
3635 3113 3723 3168 di-

304 3202 472 3258 torsit
503 3173 559 3256 in
588 3199 755 3255 illum
789 3173 1093 3265 Dominus,
1129 3201 1191 3252 ut
1215 3173 1280 3252 ‘et
1307 3198 1430 3267 ipse
1461 3173 1805 3267 plerumque
1837 3210 1952 3248 non
1985 3173 2028 3240 (ἶ
2069 3197 2210 3269 ligat
2240 3173 2296 3255 in
2332 3216 2528 3271 uxore,
2563 3217 2673 3254 non
2708 3217 2852 3255 usus
2874 3201 2900 3254 ‘?
2929 3201 3188 3272 Denique
3217 3201 3374 3270 audi,
3408 3201 3546 3274 quia
3604 3218 3720 3258 non

302 3292 475 3346 faciat
503 3289 660 3362 quod
695 3287 858 3354 vult;
892 3287 992 3342 sed
1025 3287 1180 3358 quod
1211 3285 1354 3350 odit,
1418 3285 1527 3337 hoc
1589 3284 1782 3338 faciat.
1857 3283 1959 3338 De-

303 3379 479 3451 nique
541 3377 799 3432 animam
855 3391 1032 3446 quam
1090 3372 1217 3428 vult
1271 3388 1624 3443 expugnare,
1676 3371 1953 3426 custodit.

310 3468 427 3524 Nos
479 3464 868 3537 corruptelam
899 3461 1092 3518 carnis
1133 3461 1615 3526 condemnamus,
1649 3464 1706 3514 et
1763 3460 1956 3530 sequi-

2068 3290 2391 3344 secundum
2442 3306 2676 3344 carnem
2710 3289 2991 3360 loquitur,
3026 3291 3125 3345 sed
3157 3292 3480 3346 secundum
3530 3290 3718 3346 virtu-

2066 3386 2182 3435 tem
2214 3379 2550 3432 intcriorem
2582 3396 2594 3432 :
2625 3402 2651 3426 ‹‹
2686 3378 2808 3432 Non
2840 3382 2928 3432 est
2949 3377 3357 3435 absconditum
3388 3397 3453 3435 os
3493 3396 3714 3446 meum,

2068 3469 2222 3540 quod
2269 3466 2452 3520 fecisti
2485 3465 2544 3518 in
2589 3467 2932 3520 abscondito
2989 3468 3158 3537 (Psal.
3219 3484 3488 3536 cxxxvm,
3539 3469 3649 3540 15).
3687 3491 3708 3518 ι

302 3573 478 3623 mur;
512 3559 576 3609 ut
607 3553 708 3608 illa
737 3553 912 3608 vidua
942 3567 1069 3622 quae
1101 3550 1454 3623 promissam
1514 3549 1723 3603 marito
1782 3549 1954 3603 ﬁdem
2067 3556 2266 3610 Virtus
2299 3554 2494 3624 itaque
2526 3570 2639 3608 non
2672 3570 2804 3609 caro
2834 3558 2941 3621 est,
2981 3571 3107 3626 quae
3156 3556 3258 3610 Dei
3313 3557 3500 3612 Patris
3557 3556 3716 3614 novit

297 3645 529 3700 irritam
588 3639 746 3706 facit,
808 3644 865 3696 et
919 3643 1122 3712 postea
1181 3639 1400 3693 nubere
1456 3636 1602 3704 vult,
1635 3637 1789 3708 quod
1823 3642 1956 3692 ante
2063 3641 2425 3701 abscondita.

301 3733 564 3806 fugiebat
593 3731 640 3802 (Ι
668 3731 800 3784 Tim.
831 3746 887 3794 v,
926 3728 1032 3798 t2).
1080 3727 1182 3783 Ille
1240 3726 1517 3783 inimicus
1567 3731 1656 3781 est
1714 3727 1957 3804 sanctis,

301 3827 361 3878 et
409 3820 677 3876 defensor
734 3817 1065 3882 adhibetur,
1144 3832 1261 3887 quo
1328 3813 1581 3886 amplius
1640 3814 1956 3886 puniatur;

304 3917 370 3966 ut
401 3925 605 3966 nocere
648 3925 764 3963 non
822 3907 1056 3972 audeat,
1117 3905 1218 3977 qui
1250 3919 1456 3959 nocere
1527 3903 1837 3959 desiderat.
1893 3905 1962 3960 Et

302 4005 524 4072 quanto
554 3995 918 4055 tolerabilius
939 4000 1028 4052 est
1051 4009 1250 4051 amare
1271 3993 1536 4059 virtutes,
1562 3992 1671 4048 etsi
1719 3992 1962 4065 implere

305 4107 422 4144 non
455 4087 668 4160 possis,
699 4102 876 4158 quam
922 4084 1159 4141 audisse
1211 4083 1477 4149 virtutes,
1541 4081 1758 4153 quibus
1800 4099 1965 4138 noce-

312 4196 372 4233 re
407 4194 520 4233 non
556 4175 767 4248 possis.

381 4267 467 4322 26.
532 4264 716 4336 (Vers.
773 4264 850 4332 4.)
924 4286 949 4311 ‹‹

313 4371 486 4411 carne
517 4370 648 4409 mea
683 4371 716 4408 a
748 4352 914 4407 vultu
941 4351 1036 4405 ira:
1085 4356 1233 4405 tuae.
1271 4372 1297 4397 »
1326 4349 1604 4420 Exposuit
1627 4347 1794 4403 nobis
1814 4348 1972 4403 hunc

309 4445 502 4500 locum
535 4445 714 4499 Isaias
747 4460 759 4509 ;
794 4463 820 4491 ‹‹
857 4439 1253 4507 Peccavimus,
1285 4442 1343 4492 et
1367 4441 1429 4492 tu
1453 4438 1636 4492 iratus
1687 4454 1748 4492 es
1803 4437 1974 4492 nobis

1013 4263 1136 4317 Non
1186 4265 1295 4328 est,
1355 4259 1567 4332 inquit,
1629 4260 1851 4315 sanitas
1907 4259 1967 4314 in

2137 3735 2228 3788 28.
2263 3732 2378 3802 Ego
2411 3747 2522 3785 non
2553 3734 2640 3785 est
2671 3747 2782 3802 pax
2829 3730 3036 3785 animae
3085 3732 3423 3801 virtutibus,
3484 3736 3719 3806 quando

2072 3826 2204 3878 ante
2244 3818 2442 3875 oculos
2493 3819 2659 3873 nobis
2709 3823 2907 3873 nostra
2953 3823 3190 3889 peccata
3233 3825 3608 3887 concurrunt,
3667 3826 3725 3878 et

2071 3910 2384 3968 offundunt
2414 3924 2475 3963 se
2506 3907 2801 3962 mentibus
2833 3906 3072 3962 nostris.
3106 3907 3176 3962 Et
3203 3907 3312 3962 hoc
3343 3907 3488 3964 bene
3546 3908 3725 3964 inter-

2073 4003 2334 4072 pretatus
2377 4001 2464 4052 est
2520 3997 2783 4067 gentium
2833 4000 3042 4052 Doctor
3097 3995 3339 4063 electus,
3372 3997 3431 4052 in
3480 3995 3729 4069 epistola

2076 4087 2336 4145 secunda
2367 4086 2438 4142 ad
2470 4084 2801 4141 Corinthios
2831 4085 3066 4142 dicens:
3104 4109 3131 4136 «
3160 4086 3304 4141 Nam
3357 4090 3414 4141 et
3452 4102 3587 4142 cum
3631 4101 3726 4142 ve-

2077 4177 2371 4233 nissemus
2409 4174 2465 4228 in
2495 4174 2915 4242 Macedoniam,
2950 4173 3172 4229 nullam
3206 4174 3465 4245 requiem
3523 4174 3731 4228 habuit

2080 4268 2223 4323 ευ
2261 4282 2393 4320 caro
2434 4271 2670 4330 nostra;
2705 4264 2805 4318 sed
2835 4263 2892 4317 in
2941 4263 3217 4318 omnibus
3245 4279 3452 4318 sumus
3502 4262 3727 4331 afﬂicti,

2083 4355 2223 4410 foris
2255 4369 2484 4426 pugnae,
2520 4351 2679 4406 intus
2708 4351 2948 4406 timores
2979 4352 3049 4421 (II
3069 4350 3188 4406 Cor.
3222 4369 3322 4419 vn,
3354 4353 3431 4422 5).
3480 4375 3510 4401 ››
3558 4351 3726 4408 Illum

2081 4444 2457 4499 Macedonum
2494 4445 2725 4512 peccata
2756 4441 3076 4506 vexabant;
3116 4445 3337 4512 quanto
3370 4441 3561 4515 magis
3593 4459 3732 4514 pro-

313 4534 436 4606 (Isa.
490 4549 639 4597 wa,
673 4531 748 4600 5).
788 4553 814 4578 »
847 4528 988 4592 Quis
1020 4532 1109 4582 est
1139 4532 1334 4582 tamen
1367 4525 1461 4579 irae
1495 4523 1966 4581 Doniinivultus‘l

2082 4533 2207 4606 pria
2237 4544 2718 4601 unumquemque
2750 4533 3016 4584 nostrum
3078 4536 3315 4600 peccata
3362 4532 3729 4603 perturbant,

311 4623 391 4678 Ne
422 4623 566 4677 forte
597 4619 716 4688 ille,
751 4619 888 4690 quia
922 4615 1119 4672 «Oculi
1171 4615 1404 4671 Domini
1465 4631 1641 4686 super
1698 4614 1973 4670 facientes

315 4710 472 4766 mala
502 4709 672 4782 (Psal.
705 4725 906 4774 xxxm,
933 4707 1045 4778 47).
1082 4728 1108 4755 ››
1143 4705 1201 4761 Si
1225 4705 1380 4761 enim
1416 4703 1569 4760 oculi
1603 4703 1836 4758 Domini
1875 4721 1975 4759 su-

318 4796 980 4872 perjustos,quomodo
1013 4812 1047 4851 a
1101 4795 1268 4850 vultu
1327 4793 1425 4848 ira:
1484 4791 1586 4847 Dei
1623 4791 1980 4848 infirmatur
2019 4855 2026 4860 _

320 4888 607 4961 Pr0pbeta
628 4886 656 4941 ?
688 4886 850 4942 Unde
873 4889 929 4941 et
958 4882 1100 4939 illud
1119 4883 1447 4948 considera,
1473 4881 1627 4952 quod
1649 4881 1771 4953 ipse
1799 4881 1975 4936 David

318 4978 377 5032 in
412 4977 832 5050 posterioribus
867 4973 1049 5029 dixit:
1085 4995 1112 5022 «
1147 4972 1432 5038 Quoniam
1465 4987 1531 5026 ex
1564 4969 1841 5025 omnibus
1871 4970 1977 5024 tri-

320 5066 720 5122 bulationibus
746 5062 1012 5135 eripuisti
1048 5077 1177 5127 me;
1211 5067 1267 5116 et
1297 5077 1475 5131 super
1507 5059 1778 5114 inimicos
1819 5075 1980 5114 meos

320 5155 576 5227 respexit
605 5152 812 5209 oculus
845 5167 1014 5207 meus
1048 5150 1218 5222 (Psal.
1253 5165 1372 5212 LIII,
1407 5149 1484 5218 9).
1522 5171 1549 5197 ››
1607 5147 1771 5203 Sicut
1822 5146 1979 5202 enim

323 5246 476 5300 bona
496 5244 800 5314 justorum
829 5238 1069 5312 respicit
1093 5255 1106 5304 ;
1142 5238 1224 5293 ita
1253 5241 1309 5292 et
1339 5240 1711 5308 peccatorum
1755 5235 1984 5292 occulta

398 5404 508 5476 (57)
543 5407 680 5478 Mss.
716 5397 1007 5478 nonnulli,
1068 5399 1127 5452 ut
1179 5397 1353 5478 possis
1413 5399 1765 5478 contemnere.
1801 5397 1985 5452 omnia

324 5471 439 5541 tua,
462 5471 556 5530 sed
585 5475 755 5528 etiam
782 5475 960 5542 ipsam
1006 5483 1229 5542 carnem
1257 5471 1431 5542 humi
1455 5482 1559 5542 p_ro
1580 5471 1802 5542 justigia
1851 5484 1986 5531 con-

325 5537 542 5612 temne;
577 5545 708 5612 quia
735 5537 914 5606 nulla,
945 5543 1054 5595 etc.
1107 5538 1209 5594 His
1241 5537 1464 5594 accedit
1485 5537 1838 5612 Rom.edit.,
1870 5541 1985 5597 nisi

323 5616 485 5700 quod
519 5608 693 5676 habet
721 5629 831 5672 non
862 5619 1074 5671 tantum
1120 5612 1307 5669 omnia
1356 5613 1470 5668 tua.
1523 5608 1634 5667 Sed
1694 5614 1853 5689 recta
1900 5619 1990 5673 est
2097 5608 2252 5674 Et'in

2085 4627 2152 4678 ut
2182 4619 2412 4692 requies
2443 4617 2610 4672 nobis
2641 4633 2769 4672 esse
2799 4634 2912 4672 non
2946 4618 3166 4690 possit?
3195 4619 3436 4675 Gravior
3464 4620 3732 4674 adversa-

2086 4711 2210 4765 rius
2270 4706 2439 4762 nobis
2488 4706 2598 4778 (58)
2638 4705 2811 4778 culpa
2859 4712 2947 4761 est
2993 4710 3213 4775 nostra,
3263 4724 3390 4779 quae
3457 4706 3734 4762 sollicitat

2088 4798 2328 4860 otiosos,
2374 4794 2582 4866 afﬂigit
2611 4812 2804 4862 sanos,
2849 4796 3158 4851 contristat
3204 4795 3386 4866 laalos,
3449 4793 3736 4866 inquietat

2091 4885 2372 4958 placidos,
2405 4883 2656 4955 exagitat
2702 4885 2894 4951 mites,
2939 4884 3150 4938 excitat
3196 4882 3571 4938 dormientes.
3633 4881 3736 4937 Rei

2090 4991 2300 5030 sumus
2357 4973 2482 5027 sine
2521 4977 2854 5038 accusante,
2907 4972 3031 5026 sine
3096 4975 3317 5026 tortore
3382 4970 3734 5038 cruciamur,

2090 5063 2217 5118 sine
2269 5059 2515 5116 vinculis
2562 5059 2964 5131 astringimur,
3017 5059 3144 5114 sine
3182 5059 3476 5115 venditore
3539 5059 3739 5116 vendi-

2089 5169 2242 5208 mur.
2294 5150 2455 5205 Unde
2502 5153 2557 5204 et
2606 5148 2909 5219 Scriptura
2934 5147 3106 5202 dicit.
3143 5168 3172 5198 ‹‹
3221 5147 3482 5204 Peccatis
3529 5147 3740 5205 vestris

2090 5240 2307 5297 venditi
2360 5238 2504 5294 estis
2550 5239 2677 5306 (lsa.
2712 5253 2762 5304 L,
2799 5237 2873 5306 1).
2908 5235 3084 5291 »Ηωθ
3115 5235 3293 5309 igitur
3322 5241 3557 5310 peccata
3579 5240 3738 5306 sunt,

2095 5400 2340 5457 aliorum
2374 5413 2516 5452 mss.
2551 5413 2617 5452 ac
2647 5400 2758 5452 vet.
2789 5395 2927 5452 edit.
2963 5395 3152 5465 lectio,
3178 5413 3353 5469 quam
3386 5397 3444 5453 in
3460 5401 3621 5455 textu
3652 5415 3742 5456 re-

2093 5475 2536 5546 praesentamus.

2167 5543 2283 5670 (53‘)
2306 5540 2551 5606 Quidam
2583 5554 2750 5607 mss.,
2797 5537 2988 5595 Gravis
3047 5539 3360 5598 adversaria
3401 5541 3575 5608 nobis,
3630 5546 3739 5598 etc.

2193 5615 2252 5670 in
2281 5630 2344 5670 ra
2373 5611 2551 5670 iidem
2579 5625 2726 5670 mss.
2749 5611 2970 5670 legunt.
2993 5613 3113 5670 sine
3143 5612 3416 5670 venditare
3453 5615 3739 5670 servimus.

2281 5616 2344 5671 ’ra
2373 5611 2551 5670 iidem
2579 5625 2726 5671 mss.
2749 5611 2970 5687 legunt,
2993 5613 3113 5670 sine
3143 5612 3416 5676 venditare
3453 5615 3741 5676 servimus.
