4078 6196
380 300 529 364 1071

1835 301 1901 363 S.
1947 297 2328 363 AMBROSII

3651 294 3813 359 ωτὲ

379 450 511 506 qua;
540 435 741 489 contra
769 450 876 492 nos
901 449 1131 507 semper
1161 436 1301 490 sunt
1328 450 1341 501 ;
1380 436 1444 487 ut
1501 432 1645 487 dixit
1700 432 1988 504 Propheta
2013 449 2025 487 :
2061 433 2115 499 Α
2145 435 2210 488 ut
2239 433 2565 505 probentur
2595 432 2818 501 fideles,
2847 413 3388 503 judicenturinﬁdi
3417 428 3494 502 (II
3519 428 3696 486 Thess.
3750 446 3811 484 ιι.

377 545 407 571 ‹‹
440 520 842 578 Vendiderunt
882 541 1009 592 nos,
1043 525 1100 580 et
1127 521 1504 578 dominantur
1556 520 1724 576 nobis
1781 522 1904 592 (15a.
1937 539 2022 588 III,

375 607 550 680 42).»
608 610 825 667 Servus
886 611 986 684 qui
1064 611 1356 680 venditur,
1417 610 1712 681 superiore
1794 609 2026 665 servitio

374 697 513 771 exit,
546 701 612 754 ut
641 699 712 758 ad
744 700 1048 756 dominum
1109 700 1400 756 alternum
1458 698 1698 771 migret:
1760 715 1865 752 nos
1922 713 2026 752 nec

376 788 750 862 superiorum
773 791 986 862 jugum
1016 789 1385 862 deponimus,
1419 793 1475 844 et
1505 789 1576 843 ad
1607 805 1754 843 nova
1795 791 2030 860 peccata

381 866 713 953 curvamur.

451 965 539 1044 29,.
582 965 766 1040 (Vers.
797 966 854 1039 5)
887 967 1046 1023 Unde
1075 971 1131 1024 et
1156 966 1448 1040 ingemuit
1505 969 1744 1021 sanctus
1788 965 2026 1020 dicens:

381 1054 702 1121 «Quoniam
734 1055 1072 1128 iniquitates
1102 1073 1240 1111 mea:
1299 1059 1801 1128 superposuerunt
1857 1057 2034 1125 caput

383 1159 616 1199 meum:
652 1142 804 1199 sicut
831 1157 980 1200 onus
1011 1161 1181 1217 grave
1211 1149 1459 1217 gravatae
1491 1147 1629 1199 sunt
1659 1160 1835 1214 super
1866 1159 1977 1209 me;
2000 1159 2025 1190 η

381 1229 489 1286 hoc
517 1235 625 1302 est,
661 1230 1001 1304 iniquitates
1058 1250 1196 1289 mea:
1257 1231 1794 1304 supertransierunt
1860 1220 2036 1302 caput

385 1337 602 1388 meum,
636 1324 692 1375 et
718 1321 1155 1394 superemineat
1186 1320 1350 1392 mihi,
1387 1326 1452 1376 ut
1483 1338 1691 1378 sensus
1730 1336 1891 1374 meos
1939 1319 2036 1373 de-

383 1409 674 1480 primant:
709 1409 863 1466 oculi
896 1410 1051 1466 enim
1085 1409 1366 1482 sapientis
1410 1409 1467 1463 in
1522 1410 1708 1480 capite
1766 1409 1914 1477 ejus.
1970 1407 2040 1460 Et

385 1497 512 1552 ideo
543 1497 724 1554 Nabal
753 1499 943 1554 malus
975 1502 1098 1553 erat
1128 1498 1310 1552 durus
1337 1514 1348 1552 :
1377 1498 1515 1568 quia
1536 1514 1746 1552 sensus
1769 1497 1897 1566 ejus
1922 1511 2040 1550 ma-

385 1583 514 1640 litia
543 1590 600 1640 et
629 1585 910 1656 iniquitas
962 1585 1344 1641 obstruebant
1401 1586 1536 1655 (59).
1601 1584 1762 1638 Unde
1793 1588 1848 1638 et
1901 1582 2038 1638 Abi-

386 1689 520 1744 gwre
571 1674 806 1728 verbum
839 1675 986 1728 ferre
1016 1691 1131 1728 non
1189 1673 1413 1744 potuit:
1471 1674 1570 1728 sed
1624 1673 1911 1728 obduruit
1941 1689 2038 1727 cor

2133 523 2327 593 9,11).

2205 611 2298 665 30.
2333 611 2522 682 (Vers.
2553 611 2634 681 6.)
2668 609 2874 666 Merito
2907 625 3045 681 ergo
3077 609 3186 664 sub
3242 607 3659 679 iniquitatibus
3719 624 3820 679 po-

2137 699 2309 768 situs,
2345 704 2401 754 et
2430 700 2589 771 quod
2621 700 2792 771 pejus
2826 702 2938 767 est)
2992 697 3142 764 suis,
3199 701 3506 770 corruptas
3563 713 3700 752 esse
3752 700 3811 751 et

2137 788 2574 861 computruisse
2606 788 2751 843 dicit
2781 787 3088 843 cicatrices
3120 803 3258 842 suas
3283 803 3319 840 a
3347 785 3496 841 facie
3528 785 3824 858 insipien-

2138 875 2228 931 tias
2251 893 2370 932 suae
2397 894 2409 945 ;
2444 877 2584 948 quia
2612 875 2908 932 levantem
2937 891 3116 932 onera
3144 873 3525 946 iniquitatum
3573 874 3820 929 tardius

2139 966 2468 1020 remedium
2500 966 2878 1038 sequebatur.
2908 965 3128 1020 Tamen
3178 968 3236 1019 et
3281 963 3392 1018 Job
3449 967 3653 1018 sancto
3712 962 3820 1034 qui

2142 1053 2366 1110 saniem
2400 1055 2643 1110 radebat
2664 1071 2909 1109 suorum
2929 1053 3193 1108 ulcerum
3218 1051 3487 1122 perfusus
3510 1049 3820 1106 ulceribus

2144 1160 2177 1198 a
2208 1142 2456 1216 pedibus
2489 1160 2676 1215 usque
2707 1143 2777 1198 ad
2812 1147 3011 1215 caput,
3046 1142 3272 1197 sanitas
3305 1144 3394 1196 est
3445 1140 3677 1206 refusa;
3746 1143 3812 1194 et

2146 1232 2399 1287 Lazarus
2432 1249 2657 1304 pauper
2705 1231 2806 1303 qui
2855 1230 3092 1302 jacebat
3150 1229 3223 1284 ad
3279 1230 3516 1300 januam
3567 1227 3809 1294 divitis,

2144 1318 2544 1374 lambentibus
2577 1319 2775 1374 ulcera
2830 1320 2960 1390 ejus
3015 1318 3282 1384 canibus,
3342 1318 3412 1371 de
3468 1316 3817 1371 cicatricum

2147 1425 2389 1462 suarum
2425 1409 2603 1463 fetore
2633 1407 2923 1474 sublatus,
2959 1408 3031 1461 ab
3059 1405 3284 1478 angelis
3307 1405 3364 1459 in
3397 1404 3647 1460 Abrahae
3679 1404 3816 1460 sinu

2147 1501 2236 1552 est
2268 1496 2607 1552 collocatus.
2657 1497 2757 1552 Est
2805 1513 2941 1568 ergo
2986 1496 3045 1550 in
3097 1499 3298 1550 sancto
3347 1494 3525 1549 David
3567 1510 3707 1566 spes
3759 1493 3817 1548 in

2151 1586 2475 1640 remedium
2511 1584 2819 1652 sanitatis;
2864 1584 3003 1656 quia
3046 1600 3161 1639 non
3217 1586 3587 1657 unguentum
3645 1584 3816 1638 redo-

2151 1672 2294 1743 lent,
2346 1675 2446 1729 sed
2506 1675 2746 1729 fetorem
2808 1689 3052 1729 suorum
3119 1672 3357 1728 vulnera
3414 1677 3815 1745 peccatorum,

386 1762 538 1832 ejus,
568 1765 623 1816 et
652 1761 822 1832 quasi
853 1761 1127 1816 infirmus
1158 1761 1452 1817 occubuit.
1485 1762 1598 1816 Aut
1624 1761 1752 1816 vide
1808 1778 1880 1815 ne
1926 1761 2036 1816 hoc
2067 1795 2114 1860 B
2151 1768 2206 1818 et
2237 1763 2377 1834 quia
2406 1763 2690 1835 afﬂigitur
2717 1762 2811 1817 his
2842 1766 3018 1834 atque
3050 1766 3340 1828 curvatur,
3374 1766 3431 1816 et
3462 1778 3581 1816 non
3626 1759 3818 1816 delec-

387 1847 464 1909 sit
493 1853 688 1921 caput,
723 1851 792 1905 de
832 1866 947 1922 quo
1004 1850 1084 1905 ait
1140 1849 1456 1922 Apostolus
1517 1850 1738 1921 (Coloss.
1799 1867 1859 1916 ιι,
1923 1851 2034 1918 10),

385 1937 525 2010 quia
554 1955 669 1993 non
702 1941 857 1994 tenet
884 1937 1050 2005 illud,
1104 1943 1300 1995 mente
1359 1939 1553 1994 carnis
1611 1938 1869 1994 inﬂatus.
1920 1939 2037 1993 Hoc

385 2029 579 2082 autem
610 2032 805 2100 caput,
838 2027 1104 2084 Christus
1135 2033 1242 2096 est,
1276 2028 1414 2100 quia
1445 2027 1640 2083 omnis
1696 2027 1804 2081 viri
1863 2033 2040 2099 caput

388 2114 676 2172 Christus.
709 2115 824 2171 Hoc
847 2121 936 2172 est
965 2120 1138 2188 caput
1167 2117 1322 2188 quod
1352 2133 1453 2188 per
1504 2115 2037 2188 compaginationes

390 2207 446 2259 et
477 2202 874 2278 colligationes
906 2205 1088 2260 totius
1116 2204 1305 2277 plebis
1337 2206 1546 2260 crescit
1602 2205 1660 2260 in
1721 2204 2040 2260 incremen-

389 2297 517 2350 tum
547 2289 669 2360 Dei,
703 2292 840 2366 quia
871 2294 929 2348 in
963 2293 1236 2350 omnibus
1267 2293 1437 2350 nobis
1459 2311 1561 2366 per
1591 2292 1823 2365 singula
1854 2308 2038 2348 mem-

389 2382 496 2439 bra
521 2399 630 2437 sua
657 2381 922 2439 Christus
953 2383 1226 2456 assurgit.
1261 2383 1408 2455 Ergo
1441 2383 1674 2454 quando
1706 2399 1813 2438 nos
1844 2382 2036 2453 ingra-

387 2473 528 2527 vant
557 2474 758 2527 nostra
789 2476 1047 2544 peccata,
1083 2476 1138 2528 et
1169 2471 1390 2529 talento
1420 2473 1675 2544 quodam
1709 2471 2039 2542 iniquitatis

387 2559 662 2634 plumbeo
711 2561 1070 2617 ad'terrena
1148 2561 1559 2633 deprimimur,
1623 2560 2038 2632 dirumpamus

387 2647 622 2705 vincula
678 2666 900 2720 eorum,
964 2654 1020 2705 et
1070 2649 1448 2722 projiciamus
1498 2667 1531 2703 a
1580 2649 1748 2704 nobis
1825 2649 2036 2720 jugum

389 2738 684 2812 ipsorum;
718 2743 783 2794 ut
811 2738 1110 2813 possimus
1141 2738 1343 2796 oculos
1375 2743 1584 2794 nostrae
1617 2737 1830 2793 mentis
1869 2736 2040 2792 attol-

386 2826 526 2892 lere,
559 2831 614 2883 et
643 2827 847 2884 audire
877 2827 1167 2884 dicentem
1195 2846 1208 2885 ε
1247 2848 1270 2877 ι
1303 2827 1508 2883 Venite
1550 2827 1620 2882 ad
1681 2842 1793 2892 me,
1837 2843 2040 2882 omnes

387 2913 487 2987 qui
519 2914 797 2974 laboratis
827 2921 883 2974 et
913 2918 1134 2972 onerati
1164 2917 1324 2986 estis,
1358 2921 1415 2972 et
1465 2933 1570 2988 ego
1624 2932 1724 2970 vos
1781 2915 2051 2987 reficiam,

387 3004 597 3074 (Mallh.
631 3025 709 3076 x1,
741 3005 854 3078 28).
891 3027 918 3057 »
953 3005 1214 3078 Denique
1243 3007 1551 3079 {Egyptum
1607 3003 1846 3059 avaritia
1903 3019 2038 3058 one-

388 3095 575 3166 rabat,
618 3095 870 3169 pecunia
914 3095 1159 3151 vexabat
1205 3097 1498 3150 mercatus
1546 3091 1842 3163 rEthiopes
1903 3092 2037 3162 (60),

391 3179 546 3238 sicut
573 3183 859 3257 scriptum
891 3186 1014 3238 est:
1069 3206 1096 3230 ‹‹

399 3274 567 3326 catus
597 3269 957 3345 Ethiopum,
981 3274 1037 3323 et
1068 3269 1304 3325 Sabaim
1335 3268 1439 3322 viri
1464 3267 1672 3323 excelsi
1716 3268 1788 3322 ad
1815 3271 1869 3323 te
1892 3271 2046 3323 tran-

392 3359 595 3415 sibunt
623 3361 749 3431 (Isa.
780 3375 915 3426 xm,
950 3358 1062 3429 ii.)
1096 3380 1123 3406 »
1167 3357 1478 3413 Laboravit
1532 3357 1833 3429 .‘Egyptus,
1875 3360 2042 3411 ante-

398 3464 574 3520 quam
606 3450 978 3520 cognosceret
1008 3447 1309 3502 veritatem
1343 3465 1354 3501 :
1389 3446 1487 3502 sed
1514 3445 1639 3516 jam
1673 3461 1786 3500 non
1817 3445 2044 3501 laborat

396 3539 709 3608 postquam
739 3534 1008 3592 transivit
1055 3535 1125 3590 ad
1183 3533 1500 3592 Christum.
1553 3536 1891 3606 Sequuntur
1943 3551 2040 3590 vo-

394 3623 582 3680 lentes
611 3624 793 3682 Sabaai
823 3624 951 3691 viri,
977 3625 1076 3696 qui
1108 3627 1242 3679 ante
1275 3623 1608 3696 fugiebant;
1653 3623 1791 3694 quia
1848 3628 2044 3680 tenent

393 3729 492 3770 eos
521 3713 754 3770 vincula
779 3713 1100 3781 cbaritatis,
1133 3729 1260 3784 quae
1274 3713 1583 3768 adamante
1614 3711 1852 3768 fortiora
1881 3717 2039 3770 sunt.

389 3801 636 3858 Pulchre
664 3807 720 3858 et
752 3802 897 3858 illud
933 3802 1092 3860 Isaiae
1126 3802 1261 3856 huic
1289 3801 1413 3856 loco
1446 3805 1679 3874 aptatur
1708 3818 1720 3856 :
1767 3825 1794 3852 «
1858 3801 2042 3858 Omne

392 3896 569 3966 caput
598 3891 657 3948 in
689 3891 906 3960 dolore,
941 3895 997 3948 et
1025 3907 1198 3947 omne
1252 3907 1350 3945 cor
1400 3890 1457 3944 in
1492 3889 1802 3944 maestitia:
1861 3908 1894 3946 a
1944 3909 2040 3964 pe-

391 3981 565 4037 dibus
609 3997 798 4056 usque
829 3981 900 4036 ad
928 3983 1104 4053 caput
1134 3997 1249 4035 non
1283 3983 1372 4034 est
1401 3978 1634 4044 vulnus,
1669 3995 1857 4050 neque
1901 3980 2043 4036 cica-

391 4070 503 4128 trix
528 4070 666 4143 (51),
701 4086 889 4142 neque
922 4069 1093 4142 plaga
1121 4085 1255 4123 cum
1313 4068 1530 4122 fervore
1563 4068 1691 4138 (Isa.
1729 4085 1765 4134 ι,
1796 4069 1852 4137 5,
1881 4071 1957 4141 6).
2013 4093 2041 4120 ››

389 4159 592 4214 Fervet
619 4158 1092 4230 eniminiquitas,
1113 4173 1247 4211 cum
1270 4155 1626 4220 dominatur,
1649 4172 1824 4226 super
1868 4163 2042 4229 caput

391 4239 660 4303 nostrum
714 4263 842 4302 sese
889 4246 1194 4312 extollens,
1241 4249 1299 4300 et
1343 4243 1536 4300 locum
1593 4260 1908 4317 occupans,
1969 4262 2041 4302 ne

391 4351 527 4390 eum
570 4335 836 4392 Christus
893 4337 1176 4410 magister
1233 4338 1426 4390 teneat
1484 4332 1854 4406 pmnitentiae.
1915 4336 2038 4391 Non

389 4423 740 4480 mediocrem
771 4423 888 4478 vim
919 4425 1137 4480 habent
1165 4424 1288 4479 istae
1348 4423 1707 4496 iniquitates,
1743 4423 1790 4477 si
1850 4426 2039 4480 consi-

2143 1856 2319 1907 tatur.
2355 1853 2560 1924 Specta
2585 1869 2740 1906 nunc
2781 1850 3143 1923 epheborum
3177 1850 3436 1922 aliquem
3497 1849 3814 1914 lascivum,

2144 1945 2201 1996 et
2228 1940 2457 2013 egregie
2489 1939 2892 2006 libidinosum,
2927 1940 3027 2012 qui
3061 1939 3120 1994 in
3148 1939 3368 2012 stupris
3397 1939 3582 1994 vitam
3640 1955 3814 1995 suam

2145 2029 2357 2101 exigat,
2392 2045 2550 2083 more
2582 2027 2740 2084 illius
2773 2027 2969 2083 divitis
3001 2027 3062 2083 in
3094 2028 3270 2101 bysso
3306 2031 3362 2082 et
3393 2031 3552 2082 ostro
3606 2029 3818 2098 jacen-

2144 2121 2284 2184 tem,
2319 2122 2492 2188 atque
2523 2116 2860 2188 epulantem
2892 2116 3151 2188 quotidie
3182 2115 3510 2188 splendide,
3554 2116 3654 2170 cui
3713 2133 3817 2174 na-

2147 2210 2270 2261 tent
2318 2206 2650 2278 pavimenta
2705 2207 2858 2274 vino,
2907 2210 3136 2278 tegatur
3190 2205 3410 2260 humus
3455 2205 3703 2260 ﬂoribus
3759 2211 3818 2261 et

2148 2294 2335 2366 spinis
2414 2300 2685 2365 cooperta
2763 2293 3035 2366 piscium,
3095 2294 3353 2350 incensis
3446 2294 3819 2350 diversorum

2147 2383 2601 2456 thymiamatum
2685 2383 2966 2438 odoribus
3049 2382 3306 2439 triclinia
3385 2381 3818 2456 compleantur,

2149 2473 2648 2545 quemadmodum
2683 2489 2744 2526 se
2777 2473 3016 2528 beatum
3045 2476 3231 2544 putet,
3263 2477 3322 2528 et
3359 2471 3512 2528 bene
3542 2489 3607 2528 se
3666 2472 3822 2529 olere

2141 2562 2368 2634 judicet
2393 2580 2404 2630 ;
2435 2579 2503 2617 cu
2517 2579 2690 2635 mque
2711 2562 2912 2634 gravia
2943 2566 3117 2633 atque
3147 2561 3429 2617 diuturna
3459 2562 3679 2618 animus
3702 2579 3819 2617 sua

2147 2651 2390 2706 vulnera
2420 2656 2604 2722 gerat,
2638 2656 2694 2705 et
2726 2654 3069 2722 corruptum
3101 2649 3450 2722 sanguinem
3479 2650 3650 2719 ﬂuat,
3682 2649 3822 2706 nul-

2147 2738 2272 2795 lum
2330 2743 2526 2794 tamen
2577 2739 2820 2794 fetorem
2855 2756 2974 2794 suae
3023 2739 3315 2795 cicatricis
3362 2739 3641 2811 accipiat.
3702 2739 3821 2796 Ob-

2148 2833 2401 2884 structas
2443 2828 2598 2882 enim
2647 2845 2809 2884 coeno
2860 2844 3032 2884 nares
3081 2827 3276 2896 habet,
3310 2844 3416 2884 nec
3466 2833 3668 2901 potest
3724 2828 3823 2883 di-

2148 2933 2315 2974 cere:
2349 2940 2375 2965 ‹‹
2413 2916 2665 2988 Spiritus
2697 2916 2953 2985 divinus,
2990 2917 3087 2989 qui
3120 2921 3210 2972 est
3239 2917 3298 2971 in
3355 2917 3605 2974 naribus
3663 2918 3819 2973 meis

2148 3006 2265 3075 (Job
2293 3023 2470 3071 xxvn,
2501 3005 2578 3076 3).
2616 3028 2642 3053 ››
2675 3006 2807 3060 Ideo
2840 3005 3002 3061 dives
3061 3005 3159 3062 ille
3217 3005 3546 3062 remedium
3605 3005 3818 3064 salutis

2150 3094 2407 3150 invenire
2439 3111 2552 3149 non
2586 3093 2794 3166 potuit,
2837 3111 3060 3166 pauper
3090 3095 3333 3162 invenit,
3361 3095 3627 3168 Denique
3670 3095 3822 3150 alter

1158 3179 1466 3236 Laboravit
1523 3162 1824 3252 ZEgyptds,
1886 3195 2034 3234 mer-
2067 3162 2109 3228 (ἶ
2149 3183 2303 3256 apud
2338 3183 2556 3238 inferos
2587 3162 2646 3238 in
2680 3162 2992 3255 supplicio,
3018 3181 3167 3238 alter
3198 3183 3256 3238 in
3289 3183 3508 3256 requie.

2221 3273 2310 3328 3|.
2369 3272 2590 3327 Invenit
2639 3288 2774 3344 ergo
2833 3277 3127 3345 perpetuas
3188 3272 3398 3328 salutis
3479 3273 3820 3329 remedium

2151 3360 2326 3418 etiam
2358 3364 2599 3416 sanctus
2632 3359 2916 3433 propheta
2947 3360 3148 3429 David,
3185 3361 3286 3432 qui
3338 3361 3502 3416 fetere
3533 3360 3648 3414 sibi
3675 3361 3817 3417 ani-

2152 3467 2258 3505 mis
2291 3467 2407 3505 sua:
2437 3447 2677 3504 vulnera
2709 3449 3017 3518 fatebatur,
3068 3454 3126 3504 et
3182 3467 3218 3504 a
3259 3448 3398 3506 facie
3449 3446 3816 3520 insipientia:

2152 3556 2269 3596 suae
2302 3539 2734 3610 computruisse
2774 3538 2888 3593 sibi
2937 3538 3238 3594 cicatrices
3287 3536 3548 3612 proprias
3604 3536 3821 3610 loque-

2151 3630 2345 3684 batur.
2375 3627 2486 3684 Sed
2527 3632 2615 3682 est
2659 3631 2716 3682 et
2762 3627 3108 3699 insipientia
3166 3644 3293 3699 qua:
3343 3643 3444 3700 per
3493 3625 3814 3684 stultitiam

2152 3716 2581 3790 praedicationis
2613 3717 2989 3772 credentibus
3020 3721 3275 3772 salutem
3307 3715 3527 3771 afferat.
3581 3715 3823 3790 Refugit

2151 3823 2287 3878 ergo
2318 3805 2607 3878 Propheta
2639 3804 2981 3879 Evangelico
3018 3805 3145 3876 jam
3197 3803 3408 3877 spiritu
3459 3803 3816 3876 sapientiam

2151 3895 2324 3950 istius
2376 3895 2604 3961 mundi,
2656 3911 2773 3966 qua
2835 3911 2952 3950 non
3003 3893 3376 3968 cognoscitur
3434 3893 3632 3948 Deus:
3698 3909 3819 3964 qua

2151 3983 2296 4055 tegit
2326 4000 2434 4038 sua
2460 3982 2724 4050 vulnera,
2759 4001 2875 4039 non
2910 3983 3124 4040 revelat
3153 3983 3225 4038 ad
3260 3982 3573 4037 Dominum
3613 3981 3820 4037 Melior

2150 4071 2332 4143 igitur
2363 4070 2718 4143 insipientia,
2749 4089 2877 4144 quae
2907 4070 3107 4128 oculos
3121 4071 3300 4127 habet
3325 4075 3390 4126 ut
3410 4071 3602 4127 videat
3623 4068 3820 4126 ulcere

2151 4178 2277 4230 sua,
2311 4177 2488 4232 quam
2519 4160 2807 4233 sapientia
2839 4179 2966 4234 qua:
2999 4178 3114 4217 non
3145 4160 3341 4216 habet.
3373 4161 3445 4215 Et
3497 4160 3623 4215 ideo
3675 4158 3821 4213 insi-

2149 4250 2379 4322 pientis:
2411 4267 2530 4304 sua:
2561 4249 2771 4305 obtutu
2805 4251 3146 4307 admonitus
3178 4249 3431 4323 spiritali
3465 4253 3663 4304 tantus
3685 4265 3815 4312 rex,

2148 4336 2458 4394 afﬂlictum
2493 4357 2554 4394 se
2599 4338 2854 4395 miseriis
2911 4343 3299 4412 protestatur;
3363 4343 3431 4394 ut
3482 4336 3814 4394 remedium

2147 4427 2334 4500 possit
2363 4428 2714 4501 poenitentiae
2749 4429 3023 4501 reperire,
3056 4429 3212 4501 quod
3241 4428 3450 4494 Judas,
3483 4427 3583 4498 qui
3602 4443 3815 4500 agrum

388 4513 558 4570 deres
607 4510 907 4567 hominem
966 4513 1134 4568 illum
1194 4512 1541 4584 iniquitatis,
1602 4511 1701 4584 qui
1758 4518 2041 4572 venturus
2071 4518 2220 4600 Dde
2277 4517 2604 4589 iniquitatis
2662 4517 2928 4573 mercede
2987 4516 3272 4590 possedit,
3353 4517 3608 4590 reperire
3695 4533 3813 4573 non

386 4607 478 4663 est
507 4601 833 4661 secundum
866 4618 1042 4674 opera
1072 4602 1298 4656 Satanae
1330 4601 1387 4656 in
1415 4600 1574 4657 omni
1615 4602 1844 4670 virtute,
1876 4608 1932 4659 et
1961 4604 2039 4660 si-

385 4692 539 4769 gnis,
573 4695 631 4748 et
663 4689 946 4764 prodigiis
976 4689 1360 4746 mendacibus
1393 4691 1545 4747 828
1577 4694 1632 4745 et
1663 4691 1856 4747 omnis
1894 4695 2040 4748 edu-

385 4784 576 4840 ctione
605 4780 971 4853 iniquitatis;
995 4795 1169 4853 quem
1195 4779 1511 4834 cavendum
1537 4779 1706 4833 nobis
1727 4781 2040 4853 Apostolus

385 4871 829 4939 demonstravit,
861 4871 1001 4943 quia
1039 4867 1436 4943 operationem
1488 4867 1700 4923 erroris
1760 4871 2035 4944 accipiet:

456 5051 566 5125 (59)
598 5051 868 5125 Quinque
899 5068 1068 5122 mss.,
1101 5049 1232 5122 quia
1259 5062 1448 5102 sensus
1466 5046 1581 5117 ejus
1600 5047 1816 5103 malitia
1847 5055 1896 5105 et
1926 5053 2037 5107 ini-

377 5123 566 5192 quitas
595 5123 971 5179 observabant.

456 5195 569 5265 (70)
601 5196 751 5250 Edit.
775 5195 998 5266 aliquot
1019 5192 1201 5258 Paris,
1221 5207 1524 5266 cumgmss.
1545 5189 1867 5266 nonnullis,
1894 5211 2040 5250 mer-

390 5261 902 5336 catus'zEthiopuni.
937 5268 1000 5320 At
1032 5271 1300 5336 mercatus
1321 5263 1598 5336 ΑΞιΙιίορεξ
1625 5261 1738 5317 dici
1790 5271 2039 5335 possunt

389 5347 493 5411 pro
522 5331 790 5411 merth
816 5336 1112 5411 ίΕιΙιὶρρίςί
1136 5333 1453 5411 ;_/Ethiops
1502 5331 1664 5411 enim
1717 5331 1824 5390 voit
1877 5338 2037 5411 adje-

389 5402 538 5456 ctiva
570 5410 677 5460 est.
715 5407 941 5460 Rursus
972 5402 1030 5460 in
1065 5406 1226 5460 Isaiae
1257 5402 1470 5474 verb—is,
1511 5402 1613 5458 ubi
1665 5421 1866 5463 omnes
1897 5402 2033 5466 edit.

388 5488 454 5550 ac
524 5489 663 5550 mss.
734 5475 995 5532 nonnulli
1081 5493 1238 5550 cunt
1297 5476 1548 5550 Vulgata
1617 5476 1780 5548 edit.,
1867 5481 2040 5538 Labor

384 5545 947 5624 @qypli,_rnef_catu§,
979 5551 1114 5617 etc.,
1146 5547 1244 5602 alii
1286 5545 1444 5624 mss:
1479 5546 1680 5621 plures
1711 5545 1846 5610 cum
1878 5552 2035 5624 LXX,

385 5613 678 5705 Laboravit
713 5616 997 5689 Egyptus,
1045 5613 1334 5683 niercatus,
1394 5613 1529 5687 etei,
1589 5625 1844 5686 ἐκοπίασεν
1897 5613 2040 5707 Δτγυξ

2191 4607 2359 4662 eluit.

2231 4624 2359 4661 iuit.

2152 4624 2308 4747 p032.
2369 4692 2556 4762 (Vers.
2614 4695 2727 4764 7.)«
2790 4692 3066 4763 Miseriis,
3144 4693 3358 4766 inquit,
3439 4691 3699 4750 afflictus
3757 4698 3815 4750 et

2149 4785 2421 4837 curvatus
2453 4799 2583 4838 sum
2618 4799 2807 4854 usque
2837 4782 2897 4837 in
2923 4783 3100 4838 finem
3125 4799 3138 4839 :
3173 4787 3294 4837 tota
3315 4782 3407 4838 die
3423 4781 3814 4837 contristatae

2149 4871 2535 4943 ingrediebar.
2571 4894 2596 4920 ››
2628 4871 2824 4944 Usque
2855 4871 2914 4926 in
2944 4887 3120 4943 quem
3154 4871 3331 4926 finem
3389 4887 3454 4925 se
3485 4870 3632 4925 dicit
3683 4886 3814 4926 esse

2147 5074 2280 5118 πτος,
2311 5053 2419 5104 etc.

2220 5123 2330 5194 (61)
2364 5121 2539 5197 Rom.
2561 5122 2700 5178 edit.
2737 5139 2870 5178 cum
2901 5122 3101 5197 Vulg.,
3127 5139 3186 5197 ,α
3243 5121 3701 5197 ρεάίὺαξ-ωρῖιε
3738 5122 3811 5197 ad

2153 5193 2317 5266 caput
2343 5197 2419 5246 est
2451 5195 2667 5267 palmis,
2698 5197 2956 5263 cicatrix,
2987 5193 3054 5252 αἱ
3077 5196 3268 5267 plaga,
3310 5200 3420 5267 etc.
3455 5193 3681 5267 Verum
3713 5193 3811 5267 qui

2148 5264 2231 5323 sic
2262 5265 2669 5332 emcndarunt,
2698 5283 2813 5321 non
2845 5264 3221 5324 adverterunt
3240 5264 3626 5337 Ambrosium
3640 5264 3807 5337 sequi

2148 5338 2384 5396 solitum
2424 5337 2748 5393 versionem
2807 5339 2971 5405 LXX,
3029 5339 3185 5411 apud
3244 5353 3391 5410 quos
3445 5336 3655 5406 habes,
3714 5336 3806 5392 ἀπὸ

2146 5419 2306 5468 ποδῶν
2380 5420 2468 5476 ἕως
2552 5417 2770 5482 κεφαλῆς
2852 5417 2943 5467 οὐκ
3025 5419 3158 5470 ἔστιν
3236 5417 3288 5466 ἄν
3341 5415 3476 5478 αὐτῷ
3543 5414 3802 5479 blandita,

2146 5493 2257 5540 οὔτε
2343 5493 2550 5565 praxim,
2638 5490 2748 5537 οὔτε
2833 5489 3040 5554 μὼλωψ,
3118 5489 3230 5537 οὔτε
3262 5549 3274 5562 _
3308 5487 3485 5561 ίπλητὴ
3568 5487 3802 5608 W-

2146 5579 2322 5688 ἔὶῗδὲἕί
2345 5557 2654 5691 ἓὲἱῧξΐὲι
2683 5553 2842 5614 hunc
2897 5553 3092 5616 locum
3144 5549 3398 5612 Basdius
3452 5550 3584 5626 lege
3667 5556 3709 5622 t,
3742 5555 3802 5608 ut

2189 5641 2317 5688 οοθι
2345 5641 2632 5688 Νοῡιιιιιε.
