4078 6196
359 353 514 422 1073

1394 358 1844 426 ENARRATIO
1887 356 1968 424 IN
2013 354 2391 427 PSALMUM
2437 354 2739 427 XXXVII;

3611 354 3772 423 10⁸74

359 487 726 550 curvatum?
791 489 996 552 Utrum
1062 491 1394 569 legitimum
1453 496 1511 553 in
1581 498 1758 554 finem
1817 497 2001 570 pani-
2031 494 2338 564 Acinctos
2366 493 2600 553 lumbos
2629 495 2845 554 habere
2872 496 2929 552 te
2986 488 3249 569 pracipit
3305 487 3606 567 Sapientia
3661 491 3767 553 Dei

355 583 552 639 tentia
571 582 599 638 7
625 585 740 639 Aut
761 583 1103 657 amplius,ut
1119 585 1363 659 mystice
1391 586 1930 660 intelligamus,usq
1941 604 2009 644 ue

360 672 434 727 ad
458 671 755 728 Christum
777 673 909 746 (62),
933 674 1034 746 qui
1067 675 1200 731 ﬁnis
1243 677 1413 748 Legis
1445 682 1533 732 est
1568 695 1580 744 ;
1641 678 1740 749 qui
1773 693 1833 733 se
1884 695 2009 749 pas-

355 776 460 816 sus
482 762 570 815 est
589 761 904 830 verberari,
930 780 1141 835 passus
1156 770 1245 821 est
1268 783 1480 837 corpus
1509 783 1683 822 suum
1712 771 2008 822 mortuum

350 847 599 920 lapidari
621 850 778 922 (63)?
805 853 913 907 Sed
946 852 1176 908 nullum
1201 853 1442 910 fetorem
1467 855 1840 927 pmnitentia,
1864 857 2004 911 odo-

353 953 478 993 rem
509 955 640 994 vero
670 956 904 996 omnem
937 943 1138 1014 gratia
1170 943 1322 1000 829
1352 943 1596 1000 vulnera
1624 945 1726 1001 illa
1782 944 2004 1002 redole-

351 1027 513 1083 bant.
549 1028 808 1100 Denique
840 1047 956 1086 non
989 1032 1156 1087 tabes
1197 1032 1405 1089 mortis
1435 1034 1504 1089 de
1558 1034 1795 1090 vulnere
1850 1036 2001 1105 ejus,

352 1116 507 1172 sicut
537 1116 846 1175 hominum
879 1123 1242 1189 caterorum,
1277 1123 1378 1178 sed
1426 1123 1554 1179 fons
1579 1123 1706 1178 vita
1756 1123 2002 1178 scaturi-

347 1205 430 1260 vit
445 1208 693 1272 aeterna,
712 1210 778 1260 ut
796 1205 1096 1279 Scriptura
1118 1225 1226 1265 nos
1247 1211 1448 1266 edocet
1472 1211 1674 1268 dicens
1699 1228 1710 1267 :
1738 1235 1765 1262 «
1793 1213 1860 1268 Et
1907 1230 2000 1270 sa-

353 1293 454 1348 liet
480 1309 634 1366 aqua
673 1311 806 1350 cum
854 1296 1236 1354 delectatione
1257 1299 1327 1354 de
1377 1299 1640 1356 fontibus
1687 1301 2001 1359 Salvatoris

350 1383 477 1455 (Isa.
500 1400 604 1449 x11,
623 1384 700 1455 3).
727 1406 754 1434 »
789 1385 1056 1441 Exsilivit
1076 1403 1212 1459 ergo
1234 1388 1304 1443 de
1325 1387 1561 1444 vulnere
1589 1405 1762 1461 aqua,
1803 1395 1868 1445 ut
1893 1408 2000 1446 nos

349 1472 689 1528 biberemus
720 1473 992 1530 salutem.
1028 1475 1231 1530 Bibent
1257 1493 1461 1532 omnes
1493 1482 1824 1549 peccatores
1883 1484 1997 1535 ter-

348 1577 448 1628 ra,
475 1565 540 1616 ut
569 1566 808 1632 peccata
861 1563 1175 1635 deponant.
1237 1563 1380 1620 Vide
1437 1565 1688 1638 singula.
1748 1568 1999 1624 MiSeriis

349 1649 608 1707 afﬂictus
637 1654 728 1706 est
755 1650 1044 1720 Christus,
1080 1657 1144 1708 ut
1173 1654 1375 1709 beatos
1434 1655 1648 1711 faceret
1705 1655 1994 1724 homines,

346 1738 449 1810 qui
480 1742 647 1795 erant
676 1740 737 1794 in
777 1739 1035 1796 miseriis
1090 1741 1415 1797 constituti.
1473 1743 1656 1800 Nemo
1715 1745 1997 1802 miserum

2118 587 2247 643 Luc.
2281 603 2380 654 xu,
2410 587 2500 657 35)
2532 604 2545 654 ;
2579 602 2651 642 ne
2681 591 2782 642 tua
2810 584 3158 641 castimonia
3188 583 3529 642 resolvatur.
3591 583 3766 641 Deni-

2118 690 2232 748 que
2266 679 2330 730 ut
2369 675 2522 732 scias
2553 675 2692 746 quia
2721 676 2778 729 in
2812 673 3032 730 lumbis
3064 672 3484 730 suntlibidinis
3506 689 3764 730 commo-

2115 764 2324 832 tiones,
2380 781 2507 836 qua
2591 763 2938 836 plerumque
2996 764 3319 819 excitantur
3375 780 3409 818 a
3484 761 3764 831 diabolo;

2116 855 2348 924 quando
2411 853 2713 909 contendit
2769 853 3056 925 dissipare
3113 853 3376 908 membra
3431 850 3669 918 Christi,
3710 855 3768 909 et

2115 945 2300 998 facere
2331 943 2596 998 membra
2626 941 2951 998 meretricis
2984 959 2996 997 :
3045 961 3067 990 α
3106 943 3267 1010 Ecce,
3327 941 3538 1014 inquit,
3596 941 3767 998 forti-

2112 1032 2252 1087 tudo
2282 1033 2410 1103 ejus
2439 1031 2498 1086 in
2533 1031 2771 1098 lumbis,
2799 1039 2856 1086 et
2885 1030 3072 1086 virtus
3103 1031 3230 1102 ejus
3260 1030 3321 1086 in
3346 1034 3508 1086 utero
3529 1029 3761 1102 (Job.xn,

2112 1121 2222 1190 it).
2261 1145 2288 1170 ››
2321 1123 2381 1176 In
2413 1120 2633 1176 lumbis
2661 1120 2769 1175 viri
2801 1119 3028 1177 semina
3053 1124 3214 1187 sunt,
3256 1119 3317 1175 in
3366 1123 3531 1176 utero
3565 1124 3762 1177 autem

2108 1209 2357 1264 femina.
2393 1208 2594 1265 Illudit
2621 1225 2757 1281 ergo
2781 1207 3053 1264 diabolus
3081 1208 3137 1263 in
3161 1208 3274 1276 his,
3300 1212 3364 1264 ut
3404 1208 3576 1264 faciat
3601 1208 3766 1265 adul-

2110 1298 2346 1364 terium,
2379 1299 2691 1364 incestum,
2726 1296 3189 1353 fornicationem.
3225 1298 3291 1352 Et
3319 1297 3450 1353 ideo
3482 1297 3583 1369 qui
3641 1297 3762 1353 for-

2111 1387 2360 1452 nicatur,
2396 1388 2454 1441 in
2488 1404 2698 1458 corpus
2730 1402 2905 1441 suum
2938 1391 3158 1458 peccat,
3193 1403 3308 1441 non
3340 1391 3502 1442 extra
3530 1402 3764 1460 corpus.

2111 1475 2394 1544 Primum,
2428 1476 2568 1547 quia
2591 1475 2927 1531 inﬁrmatur
2956 1493 3110 1545 caro,
3146 1492 3272 1548 qua
3293 1475 3640 1532 libidinibus
3657 1476 3767 1542 dif-

2109 1565 2259 1634 ﬂuit,
2292 1569 2350 1620 et
2382 1583 2496 1621 non
2529 1570 2721 1620 servat
2753 1565 3156 1621 moderamina
3181 1564 3470 1622 castitatis
3504 1583 3516 1634 ;
3551 1564 3764 1622 deinde

2108 1652 2388 1725 quoniam
2424 1652 2741 1709 seminaria
2798 1671 2924 1725 qua
2977 1655 3188 1709 debent
3235 1654 3422 1710 soboli
3478 1654 3760 1726 proﬁcere

2106 1741 2501 1814 procreanda,
2523 1741 3039 1813 inquinamentum
3065 1743 3347 1814 corporis,
3370 1759 3488 1798 non
3505 1743 3762 1799 fructum

345 1844 482 1884 eum
513 1831 610 1900 qui
645 1828 722 1884 sit
748 1830 976 1900 justus,
1024 1829 1277 1902 appellet
1307 1849 1319 1898 ;
1379 1830 1518 1903 quia
1573 1833 1719 1889 dixit
1751 1849 1765 1888 :
1819 1857 1845 1884 ‹‹
1878 1835 1993 1890 Vos
2026 1863 2080 1928 Β
2106 1830 2462 1903 posteritatis
2494 1835 2830 1902 operantur.
2875 1831 3013 1886 Inde
3045 1830 3242 1901 itaque
3297 1830 3573 1886 dicuntur
3624 1830 3760 1886 illu-

344 1933 518 1973 nemo
545 1917 717 1973 faciet
746 1917 993 1974 miseros
1019 1918 1148 1989 (Isa.
1190 1937 1392 1986 χχχιιι,
1427 1921 1502 1991 1),
1535 1943 1562 1971 ››
1595 1921 1878 1980 Curvatus
1909 1930 1998 1980 est
2026 1917 2075 1928 ”
2107 1919 2304 1976 siones
2335 1918 2599 1982 fortasse,
2652 1918 2806 1990 quod
2841 1918 2898 1973 in
2957 1919 3049 1974 his
3081 1919 3342 1991 corporis
3399 1923 3578 1975 astus
3635 1920 3764 1977 sine

343 2006 468 2077 ille,
501 2011 567 2063 ut
599 2023 704 2063 nos
735 2007 1140 2080 erigeremur:
1173 2009 1588 2065 constristatus
1619 2016 1708 2068 est
1765 2011 1884 2080 ille,
1932 2017 1998 2068 ut

342 2112 449 2154 nos
478 2096 818 2164 latiﬁcaret,
851 2097 1180 2153 secundum
1212 2098 1369 2171 quod
1396 2098 1680 2172 scriptum
1711 2105 1835 2158 est:
1862 2125 1889 2151 ‹‹
1915 2102 1996 2158 Si-

342 2185 500 2242 enim
531 2201 637 2259 ego
666 2185 946 2243 contristo
975 2204 1098 2254 vos,
1131 2191 1189 2242 et
1218 2188 1352 2260 quis
1382 2192 1472 2244 est
1502 2191 1603 2260 qui
1661 2206 1753 2246 me
1809 2191 1994 2246 latiti-

343 2280 454 2342 cet,
488 2274 603 2330 nisi
664 2275 765 2347 qui
823 2276 1207 2332 contristatur
1253 2293 1322 2333 ex
1379 2293 1471 2332 me
1523 2280 1600 2346 (II
1655 2280 1784 2336 Cor.
1813 2282 1991 2352 11,2)»

345 2363 454 2427 Qui
485 2363 872 2419 contristatur
900 2381 1036 2438 ergo
1068 2381 1137 2421 ex
1167 2364 1412 2422 Domino
1442 2366 1581 2422 Jesu
1611 2367 1996 2441 Christo,ipse

341 2449 600 2507 latiflcat
627 2451 947 2524 Christum,
981 2457 1037 2509 et
1091 2452 1218 2526 ipse
1274 2453 1602 2511 latiﬁcatur
1653 2473 1688 2512 a
1744 2457 1990 2514 Christo.

345 2539 478 2596 Ideo
508 2556 644 2613 ergo
674 2545 734 2597 et
757 2558 864 2598 nos
897 2557 1013 2598 non
1062 2543 1455 2614 perfunctorie
1512 2545 1992 2602 satisfaciendum

341 2645 374 2684 a
405 2628 573 2685 nobis
602 2640 732 2686 esse
761 2630 1192 2702 cognoscimus.
1248 2632 1567 2689 Curvemur
1619 2652 1805 2708 usque
1833 2635 1894 2690 in
1925 2636 1990 2690 fi-

341 2733 498 2784 nem,
532 2718 591 2773 id
623 2722 711 2774 est
740 2735 857 2774 non
889 2718 1077 2775 solum
1113 2720 1343 2776 Christo
1399 2722 1596 2791 ﬁdem,
1658 2725 1758 2780 sed
1816 2725 1992 2782 etiam

342 2805 684 2877 passionum
717 2811 1053 2864 nostrarum
1085 2809 1584 2880 perseverantiam
1642 2813 1989 2883 deferentes,

339 2898 396 2950 et
425 2895 788 2967 gaudeamus
817 2896 878 2951 in
897 2897 1272 2968 passionibus
1295 2900 1510 2955 nostris
1535 2918 1548 2968 ;
1569 2901 1722 2956 sicut
1750 2907 1805 2957 et
1826 2902 1990 2958 Chri-

339 2986 468 3039 stus
498 2984 790 3056 gaudebat
813 2984 872 3040 in
907 2986 1279 3058 passionibus
1312 2988 1456 3044 suis.
1491 2990 1645 3053 Quas
1674 2990 1772 3046 ille
1803 2991 1989 3049 susci-

339 3071 536 3143 piebat
562 3089 666 3143 pro
696 3073 946 3130 servulis
977 3075 1123 3143 suis,
1173 3092 1280 3131 nos
1310 3077 1628 3134 subeamus
1658 3095 1763 3151 pro
1799 3075 1987 3136 Domi-

226 3163 239 3181 '
340 3176 434 3215 no.
468 3159 566 3216 Hic
595 3177 731 3233 ergo
760 3161 918 3229 finis,
951 3185 979 3213 «
1014 3163 1478 3236 Utadimpleam,
1506 3165 1855 3240 inquit,qua
1885 3170 1988 3226 de-

2105 2007 2292 2062 coitus
2321 2007 2655 2062 celebritate
2714 2008 3048 2079 frequenter
3105 2007 3334 2063 illudat.
3387 2007 3552 2064 Unde
3609 2009 3760 2065 bene

2106 2096 2268 2152 830
2300 2095 2681 2168 Septuaginta
2715 2095 2820 2150 viri
2850 2096 3062 2151 anima
3087 2095 3394 2152 illusiones
3433 2096 3709 2152 dixerunt
3740 2113 3754 2151 :

2105 2200 2170 2240 eo
2204 2185 2357 2256 quod
2391 2183 2658 2239 diabolus
2692 2185 2934 2240 affectus
2966 2183 3218 2256 alicujus
3247 2183 3525 2254 illudens,
3556 2183 3618 2239 in
3666 2201 3761 2241 va-

2105 2291 2248 2330 num
2279 2274 2512 2329 studeat
2539 2272 2688 2330 vires
2717 2274 2845 2344 ejus
2876 2274 2987 2345 (64)
3017 2274 3333 2342 effundere,
3364 2273 3761 2346 virtutemque

2101 2381 2368 2432 vacuare,
2402 2362 2689 2419 resolvere
2721 2361 3146 2418 fortitudinem.
3191 2362 3441 2434 Ideoque
3467 2361 3605 2419 alibi
3627 2361 3710 2418 ait
3741 2379 3758 2419 :

2105 2477 2133 2503 ‹‹
2169 2455 2236 2508 Et
2266 2469 2433 2509 rencs
2471 2452 2582 2507 mei
2625 2451 2865 2507 resoluti
2897 2454 3038 2508 sunt
3067 2452 3237 2521 (Psal.
3273 2468 3445 2524 Lxxn,
3470 2453 3583 2525 21).
3618 2473 3647 2502 »
3692 2453 3757 2510 In

2103 2559 2218 2614 quo
2252 2558 2358 2597 nos
2392 2541 2568 2597 etiam
2601 2541 2807 2597 beatus
2864 2540 3176 2597 confirmat
3230 2540 3564 2614 Apostolus,
3597 2541 3753 2614 quod

2104 2648 2220 2686 non
2251 2629 2553 2686 illusiones
2585 2629 2813 2699 anima,
2850 2646 2962 2685 non
2998 2629 3190 2686 carnis
3212 2630 3614 2686 inﬁrmitatem
3641 2645 3757 2686 me-

2101 2723 2264 2776 tuere
2292 2720 2609 2776 debeamus
2641 2737 2654 2787 ;
2690 2720 2827 2791 quia
2857 2723 2914 2775 et
2940 2719 3148 2774 anima
3179 2722 3237 2773 et
3261 2717 3519 2790 corporis
3569 2717 3758 2776 nostri

2102 2809 2367 2865 Christus
2399 2812 2488 2864 est
2516 2809 2721 2876 virtus,
2773 2808 2873 2879 qui
2906 2811 3070 2864 curat
3099 2811 3369 2880 agrotos,
3405 2807 3573 2880 quasi
3627 2825 3752 2865 me-

2101 2899 2268 2956 dicus
2301 2915 2314 2953 :
2349 2896 2658 2952 confirmat
2685 2896 2995 2964 invalidos,
3031 2897 3202 2968 quasi
3258 2896 3528 2952 omnium
3586 2897 3751 2953 forti-

2101 2990 2262 3044 tudo.
2287 2986 2550 3057 Denique
2583 3009 2610 3036 ‹‹
2642 2985 2753 3041 etsi
2785 2985 2924 3042 foris
2955 2986 3130 3041 homo
3162 2989 3361 3041 noster
3417 2987 3749 3058 corrumpi-

2101 3081 2219 3143 tur,
2251 3076 2352 3132 sed
2385 3078 2697 3130 renovatur
2725 3073 2970 3129 interior
3001 3074 3070 3129 de
3102 3075 3194 3130 die
3227 3073 3287 3130 in
3318 3073 3472 3130 diem
3522 3075 3594 3146 (ΙΙ
3622 3075 3744 3132 Cor.

2100 3182 2175 3232 1v,
2210 3165 2318 3232 16).
2354 3185 2381 3212 ››

337 3252 478 3304 sunt
509 3231 959 3305 tribulationum
989 3251 1203 3306 Christi
1231 3231 1292 3306 in
1324 3269 1495 3308 carne
1527 3231 1677 3321 mea,
1706 3231 1813 3327 pro
1863 3274 1986 3314 cor-
2019 3231 2062 3298 C
2163 3231 2396 3307 73i.llis
2427 3251 2625 3323 itaque
2657 3250 2867 3306 anima
2899 3248 3275 3306 illusionibus
3324 3249 3604 3323 fatigatus
3658 3250 3747 3307 in-

338 3352 478 3409 pore
506 3337 656 3408 ejus,
689 3354 816 3409 qua
850 3343 938 3392 est
969 3337 1244 3405 Ecclesia,
1277 3341 1448 3410 cujus
1477 3357 1610 3397 sum
1637 3343 1825 3399 factus
1881 3347 1990 3401 mi-

338 3425 523 3482 nister
551 3425 778 3498 (Colon,
812 3427 969 3498 124).
1008 3449 1034 3476 ››
1085 3427 1371 3483 Videmus
1428 3429 1570 3500 quid
1601 3431 1773 3488 nobis
1802 3435 1989 3489 susci-

338 3514 619 3587 piendum
650 3514 749 3581 sit,
780 3514 881 3586 qui
915 3515 1308 3571 ministerium
1341 3517 1700 3575 sacerdotale
1730 3522 1991 3594 suscepi-

339 3619 476 3659 mus
508 3620 522 3669 ;
555 3605 621 3657 ut
650 3617 770 3658 non
803 3602 996 3659 solum
1044 3620 1150 3676 pro
1182 3604 1372 3671 nobis,
1407 3606 1509 3662 sed
1541 3605 1718 3664 etiam
1753 3625 1856 3680 pro
1886 3611 1993 3666 Ec-

340 3689 522 3747 clesia
549 3690 781 3747 Domini
812 3691 1104 3749 sustinere
1133 3693 1362 3750 fortiter
1391 3695 1696 3766 passiones
1729 3700 1992 3771 corporis

338 3779 682 3835 debeamus.
717 3778 897 3835 David
928 3785 1125 3837 autem
1159 3781 1386 3837 addidit
1417 3787 1476 3838 et
1505 3783 1716 3840 anima
1767 3787 1992 3857 passio-

341 3883 466 3924 nes.

407 3956 497 4011 33.
531 3956 717 4028 (Vers.
750 3958 804 4021 8,
836 3957 893 4026 9,
928 3958 1016 4024 10,
1055 3956 1453 4030 it.)Denique
1483 3960 1611 4032 ipse
1640 3963 1721 4018 ait
1750 3979 1762 4018 :
1787 3986 1813 4014 «
1840 3966 1991 4032 Quo-

339 4045 499 4100 niam
531 4044 728 4100 anima
750 4061 878 4102 mea
909 4045 1200 4118 completa
1226 4051 1314 4104 est
1341 4047 1756 4108 illusionibus:
1791 4059 1847 4110 et
1876 4071 1992 4110 non

339 4137 430 4190 est
457 4133 682 4190 sanitas
713 4134 774 4189 in
805 4150 981 4190 carne
1011 4151 1161 4192 mea.
1196 4136 1540 4194 Incurvatus
1592 4156 1725 4196 sum
1783 4145 1839 4198 et
1881 4143 1992 4200 hu-

341 4220 608 4278 miliatus-
634 4238 766 4279 sum
797 4223 1020 4280 nimis:
1081 4223 1386 4295 rugiebam
1446 4242 1479 4281 a
1534 4227 1755 4299 gemitu
1799 4232 1992 4289 cordis

342 4310 477 4366 mei.
511 4311 578 4367 Et
605 4314 740 4367 ante
772 4315 826 4368 te
855 4328 1028 4368 omne
1058 4312 1416 4368 desiderium
1450 4330 1668 4386 meum,
1701 4322 1756 4372 et
1808 4321 1990 4390 gemi-

343 4403 440 4456 tus
464 4416 633 4456 meus
662 4417 779 4456 non
810 4404 902 4456 est
927 4400 1273 4457 absonditus
1305 4417 1339 4456 a
1363 4405 1438 4458 te.
1473 4403 1581 4458 Cor
1610 4420 1808 4461 meum
1854 4424 1990 4464 con-

340 4488 647 4545 turbatum
677 4493 786 4557 est,
820 4493 877 4544 et
926 4489 1186 4546 deseruit
1243 4505 1338 4545 me
1394 4490 1670 4548 fortitudo
1727 4511 1876 4563 mea,
1937 4501 1994 4553 et

2101 3343 2437 3396 curvaverat
2465 3345 2522 3395 et
2551 3339 2958 3395 humiliaverat
2977 3354 3040 3394 se
3071 3338 3248 3394 nimis
3281 3342 3522 3396 sanctus
3545 3338 3748 3409 David,

2103 3445 2219 3484 non
2251 3444 2366 3499 quo
2398 3427 2812 3499 iniquitatibus
2871 3426 3408 3500 superponentibus
3455 3443 3526 3484 se
3573 3443 3756 3500 supra

2104 3521 2278 3588 caput
2307 3517 2455 3586 ejus,
2491 3521 2558 3570 ut
2590 3515 2846 3571 diximus
2889 3515 3084 3572 locum
3111 3516 3295 3588 daret,
3356 3520 3458 3573 aut
3513 3509 3752 3574 inimico

2103 3605 2351 3669 cederet,
2387 3602 2486 3674 qui
2519 3604 2577 3656 in
2643 3603 3064 3674 posterioribus
3117 3605 3284 3660 docet
3339 3604 3393 3660 ei
3449 3621 3568 3662 non
3621 3621 3754 3664 esse

2103 3693 2427 3749 cedendum
2459 3691 2660 3746 dicens
2695 3708 2706 3745 :
2746 3714 2772 3742 «
2804 3693 3032 3757 Quanta
3060 3691 3317 3764 maligne
3346 3698 3620 3766 operatus
3661 3699 3753 3753 est

2103 3781 2379 3838 inimicus
2407 3780 2468 3836 in
2501 3781 2718 3836 sanctis
2750 3779 2869 3835 tuis
2902 3798 2914 3849 ;
2949 3783 3005 3835 et
3033 3779 3265 3851 gloriati
3296 3785 3436 3837 sunt
3465 3781 3566 3854 qui
3621 3783 3754 3840 ode-

2101 3875 2232 3927 rant
2260 3873 2336 3939 te,
2371 3869 2430 3925 in
2463 3867 2654 3925 medio
2687 3868 2818 3924 festi
2850 3867 2937 3924 tui
2964 3867 2991 3922 ?
3028 3867 3358 3923 Posuerunt
3414 3867 3586 3940 signa
3641 3886 3752 3925 sua

2101 3960 2272 4033 signa
2305 3977 2318 4029 ;
2350 3963 2406 4014 et
2437 3973 2553 4014 non
2585 3957 2826 4030 cognovi
2857 3956 3009 4012 sicut
3038 3956 3096 4011 in
3127 3956 3220 4011 via
3248 3971 3428 4028 supra
3445 3971 3750 4014 summum

2102 4048 2277 4116 Quasi
2309 4047 2366 4103 in
2396 4047 2539 4103 silva
2569 4045 2863 4118 lignorum
2896 4043 3203 4102 securibus
3247 4044 3629 4101 conciderunt
3649 4046 3749 4118 ja-

2103 4155 2251 4193 nuas
2281 4138 2408 4209 ejus
2437 4136 2606 4207 (Psal.
2646 4151 2840 4204 Lxxm,
2872 4135 3007 4202 3-5).
3042 4132 3302 4190 Inimicis
3331 4133 3500 4200 meis,
3533 4132 3750 4207 inquit,

2102 4226 2271 4299 signa
2302 4223 2630 4297 iniquitatis
2660 4239 2780 4279 sua
2811 4239 2991 4294 supra
3037 4236 3342 4277 summum
3399 4221 3754 4294 ponentibus

2105 4315 2264 4387 (quid
2299 4319 2387 4369 est
2417 4328 2740 4379 summum,
2775 4311 2890 4366 nisi
2922 4313 3098 4381 caput
3143 4312 3335 4377 tuum,
3386 4309 3487 4366 ubi
3543 4325 3754 4368 sensus

2103 4407 2260 4470 sunt,
2295 4401 2395 4457 ubi
2426 4400 2691 4456 Christus
2722 4401 2810 4454 est
2838 4398 3167 4471 Sapientia)
3198 4414 3303 4470 ego
3336 4413 3452 4456 non
3489 4401 3754 4473 cognovi,

2100 4492 2159 4548 id
2190 4495 2297 4560 est,
2334 4507 2446 4544 non
2507 4487 2790 4559 acquievi,
2825 4503 2940 4542 non
2995 4487 3088 4542 his
3155 4487 3450 4557 consensi,
3509 4493 3568 4546 et
3613 4506 3754 4546 mea

342 4575 541 4632 lumen
571 4576 874 4634 oculorum
899 4591 1163 4633 meorum
1192 4593 1306 4633 non
1331 4582 1420 4634 est
1445 4596 1695 4637 mecum.
1725 4605 1751 4631 η
1778 4585 1993 4644 Adver—
2024 4592 2072 4658 D
2108 4578 2456 4638 sententiam
2489 4575 2861 4648 cogitationis
2887 4575 3149 4645 adiunxi.
3192 4575 3355 4632 Unde
3385 4582 3443 4633 et
3479 4577 3618 4634 alibi
3649 4579 3754 4634 ha-

341 4664 528 4722 timus
558 4665 740 4739 igitur
767 4665 1024 4722 laborem
1058 4667 1267 4722 anima
1301 4669 1584 4739 majorem
1617 4687 1768 4739 esse,
1818 4689 1992 4745 quam

343 4754 557 4810 carnis.
591 4754 857 4827 Denique
912 4756 1128 4827 quibus
1160 4755 1358 4812 anima
1412 4755 1789 4817 illusionibus
1845 4779 1998 4819 com-

341 4842 590 4915 pleatur.
626 4843 884 4917 intellige
916 4861 928 4900 :
989 4861 1057 4901 eo
1089 4844 1247 4917 quod
1282 4845 1340 4900 in
1373 4846 1732 4904 tentionibus
1789 4850 1995 4908 diabo-

341 4932 438 4989 lus
468 4933 518 4990 ei
557 4932 826 4990 videatur
855 4932 1101 4989 illudere
1131 4936 1187 4989 et
1217 4933 1502 4991 insultare
1533 4937 1699 5008 quasi
1745 4940 1999 5011 graviter

343 5020 654 5090 laboranti,
686 5021 1075 5094 Symmachus
1106 5025 1304 5077 tamen
1337 5023 1418 5078 ait
1449 5024 1676 5093 lumbos,
1698 5025 1757 5080 in
1783 5027 1996 5098 quibus

343 5109 664 5166 seminaria
693 5115 833 5167 sunt
862 5109 1256 5184 generationis
1290 5110 1584 5168 humana.
1646 5114 1806 5170 Unde
1859 5133 1998 5188 pra-

417 5251 526 5324 (62)
558 5253 713 5334 Edit.
746 5257 880 5334 vet.,
917 5254 1089 5334 Usque
1189 5267 1362 5334 quem
1381 5252 1546 5322 ﬁnem
1565 5257 1590 5307 .9
1615 5256 1998 5334 Panilentia?

346 5325 412 5398 Ψ
437 5325 680 5398 amplius
709 5333 762 5380 et
790 5325 1016 5396 mystice
1045 5323 1324 5398 iptelligaa
1367 5340 1537 5398 usque
1565 5327 1636 5381 ad
1697 5328 1992 5398 Christum,

346 5394 542 5472 Rom.,
578 5397 752 5472 Usque
778 5394 1024 5472 ίηὶῃςᾳγη
1052 5394 1217 5472 ﬁnem
1245 5395 1361 5472 ?__In
1391 5394 1553 5472 ﬁdem
1573 5399 1793 5472 scilicet
1816 5394 1996 5472 paeni;

344 5465 667 5543 tgntia,_vel
695 5470 754 5543 ut
782 5465 1023 5536 amplius
1050 5470 1104 5543 et
1120 5467 1367 5543 Amyslice
1400 5469 1678 5543 imelliggs
1737 5465 1907 5543 usque
1936 5476 1995 5528 in

341 5535 652 5615 ﬂgiemJoc
679 5535 980 5615 est,qu
1109 5535 1404 5615 Christum.
1440 5535 1598 5595 Mssf
1615 5540 1755 5614 Reg.
1813 5535 1994 5615 atque

345 5607 715 5680 aliiquatuor
744 5611 816 5680 ut
837 5624 1017 5680 supra
1047 5607 1106 5663 in
1138 5611 1315 5664 textu.

415 5623 446 5663 ιι
465 5623 715 5733 quatuor
744 5623 809 5664 ut
837 5624 1017 5680 supra
1047 5625 1106 5663 in
1138 5623 1315 5664 texzu.

415 5679 470 5752 (6
505 5681 525 5749 )
558 5679 723 5736 Rom.
758 5679 893 5738 edit.
929 5679 1072 5750 sola,
1106 5681 1391 5754 uulnerari
1420 5681 1531 5737 Sed
1591 5683 1684 5740 hic
1746 5687 1992 5760 lapidari

2106 4671 2209 4725 bes
2243 4685 2255 4724 :
2292 4691 2318 4717 ‹‹
2352 4667 2475 4721 Νοιι
2508 4665 2746 4737 cognovi
2777 4665 3018 4720 verbum
3049 4681 3304 4737 nequam
3335 4666 3503 4736 (Psal.
3537 4682 3588 4731 c,
3621 4667 3752 4734 3);»

2105 4763 2163 4814 et
2195 4775 2207 4811 ε
2243 4780 2269 4806 ‹‹
2307 4754 2672 4810 Declinantes
2705 4771 2737 4809 a
2767 4771 2860 4810 me
2917 4753 3208 4826 malignos
3264 4770 3379 4809 non
3440 4768 3751 4824 cognosce-

2108 4848 2243 4903 bam
2277 4844 2434 4915 (lbid.
2467 4844 2542 4916 4).
2580 4867 2606 4893 »
2637 4843 2898 4916 Denique
2926 4860 3060 4899 cum
3091 4841 3290 4897 omnia
3319 4838 3541 4896 noverit
3587 4839 3751 4896 Chri-

2109 4939 2257 5006 stus,
2285 4937 2586 5006 peccatum
2621 4949 2737 4988 non
2769 4931 3035 5004 cognovit
3064 4951 3078 5001 ;
3112 4927 3410 5002 cognoscit
3437 4926 3591 4982 enim
3623 4944 3749 5000 qua

2109 5041 2217 5080 sua
2241 5026 2398 5091 sunt,
2426 5022 2482 5077 id
2515 5026 2623 5088 est,
2659 5038 2788 5093 qua
2818 5020 3104 5075 virtutum
3135 5021 3295 5083 sunt,
3329 5031 3444 5071 non
3476 5031 3602 5088 qua
3647 5017 3748 5073 ﬂa-

2109 5111 2678 5186 gitiorum.1deoque
2695 5109 3001 5181 Scriptura
3033 5104 3139 5161 tibi
3177 5104 3355 5163 dicit:
3417 5125 3447 5156 «
3475 5104 3755 5178 Cognovit

2104 5255 2333 5310 videtur
2363 5268 2604 5324 prorsus
2633 5251 2788 5306 idem
2819 5247 3170 5320 significare,
3194 5263 3261 5302 ac
3317 5246 3529 5319 lapideo
3571 5247 3754 5320 sepul-

2103 5343 2193 5382 cro
2221 5324 2452 5381 includi.

2178 5397 2287 5478 (64)
2329 5394 2601 5478 Gamalam
2651 5391 2826 5478 ﬁdit:
2860 5390 3272 5478 Paria-“was
3307 5388 3654 5478 ,.aS_S,-...F’at-
3697 5395 3756 5447 ει

2105 5459 2363 5540 quinque
2395 5462 2874 5540 Gallic.,dia_bq_lus
2889 5463 3116 5540 afflictis
3137 5460 3422 5532 aliquibus
3445 5459 3750 5540 illudens...

2102 5530 2246 5596 uires
2268 5530 2488 5603 eorum,
2519 5539 2632 5589 etc.
2673 5532 2882 5589 Melius
2938 5530 3063 5589 alia
3095 5530 3248 5589 cum'
3286 5547 3430 5589 mss.
3485 5530 3636 5588 Vict.
3695 5536 3753 5588 et

2104 5611 2264 5668 Colb.
2299 5611 2364 5663 ut
2394 5607 2450 5662 in
2470 5609 2650 5660 textu.
