4146 6190
369 324 524 390 1075

1825 326 1892 391 S.
1935 323 2313 394 AMBROSII

3621 327 3777 395 ιοτθ

365 453 651 519 Dominus
680 460 780 535 qui
811 466 950 520 sunt
977 461 1167 538 ipsius
1197 465 1268 538 (11
1298 467 1431 522 Tim.
1467 482 1526 531 ll,
1562 465 1668 538 19).
1709 489 1733 513 η
1779 464 2003 538 Iniquis
2034 464 2086 530 Α
2118 482 2294 538 quam
2329 466 2400 522 ad
2432 471 2666 541 tempus
2696 467 2920 542 accépit
2946 466 3289 525 incurvabat
3317 481 3378 524 se
3408 465 3468 522 in
3509 467 3778 524 oratione

365 541 557 605 autem
591 551 735 608 dicit
769 570 780 608 :
816 575 844 604 «
878 553 1170 612 Discedite
1201 573 1234 611 a
1265 573 1378 622 me,
1411 555 1551 627 quia
1581 573 1694 611 non
1728 555 1859 612 novi
1907 571 2008 612 vos

364 639 512 710 (Luc.
544 657 668 708 xm,
697 644 788 697 27.
823 665 851 691 ››
885 644 953 698 Et
984 660 1086 716 per
1115 645 1430 700 Jeremiam
1486 645 1713 702 locutus
1771 649 1859 701 est
1917 644 2010 699 di-

361 742 502 782 cens
535 744 548 782 :
582 751 611 778 ‹‹
639 728 799 787 Sicut
829 746 1016 804 agnus
1049 733 1252 789 doctus
1285 751 1417 789 sum
1446 735 1516 788 ad
1555 732 2008 800 immolandum,

363 822 419 871 et
468 817 686 874 nescivi
717 821 930 892 (Jerem.
965 839 1045 889 xx,
1107 824 1216 891 19).
1275 847 1296 876 ι
1357 824 1659 887 Quomodo
1718 823 2014 879 nesciebat

366 906 520 978 quod
546 907 807 964 futurum
829 914 963 966 ante
984 912 1371 983 praedixerat?
1400 913 1511 967 Sed
1545 911 1779 978 nescivi,
1801 911 2010 984 inquit,

366 995 745 1068 cogitationes
776 1015 1000 1067 eorum,
1060 999 1346 1056 malitiam
1407 1018 1632 1057 eorum.
1665 1000 1806 1056 Nolo
1865 1000 2012 1056 scire

367 1101 494 1158 qua:
526 1087 831 1159 sanguinis
891 1093 1046 1145 sunt.
1098 1090 1358 1162 Denique
1415 1114 1442 1139 ‹‹
1478 1107 1590 1146 non
1650 1091 2048 1162 congregabo-

365 1175 766 1232 conventicula
793 1193 996 1234 eorum
1023 1180 1094 1236 de
1125 1179 1514 1253 sanguinibus
1543 1181 1711 1250 (Psal.
1747 1196 1836 1244 xv,
1871 1180 1943 1247 4).
1979 1201 2006 1227 ››

367 1269 426 1321 et
454 1280 468 1320 :
502 1288 530 1314 «
560 1265 730 1322 Deleo
764 1266 1104 1340 iniquitates
1133 1285 1357 1336 eorum,
1387 1273 1442 1324 et
1475 1285 1701 1324 memor
1731 1285 1845 1323 non
1880 1284 2011 1323 sum

365 1353 498 1425 (Isa.
531 1372 686 1423 XLIII,
711 1357 824 1428 25).
857 1379 885 1407 »
921 1357 1064 1413 Nolo
1094 1357 1241 1414 scire
1273 1375 1398 1430 quae
1423 1357 1780 1414 remissurus
1809 1355 2013 1412 adveni

365 1443 490 1500 Non
522 1445 764 1518 cognovi
794 1445 954 1519 ligna
983 1465 1110 1520 quae
1140 1449 1402 1514 ardeant,
1438 1463 1541 1502 nec
1572 1464 1700 1518 quae
1730 1446 1787 1500 in
1811 1461 2012 1501 acervo

365 1533 658 1608 lignorum
689 1540 829 1591 sunt
859 1537 1068 1608 posita,
1102 1536 1190 1592 vel
1221 1536 1521 1609 stipulam,
1557 1534 1642 1591 vel
1693 1535 1914 1602 fenum,
1950 1537 2015 1588 ut

365 1623 538 1680 citius
568 1639 635 1681 ea
660 1625 1038 1680 nutrimentis
1071 1625 1194 1681 suis
1225 1626 1464 1680 flamma
1505 1629 1835 1680 consumat.
1909 1622 2014 1679 Illa

364 1713 494 1770 volo
523 1715 673 1770 scire
699 1730 825 1786 quae
854 1718 1150 1781 maneant,
1184 1719 1249 1768 ut
1280 1714 1534 1769 fructum
1566 1731 1684 1770 suae
1727 1713 2012 1769 mercedis

2124 555 2320 622 David,
2351 557 2630 614 cervicem
2663 559 2818 614 sicut
2845 557 3127 615 circulum
3171 557 3430 624 flectens,
3464 559 3523 612 et
3575 556 3782 612 humi-

2120 643 2303 701 liabat
2331 647 2388 701 in
2422 649 2692 719 precibus
2725 667 2738 715 ;
2774 647 2957 704 oratio
2985 648 3143 702 enim
3178 662 3240 702 se
3273 645 3644 702 humiliantis
3674 663 3781 701 nu-

2120 733 2224 790 bes
2256 740 2537 806 penetrat,
2570 742 2627 792 et
2654 737 3074 793 elementorum
3108 736 3230 792 alta
3287 735 3680 803 transcendit,
3716 741 3784 790 ut

2120 821 2349 878 Christo
2380 825 2832 898 appropinquat.

2190 912 2278 967 36.
2313 913 2379 968 Et
2410 913 2673 986 rugiebat
2705 932 2738 970 a
2767 914 2986 987 gemitu
3018 915 3211 970 cordis
3261 914 3369 970 sui.
3407 913 3613 986 Rugit,
3683 913 3788 986 qui

2119 1001 2402 1073 gemitum
2436 1002 2650 1068 solum,
2684 1021 2797 1059 non
2828 1004 2999 1060 verba
3029 1003 3321 1076 exprimit.
3355 1003 3487 1058 Haec
3512 1007 3606 1058 est
3639 1019 3780 1074 ergo

2119 1090 2221 1146 illa
2250 1091 2524 1162 praeclara
2575 1092 2777 1159 oratio,
2812 1092 3045 1164 quando
3079 1115 3108 1142 ‹‹
3142 1090 3471 1164 interpellat
3516 1108 3625 1163 pro
3687 1109 3788 1146 no-

2120 1178 2212 1234 bis
2237 1179 2492 1252 Spiritus
2520 1180 2838 1254 gemitibus
2868 1179 3357 1236 inenarrabilibus
3414 1179 3592 1250 (Rom.
3652 1197 3775 1246 vm,

2119 1269 2234 1339 26),
2265 1273 2330 1324 ut
2359 1269 2474 1325 Vas
2513 1268 2813 1325 electionis
2873 1269 3145 1326 asseruit.
3205 1269 3310 1324 Hic
3367 1273 3454 1324 est
3517 1269 3778 1340 gemitus

2121 1372 2295 1428 quem
2328 1374 2442 1412 non
2474 1357 2723 1431 despicit
2755 1363 2922 1427 Deus,
2955 1359 3056 1430 qui
3092 1375 3204 1414 non
3236 1357 3485 1430 despicit
3539 1372 3786 1412 servum

2113 1445 2410 1516 juniorem
2444 1447 2713 1502 orbatum
2750 1453 2930 1520 patre,
2967 1464 3072 1504 nec
3109 1447 3366 1515 viduam,
3400 1445 3449 1501 si
3511 1435 3786 1502 effundat

2120 1533 2412 1608 loquelam
2447 1536 2582 1608 (68).

2191 1625 2280 1679 37.
2314 1624 2608 1681 Gemitum
2642 1642 2778 1698 ergo
2809 1629 2942 1682 ante
2972 1625 3171 1682 omnia
3219 1625 3455 1697 signum
3516 1624 3782 1697 Spiritus

2121 1713 2306 1768 sancti
2336 1713 2650 1786 Apostolus
2675 1715 2860 1786 ponit,
2893 1717 2958 1770 ut
2989 1713 3262 1786 legimus.
3302 1712 3562 1785 Denique
3595 1717 3789 1768 custo-

368 1801 658 1874 accipiant
690 1819 702 1857 :
738 1801 840 1858 illa
869 1803 994 1858 volo
1016 1803 1163 1858 scire
1193 1820 1320 1875 qua:
1354 1819 1531 1874 supra
1563 1803 2010 1857 fundamentum
2041 1833 2090 1898 B
2121 1802 2355 1858 diamus
2387 1803 2596 1858 animae
2627 1807 2840 1859 nostrae
2863 1804 3084 1874 januas
3119 1820 3132 1868 ;
3192 1818 3262 1857 ne
3295 1800 3656 1874 multiloquii
3694 1817 3783 1857 se-

367 1890 650 1946 adiflcata
680 1896 836 1958 sunt,
872 1897 937 1946 ut
968 1890 1349 1948 meliorentur
1381 1917 1395 1958 ;
1455 1909 1568 1948 non
1629 1909 1753 1962 quas
1807 1891 1865 1945 in
1898 1889 2009 1958 via,

368 1980 467 2036 ubi
498 1996 567 2035 ea
594 1979 874 2052 diripiant
904 1985 1277 2037 transeuntes
1313 1999 1325 2036 :
1369 1980 1471 2036 illa
1499 1980 1624 2036 volo
1687 1979 1834 2035 scire
1887 1995 2013 2051 quae

363 2068 497 2124 vitis
530 2073 689 2135 sunt,
709 2068 807 2124 illa
835 2074 996 2125 certa
1024 2069 1183 2143 ligna
1214 2087 1341 2142 quae
1373 2069 1563 2125 ferant
1590 2069 1870 2137 fructum,
1897 2086 2011 2124 non

367 2173 436 2213 ea
465 2174 592 2230 quae
625 2157 684 2213 in
716 2157 902 2214 fasces
933 2158 1173 2214 collecta
1202 2160 1272 2214 ad
1306 2159 1639 2214 incendium
1674 2175 2008 2230 praeparan-

363 2248 464 2300 tur
495 2263 509 2313 ;
545 2245 603 2300 id
635 2250 742 2312 est,
775 2263 890 2301 non
920 2263 1055 2302 sum
1078 2246 1193 2302 illis
1220 2247 1435 2302 arbiter
1463 2251 1520 2302 et
1548 2246 1742 2302 socius
1774 2264 1898 2318 quae
1920 2263 2014 2301 ca-

368 2334 519 2390 duca
548 2338 706 2390 sunt.
739 2335 861 2390 Non
893 2352 1030 2408 ergo
1059 2336 1309 2392 societas
1339 2336 1589 2407 alicujus
1623 2336 1724 2404 rei,
1759 2337 1859 2392 scd
1919 2352 2015 2391 so-

369 2423 550 2480 cietas
581 2423 896 2480 criminose
930 2424 989 2479 in
1021 2425 1192 2496 culpa
1221 2431 1330 2481 est.

439 2513 530 2568 35.
553 2511 677 2576 Qua
698 2513 920 2570 ratione
951 2519 1145 2569 autem
1176 2531 1291 2571 non
1323 2515 1590 2588 cognovit
1621 2515 1677 2569 in
1701 2514 2017 2569 infructuo-

370 2601 454 2658 sis
484 2605 542 2658 et
571 2599 876 2674 fragilibus
907 2603 1224 2674 gloriantes
1253 2603 1280 2658 ?
1311 2604 1457 2668 Quia
1509 2603 1680 2659 malis
1738 2603 2016 2674 cperibus

369 2694 427 2746 et
454 2688 784 2762 iniquitatis
816 2707 935 2746 sua:
967 2691 1273 2748 securibus
1302 2697 1568 2748 evertunt
1597 2692 1803 2746 animas
1828 2691 2016 2747 fidelis

370 2777 696 2851 ingressus,
727 2783 785 2834 et
812 2779 1148 2836 crudelibus
1179 2779 1347 2836 factis
1379 2781 1658 2836 scindunt
1688 2781 1792 2852 piae
1851 2796 2013 2835 men-

367 2865 446 2922 tis
465 2865 754 2921 vestibula
787 2885 800 2922 :
835 2884 905 2923 ne
927 2884 1030 2940 per
1047 2884 1115 2924 ea
1135 2869 1323 2940 possit
1341 2869 1614 2924 Christus
1639 2869 1875 2925 intrare.
1907 2869 2013 2924 De-

368 2954 472 3010 bet
504 2957 699 3010 autem
725 2957 1136 3029 unusquisque
1166 2961 1363 3028 portas
1395 2974 1532 3029 suas
1564 2961 1621 3012 et
1669 2958 1886 3028 januas
1913 2975 2014 3013 cu-

371 3043 587 3099 stodire
620 3061 633 3099 :
667 3048 734 3100 ut
764 3061 899 3100 cum
929 3045 1151 3101 venerit
1177 3045 1443 3102 Christus
1473 3051 1530 3101 et
1560 3045 1896 3118 pulsaverit,
1928 3046 2014 3101 di-

371 3136 506 3188 cant
535 3132 814 3190 ministraa
847 3139 1162 3206 potestates
1193 3150 1322 3206 quae
1371 3139 1629 3206 praeeunt
1653 3139 1709 3190 et
1765 3151 2013 3206 praecur-

2124 1889 2364 1947 curibus
2392 1891 2696 1947 scindatur
2739 1897 2948 1947 nostrae
3000 1889 3388 1946 confessionis
3446 1890 3782 1962 ingressus.

2125 1977 2279 2034 Nihil
2311 1979 2572 2036 insolens
2603 1985 2661 2036 et
2689 1981 3012 2051 superbum
3061 1983 3257 2034 nostro
3287 1995 3356 2034 ex
3410 1994 3511 2034 ore
3574 1995 3782 2050 proce-

2125 2069 2264 2136 dat;
2299 2085 2370 2123 ne
2401 2067 2655 2124 securim
2688 2067 2946 2124 levemus
2979 2075 3074 2123 aut
3136 2065 3436 2136 malleum,
3471 2083 3599 2138 quae
3658 2084 3774 2123 non

2127 2157 2346 2212 intrant
2377 2158 2434 2212 in
2467 2157 2784 2214 Ecclesiam
2815 2157 3068 2212 Domini.
3103 2155 3322 2213 Claude
3346 2157 3616 2226 januam,
3633 2172 3769 2211 cum

2125 2263 2278 2311 oras,
2313 2261 2384 2301 ne
2416 2263 2478 2301 se
2509 2246 2736 2318 ingerat
2765 2245 3008 2318 spiritus
3041 2261 3293 2317 nequam
3321 2269 3335 2312 ;
3371 2248 3435 2299 ut
3466 2248 3523 2299 et
3551 2243 3626 2299 ibi
3647 2260 3780 2316 pec.-

2125 2339 2320 2390 catum
2353 2338 2708 2406 eXtorqueat,
2743 2335 2841 2390 ubi
2869 2333 3097 2390 lucrum
3123 2332 3392 2389 volumus
3424 2333 3660 2405 pietatis
3684 2349 3780 2388 ac-

2126 2423 2378 2495 quirere.
2413 2423 2520 2488 Qui
2553 2423 2638 2478 sic
2664 2429 2812 2492 orat,
2846 2439 2958 2478 non
2990 2426 3078 2478 est
3134 2439 3168 2477 a
3223 2422 3474 2478 Domino
3524 2421 3786 2494 gemitus

2125 2513 2255 2584 ejus
2283 2513 2678 2568 absconditus.
2715 2512 2975 2584 Denique
3005 2511 3090 2567 sic
3121 2510 3307 2567 sancti
3340 2510 3492 2566 Petri
3524 2512 3786 2583 gemitus

2126 2606 2183 2657 et
2213 2601 2484 2674 cognitus
2512 2607 2569 2657 et
2599 2601 2906 2657 exauditus
2937 2605 3046 2666 est,
3080 2599 3314 2672 quando
3342 2599 3501 2655 ﬂevit
3531 2599 3784 2655 amaris-

2125 2689 2292 2746 sime.
2324 2690 2533 2762 Utique
2595 2708 2710 2746 non
2767 2690 3036 2762 lac-rymaa
3093 2705 3326 2756 amarae,
3380 2689 3485 2744 sed
3543 2704 3787 2744 amarus

2126 2780 2226 2851 qui
2259 2795 2358 2835 eas
2388 2779 2670 2835 fundebat
2707 2779 2970 2834 allectus.
3003 2779 3063 2833 In
3122 2777 3246 2849 ipso
3301 2777 3525 2848 perfido
3583 2776 3786 2832 Achab

2124 2867 2378 2941 gemitus
2402 2867 2720 2924 invenisset
2749 2867 2999 2940 gratiam
3036 2885 3048 2935 ;
3103 2865 3217 2922 nisi
3251 2881 3500 2920 manens
3558 2865 3784 2920 invidia

2125 2956 2487 3013 cumulasset
2515 2957 2817 3012 offensam.
2850 2956 2978 3011 Non
3009 2955 3168 3011 enim
3201 2953 3642 3026 perfunctorius
3673 2971 3781 3027 ge-

2125 3045 2305 3102 mitus
2337 3045 2684 3118 praedicatur
2721 3062 2734 3112 ;
2768 3044 2869 3099 sed
2919 3043 3019 3115 qui
3051 3042 3227 3098 habet
3282 3042 3728 3098 conversionem
3767 3063 3781 3109 ;

2129 3134 2424 3206 Scriptum
2445 3137 2533 3189 est
2561 3133 2718 3188 enim
2752 3150 2764 3188 :
2799 3131 2856 3188 Si
2890 3147 3210 3187 conversus
3243 3131 3630 3203 ingemueris,
3666 3131 3787 3186 sal-

371 3223 510 3276 runt
540 3237 554 3276 :
589 3243 617 3271 «
648 3197 866 3278 Tollite.
884 3227 1102 3294 portas,
1150 3197 1460 3294 principes,
1519 3227 1740 3279 vestras
1765 3197 1930 3295 -(65),
1958 3229 2016 3279 et
2047 3197 2090 3265 Ο
2130 3239 2237 3278 vus
2257 3197 2405 3278 eris.

369 3308 696 3377 elevamini,
731 3310 877 3365 881
916 3313 1092 3381 portae
1151 3309 1451 3366 aeternales
1508 3312 1675 3382 (Psal.
1736 3329 1873 3380 xxu,
1933 3313 2010 3384 7).

369 3396 514 3452 Vere
546 3397 858 3468 principes,
892 3396 992 3468 qui
1026 3414 1092 3452 se
1123 3397 1266 3453 bene
1298 3397 1566 3468 rexerint,
1604 3403 1668 3454 ut
1698 3401 1756 3455 in
1784 3400 2014 3456 animas

372 3499 576 3540 eorum
607 3483 837 3540 Christo
867 3484 1170 3557 ingressus
1201 3487 1296 3542 sit.
1339 3487 1540 3543 Simile
1572 3505 1804 3560 quoque
1865 3488 2010 3544 illud

371 3577 462 3628 est
490 3572 858 3630 Salomonis:
895 3597 921 3624 ‹‹
955 3574 1014 3631 Si
1046 3575 1292 3646 spiritus
1339 3575 1610 3632 habentis
1663 3583 2012 3649 potestatem

372 3662 701 3718 ascenderit
730 3664 1037 3719 adversum
1087 3667 1162 3731 te,
1193 3663 1387 3720 locum
1445 3671 1611 3720 tuum
1673 3683 1786 3722 non
1847 3665 2016 3721 relin-

371 3766 518 3821 quas
544 3769 556 3818 ;
579 3751 718 3824 quia
737 3767 877 3808 cura
898 3753 1192 3825 mitigabit
1212 3753 1423 3809 delicta
1446 3771 1660 3828 magna
1707 3756 1901 3826 (Eccle.
1954 3772 2008 3822 x,

371 3839 444 3910 4).
467 3860 495 3888 ››
519 3837 828 3912 Diligentia
850 3840 962 3910 (66)
983 3841 1140 3895 enim
1162 3846 1218 3897 et
1250 3841 1393 3898 fides
1433 3843 1796 3914 superiorem
1821 3843 2011 3899 locum

368 3930 584 3995 tenent,
609 3928 942 3984 inferiorem
967 3930 1232 4002 perfidia.
1259 3931 1390 3986 Ideo
1413 3932 1688 3987 ascendat
1709 3933 1780 3987 ad
1813 3936 1868 3987 te
1911 3933 2008 3988 bo-

369 4031 445 4072 na
472 4015 795 4088 diligentia,
833 4035 962 4090 quae
996 4018 1242 4074 insidias
1271 4019 1526 4074 excludit
1548 4020 1766 4075 inimici
1802 4025 1859 4076 et
1908 4038 2008 4076 au-

368 4103 478 4159 fert
507 4109 830 4176 peccatum,
866 4122 936 4160 ne
969 4106 1193 4162 malitia
1223 4111 1567 4178 potestatem
1598 4109 1868 4164 habentis
1917 4127 2011 4164 no-

367 4208 493 4249 cere
524 4193 731 4265 possit.
767 4194 925 4250 Hanc
966 4195 1118 4252 videt
1163 4195 1538 4252 Ecclesiastes
1569 4199 1680 4268 (67)
1711 4197 1767 4251 in
1817 4198 2011 4253 Cauti-

366 4280 450 4336 cis
480 4280 764 4338 malitiam
796 4284 906 4339 sub
938 4282 1076 4350 sole,
1109 4285 1219 4341 hoc
1250 4290 1357 4349 est,
1387 4285 1445 4338 in
1477 4285 1585 4340 hoc
1619 4287 1859 4353 mundo,
1905 4303 2010 4340 un-

367 4369 438 4424 de
469 4373 526 4425 et
555 4369 938 4426 subsolanum
972 4373 1161 4428 locum
1193 4373 1350 4428 hunc
1379 4373 1678 4444 Scriptura
1733 4391 2013 4431 memora-

366 4457 468 4512 vit.
504 4458 626 4513 Sub
657 4459 775 4514 sole
804 4477 940 4532 ergo
970 4461 1133 4528 vidit,
1169 4478 1283 4516 non
1318 4479 1498 4534 supra
1529 4462 1734 4533 solem,
1768 4465 1866 4519 ubi
1901 4481 2012 4536 pax

2192 3312 2281 3366 38.
2315 3309 2755 3367 Constituamus
2812 3295 3180 3364 etiam‘ante
3237 3306 3555 3363 Dominum
3609 3324 3790 3363 omne

2123 3400 2479 3456 desiderium
2512 3403 2779 3455 nostrum
2815 3415 2827 3452 :
2855 3397 3003 3460 Quid
3037 3401 3130 3453 est
3163 3395 3522 3452 desiderium
3552 3396 3578 3450 ἵ
3603 3396 3778 3451 Bona

2123 3489 2282 3544 enim
2313 3489 2393 3544 rei
2426 3487 2536 3560 legi
2567 3486 2923 3543 desiderium
2958 3503 2971 3540 :
3023 3509 3049 3534 ‹‹
3092 3484 3392 3540 Desiderio
3454 3483 3781 3540 desideravi

2124 3578 2233 3633 hoc
2260 3577 2479 3651 pascha
2509 3577 2863 3631 manducare
2883 3574 3184 3630 vobiscum
3216 3575 3366 3644 (Luc.
3400 3590 3543 3640 xm,
3575 3573 3664 3644 15)
3698 3591 3714 3639 ;
3753 3597 3784 3622 ››

2123 3671 2181 3721 et
2212 3683 2224 3722 :
2263 3689 2290 3716 ‹‹
2321 3667 2534 3721 Cervus
2559 3665 2853 3721 desiderat
2904 3663 2975 3718 ad
3007 3663 3197 3718 fontes
3254 3677 3545 3734 aquarum
3605 3662 3785 3733 (Psal.

2123 3771 2234 3822 xu,
2261 3754 2337 3826 2).
2367 3776 2393 3802 ››
2416 3758 2561 3808 Puto
2584 3756 2778 3808 autem
2799 3751 2954 3824 quod
2978 3749 3030 3806 is
3051 3751 3151 3823 qui
3177 3749 3586 3823 paenitentiam
3609 3751 3783 3823 gerit,

2123 3844 2222 3914 qui
2256 3859 2317 3898 se
2346 3841 2576 3914 affligit,
2609 3857 2724 3895 non
2755 3841 2910 3896 bona
2941 3857 3051 3895 sua
3082 3839 3422 3903 debeat,sed
3453 3839 3788 3894 commissa

2121 3931 2234 3987 sibi
2266 3945 2608 3987 enumerare
2657 3932 2912 4000 peccata.
2943 3927 3211 3999 Denique
3270 3926 3578 3983 versiculis
3639 3927 3784 3994 illis,

2122 4025 2188 4074 ut
2212 4019 2482 4086 arbitror,
2506 4017 2614 4072 hoc
2645 4017 2942 4082 docemur,
2975 4015 3194 4088 quibus
3235 4015 3317 4070 ait
3351 4031 3362 4069 :
3399 4037 3428 4064 ‹‹
3463 4014 3643 4081 Deus,
3705 4019 3782 4070 vi.

2120 4113 2240 4164 tam
2273 4123 2464 4162 meam
2496 4105 2777 4160 nuntiabo
2809 4104 2911 4160 tibi
2949 4123 2960 4159 :
2996 4104 3245 4176 posuisti
3277 4103 3574 4175 lacrymas
3622 4121 3794 4160 meas

2119 4197 2178 4252 in
2211 4199 2521 4268 conspectu
2551 4199 2650 4249 tuo
2682 4193 2860 4265 (Psal.
2898 4209 2981 4260 LV,
3013 4194 3089 4259 9).
3122 4193 3246 4248 Non
3279 4192 3437 4247 enim
3471 4194 3646 4264 quasi
3695 4194 3790 4249 in-

2121 4289 2424 4341 nocentem
2457 4283 2632 4337 vitam
2661 4281 3381 4352 annuntiat,ubilacrymte
3427 4279 3788 4343 funduntur,

2123 4391 2248 4447 quas
2280 4372 2433 4428 882
2464 4371 2652 4426 solent
2682 4369 3033 4442 legationem
3084 4369 3382 4440 suscipere
3440 4385 3545 4441 pro
3608 4369 3792 4426 delico

2125 4463 2217 4518 tis.
2251 4461 2373 4516 Nisi
2405 4461 2550 4515 forte
2606 4458 2688 4514 sic
2745 4456 3166 4530 intelligamus,
3230 4457 3386 4529 quod
3438 4457 3551 4512 etsi
3612 4457 3790 4514 inno-

368 4544 710 4620 angelorum
742 4552 848 4612 est,
905 4548 993 4604 vel
1049 4549 1330 4605 sanctitas
1383 4550 1705 4606 caelestium
1765 4556 2012 4622 potesta-
2043 4556 2086 4620 D
2120 4567 2257 4607 cens
2288 4549 2538 4621 quisque
2568 4547 2666 4614 sit,
2694 4563 2936 4602 securus
2966 4562 3094 4602 esse
3125 4561 3238 4601 non
3273 4545 3488 4617 possit,
3533 4547 3629 4601 cui
3664 4548 3788 4601 sint

369 4639 518 4690 tum.
551 4638 667 4690 Aut
697 4635 842 4691 forte
873 4638 983 4692 sub
1015 4637 1130 4693 sole
1163 4637 1491 4708 iniquitatis
1521 4639 1665 4693 dixit
1698 4658 1710 4694 :
1771 4639 2004 4696 malitia:

366 4723 521 4780 enim
553 4723 822 4780 diabolus
851 4725 1143 4798 praesidet,
1177 4724 1494 4780 virtutibus
1552 4727 1841 4782 Christus.
1906 4729 2012 4785 Ita-

365 4828 480 4884 que
519 4816 586 4867 ut
637 4811 890 4869 vinceret
944 4813 1216 4885 spiritum
1274 4817 1617 4885 potestatem
1675 4815 2007 4886 habentem,

435 4937 548 5009 (65)
578 4935 832 4992 Nonnuli
862 4954 1030 5000 mss.,
1065 4939 1461 5009 Tolliteporlas
1497 4938 1764 5009 principis
1804 4943 1965 4995 vestri
1989 4949 2008 4998 !

363 5006 563 5064 verum
599 5013 982 5080 praeterquam
1014 5009 1167 5080 quod
1214 5006 1295 5062 illi
1329 5006 1526 5063 minus
1557 5006 1846 5065 cohierent
1875 5029 2006 5066 cum

364 5025 563 5064 verum
599 5024 982 5132 praeterquam
1014 5024 1167 5080 quoa
1214 5024 1295 5062 un
1329 5025 1526 5063 minus
1557 5024 1846 5065 conzerent
1875 5029 2006 5066 cum

364 5081 492 5160 istis
523 5080 1044 5160 su‘sequentibus,
1081 5096 1200 5160 vero
1237 5081 1719 5160 principcsuetc...
1784 5082 1838 5135 in
1902 5083 2010 5160 hoc

365 5149 653 5220 etiamab
676 5149 953 5206 omnibus
985 5151 1263 5206 recedunt
1310 5149 1695 5216 versionibus,
1731 5169 1878 5220 quas
1938 5155 2011 5208 vi-

366 5220 520 5294 desis
547 5219 836 5294 in_Bibliis
867 5221 1224 5294 polyglottis,
1282 5227 1458 5293 atque
1513 5223 1663 5292 apud
1715 5219 2008 5280 Nobilium

364 5290 423 5344 in
456 5288 728 5346 eumdem
759 5288 1014 5348 versum.

437 5358 550 5430 (66)
581 5358 721 5434 Mss.
755 5361 997 5434 aliquot,
1028 5367 1159 5433 quia
1187 5380 1320 5434 cura
1349 5364 1569 5434 mitigat
1587 5361 1862 5419 delictum.
1896 5366 2010 5419 Ma-

362 5447 478 5501 gna
506 5431 652 5506 enim
691 5431 1002 5506 diligentia.
1036 5431 1143 5489 etc.
1210 5433 1418 5488 Melius
1463 5433 1577 5506 alii
1634 5440 1808 5506 atque
1867 5437 2004 5491 edit.

363 5499 719 5626 ὸυᾶιὶαέθεθιδθ
765 5499 842 5558 sit
871 5504 928 5558 in
988 5521 1152 5560 sacro
1219 5509 1398 5571 textu,
1458 5504 1676 5566 ὅτιταμα
1708 5499 2008 5555 intumo“:

365 5587 430 5626 μγ
562 5605 573 5616 ο

435 5643 546 5714 (67)
575 5641 679 5702 Hic
709 5643 915 5700 eodem
947 5645 1118 5699 modo
1149 5645 1288 5702 liber
1315 5646 1703 5704 Ecclesiasticis
1752 5663 1854 5723 per
1909 5667 2006 5707 vo-

2121 4641 2399 4696 adversus
2429 4634 2812 4708 gravissimos
2842 4633 3042 4690 hostes
3090 4633 3440 4706 quotidiana
3496 4636 3785 4690 certami-

2123 4747 2196 4784 na
2229 4746 2242 4795 ;
2276 4731 2333 4782 et
2361 4724 2491 4782 ideo
2517 4723 2639 4779 hmo
2682 4722 2818 4779 licet
2846 4721 2977 4778 laeta
3007 4722 3082 4778 sit
3135 4721 3516 4787 conscientia,
3575 4727 3780 4778 tamen

2121 4833 2318 4890 pugna
2347 4811 2765 4886 lacrymabilis.
2796 4813 2971 4867 Juxta
2999 4810 3109 4867 hos
3132 4827 3269 4883 ergo
3291 4809 3613 4868 versiculos
3642 4828 3782 4867 con-

2121 4958 2245 4996 cem
2280 4942 2334 4994 in
2369 4939 2606 4993 Canticis
2639 4935 2982 5008 designatur
3011 4951 3147 5008 quo
3183 4935 3489 5008 Scriptura
3540 4936 3781 4991 univer-

2121 5013 2231 5067 sim
2267 5027 2368 5082 per
2395 5025 2593 5082 vocem
2627 5009 2686 5061 in
2719 5005 2940 5082 hy'mnis
2965 5005 3464 5082 significatur_lib.
3500 5011 3583 5062 De
3628 5009 3782 5078 Fuga

2119 5077 2331 5146 szrruli,
2367 5081 2580 5152 capuli.
2615 5077 2778 5134 num.
2810 5077 3109 5152 20._quém
3141 5077 3401 5134 consule.

2190 5156 2299 5224 (68)
2331 5157 2416 5206 lta
2439 5148 2577 5206 edit.
2613 5155 2722 5224 vet.
2786 5164 2851 5224 ac
2901 5149 3057 5224 ⁸ῐὶοιη
3097 5165 3261 5224 cum.
3314 5165 3460 5224 mss.
3496 5148 3778 5224 __aliquot,

2122 5219 2431 5304 Editfvero
2463 5219 2755 5304 nonnullae
2787 5219 2970 5301 Paris,
3000 5236 3152 5304 cum.
3167 5219 3298 5276 aliis
3327 5219 3568 5304 scriptis
3619 5219 3776 5304 (ἱρὰ,

2117 5299 2166 5351 si
2195 5294 2435 5366 e/fundat
2465 5293 2734 5362 loquelam
2759 5292 2965 5360 gemitu
2996 5290 3258 5362 (quidam
3308 5290 3460 5357 mss,
3484 5292 3541 5345 si
3595 5293 3777 5362 ειγωι-

2118 5368 2251 5422 dant
2280 5365 2551 5432 loquelam
2593 5362 2867 5432 gemitus).
2923 5363 3065 5430 Ergo
3121 5371 3248 5417 ante
3304 5363 3494 5416 omnia
3541 5363 3776 5432 signum

2118 5381 2251 5422 aam
2280 5381 2551 5436 loquelam
2593 5381 2867 5442 gemitus).
2923 5381 3065 5430 ergo
3121 5381 3248 5417 ante
3304 5381 3494 5416 omnia
3541 5381 3774 5444 signum

2117 5438 2257 5513 quod
2285 5437 2546 5513 inimicus
2593 5440 2774 5513 ponit,
2798 5449 2909 5513 nor}
2943 5435 3232 5513 capiamus
3265 5449 3279 5500 ;
3325 5433 3503 5513 ‘qualc
3551 5449 3774 5513 signum

2117 5502 2482 5564 Antichristus
2510 5502 2687 5577 portet.
2740 5503 2851 5558 Sed
2885 5503 2996 5559 ista
3017 5502 3140 5559 non
3172 5507 3292 5558 tam
3325 5502 3477 5559 bene
3507 5519 3582 5558 ex
3610 5502 3773 5560 ante-

2118 5579 2462 5638 cedentibus
2492 5577 2944 5648 consequentur.
