4078 6196
307 357 462 426 10⁵17

1361 363 1815 429 ENABRATIO
1857 364 1938 429 IN
1981 361 2364 430 PSALMUM
2406 362 2701 429 XXXVII.

3555 357 3716 429 ιοτε

303 493 727 570 eupisoentiam
753 507 1069 568 possumus
1101 495 1358 569 accipere
1405 496 1615 571 magis,
1647 515 1822 570 quam
1854 498 1952 554 de-
1983 499 2036 565 Α
2069 503 2408 568 mereretur,
2442 499 2657 572 saepius
2687 496 2931 571 putabat
2986 511 3114 554 esse
3139 493 3520 569 quaerendum
3581 512 3593 554 :
3655 496 3713 555 et

303 583 616 653 siderium;
649 592 898 656 ἐπιθυμίαν
941 584 1096 642 enim
1146 585 1379 643 Griecus
1428 587 1624 660 posuit
1674 605 1687 643 :
1740 604 1952 644 concu-

299 674 585 748 piscentia
655 678 848 730 autem
905 678 962 730 et
1018 675 1370 730 desiderium
1429 685 1652 747 ἐπιθυμία
1717 677 1950 732 dicitur.

298 763 409 820 Sed
442 762 914 835 concupiscentia
945 769 1002 820 et
1033 765 1103 820 de
1133 764 1286 821 bono
1331 770 1386 820 et
1427 766 1498 821 de
1529 766 1682 822 malo
1714 766 1949 822 dicitur.

300 876 325 902 (ι
363 852 726 925 Concupivit,
760 859 817 907 et
865 853 1076 909 defecit
1122 855 1318 909 anima
1367 871 1497 911 mea
1540 855 1598 910 in
1647 856 1796 911 atria
1844 856 1950 911 Do-

299 940 442 997 mini
479 941 649 1011 (Psal.
684 958 918 1010 Lxxxm,
949 943 1028 1014 3),
1065 963 1086 993 ι
1124 960 1227 1015 pro
1259 945 1443 1012 bono;
1479 945 1535 1000 in
1569 946 1717 1018 Lege
1757 948 1949 1000 autem

301 1028 469 1086 aliter
500 1047 512 1085 :
547 1052 575 1078 «
608 1030 752 1084 Nam
785 1031 1317 1103 concupiscentiam
1353 1034 1704 1101 nesciebam,
1729 1033 1842 1089 nisi
1865 1033 1954 1088 lex

299 1117 516 1173 diceret
550 1134 561 1172 :
596 1117 721 1173 Non
753 1119 1132 1191 concupisces
1163 1122 1336 1192 (Rom.
1372 1140 1471 1188 vn,
1502 1124 1580 1192 7),
1617 1123 1818 1193 utique
1850 1139 1952 1194 pro

301 1207 474 1263 malo.
528 1206 792 1278 Denique
849 1209 1114 1279 subjecta
1173 1227 1278 1265 nos
1329 1210 1593 1278 doceant,
1628 1211 1766 1282 quia
1796 1227 1953 1266 occa-

298 1297 458 1352 sione
488 1299 745 1368 accepta,
780 1301 1084 1368 peccatum
1134 1315 1238 1370 per
1286 1300 1631 1355 mandatum
1680 1304 1954 1371 operatur

299 1400 530 1440 omnem
560 1384 1093 1456 concupiscentiam
1145 1387 1203 1440 in
1256 1387 1512 1442 hominis
1552 1388 1778 1442 aﬂ‘ectu.
1814 1388 1950 1442 Pos-

297 1489 506 1528 sumus
535 1477 730 1528 tamen
763 1473 848 1528 sic
877 1473 1156 1545 accipere,
1191 1476 1326 1530 Ante
1358 1479 1407 1530 te
1436 1492 1594 1530 omne
1619 1475 1951 1530 desiderium

289 1577 450 1634 pono,
476 1561 586 1616 hoc
639 1564 749 1626 est,
781 1560 888 1616 tibi
919 1562 1253 1628 manifesto,
1287 1579 1414 1635 quae
1454 1563 1767 1636 impetrare
1798 1565 1949 1619 desi-

293 1650 458 1718 dero;
491 1654 557 1704 ut
587 1649 658 1704 ad
691 1649 900 1704 seriem
941 1649 1312 1721 petitionum,
1339 1667 1454 1707 non
1488 1653 1559 1707 ad
1605 1651 1950 1722 jactantiam

293 1737 659 1794 referendum
691 1737 958 1793 videatur
986 1755 1114 1794 esse
1142 1738 1449 1794 virtutum.
1482 1739 1772 1796 Jactantia
1793 1741 1948 1796 enim

291 1826 552 1883 insolens
573 1825 747 1881 etiam
771 1825 831 1881 in
852 1825 1436 1900 integro,deprecatio
1459 1833 1652 1885 autem
1676 1828 1734 1884 in
1749 1846 1948 1901 pecca-
1979 1869 2026 1935 Β

293 1919 410 1935 A-_-
449 1913 761 1935 I_-__!_L1l:__

293 1919 418 1972 tore
449 1913 784 1970 laudabilis.

363 2048 452 2103 39.
485 2046 723 2104 Addidit
751 2047 928 2104 etiam
959 2047 1269 2120 Propheta,
1303 2051 1444 2123 quia
1472 2068 1606 2109 cum
1638 2069 1738 2109 cor
1769 2069 1943 2108 suum

293 2138 707 2194 conturbatum
763 2137 858 2206 sit,
893 2138 1216 2195 deseruerit
1262 2156 1324 2196 se
1367 2141 1644 2198 fortitudo
1673 2159 1800 2199 sua.
1832 2141 1947 2197 Ma-

291 2243 476 2299 gnum
509 2225 832 2298 periculum
867 2226 917 2283 si
965 2243 1064 2283 cor
1110 2229 1451 2301 exagitetur,
1491 2248 1604 2303 quo
1653 2231 1946 2288 credimus

295 2315 366 2368 ad
405 2315 722 2386 justitiam.
774 2316 883 2371 Sed
931 2320 1129 2372 tamen
1173 2322 1238 2373 ut
1284 2318 1345 2375 in
1396 2320 1624 2393 magnis
1672 2321 1948 2394 periculis

293 2403 708 2474 aegritudinum
760 2404 808 2460 si
860 2403 1028 2461 dolor
1063 2407 1333 2476 sentitur,
1364 2414 1420 2464 et
1451 2426 1659 2466 sensus
1691 2411 1821 2481 ejus
1851 2427 1946 2465 ex-

294 2490 589 2564 primitur,
618 2492 943 2548 remedium
966 2493 1174 2550 salutis
1206 2498 1534 2552 ostenditur
1556 2499 1772 2569 (dolere
1791 2499 1946 2553 enim

293 2577 656 2637 tolerabilius
687 2586 795 2647 est,
829 2598 1006 2654 quam
1055 2599 1170 2638 non
1219 2584 1444 2654 dolere;
1479 2587 1636 2643 aliud
1669 2587 1826 2643 enim
1866 2587 1948 2642 vi?

295 2667 643 2724 viﬁcationis
701 2669 894 2725 adhuc
960 2673 1253 2727 manentis
1309 2673 1557 2746 insigne,
1619 2676 1668 2731 si
1727 2675 1945 2742 doleas,

301 2755 459 2811 aliud
491 2773 780 2829 supremae
813 2759 1020 2814 mortis
1052 2760 1357 2830 indicium,
1409 2764 1456 2820 si
1504 2763 1701 2822 nullus
1741 2782 1950 2822 sensus

302 2843 522 2901 doloris
551 2846 669 2917 sit),
722 2846 805 2902 ita
849 2851 907 2901 et
954 2863 1052 2903 cor
1098 2849 1308 2906 salutis
1352 2851 1522 2925 signa
1564 2855 1949 2921 demonstrat,

304 2933 538 3004 quando
570 2950 781 2990 causas
811 2951 933 2990 suae
962 2939 1419 3007 perturbationis
1452 2942 1734 3014 agnoscit.
1783 2943 1948 2998 Deni-

304 3036 416 3093 que
444 3021 741 3077 turbatum
770 3026 858 3078 est
885 3040 984 3079 cor
1015 3025 1190 3081 David
1223 3027 1502 3085 adversus
1533 3030 1712 3086 Nabal
1761 3031 1950 3087 homi-

300 3125 434 3166 nem
465 3109 854 3182 pestilentem,
887 3116 945 3166 et
973 3115 1220 3184 gratiam
1247 3117 1477 3188 reperit,
1517 3119 1657 3174 dum
1703 3121 1954 3176 occurrit

300 3197 549 3304 Abiga‘aa,
584 3198 1556 3304 quaenmitigaret‘commotiouem
1596 3207 1948 3280 indignatio-
1982 3238 2024 3304 C

298 3285 410 3354 nis,
437 3291 494 3342 et
524 3286 1046 3343 sanctiﬁcationem
1079 3289 1503 3348 benedictionis
1541 3295 1844 3367 acciperet.
1877 3298 1951 3352 At

300 3391 430 3430 vero
461 3373 645 3430 Nabal
675 3375 821 3430 duro
868 3380 926 3430 et
973 3376 1184 3449 frigido
1234 3380 1405 3434 corde
1460 3383 1701 3438 verbum
1754 3385 1951 3440 uxoris

299 3463 447 3520 ferre
494 3479 609 3518 non
660 3463 868 3535 potuit,
903 3467 958 3520 et
1011 3465 1449 3537 obstupefactus
1496 3469 1770 3542 obriguit,
1809 3476 1864 3526 et
1894 3472 1951 3526 in

300 3555 552 3607 mortem
583 3551 809 3606 incidit.

377 3684 464 3737 48.
500 3683 636 3748 Quae
693 3687 888 3739 autem
947 3686 1293 3759 Prophetam
1335 3691 1597 3747 deseruit
1651 3692 1958 3750 fortitudo?

303 3771 510 3827 Utrum
541 3771 736 3828 carnis
769 3789 844 3828 an
877 3775 1136 3830 mentis?
1165 3777 1223 3832 Si
1255 3779 1473 3847 carnis,
1505 3796 1620 3836 non
1643 3781 1842 3853 utique
1868 3783 1960 3838 de-

303 3859 593 3930 speranda
617 3860 858 3918 sanitas.
884 3863 1029 3918 Nam
1062 3887 1089 3913 ‹‹
1127 3864 1310 3922 virtus
1340 3867 1398 3922 in
1431 3868 1771 3925 inﬁrmitate
1798 3871 1963 3942 perﬁ-

308 3947 463 4003 citur
504 3947 578 4020 (II
619 3948 738 4004 Cor.
792 3967 896 4019 xu,
947 3951 1026 4022 9).
1064 3975 1091 4001 »
1144 3957 1220 4009 De
1269 3972 1386 4027 quo
1428 3974 1543 4012 non
1595 3959 1966 4014 mediocriter

307 4035 629 4108 disputavit
657 4037 877 4094 arbiter
905 4043 962 4094 et
993 4041 1512 4118 preliator(69)qui
1540 4045 1708 4102 lucta)
1754 4049 1966 4104 mentis

307 4130 366 4180 et
396 4125 656 4198 corporis
686 4125 1271 4202 sciens,temperabat
1303 4133 1609 4206 utriusque
1638 4141 1964 4205 certamen;

307 4217 376 4268 ut
403 4213 783 4286 restringeret
836 4233 1093 4286 carnem,
1139 4219 1186 4274 si
1240 4227 1500 4278 cerneret
1548 4224 1864 4296 fortiorem,
1899 4243 1969 4282 ne

308 4301 590 4375 inJegem
622 4304 842 4376 peccati
873 4306 1162 4377 captivam
1194 4310 1435 4366 duceret
1475 4318 1751 4369 mentem.
1789 4314 1969 4371 Revo-

309 4390 479 4446 cabat
512 4407 524 4446 :
559 4390 644 4446 sic
676 4392 748 4446 ad
780 4409 1057 4448 coronam
1091 4398 1307 4452 meruit
1338 4402 1660 4470 pervenire.
1686 4402 1832 4475 Ergo
1863 4403 1972 4460 hoc

310 4478 455 4534 dicit
484 4479 771 4550 Propheta
806 4498 817 4535 :
850 4481 905 4536 Si
943 4484 1139 4540 carnis
1169 4484 1450 4543 fortitudo
1493 4489 1770 4558 deseruit,
1804 4508 1971 4548 men-

2064 588 2251 645 sicubi
2305 589 2644 654 ﬂuetuabat,
2677 587 2921 661 putabat
2969 604 3030 643 se
3077 603 3205 643 esse
3263 586 3582 643 desertum.
3621 587 3713 645 Sic
3763 639 3767 643 .

2062 677 2323 750 Apostoli
2355 679 2506 736 883
2530 678 2783 733 excitant
2805 677 3190 732 dormientem
3213 693 3227 743 ;
3252 692 3325 731 ne
3354 675 3716 732 obdormiret

2063 766 2196 834 sibi,
2231 784 2346 824 non
2381 768 2520 839 quia
2550 783 2686 822 eum
2713 765 3079 822 obdormisse
3110 765 3445 821 credebant.
3479 765 3573 820 Sic
3605 764 3715 820 Eli-

2063 874 2214 912 secus
2248 858 2335 926 (ut
2367 857 2736 927 superiorum
2771 860 3009 911 utamur
3038 854 3363 927 exemplis).
3390 877 3417 904 ‹‹
3456 853 3564 909 Ubi
3601 858 3711 921 est,

2062 945 2275 1017 inquit,
2328 946 2480 1000 Deus
2529 945 2664 1000 Elia:
2694 947 2786 1013 (IV
2832 947 2958 1013 Reg.
3010 963 3072 1010 ιι,
3122 943 3251 1014 ili)?
3302 965 3330 992 ››
3383 942 3508 998 Νοιι
3555 944 3709 1016 quod

2062 1039 2293 1106 putaret
2323 1035 2646 1096 absentem,
2681 1034 2778 1089 sed
2840 1033 2978 1105 quia
3034 1031 3405 1106 praesentiam
3463 1032 3592 1102 ejus
3650 1032 3709 1088 in

2063 1123 2362 1178 beneﬁciis
2392 1123 2745 1194 requirebat.
2781 1123 2873 1178 Sic
2921 1123 3207 1178 Jeremias
3257 1137 3392 1177 eum
3423 1121 3708 1192 sequeba-

2062 1215 2159 1267 tur
2188 1216 2252 1267 ut
2282 1212 2595 1277 medicum,
2647 1213 2846 1268 dicens
2877 1229 2889 1267 :
2925 1235 2952 1262 ‹‹
2986 1212 3143 1268 Sana
3191 1227 3305 1276 me,
3356 1209 3622 1278 Domine,
3652 1214 3711 1266 et

2061 1301 2334 1366 sanabor,
2367 1301 2593 1357 salvum
2628 1318 2719 1357 me
2751 1303 2836 1356 fac
2868 1307 2925 1356 et
2956 1301 3245 1357 salvabor.
3278 1300 3401 1355 Non
3448 1299 3708 1355 laboravi

2063 1396 2193 1462 post
2215 1396 2269 1444 te
2301 1393 2524 1461 (Jerem.
2557 1408 2699 1458 xvn,
2733 1390 2818 1457 14,
2857 1393 2963 1461 16).
3001 1412 3028 1440 ‹‹
3073 1389 3168 1445 Sic
3211 1388 3468 1445 Ecclesia
3509 1388 3706 1460 requi-

2061 1480 2223 1535 rebat
2251 1495 2382 1534 eum
2417 1479 2473 1534 in
2499 1479 2752 1534 Canticis
2790 1479 3256 1550 Canticorum,et
3285 1479 3528 1552 rogabat
3555 1477 3708 1534 ﬁlias

2060 1567 2407 1634 Jerusalem,
2463 1572 2526 1622 ut
2576 1568 2926 1624 suscitarent
2967 1568 3337 1624 dilectionem
3387 1567 3566 1639 (Cant.
3618 1584 3705 1634 ιιι,

2058 1656 2134 1727 5).
2169 1657 2470 1722 Quaerebat
2526 1661 2591 1710 ut
2647 1656 2952 1724 inveniret,
3003 1673 3177 1728 quem
3237 1673 3345 1712 sua
3401 1654 3706 1712 dilectione

2060 1745 2367 1812 retinebat,
2429 1763 2533 1800 nec
2579 1761 2840 1817 unquam
2891 1745 3178 1800 sentiebat
3234 1746 3558 1800 absentem.
3611 1745 3705 1801 Sic

2059 1850 2196 1906 ergo
2225 1838 2281 1890 et
2309 1833 2485 1889 David
2537 1851 2652 1888 non
2703 1834 3058 1906 querebatur
3108 1851 3142 1888 a
3187 1833 3416 1888 Christo
3468 1849 3529 1888 se
3577 1849 3706 1889 esse

2057 1923 2392 1992 desertum;
2425 1924 2525 1979 sed
2551 1923 2857 1996 judicabat
2886 1921 2986 1978 illo
3018 1926 3390 1995 prasente,”
3420 1938 3537 1977 non
3571 1938 3706 1994 pos-

2055 2029 2116 2068 se
2145 2013 2391 2068 turbari.

2127 2103 2212 2157 41.
2247 2101 2506 2172 Denique
2534 2105 2597 2156 ut
2623 2100 2773 2157 scias
2800 2101 2872 2156 de
2890 2100 3120 2157 Christo
3152 2100 3341 2173 magis
3373 2100 3701 2173 intelligen-

2055 2192 2217 2260 dum,
2252 2191 2478 2247 addidit
2510 2209 2522 2246 :
2563 2214 2582 2240 ι
2620 2191 2908 2246 Etlumen
2939 2189 3239 2246 oculorum
3273 2205 3538 2246 meorum
3586 2206 3702 2246 non

2055 2285 2145 2339 est
2175 2298 2423 2338 mecum.
2454 2306 2480 2330 ››
2514 2281 2674 2346 Quod
2706 2284 2796 2336 est
2823 2297 3025 2336 verum
3058 2279 3255 2334 lumen
3290 2277 3703 2345 omnium,nisi

2055 2371 2323 2427 Christus
2351 2371 2523 2426 Jesus
2555 2372 2625 2426 de
2655 2387 2770 2442 quo
2799 2369 3054 2427 Joannes
3084 2369 3225 2424 dicit
3255 2385 3305 2423 :«
3339 2369 3472 2424 Erat
3499 2385 3703 2425 verum

2056 2461 2276 2527 lumen,
2311 2461 2464 2532 quod
2498 2459 2794 2515 illuminat
2843 2475 3075 2515 omnem
3127 2458 3427 2514 hominem
3468 2456 3701 2514 venien-

2057 2554 2173 2604 tem
2207 2549 2263 2604 in
2297 2549 2452 2604 hunc
2483 2549 2770 2604 mundum
2806 2549 2984 2619 (Joan.
3020 2567 3061 2614 1,
3090 2549 3146 2619 9)
3182 2565 3194 2602 :
3228 2570 3257 2599 »
3291 2548 3431 2619 quia
3460 2547 3585 2620 ipse
3614 2551 3704 2603 est

2058 2637 2157 2709 qui
2187 2637 2485 2692 illuminat
2503 2641 2560 2693 et
2585 2637 2844 2709 corporis
2863 2637 3150 2704 oculos,et
3171 2636 3384 2692 mentis
3406 2634 3706 2691 obtutum?

2058 2727 2350 2799 Rogemus
2380 2743 2516 2796 ergo
2566 2732 2627 2782 ut
2675 2743 2907 2798 semper
2953 2725 3123 2781 nobis
3163 2741 3338 2780 suum
3385 2723 3584 2779 lumen
3615 2724 3703 2779 in-

2060 2817 2286 2883 fundat,
2333 2820 2390 2870 et
2438 2832 2670 2888 semper
2723 2815 3030 2871 nobiscum
3092 2815 3190 2880 sit,
3223 2815 3376 2870 sicut
3413 2817 3539 2869 erat
3568 2829 3702 2869 cum

2059 2905 2270 2972 David;
2315 2908 2370 2960 et
2417 2903 2547 2959 ideo
2594 2905 2847 2959 audebat
2894 2903 3086 2959 dicere
3120 2920 3132 2957 :
3173 2926 3192 2952 ι
3231 2903 3515 2967 Quoniam
3548 2902 3704 2974 apud

2059 2999 2115 3049 te
2145 2997 2235 3049 est
2266 2993 2394 3048 fons
2426 2993 2654 3056 vitm,et
2683 2993 2740 3047 in
2774 2992 2996 3048 lumine
3025 2997 3125 3048 tuo
3155 2991 3484 3048 videbimus
3507 2990 3706 3049 lumen

2062 3084 2230 3155 (Psal.
2257 3082 2582 3151 xxxv,lO).»
2608 3081 2709 3138 Ille
2741 3085 2894 3138 certe
2925 3082 3092 3153 quasi
3121 3080 3404 3154 propheta
3425 3096 3706 3154 magnum

2059 3172 2283 3227 viderat
2310 3171 2726 3226 lumenznobis
2755 3171 2993 3226 lucerna
3019 3171 3148 3242 ejus
3179 3169 3391 3236 luceat,
3415 3186 3488 3226 ne
3519 3169 3706 3242 possi-

2063 3277 2196 3316 mus
2243 3276 2458 3315 errare.
2495 3261 2562 3315 Et
2609 3259 2846 3315 lucerna
2893 3260 3147 3315 Verbum
3185 3263 3294 3328 est,
3325 3259 3476 3316 sicut
3504 3273 3705 3314 verum

2057 3348 2256 3403 lumen
2279 3353 2368 3402 est
2397 3348 2834 3420 Verbum,quod
2858 3350 3045 3403 totum
3074 3347 3370 3403 illuminat
3390 3346 3702 3402 mundum:

2060 3437 2342 3506 Denique,
2402 3460 2427 3484 ‹‹
2463 3436 2702 3492 lucerna
2733 3436 2982 3508 pedibus
3029 3437 3176 3492 meis
3221 3435 3480 3492 Verbum
3510 3438 3701 3503 tuum,

2062 3524 2309 3579 Domine
2338 3525 2510 3593 (Psat.
2560 3541 2756 3592 cxvm,
2807 3525 2950 3596 105).
3003 3548 3031 3574 ››
3086 3527 3154 3581 Et
3207 3524 3510 3582 lucernam
3540 3522 3704 3580 illam

2065 3611 2242 3666 etiam
2274 3611 2560 3682 Propheta
2598 3613 2916 3684 quaerebat,
2951 3629 3066 3668 non
3113 3613 3400 3670 laternam
3432 3614 3566 3686 (70).
3599 3613 3713 3668 Lu-

2067 3716 2304 3755 cernam
2337 3703 2529 3755 autem
2561 3699 2724 3755 illam
2769 3701 3028 3756 Joannes
3077 3701 3317 3770 invenit,
3372 3707 3429 3758 et
3477 3703 3718 3758 demon-

2071 3787 2277 3844 stravit
2305 3805 2318 3842 :
2352 3804 2485 3842 cum
2521 3787 2745 3844 laterna
2775 3792 3114 3861 persecutor
3143 3789 3381 3846 advenit
3401 3794 3456 3846 et
3487 3791 3725 3846 demon-

2072 3877 2304 3944 stravit;
2330 3877 2556 3932 laterna
2586 3877 2742 3932 enim
2776 3876 3048 3932 clausum
3080 3877 3278 3946 habet,
3310 3893 3426 3932 non
3471 3877 3725 3932 liberum

2072 3966 2291 4021 lumen.
2325 3965 2564 4022 Judaeus
2595 3966 2762 4038 quasi
2794 3965 3032 4021 lucerna
3057 3966 3168 4022 sub
3199 3965 3415 4032 modio,
3445 3963 3535 4020 vel
3572 3964 3727 4020 faces

2077 4055 2186 4110 sub
2238 4055 2525 4111 velamine
2578 4058 2768 4128 potest
2813 4055 3028 4121 videre,
3080 4055 3181 4111 sed
3230 4072 3344 4110 non
3374 4053 3533 4110 videt
3567 4071 3579 4108 :
3613 4069 3722 4109 nos

2079 4147 2273 4200 autem
2324 4143 2575 4200 revelata
2607 4144 2749 4202 facie
2780 4143 3026 4217 gloriam
3070 4143 3303 4199 Domini
3351 4141 3728 4214 speculamur

2079 4236 2386 4299 mternam;
2419 4237 2482 4287 ut
2511 4233 2582 4288 ad
2611 4233 2739 4304 ejus
2769 4232 3085 4304 imaginem
3119 4249 3152 4287 a
3183 4231 3447 4305 gloriain
3478 4229 3724 4303 gloriam

2079 4336 2182 4392 per
2211 4319 2492 4392 Spiritum
2526 4326 2793 4377 sanctum
2826 4318 3407 4376 reformemur.Venit
3437 4335 3571 4392 ergo
3601 4335 3726 4391 per-

2086 4412 2418 4465 secutorum
2451 4411 2623 4464 turba
2671 4425 2801 4464 cum
2853 4407 3128 4477 laternis;
3161 4413 3218 4465 et
3263 4408 3392 4465 ideo
3435 4407 3726 4464 inclusam

2084 4497 2144 4551 in
2173 4498 2258 4552 eis
2288 4497 2478 4552 lucem
2511 4497 2703 4553 videre
2728 4513 2929 4552 eorum
2961 4497 3112 4552 oculi
3145 4497 3731 4570 nequiverunt.Venit

309 4566 387 4623 tis
410 4567 1210 4670 fortitudo‘praavaluitﬂuod
1245 4574 1308 4670 si.
1327 4576 1726 4635 fortitudinem
1761 4583 1976 4638 mentis
2007 4605 2052 4670 Β
2083 4602 2216 4642 cum
2251 4584 2498 4652 facibus,
2533 4602 2658 4656 quae
2711 4585 2844 4658 plus
2892 4585 3110 4641 habent
3157 4566 3408 4643 in—fumo
3437 4585 3726 4660 caliginis,

312 4655 638 4726 accipimus
671 4657 1024 4725 deseruisse,
1059 4677 1174 4716 non
1230 4662 1448 4720 mirum
1491 4667 1538 4721 si
1596 4667 1654 4722 in
1701 4669 1974 4740 gravissi-

313 4742 429 4798 mis
477 4744 905 4804 tentationibus
957 4750 1130 4805 corde
1181 4753 1412 4809 turbato
1471 4760 1638 4827 putat
1685 4774 1745 4814 se
1805 4759 1976 4816 homo

317 4830 530 4887 mentis
561 4849 682 4888 suae
715 4834 1056 4894 fortitudine
1080 4840 1432 4913 deseri.lpse
1457 4848 1510 4899 te
1532 4845 1732 4901 doceat
1751 4847 1977 4912 dicens;

319 4941 350 4970 «
382 4921 684 4979 Fortitudo
713 4940 843 4981 mea
873 4931 930 4982 et
960 4925 1090 4984 laus
1122 4946 1252 4985 mea
1293 4933 1577 4989 Dominus
1608 4938 1776 5004 (Psal.
1809 4954 1980 5000 cxvu,

2088 4691 2262 4746 quam
2298 4673 2625 4744 splendoris
2656 4675 2710 4730 in
2746 4674 2986 4730 lumine.
3018 4675 3273 4748 Denique
3306 4675 3530 4732 facibus
3571 4690 3728 4728 mor-

2090 4769 2326 4817 tuorum
2361 4763 2639 4818 cadavera
2685 4764 2888 4819 ardere
2936 4768 3381 4820 consueverunt.
3431 4761 3551 4816 Sibi
3596 4776 3732 4831 ergo

2087 4850 2270 4906 Judaei
2319 4852 2443 4920 jam
2489 4851 3062 4919 ferebantincendia,
3095 4853 3194 4923 qui
3235 4850 3735 4923 persequebantur

2091 4938 2299 4994 salutis
2329 4946 2646 4996 auctorem.
2682 4946 2901 4998 Venere
2936 4957 3068 4996 cum
3100 4939 3300 5007 armis,
3333 4938 3734 5010 signiﬁcantes

320 5009 430 5080 H).
468 5031 496 5061 »
531 5010 849 5068 Dominum
895 5030 1031 5087 ergo
1078 5020 1376 5088 quaerebat
1401 5039 1412 5084 ;
1447 5026 1503 5077 et
1535 5023 1663 5078 ideo
1693 5041 1762 5080 ne
1794 5027 1982 5082 deseri
2092 5029 2272 5084 armis
2295 5045 2354 5084 se
2379 5030 2668 5101 perituros
2692 5047 2818 5086 esse
2841 5029 3120 5085 Romanis
3143 5045 3327 5100 usque
3349 5009 3418 5083 ad
3444 5027 3733 5084 excidium

396 5168 509 5250 (69)
548 5171 708 5250 Edit.
749 5190 1150 5250 omnes__cum
1213 5179 1401 5234 tribus
1455 5198 1622 5248 mss.,
1673 5184 1890 5238 Arbiter
1935 5195 1985 5240 et

322 5242 630 5328 tractator:
655 5243 868 5328 Melius
898 5245 998 5300 alii
1029 5247 1291 5328 quinque
1322 5252 1473 5328 cod.,
1515 5242 1734 5328 Arbiter
1760 5264 1810 5310 et
1834 5271 1984 5328 pra:-

3643 5192 3739 5246 ost

2111 5202 2114 5204 ·
2165 5189 2273 5259 (70)
2311 5191 2391 5245 Ita
2422 5190 2561 5245 edit.
2597 5207 2662 5245 ac
2694 5189 2892 5261 plures
2940 5204 3107 5254 mss.,
3143 5186 3255 5242 nisi
3300 5187 3456 5258 quod
3499 5187 3557 5244 hi
3583 5205 3710 5313 €03

2111 5260 2268 5314 rerba
2297 5277 2406 5315 non
2439 5262 2728 5316 Iaternam.
2761 5259 2984 5314 addunt
3018 5259 3110 5315 sed
3154 5260 3457 5314 lucernam.
3492 5261 3552 5315 In
3634 5260 3714 5316 ict

3634 5277 3734 5316 ιοι.

2092 5260 2268 5314 verba
2297 5277 2406 5315 non
2439 5259 2728 5322 Iaternani,
2761 5259 2984 5314 addunt
3018 5259 3110 5315 sed
3154 5260 3457 5314 lucernam.
3492 5261 3552 5315 In

321 5312 1153 5403 litjt‘0_r:‘us_i‘gnii:icatur_enim
1193 5312 1531 5403 'Pauluset
1575 5327 1810 5403 Arbiter,
1834 5312 1988 5403 'sive
2097 5312 3735 5403 aiitéiﬁéi’déiiisie’leguminisiluae};

323 5383 715 5479 3593931393?
743 5386 1173 5479 igniferi-gara
1204 5393 1559 5479 certaminis,
1588 5398 1740 5479 εἱμοά
1786 5383 1987 5479 multis
2096 5383 3735 5479 έπρηέιηέεςηάσοαξηὶςέσειίο.ιιεξηιάαίξίίωέάίιῗέίέιὶξε.

321 5452 720 5541 epistularum
754 5452 995 5537 suaru'm
1023 5459 1166 5516 locis
1195 5463 1325 5534 ejus
1355 5464 1513 5541 leges
1541 5452 1682 5541 aliis
1726 5452 1987 5541 praascri-

322 5528 541 5612 pserit,
569 5528 996 5612 praemiumque
1028 5528 1444 5612 proposuerit;
1480 5542 1536 5593 et
1584 5528 1743 5595 idem
1767 5543 1992 5612 praelia-

327 5597 843 5684 tonns’ive‘a'thl'eta
891 5597 1098 5684 {astu—ut
1127 5597 1198 5660 de
1228 5621 1288 5661 se
1329 5597 1451 5679 ipse
1482 5597 1986 5684 testatur.'(liCor.

328 5682 413 5735 ιχ,
445 5666 536 5736 26,
569 5672 626 5724 et
649 5670 703 5726 II
730 5670 863 5727 Tim.
897 5666 1082 5746 1v,'7.)

2099 5472 2342 5544 aliquot,
2376 5475 2580 5527 Lumen
2607 5473 2922 5529 Juda’orum
2955 5475 3112 5543 quasi
3159 5475 3381 5529 lucerna
3408 5475 3507 5530 sub
3538 5475 3737 5542 modio,

2099 5545 2186 5600 vel
2209 5547 2308 5614 ﬁmo
2335 5545 2436 5599 sub
2469 5545 2756 5610 velamine,
2783 5547 2954 5615 potest
2980 5545 3174 5611 videri,
3205 5545 3436 5601 etc.Alii
3467 5546 3595 5602 cod.
3622 5563 3744 5603 ma-

2095 5615 2210 5687 jori
2243 5631 2507 5682 numero,
2539 5621 2601 5671 ut
2632 5632 2737 5672 nos
2767 5615 2825 5670 in
2856 5620 3037 5672 textu.
