4146 6190
458 317 612 383 1019

1913 319 1978 383 S.
2024 311 2396 384 ΑΜΒιωειι

3717 317 3870 386 1680

449 453 629 509 totiu
659 446 909 508 civitatis
933 452 990 508 et
1018 449 1244 525 templi,
1277 451 1377 525 qui
1427 467 1628 526 pacem
1661 451 1893 509 Domini
1927 467 2093 508 recu-
2123 453 2177 520 Α
2207 454 2309 510 sed
2357 453 2540 511 lenire
2581 451 2889 511 videatur?
2915 451 3020 510 Vis
3067 455 3232 528 urget
3277 448 3497 510 doloris
3532 469 3545 508 :
3583 453 3871 526 premitur

452 544 675 596 sarunt.

523 632 609 685 42.
646 627 926 702 (Vers.12,
960 631 1045 695 13,
1082 633 1165 697 14,
1203 633 1313 702 15.)
1345 655 1373 681 ‹‹
1408 632 1590 686 Amici
1643 631 1756 688 mei
1807 637 1862 688 et
1910 631 2097 704 proxi-

447 720 528 774 mi
560 720 673 776 mei
706 721 1012 776 adversum
1049 737 1139 776 me
1169 723 1804 793 apprcpinquaverunt,
1838 727 1894 777 et
1923 725 2099 777 stete-

448 814 606 865 runt.
655 811 726 865 Et
778 810 1028 882 proximi
1076 811 1190 866 mei
1240 811 1473 879 alonge
1521 815 1832 866 steterunt.
1871 812 1936 866 Et
1981 810 2094 865 vim

446 899 736 955 faciebant
786 899 885 970 qui
937 901 1276 970 quaerebant
1322 901 1579 955 animam
1615 917 1824 955 meam.
1871 900 1938 954 Et
1995 901 2098 970 qui

445 987 820 1061 inquirebant
846 987 1003 1044 mala
1032 988 1198 1056 mihi,
1231 990 1404 1045 locuti
1451 995 1589 1045 sunt
1627 990 1943 1044 vanitatem
1987 1005 1999 1042 :
2043 996 2100 1044 et

446 1075 646 1132 dolum
671 1081 792 1132 tota
824 1076 917 1132 die
945 1077 1398 1132 meditabantur.
1424 1078 1541 1150 Ego
1569 1082 1765 1132 autem
1789 1075 1946 1130 velut
1977 1093 2100 1132 sur-

446 1166 559 1221 dus
591 1182 705 1221 non
737 1165 1070 1236 audiebam,
1103 1169 1159 1220 et
1189 1165 1339 1221 sicut
1372 1171 1590 1232 mutus,
1626 1165 1724 1237 qui
1759 1182 1873 1220 non
1913 1164 2100 1236 aperit

447 1271 512 1311 os
544 1271 740 1310 suum.
780 1253 844 1309 Et
874 1255 1061 1310 factus
1093 1272 1223 1309 sum
1257 1255 1406 1310 sicut
1440 1255 1614 1310 homo
1660 1271 1771 1309 non
1827 1255 2096 1317 audiens,

443 1348 500 1400 et
539 1361 654 1399 non
687 1343 911 1400 habens
943 1345 998 1398 in
1047 1361 1144 1398 ore
1191 1361 1297 1399 suo
1341 1344 1791 1415 increpationes.
1826 1364 1854 1392 »
1887 1342 2098 1403 Videre

443 1434 544 1506 qui
594 1435 714 1490 sint
759 1434 857 1504 qui
900 1439 1103 1506 argute
1147 1433 1258 1489 ista
1306 1433 1645 1488 discutiant.
1682 1432 1821 1488 Mihi
1855 1433 2008 1488 834
2036 1431 2097 1486 in

440 1523 631 1597 primo
689 1523 976 1595 praecipue
1042 1523 1152 1578 istc
1218 1522 1504 1578 versiculo
1571 1522 1803 1578 Domini
1869 1521 2101 1576 videtur

439 1614 694 1669 tenenda
743 1613 1063 1678 sententia;
1117 1612 1256 1683 quia
1306 1611 1362 1665 in
1413 1610 1833 1666 tcntaticnibus
1872 1608 2095 1664 inimici

440 1703 592 1758 fiunt
619 1700 877 1757 hominis
907 1701 1082 1756 etiam
1115 1701 1419 1756 domestici
1453 1701 1598 1770 ejus.
1645 1699 1762 1754 Hoc
1793 1715 1930 1770 ergo
1961 1714 2094 1752 san-

439 1795 570 1846 ctus
599 1791 780 1846 David
809 1807 951 1862 pure
982 1794 1155 1861 atque
1199 1789 1421 1845 sincere
1452 1793 1508 1844 et
1551 1787 1818 1844 dolenter
1856 1788 2090 1842 fatetur.

441 1884 629 1936 Verus
659 1880 816 1935 enim
848 1879 1015 1934 dolor
1043 1882 1214 1944 est,et
1236 1877 1528 1933 interioris
1560 1877 1752 1932 cordis
1783 1875 2093 1942 conlessio,

442 1969 676 2042 quando
711 1972 1131 2024 enumerantur
1161 1967 1359 2022 omnia
1390 1967 1607 2038 quibus
1631 1972 1852 2022 secreta
1883 1964 2096 2020 mentis

437 2058 663 2114 viscera
692 2058 1064 2113 amarissimo
1093 2061 1577 2128 compunguntur
1625 2056 1854 2119 affectu,
1889 2059 1946 2109 et
1987 2054 2094 2109 do-

439 2148 681 2204 mesticc
742 2147 870 2203 felle
929 2146 1364 2202 exacerbantur.
1411 2143 1679 2217 Deplorat
1731 2142 1910 2216 igitur
1958 2143 2093 2198 Pro-

439 2236 617 2309 pheta
661 2235 735 2290 ab
783 2235 1038 2290 inimicis
1069 2251 1133 2289 se
1163 2239 1221 2289 et
1247 2234 1527 2305 proximis
1575 2233 2010 2305 impugnatum,
2062 2249 2097 2286 a

439 2323 656 2396 quibus
704 2323 905 2392 utique
953 2337 1070 2376 non
1117 2321 1450 2394 impugnari
1488 2321 1708 2388 debuit,
1744 2320 1842 2376 sed
1875 2319 2088 2389 juvari.

439 2411 603 2476 Quod
635 2410 838 2482 utique
869 2426 1002 2464 cum
1035 2409 1219 2466 sancti
1249 2409 1360 2465 Job
1389 2409 1756 2481 querimonia
1775 2408 2091 2473 concurrit,

441 2500 579 2574 quia
609 2503 664 2558 et
693 2499 818 2571 ipse
848 2499 1130 2571 arguebat
1159 2501 1276 2554 tres
1321 2498 1453 2553 illos
1502 2513 1665 2570 reges
1697 2497 2093 2554 consolatores

441 2588 756 2656 malorum,
781 2587 879 2659 qui
913 2588 1137 2657 majora
1165 2586 1214 2642 ei
1247 2585 1575 2642 inferebant
1605 2585 2088 2651 certamina,cum

439 2677 510 2732 ad
547 2675 966 2733 consolandum
1001 2691 1133 2730 cum
1167 2675 1437 2730 amicitiae
1469 2674 1653 2746 gratia
1683 2673 2094 2729 convenissent

440 2768 576 2840 (Job.
610 2784 724 2834 xv1,
757 2767 878 2837 2-5)
914 2782 925 2820 :
957 2766 1113 2837 quod
1157 2764 1360 2836 utique
1409 2764 1731 2819 cavendum
1772 2767 1863 2818 est
1900 2762 2089 2816 nobis.

439 2851 768 2912 Consolatio
799 2855 954 2910 enim
990 2853 1152 2908 mitis
1184 2869 1312 2908 esse
1341 2851 1532 2920 debet,
1563 2867 1676 2906 non
1707 2866 1936 2923 aspera,
1961 2867 2088 2921 quae

439 2945 629 3017 magis
681 2943 938 2999 dolorem
999 2942 1197 3010 leniat,
1262 2943 1541 2996 fervorem
1598 2940 1852 3011 mitiget,
1911 2955 2089 3010 quam

437 3033 887 3091 commotionem
919 3029 1144 3088 excitet.
1175 3031 1340 3086 Certe
1369 3029 1558 3101 ipsius
1605 3028 1864 3100 corporis
1907 3027 2089 3082 medi-

439 3123 570 3178 cina
602 3137 707 3178 nos
736 3121 957 3185 doceat,
992 3137 1119 3192 quae
1151 3119 1505 3174 ferventibus
1553 3115 1894 3172 vulneribus
1942 3115 2090 3170 mol-

2209 557 2308 600 ccr
2336 543 2598 599 mulieris
2629 544 3011 617 atﬂictae,quae
3044 543 3360 600 immaturo
3391 543 3554 599 obitu
3591 542 3868 600 maritum

2209 633 2431 698 amisit,
2461 637 2564 688 aut
2595 633 2747 689 ﬁlios
2783 651 2795 688 :
2829 634 2969 705 quid
3005 647 3283 706 properas
3312 647 3443 688 cum
3494 636 3555 688 te
3608 632 3718 688 illa
3767 649 3872 690 non

2210 721 2428 789 audiat,
2466 722 2578 777 nisi
2610 723 2968 778 defervescat
3016 721 3224 777 dolor?
3250 725 3410 793 Saepe
3462 721 3604 776 lites
3634 722 3709 778 de
3741 738 3874 778 cou-

2209 810 2596 868 solaticnibus
2633 811 2894 867 vidimus
2931 812 3228 866 excitatas.
3259 810 3486 866 Venisti
3540 815 3609 866 ut
3656 810 3870 879 doleas,

2210 917 2325 955 non
2357 904 2422 954 ut
2448 900 2658 972 litiges.
2692 900 2846 956 Ordo
2881 893 3172 956 sermonis
3204 901 3326 971 ipse
3358 901 3726 972 quaerendus
3759 907 3870 969 est;

2209 1006 2281 1044 ne
2314 993 2617 1061 peccatum
2647 990 2801 1061 apud
2836 989 3020 1045 Deum
3053 989 3342 1053 incurras,
3375 989 3523 1043 dum
3573 989 3874 1045 desideras

2208 1078 2506 1135 hominem
2540 1077 2860 1146 consolari;
2896 1094 2966 1134 ne
2997 1077 3209 1133 dicenti
3242 1077 3348 1133 tibi
3405 1094 3417 1132 :
3464 1078 3617 1133 Audi
3662 1078 3787 1135 hare
3826 1085 3877 1135 et

2221 1165 2335 1222 alia
2364 1167 2553 1222 multa
2602 1185 2729 1238 quas
2783 1166 2927 1222 nihil
2973 1167 3225 1239 prosint;
3259 1166 3613 1238 respondeat
3645 1185 3659 1221 :
3694 1190 3723 1217 α
3759 1173 3875 1222 Αυ-

2219 1255 2360 1322 dite,
2403 1255 2802 1312 consolatores
2842 1255 3028 1311 malor
3058 1271 3156 1310 um
3189 1256 3299 1325 (71)
3333 1255 3496 1326 (Ibid.
3530 1257 3616 1323 2);
3650 1279 3678 1303 ιν
3710 1273 3784 1311 ne
3813 1257 3875 1311 in

2206 1343 2367 1399 luctu
2409 1345 2649 1402 alterius
2695 1349 2989 1401 certamen
3034 1344 3278 1417 garrulas
3324 1344 3757 1416 disputationis
3795 1345 3875 1400 in-

2209 1433 2418 1488 ducas:
2455 1450 2528 1488 ne
2570 1450 2687 1490 non
2737 1431 2998 1502 accedas,
3050 1449 3182 1488 cum
3232 1436 3535 1506 oporteat;
3593 1448 3670 1488 ne
3721 1449 3872 1490 acce-

2209 1521 2394 1588 dat,et
2422 1522 2622 1576 durior
2652 1521 2726 1577 sit
2751 1526 2890 1578 tuus
2922 1538 3134 1578 sermo.
3169 1521 3430 1593 Denique
3471 1521 3623 1594 quid
3651 1522 3876 1578 dicatur

2209 1609 2282 1664 de
2331 1609 2568 1674 talibus,
2621 1612 2826 1666 doceat
2873 1614 2928 1666 te
2978 1615 3220 1666 sanctus
3250 1610 3360 1666 Job
3397 1628 3408 1664 :
3445 1633 3474 1659 ‹‹
3507 1610 3708 1666 Simul
3737 1611 3871 1666 mihi

2209 1704 2495 1754 venerunt
2542 1700 2897 1756 tentationes
2940 1699 3322 1772 gravissimae,
3357 1700 3872 1756 circumdederunt

2211 1803 2307 1843 me
2337 1787 2685 1844 insidiantes
2717 1789 2829 1860 (72)
2855 1807 2868 1845 :
2897 1789 3104 1844 fratres
3135 1789 3248 1844 mei
3277 1787 3685 1844 discesserunt
3710 1805 3740 1843 α
3761 1805 3867 1855 me,

2209 1881 2603 1949 cognoverunt
2631 1882 2938 1933 extraneos
2971 1878 3162 1949 magis
3192 1893 3371 1950 quam
3400 1893 3514 1932 me.
3545 1877 3740 1933 Amici
3765 1879 3872 1933 mei

2209 1964 2705 2023 immisericordes
2752 1965 2891 2022 facti
2944 1970 3084 2024 sunt
3118 1966 3231 2037 (Job
3280 1983 3399 2031 xxx,
3456 1967 3618 2020 12-14
3645 1969 3810 2038 πᾳ).
3850 1991 3869 2018 ι

2211 2053 2309 2110 llic
2355 2070 2490 2128 ergo
2530 2055 2681 2112 83-5
2717 2054 3012 2112 naturalis
3060 2061 3152 2111 est
3198 2071 3410 2112 sensus
3461 2055 3638 2110 etiam
3687 2056 3872 2110 sancti

2205 2143 2500 2216 prophetae
2531 2143 2710 2202 David
2737 2161 2750 2211 ;
2780 2148 2844 2199 ut
2873 2148 3154 2216 queratur
3183 2159 3248 2200 se
3284 2143 3357 2200 ab
3387 2141 3640 2200 inimicis
3675 2145 3875 2216 impu-

2209 2237 2478 2305 gnatum,
2512 2250 2545 2288 a
2577 2233 2859 2305 proximis
2891 2233 3264 2289 destitutum.

2279 2322 2366 2376 43.
2400 2322 2508 2377 Sed
2559 2338 2630 2378 ne
2678 2321 2966 2394 mysticus
3015 2322 3255 2393 quidem
3297 2320 3616 2377 abhorreat
3649 2320 3878 2394 pietatis

2205 2411 2468 2480 affectus,
2499 2414 2563 2466 ut
2593 2428 2698 2484 pro
2742 2409 2968 2485 angelis
3001 2411 3233 2478 dixerit,
3261 2409 3362 2484 qui
3395 2410 3779 2484 praetendunt
3808 2411 3870 2464 ti-

2205 2499 2502 2556 mentibus
2532 2498 2883 2567 Dominum;
2917 2502 2983 2555 ut
3013 2498 3267 2569 eripiant
3295 2514 3394 2554 eos
3426 2497 3498 2552 de
3532 2497 3868 2554 tentationi-

2202 2587 2337 2653 bus,
2367 2604 2512 2660 quas
2546 2588 2691 2644 ferre
2722 2605 2836 2645 non
2865 2591 3126 2660 possent.
3161 2587 3466 2652 Quomodo
3512 2602 3657 2660 ergo
3705 2586 3869 2660 longe

2202 2679 2381 2743 stant,
2415 2677 2516 2748 qui
2549 2677 2618 2733 ad
2653 2678 3064 2748 adjumentum
3097 2679 3237 2732 sunt
3264 2675 3577 2731 attributi?
3610 2676 3722 2734 Sed
3756 2693 3869 2732 non

2201 2763 2286 2820 illi
2319 2781 2382 2820 se
2413 2766 2810 2838 separant,sed
2845 2765 2946 2837 qui
2978 2769 3219 2837 urgetur
3250 2763 3686 2821 tentaticnibus
3705 2770 3868 2838 putat

2199 2869 2299 2910 eos
2329 2852 2498 2926 longe
2531 2854 2912 2925 abesse,quos
2943 2852 3185 2926 propius
3225 2853 3339 2909 sibi
3395 2852 3612 2910 adesse
3643 2854 3867 2910 deside-

2199 2944 2318 3009 rat;
2369 2945 2426 2996 et
2475 2942 2791 2998 arbitratur
2837 2941 3236 3008 dissimulare,
3287 2957 3426 2998 cum
3486 2941 3578 2996 illi
3619 2942 3866 3015 juvandi

2198 3033 2433 3104 tempus
2463 3034 2610 3086 nutu
2641 3030 2732 3087 sui
2766 3030 3135 3106 imperatoris
3163 3034 3491 3102 expectent,
3527 3030 3636 3103 qui
3689 3031 3866 3088 athle-

2197 3121 2320 3174 tam
2360 3135 2533 3175 suum
2565 3136 2678 3191 quo
2710 3118 3023 3192 gloriosius
3049 3119 3323 3186 vinceret,
3359 3117 3591 3175 diutius
3640 3124 3862 3175 certare

439 3211 585 3267 liora
649 3189 1078 3266 medicamenta
1141 3206 1440 3262 consuevit
1507 3205 1801 3269 adhibere,
1871 3205 2086 3276 quibus
2117 3189 2162 3258 C
2199 3208 2492 3281 praecepit.
2535 3189 2603 3264 Et
2631 3189 2861 3264 videtur
2906 3206 3014 3262 hoc
3065 3207 3258 3280 magis
3302 3207 3702 3279 sequentibus
3732 3225 3868 3264 con-

441 3300 698 3356 dolorem
732 3298 954 3354 allevat.
989 3297 1241 3366 Ideoque
1273 3295 1543 3348 foventur
1590 3293 1779 3364 primo
1826 3293 2087 3361 vulnera,

441 3392 571 3459 post
601 3391 908 3452 secantur;
945 3400 1016 3439 ne
1047 3384 1304 3438 offendat
1332 3381 1461 3454 ipsa
1489 3380 1756 3448 durities,
1787 3385 1844 3436 et
1883 3381 2090 3437 incisio

443 3475 659 3530 vulnus
689 3477 1007 3545 exasperet.
1043 3474 1270 3537 Quanto
1318 3470 1498 3543 igitur
1538 3470 1726 3542 magis
1757 3485 1956 3526 cavere
1985 3487 2091 3526 nos

445 3563 743 3630 convenit;
777 3568 845 3618 ut
875 3577 1010 3618 eum
1043 3561 1374 3616 venerimus
1400 3560 1471 3614 ad
1505 3557 1950 3625 consolandum,
1976 3575 2090 3614 non

447 3653 632 3721 facile,
663 3669 778 3708 non
811 3649 1202 3724 perfunctorie
1241 3648 1592 3721 loquamur?
1621 3651 1852 3720 Septem
1884 3647 2090 3704 diebus

443 3741 624 3798 tacuit
650 3741 780 3807 Job,
813 3743 1126 3796 tacuerunt
1153 3737 1348 3802 amici,
1381 3753 1486 3792 nec
1520 3736 1696 3791 locuti
1730 3740 1945 3799 essent,
1979 3736 2090 3792 nisi

442 3831 552 3887 Job
582 3830 778 3886 dolore
807 3829 1170 3902 prorupisset
1218 3828 1273 3882 in
1324 3841 1559 3892 vocem;
1593 3825 1974 3896 quaerendum
2005 3829 2094 3880 est

442 3919 597 3976 enim
630 3919 784 3975 unde
815 3917 1082 3988 incipias,
1117 3933 1188 3971 ne
1238 3917 1294 3971 in
1345 3915 1474 3986 ipso
1522 3929 1792 3968 sermone
1839 3913 2092 3988 offendat

443 4008 762 4065 consolatio
810 4013 930 4062 tua.
980 4006 1168 4060 Etiam
1212 4003 1584 4060 taciturnitas
1626 4002 1756 4074 ipsa
1803 4001 2011 4056 medici

441 4102 554 4166 est,
585 4102 641 4153 et
668 4096 831 4154 velox
879 4096 937 4150 in
989 4093 1358 4150 sermonibus
1407 4091 1596 4162 magis
1627 4090 1908 4146 vulnerat.
1944 4089 2091 4156 Quid

445 4186 678 4243 miraris
710 4186 760 4243 si
790 4185 1039 4240 alterum
1080 4182 1367 4248 vulnerat,
1420 4197 1554 4235 cum
1605 4181 1938 4250 frequenter
1968 4179 2092 4250 ipse

445 4293 507 4332 se
544 4274 837 4343 vulneret;
889 4273 1026 4345 quia
1072 4289 1140 4327 ex
1185 4269 1556 4341 multiloquic
1614 4272 1916 4341 peccatum
1976 4283 2089 4323 non

445 4363 689 4435 effugit?
719 4363 943 4418 Etenim
979 4361 1025 4418 si
1059 4361 1322 4416 medicus
1355 4358 1623 4414 medendi
1646 4360 1878 4428 tempus
1897 4371 2093 4427 exspe-

447 4455 584 4516 ctat,
620 4454 686 4506 ut
714 4451 956 4522 digestis
984 4449 1451 4521 egritudinibus,
1476 4445 1786 4502 medicinas
1825 4443 2092 4500 subsidia

2196 3297 2424 3363 venire;
2459 3297 2596 3370 quia
2625 3295 2850 3370 angelis
2883 3295 3258 3367 protectionis
3291 3295 3574 3353 excubias
3603 3296 3875 3352 relaxan-

2198 3386 2380 3450 tibus,
2411 3384 2848 3441 insidiabantur
2885 3383 3132 3451 inimici,
3167 3388 3500 3458 quaerentes
3548 3385 3602 3440 in
3653 3385 3864 3440 anima

2199 3475 2328 3544 ejus
2379 3472 2636 3528 invenire
2689 3473 2841 3544 quod
2895 3476 3115 3528 noceat.
3165 3474 3332 3527 Tunc
3390 3473 3548 3530 enim
3594 3477 3871 3546 potestas

2201 3561 2318 3618 illis
2365 3561 2648 3634 gravioris
2703 3561 3040 3616 tentaticnis
3085 3561 3470 3633 permittitur,
3507 3577 3644 3616 cum
3697 3561 3875 3633 culpa

2202 3650 2406 3705 animae
2441 3640 2674 3722 gravior
2701 3649 3010 3721 reperitur.
3053 3648 3216 3704 Unde
3244 3649 3427 3704 habes
3461 3648 3610 3703 illud
3635 3649 3699 3705 in
3720 3648 3870 3705 libro

2203 3737 2534 3810 Regnorum
2567 3735 2720 3810 regis
2750 3737 2946 3792 Achab
2994 3736 3072 3791 ad
3105 3735 3293 3792 Eliam
3327 3737 3588 3805 dictum;
3634 3738 3873 3810 qmndc

2201 3841 2335 3882 eum
2388 3825 2673 3898 Propheta
2720 3825 3100 3880 vehementer
3137 3825 3482 3896 increpavit,
3519 3830 3578 3881 et
3623 3831 3877 3882 mortem

2200 3913 2252 3968 ei
2296 3915 2705 3969 denuntiavit:
2743 3937 2770 3962 «
2821 3913 3118 3980 Invenisti,
3172 3913 3384 3985 inquit,
3438 3929 3534 3969 me
3584 3915 3697 3984 (III
3741 3917 3869 3983 Reg.

2348 4004 2459 4070 20).
2497 4025 2526 4051 »
2563 4002 2626 4056 Et
2657 4000 2959 4074 respondit
2989 4001 3143 4057 Elias
3179 4019 3229 4055 :«
3256 4002 3486 4068 inveni;
3523 4003 3670 4074 quia
3694 4002 3882 4059 fecisti

2204 4091 2528 4164 malignum
2587 4091 2644 4145 in
2711 4095 3024 4163 conspectu
3073 4090 3304 4146 Domini
3363 4091 3568 4162 (ιδίά.)
3615 4115 3646 4142 ι)
3700 4092 3879 4146 Vides

2201 4195 2338 4253 ergo
2367 4181 2504 4251 quia
2536 4180 2769 4251 regibus
2800 4196 2914 4234 non
2945 4184 3161 4234 temere
3204 4179 3286 4234 vel
3323 4195 3356 4234 a
3387 4180 3700 4252 prophetis
3749 4179 3874 4244 Dei,

2201 4267 2287 4323 vel
2341 4284 2374 4322 a
2417 4267 2820 4322 sacerdotibus
2868 4264 3133 4322 facienda
3180 4265 3403 4337 injuria
3455 4265 3567 4338 sit;
3600 4267 3654 4321 si
3709 4264 3883 4321 nulla

2202 4356 2322 4412 sint
2362 4355 2626 4428 graviora
2674 4359 2930 4426 peccata,
2983 4354 3041 4408 in
3093 4354 3310 4426 quibus
3360 4353 3623 4410 debeant
3654 4355 3829 4427 argui
3867 4371 3880 4407 :

2201 4445 2300 4500 ubi
2326 4449 2521 4500 autem
2562 4449 2799 4517 peccata
2846 4444 3114 4515 graviora
3143 4447 3310 4509 sunt,
3337 4442 3417 4498 ibi
3470 4460 3590 4499 non
3644 4444 3884 4500 videtur

448 4540 814 4607 deferantur;
851 4553 920 4594 ne
953 4539 1159 4593 acerba
1189 4538 1380 4593 adhuc
1412 4541 1468 4592 et
1496 4537 1832 4600 immatura,
1857 4539 1921 4590 ut
1940 4549 2092 4590 asse—
2119 4553 2168 4621 D
2200 4551 2233 4590 a
2265 4534 2560 4590 sacerdote
2591 4533 2979 4605 parcendum;
3023 4536 3089 4586 ut
3130 4531 3315 4601 jiustis
3363 4530 3884 4603 increpationibus

447 4634 602 4696 runt,
646 4628 928 4701 aegritudo
974 4626 1294 4682 curationis
1337 4625 1612 4680 remediis
1669 4623 2004 4691 reluctatur,
2037 4627 2094 4678 et

443 4717 793 4775 beneficium
821 4716 1036 4772 sentire
1059 4731 1174 4770 non
1206 4713 1416 4786 possit;
1449 4718 1668 4784 quanto
1690 4712 1878 4784 magis
1897 4712 2091 4783 explo-

443 4823 572 4863 rare
614 4822 720 4862 nos
763 4804 1051 4867 convenit,
1085 4807 1147 4857 ut
1178 4807 1504 4874 opportune
1555 4819 1587 4855 a
1634 4800 1802 4857 nobis
1853 4800 2091 4856 medici-

442 4895 593 4951 nalis
623 4911 821 4950 sermo
847 4893 1142 4966 procedat,
1187 4891 1286 4962 qui
1337 4906 1448 4945 non
1501 4889 1815 4944 accendere
1846 4888 2091 4949 luctum.

513 5075 626 5147 (7|)
657 5075 870 5147 Locum
904 5072 1059 5147 hunc
1109 5071 1274 5147 Rom.
1318 5068 1459 5147 edit.
1515 5067 1598 5147 ita
1639 5066 2088 5147 decurtaverat:

442 5138 618 5203 Et‘ne'
647 5146 868 5200 dicatur
896 5145 998 5198 tibi
1027 5162 1045 5196 :
1074 5142 1266 5196 audivi
1309 5140 1445 5194 talia
1487 5138 1682 5197 multa,
1732 5138 2092 5192 consolatores

439 5221 735 5274 malorum.
770 5217 886 5271 Nos
917 5229 1048 5269 cum
1083 5230 1150 5268 ex
1181 5210 1822 5266 vet.edit.restituimus
1873 5226 1906 5262 a
1958 5209 2089 5278 qui-

444 5290 554 5344 bus
585 5290 760 5344 etiam
811 5303 922 5340 non
971 5286 1248 5338 differunt
1296 5281 1422 5336 cod.
1475 5283 1623 5335 Vict.
1654 5285 1711 5334 et
1740 5281 1923 5342 Colb.,
1976 5279 2089 5333 nisi

445 5361 597 5430 quod
649 5360 863 5415 habent
913 5374 924 5411 :
980 5360 1054 5411 Ne
1098 5356 1300 5411 dicenti
1339 5355 1518 5430 tibi._.
1567 5350 2084 5430 ct__res_ponde¢_1t_.

446 5422 584 5483 Mss.
618 5445 750 5483 vero
779 5431 907 5484 Vat.
941 5435 998 5482 et
1031 5429 1288 5498 quinque
1337 5424 1566 5484 Gallic.,
1601 5424 1674 5478 Ne
1692 5423 1918 5498 dicatur
1967 5422 2087 5485 tibi,

443 5500 578 5554 audi
610 5499 742 5553 Iuro.
789 5542 799 5552 .
849 5543 859 5554 .
907 5543 918 5554 .
961 5504 1012 5553 (τι
1045 5493 1321 5570 respuitis!
1355 5498 1477 5570 tibi,
1510 5501 1616 5550 etc.
1677 5495 1756 5548 Ad
1810 5493 1913 5548 hos
1945 5508 2087 5570 quo:

444 5587 557 5642 que
587 5570 770 5642 Paris.
804 5571 1067 5640 quaedam
1117 5566 1254 5625 edit.
1297 5568 1610 5642 accedunt,
1644 5569 1882 5642 excepto
1931 5566 2086 5634 quod

446 5639 834 5714 praemittunt.
867 5643 960 5708 Et,
991 5645 1120 5695 ante
1158 5656 1227 5695 ne
1245 5639 1516 5711 *diratur;
1567 5655 1632 5694 ac
1683 5641 1813 5710 post
1868 5651 2086 5708 respon~

2205 4622 2594 4695 corrigantur.

2276 4713 2362 4766 44.
2396 4711 2611 4766 Tamen
2643 4709 2827 4765 David
2858 4709 2917 4764 in
2951 4708 3058 4764 hoc
3091 4707 3219 4764 loco
3247 4708 3389 4764 dicit
3418 4709 3580 4779 quod
3616 4709 3776 4765 nihil
3805 4710 3882 4764 iu-

2202 4796 2430 4852 venise
2476 4796 2814 4863 videantur;
2849 4800 2903 4851 et
2933 4795 3065 4850 ideo
3093 4794 3317 4850 inimici
3368 4798 3502 4867 ejus
3549 4797 3883 4853 vanitatem

2203 4885 2379 4940 locuti
2412 4889 2570 4952 sunt,
2587 4884 2864 4957 quoniam
2891 4882 3037 4939 nihil
3068 4883 3226 4956 quod
3259 4900 3363 4956 pro
3392 4884 3644 4940 veritate
3681 4885 3884 4958 loque-

2199 5065 2340 5130 dcat,
2374 5067 2712 5134 expungunt
2745 5063 2862 5118 tibi.
2897 5065 3080 5127 Quam
3117 5061 3426 5134 lectionem
3457 5061 3564 5133 qui
3597 5080 3728 5120 non
3779 5067 3881 5134 im-

2243 5133 2492 5198 robabit,
2517 5133 2714 5188 sumat
2733 5135 2952 5188 dicatur
2980 5134 3084 5188 tibi
3113 5150 3217 5203 pro
3247 5133 3467 5188 dicatur
3498 5134 3600 5189 ab:
3629 5133 3879 5200 te.Quod

2243 5153 2492 5198 l‘OiiﬂDlL,
2517 5153 2714 5188 sumat
2733 5153 2952 5188 alcawr
2980 5153 3081 5188 ιτιη
3113 5153 3217 5203 pro
3247 5157 3254 5187 1

2202 5153 2402 5261 Futiuis
2430 5205 2674 5260 auribus
2705 5221 2818 5262 non
2852 5210 2942 5260 est
2972 5205 3254 5263 insolens.

2271 5280 2381 5347 (72)
2416 5277 2580 5332 Rom.
2616 5277 2755 5331 edit.
2809 5275 2952 5341 sola,
2997 5278 3328 5331 (munione:
3379 5276 3520 5347 ejus,
3551 5277 3698 5347 griis
3749 5279 3877 5330 sui:

2198 5346 2669 5404 cireumtederunt
2697 5363 2783 5402 me
2813 5347 3163 5403 insidiantes.
3200 5347 3261 5401 ln
3294 5362 3412 5417 quo
3444 5346 3616 5402 LXX.
3643 5348 3869 5418 Interp.

2201 5426 2398 5474 secuta
2477 5424 2566 5474 est
2641 5419 2796 5490 apud
2869 5435 3018 5490 quos
3091 5423 3428 5486 Ὀμοθυμαδὸν
3487 5423 3544 5471 δὲ
3605 5425 3777 5488 ﬁmo»
3825 5428 3877 5470 ti

2198 5498 2484 5562 πειρατήρια
2540 5498 2689 5546 αὐτοῦ
2755 5497 2828 5544 ἐπ’
2887 5495 3010 5558 ἐμοὶ,
3051 5497 3168 5554 ταῖς,
3227 5494 3352 5548 όδοῗς
3406 5510 3503 5555 μου
3578 5495 3873 5544 dubiam»

2203 5568 2469 5632 ἄγιάθιτοι.
