4078 6196
277 401 431 470 1081

1317 399 1776 464 ENARRATIO
1817 396 1894 464 ΙΝ
1937 399 2318 463 PSALMUM
2364 397 2661 462 XXXVII.

3529 397 3552 457 1
3565 393 3685 461 082

273 543 500 607 rentur,
535 535 877 595 invenerint.
921 537 1035 592 Aut
1072 537 1243 606 certe,
1301 534 1440 609 quia
1495 536 1604 592 etsi
1665 534 1916 608 peccavi,
1947 538 2000 605 Α
2029 549 2225 592 vocem
2269 531 2576 590 emiserit?
2631 529 3055 599 Accusabatur,
3087 532 3144 586 et
3186 529 3450 587 tacebat:
3508 529 3686 587 duce-

271 635 474 688 tamen
505 632 739 702 peccata
770 643 898 683 mea
955 625 1271 698 pcenitendi
1331 625 1527 681 dolore
1581 626 1920 698 purgabam.

274 721 339 775 In
373 735 488 791 quo
519 717 601 772 illi
653 733 784 774 cum
817 715 948 771 dolo
981 731 1212 772 mecum
1241 714 1664 788 loquebantur:
1720 718 1786 770 ut
1831 731 1925 770 me

269 805 684 880 objurgatione
709 806 1150 873 confunderent,
1183 809 1240 860 et
1269 823 1303 861 a
1333 804 1708 861 conversione
1764 820 1923 859 revo-

269 899 493 953 carent.
526 895 594 950 Et
623 894 754 950 vide
783 911 856 950 ne
915 894 1023 951 hoc
1081 895 1271 966 magis
1328 895 1596 961 senserit,
1646 893 1925 966 quaesisse

269 986 405 1042 illos
436 983 591 1040 mala
619 985 788 1056 ejus:
835 985 935 1040 sed
991 1000 1124 1039 eum
1159 983 1371 1038 vellent
1426 999 1717 1051 accusare,
1781 999 1925 1054 prae-

270 1079 512 1141 ventos;
547 1073 824 1146 quoniam
852 1073 1094 1128 vulnera
1121 1089 1229 1128 sua
1250 1073 1374 1144 ipse
1405 1072 1774 1144 patefecerat,
1833 1070 1925 1126 sui

273 1166 576 1220 accusator
604 1162 853 1219 esistens
883 1181 895 1229 ;
920 1162 1120 1217 etideo
1152 1162 1265 1216 vim
1298 1162 1692 1217 accusationis
1723 1177 1922 1215 eorum

273 1269 402 1310 esse
432 1251 797 1309 annullatam
833 1268 844 1305 :
877 1251 1104 1307 locutos
1135 1255 1327 1306 autem
1356 1251 1537 1306 fuisse
1571 1267 1741 1319 vana,
1794 1265 1920 1322 quae

274 1343 538 1399 confesso
570 1340 799 1414 culpam
835 1357 1038 1396 nocere
1061 1341 1186 1412 jam
1221 1357 1333 1396 non
1382 1343 1638 1412 possent.

346 1469 432 1524 45.
462 1465 693 1524 Exclusi
726 1465 905 1538 igitur
937 1483 969 1520 a
999 1463 1424 1520 criminationis
1455 1462 1692 1532 invidia,
1724 1461 1923 1517 dolum

274 1557 630 1615 adhibebant
656 1574 668 1624 ;
705 1559 768 1610 ut
797 1555 1185 1626 insurgerent,
1217 1553 1429 1624 inquit,
1454 1557 1511 1608 et
1526 1551 1923 1608 mihiinsulta-

273 1650 424 1716 rent,
455 1662 571 1717 quo
613 1661 704 1701 me
729 1643 1104 1700 stimularent
1134 1643 1203 1698 ad
1266 1641 1525 1714 aliquam
1584 1639 1924 1696 commotio-

275 1750 411 1792 nem
447 1752 460 1790 :
494 1750 744 1806 quorum
777 1749 882 1805 ego
915 1731 1114 1788 dolum
1140 1731 1366 1797 videns,
1420 1754 1446 1780 ‹‹
1506 1729 1666 1785 velut
1710 1728 1926 1784 surdus

273 1840 390 1880 non
421 1822 753 1879 audiebam.
813 1844 840 1872 «
889 1821 1206 1876 Considera
1262 1820 1378 1876 vim
1432 1819 1741 1875 sermonis.
1800 1817 1924 1872 Non

271 1912 442 1980 dixit,
472 1910 611 1982 quia
631 1909 984 1966 simulabam
1007 1926 1124 1965 non
1147 1926 1239 1964 me
1260 1908 1462 1965 audire
1484 1925 1608 1980 qum
1631 1907 1923 1963 dicerent:
1958 1912 2006 1976 B

272 2000 376 2057 sed
409 2021 436 2050 ‹‹
477 2015 593 2056 non
634 1997 967 2066 audiebam,
1005 2020 1031 2046 ››
1068 1997 1254 2064 dixit;
1303 2002 1359 2052 et
1407 1996 1562 2067 quod
1611 1997 1933 2052 intentione

270 2089 486 2145 mentis
515 2104 714 2144 vocem
747 2085 1040 2158 loquentis
1071 2085 1440 2142 excluderet:
1510 2101 1615 2141 nec
1683 2083 1935 2156 aperiret

273 2194 340 2233 os
367 2193 565 2247 suum,
599 2176 754 2232 sicut
784 2180 1005 2230 mutus.
1042 2175 1252 2230 Beatus
1295 2173 1394 2246 qui
1456 2179 1648 2246 potest
1707 2178 1929 2227 tantum

273 2265 490 2322 habere
515 2264 816 2328 virtutem,
851 2268 916 2318 ut
942 2262 1251 2319 lacessitus
1284 2279 1398 2317 non
1428 2261 1733 2329 irascatur,
1775 2278 1931 2316 com-

275 2357 472 2410 motus
503 2368 564 2408 se
594 2351 739 2410 nolit
771 2350 1235 2407 ulcisci.lnimici
1267 2351 1377 2407 hoc
1407 2355 1609 2424 agunt,
1632 2355 1696 2404 ut
1728 2366 1931 2421 provo-

274 2444 407 2498 cent
437 2439 508 2497 ad
549 2441 943 2497 iracundiam:
975 2439 1350 2506 maledicunt,
1380 2444 1442 2494 ut
1468 2438 1889 2494 maledicamus
1916 2455 1927 2492 :

275 2527 682 2596 criminantur,
720 2533 781 2584 ut
812 2530 1033 2585 crimen
1066 2533 1547 2601 retorqueamus:
1602 2527 1928 2582 convician-

274 2621 392 2684 tur,
419 2621 482 2673 ut
511 2617 762 2672 excitent
793 2635 899 2674 nos
931 2618 1002 2673 ad
1029 2617 1490 2674 vicissitudinem
1538 2615 1925 2672 contumeliis:

275 2704 440 2764 Unde
467 2705 740 2779 praeclare
776 2707 975 2762 Petrus
1007 2706 1077 2761 de
1109 2706 1351 2763 Domino
1379 2705 1518 2762 Jesu
1567 2705 1626 2760 in
1686 2702 1931 2775 epistola

276 2811 385 2852 sua
413 2793 650 2868 posuit:
688 2817 715 2843 ››
754 2793 898 2859 Quia
931 2811 1063 2850 cum
1098 2793 1560 2861 malediceretur,
1597 2811 1710 2848 non
1749 2791 1927 2848 male-

275 2884 537 2942 dicebat:
592 2900 727 2938 cum
797 2887 1112 2954 pateretur,
1174 2901 1289 2940 non
1357 2882 1829 2940 comminabatur
1883 2883 1933 2948 (I

274 2975 424 3029 Petr.
460 2989 525 3038 ιι,
556 2972 668 3043 23).
705 2993 732 3020 ››
766 2972 852 3026 Ad
883 2973 1011 3044 ejus
1050 2988 1186 3044 ergo
1246 2970 1695 3027 similitudinem
1755 2976 1930 3042 atque

278 3059 597 3133 imaginem
636 3061 838 3132 justus
870 3077 987 3116 suae
1019 3061 1143 3116 vitae
1193 3060 1436 3132 cupiens
1484 3059 1756 3115 instituta
1812 3057 1929 3114 for-

277 3165 459 3216 mare,
488 3153 798 3206 accusatus
855 3153 1025 3217 tacet,
1074 3148 1248 3204 lzesus
1290 3149 1536 3205 remittit
1591 3146 1931 3204 dissimulat

276 3238 610 3307 lacessitus,
641 3243 698 3294 et
728 3255 843 3294 non
877 3238 1062 3310 aperit
1093 3254 1158 3294 os
1191 3254 1400 3305 suum;
1434 3243 1498 3292 ut
1518 3236 1686 3292 illum
1737 3237 1926 3292 imite-

276 3331 394 3394 tur,
448 3327 548 3398 qui
606 3328 757 3382 sicut
816 3341 1004 3397 agnus
1061 3325 1131 3380 ad
1200 3324 1498 3380 victimam
1555 3325 1787 3391 ductus,
1847 3325 1930 3379 sic

277 3433 395 3473 non
428 3413 581 3474 886
612 3414 842 3486 aperuit
870 3430 934 3469 os
965 3430 1139 3469 suum
1169 3430 1183 3480 ;
1217 3417 1275 3468 et
1326 3429 1459 3468 cum
1491 3413 1678 3484 possit
1720 3412 1932 3467 habere

284 3505 440 3579 quod
475 3504 705 3570 referat,
739 3503 929 3575 magis
958 3501 1083 3558 vult
1112 3501 1282 3558 silere
1313 3518 1491 3574 quam
1539 3501 1750 3556 dicere.
1803 3501 1932 3572 Ipse

276 3595 436 3652 enim
464 3592 749 3649 Dominus
778 3591 952 3647 Jesus
977 3608 1105 3648 vere
1122 3608 1257 3647 cum
1281 3589 1927 3657 accusaretur,tacebat;

249 3675 496 3738 etcum
527 3683 948 3754 percuteretur,
993 3697 1107 3736 non
1168 3679 1610 3752 repercutiebat.
1673 3676 1930 3746 Denique

274 3784 592 3842 percussus
623 3768 959 3840 respondit:
994 3792 1022 3819 «
1056 3769 1114 3824 Si
1143 3767 1294 3824 male
1324 3767 1554 3824 locutus
1587 3783 1742 3833 sum,
1774 3766 1930 3821 testi-

275 3856 546 3914 monium
575 3856 816 3930 perhibe
847 3857 916 3913 de
943 3857 1132 3914 malo:
1169 3857 1218 3913 si
1251 3857 1416 3923 bene,
1448 3855 1590 3929 quid
1622 3870 1715 3910 me
1757 3855 1928 3909 caedis

274 3948 452 4014 (loan.
492 3963 654 4016 xvm,
685 3947 824 4016 23)?
858 3969 884 3995 »
915 3947 1059 4003 Vide
1089 3945 1586 4018 quemadmodum
1601 3943 1769 4016 quasi
1799 3959 1930 3999 vere

273 4034 568 4102 inﬁrmus,
600 4039 657 4090 et
678 4035 846 4106 quasi
879 4035 928 4090 is
967 4035 1068 4107 qui
1098 4051 1161 4091 se
1216 4035 1507 4090 vindicare
1561 4049 1674 4088 non
1707 4037 1925 4105 posset,

278 4122 487 4196 puerili
518 4125 774 4195 quodam
806 4123 1154 4196 loquebatur
1174 4123 1418 4180 all'ectu:
1453 4123 1535 4179 ita
1573 4139 1708 4195 ergo
1753 4129 1808 4177 et
1864 4125 1926 4176 tu

279 4213 328 4270 si
349 4211 568 4268 habeas
600 4228 714 4283 quo
746 4212 1061 4284 redarguas
1092 4217 1456 4284 arguentem,
1515 4211 1725 4267 melius
1774 4215 1925 4266 tace-

277 4301 420 4369 bis;
467 4317 539 4357 ne
578 4300 963 4372 redarguendi
1010 4299 1415 4357 vicissitudine
1471 4299 1925 4357 commotionem

277 4394 442 4446 tuam
468 4387 918 4462 prodas.Melius
949 4392 1038 4445 est
1054 4389 1212 4444 enim
1226 4387 1601 4444 dissimulare
1621 4388 1922 4461 injuriam,

278 4495 454 4552 quam
485 4495 622 4536 cum
654 4477 977 4550 redarguis,
995 4477 1310 4534 vindicare.
1337 4478 1530 4534 Bonus
1577 4482 1798 4546 mutus,
1824 4478 1925 4549 qui

276 4567 436 4642 loqui
466 4565 618 4624 male
641 4565 844 4635 nescit,
879 4567 1048 4636 cujus
1079 4582 1148 4622 ex
1171 4580 1269 4622 ore
1316 4565 1536 4622 crimen
1596 4565 1751 4622 exire
1807 4582 1922 4621 non

2036 625 2208 680 batur
2232 625 2302 679 ad
2335 627 2606 690 mortem,
2640 622 2870 679 silentio
2903 637 2966 677 se
2996 619 3248 694 tegebat,
3311 637 3382 675 ne
3441 620 3691 676 nudaret

2033 715 2338 786 pudorem.
2373 718 2534 768 Intra
2564 729 2626 768 se
2654 717 2850 768 tamen
2881 711 3230 783 loquebatur
3260 714 3393 779 Deo,
3424 710 3523 781 qui
3557 725 3685 765 eam

2035 804 2223 874 magis
2257 802 2475 857 audivit
2508 806 2834 858 tacentem:
2869 817 2996 873 quae
3058 799 3105 856 si
3166 799 3445 855 voluisset
3508 798 3688 870 loqui,

2036 891 2278 948 forsitan
2312 909 2427 947 non
2459 895 2610 946 esset
2653 891 2872 945 audita.

2108 999 2193 1054 46.
2228 1000 2296 1053 Et
2329 1003 2388 1053 tu
2430 1013 2567 1070 ergo
2627 997 2727 1069 qui
2783 996 3137 1068 proposuisti
3197 996 3532 1052 satisfacere
3589 1011 3693 1066 pro

2035 1087 2264 1144 delictis
2292 1087 2537 1142 Domino
2573 1086 2687 1140 Deo
2720 1089 2843 1152 tuo,
2875 1083 2960 1138 illi
3023 1084 3129 1140 soli
3188 1083 3462 1140 interiore
3520 1083 3694 1138 corde

2035 1182 2090 1232 te
2123 1193 2328 1248 purga,
2365 1175 2537 1230 illum
2569 1179 2865 1240 contuere,
2920 1174 3018 1245 qui
3082 1178 3268 1245 potest
3321 1179 3558 1245 peccata
3611 1171 3692 1226 di-

2036 1265 2212 1320 luere.
2250 1267 2496 1335 Adjuvat
2530 1268 2605 1330 te,
2644 1265 2742 1336 qui
2777 1264 3066 1336 putaverit
3098 1263 3484 1335 arguendum.
3521 1260 3691 1316 Deni-

2036 1372 2148 1427 que
2177 1371 2308 1409 cum
2343 1353 2782 1409 maledicer‘etur
2814 1353 3008 1420 David,
3043 1357 3098 1407 et
3130 1353 3258 1422 ejus
3299 1353 3416 1406 dux
3471 1351 3695 1407 Abessa

2035 1443 2312 1514 injuriam
2348 1442 2498 1514 regis
2529 1441 2700 1498 vellet
2734 1441 2955 1506 ulcisci,
2991 1441 3135 1496 dixit
3165 1441 3232 1495 ad
3271 1457 3403 1496 eum
3465 1439 3646 1494 David
3679 1457 3692 1505 ;

2036 1553 2062 1579 ‹‹
2099 1529 2335 1585 Dimitte
2362 1529 2551 1595 illum,
2586 1534 2649 1584 ut
2681 1529 3027 1596 maledicat;
3081 1529 3360 1601 quoniam
3410 1527 3554 1583 dixit
3610 1526 3695 1581 illi

2034 1619 2340 1685 Dominus,
2374 1623 2438 1673 ut
2467 1619 2656 1673 videat
2683 1617 3076 1673 humilitatem
3106 1635 3316 1687 meam,
3339 1617 3696 1674 etretribuat

2035 1707 2180 1762 mihi
2214 1707 2520 1772 Dominus,
2572 1709 2727 1762 bona
2786 1723 2889 1778 pro
2952 1707 3261 1762 maledicto
3319 1707 3428 1762 hoc
3459 1709 3531 1776 (II
3562 1707 3689 1776 Reg.

2033 1813 2149 1861 xvr,
2187 1797 2290 1865 10).
2323 1818 2342 1845 ι
2379 1795 2554 1850 Vides
2587 1796 2766 1868 igitur
2795 1797 2949 1867 quod
2985 1813 3018 1850 a
3074 1795 3537 1851 conviciantibus
3593 1794 3694 1849 ad-

2029 1884 2275 1957 juveris,
2312 1888 2375 1940 ut
2407 1885 2691 1939 Dominus
2725 1884 2923 1939 audiat
2977 1889 3032 1939 te
3064 1889 3121 1939 et
3173 1887 3475 1956 peccatum
3526 1886 3694 1938 tuum

2046 1974 2349 2030 remittat?
2372 1974 2516 2028 Nam
2547 1990 2682 2029 cum
2730 1973 2853 2045 ipse
2876 1977 3183 2028 accusator
3199 1972 3281 2027 tui
3309 1987 3438 2027 esse
3462 1971 3696 2036 debeas,

2044 2068 2100 2120 et
2131 2079 2470 2118 coacervare
2500 2063 2742 2135 flagitia,
2766 2068 2939 2134 teque
2984 2063 3179 2134 ipsum
3241 2060 3416 2117 etl'ere
3472 2057 3697 2131 suppli-

2043 2153 2164 2218 cio;
2200 2151 2493 2223 quomodo
2554 2169 2766 2224 negare
2817 2153 3046 2223 objecta
3105 2141 3457 2207 desideras?
3515 2147 3700 2204 Poeni-

2042 2241 2226 2296 tentia
2255 2240 2594 2312 patientiam
2629 2241 2852 2312 quaerit,
2889 2241 3171 2312 patientia
3201 2239 3430 2311 mitigat
3487 2237 3698 2293 delicta

2042 2346 2274 2402 magna.
2309 2329 2608 2392 Quomodo
2666 2330 2935 2385 irasceris
3003 2329 3156 2394 aliis,
3219 2334 3329 2384 tute
3389 2328 3514 2400 ipse
3565 2342 3698 2382 reus

2039 2418 2407 2473 conscientiae
2429 2418 2456 2471 ?
2489 2417 2792 2481 Quomodo
2825 2419 3234 2484 commoveris,
3293 2433 3432 2474 cum
3480 2415 3698 2472 debeas

2040 2523 2169 2562 esse
2201 2506 2551 2561 miserabilis
2573 2507 2601 2560 ?
2631 2507 2737 2572 Qui
2787 2508 3071 2578 arguitur,
3106 2511 3163 2562 et
3188 2507 3363 2579 (quod
3427 2508 3517 2562 est
3575 2519 3697 2558 am-

2040 2595 2215 2667 plius)
2251 2611 2284 2650 a
2316 2595 2649 2666 semetipso,
2675 2612 2877 2651 curare
2907 2596 3079 2651 debet
3109 2613 3216 2650 sua
3253 2595 3516 2664 vulnera,
3576 2608 3692 2648 non

2040 2684 2292 2739 alterum
2349 2683 2673 2740 vulnerare.
2734 2688 2914 2740 Nemo
2975 2683 3154 2740 alium
3215 2683 3574 2739 vulnerando
3629 2696 3692 2734 se

2041 2777 2226 2829 sanat.
2265 2773 2503 2838 Medica,
2540 2789 2680 2827 cura
2729 2773 3003 2844 teipsum.
3066 2772 3123 2828 Si
3159 2772 3443 2838 medicus,
3476 2772 3698 2841 quanto

2040 2861 2227 2932 magis
2250 2877 2385 2916 reus
2417 2861 2578 2932 prius
2613 2877 2815 2916 curare
2848 2877 2908 2917 se
2941 2861 3112 2916 debet
3139 2863 3150 2915 ι
3208 2859 3516 2915 Confiteris
3572 2872 3700 2930 pec-

2038 2956 2237 3006 catum
2276 2955 2468 3017 tuum,
2516 2953 2573 3004 et
2631 2949 2928 3005 medicum
2969 2955 3021 3005 te
3078 2949 3368 3022 proﬁteris
3399 2948 3692 3006 alienum:

2038 3039 2144 3094 etsi
2194 3038 2452 3095 veritatis
2507 3042 2594 3093 est
2643 3039 2794 3110 quod
2853 3043 3174 3110 retorques,
3225 3038 3508 3111 temporis
3581 3057 3696 3096 non

2039 3133 2163 3196 est;
2194 3128 2479 3201 peccatori
2513 3127 2670 3184 enim
2702 3128 2846 3185 dixit
2881 3133 3062 3183 Deus:
3101 3151 3126 3177 ‹‹
3178 3130 3366 3195 Quare
3414 3133 3477 3183 tu
3537 3145 3699 3184 enar-

2039 3235 2134 3274 ras
2174 3217 2440 3290 justitias
2520 3233 2680 3273 meas
2729 3219 2898 3286 (Psal.
2938 3235 3086 3286 xux,
3121 3219 3207 3288 17)
3235 3217 3262 3271 ‘?
3304 3241 3330 3266 ››
3392 3217 3699 3289 Usurpasti

2040 3307 2146 3362 tibi
2175 3311 2236 3362 ut
2269 3307 2342 3362 de
2369 3306 2493 3379 lege
2524 3323 2760 3379 arguas,
2793 3307 2890 3378 qui
2925 3305 3326 3379 contralegem
3347 3307 3469 3379 ipse
3487 3306 3696 3362 fecisti.

2040 3394 2186 3461 Quid
2218 3395 2608 3466 lacrymarum
2656 3401 2891 3468 tempus
2939 3395 3204 3452 amittis?
3252 3396 3401 3461 Quid
3459 3412 3694 3452 concer-

2039 3483 2216 3538 tando
2245 3499 2430 3538 vanos
2486 3500 2787 3540 sermones
2848 3490 2950 3540 aut
3008 3485 3180 3540 audis
3250 3488 3351 3540 aut
3395 3484 3696 3556 loqueris;

2041 3587 2174 3626 cum
2206 3570 2312 3625 tibi
2337 3571 2620 3642 scriptum
2657 3572 2770 3627 sit:
2806 3573 2928 3628 Non
2962 3573 3216 3643 accipias
3277 3555 3545 3630 auditum
3600 3590 3698 3629 va-
3755 3555 3761 3562 Ι

2042 3675 2183 3714 num
2219 3659 2410 3729 (Exod.
2461 3677 2621 3727 xxm,
2684 3661 2784 3729 1):
2847 3677 2980 3715 cum
3041 3661 3246 3733 legeris
3293 3663 3352 3717 in
3387 3662 3692 3737 Evangelio

2041 3748 2148 3804 Pro
2209 3747 2371 3804 omni
2430 3765 2697 3805 sermone
2750 3748 2936 3804 otioso
2992 3750 3286 3818 judicium
3355 3769 3484 3808 esse
3560 3753 3699 3807 sub-

2039 3837 2299 3892 eundum
2358 3837 2565 3908 (Matth.
2626 3855 2728 3903 x11,
2787 3836 2926 3907 37)?
2994 3837 3110 3892 Etsi
3182 3837 3332 3893 alius
3417 3840 3698 3910 loquitur,

2038 3928 2200 3982 tace:
2256 3926 2364 3982 etsi
2433 3925 2583 3982 alius
2647 3925 3028 3992 conviciatur,
3108 3942 3308 3981 aurem
3362 3930 3526 3982 tuam
3593 3929 3696 3982 ob-

2038 4019 2220 4070 strue.

2111 4121 2257 4178 887
2312 4123 2398 4178 47.
2456 4121 2640 4192 (Vers.
2696 4123 2781 4190 16,
2856 4122 2966 4193 17.)
3021 4121 3202 4178 David
3258 4122 3500 4179 tacendo
3565 4123 3704 4180 vicit

2037 4211 2398 4266 adversarios
2427 4227 2600 4266 suos:
2635 4215 2691 4266 et
2736 4210 2876 4282 quia
2920 4210 3072 4265 sicut
3119 4215 3320 4267 mutus
3369 4211 3558 4267 factus
3589 4216 3697 4279 est,

2034 4315 2234 4356 vocem
2265 4299 2520 4372 recepit;
2566 4299 2705 4370 quia
2760 4315 3076 4354 conversus
3128 4300 3202 4354 ad
3253 4299 3571 4356 Dominum
3618 4299 3702 4356 lo-

2035 4389 2324 4460 quehatur
2354 4389 2589 4444 dicens:
2625 4411 2652 4437 ‹‹
2685 4387 2970 4451 Quoniam
3013 4387 3070 4442 in
3118 4392 3194 4458 te,
3250 4390 3507 4457 Domine,
3565 4407 3698 4462 spe-

2035 4476 2155 4532 ravi
2185 4493 2196 4531 :
2233 4480 2294 4531 tu
2328 4477 2602 4532 exaudies
2626 4492 2739 4542 me,
2773 4476 3038 4543 Domine,
3082 4477 3235 4533 Deus
3295 4495 3482 4535 meus.
3549 4479 3695 4546 Quia

2035 4565 2173 4634 dixi,
2209 4582 2280 4620 ne
2310 4564 2627 4637 aliquando
2659 4566 2954 4621 exsultent
3004 4567 3063 4622 in
3113 4582 3206 4622 me
3239 4567 3459 4624 inimici
3495 4567 3631 4624 mei.
3673 4592 3698 4617 ››

276 4657 454 4713 novit.
489 4656 592 4713 Hic
622 4660 712 4712 est
741 4660 943 4714 mutus
974 4671 1104 4711 vere
1133 4654 1360 4724 beatus,
1403 4655 1503 4727 qui
1563 4671 1697 4710 cum
1756 4659 1926 4722 tacet,
1961 4642 2006 4706 D
2037 4654 2180 4710 Vide
2210 4653 2468 4726 singula:
2503 4655 2730 4710 tacebat
2759 4653 2960 4723 David,
3007 4654 3401 4728 loquebantur
3449 4657 3694 4723 inimici,

277 4743 433 4800 intra
462 4759 523 4800 se
553 4743 832 4815 loquitur.
867 4743 1151 4800 Dominus
1182 4744 1281 4799 dat
1312 4741 1454 4798 mihi
1485 4742 1749 4816 linguam
1791 4761 1922 4800 eru-

275 4831 539 4898 ditionis,
572 4837 636 4886 ut
665 4831 850 4887 sciam
880 4833 1169 4904 quomodo
1193 4835 1456 4904 oporteat
1473 4848 1565 4888 me
1593 4831 1780 4888 dicere
1801 4849 1922 4888 ser-

279 4937 530 4978 monem.
585 4920 750 4977 Talia
779 4921 1128 4993 loquebatur
1156 4921 1310 4977 intra
1338 4938 1399 4976 se
1427 4920 1759 4989 Zacharias,
1790 4937 1924 4977 cum

279 5008 674 5066 ohmutuiss’et
700 5027 712 5065 :
747 5014 805 5065 et
832 5025 963 5066 vere
994 5009 1133 5081 quia
1161 5009 1321 5081 loqui
1353 5010 1403 5065 ei
1436 5027 1550 5066 non
1605 5010 1924 5082 profuerat,

280 5113 352 5154 ne
381 5097 735 5170 loqueretur,
769 5097 1098 5154 obmutuit:
1133 5101 1188 5153 et
1219 5102 1282 5154 ut
1302 5097 1659 5170 loqueretur,
1679 5099 1925 5154 exaudi-

283 5189 374 5242 tus
405 5203 439 5242 a
469 5185 696 5242 Christo
729 5191 835 5243 est.
862 5185 1121 5259 Denique
1153 5187 1389 5259 scripsit
1447 5189 1599 5258 quod
1658 5187 1926 5244 Christus

278 5274 602 5342 exaudiret;
637 5279 694 5332 et
733 5292 929 5330 vocem
980 5275 1212 5346 recepit,
1273 5291 1446 5346 quam
1511 5273 1779 5331 Christus
1839 5276 1924 5330 in-

275 5362 455 5419 dulsit
480 5381 492 5429 ;
522 5367 578 5419 et
606 5363 856 5435 gratiam
889 5361 1357 5434 adjunxit,quam
1380 5368 1514 5418 ante
1537 5379 1649 5418 non
1678 5363 1886 5419 habuit
1912 5383 1923 5430 ;

281 5456 342 5507 ut
374 5450 745 5523 prophetaret
767 5467 922 5517 eum,
957 5451 1125 5522 cujus
1158 5451 1451 5506 mandatis
1493 5456 1626 5508 ante
1657 5470 1771 5508 non
1804 5469 1927 5508 cre-

278 5540 444 5595 didit.
480 5539 626 5602 Quid
659 5539 728 5594 de
759 5539 1005 5594 Domino
1045 5540 1307 5595 omnium
1355 5541 1637 5596 virtutum
1698 5541 1925 5613 loquor,

279 5645 412 5685 cum
445 5625 657 5682 mulier
681 5627 950 5683 Susanna
981 5644 1082 5683 nec
1098 5645 1270 5684 sexus
1301 5630 1641 5686 infirmitate
1671 5633 1928 5700 turbata,

281 5733 412 5775 cum
461 5730 524 5773 se
557 5715 628 5772 ad
662 5715 988 5789 periculum
1041 5719 1243 5776 mortis
1292 5719 1559 5791 cognovit
1613 5720 1925 5792 addictam,

2035 4743 2428 4815 provocabant
2459 4746 2522 4797 ut
2552 4742 2773 4815 aliquid
2820 4748 2876 4799 et
2927 4743 3052 4817 ipse
3111 4745 3468 4818 loqueretur.
3529 4744 3694 4799 Dice-

2035 4831 2212 4887 bant:
2242 4830 2565 4888 Audiamus
2596 4849 2793 4888 vocem
2827 4838 3010 4889 tuam.
3047 4834 3202 4888 lutra
3248 4851 3309 4890 se
3340 4833 3437 4888 ille
3479 4833 3695 4887 tacitus

2034 4919 2419 4993 loquebatur:
2446 4921 2591 4988 Quid
2627 4940 2773 4995 opus
2794 4927 2903 4990 est,
2953 4927 3018 4977 ut
3050 4923 3161 4978 ista
3186 4922 3448 4991 audiant,
3480 4921 3696 4992 quibus

2034 5010 2311 5082 prodesse
2346 5027 2458 5066 non
2497 5011 2789 5083 possunt?
2819 5035 2844 5061 ‹‹
2883 5011 2944 5065 In
2982 5016 3057 5077 te,
3095 5009 3357 5077 Domine,
3392 5011 3616 5082 speravi
3643 5027 3694 5077 ;››

2034 5099 2139 5154 tibi
2191 5098 2297 5155 soli
2351 5099 2598 5172 loquor;
2643 5105 2704 5156 tu
2757 5100 2917 5164 audi,
2964 5099 3063 5170 qui
3126 5097 3400 5155 exaudire
3433 5104 3618 5171 potes.
3650 5103 3696 5156 A

2033 5192 2090 5244 te
2117 5205 2351 5260 semper
2375 5190 2632 5262 poposci,
2667 5213 2691 5237 ι(
2727 5205 2796 5243 ne
2828 5187 3142 5259 aliquando
3165 5187 3464 5244 exsultent
3493 5188 3549 5243 in
3603 5204 3695 5244 me

2034 5276 2258 5332 inimici
2285 5277 2394 5332 mei
2425 5297 2435 5344 ;
2475 5301 2499 5326 ››
2534 5277 2673 5349 quia
2713 5277 2818 5331 etsi
2847 5275 3097 5348 peccavi,
3131 5281 3192 5330 tu
3247 5281 3550 5348 peccatum
3611 5278 3696 5332 di-

2035 5363 2248 5422 mittis:
2290 5366 2397 5421 etsi
2427 5382 2531 5438 ego
2565 5365 2767 5432 cecidi,
2816 5369 2878 5419 tu
2938 5364 3275 5431 resuscitas,
3331 5382 3403 5420 ne
3444 5365 3696 5422 habeant

2035 5454 2190 5509 unde
2219 5453 2508 5509 exsultare
2535 5453 2767 5526 possint
2797 5452 2897 5524 qui
2940 5454 3194 5524 peccatis
3229 5453 3503 5510 laetantur
3559 5454 3694 5511 alie-

2037 5542 2149 5597 nis.
2183 5542 2320 5597 Plus
2349 5541 2504 5597 enim
2537 5541 2977 5614 acquisivimus,
3013 5542 3113 5614 qui
3140 5542 3271 5614 plus
3301 5544 3690 5616 peccavimus;

2037 5632 2177 5702 quia
2207 5629 2491 5686 beatiores
2524 5631 2657 5685 facit
2684 5637 2781 5686 tua
2813 5631 3020 5703 gratia,
3055 5649 3232 5704 quam
3267 5638 3466 5690 nostra
3525 5633 3690 5688 inno-

2041 5720 2251 5776 centia.
2288 5718 2586 5776 Habemus
2619 5719 2773 5778 hunc
2810 5737 3047 5779 sensum
3081 5725 3135 5779 et
3169 5722 3228 5780 in
3258 5721 3407 5781 libro
3446 5721 3689 5780 Michaea:
