  <div class='ocr_page' id='page_1' title='image "/cluster/home/n/w/nwhite01/storage/ocr_20150623/14/hvd.32044048207138/547.png"; bbox 0 0 4146 6190; ppageno 0'>
   <div class='ocr_carea' id='block_1_1' title="bbox 571 304 726 371">
    <p class='ocr_par' dir='ltr' id='par_1_1' title="bbox 571 304 726 371">
     <span class='ocr_line' id='line_1_1' title="bbox 571 304 726 371; baseline 0.013 -3"><span class='ocrx_word' id='word_1_1' title='bbox 571 304 598 368; x_wconf 78' lang='lat' dir='ltr'>l</span> <span class='ocrx_word' id='word_1_2' title='bbox 610 305 726 371; x_wconf 80' lang='lat'>083</span> 
     </span>
    </p>
   </div>
   <div class='ocr_carea' id='block_1_2' title="bbox 2033 306 2519 378">
    <p class='ocr_par' dir='ltr' id='par_1_2' title="bbox 2033 306 2519 378">
     <span class='ocr_line' id='line_1_2' title="bbox 2033 306 2519 378; baseline 0.016 -9"><span class='ocrx_word' id='word_1_3' title='bbox 2033 307 2100 370; x_wconf 90' lang='lat' dir='ltr'>S.</span> <span class='ocrx_word' id='word_1_4' title='bbox 2143 306 2519 378; x_wconf 81' lang='lat' dir='ltr'>AMBROSI]</span> 
     </span>
    </p>
   </div>
   <div class='ocr_carea' id='block_1_3' title="bbox 3734 331 3842 398">
    <p class='ocr_par' dir='ltr' id='par_1_3' title="bbox 3734 331 3842 398">
     <span class='ocr_line' id='line_1_3' title="bbox 3734 331 3842 398; baseline 0.046 -5"><span class='ocrx_word' id='word_1_5' title='bbox 3734 331 3842 398; x_wconf 69' lang='lat' dir='ltr'>{ON</span> 
     </span>
    </p>
   </div>
   <div class='ocr_carea' id='block_1_4' title="bbox 564 434 3842 522">
    <p class='ocr_par' dir='ltr' id='par_1_4' title="bbox 564 434 3842 522">
     <span class='ocr_line' id='line_1_4' title="bbox 564 434 3842 522; baseline 0.007 -26"><span class='ocrx_word' id='word_1_6' title='bbox 564 436 881 513; x_wconf 80' lang='lat' dir='ltr'>prophetae.</span> <span class='ocrx_word' id='word_1_7' title='bbox 909 459 937 489; x_wconf 88' lang='lat'><strong>«</strong></span> <span class='ocrx_word' id='word_1_8' title='bbox 967 434 1091 494; x_wconf 85' lang='lat' dir='ltr'>Noli</span> <span class='ocrx_word' id='word_1_9' title='bbox 1114 436 1370 513; x_wconf 90' lang='lat' dir='ltr'>gaudere</span> <span class='ocrx_word' id='word_1_10' title='bbox 1401 455 1579 513; x_wconf 97' lang='lat' dir='ltr'>super</span> <span class='ocrx_word' id='word_1_11' title='bbox 1611 454 1722 509; x_wconf 83' lang='lat' dir='ltr'>me,</span> <span class='ocrx_word' id='word_1_12' title='bbox 1764 436 2004 498; x_wconf 90' lang='lat' dir='ltr'>inimica</span> <span class='ocrx_word' id='word_1_13' title='bbox 2050 456 2219 511; x_wconf 91' lang='lat' dir='ltr'>mea;</span> <span class='ocrx_word' id='word_1_14' title='bbox 2256 449 2308 518; x_wconf 68' lang='grc' dir='ltr'>Α</span> <span class='ocrx_word' id='word_1_15' title='bbox 2335 444 2603 519; x_wconf 79' lang='lat' dir='ltr'>cipiatur,</span> <span class='ocrx_word' id='word_1_16' title='bbox 2655 443 2902 522; x_wconf 75' lang='lat' dir='ltr'>castigat</span> <span class='ocrx_word' id='word_1_17' title='bbox 2939 442 3093 505; x_wconf 91' lang='lat' dir='ltr'>enim</span> <span class='ocrx_word' id='word_1_18' title='bbox 3153 442 3422 508; x_wconf 81' lang='lat' dir='ltr'>Dominus</span> <span class='ocrx_word' id='word_1_19' title='bbox 3473 468 3670 514; x_wconf 85' lang='lat' dir='ltr'>omnem</span> <span class='ocrx_word' id='word_1_20' title='bbox 3715 460 3842 522; x_wconf 82' lang='lat' dir='ltr'>tilium</span> 
     </span>
    </p>
   </div>
   <div class='ocr_carea' id='block_1_5' title="bbox 561 527 2218 602">
    <p class='ocr_par' dir='ltr' id='par_1_5' title="bbox 561 527 2218 602">
     <span class='ocr_line' id='line_1_5' title="bbox 561 527 2218 602; baseline 0.003 -19"><span class='ocrx_word' id='word_1_21' title='bbox 561 529 702 600; x_wconf 91' lang='lat' dir='ltr'>quia</span> <span class='ocrx_word' id='word_1_22' title='bbox 739 527 939 598; x_wconf 85' lang='lat' dir='ltr'>cecidi,</span> <span class='ocrx_word' id='word_1_23' title='bbox 974 528 1074 586; x_wconf 89' lang='lat' dir='ltr'>sed</span> <span class='ocrx_word' id='word_1_24' title='bbox 1109 545 1412 602; x_wconf 77' lang='lat' dir='ltr'>resurgam</span> <span class='ocrx_word' id='word_1_25' title='bbox 1447 529 1627 601; x_wconf 75' lang='lat' dir='ltr'>(Illich.</span> <span class='ocrx_word' id='word_1_26' title='bbox 1659 548 1757 599; x_wconf 84' lang='lat' dir='ltr'>vu,</span> <span class='ocrx_word' id='word_1_27' title='bbox 1791 532 1867 600; x_wconf 93' lang='lat'>8).</span> <span class='ocrx_word' id='word_1_28' title='bbox 1904 554 1931 581; x_wconf 89' lang='grc'>››</span> <span class='ocrx_word' id='word_1_29' title='bbox 1962 531 2086 587; x_wconf 85' lang='grc' dir='ltr'>Νοη</span> <span class='ocrx_word' id='word_1_30' title='bbox 2129 534 2218 588; x_wconf 90' lang='lat' dir='ltr'>est</span> 
     </span>
    </p>
   </div>
   <div class='ocr_carea' id='block_1_6' title="bbox 559 617 2215 691">
    <p class='ocr_par' dir='ltr' id='par_1_6' title="bbox 559 617 2215 691">
     <span class='ocr_line' id='line_1_6' title="bbox 559 617 2215 691; baseline 0.001 -19"><span class='ocrx_word' id='word_1_31' title='bbox 559 618 756 691; x_wconf 82' lang='lat' dir='ltr'>gravis</span> <span class='ocrx_word' id='word_1_32' title='bbox 785 617 1144 674; x_wconf 83' lang='lat' dir='ltr'>inﬁrmitatis</span> <span class='ocrx_word' id='word_1_33' title='bbox 1177 619 1367 687; x_wconf 91' lang='lat' dir='ltr'>ruina,</span> <span class='ocrx_word' id='word_1_34' title='bbox 1401 621 1450 675; x_wconf 91' lang='lat' dir='ltr'>si</span> <span class='ocrx_word' id='word_1_35' title='bbox 1484 637 1599 677; x_wconf 91' lang='lat' dir='ltr'>non</span> <span class='ocrx_word' id='word_1_36' title='bbox 1652 621 1730 676; x_wconf 89' lang='lat' dir='ltr'>sit</span> <span class='ocrx_word' id='word_1_37' title='bbox 1777 620 1950 676; x_wconf 88' lang='lat' dir='ltr'>etiam</span> <span class='ocrx_word' id='word_1_38' title='bbox 2009 619 2215 676; x_wconf 84' lang='lat' dir='ltr'>volun-</span> 
     </span>
    </p>
   </div>
   <div class='ocr_carea' id='block_1_7' title="bbox 556 707 2216 782">
    <p class='ocr_par' dir='ltr' id='par_1_7' title="bbox 556 707 2216 782">
     <span class='ocr_line' id='line_1_7' title="bbox 556 707 2216 782; baseline 0.001 -20"><span class='ocrx_word' id='word_1_39' title='bbox 556 707 696 764; x_wconf 83' lang='lat' dir='ltr'>tatis</span> <span class='ocrx_word' id='word_1_40' title='bbox 728 708 988 764; x_wconf 91' lang='lat' dir='ltr'>studium</span> <span class='ocrx_word' id='word_1_41' title='bbox 1023 708 1095 762; x_wconf 87' lang='lat' dir='ltr'>ab</span> <span class='ocrx_word' id='word_1_42' title='bbox 1125 725 1191 763; x_wconf 90' lang='lat' dir='ltr'>ea</span> <span class='ocrx_word' id='word_1_43' title='bbox 1222 725 1337 764; x_wconf 92' lang='lat' dir='ltr'>non</span> <span class='ocrx_word' id='word_1_44' title='bbox 1371 709 1735 782; x_wconf 85' lang='lat' dir='ltr'>resurgendi.</span> <span class='ocrx_word' id='word_1_45' title='bbox 1764 709 1923 765; x_wconf 84' lang='lat' dir='ltr'>Habe</span> <span class='ocrx_word' id='word_1_46' title='bbox 1951 709 2216 765; x_wconf 89' lang='lat' dir='ltr'>volunta-</span> 
     </span>
    </p>
   </div>
   <div class='ocr_carea' id='block_1_8' title="bbox 557 797 2217 872">
    <p class='ocr_par' dir='ltr' id='par_1_8' title="bbox 557 797 2217 872">
     <span class='ocr_line' id='line_1_8' title="bbox 557 797 2217 872; baseline 0.001 -20"><span class='ocrx_word' id='word_1_47' title='bbox 557 801 676 853; x_wconf 92' lang='lat' dir='ltr'>tem</span> <span class='ocrx_word' id='word_1_48' title='bbox 743 797 1041 870; x_wconf 79' lang='lat' dir='ltr'>surgendi,</span> <span class='ocrx_word' id='word_1_49' title='bbox 1113 814 1370 869; x_wconf 78' lang='lat' dir='ltr'>praesens</span> <span class='ocrx_word' id='word_1_50' title='bbox 1437 803 1526 854; x_wconf 85' lang='lat' dir='ltr'>est</span> <span class='ocrx_word' id='word_1_51' title='bbox 1580 797 1678 872; x_wconf 87' lang='lat' dir='ltr'>qui</span> <span class='ocrx_word' id='word_1_52' title='bbox 1752 798 1924 854; x_wconf 84' lang='lat' dir='ltr'>faciat</span> <span class='ocrx_word' id='word_1_53' title='bbox 1987 803 2054 854; x_wconf 92' lang='lat' dir='ltr'>ut</span> <span class='ocrx_word' id='word_1_54' title='bbox 2125 813 2217 854; x_wconf 87' lang='lat' dir='ltr'>re-</span> 
     </span>
    </p>
   </div>
   <div class='ocr_carea' id='block_1_9' title="bbox 561 903 794 959">
    <p class='ocr_par' dir='ltr' id='par_1_9' title="bbox 561 903 794 959">
     <span class='ocr_line' id='line_1_9' title="bbox 561 903 794 959; baseline -0.004 -17"><span class='ocrx_word' id='word_1_55' title='bbox 561 903 794 959; x_wconf 87' lang='lat' dir='ltr'>surgas.</span> 
     </span>
    </p>
   </div>
   <div class='ocr_carea' id='block_1_10' title="bbox 629 1002 2220 1074">
    <p class='ocr_par' dir='ltr' id='par_1_10' title="bbox 629 1002 2220 1074">
     <span class='ocr_line' id='line_1_10' title="bbox 629 1002 2220 1074; baseline 0 -18"><span class='ocrx_word' id='word_1_56' title='bbox 629 1004 715 1058; x_wconf 85' lang='grc'>48.</span> <span class='ocrx_word' id='word_1_57' title='bbox 774 1002 930 1058; x_wconf 85' lang='lat' dir='ltr'>Dixit</span> <span class='ocrx_word' id='word_1_58' title='bbox 971 1018 1106 1074; x_wconf 90' lang='lat' dir='ltr'>ergo</span> <span class='ocrx_word' id='word_1_59' title='bbox 1153 1003 1330 1058; x_wconf 86' lang='lat' dir='ltr'>David</span> <span class='ocrx_word' id='word_1_60' title='bbox 1387 1003 1446 1057; x_wconf 93' lang='lat' dir='ltr'>in</span> <span class='ocrx_word' id='word_1_61' title='bbox 1497 1003 1668 1058; x_wconf 90' lang='lat' dir='ltr'>corde</span> <span class='ocrx_word' id='word_1_62' title='bbox 1717 1019 1845 1068; x_wconf 89' lang='lat' dir='ltr'>suo,</span> <span class='ocrx_word' id='word_1_63' title='bbox 1896 1008 2099 1073; x_wconf 87' lang='lat' dir='ltr'>petens</span> <span class='ocrx_word' id='word_1_64' title='bbox 2154 1006 2220 1056; x_wconf 93' lang='lat' dir='ltr'>ut</span> 
     </span>
    </p>
   </div>
   <div class='ocr_carea' id='block_1_11' title="bbox 557 1090 2216 1156">
    <p class='ocr_par' dir='ltr' id='par_1_11' title="bbox 557 1090 2216 1156">
     <span class='ocr_line' id='line_1_11' title="bbox 557 1090 2216 1156; baseline -0.001 -9"><span class='ocrx_word' id='word_1_65' title='bbox 557 1091 998 1147; x_wconf 85' lang='lat' dir='ltr'>exaudiretura</span> <span class='ocrx_word' id='word_1_66' title='bbox 1041 1092 1300 1156; x_wconf 88' lang='lat' dir='ltr'>Domino,</span> <span class='ocrx_word' id='word_1_67' title='bbox 1353 1095 1409 1147; x_wconf 87' lang='lat' dir='ltr'>et</span> <span class='ocrx_word' id='word_1_68' title='bbox 1462 1097 1526 1146; x_wconf 92' lang='lat' dir='ltr'>ut</span> <span class='ocrx_word' id='word_1_69' title='bbox 1575 1109 1691 1147; x_wconf 89' lang='lat' dir='ltr'>non</span> <span class='ocrx_word' id='word_1_70' title='bbox 1749 1090 2109 1146; x_wconf 82' lang='lat' dir='ltr'>exsultarent</span> <span class='ocrx_word' id='word_1_71' title='bbox 2157 1090 2216 1146; x_wconf 92' lang='lat' dir='ltr'>in</span> 
     </span>
    </p>
   </div>
   <div class='ocr_carea' id='block_1_12' title="bbox 553 1179 2211 1251">
    <p class='ocr_par' dir='ltr' id='par_1_12' title="bbox 553 1179 2211 1251">
     <span class='ocr_line' id='line_1_12' title="bbox 553 1179 2211 1251; baseline -0.001 -16"><span class='ocrx_word' id='word_1_72' title='bbox 553 1197 689 1236; x_wconf 90' lang='lat' dir='ltr'>eum</span> <span class='ocrx_word' id='word_1_73' title='bbox 720 1180 848 1250; x_wconf 83' lang='lat' dir='ltr'>ejus</span> <span class='ocrx_word' id='word_1_74' title='bbox 881 1180 1139 1235; x_wconf 90' lang='lat' dir='ltr'>inimici:</span> <span class='ocrx_word' id='word_1_75' title='bbox 1176 1185 1377 1251; x_wconf 79' lang='lat' dir='ltr'>petens</span> <span class='ocrx_word' id='word_1_76' title='bbox 1409 1179 1585 1235; x_wconf 87' lang='lat' dir='ltr'>etiam</span> <span class='ocrx_word' id='word_1_77' title='bbox 1631 1185 1695 1234; x_wconf 91' lang='lat' dir='ltr'>ut</span> <span class='ocrx_word' id='word_1_78' title='bbox 1751 1181 1810 1235; x_wconf 89' lang='lat' dir='ltr'>in</span> <span class='ocrx_word' id='word_1_79' title='bbox 1871 1179 2211 1235; x_wconf 58' lang='lat' dir='ltr'>conversio-</span> 
     </span>
    </p>
   </div>
   <div class='ocr_carea' id='block_1_13' title="bbox 555 1257 2217 1340">
    <p class='ocr_par' dir='ltr' id='par_1_13' title="bbox 555 1257 2217 1340">
     <span class='ocr_line' id='line_1_13' title="bbox 555 1257 2217 1340; baseline 0 -18"><span class='ocrx_word' id='word_1_80' title='bbox 555 1268 645 1323; x_wconf 91' lang='lat' dir='ltr'>nis</span> <span class='ocrx_word' id='word_1_81' title='bbox 675 1285 793 1324; x_wconf 72' lang='lat' dir='ltr'>sua:</span> <span class='ocrx_word' id='word_1_82' title='bbox 825 1268 1125 1340; x_wconf 91' lang='lat' dir='ltr'>proposito</span> <span class='ocrx_word' id='word_1_83' title='bbox 1157 1273 1562 1340; x_wconf 81' lang='lat' dir='ltr'>permaneret:</span> <span class='ocrx_word' id='word_1_84' title='bbox 1599 1285 1692 1335; x_wconf 89' lang='lat' dir='ltr'>ne,</span> <span class='ocrx_word' id='word_1_85' title='bbox 1739 1269 1882 1322; x_wconf 90' lang='lat' dir='ltr'>dum</span> <span class='ocrx_word' id='word_1_86' title='bbox 1935 1257 2217 1339; x_wconf 75' lang='lat' dir='ltr'>propositi</span> 
     </span>
    </p>
   </div>
   <div class='ocr_carea' id='block_1_14' title="bbox 556 1356 2219 1432">
    <p class='ocr_par' dir='ltr' id='par_1_14' title="bbox 556 1356 2219 1432">
     <span class='ocr_line' id='line_1_14' title="bbox 556 1356 2219 1432; baseline -0.001 -19"><span class='ocrx_word' id='word_1_87' title='bbox 556 1357 646 1413; x_wconf 89' lang='lat' dir='ltr'>sui</span> <span class='ocrx_word' id='word_1_88' title='bbox 677 1374 918 1429; x_wconf 86' lang='lat' dir='ltr'>gressus</span> <span class='ocrx_word' id='word_1_89' title='bbox 948 1357 1118 1432; x_wconf 80' lang='lat' dir='ltr'>quasi</span> <span class='ocrx_word' id='word_1_90' title='bbox 1145 1359 1386 1429; x_wconf 89' lang='lat' dir='ltr'>quidam</span> <span class='ocrx_word' id='word_1_91' title='bbox 1418 1358 1595 1428; x_wconf 85' lang='lat' dir='ltr'>pedes</span> <span class='ocrx_word' id='word_1_92' title='bbox 1628 1375 1748 1412; x_wconf 69' lang='lat' dir='ltr'>suae</span> <span class='ocrx_word' id='word_1_93' title='bbox 1796 1356 2008 1412; x_wconf 62' lang='lat' dir='ltr'>animae</span> <span class='ocrx_word' id='word_1_94' title='bbox 2055 1372 2219 1412; x_wconf 88' lang='lat' dir='ltr'>com-</span> 
     </span>
    </p>
   </div>
   <div class='ocr_carea' id='block_1_15' title="bbox 555 1445 2216 1518">
    <p class='ocr_par' dir='ltr' id='par_1_15' title="bbox 555 1445 2216 1518">
     <span class='ocr_line' id='line_1_15' title="bbox 555 1445 2216 1518; baseline -0.001 -16"><span class='ocrx_word' id='word_1_95' title='bbox 555 1451 883 1511; x_wconf 83' lang='lat' dir='ltr'>moventur,</span> <span class='ocrx_word' id='word_1_96' title='bbox 919 1445 978 1500; x_wconf 91' lang='lat' dir='ltr'>in</span> <span class='ocrx_word' id='word_1_97' title='bbox 1009 1462 1142 1500; x_wconf 90' lang='lat' dir='ltr'>eum</span> <span class='ocrx_word' id='word_1_98' title='bbox 1176 1445 1492 1502; x_wconf 82' lang='lat' dir='ltr'>adversarii</span> <span class='ocrx_word' id='word_1_99' title='bbox 1544 1446 1799 1518; x_wconf 90' lang='lat' dir='ltr'>superba</span> <span class='ocrx_word' id='word_1_100' title='bbox 1830 1450 1887 1501; x_wconf 88' lang='lat' dir='ltr'>et</span> <span class='ocrx_word' id='word_1_101' title='bbox 1929 1445 2216 1518; x_wconf 87' lang='lat' dir='ltr'>magnilo-</span> 
     </span>
    </p>
   </div>
   <div class='ocr_carea' id='block_1_16' title="bbox 553 1533 2228 1606">
    <p class='ocr_par' dir='ltr' id='par_1_16' title="bbox 553 1533 2228 1606">
     <span class='ocr_line' id='line_1_16' title="bbox 553 1533 2228 1606; baseline -0.001 -16"><span class='ocrx_word' id='word_1_102' title='bbox 553 1534 805 1606; x_wconf 68' lang='lat' dir='ltr'>quentia:</span> <span class='ocrx_word' id='word_1_103' title='bbox 834 1533 1006 1604; x_wconf 89' lang='lat' dir='ltr'>plena</span> <span class='ocrx_word' id='word_1_104' title='bbox 1039 1533 1456 1605; x_wconf 85' lang='lat' dir='ltr'>loquerentur;</span> <span class='ocrx_word' id='word_1_105' title='bbox 1492 1539 1557 1589; x_wconf 89' lang='lat' dir='ltr'>ut</span> <span class='ocrx_word' id='word_1_106' title='bbox 1589 1533 1810 1590; x_wconf 87' lang='lat' dir='ltr'>faciunt</span> <span class='ocrx_word' id='word_1_107' title='bbox 1861 1534 1961 1605; x_wconf 89' lang='lat' dir='ltr'>qui</span> <span class='ocrx_word' id='word_1_108' title='bbox 2021 1533 2228 1588; x_wconf 64' lang='lat' dir='ltr'>insulm</span> 
     </span>
    </p>
   </div>
   <div class='ocr_carea' id='block_1_17' title="bbox 553 1622 2217 1694">
    <p class='ocr_par' dir='ltr' id='par_1_17' title="bbox 553 1622 2217 1694">
     <span class='ocr_line' id='line_1_17' title="bbox 553 1622 2217 1694; baseline -0.001 -16"><span class='ocrx_word' id='word_1_109' title='bbox 553 1627 677 1678; x_wconf 90' lang='lat' dir='ltr'>tare</span> <span class='ocrx_word' id='word_1_110' title='bbox 706 1623 1060 1678; x_wconf 87' lang='lat' dir='ltr'>desiderant.</span> <span class='ocrx_word' id='word_1_111' title='bbox 1095 1623 1353 1678; x_wconf 79' lang='lat' dir='ltr'>Tametsi</span> <span class='ocrx_word' id='word_1_112' title='bbox 1386 1628 1686 1678; x_wconf 85' lang='lat' dir='ltr'>moveatur</span> <span class='ocrx_word' id='word_1_113' title='bbox 1735 1627 1800 1676; x_wconf 90' lang='lat' dir='ltr'>ut</span> <span class='ocrx_word' id='word_1_114' title='bbox 1856 1622 2052 1688; x_wconf 91' lang='lat' dir='ltr'>homo,</span> <span class='ocrx_word' id='word_1_115' title='bbox 2115 1638 2217 1694; x_wconf 90' lang='lat' dir='ltr'>pa-</span> 
     </span>
    </p>
   </div>
   <div class='ocr_carea' id='block_1_18' title="bbox 505 1709 2216 1783">
    <p class='ocr_par' dir='ltr' id='par_1_18' title="bbox 505 1709 2216 1783">
     <span class='ocr_line' id='line_1_18' title="bbox 505 1709 2216 1783; baseline -0.001 -16"><span class='ocrx_word' id='word_1_116' title='bbox 505 1733 516 1742; x_wconf 69' lang='grc' dir='ltr'>ν</span> <span class='ocrx_word' id='word_1_117' title='bbox 554 1715 746 1768; x_wconf 89' lang='lat' dir='ltr'>ratum</span> <span class='ocrx_word' id='word_1_118' title='bbox 783 1711 853 1766; x_wconf 92' lang='lat' dir='ltr'>ad</span> <span class='ocrx_word' id='word_1_119' title='bbox 889 1709 1122 1782; x_wconf 85' lang='lat' dir='ltr'>ﬂagella</span> <span class='ocrx_word' id='word_1_120' title='bbox 1159 1727 1221 1765; x_wconf 90' lang='lat' dir='ltr'>se</span> <span class='ocrx_word' id='word_1_121' title='bbox 1250 1710 1412 1778; x_wconf 86' lang='lat' dir='ltr'>dicit,</span> <span class='ocrx_word' id='word_1_122' title='bbox 1448 1715 1513 1766; x_wconf 92' lang='lat' dir='ltr'>ut</span> <span class='ocrx_word' id='word_1_123' title='bbox 1541 1710 1629 1766; x_wconf 86' lang='lat' dir='ltr'>vel</span> <span class='ocrx_word' id='word_1_124' title='bbox 1675 1709 1966 1783; x_wconf 91' lang='lat' dir='ltr'>supplicio</span> <span class='ocrx_word' id='word_1_125' title='bbox 2025 1710 2216 1766; x_wconf 91' lang='lat' dir='ltr'>solvat</span> 
     </span>
    </p>
   </div>
   <div class='ocr_carea' id='block_1_19' title="bbox 2328 535 2776 610">
    <p class='ocr_par' dir='ltr' id='par_1_19' title="bbox 2328 535 2776 610">
     <span class='ocr_line' id='line_1_19' title="bbox 2328 535 2776 610; baseline 0.002 -19"><span class='ocrx_word' id='word_1_126' title='bbox 2328 552 2504 608; x_wconf 87' lang='lat' dir='ltr'>quem</span> <span class='ocrx_word' id='word_1_127' title='bbox 2552 535 2776 610; x_wconf 89' lang='lat' dir='ltr'>recipit.</span> 
     </span>
    </p>
   </div>
   <div class='ocr_carea' id='block_1_20' title="bbox 2396 625 3847 708">
    <p class='ocr_par' dir='ltr' id='par_1_20' title="bbox 2396 625 3847 708">
     <span class='ocr_line' id='line_1_20' title="bbox 2396 625 3847 708; baseline 0.012 -28"><span class='ocrx_word' id='word_1_128' title='bbox 2396 627 2484 681; x_wconf 87' lang='grc'>5-1.</span> <span class='ocrx_word' id='word_1_129' title='bbox 2519 626 2703 699; x_wconf 81' lang='lat' dir='ltr'>(Vere.</span> <span class='ocrx_word' id='word_1_130' title='bbox 2741 626 2852 698; x_wconf 86' lang='grc'>19.)</span> <span class='ocrx_word' id='word_1_131' title='bbox 2885 625 2945 682; x_wconf 90' lang='lat' dir='ltr'>Si</span> <span class='ocrx_word' id='word_1_132' title='bbox 2977 626 3272 684; x_wconf 85' lang='lat' dir='ltr'>servulum</span> <span class='ocrx_word' id='word_1_133' title='bbox 3301 632 3456 686; x_wconf 91' lang='lat' dir='ltr'>tuum</span> <span class='ocrx_word' id='word_1_134' title='bbox 3493 630 3659 690; x_wconf 89' lang='lat' dir='ltr'>videas</span> <span class='ocrx_word' id='word_1_135' title='bbox 3683 647 3847 708; x_wconf 81' lang='lat' dir='ltr'>peccata</span> 
     </span>
    </p>
   </div>
   <div class='ocr_carea' id='block_1_21' title="bbox 2327 715 3847 793">
    <p class='ocr_par' dir='ltr' id='par_1_21' title="bbox 2327 715 3847 793">
     <span class='ocr_line' id='line_1_21' title="bbox 2327 715 3847 793; baseline 0.009 -24"><span class='ocrx_word' id='word_1_136' title='bbox 2327 715 2566 788; x_wconf 91' lang='lat' dir='ltr'>propria</span> <span class='ocrx_word' id='word_1_137' title='bbox 2601 715 2980 772; x_wconf 80' lang='lat' dir='ltr'>conﬁtentem</span> <span class='ocrx_word' id='word_1_138' title='bbox 3028 715 3182 772; x_wconf 91' lang='lat' dir='ltr'>ultro</span> <span class='ocrx_word' id='word_1_139' title='bbox 3219 718 3410 774; x_wconf 83' lang='lat' dir='ltr'>oﬂ‘erre</span> <span class='ocrx_word' id='word_1_140' title='bbox 3454 735 3510 775; x_wconf 90' lang='lat' dir='ltr'>se</span> <span class='ocrx_word' id='word_1_141' title='bbox 3535 738 3703 793; x_wconf 61' lang='lat' dir='ltr'>poene,</span> <span class='ocrx_word' id='word_1_142' title='bbox 3739 727 3847 783; x_wconf 83' lang='lat' dir='ltr'>inﬂe-</span> 
     </span>
    </p>
   </div>
   <div class='ocr_carea' id='block_1_22' title="bbox 2326 803 3846 877">
    <p class='ocr_par' dir='ltr' id='par_1_22' title="bbox 2326 803 3846 877">
     <span class='ocr_line' id='line_1_22' title="bbox 2326 803 3846 877; baseline 0.007 -18"><span class='ocrx_word' id='word_1_143' title='bbox 2326 804 2522 870; x_wconf 88' lang='lat' dir='ltr'>cteris,</span> <span class='ocrx_word' id='word_1_144' title='bbox 2556 803 2852 877; x_wconf 86' lang='lat' dir='ltr'>ignoscis:</span> <span class='ocrx_word' id='word_1_145' title='bbox 2911 809 2969 860; x_wconf 91' lang='lat' dir='ltr'>et</span> <span class='ocrx_word' id='word_1_146' title='bbox 3017 805 3089 860; x_wconf 91' lang='lat' dir='ltr'>de</span> <span class='ocrx_word' id='word_1_147' title='bbox 3130 805 3354 862; x_wconf 91' lang='lat' dir='ltr'>Domini</span> <span class='ocrx_word' id='word_1_148' title='bbox 3401 808 3715 868; x_wconf 85' lang='lat' dir='ltr'>miseratione</span> <span class='ocrx_word' id='word_1_149' title='bbox 3745 815 3846 870; x_wconf 84' lang='lat' dir='ltr'>difﬁ-</span> 
     </span>
    </p>
   </div>
   <div class='ocr_carea' id='block_1_23' title="bbox 2327 893 3848 968">
    <p class='ocr_par' dir='ltr' id='par_1_23' title="bbox 2327 893 3848 968">
     <span class='ocr_line' id='line_1_23' title="bbox 2327 893 3848 968; baseline 0.007 -21"><span class='ocrx_word' id='word_1_150' title='bbox 2327 893 2420 948; x_wconf 90' lang='lat' dir='ltr'>dis</span> <span class='ocrx_word' id='word_1_151' title='bbox 2441 894 2468 948; x_wconf 88' lang='lat'><strong>?</strong></span> <span class='ocrx_word' id='word_1_152' title='bbox 2496 893 2684 950; x_wconf 85' lang='lat' dir='ltr'>Judex</span> <span class='ocrx_word' id='word_1_153' title='bbox 2714 893 2839 966; x_wconf 90' lang='lat' dir='ltr'>ipse</span> <span class='ocrx_word' id='word_1_154' title='bbox 2868 893 2962 950; x_wconf 90' lang='lat' dir='ltr'>cui</span> <span class='ocrx_word' id='word_1_155' title='bbox 2994 911 3107 950; x_wconf 91' lang='lat' dir='ltr'>non</span> <span class='ocrx_word' id='word_1_156' title='bbox 3141 893 3274 951; x_wconf 88' lang='lat' dir='ltr'>licet</span> <span class='ocrx_word' id='word_1_157' title='bbox 3303 895 3358 950; x_wconf 92' lang='lat' dir='ltr'>in</span> <span class='ocrx_word' id='word_1_158' title='bbox 3379 896 3619 968; x_wconf 88' lang='lat' dir='ltr'>plurimis</span> <span class='ocrx_word' id='word_1_159' title='bbox 3645 903 3789 957; x_wconf 85' lang='lat' dir='ltr'>causis</span> <span class='ocrx_word' id='word_1_160' title='bbox 3827 922 3848 958; x_wconf 85' lang='lat' dir='ltr'>a</span> 
     </span>
    </p>
   </div>
   <div class='ocr_carea' id='block_1_24' title="bbox 2327 981 3850 1062">
    <p class='ocr_par' dir='ltr' id='par_1_24' title="bbox 2327 981 3850 1062">
     <span class='ocr_line' id='line_1_24' title="bbox 2327 981 3850 1062; baseline 0.008 -27"><span class='ocrx_word' id='word_1_161' title='bbox 2327 981 2520 1054; x_wconf 89' lang='lat' dir='ltr'>gladio</span> <span class='ocrx_word' id='word_1_162' title='bbox 2594 986 2942 1054; x_wconf 88' lang='lat' dir='ltr'>temperare,</span> <span class='ocrx_word' id='word_1_163' title='bbox 3016 983 3156 1055; x_wconf 91' lang='lat' dir='ltr'>quia</span> <span class='ocrx_word' id='word_1_164' title='bbox 3231 983 3447 1056; x_wconf 87' lang='lat' dir='ltr'>legibus</span> <span class='ocrx_word' id='word_1_165' title='bbox 3511 987 3674 1055; x_wconf 88' lang='lat' dir='ltr'>servit,</span> <span class='ocrx_word' id='word_1_166' title='bbox 3719 995 3850 1062; x_wconf 79' lang='lat' dir='ltr'>potest</span> 
     </span>
    </p>
   </div>
   <div class='ocr_carea' id='block_1_25' title="bbox 2330 1071 3844 1144">
    <p class='ocr_par' dir='ltr' id='par_1_25' title="bbox 2330 1071 3844 1144">
     <span class='ocr_line' id='line_1_25' title="bbox 2330 1071 3844 1144; baseline 0.005 -19"><span class='ocrx_word' id='word_1_167' title='bbox 2330 1074 2524 1126; x_wconf 86' lang='lat' dir='ltr'>tamen</span> <span class='ocrx_word' id='word_1_168' title='bbox 2557 1071 2788 1126; x_wconf 90' lang='lat' dir='ltr'>lucrum</span> <span class='ocrx_word' id='word_1_169' title='bbox 2819 1072 3034 1127; x_wconf 88' lang='lat' dir='ltr'>donare</span> <span class='ocrx_word' id='word_1_170' title='bbox 3061 1088 3381 1144; x_wconf 67' lang='lat' dir='ltr'>poenarum,</span> <span class='ocrx_word' id='word_1_171' title='bbox 3423 1078 3474 1128; x_wconf 89' lang='lat' dir='ltr'>et</span> <span class='ocrx_word' id='word_1_172' title='bbox 3508 1078 3561 1130; x_wconf 90' lang='lat' dir='ltr'>tu</span> <span class='ocrx_word' id='word_1_173' title='bbox 3604 1076 3747 1132; x_wconf 85' lang='lat' dir='ltr'>adhuc</span> <span class='ocrx_word' id='word_1_174' title='bbox 3769 1085 3844 1134; x_wconf 84' lang='lat' dir='ltr'>tre-</span> 
     </span>
    </p>
   </div>
   <div class='ocr_carea' id='block_1_26' title="bbox 2326 1157 3847 1233">
    <p class='ocr_par' dir='ltr' id='par_1_26' title="bbox 2326 1157 3847 1233">
     <span class='ocr_line' id='line_1_26' title="bbox 2326 1157 3847 1233; baseline 0.006 -21"><span class='ocrx_word' id='word_1_175' title='bbox 2326 1157 2514 1232; x_wconf 89' lang='lat' dir='ltr'>pidas,</span> <span class='ocrx_word' id='word_1_176' title='bbox 2551 1161 2690 1232; x_wconf 90' lang='lat' dir='ltr'>quid</span> <span class='ocrx_word' id='word_1_177' title='bbox 2721 1177 2755 1215; x_wconf 91' lang='lat' dir='ltr'>a</span> <span class='ocrx_word' id='word_1_178' title='bbox 2781 1159 2978 1233; x_wconf 89' lang='lat' dir='ltr'>legum</span> <span class='ocrx_word' id='word_1_179' title='bbox 3009 1161 3254 1216; x_wconf 90' lang='lat' dir='ltr'>Domino</span> <span class='ocrx_word' id='word_1_180' title='bbox 3285 1167 3340 1216; x_wconf 93' lang='lat' dir='ltr'>et</span> <span class='ocrx_word' id='word_1_181' title='bbox 3393 1162 3728 1220; x_wconf 77' lang='lat' dir='ltr'>misericordias</span> <span class='ocrx_word' id='word_1_182' title='bbox 3772 1184 3847 1221; x_wconf 84' lang='lat' dir='ltr'>au-</span> 
     </span>
    </p>
   </div>
   <div class='ocr_carea' id='block_1_27' title="bbox 2329 1249 3850 1321">
    <p class='ocr_par' dir='ltr' id='par_1_27' title="bbox 2329 1249 3850 1321">
     <span class='ocr_line' id='line_1_27' title="bbox 2329 1249 3850 1321; baseline 0.005 -19"><span class='ocrx_word' id='word_1_183' title='bbox 2329 1252 2485 1304; x_wconf 90' lang='lat' dir='ltr'>ctore</span> <span class='ocrx_word' id='word_1_184' title='bbox 2518 1249 2824 1321; x_wconf 87' lang='lat' dir='ltr'>deposcas,</span> <span class='ocrx_word' id='word_1_185' title='bbox 2857 1249 2950 1305; x_wconf 87' lang='lat' dir='ltr'>cui</span> <span class='ocrx_word' id='word_1_186' title='bbox 2982 1249 3074 1305; x_wconf 82' lang='lat' dir='ltr'>lex</span> <span class='ocrx_word' id='word_1_187' title='bbox 3126 1249 3388 1306; x_wconf 89' lang='lat' dir='ltr'>voluntas</span> <span class='ocrx_word' id='word_1_188' title='bbox 3441 1255 3540 1317; x_wconf 88' lang='lat' dir='ltr'>est,</span> <span class='ocrx_word' id='word_1_189' title='bbox 3583 1255 3626 1306; x_wconf 87' lang='lat' dir='ltr'>et</span> <span class='ocrx_word' id='word_1_190' title='bbox 3665 1253 3850 1308; x_wconf 76' lang='lat' dir='ltr'>donandi</span> 
     </span>
    </p>
   </div>
   <div class='ocr_carea' id='block_1_28' title="bbox 2319 1337 3850 1411">
    <p class='ocr_par' dir='ltr' id='par_1_28' title="bbox 2319 1337 3850 1411">
     <span class='ocr_line' id='line_1_28' title="bbox 2319 1337 3850 1411; baseline 0.003 -20"><span class='ocrx_word' id='word_1_191' title='bbox 2319 1337 2422 1408; x_wconf 83' lang='lat' dir='ltr'>jus</span> <span class='ocrx_word' id='word_1_192' title='bbox 2445 1337 2472 1392; x_wconf 87' lang='lat'><strong>?</strong></span> <span class='ocrx_word' id='word_1_193' title='bbox 2498 1337 2557 1392; x_wconf 91' lang='lat' dir='ltr'>Si</span> <span class='ocrx_word' id='word_1_194' title='bbox 2589 1343 2786 1393; x_wconf 89' lang='lat' dir='ltr'>tamen</span> <span class='ocrx_word' id='word_1_195' title='bbox 2819 1343 2882 1394; x_wconf 92' lang='lat' dir='ltr'>tu</span> <span class='ocrx_word' id='word_1_196' title='bbox 2927 1343 3088 1411; x_wconf 87' lang='lat' dir='ltr'>petas</span> <span class='ocrx_word' id='word_1_197' title='bbox 3146 1339 3250 1394; x_wconf 86' lang='lat' dir='ltr'>tibi</span> <span class='ocrx_word' id='word_1_198' title='bbox 3305 1344 3402 1394; x_wconf 89' lang='lat' dir='ltr'>tua</span> <span class='ocrx_word' id='word_1_199' title='bbox 3456 1345 3656 1411; x_wconf 87' lang='lat' dir='ltr'>peccata</span> <span class='ocrx_word' id='word_1_200' title='bbox 3693 1341 3850 1409; x_wconf 86' lang='lat' dir='ltr'>donari,</span> 
     </span>
    </p>
   </div>
   <div class='ocr_carea' id='block_1_29' title="bbox 2328 1426 3850 1496">
    <p class='ocr_par' dir='ltr' id='par_1_29' title="bbox 2328 1426 3850 1496">
     <span class='ocr_line' id='line_1_29' title="bbox 2328 1426 3850 1496; baseline 0.003 -16"><span class='ocrx_word' id='word_1_201' title='bbox 2328 1442 2432 1481; x_wconf 91' lang='lat' dir='ltr'>nec</span> <span class='ocrx_word' id='word_1_202' title='bbox 2463 1426 2798 1483; x_wconf 89' lang='lat' dir='ltr'>consideres</span> <span class='ocrx_word' id='word_1_203' title='bbox 2845 1427 3098 1484; x_wconf 82' lang='lat' dir='ltr'>honores</span> <span class='ocrx_word' id='word_1_204' title='bbox 3129 1431 3282 1496; x_wconf 89' lang='lat' dir='ltr'>tuos,</span> <span class='ocrx_word' id='word_1_205' title='bbox 3316 1432 3412 1484; x_wconf 90' lang='lat' dir='ltr'>aut</span> <span class='ocrx_word' id='word_1_206' title='bbox 3461 1428 3718 1484; x_wconf 80' lang='lat' dir='ltr'>erubescas</span> <span class='ocrx_word' id='word_1_207' title='bbox 3755 1429 3850 1484; x_wconf 88' lang='lat' dir='ltr'>ami-</span> 
     </span>
    </p>
   </div>
   <div class='ocr_carea' id='block_1_30' title="bbox 2327 1515 3852 1588">
    <p class='ocr_par' dir='ltr' id='par_1_30' title="bbox 2327 1515 3852 1588">
     <span class='ocr_line' id='line_1_30' title="bbox 2327 1515 3852 1588; baseline 0.002 -19"><span class='ocrx_word' id='word_1_208' title='bbox 2327 1531 2426 1570; x_wconf 92' lang='lat' dir='ltr'>cos</span> <span class='ocrx_word' id='word_1_209' title='bbox 2449 1519 2618 1583; x_wconf 90' lang='lat' dir='ltr'>tuos;</span> <span class='ocrx_word' id='word_1_210' title='bbox 2653 1532 2725 1571; x_wconf 90' lang='lat' dir='ltr'>ne</span> <span class='ocrx_word' id='word_1_211' title='bbox 2755 1515 3099 1588; x_wconf 88' lang='lat' dir='ltr'>dignitatem</span> <span class='ocrx_word' id='word_1_212' title='bbox 3131 1521 3296 1573; x_wconf 92' lang='lat' dir='ltr'>tuam</span> <span class='ocrx_word' id='word_1_213' title='bbox 3350 1517 3625 1573; x_wconf 83' lang='lat' dir='ltr'>deﬂexisse</span> <span class='ocrx_word' id='word_1_214' title='bbox 3665 1517 3852 1573; x_wconf 84' lang='lat' dir='ltr'>videaris.</span> 
     </span>
    </p>
   </div>
   <div class='ocr_carea' id='block_1_31' title="bbox 2328 1603 3850 1679">
    <p class='ocr_par' dir='ltr' id='par_1_31' title="bbox 2328 1603 3850 1679">
     <span class='ocr_line' id='line_1_31' title="bbox 2328 1603 3850 1679; baseline 0.003 -22"><span class='ocrx_word' id='word_1_215' title='bbox 2328 1603 2570 1660; x_wconf 88' lang='lat' dir='ltr'>Amicus</span> <span class='ocrx_word' id='word_1_216' title='bbox 2595 1605 2714 1674; x_wconf 91' lang='lat' dir='ltr'>Dei,</span> <span class='ocrx_word' id='word_1_217' title='bbox 2773 1605 3058 1678; x_wconf 88' lang='lat' dir='ltr'>propheta</span> <span class='ocrx_word' id='word_1_218' title='bbox 3114 1606 3236 1672; x_wconf 93' lang='lat' dir='ltr'>Dei,</span> <span class='ocrx_word' id='word_1_219' title='bbox 3298 1623 3392 1662; x_wconf 82' lang='lat' dir='ltr'>rex</span> <span class='ocrx_word' id='word_1_220' title='bbox 3441 1606 3506 1660; x_wconf 87' lang='lat' dir='ltr'>ab</span> <span class='ocrx_word' id='word_1_221' title='bbox 3549 1605 3657 1679; x_wconf 87' lang='lat' dir='ltr'>ipso</span> <span class='ocrx_word' id='word_1_222' title='bbox 3701 1606 3850 1661; x_wconf 82' lang='lat' dir='ltr'>electus</span> 
     </span>
    </p>
   </div>
   <div class='ocr_carea' id='block_1_32' title="bbox 2326 1694 3854 1769">
    <p class='ocr_par' dir='ltr' id='par_1_32' title="bbox 2326 1694 3854 1769">
     <span class='ocr_line' id='line_1_32' title="bbox 2326 1694 3854 1769; baseline 0.002 -22"><span class='ocrx_word' id='word_1_223' title='bbox 2326 1697 2463 1759; x_wconf 89' lang='lat' dir='ltr'>Deo,</span> <span class='ocrx_word' id='word_1_224' title='bbox 2496 1697 2553 1748; x_wconf 91' lang='lat' dir='ltr'>et</span> <span class='ocrx_word' id='word_1_225' title='bbox 2582 1698 2795 1750; x_wconf 91' lang='lat' dir='ltr'>unctus</span> <span class='ocrx_word' id='word_1_226' title='bbox 2826 1695 2886 1750; x_wconf 91' lang='lat' dir='ltr'>in</span> <span class='ocrx_word' id='word_1_227' title='bbox 2919 1711 3188 1768; x_wconf 84' lang='lat' dir='ltr'>regnum,</span> <span class='ocrx_word' id='word_1_228' title='bbox 3223 1694 3462 1769; x_wconf 89' lang='lat' dir='ltr'>ﬂagellis</span> <span class='ocrx_word' id='word_1_229' title='bbox 3493 1711 3549 1751; x_wconf 87' lang='lat' dir='ltr'>se</span> <span class='ocrx_word' id='word_1_230' title='bbox 3593 1699 3854 1767; x_wconf 83' lang='lat' dir='ltr'>spontaneus</span> 
     </span>
    </p>
   </div>
   <div class='ocr_carea' id='block_1_33' title="bbox 551 1781 3851 1882">
    <p class='ocr_par' dir='ltr' id='par_1_33' title="bbox 551 1781 3851 1882">
     <span class='ocr_line' id='line_1_33' title="bbox 551 1781 3851 1882; baseline -0.005 -29"><span class='ocrx_word' id='word_1_231' title='bbox 551 1814 826 1854; x_wconf 87' lang='lat' dir='ltr'>errorem.</span> <span class='ocrx_word' id='word_1_232' title='bbox 861 1797 982 1854; x_wconf 85' lang='lat' dir='ltr'>Etsi</span> <span class='ocrx_word' id='word_1_233' title='bbox 1041 1804 1273 1855; x_wconf 89' lang='lat' dir='ltr'>cessent</span> <span class='ocrx_word' id='word_1_234' title='bbox 1333 1799 1563 1872; x_wconf 89' lang='lat' dir='ltr'>ﬂagella</span> <span class='ocrx_word' id='word_1_235' title='bbox 1594 1781 1844 1866; x_wconf 46' lang='lat' dir='ltr'>Domi—ni,</span> <span class='ocrx_word' id='word_1_236' title='bbox 1895 1817 1956 1856; x_wconf 91' lang='lat' dir='ltr'>se</span> <span class='ocrx_word' id='word_1_237' title='bbox 2011 1804 2210 1856; x_wconf 87' lang='lat' dir='ltr'>tamen</span> <span class='ocrx_word' id='word_1_238' title='bbox 2242 1817 2290 1882; x_wconf 83' lang='lat' dir='ltr'><strong>B</strong></span> <span class='ocrx_word' id='word_1_239' title='bbox 2326 1781 2621 1882; x_wconf 56' lang='grc' dir='ltr'>οῧῖἶῐςθδθιτ</span> <span class='ocrx_word' id='word_1_240' title='bbox 2655 1799 2761 1882; x_wconf 60' lang='grc' dir='ltr'>ξιθο</span> <span class='ocrx_word' id='word_1_241' title='bbox 2817 1782 3193 1882; x_wconf 45' lang='lat' dir='ltr'>embesfattu</span> <span class='ocrx_word' id='word_1_242' title='bbox 3225 1787 3282 1882; x_wconf 66' lang='lat' dir='ltr'>et</span> <span class='ocrx_word' id='word_1_243' title='bbox 3429 1781 3738 1882; x_wconf 49' lang='lat' dir='ltr'>erubescis?</span> <span class='ocrx_word' id='word_1_244' title='bbox 3773 1781 3851 1882; x_wconf 72' lang='lat' dir='ltr'>Non</span> 
     </span>
    </p>
   </div>
   <div class='ocr_carea' id='block_1_34' title="bbox 551 1887 2207 1961">
    <p class='ocr_par' dir='ltr' id='par_1_34' title="bbox 551 1887 2207 1961">
     <span class='ocr_line' id='line_1_34' title="bbox 551 1887 2207 1961; baseline 0.001 -19"><span class='ocrx_word' id='word_1_245' title='bbox 551 1887 749 1944; x_wconf 90' lang='lat' dir='ltr'>dolore</span> <span class='ocrx_word' id='word_1_246' title='bbox 779 1887 1012 1959; x_wconf 90' lang='lat' dir='ltr'>proprio</span> <span class='ocrx_word' id='word_1_247' title='bbox 1045 1891 1331 1943; x_wconf 90' lang='lat' dir='ltr'>memorat</span> <span class='ocrx_word' id='word_1_248' title='bbox 1362 1887 1664 1961; x_wconf 91' lang='lat' dir='ltr'>ﬂagellari,</span> <span class='ocrx_word' id='word_1_249' title='bbox 1699 1892 1763 1943; x_wconf 90' lang='lat' dir='ltr'>ut</span> <span class='ocrx_word' id='word_1_250' title='bbox 1793 1905 1908 1944; x_wconf 89' lang='lat' dir='ltr'>non</span> <span class='ocrx_word' id='word_1_251' title='bbox 1945 1887 2207 1945; x_wconf 88' lang='lat' dir='ltr'>inveniat</span> 
     </span>
    </p>
   </div>
   <div class='ocr_carea' id='block_1_35' title="bbox 551 1975 2204 2049">
    <p class='ocr_par' dir='ltr' id='par_1_35' title="bbox 551 1975 2204 2049">
     <span class='ocr_line' id='line_1_35' title="bbox 551 1975 2204 2049; baseline 0.001 -17"><span class='ocrx_word' id='word_1_252' title='bbox 551 1975 726 2048; x_wconf 89' lang='lat' dir='ltr'>culpa</span> <span class='ocrx_word' id='word_1_253' title='bbox 754 1976 909 2046; x_wconf 91' lang='lat' dir='ltr'>quod</span> <span class='ocrx_word' id='word_1_254' title='bbox 933 1976 1188 2043; x_wconf 88' lang='lat' dir='ltr'>damnet,</span> <span class='ocrx_word' id='word_1_255' title='bbox 1238 1992 1418 2047; x_wconf 91' lang='lat' dir='ltr'>quam</span> <span class='ocrx_word' id='word_1_256' title='bbox 1451 1978 1603 2032; x_wconf 90' lang='lat' dir='ltr'>bona</span> <span class='ocrx_word' id='word_1_257' title='bbox 1651 1976 1938 2032; x_wconf 82' lang='lat' dir='ltr'>confessio</span> <span class='ocrx_word' id='word_1_258' title='bbox 1993 1994 2204 2049; x_wconf 73' lang='lat' dir='ltr'>praeve-</span> 
     </span>
    </p>
   </div>
   <div class='ocr_carea' id='block_1_36' title="bbox 549 2063 2202 2137">
    <p class='ocr_par' dir='ltr' id='par_1_36' title="bbox 549 2063 2202 2137">
     <span class='ocr_line' id='line_1_36' title="bbox 549 2063 2202 2137; baseline 0 -17"><span class='ocrx_word' id='word_1_259' title='bbox 549 2064 719 2120; x_wconf 89' lang='lat' dir='ltr'>nerit.</span> <span class='ocrx_word' id='word_1_260' title='bbox 752 2063 870 2121; x_wconf 89' lang='lat' dir='ltr'>Hoc</span> <span class='ocrx_word' id='word_1_261' title='bbox 899 2068 988 2120; x_wconf 88' lang='lat' dir='ltr'>est</span> <span class='ocrx_word' id='word_1_262' title='bbox 1017 2081 1153 2136; x_wconf 90' lang='lat' dir='ltr'>ergo</span> <span class='ocrx_word' id='word_1_263' title='bbox 1180 2066 1331 2137; x_wconf 92' lang='lat' dir='ltr'>quod</span> <span class='ocrx_word' id='word_1_264' title='bbox 1366 2065 1484 2121; x_wconf 92' lang='lat' dir='ltr'>ait:</span> <span class='ocrx_word' id='word_1_265' title='bbox 1549 2086 1577 2114; x_wconf 84' lang='lat'><strong>«</strong></span> <span class='ocrx_word' id='word_1_266' title='bbox 1628 2066 1697 2120; x_wconf 89' lang='lat' dir='ltr'>Et</span> <span class='ocrx_word' id='word_1_267' title='bbox 1744 2065 1886 2120; x_wconf 91' lang='lat' dir='ltr'>dum</span> <span class='ocrx_word' id='word_1_268' title='bbox 1944 2081 2202 2121; x_wconf 91' lang='lat' dir='ltr'>commo-</span> 
     </span>
    </p>
   </div>
   <div class='ocr_carea' id='block_1_37' title="bbox 546 2153 2203 2226">
    <p class='ocr_par' dir='ltr' id='par_1_37' title="bbox 546 2153 2203 2226">
     <span class='ocr_line' id='line_1_37' title="bbox 546 2153 2203 2226; baseline 0.001 -18"><span class='ocrx_word' id='word_1_269' title='bbox 546 2158 756 2209; x_wconf 87' lang='lat' dir='ltr'>ventur</span> <span class='ocrx_word' id='word_1_270' title='bbox 787 2153 963 2226; x_wconf 89' lang='lat' dir='ltr'>pedes</span> <span class='ocrx_word' id='word_1_271' title='bbox 993 2153 1130 2220; x_wconf 85' lang='lat' dir='ltr'>mei,</span> <span class='ocrx_word' id='word_1_272' title='bbox 1164 2153 1224 2208; x_wconf 91' lang='lat' dir='ltr'>in</span> <span class='ocrx_word' id='word_1_273' title='bbox 1257 2169 1350 2208; x_wconf 91' lang='lat' dir='ltr'>me</span> <span class='ocrx_word' id='word_1_274' title='bbox 1384 2170 1598 2226; x_wconf 88' lang='lat' dir='ltr'>magna</span> <span class='ocrx_word' id='word_1_275' title='bbox 1628 2153 1807 2209; x_wconf 91' lang='lat' dir='ltr'>locuti</span> <span class='ocrx_word' id='word_1_276' title='bbox 1853 2157 2011 2220; x_wconf 92' lang='lat' dir='ltr'>sunt,</span> <span class='ocrx_word' id='word_1_277' title='bbox 2047 2175 2075 2202; x_wconf 85' lang='lat'>»</span> <span class='ocrx_word' id='word_1_278' title='bbox 2136 2169 2203 2210; x_wconf 89' lang='lat' dir='ltr'>eo</span> 
     </span>
    </p>
   </div>
   <div class='ocr_carea' id='block_1_38' title="bbox 528 2241 2200 2314">
    <p class='ocr_par' dir='ltr' id='par_1_38' title="bbox 528 2241 2200 2314">
     <span class='ocr_line' id='line_1_38' title="bbox 528 2241 2200 2314; baseline 0 -16"><span class='ocrx_word' id='word_1_279' title='bbox 528 2243 705 2314; x_wconf 72' lang='lat' dir='ltr'>,quod</span> <span class='ocrx_word' id='word_1_280' title='bbox 735 2245 855 2296; x_wconf 89' lang='lat' dir='ltr'>tam</span> <span class='ocrx_word' id='word_1_281' title='bbox 888 2241 1145 2314; x_wconf 90' lang='lat' dir='ltr'>prompti</span> <span class='ocrx_word' id='word_1_282' title='bbox 1175 2246 1315 2302; x_wconf 86' lang='lat' dir='ltr'>sunt</span> <span class='ocrx_word' id='word_1_283' title='bbox 1356 2242 1428 2296; x_wconf 91' lang='lat' dir='ltr'>ad</span> <span class='ocrx_word' id='word_1_284' title='bbox 1479 2241 1881 2298; x_wconf 87' lang='lat' dir='ltr'>insultationis</span> <span class='ocrx_word' id='word_1_285' title='bbox 1927 2241 2200 2311; x_wconf 89' lang='lat' dir='ltr'>ludibria,</span> 
     </span>
    </p>
   </div>
   <div class='ocr_carea' id='block_1_39' title="bbox 547 2330 2202 2402">
    <p class='ocr_par' dir='ltr' id='par_1_39' title="bbox 547 2330 2202 2402">
     <span class='ocr_line' id='line_1_39' title="bbox 547 2330 2202 2402; baseline 0.001 -17"><span class='ocrx_word' id='word_1_286' title='bbox 547 2335 614 2386; x_wconf 93' lang='lat' dir='ltr'>ut</span> <span class='ocrx_word' id='word_1_287' title='bbox 655 2331 716 2385; x_wconf 91' lang='lat' dir='ltr'>in</span> <span class='ocrx_word' id='word_1_288' title='bbox 767 2330 1155 2386; x_wconf 89' lang='lat' dir='ltr'>commotione</span> <span class='ocrx_word' id='word_1_289' title='bbox 1201 2331 1416 2402; x_wconf 91' lang='lat' dir='ltr'>pedum</span> <span class='ocrx_word' id='word_1_290' title='bbox 1467 2346 1730 2386; x_wconf 89' lang='lat' dir='ltr'>meorum</span> <span class='ocrx_word' id='word_1_291' title='bbox 1789 2333 2051 2402; x_wconf 84' lang='lat' dir='ltr'>paratam</span> <span class='ocrx_word' id='word_1_292' title='bbox 2098 2330 2202 2386; x_wconf 91' lang='lat' dir='ltr'>ha-</span> 
     </span>
    </p>
   </div>
   <div class='ocr_carea' id='block_1_40' title="bbox 546 2417 2199 2490">
    <p class='ocr_par' dir='ltr' id='par_1_40' title="bbox 546 2417 2199 2490">
     <span class='ocr_line' id='line_1_40' title="bbox 546 2417 2199 2490; baseline 0 -15"><span class='ocrx_word' id='word_1_293' title='bbox 546 2418 782 2475; x_wconf 90' lang='lat' dir='ltr'>buerint</span> <span class='ocrx_word' id='word_1_294' title='bbox 812 2417 1396 2490; x_wconf 83' lang='lat' dir='ltr'>magniloquentiam,</span> <span class='ocrx_word' id='word_1_295' title='bbox 1448 2417 1536 2475; x_wconf 88' lang='lat' dir='ltr'>vel</span> <span class='ocrx_word' id='word_1_296' title='bbox 1585 2424 1736 2475; x_wconf 87' lang='lat' dir='ltr'>certe</span> <span class='ocrx_word' id='word_1_297' title='bbox 1782 2419 1911 2474; x_wconf 90' lang='lat' dir='ltr'>sic:</span> <span class='ocrx_word' id='word_1_298' title='bbox 1965 2442 1993 2470; x_wconf 79' lang='grc' dir='ltr'>(ι</span> <span class='ocrx_word' id='word_1_299' title='bbox 2049 2419 2199 2475; x_wconf 90' lang='lat' dir='ltr'>Dum</span> 
     </span>
    </p>
   </div>
   <div class='ocr_carea' id='block_1_41' title="bbox 544 2506 2199 2580">
    <p class='ocr_par' dir='ltr' id='par_1_41' title="bbox 544 2506 2199 2580">
     <span class='ocr_line' id='line_1_41' title="bbox 544 2506 2199 2580; baseline 0 -16"><span class='ocrx_word' id='word_1_300' title='bbox 544 2511 984 2564; x_wconf 90' lang='lat' dir='ltr'>commoventur</span> <span class='ocrx_word' id='word_1_301' title='bbox 1042 2507 1217 2578; x_wconf 88' lang='lat' dir='ltr'>pedes</span> <span class='ocrx_word' id='word_1_302' title='bbox 1275 2506 1410 2575; x_wconf 90' lang='lat' dir='ltr'>mei,</span> <span class='ocrx_word' id='word_1_303' title='bbox 1471 2529 1499 2557; x_wconf 90' lang='grc'>››</span> <span class='ocrx_word' id='word_1_304' title='bbox 1549 2512 1824 2580; x_wconf 87' lang='lat' dir='ltr'>putantes</span> <span class='ocrx_word' id='word_1_305' title='bbox 1895 2508 2052 2579; x_wconf 90' lang='lat' dir='ltr'>quod</span> <span class='ocrx_word' id='word_1_306' title='bbox 2105 2524 2199 2565; x_wconf 89' lang='lat' dir='ltr'>ca-</span> 
     </span>
    </p>
   </div>
   <div class='ocr_carea' id='block_1_42' title="bbox 542 2595 2197 2670">
    <p class='ocr_par' dir='ltr' id='par_1_42' title="bbox 542 2595 2197 2670">
     <span class='ocr_line' id='line_1_42' title="bbox 542 2595 2197 2670; baseline 0 -18"><span class='ocrx_word' id='word_1_307' title='bbox 542 2597 762 2664; x_wconf 89' lang='lat' dir='ltr'>derem,</span> <span class='ocrx_word' id='word_1_308' title='bbox 822 2595 1076 2668; x_wconf 89' lang='lat' dir='ltr'>superba</span> <span class='ocrx_word' id='word_1_309' title='bbox 1123 2596 1250 2667; x_wconf 90' lang='lat' dir='ltr'>jam</span> <span class='ocrx_word' id='word_1_310' title='bbox 1309 2600 1368 2650; x_wconf 89' lang='lat' dir='ltr'>et</span> <span class='ocrx_word' id='word_1_311' title='bbox 1451 2595 1832 2670; x_wconf 87' lang='lat' dir='ltr'>magniloqua</span> <span class='ocrx_word' id='word_1_312' title='bbox 1909 2601 2049 2652; x_wconf 90' lang='lat' dir='ltr'>sunt</span> <span class='ocrx_word' id='word_1_313' title='bbox 2112 2596 2197 2653; x_wconf 94' lang='lat' dir='ltr'>lo-</span> 
     </span>
    </p>
   </div>
   <div class='ocr_carea' id='block_1_43' title="bbox 543 2694 683 2751">
    <p class='ocr_par' dir='ltr' id='par_1_43' title="bbox 543 2694 683 2751">
     <span class='ocr_line' id='line_1_43' title="bbox 543 2694 683 2751; baseline -0.007 0"><span class='ocrx_word' id='word_1_314' title='bbox 543 2694 683 2751; x_wconf 90' lang='lat' dir='ltr'>cuti.</span> 
     </span>
    </p>
   </div>
   <div class='ocr_carea' id='block_1_44' title="bbox 612 2809 2197 2884">
    <p class='ocr_par' dir='ltr' id='par_1_44' title="bbox 612 2809 2197 2884">
     <span class='ocr_line' id='line_1_44' title="bbox 612 2809 2197 2884; baseline 0.001 -20"><span class='ocrx_word' id='word_1_315' title='bbox 612 2811 697 2864; x_wconf 80' lang='grc'>49.</span> <span class='ocrx_word' id='word_1_316' title='bbox 732 2809 840 2865; x_wconf 85' lang='lat' dir='ltr'>Sed</span> <span class='ocrx_word' id='word_1_317' title='bbox 871 2813 1068 2864; x_wconf 87' lang='lat' dir='ltr'>tamen</span> <span class='ocrx_word' id='word_1_318' title='bbox 1100 2809 1241 2882; x_wconf 89' lang='lat' dir='ltr'>quia</span> <span class='ocrx_word' id='word_1_319' title='bbox 1287 2809 1413 2881; x_wconf 89' lang='lat' dir='ltr'>ipse</span> <span class='ocrx_word' id='word_1_320' title='bbox 1456 2809 1514 2864; x_wconf 92' lang='lat' dir='ltr'>in</span> <span class='ocrx_word' id='word_1_321' title='bbox 1566 2810 1992 2882; x_wconf 91' lang='lat' dir='ltr'>posterioribus</span> <span class='ocrx_word' id='word_1_322' title='bbox 2050 2827 2197 2884; x_wconf 91' lang='lat' dir='ltr'>pene</span> 
     </span>
    </p>
   </div>
   <div class='ocr_carea' id='block_1_45' title="bbox 542 2896 2190 2972">
    <p class='ocr_par' dir='ltr' id='par_1_45' title="bbox 542 2896 2190 2972">
     <span class='ocr_line' id='line_1_45' title="bbox 542 2896 2190 2972; baseline 0.001 -20"><span class='ocrx_word' id='word_1_323' title='bbox 542 2902 730 2952; x_wconf 88' lang='lat' dir='ltr'>motos</span> <span class='ocrx_word' id='word_1_324' title='bbox 777 2897 953 2969; x_wconf 89' lang='lat' dir='ltr'>pedes</span> <span class='ocrx_word' id='word_1_325' title='bbox 999 2914 1138 2953; x_wconf 85' lang='lat' dir='ltr'>suos</span> <span class='ocrx_word' id='word_1_326' title='bbox 1185 2896 1330 2952; x_wconf 84' lang='lat' dir='ltr'>dixit</span> <span class='ocrx_word' id='word_1_327' title='bbox 1369 2897 1540 2968; x_wconf 84' lang='lat' dir='ltr'>(Psal.</span> <span class='ocrx_word' id='word_1_328' title='bbox 1588 2916 1762 2964; x_wconf 80' lang='lat' dir='ltr'><strong>LXXII,</strong></span> <span class='ocrx_word' id='word_1_329' title='bbox 1800 2900 1879 2970; x_wconf 90' lang='lat'>2),</span> <span class='ocrx_word' id='word_1_330' title='bbox 1932 2916 2002 2954; x_wconf 90' lang='lat' dir='ltr'>ne</span> <span class='ocrx_word' id='word_1_331' title='bbox 2051 2899 2190 2972; x_wconf 87' lang='lat' dir='ltr'>quid</span> 
     </span>
    </p>
   </div>
   <div class='ocr_carea' id='block_1_46' title="bbox 541 2985 2193 3058">
    <p class='ocr_par' dir='ltr' id='par_1_46' title="bbox 541 2985 2193 3058">
     <span class='ocr_line' id='line_1_46' title="bbox 541 2985 2193 3058; baseline 0 -16"><span class='ocrx_word' id='word_1_332' title='bbox 541 2986 765 3042; x_wconf 91' lang='lat' dir='ltr'>oriatur</span> <span class='ocrx_word' id='word_1_333' title='bbox 811 2985 947 3041; x_wconf 90' lang='lat' dir='ltr'>hinc</span> <span class='ocrx_word' id='word_1_334' title='bbox 1001 2985 1282 3058; x_wconf 91' lang='lat' dir='ltr'>scrupuli,</span> <span class='ocrx_word' id='word_1_335' title='bbox 1333 2985 1639 3041; x_wconf 88' lang='lat' dir='ltr'>considera</span> <span class='ocrx_word' id='word_1_336' title='bbox 1686 2987 1781 3042; x_wconf 87' lang='lat' dir='ltr'>hic</span> <span class='ocrx_word' id='word_1_337' title='bbox 1835 2987 2026 3042; x_wconf 91' lang='lat' dir='ltr'>doceri</span> <span class='ocrx_word' id='word_1_338' title='bbox 2087 3003 2193 3042; x_wconf 88' lang='lat' dir='ltr'>nos</span> 
     </span>
    </p>
   </div>
   <div class='ocr_carea' id='block_1_47' title="bbox 539 3073 2192 3147">
    <p class='ocr_par' dir='ltr' id='par_1_47' title="bbox 539 3073 2192 3147">
     <span class='ocr_line' id='line_1_47' title="bbox 539 3073 2192 3147; baseline -0.001 -16"><span class='ocrx_word' id='word_1_339' title='bbox 539 3075 813 3131; x_wconf 83' lang='lat' dir='ltr'>aﬂ&#39;ectum</span> <span class='ocrx_word' id='word_1_340' title='bbox 852 3074 1226 3147; x_wconf 73' lang='lat' dir='ltr'>poenitentiae,</span> <span class='ocrx_word' id='word_1_341' title='bbox 1268 3073 1349 3129; x_wconf 92' lang='lat' dir='ltr'>ibi</span> <span class='ocrx_word' id='word_1_342' title='bbox 1397 3074 1732 3146; x_wconf 83' lang='lat' dir='ltr'>Opinionem</span> <span class='ocrx_word' id='word_1_343' title='bbox 1791 3075 1921 3145; x_wconf 90' lang='lat' dir='ltr'>ejus</span> <span class='ocrx_word' id='word_1_344' title='bbox 1977 3075 2192 3130; x_wconf 91' lang='lat' dir='ltr'>erroris</span> 
     </span>
    </p>
   </div>
   <div class='ocr_carea' id='block_1_48' title="bbox 538 3163 2268 3252">
    <p class='ocr_par' dir='ltr' id='par_1_48' title="bbox 538 3163 2268 3252">
     <span class='ocr_line' id='line_1_48' title="bbox 538 3163 2268 3252; baseline 0 -33"><span class='ocrx_word' id='word_1_345' title='bbox 538 3163 787 3252; x_wconf 83' lang='lat' dir='ltr'>excludi,</span> <span class='ocrx_word' id='word_1_346' title='bbox 822 3164 978 3236; x_wconf 94' lang='lat' dir='ltr'>quod</span> <span class='ocrx_word' id='word_1_347' title='bbox 1012 3163 1225 3218; x_wconf 66' lang='lat' dir='ltr'>divitiae</span> <span class='ocrx_word' id='word_1_348' title='bbox 1258 3166 1314 3216; x_wconf 93' lang='lat' dir='ltr'>et</span> <span class='ocrx_word' id='word_1_349' title='bbox 1343 3178 1654 3252; x_wconf 81' lang='lat' dir='ltr'>successus</span> <span class='ocrx_word' id='word_1_350' title='bbox 1707 3163 2040 3252; x_wconf 83' lang='lat' dir='ltr'>prosperior</span> <span class='ocrx_word' id='word_1_351' title='bbox 2088 3163 2189 3219; x_wconf 83' lang='lat' dir='ltr'>ﬂa-</span> <span class='ocrx_word' id='word_1_352' title='bbox 2223 3184 2268 3252; x_wconf 67' lang='grc' dir='ltr'><strong>ρ</strong></span> 
     </span>
    </p>
   </div>
   <div class='ocr_carea' id='block_1_49' title="bbox 537 3251 2193 3325">
    <p class='ocr_par' dir='ltr' id='par_1_49' title="bbox 537 3251 2193 3325">
     <span class='ocr_line' id='line_1_49' title="bbox 537 3251 2193 3325; baseline 0.001 -19"><span class='ocrx_word' id='word_1_353' title='bbox 537 3251 883 3325; x_wconf 85' lang='lat' dir='ltr'>gitiosorum</span> <span class='ocrx_word' id='word_1_354' title='bbox 917 3268 1022 3306; x_wconf 90' lang='lat' dir='ltr'>nos</span> <span class='ocrx_word' id='word_1_355' title='bbox 1055 3266 1282 3305; x_wconf 90' lang='lat' dir='ltr'>movere</span> <span class='ocrx_word' id='word_1_356' title='bbox 1332 3267 1445 3305; x_wconf 90' lang='lat' dir='ltr'>non</span> <span class='ocrx_word' id='word_1_357' title='bbox 1496 3251 1761 3306; x_wconf 89' lang='lat' dir='ltr'>debeant.</span> <span class='ocrx_word' id='word_1_358' title='bbox 1822 3251 2193 3308; x_wconf 89' lang='lat' dir='ltr'>Consuetudo</span> 
     </span>
    </p>
   </div>
   <div class='ocr_carea' id='block_1_50' title="bbox 539 3338 2196 3412">
    <p class='ocr_par' dir='ltr' id='par_1_50' title="bbox 539 3338 2196 3412">
     <span class='ocr_line' id='line_1_50' title="bbox 539 3338 2196 3412; baseline 0.001 -17"><span class='ocrx_word' id='word_1_359' title='bbox 539 3344 736 3395; x_wconf 89' lang='lat' dir='ltr'>autem</span> <span class='ocrx_word' id='word_1_360' title='bbox 766 3339 1079 3395; x_wconf 91' lang='lat' dir='ltr'>locutionis</span> <span class='ocrx_word' id='word_1_361' title='bbox 1109 3339 1168 3392; x_wconf 91' lang='lat' dir='ltr'>in</span> <span class='ocrx_word' id='word_1_362' title='bbox 1219 3338 1539 3411; x_wconf 87' lang='lat' dir='ltr'>Scripturis</span> <span class='ocrx_word' id='word_1_363' title='bbox 1587 3339 1800 3395; x_wconf 89' lang='lat' dir='ltr'>divinis</span> <span class='ocrx_word' id='word_1_364' title='bbox 1856 3339 2196 3412; x_wconf 87' lang='lat' dir='ltr'>hujusmodi</span> 
     </span>
    </p>
   </div>
   <div class='ocr_carea' id='block_1_51' title="bbox 539 3425 2198 3498">
    <p class='ocr_par' dir='ltr' id='par_1_51' title="bbox 539 3425 2198 3498">
     <span class='ocr_line' id='line_1_51' title="bbox 539 3425 2198 3498; baseline 0.002 -16"><span class='ocrx_word' id='word_1_365' title='bbox 539 3426 847 3498; x_wconf 90' lang='lat' dir='ltr'>reperitur.</span> <span class='ocrx_word' id='word_1_366' title='bbox 881 3426 977 3481; x_wconf 91' lang='lat' dir='ltr'>Sic</span> <span class='ocrx_word' id='word_1_367' title='bbox 1007 3426 1164 3481; x_wconf 90' lang='lat' dir='ltr'>enim</span> <span class='ocrx_word' id='word_1_368' title='bbox 1221 3429 1278 3481; x_wconf 90' lang='lat' dir='ltr'>et</span> <span class='ocrx_word' id='word_1_369' title='bbox 1333 3425 1509 3482; x_wconf 89' lang='lat' dir='ltr'>alibi:</span> <span class='ocrx_word' id='word_1_370' title='bbox 1547 3451 1575 3477; x_wconf 86' lang='lat'><strong><em>«</em></strong></span> <span class='ocrx_word' id='word_1_371' title='bbox 1633 3428 1782 3484; x_wconf 92' lang='lat' dir='ltr'>Dum</span> <span class='ocrx_word' id='word_1_372' title='bbox 1833 3433 2198 3486; x_wconf 89' lang='lat' dir='ltr'>converteret</span> 
     </span>
    </p>
   </div>
   <div class='ocr_carea' id='block_1_52' title="bbox 537 3513 2197 3585">
    <p class='ocr_par' dir='ltr' id='par_1_52' title="bbox 537 3513 2197 3585">
     <span class='ocr_line' id='line_1_52' title="bbox 537 3513 2197 3585; baseline 0.002 -16"><span class='ocrx_word' id='word_1_373' title='bbox 537 3513 823 3570; x_wconf 91' lang='lat' dir='ltr'>Dominus</span> <span class='ocrx_word' id='word_1_374' title='bbox 854 3513 1250 3585; x_wconf 88' lang='lat' dir='ltr'>captivitatem</span> <span class='ocrx_word' id='word_1_375' title='bbox 1283 3513 1444 3585; x_wconf 90' lang='lat' dir='ltr'>Sion,</span> <span class='ocrx_word' id='word_1_376' title='bbox 1477 3514 1611 3570; x_wconf 83' lang='lat' dir='ltr'>facti</span> <span class='ocrx_word' id='word_1_377' title='bbox 1641 3531 1848 3571; x_wconf 91' lang='lat' dir='ltr'>sumus</span> <span class='ocrx_word' id='word_1_378' title='bbox 1879 3516 2032 3572; x_wconf 92' lang='lat' dir='ltr'>sicut</span> <span class='ocrx_word' id='word_1_379' title='bbox 2061 3533 2197 3572; x_wconf 91' lang='lat' dir='ltr'>con-</span> 
     </span>
    </p>
   </div>
   <div class='ocr_carea' id='block_1_53' title="bbox 537 3601 2193 3675">
    <p class='ocr_par' dir='ltr' id='par_1_53' title="bbox 537 3601 2193 3675">
     <span class='ocr_line' id='line_1_53' title="bbox 537 3601 2193 3675; baseline 0.002 -17"><span class='ocrx_word' id='word_1_380' title='bbox 537 3601 707 3658; x_wconf 89' lang='lat' dir='ltr'>solati</span> <span class='ocrx_word' id='word_1_381' title='bbox 739 3604 909 3674; x_wconf 80' lang='lat' dir='ltr'>(Psal.</span> <span class='ocrx_word' id='word_1_382' title='bbox 945 3619 1109 3672; x_wconf 82' lang='lat' dir='ltr'>cxxv,</span> <span class='ocrx_word' id='word_1_383' title='bbox 1149 3603 1217 3674; x_wconf 79' lang='lat' dir='ltr'>t).</span> <span class='ocrx_word' id='word_1_384' title='bbox 1258 3625 1285 3651; x_wconf 86' lang='lat'><strong>»</strong></span> <span class='ocrx_word' id='word_1_385' title='bbox 1314 3603 1663 3675; x_wconf 89' lang='lat' dir='ltr'>Quanquam</span> <span class='ocrx_word' id='word_1_386' title='bbox 1696 3609 1938 3661; x_wconf 91' lang='lat' dir='ltr'>sanctus</span> <span class='ocrx_word' id='word_1_387' title='bbox 1989 3622 2105 3662; x_wconf 93' lang='lat' dir='ltr'>non</span> <span class='ocrx_word' id='word_1_388' title='bbox 2135 3606 2193 3661; x_wconf 93' lang='lat' dir='ltr'>in</span> 
     </span>
    </p>
   </div>
   <div class='ocr_carea' id='block_1_54' title="bbox 536 3692 2194 3766">
    <p class='ocr_par' dir='ltr' id='par_1_54' title="bbox 536 3692 2194 3766">
     <span class='ocr_line' id='line_1_54' title="bbox 536 3692 2194 3766; baseline 0.002 -19"><span class='ocrx_word' id='word_1_389' title='bbox 536 3692 868 3749; x_wconf 90' lang='lat' dir='ltr'>ostensione</span> <span class='ocrx_word' id='word_1_390' title='bbox 897 3692 1232 3760; x_wconf 88' lang='lat' dir='ltr'>verborum,</span> <span class='ocrx_word' id='word_1_391' title='bbox 1264 3693 1367 3748; x_wconf 90' lang='lat' dir='ltr'>sed</span> <span class='ocrx_word' id='word_1_392' title='bbox 1400 3693 1460 3748; x_wconf 91' lang='lat' dir='ltr'>in</span> <span class='ocrx_word' id='word_1_393' title='bbox 1519 3693 1734 3750; x_wconf 88' lang='lat' dir='ltr'>virtute</span> <span class='ocrx_word' id='word_1_394' title='bbox 1787 3694 2030 3766; x_wconf 90' lang='lat' dir='ltr'>spiritus</span> <span class='ocrx_word' id='word_1_395' title='bbox 2061 3711 2194 3766; x_wconf 89' lang='lat' dir='ltr'>pro-</span> 
     </span>
    </p>
   </div>
   <div class='ocr_carea' id='block_1_55' title="bbox 535 3780 2196 3854">
    <p class='ocr_par' dir='ltr' id='par_1_55' title="bbox 535 3780 2196 3854">
     <span class='ocr_line' id='line_1_55' title="bbox 535 3780 2196 3854; baseline 0.002 -18"><span class='ocrx_word' id='word_1_396' title='bbox 535 3781 660 3836; x_wconf 88' lang='lat' dir='ltr'>bari</span> <span class='ocrx_word' id='word_1_397' title='bbox 690 3798 752 3837; x_wconf 92' lang='lat' dir='ltr'>se</span> <span class='ocrx_word' id='word_1_398' title='bbox 790 3780 948 3837; x_wconf 90' lang='lat' dir='ltr'>velit.</span> <span class='ocrx_word' id='word_1_399' title='bbox 992 3785 1211 3836; x_wconf 90' lang='lat' dir='ltr'>Sensus</span> <span class='ocrx_word' id='word_1_400' title='bbox 1264 3797 1399 3853; x_wconf 90' lang='lat' dir='ltr'>ergo</span> <span class='ocrx_word' id='word_1_401' title='bbox 1460 3781 1627 3838; x_wconf 89' lang='lat' dir='ltr'>nobis</span> <span class='ocrx_word' id='word_1_402' title='bbox 1687 3783 2044 3854; x_wconf 88' lang='lat' dir='ltr'>spectandus</span> <span class='ocrx_word' id='word_1_403' title='bbox 2105 3787 2196 3839; x_wconf 89' lang='lat' dir='ltr'>est</span> 
     </span>
    </p>
   </div>
   <div class='ocr_carea' id='block_1_56' title="bbox 534 3869 2196 3942">
    <p class='ocr_par' dir='ltr' id='par_1_56' title="bbox 534 3869 2196 3942">
     <span class='ocr_line' id='line_1_56' title="bbox 534 3869 2196 3942; baseline 0.002 -18"><span class='ocrx_word' id='word_1_404' title='bbox 534 3885 785 3942; x_wconf 87' lang='lat' dir='ltr'>semper,</span> <span class='ocrx_word' id='word_1_405' title='bbox 820 3886 994 3942; x_wconf 91' lang='lat' dir='ltr'>quem</span> <span class='ocrx_word' id='word_1_406' title='bbox 1027 3869 1202 3924; x_wconf 90' lang='lat' dir='ltr'>etiam</span> <span class='ocrx_word' id='word_1_407' title='bbox 1235 3869 1430 3941; x_wconf 89' lang='lat' dir='ltr'>ipsum</span> <span class='ocrx_word' id='word_1_408' title='bbox 1462 3870 1737 3942; x_wconf 83' lang='lat' dir='ltr'>frequens</span> <span class='ocrx_word' id='word_1_409' title='bbox 1767 3870 2072 3927; x_wconf 91' lang='lat' dir='ltr'>translatio</span> <span class='ocrx_word' id='word_1_410' title='bbox 2127 3888 2196 3928; x_wconf 83' lang='lat' dir='ltr'>ex</span> 
     </span>
    </p>
   </div>
   <div class='ocr_carea' id='block_1_57' title="bbox 531 3966 2193 4030">
    <p class='ocr_par' dir='ltr' id='par_1_57' title="bbox 531 3966 2193 4030">
     <span class='ocr_line' id='line_1_57' title="bbox 531 3966 2193 4030; baseline 0.002 -8"><span class='ocrx_word' id='word_1_411' title='bbox 531 3966 769 4025; x_wconf 63' lang='lat' dir='ltr'>Hebraeo</span> <span class='ocrx_word' id='word_1_412' title='bbox 799 3967 858 4022; x_wconf 92' lang='lat' dir='ltr'>in</span> <span class='ocrx_word' id='word_1_413' title='bbox 891 3967 1176 4030; x_wconf 81' lang='lat' dir='ltr'>Graecum,</span> <span class='ocrx_word' id='word_1_414' title='bbox 1209 3983 1277 4023; x_wconf 87' lang='lat' dir='ltr'>ex</span> <span class='ocrx_word' id='word_1_415' title='bbox 1333 3967 1530 4024; x_wconf 72' lang='lat' dir='ltr'>Graeco</span> <span class='ocrx_word' id='word_1_416' title='bbox 1588 3967 1648 4024; x_wconf 91' lang='lat' dir='ltr'>in</span> <span class='ocrx_word' id='word_1_417' title='bbox 1710 3967 1982 4024; x_wconf 91' lang='lat' dir='ltr'>Latinum</span> <span class='ocrx_word' id='word_1_418' title='bbox 2044 3973 2193 4026; x_wconf 89' lang='lat' dir='ltr'>atte-</span> 
     </span>
    </p>
   </div>
   <div class='ocr_carea' id='block_1_58' title="bbox 533 4055 1068 4111">
    <p class='ocr_par' dir='ltr' id='par_1_58' title="bbox 533 4055 1068 4111">
     <span class='ocr_line' id='line_1_58' title="bbox 533 4055 1068 4111; baseline -0.004 -1"><span class='ocrx_word' id='word_1_419' title='bbox 533 4070 715 4111; x_wconf 91' lang='lat' dir='ltr'>nuare</span> <span class='ocrx_word' id='word_1_420' title='bbox 747 4055 1068 4111; x_wconf 89' lang='lat' dir='ltr'>consuevit.</span> 
     </span>
    </p>
   </div>
   <div class='ocr_carea' id='block_1_59' title="bbox 601 4179 2194 4254">
    <p class='ocr_par' dir='ltr' id='par_1_59' title="bbox 601 4179 2194 4254">
     <span class='ocr_line' id='line_1_59' title="bbox 601 4179 2194 4254; baseline 0.001 -17"><span class='ocrx_word' id='word_1_421' title='bbox 601 4181 693 4237; x_wconf 88' lang='lat'>50.</span> <span class='ocrx_word' id='word_1_422' title='bbox 728 4179 916 4253; x_wconf 81' lang='lat' dir='ltr'>(Vere.</span> <span class='ocrx_word' id='word_1_423' title='bbox 952 4179 1065 4252; x_wconf 78' lang='lat' dir='ltr'>l8.)</span> <span class='ocrx_word' id='word_1_424' title='bbox 1098 4179 1184 4234; x_wconf 88' lang='lat' dir='ltr'>Ad</span> <span class='ocrx_word' id='word_1_425' title='bbox 1218 4181 1418 4236; x_wconf 90' lang='lat' dir='ltr'>omnia</span> <span class='ocrx_word' id='word_1_426' title='bbox 1462 4180 1658 4252; x_wconf 87' lang='lat' dir='ltr'>itaque</span> <span class='ocrx_word' id='word_1_427' title='bbox 1700 4181 2002 4254; x_wconf 88' lang='lat' dir='ltr'>superiora</span> <span class='ocrx_word' id='word_1_428' title='bbox 2058 4183 2194 4254; x_wconf 88' lang='lat' dir='ltr'>pul-</span> 
     </span>
    </p>
   </div>
   <div class='ocr_carea' id='block_1_60' title="bbox 533 4268 2195 4342">
    <p class='ocr_par' dir='ltr' id='par_1_60' title="bbox 533 4268 2195 4342">
     <span class='ocr_line' id='line_1_60' title="bbox 533 4268 2195 4342; baseline 0.003 -19"><span class='ocrx_word' id='word_1_429' title='bbox 533 4269 740 4324; x_wconf 89' lang='lat' dir='ltr'>chrum</span> <span class='ocrx_word' id='word_1_430' title='bbox 773 4269 1123 4337; x_wconf 90' lang='lat' dir='ltr'>remedium,</span> <span class='ocrx_word' id='word_1_431' title='bbox 1158 4269 1312 4341; x_wconf 90' lang='lat' dir='ltr'>quod</span> <span class='ocrx_word' id='word_1_432' title='bbox 1342 4268 1400 4324; x_wconf 92' lang='lat' dir='ltr'>in</span> <span class='ocrx_word' id='word_1_433' title='bbox 1434 4269 1664 4341; x_wconf 91' lang='lat' dir='ltr'>ﬂagella</span> <span class='ocrx_word' id='word_1_434' title='bbox 1691 4273 1932 4342; x_wconf 87' lang='lat' dir='ltr'>paratus</span> <span class='ocrx_word' id='word_1_435' title='bbox 1970 4276 2078 4341; x_wconf 89' lang='lat' dir='ltr'>est,</span> <span class='ocrx_word' id='word_1_436' title='bbox 2137 4276 2195 4328; x_wconf 91' lang='lat' dir='ltr'>et</span> 
     </span>
    </p>
   </div>
   <div class='ocr_carea' id='block_1_61' title="bbox 534 4357 2195 4432">
    <p class='ocr_par' dir='ltr' id='par_1_61' title="bbox 534 4357 2195 4432">
     <span class='ocr_line' id='line_1_61' title="bbox 534 4357 2195 4432; baseline 0.004 -22"><span class='ocrx_word' id='word_1_437' title='bbox 534 4357 702 4412; x_wconf 69' lang='lat' dir='ltr'>olfert</span> <span class='ocrx_word' id='word_1_438' title='bbox 734 4373 796 4412; x_wconf 92' lang='lat' dir='ltr'>se</span> <span class='ocrx_word' id='word_1_439' title='bbox 824 4358 1095 4425; x_wconf 89' lang='lat' dir='ltr'>Domino,</span> <span class='ocrx_word' id='word_1_440' title='bbox 1132 4364 1194 4413; x_wconf 91' lang='lat' dir='ltr'>ut</span> <span class='ocrx_word' id='word_1_441' title='bbox 1223 4374 1351 4430; x_wconf 63' lang='lat' dir='ltr'>quae</span> <span class='ocrx_word' id='word_1_442' title='bbox 1384 4357 1712 4431; x_wconf 91' lang='lat' dir='ltr'>placuerint</span> <span class='ocrx_word' id='word_1_443' title='bbox 1768 4363 1904 4427; x_wconf 91' lang='lat' dir='ltr'>Deo,</span> <span class='ocrx_word' id='word_1_444' title='bbox 1965 4358 2195 4432; x_wconf 83' lang='lat' dir='ltr'>ﬂagella</span> 
     </span>
    </p>
   </div>
   <div class='ocr_carea' id='block_1_62' title="bbox 534 4445 2191 4519">
    <p class='ocr_par' dir='ltr' id='par_1_62' title="bbox 534 4445 2191 4519">
     <span class='ocr_line' id='line_1_62' title="bbox 534 4445 2191 4519; baseline 0.002 -19"><span class='ocrx_word' id='word_1_445' title='bbox 534 4445 841 4500; x_wconf 88' lang='lat' dir='ltr'>sustineat.</span> <span class='ocrx_word' id='word_1_446' title='bbox 889 4446 1148 4518; x_wconf 87' lang='lat' dir='ltr'>Elegisse</span> <span class='ocrx_word' id='word_1_447' title='bbox 1205 4447 1446 4518; x_wconf 91' lang='lat' dir='ltr'>quidem</span> <span class='ocrx_word' id='word_1_448' title='bbox 1505 4445 1632 4519; x_wconf 88' lang='lat' dir='ltr'>lego</span> <span class='ocrx_word' id='word_1_449' title='bbox 1680 4453 1953 4504; x_wconf 87' lang='lat' dir='ltr'>sanetum</span> <span class='ocrx_word' id='word_1_450' title='bbox 2011 4447 2191 4504; x_wconf 88' lang='lat' dir='ltr'>David</span> 
     </span>
    </p>
   </div>
   <div class='ocr_carea' id='block_1_63' title="bbox 2322 1870 3854 1945">
    <p class='ocr_par' dir='ltr' id='par_1_63' title="bbox 2322 1870 3854 1945">
     <span class='ocr_line' id='line_1_63' title="bbox 2322 1870 3854 1945; baseline 0.001 -21"><span class='ocrx_word' id='word_1_451' title='bbox 2322 1870 2576 1927; x_wconf 90' lang='lat' dir='ltr'>multum</span> <span class='ocrx_word' id='word_1_452' title='bbox 2606 1870 2720 1927; x_wconf 88' lang='lat' dir='ltr'>ista</span> <span class='ocrx_word' id='word_1_453' title='bbox 2747 1872 3100 1928; x_wconf 89' lang='lat' dir='ltr'>verecundia</span> <span class='ocrx_word' id='word_1_454' title='bbox 3131 1871 3239 1928; x_wconf 93' lang='lat' dir='ltr'>tibi</span> <span class='ocrx_word' id='word_1_455' title='bbox 3269 1870 3639 1945; x_wconf 87' lang='lat' dir='ltr'>opitulabitur,</span> <span class='ocrx_word' id='word_1_456' title='bbox 3673 1887 3774 1926; x_wconf 89' lang='lat' dir='ltr'>cum</span> <span class='ocrx_word' id='word_1_457' title='bbox 3807 1871 3854 1926; x_wconf 76' lang='lat' dir='ltr'>ad</span> 
     </span>
    </p>
   </div>
   <div class='ocr_carea' id='block_1_64' title="bbox 2306 1955 3851 2034">
    <p class='ocr_par' dir='ltr' id='par_1_64' title="bbox 2306 1955 3851 2034">
     <span class='ocr_line' id='line_1_64' title="bbox 2306 1955 3851 2034; baseline -0.002 -19"><span class='ocrx_word' id='word_1_458' title='bbox 2306 1955 2600 2028; x_wconf 88' lang='lat' dir='ltr'>judicium</span> <span class='ocrx_word' id='word_1_459' title='bbox 2635 1959 2732 2015; x_wconf 91' lang='lat' dir='ltr'>Dei</span> <span class='ocrx_word' id='word_1_460' title='bbox 2761 1959 3027 2029; x_wconf 88' lang='lat' dir='ltr'>veneris;</span> <span class='ocrx_word' id='word_1_461' title='bbox 3061 1961 3162 2016; x_wconf 90' lang='lat' dir='ltr'>sed</span> <span class='ocrx_word' id='word_1_462' title='bbox 3194 1961 3433 2034; x_wconf 91' lang='lat' dir='ltr'>pudoris</span> <span class='ocrx_word' id='word_1_463' title='bbox 3461 1963 3511 2016; x_wconf 90' lang='lat' dir='ltr'>te</span> <span class='ocrx_word' id='word_1_464' title='bbox 3539 1958 3682 2015; x_wconf 83' lang='lat' dir='ltr'>istius</span> <span class='ocrx_word' id='word_1_465' title='bbox 3725 1958 3851 2031; x_wconf 72' lang='lat' dir='ltr'>peni-</span> 
     </span>
    </p>
   </div>
   <div class='ocr_carea' id='block_1_65' title="bbox 2313 2047 3853 2122">
    <p class='ocr_par' dir='ltr' id='par_1_65' title="bbox 2313 2047 3853 2122">
     <span class='ocr_line' id='line_1_65' title="bbox 2313 2047 3853 2122; baseline -0.002 -18"><span class='ocrx_word' id='word_1_466' title='bbox 2313 2048 2475 2116; x_wconf 90' lang='lat' dir='ltr'>tebit,</span> <span class='ocrx_word' id='word_1_467' title='bbox 2509 2065 2644 2105; x_wconf 92' lang='lat' dir='ltr'>cum</span> <span class='ocrx_word' id='word_1_468' title='bbox 2675 2048 2735 2104; x_wconf 91' lang='lat' dir='ltr'>in</span> <span class='ocrx_word' id='word_1_469' title='bbox 2767 2052 3080 2122; x_wconf 89' lang='lat' dir='ltr'>conspectu</span> <span class='ocrx_word' id='word_1_470' title='bbox 3114 2066 3232 2105; x_wconf 91' lang='lat' dir='ltr'>non</span> <span class='ocrx_word' id='word_1_471' title='bbox 3264 2048 3450 2106; x_wconf 92' lang='lat' dir='ltr'>solum</span> <span class='ocrx_word' id='word_1_472' title='bbox 3479 2048 3747 2110; x_wconf 88' lang='lat' dir='ltr'>hominum.</span> <span class='ocrx_word' id='word_1_473' title='bbox 3786 2047 3853 2102; x_wconf 84' lang='lat' dir='ltr'>sed</span> 
     </span>
    </p>
   </div>
   <div class='ocr_carea' id='block_1_66' title="bbox 2313 2135 3857 2211">
    <p class='ocr_par' dir='ltr' id='par_1_66' title="bbox 2313 2135 3857 2211">
     <span class='ocr_line' id='line_1_66' title="bbox 2313 2135 3857 2211; baseline -0.003 -17"><span class='ocrx_word' id='word_1_474' title='bbox 2313 2138 2491 2194; x_wconf 90' lang='lat' dir='ltr'>etiam</span> <span class='ocrx_word' id='word_1_475' title='bbox 2553 2136 2911 2211; x_wconf 88' lang='lat' dir='ltr'>Angelorum</span> <span class='ocrx_word' id='word_1_476' title='bbox 2961 2143 3019 2194; x_wconf 91' lang='lat' dir='ltr'>et</span> <span class='ocrx_word' id='word_1_477' title='bbox 3061 2138 3330 2194; x_wconf 90' lang='lat' dir='ltr'>omnium</span> <span class='ocrx_word' id='word_1_478' title='bbox 3388 2137 3695 2194; x_wconf 88' lang='lat' dir='ltr'>Potostatum</span> <span class='ocrx_word' id='word_1_479' title='bbox 3732 2135 3857 2190; x_wconf 71' lang='lat' dir='ltr'>cele-</span> 
     </span>
    </p>
   </div>
   <div class='ocr_carea' id='block_1_67' title="bbox 2315 2224 3857 2302">
    <p class='ocr_par' dir='ltr' id='par_1_67' title="bbox 2315 2224 3857 2302">
     <span class='ocr_line' id='line_1_67' title="bbox 2315 2224 3857 2302; baseline -0.005 -18"><span class='ocrx_word' id='word_1_480' title='bbox 2315 2228 2496 2284; x_wconf 89' lang='lat' dir='ltr'>stium</span> <span class='ocrx_word' id='word_1_481' title='bbox 2552 2227 2932 2296; x_wconf 88' lang='lat' dir='ltr'>constitutus,</span> <span class='ocrx_word' id='word_1_482' title='bbox 2983 2228 3229 2301; x_wconf 71' lang='lat' dir='ltr'>coeperis</span> <span class='ocrx_word' id='word_1_483' title='bbox 3272 2230 3502 2302; x_wconf 86' lang='lat' dir='ltr'>peccata</span> <span class='ocrx_word' id='word_1_484' title='bbox 3555 2224 3738 2299; x_wconf 84' lang='lat' dir='ltr'>propria</span> <span class='ocrx_word' id='word_1_485' title='bbox 3774 2239 3857 2278; x_wconf 86' lang='lat' dir='ltr'>non</span> 
     </span>
    </p>
   </div>
   <div class='ocr_carea' id='block_1_68' title="bbox 2313 2313 3857 2388">
    <p class='ocr_par' dir='ltr' id='par_1_68' title="bbox 2313 2313 3857 2388">
     <span class='ocr_line' id='line_1_68' title="bbox 2313 2313 3857 2388; baseline -0.003 -17"><span class='ocrx_word' id='word_1_486' title='bbox 2313 2332 2544 2388; x_wconf 91' lang='lat' dir='ltr'>negare.</span> <span class='ocrx_word' id='word_1_487' title='bbox 2578 2317 2881 2382; x_wconf 88' lang='lat' dir='ltr'>Quomodo</span> <span class='ocrx_word' id='word_1_488' title='bbox 2912 2316 3242 2387; x_wconf 82' lang='lat' dir='ltr'>excusabis,</span> <span class='ocrx_word' id='word_1_489' title='bbox 3269 2334 3401 2374; x_wconf 93' lang='lat' dir='ltr'>cum</span> <span class='ocrx_word' id='word_1_490' title='bbox 3443 2320 3591 2372; x_wconf 85' lang='lat' dir='ltr'>tanta</span> <span class='ocrx_word' id='word_1_491' title='bbox 3631 2313 3857 2370; x_wconf 80' lang='lat' dir='ltr'>commise-</span> 
     </span>
    </p>
   </div>
   <div class='ocr_carea' id='block_1_69' title="bbox 2312 2403 3855 2474">
    <p class='ocr_par' dir='ltr' id='par_1_69' title="bbox 2312 2403 3855 2474">
     <span class='ocr_line' id='line_1_69' title="bbox 2312 2403 3855 2474; baseline -0.005 -14"><span class='ocrx_word' id='word_1_492' title='bbox 2312 2405 2430 2461; x_wconf 85' lang='lat' dir='ltr'>ris?</span> <span class='ocrx_word' id='word_1_493' title='bbox 2463 2405 2793 2462; x_wconf 76' lang='lat' dir='ltr'>Prsetendes</span> <span class='ocrx_word' id='word_1_494' title='bbox 2824 2405 3178 2462; x_wconf 89' lang='lat' dir='ltr'>conditionis</span> <span class='ocrx_word' id='word_1_495' title='bbox 3196 2403 3718 2474; x_wconf 82' lang='lat' dir='ltr'>inﬁrmitatem,quia</span> <span class='ocrx_word' id='word_1_496' title='bbox 3738 2415 3855 2456; x_wconf 85' lang='lat' dir='ltr'>nemo</span> 
     </span>
    </p>
   </div>
   <div class='ocr_carea' id='block_1_70' title="bbox 2311 2491 3856 2567">
    <p class='ocr_par' dir='ltr' id='par_1_70' title="bbox 2311 2491 3856 2567">
     <span class='ocr_line' id='line_1_70' title="bbox 2311 2491 3856 2567; baseline -0.005 -16"><span class='ocrx_word' id='word_1_497' title='bbox 2311 2493 2438 2551; x_wconf 89' lang='lat' dir='ltr'>sine</span> <span class='ocrx_word' id='word_1_498' title='bbox 2468 2497 2704 2566; x_wconf 90' lang='lat' dir='ltr'>peccato</span> <span class='ocrx_word' id='word_1_499' title='bbox 2725 2495 2753 2549; x_wconf 86' lang='lat'><strong>?</strong></span> <span class='ocrx_word' id='word_1_500' title='bbox 2781 2494 3257 2567; x_wconf 81' lang='lat' dir='ltr'>Respondebitur</span> <span class='ocrx_word' id='word_1_501' title='bbox 3293 2494 3398 2550; x_wconf 90' lang='lat' dir='ltr'>tibi</span> <span class='ocrx_word' id='word_1_502' title='bbox 3433 2512 3446 2550; x_wconf 92' lang='lat'>:</span> <span class='ocrx_word' id='word_1_503' title='bbox 3509 2491 3729 2549; x_wconf 87' lang='lat' dir='ltr'>Debuisti</span> <span class='ocrx_word' id='word_1_504' title='bbox 3768 2504 3856 2560; x_wconf 77' lang='lat' dir='ltr'>ergo</span> 
     </span>
    </p>
   </div>
   <div class='ocr_carea' id='block_1_71' title="bbox 2310 2576 3856 2656">
    <p class='ocr_par' dir='ltr' id='par_1_71' title="bbox 2310 2576 3856 2656">
     <span class='ocr_line' id='line_1_71' title="bbox 2310 2576 3856 2656; baseline -0.006 -17"><span class='ocrx_word' id='word_1_505' title='bbox 2310 2599 2482 2656; x_wconf 89' lang='lat' dir='ltr'>agere</span> <span class='ocrx_word' id='word_1_506' title='bbox 2513 2582 2940 2656; x_wconf 83' lang='lat' dir='ltr'>paenitentiam,</span> <span class='ocrx_word' id='word_1_507' title='bbox 2974 2583 3256 2640; x_wconf 88' lang='lat' dir='ltr'>dederam</span> <span class='ocrx_word' id='word_1_508' title='bbox 3290 2581 3612 2649; x_wconf 90' lang='lat' dir='ltr'>remedium,</span> <span class='ocrx_word' id='word_1_509' title='bbox 3641 2595 3724 2635; x_wconf 88' lang='lat' dir='ltr'>cur</span> <span class='ocrx_word' id='word_1_510' title='bbox 3755 2576 3856 2632; x_wconf 71' lang='lat' dir='ltr'>retu-</span> 
     </span>
    </p>
   </div>
   <div class='ocr_carea' id='block_1_72' title="bbox 2306 2671 3856 2745">
    <p class='ocr_par' dir='ltr' id='par_1_72' title="bbox 2306 2671 3856 2745">
     <span class='ocr_line' id='line_1_72' title="bbox 2306 2671 3856 2745; baseline -0.006 -18"><span class='ocrx_word' id='word_1_511' title='bbox 2306 2672 2445 2728; x_wconf 92' lang='lat' dir='ltr'>tasti</span> <span class='ocrx_word' id='word_1_512' title='bbox 2465 2672 2494 2727; x_wconf 75' lang='lat' dir='ltr'>‘I</span> <span class='ocrx_word' id='word_1_513' title='bbox 2525 2673 2810 2729; x_wconf 82' lang='lat' dir='ltr'>Subtexes</span> <span class='ocrx_word' id='word_1_514' title='bbox 2841 2673 3146 2744; x_wconf 89' lang='lat' dir='ltr'>pudorem,</span> <span class='ocrx_word' id='word_1_515' title='bbox 3180 2672 3344 2745; x_wconf 87' lang='lat' dir='ltr'>quod</span> <span class='ocrx_word' id='word_1_516' title='bbox 3379 2671 3610 2727; x_wconf 86' lang='lat' dir='ltr'>honores</span> <span class='ocrx_word' id='word_1_517' title='bbox 3633 2673 3738 2723; x_wconf 90' lang='lat' dir='ltr'>tuos</span> <span class='ocrx_word' id='word_1_518' title='bbox 3771 2680 3856 2719; x_wconf 87' lang='lat' dir='ltr'>eru-</span> 
     </span>
    </p>
   </div>
   <div class='ocr_carea' id='block_1_73' title="bbox 2304 2752 3854 2818">
    <p class='ocr_par' dir='ltr' id='par_1_73' title="bbox 2304 2752 3854 2818">
     <span class='ocr_line' id='line_1_73' title="bbox 2304 2752 3854 2818; baseline -0.007 -2"><span class='ocrx_word' id='word_1_519' title='bbox 2304 2760 2553 2817; x_wconf 87' lang='lat' dir='ltr'>bueris?</span> <span class='ocrx_word' id='word_1_520' title='bbox 2583 2760 2778 2817; x_wconf 90' lang='lat' dir='ltr'>Dicet:</span> <span class='ocrx_word' id='word_1_521' title='bbox 2814 2761 2874 2817; x_wconf 93' lang='lat' dir='ltr'>Si</span> <span class='ocrx_word' id='word_1_522' title='bbox 2904 2765 2969 2817; x_wconf 91' lang='lat' dir='ltr'>tu</span> <span class='ocrx_word' id='word_1_523' title='bbox 2999 2761 3295 2818; x_wconf 90' lang='lat' dir='ltr'>erubuisti</span> <span class='ocrx_word' id='word_1_524' title='bbox 3355 2777 3446 2816; x_wconf 91' lang='lat' dir='ltr'>me</span> <span class='ocrx_word' id='word_1_525' title='bbox 3498 2773 3668 2815; x_wconf 87' lang='lat' dir='ltr'>coram</span> <span class='ocrx_word' id='word_1_526' title='bbox 3715 2752 3854 2809; x_wconf 85' lang='lat' dir='ltr'>amicis</span> 
     </span>
    </p>
   </div>
   <div class='ocr_carea' id='block_1_74' title="bbox 2300 2837 3855 2923">
    <p class='ocr_par' dir='ltr' id='par_1_74' title="bbox 2300 2837 3855 2923">
     <span class='ocr_line' id='line_1_74' title="bbox 2300 2837 3855 2923; baseline -0.003 -18"><span class='ocrx_word' id='word_1_527' title='bbox 2300 2849 2441 2919; x_wconf 90' lang='lat' dir='ltr'>tuis,</span> <span class='ocrx_word' id='word_1_528' title='bbox 2462 2855 2520 2907; x_wconf 92' lang='lat' dir='ltr'>et</span> <span class='ocrx_word' id='word_1_529' title='bbox 2547 2866 2653 2923; x_wconf 89' lang='lat' dir='ltr'>ego</span> <span class='ocrx_word' id='word_1_530' title='bbox 2683 2853 2742 2906; x_wconf 92' lang='lat' dir='ltr'>te</span> <span class='ocrx_word' id='word_1_531' title='bbox 2771 2849 3114 2906; x_wconf 89' lang='lat' dir='ltr'>erubescam</span> <span class='ocrx_word' id='word_1_532' title='bbox 3163 2865 3369 2906; x_wconf 91' lang='lat' dir='ltr'>coram</span> <span class='ocrx_word' id='word_1_533' title='bbox 3425 2849 3581 2904; x_wconf 89' lang='lat' dir='ltr'>Patre</span> <span class='ocrx_word' id='word_1_534' title='bbox 3629 2860 3748 2908; x_wconf 88' lang='lat' dir='ltr'>meo,</span> <span class='ocrx_word' id='word_1_535' title='bbox 3790 2837 3855 2911; x_wconf 76' lang='lat' dir='ltr'>qui</span> 
     </span>
    </p>
   </div>
   <div class='ocr_carea' id='block_1_75' title="bbox 2302 2931 3853 3010">
    <p class='ocr_par' dir='ltr' id='par_1_75' title="bbox 2302 2931 3853 3010">
     <span class='ocr_line' id='line_1_75' title="bbox 2302 2931 3853 3010; baseline -0.001 -16"><span class='ocrx_word' id='word_1_536' title='bbox 2302 2943 2392 2994; x_wconf 92' lang='lat' dir='ltr'>est</span> <span class='ocrx_word' id='word_1_537' title='bbox 2420 2939 2478 2994; x_wconf 95' lang='lat' dir='ltr'>in</span> <span class='ocrx_word' id='word_1_538' title='bbox 2511 2939 2690 2996; x_wconf 79' lang='lat' dir='ltr'>ecslis.</span> <span class='ocrx_word' id='word_1_539' title='bbox 2725 2938 2889 2994; x_wconf 90' lang='lat' dir='ltr'>Disce</span> <span class='ocrx_word' id='word_1_540' title='bbox 2915 2955 3118 2994; x_wconf 91' lang='lat' dir='ltr'>verum</span> <span class='ocrx_word' id='word_1_541' title='bbox 3150 2954 3288 2995; x_wconf 87' lang='lat' dir='ltr'>esse</span> <span class='ocrx_word' id='word_1_542' title='bbox 3318 2937 3467 3010; x_wconf 93' lang='lat' dir='ltr'>quod</span> <span class='ocrx_word' id='word_1_543' title='bbox 3497 2934 3734 3007; x_wconf 91' lang='lat' dir='ltr'>scriptum</span> <span class='ocrx_word' id='word_1_544' title='bbox 3782 2931 3853 2991; x_wconf 74' lang='lat' dir='ltr'>est.</span> 
     </span>
    </p>
   </div>
   <div class='ocr_carea' id='block_1_76' title="bbox 2302 3015 3856 3101">
    <p class='ocr_par' dir='ltr' id='par_1_76' title="bbox 2302 3015 3856 3101">
     <span class='ocr_line' id='line_1_76' title="bbox 2302 3015 3856 3101; baseline -0.01 -17"><span class='ocrx_word' id='word_1_545' title='bbox 2302 3027 2442 3101; x_wconf 91' lang='lat' dir='ltr'>quia</span> <span class='ocrx_word' id='word_1_546' title='bbox 2475 3051 2496 3078; x_wconf 77' lang='grc' dir='ltr'><strong>α</strong></span> <span class='ocrx_word' id='word_1_547' title='bbox 2532 3031 2621 3084; x_wconf 91' lang='lat' dir='ltr'>est</span> <span class='ocrx_word' id='word_1_548' title='bbox 2663 3026 3012 3084; x_wconf 90' lang='lat' dir='ltr'>verecundia</span> <span class='ocrx_word' id='word_1_549' title='bbox 3054 3027 3363 3084; x_wconf 89' lang='lat' dir='ltr'>adducens</span> <span class='ocrx_word' id='word_1_550' title='bbox 3402 3028 3673 3100; x_wconf 87' lang='lat' dir='ltr'>peccatum</span> <span class='ocrx_word' id='word_1_551' title='bbox 3720 3015 3856 3091; x_wconf 64' lang='lat' dir='ltr'>(Ereti.</span> 
     </span>
    </p>
   </div>
   <div class='ocr_carea' id='block_1_77' title="bbox 2303 3112 3855 3188">
    <p class='ocr_par' dir='ltr' id='par_1_77' title="bbox 2303 3112 3855 3188">
     <span class='ocr_line' id='line_1_77' title="bbox 2303 3112 3855 3188; baseline -0.01 -15"><span class='ocrx_word' id='word_1_552' title='bbox 2303 3131 2381 3184; x_wconf 76' lang='lat' dir='ltr'>Iv,</span> <span class='ocrx_word' id='word_1_553' title='bbox 2416 3117 2528 3185; x_wconf 79' lang='lat'>25).</span> <span class='ocrx_word' id='word_1_554' title='bbox 2562 3138 2590 3168; x_wconf 83' lang='lat'>»</span> <span class='ocrx_word' id='word_1_555' title='bbox 2625 3115 2804 3172; x_wconf 91' lang='lat' dir='ltr'>David</span> <span class='ocrx_word' id='word_1_556' title='bbox 2846 3115 2905 3171; x_wconf 93' lang='lat' dir='ltr'>in</span> <span class='ocrx_word' id='word_1_557' title='bbox 2956 3120 3279 3188; x_wconf 89' lang='lat' dir='ltr'>conspectu</span> <span class='ocrx_word' id='word_1_558' title='bbox 3325 3132 3430 3172; x_wconf 93' lang='lat' dir='ltr'>suo</span> <span class='ocrx_word' id='word_1_559' title='bbox 3477 3112 3702 3169; x_wconf 88' lang='lat' dir='ltr'>dolorem</span> <span class='ocrx_word' id='word_1_560' title='bbox 3741 3118 3855 3162; x_wconf 87' lang='lat' dir='ltr'>suum</span> 
     </span>
    </p>
   </div>
   <div class='ocr_carea' id='block_1_78' title="bbox 2307 3190 3861 3278">
    <p class='ocr_par' dir='ltr' id='par_1_78' title="bbox 2307 3190 3861 3278">
     <span class='ocr_line' id='line_1_78' title="bbox 2307 3190 3861 3278; baseline -0.01 -15"><span class='ocrx_word' id='word_1_561' title='bbox 2307 3205 2580 3278; x_wconf 89' lang='lat' dir='ltr'>ponebat,</span> <span class='ocrx_word' id='word_1_562' title='bbox 2613 3221 2684 3262; x_wconf 92' lang='lat' dir='ltr'>ne</span> <span class='ocrx_word' id='word_1_563' title='bbox 2715 3221 2978 3276; x_wconf 91' lang='lat' dir='ltr'>unquam</span> <span class='ocrx_word' id='word_1_564' title='bbox 3007 3203 3492 3273; x_wconf 89' lang='lat' dir='ltr'>oblivisceretur;</span> <span class='ocrx_word' id='word_1_565' title='bbox 3523 3198 3680 3258; x_wconf 90' lang='lat' dir='ltr'>David</span> <span class='ocrx_word' id='word_1_566' title='bbox 3705 3190 3861 3265; x_wconf 89' lang='lat' dir='ltr'>iniqui-</span> 
     </span>
    </p>
   </div>
   <div class='ocr_carea' id='block_1_79' title="bbox 2306 3285 3862 3366">
    <p class='ocr_par' dir='ltr' id='par_1_79' title="bbox 2306 3285 3862 3366">
     <span class='ocr_line' id='line_1_79' title="bbox 2306 3285 3862 3366; baseline -0.01 -17"><span class='ocrx_word' id='word_1_567' title='bbox 2306 3298 2488 3351; x_wconf 81' lang='lat' dir='ltr'>tatem</span> <span class='ocrx_word' id='word_1_568' title='bbox 2519 3311 2688 3352; x_wconf 86' lang='lat' dir='ltr'>suam</span> <span class='ocrx_word' id='word_1_569' title='bbox 2720 3294 2845 3366; x_wconf 85' lang='lat' dir='ltr'>ipse</span> <span class='ocrx_word' id='word_1_570' title='bbox 2875 3293 3300 3366; x_wconf 89' lang='lat' dir='ltr'>pronuntiabat</span> <span class='ocrx_word' id='word_1_571' title='bbox 3329 3311 3342 3362; x_wconf 92' lang='lat'>;</span> <span class='ocrx_word' id='word_1_572' title='bbox 3376 3291 3548 3349; x_wconf 89' lang='lat' dir='ltr'>David</span> <span class='ocrx_word' id='word_1_573' title='bbox 3597 3289 3655 3344; x_wconf 89' lang='lat' dir='ltr'>de</span> <span class='ocrx_word' id='word_1_574' title='bbox 3695 3285 3862 3358; x_wconf 75' lang='lat' dir='ltr'>peccato</span> 
     </span>
    </p>
   </div>
   <div class='ocr_carea' id='block_1_80' title="bbox 2306 3368 3868 3456">
    <p class='ocr_par' dir='ltr' id='par_1_80' title="bbox 2306 3368 3868 3456">
     <span class='ocr_line' id='line_1_80' title="bbox 2306 3368 3868 3456; baseline -0.012 -16"><span class='ocrx_word' id='word_1_575' title='bbox 2306 3400 2434 3451; x_wconf 91' lang='lat' dir='ltr'>suo,</span> <span class='ocrx_word' id='word_1_576' title='bbox 2463 3400 2578 3440; x_wconf 92' lang='lat' dir='ltr'>non</span> <span class='ocrx_word' id='word_1_577' title='bbox 2610 3383 2680 3439; x_wconf 92' lang='lat' dir='ltr'>de</span> <span class='ocrx_word' id='word_1_578' title='bbox 2709 3382 2921 3456; x_wconf 91' lang='lat' dir='ltr'>opibus</span> <span class='ocrx_word' id='word_1_579' title='bbox 2969 3382 3306 3456; x_wconf 89' lang='lat' dir='ltr'>cogitabat;</span> <span class='ocrx_word' id='word_1_580' title='bbox 3355 3379 3530 3438; x_wconf 83' lang='lat' dir='ltr'>David</span> <span class='ocrx_word' id='word_1_581' title='bbox 3584 3392 3674 3433; x_wconf 89' lang='lat' dir='ltr'>non</span> <span class='ocrx_word' id='word_1_582' title='bbox 3717 3368 3868 3427; x_wconf 86' lang='lat' dir='ltr'>erube-</span> 
     </span>
    </p>
   </div>
   <div class='ocr_carea' id='block_1_81' title="bbox 2305 3458 3866 3544">
    <p class='ocr_par' dir='ltr' id='par_1_81' title="bbox 2305 3458 3866 3544">
     <span class='ocr_line' id='line_1_81' title="bbox 2305 3458 3866 3544; baseline -0.012 -15"><span class='ocrx_word' id='word_1_583' title='bbox 2305 3473 2507 3529; x_wconf 88' lang='lat' dir='ltr'>scebat</span> <span class='ocrx_word' id='word_1_584' title='bbox 2536 3489 2644 3529; x_wconf 90' lang='lat' dir='ltr'>sua</span> <span class='ocrx_word' id='word_1_585' title='bbox 2673 3487 2974 3528; x_wconf 87' lang='lat' dir='ltr'>recensere</span> <span class='ocrx_word' id='word_1_586' title='bbox 3004 3474 3268 3544; x_wconf 88' lang='lat' dir='ltr'>peccata,</span> <span class='ocrx_word' id='word_1_587' title='bbox 3303 3487 3376 3528; x_wconf 91' lang='lat' dir='ltr'>ne</span> <span class='ocrx_word' id='word_1_588' title='bbox 3407 3471 3477 3526; x_wconf 92' lang='lat' dir='ltr'>de</span> <span class='ocrx_word' id='word_1_589' title='bbox 3497 3467 3564 3524; x_wconf 84' lang='lat' dir='ltr'>iis</span> <span class='ocrx_word' id='word_1_590' title='bbox 3588 3458 3866 3544; x_wconf 76' lang='lat' dir='ltr'>erubesceret</span> 
     </span>
    </p>
   </div>
   <div class='ocr_carea' id='block_1_82' title="bbox 2303 3540 3867 3639">
    <p class='ocr_par' dir='ltr' id='par_1_82' title="bbox 2303 3540 3867 3639">
     <span class='ocr_line' id='line_1_82' title="bbox 2303 3540 3867 3639; baseline -0.008 -24"><span class='ocrx_word' id='word_1_591' title='bbox 2303 3560 2365 3616; x_wconf 91' lang='lat' dir='ltr'>in</span> <span class='ocrx_word' id='word_1_592' title='bbox 2397 3576 2526 3618; x_wconf 90' lang='lat' dir='ltr'>meo</span> <span class='ocrx_word' id='word_1_593' title='bbox 2560 3559 2785 3632; x_wconf 89' lang='lat' dir='ltr'>judicio</span> <span class='ocrx_word' id='word_1_594' title='bbox 2843 3540 3260 3616; x_wconf 83' lang='lat' dir='ltr'>constitutus:</span> <span class='ocrx_word' id='word_1_595' title='bbox 3301 3563 3360 3616; x_wconf 89' lang='lat' dir='ltr'>et</span> <span class='ocrx_word' id='word_1_596' title='bbox 3407 3563 3468 3614; x_wconf 92' lang='lat' dir='ltr'>tu</span> <span class='ocrx_word' id='word_1_597' title='bbox 3523 3540 3867 3639; x_wconf 60' lang='lat' dir='ltr'>erubescebul</span> 
     </span>
    </p>
   </div>
   <div class='ocr_carea' id='block_1_83' title="bbox 2304 3636 3868 3720">
    <p class='ocr_par' dir='ltr' id='par_1_83' title="bbox 2304 3636 3868 3720">
     <span class='ocr_line' id='line_1_83' title="bbox 2304 3636 3868 3720; baseline -0.01 -14"><span class='ocrx_word' id='word_1_598' title='bbox 2304 3650 2431 3706; x_wconf 93' lang='lat' dir='ltr'>Non</span> <span class='ocrx_word' id='word_1_599' title='bbox 2463 3653 2619 3706; x_wconf 83' lang='lat' dir='ltr'>esset</span> <span class='ocrx_word' id='word_1_600' title='bbox 2646 3648 2819 3705; x_wconf 90' lang='lat' dir='ltr'>hodie</span> <span class='ocrx_word' id='word_1_601' title='bbox 2849 3648 2907 3704; x_wconf 91' lang='lat' dir='ltr'>in</span> <span class='ocrx_word' id='word_1_602' title='bbox 2938 3647 3141 3720; x_wconf 90' lang='lat' dir='ltr'>requie</span> <span class='ocrx_word' id='word_1_603' title='bbox 3172 3646 3448 3704; x_wconf 83' lang='lat' dir='ltr'>servulus</span> <span class='ocrx_word' id='word_1_604' title='bbox 3505 3657 3653 3700; x_wconf 90' lang='lat' dir='ltr'>meus</span> <span class='ocrx_word' id='word_1_605' title='bbox 3695 3636 3794 3699; x_wconf 85' lang='lat' dir='ltr'>Job,</span> <span class='ocrx_word' id='word_1_606' title='bbox 3836 3636 3868 3684; x_wconf 79' lang='lat' dir='ltr'>si</span> 
     </span>
    </p>
   </div>
   <div class='ocr_carea' id='block_1_84' title="bbox 2304 3720 3868 3810">
    <p class='ocr_par' dir='ltr' id='par_1_84' title="bbox 2304 3720 3868 3810">
     <span class='ocr_line' id='line_1_84' title="bbox 2304 3720 3868 3810; baseline -0.001 -17"><span class='ocrx_word' id='word_1_607' title='bbox 2304 3737 2639 3794; x_wconf 91' lang='lat' dir='ltr'>erubuisset</span> <span class='ocrx_word' id='word_1_608' title='bbox 2674 3741 2794 3794; x_wconf 92' lang='lat' dir='ltr'>tres</span> <span class='ocrx_word' id='word_1_609' title='bbox 2825 3735 2958 3793; x_wconf 91' lang='lat' dir='ltr'>illos</span> <span class='ocrx_word' id='word_1_610' title='bbox 2990 3752 3156 3810; x_wconf 87' lang='lat' dir='ltr'>reges</span> <span class='ocrx_word' id='word_1_611' title='bbox 3184 3736 3411 3792; x_wconf 91' lang='lat' dir='ltr'>amicos</span> <span class='ocrx_word' id='word_1_612' title='bbox 3444 3748 3609 3798; x_wconf 87' lang='lat' dir='ltr'>suos;</span> <span class='ocrx_word' id='word_1_613' title='bbox 3660 3741 3742 3782; x_wconf 74' lang='lat' dir='ltr'>nec</span> <span class='ocrx_word' id='word_1_614' title='bbox 3783 3720 3868 3791; x_wconf 70' lang='grc' dir='ltr'>ίρθθ</span> 
     </span>
    </p>
   </div>
   <div class='ocr_carea' id='block_1_85' title="bbox 2305 3810 3870 3898">
    <p class='ocr_par' dir='ltr' id='par_1_85' title="bbox 2305 3810 3870 3898">
     <span class='ocr_line' id='line_1_85' title="bbox 2305 3810 3870 3898; baseline -0.01 -17"><span class='ocrx_word' id='word_1_615' title='bbox 2305 3825 2510 3895; x_wconf 89' lang='lat' dir='ltr'>David,</span> <span class='ocrx_word' id='word_1_616' title='bbox 2545 3825 2594 3882; x_wconf 92' lang='lat' dir='ltr'>si</span> <span class='ocrx_word' id='word_1_617' title='bbox 2623 3825 2957 3882; x_wconf 88' lang='lat' dir='ltr'>erubuisset</span> <span class='ocrx_word' id='word_1_618' title='bbox 2981 3823 3193 3881; x_wconf 89' lang='lat' dir='ltr'>delicta</span> <span class='ocrx_word' id='word_1_619' title='bbox 3223 3825 3467 3898; x_wconf 90' lang='lat' dir='ltr'>propria</span> <span class='ocrx_word' id='word_1_620' title='bbox 3494 3815 3739 3877; x_wconf 79' lang='lat' dir='ltr'>confiteri.</span> <span class='ocrx_word' id='word_1_621' title='bbox 3769 3810 3870 3878; x_wconf 76' lang='lat' dir='ltr'>Ergo</span> 
     </span>
    </p>
   </div>
   <div class='ocr_carea' id='block_1_86' title="bbox 2305 3907 3867 3991">
    <p class='ocr_par' dir='ltr' id='par_1_86' title="bbox 2305 3907 3867 3991">
     <span class='ocr_line' id='line_1_86' title="bbox 2305 3907 3867 3991; baseline -0.003 -21"><span class='ocrx_word' id='word_1_622' title='bbox 2305 3914 2448 3986; x_wconf 89' lang='lat' dir='ltr'>quia</span> <span class='ocrx_word' id='word_1_623' title='bbox 2477 3931 2592 3971; x_wconf 93' lang='lat' dir='ltr'>non</span> <span class='ocrx_word' id='word_1_624' title='bbox 2633 3913 2870 3970; x_wconf 90' lang='lat' dir='ltr'>erubuit</span> <span class='ocrx_word' id='word_1_625' title='bbox 2913 3911 3061 3968; x_wconf 88' lang='lat' dir='ltr'>mihi</span> <span class='ocrx_word' id='word_1_626' title='bbox 3109 3930 3220 3968; x_wconf 84' lang='lat' dir='ltr'>sua</span> <span class='ocrx_word' id='word_1_627' title='bbox 3284 3911 3507 3986; x_wconf 88' lang='lat' dir='ltr'>aperire</span> <span class='ocrx_word' id='word_1_628' title='bbox 3538 3907 3867 3991; x_wconf 47' lang='lat' dir='ltr'>peccamine?c</span> 
     </span>
    </p>
   </div>
   <div class='ocr_carea' id='block_1_87' title="bbox 2304 3991 3874 4076">
    <p class='ocr_par' dir='ltr' id='par_1_87' title="bbox 2304 3991 3874 4076">
     <span class='ocr_line' id='line_1_87' title="bbox 2304 3991 3874 4076; baseline -0.008 -17"><span class='ocrx_word' id='word_1_629' title='bbox 2304 4019 2410 4076; x_wconf 90' lang='lat' dir='ltr'>ego</span> <span class='ocrx_word' id='word_1_630' title='bbox 2439 4003 2780 4059; x_wconf 88' lang='lat' dir='ltr'>erubescam</span> <span class='ocrx_word' id='word_1_631' title='bbox 2829 4001 2879 4057; x_wconf 92' lang='lat' dir='ltr'>ei</span> <span class='ocrx_word' id='word_1_632' title='bbox 2913 4016 3044 4058; x_wconf 90' lang='lat' dir='ltr'>mea</span> <span class='ocrx_word' id='word_1_633' title='bbox 3103 4006 3334 4058; x_wconf 89' lang='lat' dir='ltr'>secreta</span> <span class='ocrx_word' id='word_1_634' title='bbox 3394 4012 3652 4056; x_wconf 87' lang='lat' dir='ltr'>reserare.</span> <span class='ocrx_word' id='word_1_635' title='bbox 3701 3991 3757 4047; x_wconf 86' lang='lat' dir='ltr'>Et</span> <span class='ocrx_word' id='word_1_636' title='bbox 3780 3998 3874 4057; x_wconf 70' lang='lat' dir='ltr'>qma</span> 
     </span>
    </p>
   </div>
   <div class='ocr_carea' id='block_1_88' title="bbox 2304 4086 3872 4162">
    <p class='ocr_par' dir='ltr' id='par_1_88' title="bbox 2304 4086 3872 4162">
     <span class='ocr_line' id='line_1_88' title="bbox 2304 4086 3872 4162; baseline -0.01 -15"><span class='ocrx_word' id='word_1_637' title='bbox 2304 4095 2552 4162; x_wconf 91' lang='lat' dir='ltr'>uterque</span> <span class='ocrx_word' id='word_1_638' title='bbox 2581 4106 2784 4147; x_wconf 89' lang='lat' dir='ltr'>eorum</span> <span class='ocrx_word' id='word_1_639' title='bbox 2816 4106 2932 4146; x_wconf 91' lang='lat' dir='ltr'>non</span> <span class='ocrx_word' id='word_1_640' title='bbox 2962 4089 3197 4146; x_wconf 89' lang='lat' dir='ltr'>erubuit</span> <span class='ocrx_word' id='word_1_641' title='bbox 3230 4090 3521 4147; x_wconf 79' lang='lat' dir='ltr'>factorum</span> <span class='ocrx_word' id='word_1_642' title='bbox 3551 4094 3757 4142; x_wconf 89' lang='lat' dir='ltr'>suorum</span> <span class='ocrx_word' id='word_1_643' title='bbox 3786 4086 3872 4145; x_wconf 75' lang='lat' dir='ltr'>pre-</span> 
     </span>
    </p>
   </div>
   <div class='ocr_carea' id='block_1_89' title="bbox 2301 4166 3878 4257">
    <p class='ocr_par' dir='ltr' id='par_1_89' title="bbox 2301 4166 3878 4257">
     <span class='ocr_line' id='line_1_89' title="bbox 2301 4166 3878 4257; baseline -0.01 -22"><span class='ocrx_word' id='word_1_644' title='bbox 2301 4179 2453 4235; x_wconf 90' lang='lat' dir='ltr'>tium</span> <span class='ocrx_word' id='word_1_645' title='bbox 2484 4179 2543 4236; x_wconf 93' lang='lat' dir='ltr'>in</span> <span class='ocrx_word' id='word_1_646' title='bbox 2577 4195 2707 4236; x_wconf 89' lang='lat' dir='ltr'>mea</span> <span class='ocrx_word' id='word_1_647' title='bbox 2737 4194 2949 4251; x_wconf 88' lang='lat' dir='ltr'>ponere</span> <span class='ocrx_word' id='word_1_648' title='bbox 2979 4181 3296 4250; x_wconf 88' lang='lat' dir='ltr'>potestate,</span> <span class='ocrx_word' id='word_1_649' title='bbox 3328 4194 3461 4235; x_wconf 91' lang='lat' dir='ltr'>meo</span> <span class='ocrx_word' id='word_1_650' title='bbox 3491 4193 3551 4234; x_wconf 89' lang='lat' dir='ltr'>se</span> <span class='ocrx_word' id='word_1_651' title='bbox 3588 4166 3772 4245; x_wconf 90' lang='lat' dir='ltr'>judicio</span> 
     </span>
    </p>
   </div>
   <div class='ocr_carea' id='block_1_90' title="bbox 2304 4247 3878 4341">
    <p class='ocr_par' dir='ltr' id='par_1_90' title="bbox 2304 4247 3878 4341">
     <span class='ocr_line' id='line_1_90' title="bbox 2304 4247 3878 4341; baseline -0.01 -17"><span class='ocrx_word' id='word_1_652' title='bbox 2304 4267 2635 4341; x_wconf 90' lang='lat' dir='ltr'>luntatique</span> <span class='ocrx_word' id='word_1_653' title='bbox 2664 4247 3050 4334; x_wconf 75' lang='lat' dir='ltr'>committere,</span> <span class='ocrx_word' id='word_1_654' title='bbox 3082 4282 3188 4322; x_wconf 92' lang='lat' dir='ltr'>nec</span> <span class='ocrx_word' id='word_1_655' title='bbox 3215 4247 3326 4339; x_wconf 86' lang='lat' dir='ltr'>ego</span> <span class='ocrx_word' id='word_1_656' title='bbox 3359 4267 3431 4322; x_wconf 91' lang='lat' dir='ltr'>de</span> <span class='ocrx_word' id='word_1_657' title='bbox 3459 4263 3662 4320; x_wconf 87' lang='lat' dir='ltr'>talibus</span> <span class='ocrx_word' id='word_1_658' title='bbox 3696 4247 3878 4341; x_wconf 63' lang='lat' dir='ltr'>servulis</span> 
     </span>
    </p>
   </div>
   <div class='ocr_carea' id='block_1_91' title="bbox 2303 4339 3880 4429">
    <p class='ocr_par' dir='ltr' id='par_1_91' title="bbox 2303 4339 3880 4429">
     <span class='ocr_line' id='line_1_91' title="bbox 2303 4339 3880 4429; baseline -0.012 -15"><span class='ocrx_word' id='word_1_659' title='bbox 2303 4339 2668 4426; x_wconf 78' lang='lat' dir='ltr'>erubescam,</span> <span class='ocrx_word' id='word_1_660' title='bbox 2697 4361 2762 4412; x_wconf 93' lang='lat' dir='ltr'>ut</span> <span class='ocrx_word' id='word_1_661' title='bbox 2790 4355 3078 4429; x_wconf 89' lang='lat' dir='ltr'>appellem</span> <span class='ocrx_word' id='word_1_662' title='bbox 3109 4355 3362 4423; x_wconf 88' lang='lat' dir='ltr'>amicos,</span> <span class='ocrx_word' id='word_1_663' title='bbox 3396 4354 3496 4428; x_wconf 92' lang='lat' dir='ltr'>qui</span> <span class='ocrx_word' id='word_1_664' title='bbox 3515 4364 3686 4408; x_wconf 85' lang='lat' dir='ltr'>meam</span> <span class='ocrx_word' id='word_1_665' title='bbox 3709 4339 3880 4429; x_wconf 63' lang='lat' dir='ltr'>studut&#39;</span> 
     </span>
    </p>
   </div>
   <div class='ocr_carea' id='block_1_92' title="bbox 2303 4426 3879 4518">
    <p class='ocr_par' dir='ltr' id='par_1_92' title="bbox 2303 4426 3879 4518">
     <span class='ocr_line' id='line_1_92' title="bbox 2303 4426 3879 4518; baseline -0.009 -18"><span class='ocrx_word' id='word_1_666' title='bbox 2303 4446 2422 4502; x_wconf 90' lang='lat' dir='ltr'>rint</span> <span class='ocrx_word' id='word_1_667' title='bbox 2449 4445 2635 4502; x_wconf 81' lang='lat' dir='ltr'>tacere</span> <span class='ocrx_word' id='word_1_668' title='bbox 2664 4426 3047 4500; x_wconf 76' lang='lat' dir='ltr'>voluntatem.</span> <span class='ocrx_word' id='word_1_669' title='bbox 3079 4443 3337 4518; x_wconf 91' lang='lat' dir='ltr'>Ideoque</span> <span class='ocrx_word' id='word_1_670' title='bbox 3370 4426 3639 4516; x_wconf 81' lang='lat' dir='ltr'>quoniam</span> <span class='ocrx_word' id='word_1_671' title='bbox 3687 4429 3755 4488; x_wconf 91' lang='lat' dir='ltr'>illi</span> <span class='ocrx_word' id='word_1_672' title='bbox 3791 4426 3879 4518; x_wconf 52' lang='lat' dir='ltr'>ante</span> 
     </span>
    </p>
   </div>
   <div class='ocr_carea' id='block_1_93' title="bbox 532 4510 3879 4618">
    <p class='ocr_par' dir='ltr' id='par_1_93' title="bbox 532 4510 3879 4618">
     <span class='ocr_line' id='line_1_93' title="bbox 532 4510 3879 4618; baseline -0.007 -30"><span class='ocrx_word' id='word_1_673' title='bbox 532 4531 746 4604; x_wconf 88' lang='lat' dir='ltr'>ﬂagelli</span> <span class='ocrx_word' id='word_1_674' title='bbox 776 4549 984 4606; x_wconf 86' lang='lat' dir='ltr'>genus,</span> <span class='ocrx_word' id='word_1_675' title='bbox 1032 4535 1188 4606; x_wconf 93' lang='lat' dir='ltr'>quod</span> <span class='ocrx_word' id='word_1_676' title='bbox 1244 4535 1652 4607; x_wconf 69' lang='lat' dir='ltr'>aequanimiter</span> <span class='ocrx_word' id='word_1_677' title='bbox 1681 4536 2034 4592; x_wconf 88' lang='lat' dir='ltr'>sustineret:</span> <span class='ocrx_word' id='word_1_678' title='bbox 2090 4539 2192 4593; x_wconf 93' lang='lat' dir='ltr'>sed</span> <span class='ocrx_word' id='word_1_679' title='bbox 2219 4553 2268 4618; x_wconf 71' lang='grc' dir='ltr'>Β</span> <span class='ocrx_word' id='word_1_680' title='bbox 2302 4533 2360 4590; x_wconf 92' lang='lat' dir='ltr'>in</span> <span class='ocrx_word' id='word_1_681' title='bbox 2390 4551 2654 4600; x_wconf 76' lang='lat' dir='ltr'>maerore,</span> <span class='ocrx_word' id='word_1_682' title='bbox 2686 4549 2842 4589; x_wconf 91' lang='lat' dir='ltr'>nunc</span> <span class='ocrx_word' id='word_1_683' title='bbox 2872 4532 2930 4587; x_wconf 93' lang='lat' dir='ltr'>in</span> <span class='ocrx_word' id='word_1_684' title='bbox 2963 4533 3406 4589; x_wconf 88' lang='lat' dir='ltr'>consolatione:</span> <span class='ocrx_word' id='word_1_685' title='bbox 3450 4535 3515 4586; x_wconf 88' lang='lat' dir='ltr'>tu</span> <span class='ocrx_word' id='word_1_686' title='bbox 3545 4526 3671 4602; x_wconf 88' lang='lat' dir='ltr'>quia</span> <span class='ocrx_word' id='word_1_687' title='bbox 3693 4522 3744 4577; x_wconf 90' lang='lat' dir='ltr'>in</span> <span class='ocrx_word' id='word_1_688' title='bbox 3785 4510 3879 4618; x_wconf 55' lang='lat' dir='ltr'>del:-</span> 
     </span>
    </p>
   </div>
   <div class='ocr_carea' id='block_1_94' title="bbox 531 4619 2194 4697">
    <p class='ocr_par' dir='ltr' id='par_1_94' title="bbox 531 4619 2194 4697">
     <span class='ocr_line' id='line_1_94' title="bbox 531 4619 2194 4697; baseline 0.003 -19"><span class='ocrx_word' id='word_1_689' title='bbox 531 4619 728 4694; x_wconf 88' lang='lat' dir='ltr'>elegit,</span> <span class='ocrx_word' id='word_1_690' title='bbox 761 4622 902 4694; x_wconf 92' lang='lat' dir='ltr'>quia</span> <span class='ocrx_word' id='word_1_691' title='bbox 931 4624 1002 4678; x_wconf 92' lang='lat' dir='ltr'>de</span> <span class='ocrx_word' id='word_1_692' title='bbox 1032 4624 1224 4679; x_wconf 87' lang='lat' dir='ltr'>tribus</span> <span class='ocrx_word' id='word_1_693' title='bbox 1254 4623 1690 4680; x_wconf 89' lang='lat' dir='ltr'>conditionibus</span> <span class='ocrx_word' id='word_1_694' title='bbox 1707 4623 1985 4697; x_wconf 66' lang='lat' dir='ltr'>eligendae</span> <span class='ocrx_word' id='word_1_695' title='bbox 2014 4625 2194 4683; x_wconf 88' lang='lat' dir='ltr'>unius</span> 
     </span>
    </p>
   </div>
   <div class='ocr_carea' id='block_1_95' title="bbox 532 4711 2194 4785">
    <p class='ocr_par' dir='ltr' id='par_1_95' title="bbox 532 4711 2194 4785">
     <span class='ocr_line' id='line_1_95' title="bbox 532 4711 2194 4785; baseline 0.002 -20"><span class='ocrx_word' id='word_1_696' title='bbox 532 4711 855 4768; x_wconf 88' lang='lat' dir='ltr'>necessitas</span> <span class='ocrx_word' id='word_1_697' title='bbox 914 4713 1307 4767; x_wconf 78' lang='lat' dir='ltr'>mundabatur</span> <span class='ocrx_word' id='word_1_698' title='bbox 1363 4713 1412 4783; x_wconf 89' lang='grc' dir='ltr'>(Ι</span> <span class='ocrx_word' id='word_1_699' title='bbox 1466 4713 1655 4767; x_wconf 74' lang='lat' dir='ltr'>Paro-1.</span> <span class='ocrx_word' id='word_1_700' title='bbox 1743 4730 1858 4781; x_wconf 69' lang='lat' dir='ltr'>xxx,</span> <span class='ocrx_word' id='word_1_701' title='bbox 1911 4713 2020 4785; x_wconf 84' lang='grc'>13).</span> <span class='ocrx_word' id='word_1_702' title='bbox 2085 4713 2194 4770; x_wconf 92' lang='lat' dir='ltr'>Ubi</span> 
     </span>
    </p>
   </div>
   <div class='ocr_carea' id='block_1_96' title="bbox 529 4800 2193 4873">
    <p class='ocr_par' dir='ltr' id='par_1_96' title="bbox 529 4800 2193 4873">
     <span class='ocr_line' id='line_1_96' title="bbox 529 4800 2193 4873; baseline 0.002 -19"><span class='ocrx_word' id='word_1_703' title='bbox 529 4803 724 4855; x_wconf 88' lang='lat' dir='ltr'>autem</span> <span class='ocrx_word' id='word_1_704' title='bbox 760 4818 876 4856; x_wconf 91' lang='lat' dir='ltr'>non</span> <span class='ocrx_word' id='word_1_705' title='bbox 913 4801 1248 4868; x_wconf 86' lang='lat' dir='ltr'>mandatur,</span> <span class='ocrx_word' id='word_1_706' title='bbox 1296 4800 1367 4854; x_wconf 89' lang='lat' dir='ltr'>ad</span> <span class='ocrx_word' id='word_1_707' title='bbox 1419 4800 1616 4855; x_wconf 88' lang='lat' dir='ltr'>omnia</span> <span class='ocrx_word' id='word_1_708' title='bbox 1649 4805 1888 4873; x_wconf 88' lang='lat' dir='ltr'>paratus</span> <span class='ocrx_word' id='word_1_709' title='bbox 1948 4805 2036 4857; x_wconf 89' lang='lat' dir='ltr'>est</span> <span class='ocrx_word' id='word_1_710' title='bbox 2095 4801 2193 4861; x_wconf 86' lang='lat' dir='ltr'>Dei</span> 
     </span>
    </p>
   </div>
   <div class='ocr_carea' id='block_1_97' title="bbox 530 4887 2193 4962">
    <p class='ocr_par' dir='ltr' id='par_1_97' title="bbox 530 4887 2193 4962">
     <span class='ocr_line' id='line_1_97' title="bbox 530 4887 2193 4962; baseline 0.001 -17"><span class='ocrx_word' id='word_1_711' title='bbox 530 4888 822 4955; x_wconf 88' lang='lat' dir='ltr'>servulus,</span> <span class='ocrx_word' id='word_1_712' title='bbox 906 4906 1009 4944; x_wconf 89' lang='lat' dir='ltr'>seu</span> <span class='ocrx_word' id='word_1_713' title='bbox 1079 4887 1440 4962; x_wconf 89' lang='lat' dir='ltr'>corporalem</span> <span class='ocrx_word' id='word_1_714' title='bbox 1500 4889 1906 4962; x_wconf 72' lang='lat' dir='ltr'>aegritudinem</span> <span class='ocrx_word' id='word_1_715' title='bbox 1965 4892 2193 4962; x_wconf 89' lang='lat' dir='ltr'>subeat,</span> 
     </span>
    </p>
   </div>
   <div class='ocr_carea' id='block_1_98' title="bbox 529 4977 2192 5051">
    <p class='ocr_par' dir='ltr' id='par_1_98' title="bbox 529 4977 2192 5051">
     <span class='ocr_line' id='line_1_98' title="bbox 529 4977 2192 5051; baseline 0.002 -18"><span class='ocrx_word' id='word_1_716' title='bbox 529 4994 635 5033; x_wconf 91' lang='lat' dir='ltr'>seu</span> <span class='ocrx_word' id='word_1_717' title='bbox 665 4979 866 5051; x_wconf 83' lang='lat' dir='ltr'>fugam</span> <span class='ocrx_word' id='word_1_718' title='bbox 899 4979 1102 5034; x_wconf 81' lang='lat' dir='ltr'>afacie</span> <span class='ocrx_word' id='word_1_719' title='bbox 1152 4978 1401 5047; x_wconf 89' lang='lat' dir='ltr'>inimici,</span> <span class='ocrx_word' id='word_1_720' title='bbox 1451 4978 1573 5034; x_wconf 87' lang='lat' dir='ltr'>sive</span> <span class='ocrx_word' id='word_1_721' title='bbox 1627 4978 1853 5035; x_wconf 88' lang='lat' dir='ltr'>obitum</span> <span class='ocrx_word' id='word_1_722' title='bbox 1912 4977 2192 5050; x_wconf 78' lang='lat' dir='ltr'>filiorum,</span> 
     </span>
    </p>
   </div>
   <div class='ocr_carea' id='block_1_99' title="bbox 528 5066 2196 5139">
    <p class='ocr_par' dir='ltr' id='par_1_99' title="bbox 528 5066 2196 5139">
     <span class='ocr_line' id='line_1_99' title="bbox 528 5066 2196 5139; baseline 0.002 -18"><span class='ocrx_word' id='word_1_723' title='bbox 528 5083 677 5139; x_wconf 89' lang='lat' dir='ltr'>quos</span> <span class='ocrx_word' id='word_1_724' title='bbox 727 5084 842 5122; x_wconf 90' lang='lat' dir='ltr'>non</span> <span class='ocrx_word' id='word_1_725' title='bbox 903 5067 1072 5122; x_wconf 87' lang='lat' dir='ltr'>timet</span> <span class='ocrx_word' id='word_1_726' title='bbox 1119 5068 1493 5139; x_wconf 71' lang='lat' dir='ltr'>praemittere,</span> <span class='ocrx_word' id='word_1_727' title='bbox 1528 5067 1684 5122; x_wconf 62' lang='grc' dir='ltr'>εδδ</span> <span class='ocrx_word' id='word_1_728' title='bbox 1745 5067 1885 5139; x_wconf 89' lang='lat' dir='ltr'>quia</span> <span class='ocrx_word' id='word_1_729' title='bbox 1942 5066 2196 5138; x_wconf 89' lang='lat' dir='ltr'>recipere</span> 
     </span>
    </p>
   </div>
   <div class='ocr_carea' id='block_1_100' title="bbox 528 5155 2196 5229">
    <p class='ocr_par' dir='ltr' id='par_1_100' title="bbox 528 5155 2196 5229">
     <span class='ocr_line' id='line_1_100' title="bbox 528 5155 2196 5229; baseline 0.001 -19"><span class='ocrx_word' id='word_1_730' title='bbox 528 5158 718 5227; x_wconf 89' lang='lat' dir='ltr'>potest</span> <span class='ocrx_word' id='word_1_731' title='bbox 750 5155 1201 5229; x_wconf 89' lang='lat' dir='ltr'>imperterritus.</span> <span class='ocrx_word' id='word_1_732' title='bbox 1237 5157 1385 5212; x_wconf 89' lang='lat' dir='ltr'>Nam</span> <span class='ocrx_word' id='word_1_733' title='bbox 1445 5163 1502 5212; x_wconf 91' lang='lat' dir='ltr'>et</span> <span class='ocrx_word' id='word_1_734' title='bbox 1559 5155 1752 5212; x_wconf 89' lang='lat' dir='ltr'>sciens</span> <span class='ocrx_word' id='word_1_735' title='bbox 1786 5157 1941 5228; x_wconf 92' lang='lat' dir='ltr'>quod</span> <span class='ocrx_word' id='word_1_736' title='bbox 2003 5155 2052 5211; x_wconf 93' lang='lat' dir='ltr'>si</span> <span class='ocrx_word' id='word_1_737' title='bbox 2102 5156 2196 5213; x_wconf 90' lang='lat' dir='ltr'>hic</span> 
     </span>
    </p>
   </div>
   <div class='ocr_carea' id='block_1_101' title="bbox 528 5243 2196 5318">
    <p class='ocr_par' dir='ltr' id='par_1_101' title="bbox 528 5243 2196 5318">
     <span class='ocr_line' id='line_1_101' title="bbox 528 5243 2196 5318; baseline 0.002 -21"><span class='ocrx_word' id='word_1_738' title='bbox 528 5243 706 5304; x_wconf 84' lang='lat' dir='ltr'>fuerit</span> <span class='ocrx_word' id='word_1_739' title='bbox 735 5243 978 5315; x_wconf 91' lang='lat' dir='ltr'>punitus</span> <span class='ocrx_word' id='word_1_740' title='bbox 1006 5245 1296 5318; x_wconf 90' lang='lat' dir='ltr'>supplicio</span> <span class='ocrx_word' id='word_1_741' title='bbox 1328 5243 1660 5318; x_wconf 82' lang='lat' dir='ltr'>temporali,</span> <span class='ocrx_word' id='word_1_742' title='bbox 1694 5243 1885 5301; x_wconf 90' lang='lat' dir='ltr'>levare</span> <span class='ocrx_word' id='word_1_743' title='bbox 1918 5244 1978 5300; x_wconf 92' lang='lat' dir='ltr'>in</span> <span class='ocrx_word' id='word_1_744' title='bbox 2035 5244 2196 5301; x_wconf 84' lang='lat' dir='ltr'>futu-</span> 
     </span>
    </p>
   </div>
   <div class='ocr_carea' id='block_1_102' title="bbox 528 5334 2198 5407">
    <p class='ocr_par' dir='ltr' id='par_1_102' title="bbox 528 5334 2198 5407">
     <span class='ocr_line' id='line_1_102' title="bbox 528 5334 2198 5407; baseline 0.005 -25"><span class='ocrx_word' id='word_1_745' title='bbox 528 5346 658 5384; x_wconf 90' lang='lat' dir='ltr'>rum</span> <span class='ocrx_word' id='word_1_746' title='bbox 693 5337 982 5404; x_wconf 86' lang='lat' dir='ltr'>perpetuae</span> <span class='ocrx_word' id='word_1_747' title='bbox 1015 5334 1201 5406; x_wconf 87' lang='lat' dir='ltr'>possit</span> <span class='ocrx_word' id='word_1_748' title='bbox 1231 5351 1462 5407; x_wconf 89' lang='lat' dir='ltr'>poenam</span> <span class='ocrx_word' id='word_1_749' title='bbox 1493 5349 1806 5389; x_wconf 66' lang='lat' dir='ltr'>erumnas:</span> <span class='ocrx_word' id='word_1_750' title='bbox 1842 5337 2009 5406; x_wconf 92' lang='lat' dir='ltr'>rogat</span> <span class='ocrx_word' id='word_1_751' title='bbox 2060 5348 2198 5406; x_wconf 88' lang='lat' dir='ltr'>ergo</span> 
     </span>
    </p>
   </div>
   <div class='ocr_carea' id='block_1_103' title="bbox 529 5421 2200 5496">
    <p class='ocr_par' dir='ltr' id='par_1_103' title="bbox 529 5421 2200 5496">
     <span class='ocr_line' id='line_1_103' title="bbox 529 5421 2200 5496; baseline 0.005 -27"><span class='ocrx_word' id='word_1_752' title='bbox 529 5422 592 5472; x_wconf 93' lang='lat' dir='ltr'>ut</span> <span class='ocrx_word' id='word_1_753' title='bbox 623 5422 938 5492; x_wconf 85' lang='lat' dir='ltr'>recipiatur</span> <span class='ocrx_word' id='word_1_754' title='bbox 968 5423 1168 5495; x_wconf 90' lang='lat' dir='ltr'>petitio</span> <span class='ocrx_word' id='word_1_755' title='bbox 1202 5441 1329 5491; x_wconf 84' lang='lat' dir='ltr'>sua,</span> <span class='ocrx_word' id='word_1_756' title='bbox 1364 5428 1420 5480; x_wconf 89' lang='lat' dir='ltr'>et</span> <span class='ocrx_word' id='word_1_757' title='bbox 1448 5421 1768 5496; x_wconf 76' lang='lat' dir='ltr'>castigatur</span> <span class='ocrx_word' id='word_1_758' title='bbox 1796 5421 1943 5494; x_wconf 90' lang='lat' dir='ltr'>ipse,</span> <span class='ocrx_word' id='word_1_759' title='bbox 1989 5424 2054 5476; x_wconf 93' lang='lat' dir='ltr'>ut</span> <span class='ocrx_word' id='word_1_760' title='bbox 2108 5438 2200 5478; x_wconf 86' lang='lat' dir='ltr'>re-</span> 
     </span>
    </p>
   </div>
   <div class='ocr_carea' id='block_1_104' title="bbox 2303 4611 3880 4701">
    <p class='ocr_par' dir='ltr' id='par_1_104' title="bbox 2303 4611 3880 4701">
     <span class='ocr_line' id='line_1_104' title="bbox 2303 4611 3880 4701; baseline -0.011 -21"><span class='ocrx_word' id='word_1_761' title='bbox 2303 4622 2430 4690; x_wconf 90' lang='lat' dir='ltr'>ciis,</span> <span class='ocrx_word' id='word_1_762' title='bbox 2459 4640 2615 4679; x_wconf 91' lang='lat' dir='ltr'>nunc</span> <span class='ocrx_word' id='word_1_763' title='bbox 2644 4622 2704 4678; x_wconf 90' lang='lat' dir='ltr'>in</span> <span class='ocrx_word' id='word_1_764' title='bbox 2737 4620 3064 4694; x_wconf 91' lang='lat' dir='ltr'>suppliciis.</span> <span class='ocrx_word' id='word_1_765' title='bbox 3097 4620 3290 4678; x_wconf 89' lang='lat' dir='ltr'>Chaos</span> <span class='ocrx_word' id='word_1_766' title='bbox 3324 4622 3481 4676; x_wconf 87' lang='lat' dir='ltr'>inter</span> <span class='ocrx_word' id='word_1_767' title='bbox 3526 4633 3622 4674; x_wconf 85' lang='lat' dir='ltr'>vos</span> <span class='ocrx_word' id='word_1_768' title='bbox 3674 4611 3880 4701; x_wconf 53' lang='lat' dir='ltr'>magpr</span> 
     </span>
    </p>
   </div>
   <div class='ocr_carea' id='block_1_105' title="bbox 2303 4688 3883 4787">
    <p class='ocr_par' dir='ltr' id='par_1_105' title="bbox 2303 4688 3883 4787">
     <span class='ocr_line' id='line_1_105' title="bbox 2303 4688 3883 4787; baseline -0.018 -15"><span class='ocrx_word' id='word_1_769' title='bbox 2303 4688 2429 4781; x_wconf 82' lang='lat' dir='ltr'>est;</span> <span class='ocrx_word' id='word_1_770' title='bbox 2466 4715 2532 4768; x_wconf 92' lang='lat' dir='ltr'>ut</span> <span class='ocrx_word' id='word_1_771' title='bbox 2562 4728 2752 4785; x_wconf 91' lang='lat' dir='ltr'>neque</span> <span class='ocrx_word' id='word_1_772' title='bbox 2782 4688 3017 4766; x_wconf 77' lang='lat' dir='ltr'>illorum</span> <span class='ocrx_word' id='word_1_773' title='bbox 3049 4710 3120 4767; x_wconf 91' lang='lat' dir='ltr'>ad</span> <span class='ocrx_word' id='word_1_774' title='bbox 3151 4713 3207 4766; x_wconf 91' lang='lat' dir='ltr'>te</span> <span class='ocrx_word' id='word_1_775' title='bbox 3238 4710 3455 4784; x_wconf 85' lang='lat' dir='ltr'>gratia,</span> <span class='ocrx_word' id='word_1_776' title='bbox 3482 4723 3581 4765; x_wconf 89' lang='lat' dir='ltr'>nec</span> <span class='ocrx_word' id='word_1_777' title='bbox 3607 4710 3698 4761; x_wconf 87' lang='lat' dir='ltr'>tua</span> <span class='ocrx_word' id='word_1_778' title='bbox 3714 4695 3772 4787; x_wconf 76' lang='lat' dir='ltr'>ad</span> <span class='ocrx_word' id='word_1_779' title='bbox 3796 4688 3883 4787; x_wconf 48' lang='lat' dir='ltr'>illos</span> 
     </span>
    </p>
   </div>
   <div class='ocr_carea' id='block_1_106' title="bbox 2303 4773 3885 4874">
    <p class='ocr_par' dir='ltr' id='par_1_106' title="bbox 2303 4773 3885 4874">
     <span class='ocr_line' id='line_1_106' title="bbox 2303 4773 3885 4874; baseline -0.012 -16"><span class='ocrx_word' id='word_1_780' title='bbox 2303 4773 2491 4874; x_wconf 82' lang='lat' dir='ltr'>possit</span> <span class='ocrx_word' id='word_1_781' title='bbox 2519 4773 2687 4873; x_wconf 69' lang='lat' dir='ltr'>pinna</span> <span class='ocrx_word' id='word_1_782' title='bbox 2724 4799 2994 4855; x_wconf 89' lang='lat' dir='ltr'>transire.</span> <span class='ocrx_word' id='word_1_783' title='bbox 3026 4797 3211 4855; x_wconf 82' lang='lat' dir='ltr'>Audis</span> <span class='ocrx_word' id='word_1_784' title='bbox 3238 4773 3385 4872; x_wconf 55' lang='lat' dir='ltr'>Ergo</span> <span class='ocrx_word' id='word_1_785' title='bbox 3418 4773 3556 4869; x_wconf 85' lang='lat' dir='ltr'>quid</span> <span class='ocrx_word' id='word_1_786' title='bbox 3588 4773 3885 4874; x_wconf 55' lang='lat' dir='ltr'>dicatDavid?</span> 
     </span>
    </p>
   </div>
   <div class='ocr_carea' id='block_1_107' title="bbox 2302 4871 3883 4962">
    <p class='ocr_par' dir='ltr' id='par_1_107' title="bbox 2302 4871 3883 4962">
     <span class='ocr_line' id='line_1_107' title="bbox 2302 4871 3883 4962; baseline -0.015 -16"><span class='ocrx_word' id='word_1_787' title='bbox 2302 4871 2473 4958; x_wconf 53' lang='lat' dir='ltr'>Audi,</span> <span class='ocrx_word' id='word_1_788' title='bbox 2506 4871 2648 4944; x_wconf 88' lang='lat' dir='ltr'>dum</span> <span class='ocrx_word' id='word_1_789' title='bbox 2678 4887 2785 4943; x_wconf 89' lang='lat' dir='ltr'>tibi</span> <span class='ocrx_word' id='word_1_790' title='bbox 2817 4887 3104 4960; x_wconf 89' lang='lat' dir='ltr'>corrigere</span> <span class='ocrx_word' id='word_1_791' title='bbox 3133 4889 3190 4943; x_wconf 91' lang='lat' dir='ltr'>et</span> <span class='ocrx_word' id='word_1_792' title='bbox 3217 4871 3541 4943; x_wconf 82' lang='lat' dir='ltr'>emendare</span> <span class='ocrx_word' id='word_1_793' title='bbox 3571 4871 3883 4962; x_wconf 53' lang='lat' dir='ltr'>permittunt!</span> 
     </span>
    </p>
   </div>
   <div class='ocr_carea' id='block_1_108' title="bbox 2305 4956 3885 5048">
    <p class='ocr_par' dir='ltr' id='par_1_108' title="bbox 2305 4956 3885 5048">
     <span class='ocr_line' id='line_1_108' title="bbox 2305 4956 3885 5048; baseline -0.009 -15"><span class='ocrx_word' id='word_1_794' title='bbox 2305 4979 2354 5034; x_wconf 91' lang='lat' dir='ltr'>si</span> <span class='ocrx_word' id='word_1_795' title='bbox 2385 4956 2481 5033; x_wconf 87' lang='lat' dir='ltr'>hic</span> <span class='ocrx_word' id='word_1_796' title='bbox 2511 4975 2932 5046; x_wconf 88' lang='lat' dir='ltr'>emendaveris,</span> <span class='ocrx_word' id='word_1_797' title='bbox 2962 4956 3083 5032; x_wconf 80' lang='lat' dir='ltr'>illic</span> <span class='ocrx_word' id='word_1_798' title='bbox 3111 4975 3469 5048; x_wconf 89' lang='lat' dir='ltr'>requiesces.</span> <span class='ocrx_word' id='word_1_799' title='bbox 3504 4973 3623 5030; x_wconf 90' lang='lat' dir='ltr'>Non</span> <span class='ocrx_word' id='word_1_800' title='bbox 3666 4972 3715 5022; x_wconf 87' lang='lat' dir='ltr'>te</span> <span class='ocrx_word' id='word_1_801' title='bbox 3749 4956 3885 5048; x_wconf 52' lang='lat' dir='ltr'>dulcia</span> 
     </span>
    </p>
   </div>
   <div class='ocr_carea' id='block_1_109' title="bbox 2306 5042 3881 5142">
    <p class='ocr_par' dir='ltr' id='par_1_109' title="bbox 2306 5042 3881 5142">
     <span class='ocr_line' id='line_1_109' title="bbox 2306 5042 3881 5142; baseline -0.01 -19"><span class='ocrx_word' id='word_1_802' title='bbox 2306 5065 2513 5122; x_wconf 88' lang='lat' dir='ltr'>mundi</span> <span class='ocrx_word' id='word_1_803' title='bbox 2572 5071 2629 5122; x_wconf 90' lang='lat' dir='ltr'>et</span> <span class='ocrx_word' id='word_1_804' title='bbox 2683 5064 2882 5121; x_wconf 76' lang='lat' dir='ltr'>saeculi</span> <span class='ocrx_word' id='word_1_805' title='bbox 2918 5042 3119 5136; x_wconf 22' lang='lat' dir='ltr'>&#39;hujus</span> <span class='ocrx_word' id='word_1_806' title='bbox 3177 5042 3416 5120; x_wconf 74' lang='lat' dir='ltr'>amoena</span> <span class='ocrx_word' id='word_1_807' title='bbox 3473 5042 3881 5142; x_wconf 30' lang='lat' dir='ltr'>delectatam}?</span> 
     </span>
    </p>
   </div>
   <div class='ocr_carea' id='block_1_110' title="bbox 2305 5138 3881 5230">
    <p class='ocr_par' dir='ltr' id='par_1_110' title="bbox 2305 5138 3881 5230">
     <span class='ocr_line' id='line_1_110' title="bbox 2305 5138 3881 5230; baseline -0.006 -18"><span class='ocrx_word' id='word_1_808' title='bbox 2305 5173 2479 5230; x_wconf 91' lang='lat' dir='ltr'>grave</span> <span class='ocrx_word' id='word_1_809' title='bbox 2509 5153 2666 5212; x_wconf 91' lang='lat' dir='ltr'>enim</span> <span class='ocrx_word' id='word_1_810' title='bbox 2695 5152 2772 5210; x_wconf 84' lang='lat' dir='ltr'>fel</span> <span class='ocrx_word' id='word_1_811' title='bbox 2829 5169 3060 5210; x_wconf 88' lang='lat' dir='ltr'>movere</span> <span class='ocrx_word' id='word_1_812' title='bbox 3113 5156 3500 5210; x_wconf 88' lang='lat' dir='ltr'>consuerunt.</span> <span class='ocrx_word' id='word_1_813' title='bbox 3559 5149 3678 5206; x_wconf 85' lang='lat' dir='ltr'>Non</span> <span class='ocrx_word' id='word_1_814' title='bbox 3723 5138 3881 5230; x_wconf 82' lang='lat' dir='ltr'>ille</span> 
     </span>
    </p>
   </div>
   <div class='ocr_carea' id='block_1_111' title="bbox 2305 5215 3882 5320">
    <p class='ocr_par' dir='ltr' id='par_1_111' title="bbox 2305 5215 3882 5320">
     <span class='ocr_line' id='line_1_111' title="bbox 2305 5215 3882 5320; baseline -0.011 -20"><span class='ocrx_word' id='word_1_815' title='bbox 2305 5215 2496 5301; x_wconf 64' lang='lat' dir='ltr'>cunde</span> <span class='ocrx_word' id='word_1_816' title='bbox 2526 5243 2823 5316; x_wconf 67' lang='lat' dir='ltr'>quarebat</span> <span class='ocrx_word' id='word_1_817' title='bbox 2849 5242 3077 5314; x_wconf 88' lang='lat' dir='ltr'>positus</span> <span class='ocrx_word' id='word_1_818' title='bbox 3108 5244 3167 5298; x_wconf 91' lang='lat' dir='ltr'>in</span> <span class='ocrx_word' id='word_1_819' title='bbox 3205 5256 3412 5314; x_wconf 86' lang='lat' dir='ltr'>regno,</span> <span class='ocrx_word' id='word_1_820' title='bbox 3467 5239 3568 5311; x_wconf 90' lang='lat' dir='ltr'>qui</span> <span class='ocrx_word' id='word_1_821' title='bbox 3615 5215 3882 5320; x_wconf 87' lang='lat' dir='ltr'>potius</span> 
     </span>
    </p>
   </div>
   <div class='ocr_carea' id='block_1_112' title="bbox 2307 5315 3882 5406">
    <p class='ocr_par' dir='ltr' id='par_1_112' title="bbox 2307 5315 3882 5406">
     <span class='ocr_line' id='line_1_112' title="bbox 2307 5315 3882 5406; baseline -0.022 -14"><span class='ocrx_word' id='word_1_822' title='bbox 2307 5333 2482 5406; x_wconf 84' lang='lat' dir='ltr'>gebat</span> <span class='ocrx_word' id='word_1_823' title='bbox 2528 5315 2775 5388; x_wconf 87' lang='lat' dir='ltr'>mortem</span> <span class='ocrx_word' id='word_1_824' title='bbox 2828 5335 3188 5400; x_wconf 87' lang='lat' dir='ltr'>sanctorum,</span> <span class='ocrx_word' id='word_1_825' title='bbox 3237 5345 3426 5402; x_wconf 89' lang='lat' dir='ltr'>quam</span> <span class='ocrx_word' id='word_1_826' title='bbox 3483 5328 3654 5384; x_wconf 80' lang='lat' dir='ltr'>vitam</span> <span class='ocrx_word' id='word_1_827' title='bbox 3707 5315 3882 5385; x_wconf 79' lang='lat' dir='ltr'>ﬂagitio-</span> 
     </span>
    </p>
   </div>
   <div class='ocr_carea' id='block_1_113' title="bbox 2309 5437 2532 5477">
    <p class='ocr_par' dir='ltr' id='par_1_113' title="bbox 2309 5437 2532 5477">
     <span class='ocr_line' id='line_1_113' title="bbox 2309 5437 2532 5477; baseline -0.004 0"><span class='ocrx_word' id='word_1_828' title='bbox 2309 5437 2532 5477; x_wconf 78' lang='lat' dir='ltr'>eorum.</span> 
     </span>
    </p>
   </div>
   <div class='ocr_carea' id='block_1_114' title="bbox 599 5595 2302 5674">
    <p class='ocr_par' dir='ltr' id='par_1_114' title="bbox 599 5595 2302 5674">
     <span class='ocr_line' id='line_1_114' title="bbox 599 5595 2302 5674; baseline 0.005 -25"><span class='ocrx_word' id='word_1_829' title='bbox 599 5595 712 5668; x_wconf 87' lang='lat'>(73)</span> <span class='ocrx_word' id='word_1_830' title='bbox 743 5597 989 5663; x_wconf 89' lang='lat' dir='ltr'>Quidam</span> <span class='ocrx_word' id='word_1_831' title='bbox 1021 5616 1190 5667; x_wconf 89' lang='lat' dir='ltr'>mss.,</span> <span class='ocrx_word' id='word_1_832' title='bbox 1221 5601 1415 5658; x_wconf 75' lang='lat' dir='ltr'>saeculi</span> <span class='ocrx_word' id='word_1_833' title='bbox 1447 5601 1631 5674; x_wconf 82' lang='lat' dir='ltr'>hujus,</span> <span class='ocrx_word' id='word_1_834' title='bbox 1663 5599 1754 5656; x_wconf 80' lang='lat' dir='ltr'>sed</span> <span class='ocrx_word' id='word_1_835' title='bbox 1799 5615 1992 5657; x_wconf 85' lang='lat' dir='ltr'>amara</span> <span class='ocrx_word' id='word_1_836' title='bbox 2022 5598 2302 5658; x_wconf 75' lang='lat' dir='ltr'>delectent.</span> 
     </span>
    </p>
   </div>
  </div>
