4078 6196
169 407 333 473 1085

1213 405 1669 469 ENARRATIO
1714 401 1792 465 IN
1836 399 2216 468 PSALMUM
2260 402 2551 470 XXXVII.

3433 405 3592 471 1086

250 543 437 614 (Vers.
467 543 559 613 20,
590 541 705 616 2|.)
764 563 793 594 ‹‹
851 539 1096 610 Inimici,
1156 541 1370 614 inquit,
1429 539 1543 596 mei
1603 539 1822 604 vivunt,
1855 535 1909 602 Α
1939 540 2127 597 mines
2177 557 2268 596 me
2312 539 2770 614 dereliquerunt,
2822 538 2994 597 amici
3043 537 3156 595 mei
3206 535 3594 613 impugnave-

172 639 234 691 et
268 634 595 691 conﬁrmati
628 637 767 690 sunt
798 649 973 705 super
1002 648 1093 688 me
1129 649 1143 702 ;
1176 635 1234 686 et
1263 629 1636 702 multiplicati
1668 633 1825 695 sunt,

172 724 281 796 qui
315 724 564 778 oderunt
596 739 684 778 me
729 723 946 794 inique.
1003 721 1112 788 Qui
1143 720 1462 776 'retribunt
1520 719 1674 774 mala
1725 734 1829 791 pro

170 811 371 878 bonis,
427 811 808 866 detrahebant
872 810 1051 879 mihi;
1115 809 1392 882 quoniam
1480 809 1831 864 subsecutus

173 918 312 960 sum
348 900 666 973 justitiam.
719 922 746 948 ››
798 901 909 956 Sed
959 904 1178 972 quanto
1224 898 1510 953 illustrior
1562 895 1681 963 ille,
1731 897 1831 968 qui

173 989 441 1063 quotidie
472 989 848 1056 moriebatur,
881 992 946 1043 ut
975 986 1222 1061 populos
1253 987 1405 1043 839
1447 1003 1586 1042 suos
1641 985 1831 1039 viviﬁ-

173 1083 374 1135 caret:
409 1081 466 1133 et
491 1093 702 1150 corpus
733 1095 908 1134 suum
967 1077 1175 1132 mortis
1231 1075 1574 1131 vulneribus
1629 1076 1829 1130 offere-

175 1169 317 1236 bat;
353 1167 504 1224 sicut
550 1167 675 1239 ipse
706 1166 813 1222 ait:
878 1191 904 1215 ‹‹
941 1167 1003 1221 In
1038 1165 1323 1222 mortibus
1382 1165 1717 1237 frequenter
1762 1165 1836 1234 (II

179 1257 303 1314 Cor.
365 1273 443 1327 x1,
488 1256 616 1327 23)!
657 1257 814 1311 Mors
860 1255 1015 1310 enim
1055 1254 1303 1311 honesta
1346 1253 1668 1325 redemptio
1707 1253 1831 1306 vita:

175 1351 272 1402 est
298 1345 472 1402 etiam
521 1343 829 1406 decoloris,
890 1348 990 1399 aut
1040 1344 1288 1398 innoxiae
1349 1343 1827 1397 ﬁrmamentum:

176 1436 370 1492 exitus
397 1437 593 1489 autem
625 1434 831 1489 mortis
865 1433 923 1487 in
957 1449 1133 1488 manu
1163 1433 1313 1487 vitae.
1367 1432 1438 1486 Et
1491 1431 1618 1485 ideo
1654 1429 1830 1485 male-

175 1524 282 1580 bat
309 1523 623 1594 Apostolus
653 1521 912 1594 quotidie
945 1521 1092 1576 mori
1118 1540 1130 1576 :
1161 1525 1224 1575 ut
1245 1521 1392 1587 vitae,
1419 1537 1538 1576 suae
1557 1518 1831 1574 meritum

178 1614 608 1685 comprobaret,
641 1612 935 1683 Scriptum
967 1615 1055 1665 est
1102 1609 1303 1664 enim:
1364 1632 1391 1657 «
1454 1609 1577 1663 Non
1627 1607 1834 1663 laudes

177 1701 480 1758 hominem
510 1701 570 1756 in
601 1700 719 1756 vita
747 1718 854 1755 sua
899 1700 1084 1768 (Ecclz'.
1117 1716 1197 1766 x1,
1246 1699 1356 1768 30).
1421 1717 1447 1748 1
1505 1697 1613 1762 Qui
1675 1696 1832 1750 enim

175 1791 397 1856 vivunt,
459 1790 816 1845 morientur:
887 1789 986 1860 qui
1063 1787 1419 1852 moriuntur,
1499 1789 1828 1857 resurgant.

179 1878 448 1966 Propior,
478 1895 615 1951 ergo
636 1877 858 1966 salutis
890 1881 1000 1943 est,
1033 1876 1129 1966 qui
1166 1875 1415 1966 moritur
1445 1879 1510 1929 ut
1566 1877 1835 1946 resurgat
1863 1901 1914 1966 Β

180 1983 363 2039 quam
397 1965 493 2021 ille
548 1965 649 2037 qui
706 1966 845 2020 vivit
869 1971 934 2020 ut
965 1963 1267 2020 moriatur.
1302 1963 1443 2029 Quis
1491 1968 1580 2018 est
1637 1967 1835 2018 autem

179 2057 286 2128 qui
321 2054 579 2127 quotidie
609 2053 872 2120 moritur,
907 2053 1019 2108 nisi
1042 2054 1140 2126 qui
1165 2057 1410 2108 mortem
1432 2051 1663 2108 Domini
1689 2053 1832 2107 Jesu

179 2143 244 2198 in
279 2160 386 2199 sua
407 2160 580 2199 carne
608 2142 962 2208 circumfert,
996 2146 1060 2196 ut
1086 2142 1284 2197 omnia
1335 2141 1386 2197 ei
1421 2145 1658 2213 peccata
1711 2157 1834 2195 me-

178 2231 457 2287 riantur?
513 2233 852 2288 Conﬁrmati
911 2235 1108 2286 autem
1139 2235 1196 2285 et
1253 2229 1631 2302 multiplicati
1693 2235 1834 2285 sunt

179 2319 412 2375 inimici
444 2321 620 2376 David
660 2321 717 2374 in
751 2319 858 2374 hoc
912 2319 1164 2374 saeculo:
1223 2319 1323 2374 sed
1374 2336 1489 2374 non
1555 2319 1832 2373 idoneum

181 2409 646 2474 ﬁrmamentum,
680 2408 793 2464 nisi
824 2409 952 2479 ejus
983 2408 1082 2480 qui
1107 2408 1555 2463 conﬂrmaturin
1584 2407 1835 2462 Christo.

181 2495 447 2567 Denique
478 2496 561 2551 illi
592 2498 1013 2552 conﬁrmantur
1042 2497 1099 2551 in
1134 2495 1366 2561 seculo,
1429 2496 1530 2568 qui
1588 2497 1840 2551 oderunt

174 2586 411 2656 justum
442 2584 674 2657 inique:
710 2603 824 2640 non
855 2601 992 2658 ergo
1015 2587 1246 2656 justum
1281 2585 1502 2654 odium,
1534 2585 1634 2640 sed
1684 2584 1836 2655 inju-

187 2676 369 2740 stum,
401 2689 535 2728 cum
566 2674 830 2728 odissent
859 2673 1079 2745 inique.

256 2790 345 2844 53.
388 2789 500 2844 Sed
546 2789 675 2845 vide
703 2788 1068 2845 distantiam.
1103 2790 1166 2844 In
1226 2787 1648 2861 posterioribus
1709 2788 1836 2844 ait:

189 2899 216 2927 «
251 2877 358 2942 Qui
385 2878 634 2933 oderunt
664 2895 755 2933 me
783 2878 966 2950 gratis
997 2879 1171 2948 (Psal.
1207 2895 1397 2942 vam,
1452 2878 1506 2948 5)
1534 2895 1547 2945 ;
1609 2876 1703 2931 hic
1743 2876 1841 2931 ha—

183 2967 314 3023 bet:
361 2988 388 3017 «
421 2965 526 3033 Qui
559 2967 807 3022 oderunt
840 2983 931 3021 me
989 2966 1213 3038 inique.
1272 2989 1300 3015 »
1334 2966 1444 3022 Sed
1504 2965 1585 3021 ibi
1618 2981 1686 3021 ex
1719 2983 1844 3038 pcr-

189 3071 335 3111 sona
359 3053 591 3123 Christi,
619 3054 713 3109 hic
743 3071 809 3110 ex
839 3070 1085 3126 persona
1115 3071 1259 3122 sua;
1305 3053 1405 3108 ubi
1465 3070 1533 3109 ex
1591 3071 1842 3126 persona

188 3143 403 3200 Christi
435 3142 714 3216 loquitur,
746 3143 928 3215 gratis
951 3144 1084 3198 odio
1122 3143 1406 3198 habetur:
1444 3143 1544 3198 ubi
1585 3160 1654 3198 ex
1709 3160 1836 3210 sua,

188 3231 409 3304 inique.
443 3232 626 3288 Homo
658 3232 813 3287 enim
851 3235 1038 3302 potest
1071 3231 1170 3286 uni
1204 3231 1376 3286 alicui
1434 3231 1658 3287 vulneri
1721 3249 1836 3288 non
1870 3262 1915 3331 α

188 3327 404 3394 patere,
437 3326 502 3376 ut
521 3324 663 3393 puta
692 3319 1016 3390 injustitiae,
1048 3318 1532 3391 intemperantiae,
1583 3321 1839 3391 impudi-

189 3408 370 3477 citiie;
431 3409 564 3464 aliis
621 3414 816 3464 autem
872 3406 1213 3463 vulneribus
1271 3411 1450 3478 patet.
1495 3412 1558 3462 1n
1616 3407 1843 3463 Christo

189 3501 388 3554 autem
419 3497 583 3552 nulla
615 3513 791 3552 causa
821 3512 948 3552 esse
980 3496 1196 3568 potuit,
1226 3512 1344 3566 qua
1388 3496 1605 3567 peccati
1667 3495 1844 3550 alicu-

179 3588 287 3658 jus
319 3585 574 3657 potuerit
599 3584 814 3639 vulnus
845 3585 1124 3657 accipere,
1158 3583 1443 3639 immunis
1475 3601 1508 3638 a
1539 3583 1731 3655 culpa,
1790 3588 1847 3638 et

188 3675 418 3745 integer
447 3689 482 3728 a
511 3672 742 3741 delicto,
775 3676 951 3744 atque
972 3670 1386 3728 immaculatus
1417 3689 1450 3727 a
1479 3673 1635 3728 vitio.
1697 3673 1847 3728 Sunt

189 3767 388 3820 autem
419 3761 518 3834 qui
550 3765 760 3834 putant
786 3766 1100 3834 utrumque
1132 3761 1425 3834 psalmum
1474 3778 1542 3816 ex
1597 3778 1847 3833 persona

191 3849 410 3907 Christi
443 3866 572 3906 esse
611 3849 945 3917 decursum,
1007 3851 1108 3922 qui
1168 3866 1271 3922 pro
1317 3849 1536 3906 nostris
1594 3850 1845 3922 peccatis

193 3937 592 3996 satisfaciebat
619 3938 796 3993 Patri.
829 3938 934 3994 Hic
964 3955 1102 4011 ergo
1126 3938 1355 3994 dicebat
1411 3955 1473 3994 se
1520 3938 1843 4011 appetitum

193 4031 396 4084 contra
418 4026 734 4098 justitiam,
767 4025 886 4080 illic
917 4032 1118 4083 contra
1146 4027 1416 4100 gratiam.

263 4153 352 4208 54.
386 4153 455 4207 Et
483 4153 630 4208 bene
654 4152 835 4220 addit,
869 4157 934 4208 ut
958 4153 1230 4225 probaret
1285 4169 1347 4209 se
1403 4152 1620 4225 injuste
1668 4170 1844 4227 appe-

194 4242 391 4297 titum.
425 4264 453 4292 «
513 4241 798 4305 Quoniam
856 4243 1211 4297 subsecutus
1272 4257 1405 4296 sum
1457 4242 1840 4312 justitiam.»

195 4330 421 4394 Quanta
447 4329 535 4385 vis
563 4328 722 4385 verbi
755 4329 813 4384 in
857 4330 1032 4384 unius
1087 4328 1324 4401 syllabas
1374 4330 1719 4401 adjectione,
1781 4338 1845 4386 ut

195 4417 574 4474 subsecutum
607 4433 667 4473 se
707 4416 924 4473 diceret
971 4417 1288 4488 justitiam,
1347 4435 1461 4473 non
1523 4423 1790 4474 secutum
1817 4421 1844 4474 ?

194 4507 435 4579 Propior
510 4511 600 4562 est
671 4507 828 4561 enim
889 4506 988 4578 qui
1048 4505 1451 4577 subsequitur,
1511 4523 1689 4578 quam
1747 4507 1844 4561 ille

1941 634 2078 686 runt
2107 630 2385 686 dilectum
2418 630 2528 686 sibi
2560 631 2889 703 proximum
2917 646 2928 686 :
2956 645 3070 685 non
3095 628 3592 702 appropinquave-

1942 727 2099 775 runt.
2134 721 2455 792 Fugiebant
2485 737 2576 776 me
2599 721 2768 793 quasi
2802 723 3123 785 mortuum,
3159 723 3215 775 et
3273 719 3594 776 abominati

1941 814 2100 876 sunt,
2133 810 2275 882 quia
2309 814 2546 882 peccata
2579 825 2709 866 mea
2737 809 2844 865 tibi
2878 809 3101 881 aperire
3142 809 3487 876 desideravi,
3541 815 3598 865 et

1941 899 2224 963 conﬁteri,
2260 900 2396 972 quia
2429 899 2675 972 ﬂagellis
2708 900 2825 954 tuis
2887 914 2978 953 me
3035 897 3223 954 obtuli
3283 897 3598 954 vulneran-

1940 991 2105 1058 dum,
2140 988 2278 1060 quia
2307 988 2452 1059 elegi
2487 988 2788 1044 cicatrices
2821 987 3127 1043 vulnerum
3161 1004 3338 1059 super
3393 987 3598 1060 epulas

1941 1095 2166 1151 regum,
2201 1082 2256 1132 et
2295 1078 2639 1148 jactantieim
2698 1082 3105 1149 potestatum:
3169 1081 3232 1132 tu
3291 1076 3452 1133 solus
3505 1094 3598 1132 me

1944 1186 2056 1223 non
2092 1167 2485 1240 derelinquas,
2522 1173 2579 1222 tu
2623 1167 2841 1222 hzereas
2901 1166 3130 1221 servulo
3185 1170 3305 1231 tuo,
3367 1166 3468 1238 qui
3527 1167 3598 1221 de

1941 1261 2094 1312 terra
2125 1257 2374 1311 suscitas
2403 1257 2659 1328 inopem,
2695 1261 2750 1311 et
2783 1257 2852 1310 de
2909 1260 3163 1310 stercore
3217 1255 3396 1329 erigis
3450 1273 3596 1328 pau—

1942 1363 2159 1418 perem.
2208 1346 2330 1400 Tuo
2391 1346 2672 1400 comitatu
2729 1346 2933 1412 fretus,
2997 1345 3443 1416 frequentiorem
3506 1361 3599 1400 me

1942 1434 2337 1490 ambientibus
2396 1434 2627 1507 populis
2697 1434 3022 1489 aestimabo.
3085 1436 3584 1504 Computrucrunt

1942 1523 2183 1596 quidem
2216 1523 2517 1578 cicatrices
2551 1540 2708 1589 mese,
2746 1524 2843 1578 sed
2879 1523 3071 1577 adhuc
3104 1527 3337 1577 tuorum
3397 1523 3598 1578 verbe-

1943 1627 2074 1665 rum
2106 1611 2374 1666 desidero
2405 1611 2728 1675 cicatrices,
2788 1628 2915 1682 quis
2976 1611 3199 1666 sanatis
3257 1610 3601 1667 vulneribus

1943 1699 2336 1767 abducuntur,
2402 1705 2466 1753 ut
2534 1704 2734 1770 postea
2779 1698 3008 1754 nullum
3074 1699 3242 1754 ulcus
3305 1704 3598 1771 appareat.

1943 1789 2110 1842 Bome
2155 1786 2604 1860 triumphalium
2652 1787 2958 1842 vulnerum
3010 1786 3333 1853 cicatrices,
3383 1788 3602 1860 quibus

1942 1873 2188 1930 victores
2229 1875 2408 1943 hujus
2468 1875 2682 1929 terreni
2740 1873 2921 1945 praalii
2979 1873 3324 1946 gloriantur.
3377 1876 3603 1940 Quanto

1943 1962 2269 2020 illustriora
2301 1965 2456 2020 840
2485 1962 2741 2028 vulnera,
2775 1980 2904 2034 quae
2936 1980 3040 2034 pro
3075 1963 3187 2017 ﬁde
3237 1967 3293 2018 et
3350 1963 3606 2020 nominis

1945 2053 2029 2110 tui
2061 2053 2246 2126 gloria
2275 2052 2550 2108 videntur
2579 2051 2845 2123 excepta!
2881 2051 2999 2106 Ista
3029 2057 3115 2106 est
3154 2051 3412 2111 cicatrix
3474 2068 3600 2123 quas

1945 2142 2155 2198 coelum
2188 2142 2394 2212 aperit,
2455 2157 2699 2214 regnum
2759 2140 3034 2212 acquirit,
3095 2139 3601 2196 immortalitatem

1946 2231 2185 2287 invenit.
2221 2231 2350 2286 Haec
2379 2247 2536 2303 ergo,
2570 2230 2797 2298 fratres,
2832 2234 2921 2285 est
2951 2229 3190 2284 cicatrix
3221 2229 3411 2295 beata,
3461 2245 3603 2300 quo-

1949 2321 2108 2375 niam
2141 2318 2290 2374 beati
2316 2320 2413 2390 qui
2475 2319 2738 2374 laverunt
2797 2317 2976 2373 stolas
3031 2334 3168 2372 suas
3201 2317 3258 2372 in
3317 2317 3606 2391 sanguine

1949 2426 2075 2465 suo.
2109 2408 2202 2464 Sic
2235 2408 2408 2480 ccepit
2438 2407 2587 2463 stola
2629 2424 2756 2463 csse
2802 2407 3019 2479 gloriae,
3072 2423 3206 2462 caro
3237 2406 3444 2463 mortis
3479 2423 3491 2461 :
3543 2407 3603 2460 in

1949 2515 2067 2570 qua
2097 2502 2153 2552 et
2184 2497 2400 2553 Paulus
2434 2502 2566 2552 ante
2599 2497 3040 2568 periclitabatur
3067 2496 3283 2551 electus
3314 2495 3446 2565 Dei;
3493 2496 3606 2551 nisi

1951 2587 2192 2658 petisset
2225 2603 2285 2640 se
2311 2585 2550 2640 liberari
2586 2586 2655 2640 de
2712 2601 2953 2656 corpore
3012 2584 3221 2640 mortis
3281 2585 3482 2656 hujus,
3542 2589 3608 2640 ut

1948 2674 2199 2747 legimus
2231 2676 2406 2746 (Rom.
2428 2689 2532 2743 vn,
2563 2673 2676 2744 2i).

2019 2765 2107 2818 56.
2142 2764 2211 2818 Et
2240 2763 2369 2818 ideo
2401 2763 2501 2834 qui
2561 2778 2770 2817 sumus
2819 2761 2877 2816 in
2937 2761 3045 2816 hoc
3075 2777 3313 2833 corpore
3369 2762 3597 2831 mortis,

1951 2868 2186 2907 oremus
2217 2868 2288 2906 ne
2318 2852 2507 2907 bonus
2565 2850 2662 2905 ille
2719 2849 2966 2905 dilectus
3016 2849 3116 2905 Dei
3170 2849 3428 2905 medicus
3480 2867 3589 2906 nos

1951 2940 2334 3012 derelinquat,
2369 2956 2541 3012 quem
2575 2939 2910 3011 patriarcha
2967 2938 3141 2993 David
3173 2955 3246 2994 ne
3303 2955 3337 2993 a
3367 2956 3430 2994 se
3486 2939 3605 2994 dis—

1951 3030 2196 3098 cederet,
2231 3029 2595 3102 precabatur.
2662 3029 2776 3100 lpsi
2817 3044 2926 3083 nos
2982 3027 3443 3095 committamus,
3504 3045 3607 3100 pa-

1953 3118 2059 3174 rati
2089 3119 2160 3174 ad
2208 3118 2533 3172 curandum
2567 3117 2683 3187 (75)
2742 3133 2857 3188 quo
2912 3114 3052 3170 velit
3108 3116 3301 3170 curari
3361 3116 3608 3172 medica-

1954 3212 2167 3263 mento.
2201 3208 2382 3263 Nemo
2413 3206 2554 3261 dicit
2586 3205 2812 3260 medico
2865 3204 3126 3275 corporis
3183 3204 3271 3258 sui
3333 3205 3609 3276 quemad-

1957 3297 2195 3352 modum
2232 3296 2308 3351 sit
2337 3295 2654 3350 curandus.
2689 3294 2855 3350 Novit
2887 3293 3150 3348 medicus
3182 3309 3308 3364 qua:
3357 3293 3606 3366 singulis

1951 3383 2290 3440 vulneribus
2324 3383 2753 3439 medicamenta
2796 3382 3164 3445 conveniant,
3226 3382 3396 3453 cujus
3453 3381 3606 3437 ulce-

1953 3473 2035 3528 ris
2066 3473 2308 3544 putredo
2341 3472 2490 3528 ferro
2521 3472 2595 3528 sit
2623 3471 3008 3545 amputanda,
3038 3487 3109 3525 ne
3140 3469 3200 3525 in
3245 3469 3426 3524 totius
3483 3487 3609 3526 cor-

1955 3559 2112 3633 poris
2144 3564 2337 3630 serpat
2367 3560 2629 3614 exitium.
2665 3560 2722 3613 Si
2757 3559 2968 3614 dixerit
2998 3559 3260 3614 medicus
3309 3558 3608 3614 medicinae

1953 3665 2140 3720 genus
2171 3664 2285 3720 quo
2317 3647 2506 3702 curari
2555 3663 2706 3718 {eger
2762 3647 2988 3710 debeat,
3048 3652 3102 3701 et
3163 3645 3259 3702 ille
3320 3646 3610 3710 fastidiat,

1954 3736 2202 3792 discedit
2229 3734 2491 3790 medicus
2520 3739 2576 3790 et
2608 3751 2827 3806 a’grum
2863 3733 3235 3805 derelinquit.
3271 3734 3416 3790 Vide
3474 3753 3605 3791 eum

1955 3826 2052 3897 qui
2087 3823 2278 3881 curari
2310 3822 2465 3892 velit,
2500 3823 2656 3879 omni
2692 3804 2901 3894 geriere
2947 3823 3174 3878 medico
3234 3821 3609 3892 acquiescen-

1954 3919 2094 3982 tem,
2127 3913 2363 3970 attende
2389 3911 2673 3967 ordinem.
2707 3910 2906 3984 Aperit
2959 3910 3148 3982 primo
3206 3908 3447 3964 vulnera
3504 3927 3612 3965 sua

1954 4003 2200 4069 medico,
2229 4007 2286 4058 et
2335 4002 2506 4057 dicit:
2565 4001 2717 4056 Cura
2760 4017 2872 4067 me,
2909 3998 3008 4055 sed
3075 4014 3214 4072 rogo
3275 4014 3347 4053 ne
3405 3998 3460 4052 in
3525 3999 3611 4054 ira

1953 4096 2075 4158 tua,
2109 4091 2248 4164 quia
2278 4107 2392 4146 non
2425 4090 2722 4146 sustinent
2763 4089 2972 4143 duram
3032 4087 3385 4143 medicinam
3445 4087 3608 4142 inﬁr-

1952 4181 2187 4236 mitates
2245 4197 2402 4235 meae.
2466 4178 2754 4234 Medicina
2818 4177 3056 4241 Christi,
3115 4177 3401 4248 correptio
3489 4182 3599 4242 est,

1952 4270 2188 4342 corripit
2218 4269 2374 4324 enim
2403 4269 2688 4324 Dominus
2722 4283 2895 4338 quem
2928 4265 3052 4320 vult
3085 4271 3438 4321 convertere.
3474 4265 3607 4320 Ideo

1952 4363 2008 4414 et
2029 4358 2243 4414 Paulus
2275 4359 2345 4412 ad
2394 4357 2689 4412 medicum
2743 4355 2922 4410 dicit:
2984 4377 3011 4404 «
3074 4356 3285 4426 Argue.
3346 4355 3606 4420 obsecra,

1951 4447 2188 4518 increpa
2216 4447 2290 4514 (II
2317 4447 2449 4499 Tim.
2485 4462 2556 4506 1v,
2624 4445 2698 4512 2).
2734 4465 2761 4492 »
2825 4443 2949 4498 Non
3037 4458 3174 4516 ergo
3233 4446 3466 4498 recusat
3507 4460 3606 4497 cu-

1951 4534 2086 4602 rari,
2150 4534 2250 4606 qui
2306 4533 2451 4604 petit
2508 4531 2694 4604 argui,
2748 4530 2847 4586 sed
2908 4529 3084 4586 levari
3157 4530 3281 4585 vult
3349 4547 3602 4604 poenam,

191 4596 294 4694 qui
325 4595 615 4694 sequitur,
641 4599 698 4650 et
727 4610 948 4667 supper
993 4609 1170 4692 quem
1203 4593 1412 4664 impar:
1445 4597 1502 4694 ξπ
1549 4595 1842 4694 ῆξξθξθθεθίο
1875 4625 1926 4694 D
1958 4639 2028 4678 ne
2064 4593 2119 4677 in
2149 4593 2450 4677 iracundia
2482 4593 2780 4692 arguatur,
2814 4625 2872 4676 et
2902 4619 3123 4691 impetu
3183 4620 3278 4674 irae
3337 4593 3606 4691 corripia-

192 4683 438 4740 haeredis
465 4683 674 4756 magis,
688 4699 866 4755 quam
898 4683 1154 4739 accessio
1167 4686 1543 4754 nuncupatur
1560 4683 1689 4755 (74).

261 4799 348 4853 55.
377 4800 562 4870 (Vers.
596 4799 707 4869 22.)
749 4799 816 4854 Et
867 4802 1062 4854 tamen
1123 4798 1391 4870 quamvis
1449 4799 1843 4871 subsequatur

187 4886 502 4958 justitiam,
536 4903 650 4942 non
682 4904 800 4942 sue
829 4886 1063 4943 virtutis
1109 4892 1270 4958 putat
1300 4903 1447 4955 esse,
1481 4888 1580 4944 sed
1640 4889 1838 4961 gratias

192 4975 471 5042 cmlestis,
495 4975 544 5031 si
575 4993 691 5032 non
724 4976 1026 5032 deseratur
1079 4993 1113 5031 a
1168 4976 1418 5044 Christo,
1476 4993 1661 5049 eoque
1716 4983 1842 5033 orat

192 5063 522 5135 impensius
550 5064 789 5121 dicens:
839 5087 860 5114 ι
895 5064 976 5119 Ne
1024 5064 1398 5136 derelinquas
1430 5082 1543 5132 me,
1594 5065 1839 5123 Domine

195 5156 344 5208 Deus
375 5169 564 5218 meus,
596 5171 669 5210 ne
700 5153 1097 5210 discesserisa
1144 5170 1257 5217 me,
1319 5177 1346 5202 »
1405 5154 1513 5209 hoc
1567 5158 1675 5220 est,
1725 5143 1838 5210 ho-

264 5276 376 5348 (74)
408 5277 573 5333 Rom.
597 5279 736 5334 edit.
772 5278 916 5344 sola,
969 5282 1019 5332 et
1049 5293 1254 5348 supper
1291 5293 1454 5347 quam
1477 5295 1602 5349 par,
1635 5289 1685 5335 et
1712 5296 1838 5336 suc-

192 5349 363 5422 cessio
445 5350 680 5422 haeredis
762 5352 938 5417 magis
1004 5351 1386 5422 quagn‘cessz'o
1463 5355 1833 5422 nuncupatur.

193 5418 303 5474 Sed
337 5420 684 5476 manifestus
744 5436 904 5476 error
953 5417 1058 5474 est.
1094 5417 1234 5482 Quis
1289 5419 1445 5474 enim
1502 5437 1617 5476 non
1648 5417 1840 5478 videat

232 5491 530 5563 uempiam
560 5492 632 5544 ab
664 5490 776 5546 alio
818 5491 1017 5545 minus
1073 5493 1362 5563 remotum
1416 5490 1755 5563 signiﬁcari,
1789 5495 1837 5550 si

191 5505 526 5615 quempiam
560 5505 632 5544 an
664 5505 776 5546 auo
818 5507 1017 5545 minus
1073 5505 1362 5545 remorum
1416 5505 1755 5563 signiﬁcari,
1789 5512 1837 5550 s1

233 5561 546 5643 icaturjlli_
567 5577 786 5643 suppar
814 5577 962 5643 esse,
994 5577 1171 5643 quam
1201 5560 1250 5616 si
1278 5561 1466 5616 eidem
1518 5563 1709 5635 impar
1757 5566 1840 5643 _di-

191 5631 460 5703 ceretur?
518 5631 698 5702 Atqui
745 5631 1113 5703 apertissime
1157 5633 1312 5688 hunc
1360 5631 1622 5689 sensurrf
1659 5637 1837 5694 series

190 5701 450 5777 postulat
507 5701 818 5773 orationis;
878 5720 991 5775 quo
1049 5703 1226 5761 etiam
1287 5711 1454 5776 pacto
1496 5706 1567 5763 de
1597 5708 1836 5767 vocibus

1951 4715 2066 4768 tur.

2018 4802 2107 4855 57.
2168 4801 2237 4855 Et
2291 4798 2420 4854 vide
2475 4814 2838 4870 processum.
2903 4798 3094 4854 Primo
3171 4797 3315 4868 petit
3399 4794 3604 4866 argui;

1949 4895 2169 4964 postea,
2201 4889 2356 4959 quod
2388 4889 2580 4959 majus
2610 4893 2720 4955 est,
2754 4887 2987 4960 corripi.
3023 4887 3238 4941 Deinde
3267 4901 3379 4941 non
3414 4882 3605 4938 solum

1951 4978 2260 5035 conﬁtetur
2305 4982 2539 5048 peccata
2604 4995 2732 5043 sua,
2789 4978 2889 5033 sed
2943 4975 3119 5031 etiam
3177 4976 3489 5028 enumerat
3548 4977 3607 5026 et

1950 5070 2220 5123 accusat:
2258 5082 2372 5120 non
2403 5065 2528 5120 vult
2556 5067 2712 5122 enim
2744 5065 2921 5121 latere
2953 5079 3060 5117 sua
3089 5060 3324 5116 delicta.
3360 5062 3507 5116 Nam
3541 5063 3608 5116 ut

1949 5157 2140 5212 febres
2171 5171 2302 5210 cum
2338 5153 2395 5209 in
2427 5154 2543 5210 alto
2572 5163 2727 5218 sunt,
2759 5171 2876 5209 non
2910 5155 3130 5222 queunt
3163 5148 3444 5221 mitigari,
3470 5166 3602 5205 cum

1947 5281 2223 5353 successig
2243 5282 2300 5353 et
2329 5280 2560 5333 accessio
2592 5274 3152 5353 philosophandum.
3306 5343 3316 5353 ⁸

2021 5353 2134 5422 (75)
2187 5350 2336 5404 Edit.
2396 5345 2610 5422 omnes
2656 5364 2721 5422 ac
2772 5345 2941 5422 pauci
2985 5362 3141 5422 _mss.
3201 5345 3482 5422 omittunt
3534 5345 3604 5422 ad

1947 5414 2272 5485 curantium,
2306 5419 2459 5490 quod
2493 5414 2787 5490 reperitur
2811 5419 2867 5472 in
2900 5417 3160 5490 quinque
3200 5414 3403 5490 Gallic.
3436 5415 3601 5472 Haud

1949 5494 2101 5549 male
2136 5511 2149 5561 ;
2185 5486 2339 5546 idem
2387 5486 2678 5562 enim'est
2719 5486 3017 5562 parati—ad
3051 5486 3377 5562 curandum,
3429 5503 3494 5541 ac
3552 5490 3600 5562 si

1946 5557 2190 5639 legeres,
2212 5561 2409 5639 parati
2443 5567 2505 5615 ut
2537 5557 2828 5639 cur;e_r_riur_.
2890 5560 3230 5639 Rationem_
3248 5557 3596 5639 hujusmodi

1948 5629 2260 5693 locutionis
2295 5632 2450 5688 disce
2482 5634 2632 5704 apud
2669 5633 2757 5689 Fr.
2793 5631 3116 5699 Sanctium,
3176 5631 3437 5689 Minerva
3496 5629 3596 5686 lib.

1950 5727 2038 5781 ιιι,
2071 5725 2196 5781 cap,
2232 5707 2284 5760 8.
