4146 6190
551 365 700 432 108⁵1

2008 364 2078 427 S.
2125 359 2500 428 AMBROSII

3786 360 3916 430 mea

540 503 696 560 foras
759 501 1094 574 erumpunt,
1156 515 1322 574 spem
1375 491 1625 558 afferunt
1697 493 2039 556 desinendi:
2101 495 2184 554 ita
2211 498 2472 567 Adiees,
2507 495 2608 555 sed
2650 512 2765 556 non
2823 509 3029 554 omnes
3085 490 3310 552 habent
3363 489 3556 552 Latini
3613 493 3742 566 (77).
3788 493 3910 555 Nam

542 594 911 664 peccatorum
943 590 1184 648 morbus
1235 591 1377 646 dum
1432 588 1670 663 tegitur,
1727 588 2084 656 inardescit;
2139 587 2189 644 si

540 679 1008 737 confessionibus
1040 680 1328 752 proditur,
1362 682 1652 751 evaporat.
1687 680 1756 734 Et
1810 679 1938 734 ideo
1989 678 2192 749 justus

539 775 844 827 accusator
872 776 958 825 est
980 770 1070 824 sui
1105 770 1164 824 in
1194 768 1481 842 principio
1508 767 1819 834 sermonis,
1842 766 2188 839 priusquam

539 861 813 933 contagio
845 859 1055 915 ulceris
1086 863 1285 931 serpat
1338 857 1730 924 intrinsecus;
1787 860 1988 928 gravat
2033 854 2190 911 enim

540 947 958 1005 conscientiam
991 947 1278 1002 memoria
1307 946 1679 1012 delictorum,
1729 945 1840 1001 nisi
1900 943 2193 1000 medicina

538 1041 832 1110 poscatur.
862 1037 929 1092 Et
960 1035 1008 1091 si
1055 1036 1250 1092 dillert
1309 1036 1596 1100 medicus,
1657 1050 1808 1106 aeger
1865 1034 2070 1088 offerre
2128 1048 2190 1088 se

537 1127 730 1194 debet,
765 1130 829 1181 ut
857 1126 1033 1181 citius
1063 1131 1294 1181 secetur
1326 1143 1338 1191 ;
1375 1124 1528 1179 sicut
1558 1123 1836 1179 offerebat
1891 1137 1952 1176 se
2011 1119 2190 1176 David

536 1217 594 1272 in
627 1214 858 1288 ﬂagella
888 1213 1122 1270 Domini
1151 1213 1263 1284 (76)
1297 1212 1496 1268 dicens
1533 1230 1546 1267 :
1581 1211 1775 1267 Redde
1808 1209 1956 1264 mihi
1997 1207 2188 1280 dupli‘

535 1305 625 1360 cia
655 1309 915 1378 peccata,
947 1303 1266 1358 dummodo
1298 1301 1391 1356 hic
1449 1299 1730 1366 vindices,
1784 1298 1899 1354 noli
1957 1314 2052 1352 me
2091 1297 2188 1351 de-

535 1411 745 1457 serere.
780 1392 897 1448 noli
929 1396 1185 1448 avertere
1219 1390 1425 1447 faciem
1456 1394 1622 1445 tuam
1654 1405 1688 1444 a
1717 1405 1843 1454 me;
1875 1385 1993 1443 noli
2026 1385 2188 1440 dedi-

533 1483 700 1556 gnari
733 1486 908 1555 atque
939 1481 1272 1536 horrescere
1295 1480 1532 1535 fetorem
1557 1477 1864 1533 vulnerum
1898 1491 2183 1531 meorum.

535 1573 605 1628 Et
633 1572 742 1628 Job
765 1570 1032 1628 servulus
1063 1573 1203 1625 tuus
1235 1585 1553 1640 percussus
1584 1569 1709 1622 erat
1751 1564 1943 1620 ulcere
1999 1580 2034 1618 a
2094 1578 2186 1635 pe-

533 1661 706 1718 dibus
738 1677 928 1733 usque
955 1660 1024 1714 ad
1056 1663 1256 1730 caput,
1288 1663 1345 1712 et
1376 1655 1699 1711 remedium
1741 1669 1863 1710 suae
1913 1650 2188 1708 sanitatis

532 1750 773 1815 invenit,
840 1748 977 1804 licet
1024 1747 1169 1802 illud
1243 1745 1456 1801 vulnus
1500 1742 1732 1799 virtutis
1781 1740 1980 1809 fuerit,
2030 1739 2188 1796 istud

2299 597 2434 649 ante
2462 587 2902 663 reapensorlum
2934 585 3266 668 proximum
3296 582 3620 642 versiculus
3656 590 3760 642 est.
3793 610 3818 637 α
3862 588 3916 644 Et

2299 682 2670 755 projecerunt
2710 694 2826 748 me,
2875 676 3030 734 sicut
3073 679 3371 732 mortuum
3422 673 3853 743 abominatum;
3895 701 3916 726 ι)

2299 772 2407 827 hoc
2439 775 2550 837 est,
2581 767 2665 824 illi
2697 767 2799 841 qui
2829 765 3154 823 reddebant
3192 763 3338 821 mihi
3394 763 3552 820 mala
3598 781 3701 837 pro
3756 765 3913 822 bouis.

2299 861 2410 918 Sed
2442 864 2504 916 tu
2537 882 2565 909 «
2599 874 2672 914 ne
2709 855 3086 928 derelinquas
3117 869 3231 922 me,
3265 853 3532 921 Domine,
3566 870 3639 910 ne
3668 855 3917 911 discesse-

2300 949 2381 1006 ris
2413 967 2448 1004 a
2478 965 2599 1016 me;
2636 969 2662 997 »
2713 946 2824 1002 hoc
2880 945 3038 1002 enim
3096 944 3385 1016 sequitur,
3441 942 3501 998 id
3559 947 3687 1000 est:
3737 945 3814 999 Tu
3862 961 3919 1000 ne

2299 1037 2696 1109 derelinquas,
2730 1035 2830 1108 qui
2872 1038 3172 1090 mortuum
3229 1033 3507 1090 fetentem
3565 1049 3764 1088 curare
3814 1050 3920 1089 con-

2299 1127 2504 1184 suesti.
2540 1125 2803 1198 Denique
2832 1123 3120 1180 habemus
3145 1122 3254 1178 hoc
3284 1123 3343 1177 in
3393 1120 3740 1195 Evangelio:
3795 1122 3919 1177 Nam

2297 1233 2434 1273 cum
2464 1214 2821 1272 venisset'ad
2853 1215 3300 1270 monumentum
3334 1210 3561 1276 Lazari,
3585 1215 3640 1266 et
3677 1211 3920 1268 dixisset:

2299 1329 2327 1355 ‹‹
2361 1304 2574 1362 Tollite
2604 1303 2885 1376 lapidem,
2909 1302 2993 1358 ait
3021 1300 3251 1358 Martha
3277 1319 3289 1368 ;
3321 1301 3454 1357 Jam
3510 1299 3669 1363 fetet,
3714 1300 3921 1371 quatri-

2296 1395 2530 1450 duanus
2543 1398 2632 1450 est
2661 1392 2820 1448 enim
2845 1409 2860 1459 ;
2886 1413 2914 1440 »
2945 1390 3250 1463 respondit
3279 1389 3329 1445 ei
3360 1405 3372 1444 :
3408 1413 3434 1438 «
3457 1388 3665 1444 Nonne
3683 1387 3796 1442 dixi
3814 1388 3920 1456 tibi,

2299 1483 2441 1556 quia
2469 1483 2519 1539 si
2550 1481 2887 1548 credideris,
2927 1479 3153 1537 videbis
3199 1477 3448 1552 gloriam
3507 1476 3613 1534 Dei
3645 1477 3810 1548 (leae.
3856 1495 3918 1542 ιι,

2295 1573 2370 1628 39
2399 1576 2457 1628 et
2487 1572 2578 1642 40)
2603 1575 2624 1628 ?
2652 1591 2681 1620 »
2713 1571 2783 1626 Et
2810 1567 3086 1625 clamavit
3119 1567 3422 1627 Lazarum.
3482 1571 3539 1622 et
3599 1581 3778 1622 sanus
3827 1564 3919 1621 exi-

2297 1659 2398 1714 vit.
2455 1659 2777 1716 Credamus
2830 1672 2965 1730 ergo
3017 1660 3077 1712 et
3131 1671 3261 1724 nos,
3320 1660 3388 1711 ut
3457 1655 3532 1711 de
3612 1654 3920 1710 vulneribus

2297 1747 2518 1804 nostris
2565 1747 2943 1820 acquiramus
2973 1745 3324 1803 medicinam
3358 1743 3598 1812 salutis,
3623 1748 3686 1800 et
3703 1743 3922 1800 futuram

533 1838 772 1895 erroris.
807 1837 1085 1893 Fetebant
1113 1835 1374 1904 vulnera,
1402 1850 1530 1906 quae
1566 1831 1774 1888 medici
1806 1845 2010 1886 curare
2067 1845 2182 1884 non
2216 1873 2269 1938 Β
2298 1835 2572 1911 εισι-ξω),

532 1930 800 2001 possent.
834 1926 1087 1982 Locutus
1118 1942 1202 1990 es,
1241 1923 1508 1988 Domine,
1541 1919 1821 1994 mysteria
1851 1933 2187 1974 sacramen-

530 2021 726 2073 torum
799 2019 1060 2081 tuorum,
1122 2011 1516 2068 maniiestasti
1571 2026 1793 2066 venena
1874 2006 2185 2080 serpentis,

530 2109 589 2162 et
613 2103 798 2160 solius
827 2101 1114 2160 sermonis
1137 2102 1222 2157 tui
1255 2100 1682 2156 medicamento
1705 2096 1855 2153 servi
1879 2095 1966 2151 tui
1987 2098 2191 2150 curata

531 2198 672 2252 sunt
699 2191 960 2257 vulnera,
993 2190 1132 2263 quia
1153 2194 1217 2245 tu
1249 2205 1386 2245 eum
1418 2205 1534 2244 non
1567 2184 1898 2250 deseruisti,
1926 2189 1981 2240 et
2008 2205 2037 2233 «
2069 2199 2187 2238 non

531 2282 909 2354 derelinquas
938 2296 1052 2346 me,
1111 2277 1378 2344 Domine,
1414 2294 1484 2332 ne
1515 2274 1857 2332 discesseris
1918 2290 1951 2328 a
2009 2288 2123 2328 me.
2157 2293 2183 2322 ι)

530 2371 814 2429 Homines
866 2385 960 2425 me
1017 2365 1492 2438 dereliquerunt:
1565 2364 1706 2436 quia
1771 2363 2010 2419 sordent
2068 2359 2187 2416 illis

529 2459 774 2516 vulnera
804 2475 952 2524 mea,
988 2474 1115 2530 quas
1174 2455 1372 2527 pietati
1432 2457 1544 2509 tua;
1603 2452 1800 2525 putavi
1861 2467 1990 2507 esse
2039 2465 2190 2506 rese-

534 2549 738 2606 renda.
774 2546 860 2602 Illi
893 2547 1139 2601 dicunt:
1168 2543 1264 2600 Exi
1295 2561 1328 2598 a
1357 2542 1550 2611 nobis,
1601 2541 1741 2612 quia
1796 2543 2069 2613 peccator
2124 2554 2188 2593 es

530 2642 632 2704 tu;
667 2636 918 2702 discede,
954 2651 1025 2690 ne
1058 2651 1165 2690 nos
1205 2631 1450 2705 polluas.
1503 2633 1586 2686 Tu
1641 2635 1859 2697 autem,
1919 2627 2186 2692 Domine,

529 2742 722 2794 curas,
751 2729 808 2781 et
865 2742 980 2781 non
1039 2721 1357 2796 pollueris;
1415 2721 1679 2791 adjuvas,
1739 2722 1798 2774 et
1851 2734 1968 2773 non
2043 2733 2178 2772 con-

527 2814 875 2880 taminaris;
911 2811 1050 2885 quia
1090 2831 1118 2861 «
1176 2811 1332 2866 Deus
1389 2808 1596 2864 salutis
1648 2823 1790 2862 meae
1850 2822 1933 2872 es,
1968 2827 1995 2854 υ
2031 2805 2180 2862 841

531 2904 795 2972 Domine,
829 2907 886 2958 et
917 2916 1131 2957 manus
1166 2904 1270 2954 tua
1327 2915 1442 2954 non
1499 2896 1762 2970 perdere,
1821 2894 1922 2951 sed
1980 2909 2189 2950 sanare

527 2991 845 3050 consuevit.

597 3083 688 3138 58.
722 3078 1157 3153 Complevimus
1189 3075 1486 3150 psalmum
1527 3073 1704 3131 etiam
1763 3089 1898 3128 cum
1939 3072 2068 3143 ejus
2096 3069 2183 3125 in-

527 3169 940 3244 terpretatione
985 3166 1258 3223 versiculi
1316 3181 1489 3236 quem
1531 3163 1712 3220 Graeci
1771 3158 2039 3216 nonnulli
2087 3175 2186 3215 co-

597 3341 709 3411 (76)
742 3340 828 3411 Ita
858 3351 1236 3411 omnesmss.
1269 3335 1445 3411 atque
1475 3331 1638 3411 edit.,
1665 3334 1931 3411 __excepta
1988 3329 2180 3398 Rom.,

527 3403 770 3483 qu‘zesic
800 3409 996 3483 habet,
1030 3407 1249 3462 dicens:
1286 3403 1480 3483 Egbin
1509 3403 1736 3483 ﬂagella
1761 3403 1992 3483 paratus
2031 3417 2174 3483 sum.

526 3471 796 3606 ét_,alibit:
829 3482 952 3534 Fiat
983 3471 1193 3534 'manus
1248 3471 1346 3531 tua
1394 3477 1454 3530 in
1503 3471 1630 3540 me;
1684 3473 1792 3528 hoc
1851 3476 1961 3539 est,
2020 3471 2182 3528 redde

527 3570 604 3606 m2
647 3569 686 3606 ι.
717 3568 748 3606 e
778 3567 827 3605 c.

527 3554 686 3618 mihi,
717 3555 827 3607 etc.

599 3614 710 3695 (77)
741 3633 901 3680 nom.
963 3620 1117 3695 edit._
1164 3617 1307 3683 sola,
1365 3634 1537 3695 quem.
1571 3615 1743 3695 (irasci
1790 3614 2182 3695 noun-allisa—

527 3686 966 3760 dices'habsnt;
1024 3691 1117 3748 sed
1172 3686 1642 3760 omnes—Latini,
1675 3686 1928 3760 Versum
1986 3689 2182 3741 autem

526 3766 696 3822 illum
727 3756 1029 3838 nunquam
1063 3761 1198 3819 alibi
1233 3760 1512 3834 reperias,
1535 3758 1648 3816 nisi
1671 3756 2015 3815 inversione
2036 3761 2179 3812 Aro-

2367 1927 2460 1982 59.
2494 1927 2556 1982 In
2584 1925 2950 1983 orationibus
2979 1924 3163 1998 igitur
3189 1927 3248 1980 et
3265 1921 3794 1989 obsecrationibus,
3813 1937 3923 1978 cum

2299 2015 2496 2072 dolore
2538 2019 2596 2071 et
2651 2014 2925 2088 lacrymis
2972 2013 3257 2088 exigenda
3312 2011 3667 2086 pmnitentia
3720 2013 3818 2077 est,
3875 2013 3926 2064 ut

2298 2103 2463 2160 illam
2502 2102 2750 2177 gloriam
2827 2103 2930 2160 Dei
2984 2102 3179 2159 videre
3234 2115 3598 2158 mereamur.
3657 2100 3841 2172 Neque
3882 2104 3926 2154 te

2298 2195 2526 2249 moveat
2555 2194 2710 2266 quod
2741 2192 2955 2262 luctus,
3015 2190 3200 2260 dolor,
3261 2189 3716 2247 commaceratio
3750 2205 3931 2260 corpo-

2297 2283 2404 2353 ris,
2433 2282 2793 2356 gravissima
2815 2281 3121 2356 passiones
3153 2284 3315 2348 sunt,
3348 2279 3460 2336 etsi
3491 2277 3840 2353 gravissima
3865 2276 3930 2330 vi-

2297 2371 2531 2443 dentur,
2563 2376 2768 2428 tamen
2817 2371 3072 2445 indignis
3131 2373 3274 2427 sunt
3323 2368 3677 2440 huiusmodi
3729 2367 3927 2440 passio-

2296 2476 2404 2516 nes
2433 2461 2506 2516 ad
2539 2463 3026 2534 superventuram
3081 2458 3355 2532 gloriam,
3417 2457 3580 2514 sicut
3637 2456 3796 2513 testis
3843 2454 3924 2510 tibi

2296 2552 2387 2605 est
2415 2548 2717 2621 apostolus
2747 2548 2968 2606 Paulus
2993 2549 3173 2621 (Rom.
3221 2565 3344 2615 vin,
3405 2547 3517 2619 18).
3582 2545 3714 2603 Non
3768 2544 3926 2618 pigeat

2295 2654 2434 2712 ergo
2467 2655 2573 2695 nos
2603 2638 2697 2694 hic
2728 2637 2946 2696 leviora
2974 2637 3219 2704 deferre,
3254 2641 3319 2692 ut
3366 2635 3446 2692 ibi
3476 2635 3665 2708 plena
3691 2635 3866 2692 laudis
3882 2638 3928 2689 et

2295 2726 2494 2800 gloriae
2527 2727 2824 2801 possimus
2855 2726 3122 2798 adipisci,
3155 2743 3259 2800 pro
3319 2723 3760 2798 temporalibus
3806 2721 3928 2778 labo-

2295 2813 2462 2871 ribus
2492 2819 2777 2889 perpetua
2803 2814 3049 2888 praemia
3078 2817 3444 2887 reportantes
3473 2827 3588 2884 per
3650 2812 3924 2868 Dominum

2293 2905 2536 2962 Jesum:
2588 2903 2681 2960 cui
2711 2908 2803 2961 est
2831 2903 2985 2972 laus,
3014 2903 3221 2970 honor,
3254 2901 3463 2977 gloria,
3505 2899 3860 2974 perpetuitas
3905 2913 3931 2952 ι

2293 2993 2547 3064 saeculis,
2578 2997 2635 3051 et
2665 3009 2842 3062 nunc,
2870 2997 2926 3050 et
2969 3007 3220 3065 semper,
3250 2997 3309 3048 et
3362 2989 3422 3048 in
3484 2992 3706 3049 omnia
3745 2986 3923 3048 secula

2294 3084 2664 3141 saeculorum.
2693 3086 2904 3139 Amen.

2209 3237 2262 3307 C
2289 3253 2440 3318 bica,
2493 3251 2594 3308 ubi
2648 3250 2861 3324 legitur
2910 3249 2971 3306 in
3021 3248 3142 3306 haec
3188 3248 3412 3324 _verba:
3464 3249 3831 3324 ‘Respueruui
3864 3262 3930 3324 me

2290 3317 2566 3392 dilatum,
2621 3317 2782 3397 quisi
2833 3325 3114 3378 mortuum
3141 3317 3647 3397 abominandum):
3688 3328 3741 3397 εξ
3786 3319 3934 3397 clavi:

2285 3391 2646 3467 conflixerunt?
2679 3409 2876 3467 corpus
3139 3392 3306 3467 Quod
3337 3396 3542 3448 autem
3573 3392 3678 3467 ait
3701 3391 3933 3467 Ambro-

2289 3460 2414 3526 sius
2445 3467 2602 3524 hunc
2631 3460 2834 3594 ipsum
2859 3464 3214 3522 versicuinm
3246 3465 3353 3520 abs
3384 3480 3449 3519 se
3503 3465 3684 3520 etiam
3726 3460 3936 3534 exposi-

2289 3545 2417 3594 tum
2446 3555 2596 3594 esse.
2629 3538 2646 3592 i
2677 3537 2798 3594 lum
2829 3554 2946 3594 non
2977 3535 3322 3594 dubitamus
3352 3535 3647 3594 resnicere
3674 3535 3747 3591 ad
3774 3549 3936 3594 supe-

2288 3545 2417 3596 tum
2446 3555 2596 3607 esse,
2629 3535 2798 3594 illum
2829 3554 2946 3594 non
2977 3535 3322 3608 dubitamus
3352 3535 3647 3608 respicere
3670 3535 3747 3608 ad
3774 3549 3936 3608 supej

2290 3610 2445 3668 riora
2465 3606 2618 3667 ista:
2659 3611 2919 3666 Homine:
2948 3625 3034 3666 me
3061 3606 3543 3679 derelinqueruht,
3580 3607 3710 3680 quia
3741 3606 3936 3662 sordent

2292 3683 2410 3739 illis
2440 3683 2674 3738 vulnera
2701 3697 2845 3750 mea,
2875 3682 2984 3736 etc.

1177 3931 3941 3964 Wl-

1085 4113 1210 4200 IN
1295 4105 1904 4200 PSALMUM
1983 4097 2168 4195 XX

2297 4104 2520 4192 VIII
2605 4099 3407 4190 ΕΝΑΒΒΑΤΙΟ.

1333 4341 1579 4405 Titulus
1614 4361 1627 4402 :
1677 4339 1749 4400 In
1780 4335 1961 4420 ﬁnem
1989 4349 2103 4419 pro
2132 4333 2393 4399 Idithum
2427 4333 2741 4398 Canticum
2769 4331 2888 4415 ipsi
2913 4327 3134 4394 David.

601 4693 651 4748 1.
713 4691 899 4762 (Vere.
961 4691 1036 4756 1.)
1099 4692 1160 4745 In
1221 4689 1521 4762 superiore
1592 4685 1820 4760 psalmo
1907 4698 2184 4756 expressa
2209 4685 2256 4750 D
2287 4680 2533 4737 canendi
2565 4678 2748 4753 perito
2781 4677 3152 4752 psallendum
3167 4677 3511 4746 dedit;ideo
3529 4679 3626 4736 sic
3647 4678 3941 4749 inscriptus

530 4782 720 4837 forma
749 4779 1100 4852 pmnitentiaa
1131 4783 1222 4835 est
1251 4796 1264 4834 :
1298 4778 1357 4833 in
1405 4779 1513 4833 hoc
1571 4773 1837 4847 sequenti
1894 4771 2189 4846 patientiae

528 4871 720 4942 forma
750 4869 1040 4942 signatur.
1105 4870 1288 4934 Quem
1339 4865 1635 4940 psalmum
1685 4862 1863 4920 David
1927 4859 2186 4932 scripsit,

530 4964 592 5016 et
621 4958 882 5014 Idithum
909 4957 1030 5012 viro
1063 4955 1392 5029 disciplinis
1426 4953 1692 5010 Leviticis
1750 4955 1808 5008 et
1864 4949 2188 5006 sacerdota-

528 5047 686 5104 libus
725 5047 956 5104 erudito
1011 5046 1342 5102 canendum
1399 5043 1579 5112 dedit,
1638 5041 1739 5113 qui
1797 5044 1931 5096 ante
1988 5053 2185 5093 arcam

530 5137 761 5193 Domini
804 5136 1168 5209 psalmorum
1205 5134 1415 5191 seriem
1450 5130 1742 5206 pangendi
1763 5125 2188 5185 solertissimus

530 5225 900 5297 praecinebat.
936 5225 1086 5296 Ergo
1117 5224 1255 5295 quia
1287 5239 1400 5278 non
1435 5220 1691 5278 Idithum
1736 5215 1972 5288 scripsit
2030 5213 2186 5269 hunc

529 5313 848 5386 psalmum,
881 5315 983 5370 sed
1030 5313 1317 5386 propheta
1373 5309 1573 5378 David,
1633 5312 1690 5364 et
1745 5303 2004 5362 Idithum
2062 5301 2184 5358 viro

601 5473 714 5539 ('78)
744 5473 970 5527 Corona
999 5473 1099 5528 illa
1129 5473 1504 5528 donabantur
1529 5470 1570 5526 ii
1621 5467 1721 5539 qui
1782 5466 1842 5520 in
1899 5463 2062 5539 ludis
2111 5464 2183 5518 ab

530 5533 775 5617 Beasti]?
806 5543 859 5595 in
895 5544 1171 5617 honorem
1204 5545 1364 5600 Jovis
1395 5558 1573 5617 prope
1597 5533 2182 5617 Pulsus/my”???

505 5610 832 5695 institutis,
859 5630 927 5695 ac
961 5615 1212 5695 singulis
1244 5603 1966 5695 quinquenniis'cglebr'ari
1991 5603 2184 5695 solitis

496 5753 511 5765 .
529 5682 828 5740 vicissent.
859 5685 995 5740 Erat
1024 5681 1219 5743 autem
1242 5681 1339 5744 illa
1359 5681 1429 5744 ei
1446 5683 1665 5758 rampis
1683 5681 2050 5740 olivaa.Porro
2081 5687 2183 5738 ἕπτ-

2297 4774 2387 4826 est
2415 4768 2643 4826 titulus.
2679 4766 2941 4840 Denique
2967 4768 3152 4824 etiam
3178 4767 3238 4822 in
3287 4767 3700 4825 sacularibus
3733 4765 3937 4837 scriptis

2297 4859 2397 4915 alii
2425 4862 2596 4916 erant
2625 4857 2726 4930 qui
2785 4856 3146 4928 scribebant,
3204 4855 3302 4912 alii
3361 4857 3464 4929 qui
3488 4855 3558 4913 in
3624 4873 3823 4922 scena,
3868 4850 3938 4908 vel

2295 4948 2540 5018 cantica,
2601 4945 2688 5003 vel
2774 4945 3115 5015 comcedias,
3176 4943 3269 5001 vel
3350 4945 3717 5018 tragadia‘s,
3765 4955 3938 5000 canere

2295 5039 2739 5095 consueverant.
2770 5035 2848 5091 Et
2873 5033 2960 5091 illi
2991 5033 3234 5107 quidem
3261 5049 3546 5090 coronam
3599 5033 3936 5109 Olympiam

2295 5125 2674 5200 postulabant
2729 5123 2882 5196 (-78):
2940 5123 3099 5180 unde
3161 5126 3218 5180 et
3246 5129 3476 5180 ἐπινίκιον
3507 5122 3817 5194 hymnum
3864 5133 3932 5174 ec-

2295 5232 2425 5272 rum
2458 5214 2675 5287 scripta
2704 5212 2762 5268 in
2809 5212 2925 5268 ﬁne
2981 5216 3294 5284 testantur,
3352 5211 3545 5268 David
3611 5218 3819 5270 autem
3863 5203 3932 5279 qui

2295 5321 2411 5362 non
2464 5304 2585 5360 hac
2625 5306 2780 5360 serta
2838 5315 3187 5359 coronarum
3237 5299 3651 5359 marcentium
3723 5298 3930 5372 require-

2293 5475 2444 5542 γίιρια,
2473 5463 2918 5542 carminasunt
2937 5461 3160 5542 quibus
3186 5462 3438 5542 victoria
3457 5464 3819 5542 cujuspism
3862 5470 3930 5542 ee:

2291 5532 2554 5595 lebratnr
2605 5533 2806 5607 qualia
2848 5532 2972 5590 fere
2997 5533 3308 5603 Pindarus,
3333 5532 3686 5606 lyricorum
3702 5534 3931 5609 prim!

2293 5611 2468 5668 nobis
2493 5579 2752 5682 reliquit.
