  <div class='ocr_page' id='page_1' title='image "/cluster/home/n/w/nwhite01/storage/ocr_20150623/14/hvd.32044048207138/550.png"; bbox 0 0 4078 6196; ppageno 0'>
   <div class='ocr_carea' id='block_1_1' title="bbox 258 330 417 394">
    <p class='ocr_par' dir='ltr' id='par_1_1' title="bbox 258 330 417 394">
     <span class='ocr_line' id='line_1_1' title="bbox 258 330 417 394; baseline 0.006 -3"><span class='ocrx_word' id='word_1_1' title='bbox 258 333 286 391; x_wconf 75' lang='grc'><strong>1</strong></span> <span class='ocrx_word' id='word_1_2' title='bbox 298 330 417 394; x_wconf 84' lang='grc'><strong>089</strong></span> 
     </span>
    </p>
   </div>
   <div class='ocr_carea' id='block_1_2' title="bbox 1271 307 2649 395">
    <p class='ocr_par' dir='ltr' id='par_1_2' title="bbox 1271 307 2649 395">
     <span class='ocr_line' id='line_1_2' title="bbox 1271 307 2649 395; baseline 0.001 -3"><span class='ocrx_word' id='word_1_3' title='bbox 1271 329 1726 394; x_wconf 80' lang='lat' dir='ltr'><strong>ENARRATIO</strong></span> <span class='ocrx_word' id='word_1_4' title='bbox 1771 328 1849 392; x_wconf 83' lang='lat' dir='ltr'><strong>IN</strong></span> <span class='ocrx_word' id='word_1_5' title='bbox 1896 307 2274 394; x_wconf 85' lang='lat' dir='ltr'><strong>PSALMUM</strong></span> <span class='ocrx_word' id='word_1_6' title='bbox 2322 330 2649 395; x_wconf 83' lang='lat' dir='ltr'><strong>xxxvm.</strong></span> 
     </span>
    </p>
   </div>
   <div class='ocr_carea' id='block_1_3' title="bbox 3507 342 3663 404">
    <p class='ocr_par' dir='ltr' id='par_1_3' title="bbox 3507 342 3663 404">
     <span class='ocr_line' id='line_1_3' title="bbox 3507 342 3663 404; baseline 0.006 -1"><span class='ocrx_word' id='word_1_7' title='bbox 3507 342 3663 404; x_wconf 75' lang='grc'>1090</span> 
     </span>
    </p>
   </div>
   <div class='ocr_carea' id='block_1_4' title="bbox 253 457 3659 548">
    <p class='ocr_par' dir='ltr' id='par_1_4' title="bbox 253 457 3659 548">
     <span class='ocr_line' id='line_1_4' title="bbox 253 457 3659 548; baseline 0.004 -30"><span class='ocrx_word' id='word_1_8' title='bbox 253 463 380 534; x_wconf 87' lang='lat' dir='ltr'><strong>bat,</strong></span> <span class='ocrx_word' id='word_1_9' title='bbox 414 464 516 524; x_wconf 88' lang='lat' dir='ltr'><strong>sed</strong></span> <span class='ocrx_word' id='word_1_10' title='bbox 569 462 730 520; x_wconf 88' lang='lat' dir='ltr'><strong>illam</strong></span> <span class='ocrx_word' id='word_1_11' title='bbox 760 461 1263 537; x_wconf 86' lang='lat' dir='ltr'><strong>incorruptibilem</strong></span> <span class='ocrx_word' id='word_1_12' title='bbox 1296 467 1353 521; x_wconf 91' lang='lat' dir='ltr'><strong>et</strong></span> <span class='ocrx_word' id='word_1_13' title='bbox 1380 463 1902 522; x_wconf 88' lang='lat' dir='ltr'><strong>incontaminatam</strong></span> <span class='ocrx_word' id='word_1_14' title='bbox 1933 483 1987 548; x_wconf 70' lang='grc' dir='ltr'><strong>Α</strong></span> <span class='ocrx_word' id='word_1_15' title='bbox 2017 465 2205 538; x_wconf 86' lang='lat' dir='ltr'><strong>magis</strong></span> <span class='ocrx_word' id='word_1_16' title='bbox 2256 457 2462 524; x_wconf 82' lang='lat' dir='ltr'><strong>stabile</strong></span> <span class='ocrx_word' id='word_1_17' title='bbox 2505 466 2678 523; x_wconf 86' lang='lat' dir='ltr'><strong>debet</strong></span> <span class='ocrx_word' id='word_1_18' title='bbox 2725 482 2876 535; x_wconf 90' lang='lat' dir='ltr'><strong>esse,</strong></span> <span class='ocrx_word' id='word_1_19' title='bbox 2903 468 3057 541; x_wconf 89' lang='lat' dir='ltr'><strong>quod</strong></span> <span class='ocrx_word' id='word_1_20' title='bbox 3091 467 3236 525; x_wconf 87' lang='lat' dir='ltr'><strong>mihi</strong></span> <span class='ocrx_word' id='word_1_21' title='bbox 3282 470 3408 544; x_wconf 88' lang='lat' dir='ltr'><strong>ipse</strong></span> <span class='ocrx_word' id='word_1_22' title='bbox 3441 477 3659 532; x_wconf 85' lang='lat' dir='ltr'><strong>consti-</strong></span> 
     </span>
    </p>
   </div>
   <div class='ocr_carea' id='block_1_5' title="bbox 251 551 1906 627">
    <p class='ocr_par' dir='ltr' id='par_1_5' title="bbox 251 551 1906 627">
     <span class='ocr_line' id='line_1_5' title="bbox 251 551 1906 627; baseline 0.001 -19"><span class='ocrx_word' id='word_1_23' title='bbox 251 553 790 610; x_wconf 87' lang='lat' dir='ltr'><strong>remunerationem</strong></span> <span class='ocrx_word' id='word_1_24' title='bbox 821 551 1144 614; x_wconf 75' lang='lat' dir='ltr'><strong>caelestium</strong></span> <span class='ocrx_word' id='word_1_25' title='bbox 1203 551 1599 610; x_wconf 69' lang='lat' dir='ltr'><strong>haereditatem</strong></span> <span class='ocrx_word' id='word_1_26' title='bbox 1651 553 1746 627; x_wconf 93' lang='lat' dir='ltr'><strong>pio</strong></span> <span class='ocrx_word' id='word_1_27' title='bbox 1805 555 1906 610; x_wconf 90' lang='lat' dir='ltr'><strong>de-</strong></span> 
     </span>
    </p>
   </div>
   <div class='ocr_carea' id='block_1_6' title="bbox 251 641 1906 716">
    <p class='ocr_par' dir='ltr' id='par_1_6' title="bbox 251 641 1906 716">
     <span class='ocr_line' id='line_1_6' title="bbox 251 641 1906 716; baseline 0.001 -18"><span class='ocrx_word' id='word_1_28' title='bbox 251 641 557 698; x_wconf 88' lang='lat' dir='ltr'><strong>siderabat</strong></span> <span class='ocrx_word' id='word_1_29' title='bbox 613 642 842 709; x_wconf 76' lang='lat' dir='ltr'><strong>affectu,</strong></span> <span class='ocrx_word' id='word_1_30' title='bbox 900 642 1188 716; x_wconf 77' lang='lat' dir='ltr'><strong>hymnum</strong></span> <span class='ocrx_word' id='word_1_31' title='bbox 1252 659 1368 698; x_wconf 91' lang='lat' dir='ltr'><strong>non</strong></span> <span class='ocrx_word' id='word_1_32' title='bbox 1434 643 1684 699; x_wconf 71' lang='lat' dir='ltr'><strong>victorias</strong></span> <span class='ocrx_word' id='word_1_33' title='bbox 1759 652 1906 702; x_wconf 78' lang='grc' dir='ltr'><strong>ἐπινί-</strong></span> 
     </span>
    </p>
   </div>
   <div class='ocr_carea' id='block_1_7' title="bbox 249 729 1906 805">
    <p class='ocr_par' dir='ltr' id='par_1_7' title="bbox 249 729 1906 805">
     <span class='ocr_line' id='line_1_7' title="bbox 249 729 1906 805; baseline -0.001 -17"><span class='ocrx_word' id='word_1_34' title='bbox 249 749 388 799; x_wconf 72' lang='grc' dir='ltr'><strong>κιον;</strong></span> <span class='ocrx_word' id='word_1_35' title='bbox 420 731 520 787; x_wconf 89' lang='lat' dir='ltr'><strong>sed</strong></span> <span class='ocrx_word' id='word_1_36' title='bbox 554 730 605 787; x_wconf 90' lang='lat' dir='ltr'><strong>ei</strong></span> <span class='ocrx_word' id='word_1_37' title='bbox 639 729 895 804; x_wconf 83' lang='lat' dir='ltr'><strong>scripsit,</strong></span> <span class='ocrx_word' id='word_1_38' title='bbox 928 730 1026 805; x_wconf 91' lang='lat' dir='ltr'><strong>qui</strong></span> <span class='ocrx_word' id='word_1_39' title='bbox 1059 730 1358 788; x_wconf 81' lang='lat' dir='ltr'><strong>victoriam</strong></span> <span class='ocrx_word' id='word_1_40' title='bbox 1398 733 1457 786; x_wconf 92' lang='lat' dir='ltr'><strong>in</strong></span> <span class='ocrx_word' id='word_1_41' title='bbox 1509 748 1569 787; x_wconf 89' lang='lat' dir='ltr'><strong>se</strong></span> <span class='ocrx_word' id='word_1_42' title='bbox 1618 731 1906 788; x_wconf 89' lang='lat' dir='ltr'><strong>credenti-</strong></span> 
     </span>
    </p>
   </div>
   <div class='ocr_carea' id='block_1_8' title="bbox 250 817 1910 895">
    <p class='ocr_par' dir='ltr' id='par_1_8' title="bbox 250 817 1910 895">
     <span class='ocr_line' id='line_1_8' title="bbox 250 817 1910 895; baseline 0 -18"><span class='ocrx_word' id='word_1_43' title='bbox 250 820 368 878; x_wconf 86' lang='lat' dir='ltr'><strong>bus</strong></span> <span class='ocrx_word' id='word_1_44' title='bbox 416 817 808 893; x_wconf 80' lang='lat' dir='ltr'><strong>impertiebat,</strong></span> <span class='ocrx_word' id='word_1_45' title='bbox 853 818 954 892; x_wconf 92' lang='lat' dir='ltr'><strong>qui</strong></span> <span class='ocrx_word' id='word_1_46' title='bbox 1006 819 1141 876; x_wconf 82' lang='lat' dir='ltr'><strong>finis</strong></span> <span class='ocrx_word' id='word_1_47' title='bbox 1189 824 1277 877; x_wconf 88' lang='lat' dir='ltr'><strong>est</strong></span> <span class='ocrx_word' id='word_1_48' title='bbox 1323 820 1588 876; x_wconf 90' lang='lat' dir='ltr'><strong>omnium</strong></span> <span class='ocrx_word' id='word_1_49' title='bbox 1637 836 1764 894; x_wconf 70' lang='lat' dir='ltr'><strong>qua:</strong></span> <span class='ocrx_word' id='word_1_50' title='bbox 1812 821 1910 895; x_wconf 88' lang='lat' dir='ltr'><strong>pia</strong></span> 
     </span>
    </p>
   </div>
   <div class='ocr_carea' id='block_1_9' title="bbox 249 907 1904 982">
    <p class='ocr_par' dir='ltr' id='par_1_9' title="bbox 249 907 1904 982">
     <span class='ocr_line' id='line_1_9' title="bbox 249 907 1904 982; baseline -0.001 -16"><span class='ocrx_word' id='word_1_51' title='bbox 249 913 450 966; x_wconf 87' lang='lat' dir='ltr'><strong>mente</strong></span> <span class='ocrx_word' id='word_1_52' title='bbox 481 907 874 981; x_wconf 84' lang='lat' dir='ltr'><strong>deposcimus.</strong></span> <span class='ocrx_word' id='word_1_53' title='bbox 907 908 1035 966; x_wconf 78' lang='lat' dir='ltr'><strong>Sive</strong></span> <span class='ocrx_word' id='word_1_54' title='bbox 1067 908 1222 965; x_wconf 91' lang='lat' dir='ltr'><strong>enim</strong></span> <span class='ocrx_word' id='word_1_55' title='bbox 1274 909 1623 982; x_wconf 81' lang='lat' dir='ltr'><strong>sapientiam</strong></span> <span class='ocrx_word' id='word_1_56' title='bbox 1656 926 1904 982; x_wconf 82' lang='lat' dir='ltr'><strong>quaeras,</strong></span> 
     </span>
    </p>
   </div>
   <div class='ocr_carea' id='block_1_10' title="bbox 250 997 1908 1072">
    <p class='ocr_par' dir='ltr' id='par_1_10' title="bbox 250 997 1908 1072">
     <span class='ocr_line' id='line_1_10' title="bbox 250 997 1908 1072; baseline -0.001 -17"><span class='ocrx_word' id='word_1_57' title='bbox 250 999 375 1056; x_wconf 84' lang='lat' dir='ltr'><strong>sive</strong></span> <span class='ocrx_word' id='word_1_58' title='bbox 431 997 631 1066; x_wconf 81' lang='lat' dir='ltr'><strong>virtuti</strong></span> <span class='ocrx_word' id='word_1_59' title='bbox 690 997 946 1067; x_wconf 80' lang='lat' dir='ltr'><strong>studeas,</strong></span> <span class='ocrx_word' id='word_1_60' title='bbox 982 997 1100 1055; x_wconf 88' lang='lat' dir='ltr'><strong>sive</strong></span> <span class='ocrx_word' id='word_1_61' title='bbox 1139 997 1388 1067; x_wconf 84' lang='lat' dir='ltr'><strong>veritati,</strong></span> <span class='ocrx_word' id='word_1_62' title='bbox 1423 999 1542 1058; x_wconf 86' lang='lat' dir='ltr'><strong>sive</strong></span> <span class='ocrx_word' id='word_1_63' title='bbox 1584 999 1686 1053; x_wconf 68' lang='lat' dir='ltr'><strong>viae</strong></span> <span class='ocrx_word' id='word_1_64' title='bbox 1731 1004 1908 1072; x_wconf 91' lang='lat' dir='ltr'><strong>atque</strong></span> 
     </span>
    </p>
   </div>
   <div class='ocr_carea' id='block_1_11' title="bbox 242 1086 1908 1162">
    <p class='ocr_par' dir='ltr' id='par_1_11' title="bbox 242 1086 1908 1162">
     <span class='ocr_line' id='line_1_11' title="bbox 242 1086 1908 1162; baseline -0.001 -18"><span class='ocrx_word' id='word_1_65' title='bbox 242 1086 515 1162; x_wconf 65' lang='lat' dir='ltr'><strong>justitie,</strong></span> <span class='ocrx_word' id='word_1_66' title='bbox 568 1087 687 1150; x_wconf 87' lang='lat' dir='ltr'><strong>sive</strong></span> <span class='ocrx_word' id='word_1_67' title='bbox 734 1086 1142 1144; x_wconf 91' lang='lat' dir='ltr'><strong>resurrectioni</strong></span> <span class='ocrx_word' id='word_1_68' title='bbox 1192 1089 1324 1161; x_wconf 84' lang='lat'>(79),</span> <span class='ocrx_word' id='word_1_69' title='bbox 1359 1086 1418 1142; x_wconf 91' lang='lat' dir='ltr'><strong>in</strong></span> <span class='ocrx_word' id='word_1_70' title='bbox 1471 1087 1747 1144; x_wconf 89' lang='lat' dir='ltr'><strong>omnibus</strong></span> <span class='ocrx_word' id='word_1_71' title='bbox 1795 1087 1908 1143; x_wconf 89' lang='lat' dir='ltr'><strong>sibi</strong></span> 
     </span>
    </p>
   </div>
   <div class='ocr_carea' id='block_1_12' title="bbox 255 1175 1908 1250">
    <p class='ocr_par' dir='ltr' id='par_1_12' title="bbox 255 1175 1908 1250">
     <span class='ocr_line' id='line_1_12' title="bbox 255 1175 1908 1250; baseline -0.002 -16"><span class='ocrx_word' id='word_1_72' title='bbox 255 1175 596 1250; x_wconf 86' lang='lat' dir='ltr'><strong>sequendus</strong></span> <span class='ocrx_word' id='word_1_73' title='bbox 627 1180 714 1232; x_wconf 92' lang='lat' dir='ltr'><strong>est</strong></span> <span class='ocrx_word' id='word_1_74' title='bbox 743 1175 1034 1244; x_wconf 88' lang='lat' dir='ltr'><strong>Christus,</strong></span> <span class='ocrx_word' id='word_1_75' title='bbox 1081 1175 1182 1249; x_wconf 90' lang='lat' dir='ltr'><strong>qui</strong></span> <span class='ocrx_word' id='word_1_76' title='bbox 1227 1180 1315 1231; x_wconf 88' lang='lat' dir='ltr'><strong>est</strong></span> <span class='ocrx_word' id='word_1_77' title='bbox 1350 1176 1536 1232; x_wconf 91' lang='lat' dir='ltr'><strong>virtus</strong></span> <span class='ocrx_word' id='word_1_78' title='bbox 1581 1175 1682 1234; x_wconf 92' lang='lat' dir='ltr'><strong>Dei</strong></span> <span class='ocrx_word' id='word_1_79' title='bbox 1733 1179 1908 1248; x_wconf 89' lang='lat' dir='ltr'><strong>atque</strong></span> 
     </span>
    </p>
   </div>
   <div class='ocr_carea' id='block_1_13' title="bbox 255 1263 1906 1342">
    <p class='ocr_par' dir='ltr' id='par_1_13' title="bbox 255 1263 1906 1342">
     <span class='ocr_line' id='line_1_13' title="bbox 255 1263 1906 1342; baseline -0.002 -20"><span class='ocrx_word' id='word_1_80' title='bbox 255 1264 566 1342; x_wconf 81' lang='lat' dir='ltr'><strong>sapientia,</strong></span> <span class='ocrx_word' id='word_1_81' title='bbox 620 1264 854 1332; x_wconf 91' lang='lat' dir='ltr'><strong>veritas,</strong></span> <span class='ocrx_word' id='word_1_82' title='bbox 911 1263 1024 1332; x_wconf 87' lang='lat' dir='ltr'><strong>via,</strong></span> <span class='ocrx_word' id='word_1_83' title='bbox 1076 1263 1331 1336; x_wconf 90' lang='lat' dir='ltr'><strong>justitia,</strong></span> <span class='ocrx_word' id='word_1_84' title='bbox 1392 1264 1761 1325; x_wconf 83' lang='lat' dir='ltr'><strong>resurrectio.</strong></span> <span class='ocrx_word' id='word_1_85' title='bbox 1823 1264 1906 1318; x_wconf 87' lang='lat' dir='ltr'><strong>Ad</strong></span> 
     </span>
    </p>
   </div>
   <div class='ocr_carea' id='block_1_14' title="bbox 257 1353 1909 1430">
    <p class='ocr_par' dir='ltr' id='par_1_14' title="bbox 257 1353 1909 1430">
     <span class='ocr_line' id='line_1_14' title="bbox 257 1353 1909 1430; baseline -0.001 -21"><span class='ocrx_word' id='word_1_86' title='bbox 257 1370 434 1430; x_wconf 88' lang='lat' dir='ltr'><strong>quem</strong></span> <span class='ocrx_word' id='word_1_87' title='bbox 484 1353 664 1428; x_wconf 83' lang='lat' dir='ltr'><strong>igitur</strong></span> <span class='ocrx_word' id='word_1_88' title='bbox 711 1353 1053 1418; x_wconf 90' lang='lat' dir='ltr'><strong>contendas,</strong></span> <span class='ocrx_word' id='word_1_89' title='bbox 1085 1353 1199 1408; x_wconf 90' lang='lat' dir='ltr'><strong>nisi</strong></span> <span class='ocrx_word' id='word_1_90' title='bbox 1248 1353 1321 1414; x_wconf 86' lang='lat' dir='ltr'><strong>ad</strong></span> <span class='ocrx_word' id='word_1_91' title='bbox 1360 1353 1730 1430; x_wconf 80' lang='lat' dir='ltr'><strong>perfectioem</strong></span> <span class='ocrx_word' id='word_1_92' title='bbox 1790 1370 1909 1408; x_wconf 89' lang='lat' dir='ltr'><strong>om-</strong></span> 
     </span>
    </p>
   </div>
   <div class='ocr_carea' id='block_1_15' title="bbox 127 1441 1904 1516">
    <p class='ocr_par' dir='ltr' id='par_1_15' title="bbox 127 1441 1904 1516">
     <span class='ocr_line' id='line_1_15' title="bbox 127 1441 1904 1516; baseline -0.001 -19"><span class='ocrx_word' id='word_1_93' title='bbox 127 1505 152 1516; x_wconf 36' lang='grc' dir='ltr'><strong><em>θ</em></strong></span> <span class='ocrx_word' id='word_1_94' title='bbox 257 1443 444 1510; x_wconf 90' lang='lat' dir='ltr'><strong>nium,</strong></span> <span class='ocrx_word' id='word_1_95' title='bbox 479 1458 892 1516; x_wconf 82' lang='lat' dir='ltr'><strong>summamque</strong></span> <span class='ocrx_word' id='word_1_96' title='bbox 922 1442 1246 1497; x_wconf 87' lang='lat' dir='ltr'><strong>virtutum?</strong></span> <span class='ocrx_word' id='word_1_97' title='bbox 1286 1442 1356 1500; x_wconf 85' lang='lat' dir='ltr'><strong>Et</strong></span> <span class='ocrx_word' id='word_1_98' title='bbox 1401 1442 1530 1498; x_wconf 91' lang='lat' dir='ltr'><strong>ideo</strong></span> <span class='ocrx_word' id='word_1_99' title='bbox 1579 1441 1684 1499; x_wconf 89' lang='lat' dir='ltr'><strong>tibi</strong></span> <span class='ocrx_word' id='word_1_100' title='bbox 1717 1441 1858 1496; x_wconf 91' lang='lat' dir='ltr'><strong>dicit</strong></span> <span class='ocrx_word' id='word_1_101' title='bbox 1891 1459 1904 1496; x_wconf 90' lang='lat'><strong>:</strong></span> 
     </span>
    </p>
   </div>
   <div class='ocr_carea' id='block_1_16' title="bbox 257 1529 1909 1605">
    <p class='ocr_par' dir='ltr' id='par_1_16' title="bbox 257 1529 1909 1605">
     <span class='ocr_line' id='line_1_16' title="bbox 257 1529 1909 1605; baseline 0.002 -23"><span class='ocrx_word' id='word_1_102' title='bbox 257 1554 285 1582; x_wconf 73' lang='grc' dir='ltr'><strong><em>α</em></strong></span> <span class='ocrx_word' id='word_1_103' title='bbox 321 1531 484 1599; x_wconf 82' lang='lat' dir='ltr'><strong>Veni,</strong></span> <span class='ocrx_word' id='word_1_104' title='bbox 519 1548 761 1605; x_wconf 89' lang='lat' dir='ltr'><strong>sequere</strong></span> <span class='ocrx_word' id='word_1_105' title='bbox 793 1547 884 1586; x_wconf 89' lang='lat' dir='ltr'><strong>me</strong></span> <span class='ocrx_word' id='word_1_106' title='bbox 917 1529 1126 1602; x_wconf 80' lang='lat' dir='ltr'><strong>(Matth.</strong></span> <span class='ocrx_word' id='word_1_107' title='bbox 1161 1546 1275 1599; x_wconf 77' lang='lat' dir='ltr'><strong>xxx,</strong></span> <span class='ocrx_word' id='word_1_108' title='bbox 1309 1531 1426 1604; x_wconf 85' lang='lat' dir='ltr'><strong>2t);</strong></span> <span class='ocrx_word' id='word_1_109' title='bbox 1463 1554 1490 1579; x_wconf 84' lang='grc' dir='ltr'><strong>›ι</strong></span> <span class='ocrx_word' id='word_1_110' title='bbox 1523 1530 1632 1586; x_wconf 86' lang='lat' dir='ltr'><strong>hoc</strong></span> <span class='ocrx_word' id='word_1_111' title='bbox 1686 1536 1792 1598; x_wconf 90' lang='lat' dir='ltr'><strong>est,</strong></span> <span class='ocrx_word' id='word_1_112' title='bbox 1847 1535 1909 1585; x_wconf 94' lang='lat' dir='ltr'><strong>ut</strong></span> 
     </span>
    </p>
   </div>
   <div class='ocr_carea' id='block_1_17' title="bbox 257 1619 1904 1696">
    <p class='ocr_par' dir='ltr' id='par_1_17' title="bbox 257 1619 1904 1696">
     <span class='ocr_line' id='line_1_17' title="bbox 257 1619 1904 1696; baseline -0.002 -18"><span class='ocrx_word' id='word_1_113' title='bbox 257 1621 331 1679; x_wconf 85' lang='lat' dir='ltr'><strong>ad</strong></span> <span class='ocrx_word' id='word_1_114' title='bbox 365 1619 932 1677; x_wconf 89' lang='lat' dir='ltr'><strong>consummationem</strong></span> <span class='ocrx_word' id='word_1_115' title='bbox 964 1619 1245 1675; x_wconf 88' lang='lat' dir='ltr'><strong>virtutum</strong></span> <span class='ocrx_word' id='word_1_116' title='bbox 1278 1619 1575 1696; x_wconf 85' lang='lat' dir='ltr'><strong>pervenire</strong></span> <span class='ocrx_word' id='word_1_117' title='bbox 1607 1619 1904 1677; x_wconf 88' lang='lat' dir='ltr'><strong>merearis.</strong></span> 
     </span>
    </p>
   </div>
   <div class='ocr_carea' id='block_1_18' title="bbox 255 1707 1905 1783">
    <p class='ocr_par' dir='ltr' id='par_1_18' title="bbox 255 1707 1905 1783">
     <span class='ocr_line' id='line_1_18' title="bbox 255 1707 1905 1783; baseline -0.001 -19"><span class='ocrx_word' id='word_1_118' title='bbox 255 1709 406 1781; x_wconf 80' lang='lat' dir='ltr'><strong>Ergo</strong></span> <span class='ocrx_word' id='word_1_119' title='bbox 472 1708 574 1782; x_wconf 85' lang='lat' dir='ltr'><strong>qui</strong></span> <span class='ocrx_word' id='word_1_120' title='bbox 627 1709 894 1783; x_wconf 86' lang='lat' dir='ltr'><strong>sequitur</strong></span> <span class='ocrx_word' id='word_1_121' title='bbox 945 1707 1265 1777; x_wconf 85' lang='lat' dir='ltr'><strong>Christum,</strong></span> <span class='ocrx_word' id='word_1_122' title='bbox 1320 1707 1516 1781; x_wconf 86' lang='lat' dir='ltr'><strong>ipsum</strong></span> <span class='ocrx_word' id='word_1_123' title='bbox 1576 1725 1680 1782; x_wconf 89' lang='lat' dir='ltr'><strong>pro</strong></span> <span class='ocrx_word' id='word_1_124' title='bbox 1721 1707 1905 1780; x_wconf 89' lang='lat' dir='ltr'><strong>possi-</strong></span> 
     </span>
    </p>
   </div>
   <div class='ocr_carea' id='block_1_19' title="bbox 255 1795 1905 1871">
    <p class='ocr_par' dir='ltr' id='par_1_19' title="bbox 255 1795 1905 1871">
     <span class='ocr_line' id='line_1_19' title="bbox 255 1795 1905 1871; baseline -0.002 -15"><span class='ocrx_word' id='word_1_125' title='bbox 255 1795 480 1856; x_wconf 88' lang='lat' dir='ltr'><strong>bilitate</strong></span> <span class='ocrx_word' id='word_1_126' title='bbox 519 1815 628 1855; x_wconf 86' lang='lat' dir='ltr'><strong>sua</strong></span> <span class='ocrx_word' id='word_1_127' title='bbox 673 1798 845 1854; x_wconf 89' lang='lat' dir='ltr'><strong>debet</strong></span> <span class='ocrx_word' id='word_1_128' title='bbox 890 1797 1140 1866; x_wconf 90' lang='lat' dir='ltr'><strong>imitari;</strong></span> <span class='ocrx_word' id='word_1_129' title='bbox 1192 1801 1258 1852; x_wconf 87' lang='lat' dir='ltr'><strong>ut</strong></span> <span class='ocrx_word' id='word_1_130' title='bbox 1304 1801 1592 1871; x_wconf 65' lang='lat' dir='ltr'><strong>praecepta</strong></span> <span class='ocrx_word' id='word_1_131' title='bbox 1641 1798 1769 1869; x_wconf 86' lang='lat' dir='ltr'><strong>ejus</strong></span> <span class='ocrx_word' id='word_1_132' title='bbox 1818 1814 1905 1852; x_wconf 85' lang='lat' dir='ltr'><strong>se—</strong></span> 
     </span>
    </p>
   </div>
   <div class='ocr_carea' id='block_1_20' title="bbox 253 1885 1906 1959">
    <p class='ocr_par' dir='ltr' id='par_1_20' title="bbox 253 1885 1906 1959">
     <span class='ocr_line' id='line_1_20' title="bbox 253 1885 1906 1959; baseline -0.001 -17"><span class='ocrx_word' id='word_1_133' title='bbox 253 1901 393 1944; x_wconf 86' lang='lat' dir='ltr'><strong>cum</strong></span> <span class='ocrx_word' id='word_1_134' title='bbox 423 1886 549 1959; x_wconf 88' lang='lat' dir='ltr'><strong>ipse</strong></span> <span class='ocrx_word' id='word_1_135' title='bbox 581 1886 916 1954; x_wconf 89' lang='lat' dir='ltr'><strong>meditetur,</strong></span> <span class='ocrx_word' id='word_1_136' title='bbox 949 1890 1006 1942; x_wconf 86' lang='lat' dir='ltr'><strong>et</strong></span> <span class='ocrx_word' id='word_1_137' title='bbox 1035 1885 1364 1942; x_wconf 90' lang='lat' dir='ltr'><strong>divinorum</strong></span> <span class='ocrx_word' id='word_1_138' title='bbox 1413 1885 1680 1958; x_wconf 83' lang='lat' dir='ltr'><strong>exempla</strong></span> <span class='ocrx_word' id='word_1_139' title='bbox 1727 1885 1906 1941; x_wconf 85' lang='lat' dir='ltr'><strong>facto-</strong></span> 
     </span>
    </p>
   </div>
   <div class='ocr_carea' id='block_1_21' title="bbox 257 1991 414 2034">
    <p class='ocr_par' dir='ltr' id='par_1_21' title="bbox 257 1991 414 2034">
     <span class='ocr_line' id='line_1_21' title="bbox 257 1991 414 2034; baseline -0.019 -1"><span class='ocrx_word' id='word_1_140' title='bbox 257 1991 414 2034; x_wconf 90' lang='lat' dir='ltr'><strong>rum.</strong></span> 
     </span>
    </p>
   </div>
   <div class='ocr_carea' id='block_1_22' title="bbox 328 2061 1904 2137">
    <p class='ocr_par' dir='ltr' id='par_1_22' title="bbox 328 2061 1904 2137">
     <span class='ocr_line' id='line_1_22' title="bbox 328 2061 1904 2137; baseline -0.003 -17"><span class='ocrx_word' id='word_1_141' title='bbox 328 2066 383 2120; x_wconf 88' lang='lat'><strong>2.</strong></span> <span class='ocrx_word' id='word_1_142' title='bbox 417 2061 484 2122; x_wconf 82' lang='lat' dir='ltr'><strong>Et</strong></span> <span class='ocrx_word' id='word_1_143' title='bbox 532 2063 662 2120; x_wconf 90' lang='lat' dir='ltr'><strong>ideo</strong></span> <span class='ocrx_word' id='word_1_144' title='bbox 701 2062 882 2122; x_wconf 89' lang='lat' dir='ltr'><strong>David</strong></span> <span class='ocrx_word' id='word_1_145' title='bbox 914 2079 1114 2122; x_wconf 87' lang='lat' dir='ltr'><strong>secum</strong></span> <span class='ocrx_word' id='word_1_146' title='bbox 1145 2062 1270 2137; x_wconf 86' lang='lat' dir='ltr'><strong>ipse</strong></span> <span class='ocrx_word' id='word_1_147' title='bbox 1302 2061 1714 2130; x_wconf 84' lang='lat' dir='ltr'><strong>meditabatur,</strong></span> <span class='ocrx_word' id='word_1_148' title='bbox 1749 2061 1904 2133; x_wconf 92' lang='lat' dir='ltr'><strong>quod</strong></span> 
     </span>
    </p>
   </div>
   <div class='ocr_carea' id='block_1_23' title="bbox 254 2151 1904 2219">
    <p class='ocr_par' dir='ltr' id='par_1_23' title="bbox 254 2151 1904 2219">
     <span class='ocr_line' id='line_1_23' title="bbox 254 2151 1904 2219; baseline -0.002 -11"><span class='ocrx_word' id='word_1_149' title='bbox 254 2153 553 2209; x_wconf 87' lang='lat' dir='ltr'><strong>Christum</strong></span> <span class='ocrx_word' id='word_1_150' title='bbox 585 2153 643 2208; x_wconf 90' lang='lat' dir='ltr'><strong>in</strong></span> <span class='ocrx_word' id='word_1_151' title='bbox 687 2169 749 2209; x_wconf 90' lang='lat' dir='ltr'><strong>se</strong></span> <span class='ocrx_word' id='word_1_152' title='bbox 792 2151 1054 2209; x_wconf 89' lang='lat' dir='ltr'><strong>locutum</strong></span> <span class='ocrx_word' id='word_1_153' title='bbox 1113 2168 1242 2208; x_wconf 90' lang='lat' dir='ltr'><strong>esse</strong></span> <span class='ocrx_word' id='word_1_154' title='bbox 1298 2151 1610 2219; x_wconf 86' lang='lat' dir='ltr'><strong>retinebat,</strong></span> <span class='ocrx_word' id='word_1_155' title='bbox 1658 2156 1723 2206; x_wconf 92' lang='lat' dir='ltr'><strong>ut</strong></span> <span class='ocrx_word' id='word_1_156' title='bbox 1770 2167 1904 2205; x_wconf 91' lang='lat' dir='ltr'><strong>cum</strong></span> 
     </span>
    </p>
   </div>
   <div class='ocr_carea' id='block_1_24' title="bbox 260 2229 1908 2314">
    <p class='ocr_par' dir='ltr' id='par_1_24' title="bbox 260 2229 1908 2314">
     <span class='ocr_line' id='line_1_24' title="bbox 260 2229 1908 2314; baseline -0.002 -17"><span class='ocrx_word' id='word_1_157' title='bbox 260 2240 443 2314; x_wconf 80' lang='lat' dir='ltr'><strong>aliqui</strong></span> <span class='ocrx_word' id='word_1_158' title='bbox 491 2241 545 2299; x_wconf 90' lang='lat' dir='ltr'><strong>ei</strong></span> <span class='ocrx_word' id='word_1_159' title='bbox 585 2245 782 2297; x_wconf 89' lang='lat' dir='ltr'><strong>essent</strong></span> <span class='ocrx_word' id='word_1_160' title='bbox 820 2229 1083 2308; x_wconf 44' lang='lat' dir='ltr'><strong>&#39;molesti,</strong></span> <span class='ocrx_word' id='word_1_161' title='bbox 1115 2245 1172 2296; x_wconf 92' lang='lat' dir='ltr'><strong>et</strong></span> <span class='ocrx_word' id='word_1_162' title='bbox 1199 2256 1333 2296; x_wconf 89' lang='lat' dir='ltr'><strong>cum</strong></span> <span class='ocrx_word' id='word_1_163' title='bbox 1364 2240 1435 2296; x_wconf 87' lang='lat' dir='ltr'><strong>ad</strong></span> <span class='ocrx_word' id='word_1_164' title='bbox 1476 2239 1908 2296; x_wconf 84' lang='lat' dir='ltr'><strong>contentionem</strong></span> 
     </span>
    </p>
   </div>
   <div class='ocr_carea' id='block_1_25' title="bbox 258 2328 1906 2403">
    <p class='ocr_par' dir='ltr' id='par_1_25' title="bbox 258 2328 1906 2403">
     <span class='ocr_line' id='line_1_25' title="bbox 258 2328 1906 2403; baseline -0.001 -18"><span class='ocrx_word' id='word_1_165' title='bbox 258 2328 548 2388; x_wconf 83' lang='lat' dir='ltr'><strong>lacessere</strong></span> <span class='ocrx_word' id='word_1_166' title='bbox 605 2333 974 2399; x_wconf 87' lang='lat' dir='ltr'><strong>conarentur,</strong></span> <span class='ocrx_word' id='word_1_167' title='bbox 1036 2329 1380 2403; x_wconf 88' lang='lat' dir='ltr'><strong>patientiam</strong></span> <span class='ocrx_word' id='word_1_168' title='bbox 1440 2329 1726 2398; x_wconf 84' lang='lat' dir='ltr'><strong>indueret,</strong></span> <span class='ocrx_word' id='word_1_169' title='bbox 1787 2343 1906 2384; x_wconf 89' lang='lat' dir='ltr'><strong>cer-</strong></span> 
     </span>
    </p>
   </div>
   <div class='ocr_carea' id='block_1_26' title="bbox 259 2415 1908 2492">
    <p class='ocr_par' dir='ltr' id='par_1_26' title="bbox 259 2415 1908 2492">
     <span class='ocr_line' id='line_1_26' title="bbox 259 2415 1908 2492; baseline -0.002 -17"><span class='ocrx_word' id='word_1_170' title='bbox 259 2418 429 2475; x_wconf 89' lang='lat' dir='ltr'><strong>tandi</strong></span> <span class='ocrx_word' id='word_1_171' title='bbox 461 2419 659 2475; x_wconf 92' lang='lat' dir='ltr'><strong>studia</strong></span> <span class='ocrx_word' id='word_1_172' title='bbox 686 2418 1023 2487; x_wconf 86' lang='lat' dir='ltr'><strong>declinaret,</strong></span> <span class='ocrx_word' id='word_1_173' title='bbox 1056 2435 1124 2475; x_wconf 85' lang='lat' dir='ltr'><strong>ex</strong></span> <span class='ocrx_word' id='word_1_174' title='bbox 1155 2417 1369 2492; x_wconf 86' lang='lat' dir='ltr'><strong>quibus</strong></span> <span class='ocrx_word' id='word_1_175' title='bbox 1407 2417 1600 2474; x_wconf 88' lang='lat' dir='ltr'><strong>inanis</strong></span> <span class='ocrx_word' id='word_1_176' title='bbox 1632 2415 1908 2490; x_wconf 86' lang='lat' dir='ltr'><strong>strepitus</strong></span> 
     </span>
    </p>
   </div>
   <div class='ocr_carea' id='block_1_27' title="bbox 259 2506 1909 2581">
    <p class='ocr_par' dir='ltr' id='par_1_27' title="bbox 259 2506 1909 2581">
     <span class='ocr_line' id='line_1_27' title="bbox 259 2506 1909 2581; baseline -0.001 -18"><span class='ocrx_word' id='word_1_177' title='bbox 259 2511 319 2563; x_wconf 88' lang='lat' dir='ltr'><strong>et</strong></span> <span class='ocrx_word' id='word_1_178' title='bbox 337 2507 538 2580; x_wconf 89' lang='lat' dir='ltr'><strong>jurgia</strong></span> <span class='ocrx_word' id='word_1_179' title='bbox 568 2507 902 2581; x_wconf 82' lang='lat' dir='ltr'><strong>frequenter</strong></span> <span class='ocrx_word' id='word_1_180' title='bbox 948 2507 1236 2564; x_wconf 86' lang='lat' dir='ltr'><strong>oriuntur.</strong></span> <span class='ocrx_word' id='word_1_181' title='bbox 1287 2508 1538 2579; x_wconf 88' lang='lat' dir='ltr'><strong>Ideoque</strong></span> <span class='ocrx_word' id='word_1_182' title='bbox 1591 2506 1743 2564; x_wconf 74' lang='lat'><strong>842</strong></span> <span class='ocrx_word' id='word_1_183' title='bbox 1775 2522 1909 2562; x_wconf 91' lang='lat' dir='ltr'><strong>cum</strong></span> 
     </span>
    </p>
   </div>
   <div class='ocr_carea' id='block_1_28' title="bbox 262 2594 1908 2668">
    <p class='ocr_par' dir='ltr' id='par_1_28' title="bbox 262 2594 1908 2668">
     <span class='ocr_line' id='line_1_28' title="bbox 262 2594 1908 2668; baseline -0.001 -16"><span class='ocrx_word' id='word_1_184' title='bbox 262 2600 466 2652; x_wconf 89' lang='lat' dir='ltr'><strong>sancto</strong></span> <span class='ocrx_word' id='word_1_185' title='bbox 497 2594 680 2652; x_wconf 89' lang='lat' dir='ltr'><strong>David</strong></span> <span class='ocrx_word' id='word_1_186' title='bbox 713 2596 975 2668; x_wconf 87' lang='lat' dir='ltr'><strong>plerique</strong></span> <span class='ocrx_word' id='word_1_187' title='bbox 1021 2597 1150 2668; x_wconf 89' lang='lat' dir='ltr'><strong>ejus</strong></span> <span class='ocrx_word' id='word_1_188' title='bbox 1196 2597 1512 2652; x_wconf 87' lang='lat' dir='ltr'><strong>virtutibus</strong></span> <span class='ocrx_word' id='word_1_189' title='bbox 1561 2595 1908 2664; x_wconf 88' lang='lat' dir='ltr'><strong>invidentes,</strong></span> 
     </span>
    </p>
   </div>
   <div class='ocr_carea' id='block_1_29' title="bbox 262 2683 1910 2758">
    <p class='ocr_par' dir='ltr' id='par_1_29' title="bbox 262 2683 1910 2758">
     <span class='ocr_line' id='line_1_29' title="bbox 262 2683 1910 2758; baseline -0.001 -18"><span class='ocrx_word' id='word_1_190' title='bbox 262 2685 364 2757; x_wconf 88' lang='lat' dir='ltr'><strong>qui</strong></span> <span class='ocrx_word' id='word_1_191' title='bbox 396 2699 530 2740; x_wconf 89' lang='lat' dir='ltr'><strong>eum</strong></span> <span class='ocrx_word' id='word_1_192' title='bbox 563 2684 633 2740; x_wconf 90' lang='lat' dir='ltr'><strong>de</strong></span> <span class='ocrx_word' id='word_1_193' title='bbox 661 2684 959 2758; x_wconf 91' lang='lat' dir='ltr'><strong>proposito</strong></span> <span class='ocrx_word' id='word_1_194' title='bbox 991 2683 1485 2752; x_wconf 87' lang='lat' dir='ltr'><strong>mansuetudinis,</strong></span> <span class='ocrx_word' id='word_1_195' title='bbox 1519 2688 1577 2740; x_wconf 89' lang='lat' dir='ltr'><strong>et</strong></span> <span class='ocrx_word' id='word_1_196' title='bbox 1605 2683 1910 2739; x_wconf 89' lang='lat' dir='ltr'><strong>humilita-</strong></span> 
     </span>
    </p>
   </div>
   <div class='ocr_carea' id='block_1_30' title="bbox 261 2771 1911 2845">
    <p class='ocr_par' dir='ltr' id='par_1_30' title="bbox 261 2771 1911 2845">
     <span class='ocr_line' id='line_1_30' title="bbox 261 2771 1911 2845; baseline -0.004 -14"><span class='ocrx_word' id='word_1_197' title='bbox 261 2775 342 2831; x_wconf 86' lang='lat' dir='ltr'><strong>tis</strong></span> <span class='ocrx_word' id='word_1_198' title='bbox 385 2773 594 2830; x_wconf 77' lang='lat' dir='ltr'><strong>affectu</strong></span> <span class='ocrx_word' id='word_1_199' title='bbox 653 2775 954 2830; x_wconf 87' lang='lat' dir='ltr'><strong>crederent</strong></span> <span class='ocrx_word' id='word_1_200' title='bbox 1009 2773 1426 2841; x_wconf 90' lang='lat' dir='ltr'><strong>diducendum,</strong></span> <span class='ocrx_word' id='word_1_201' title='bbox 1461 2773 1796 2845; x_wconf 88' lang='lat' dir='ltr'><strong>frequenter</strong></span> <span class='ocrx_word' id='word_1_202' title='bbox 1829 2771 1911 2826; x_wconf 85' lang='lat' dir='ltr'><strong>in-</strong></span> 
     </span>
    </p>
   </div>
   <div class='ocr_carea' id='block_1_31' title="bbox 260 2860 1910 2936">
    <p class='ocr_par' dir='ltr' id='par_1_31' title="bbox 260 2860 1910 2936">
     <span class='ocr_line' id='line_1_31' title="bbox 260 2860 1910 2936; baseline -0.002 -18"><span class='ocrx_word' id='word_1_203' title='bbox 260 2867 564 2936; x_wconf 87' lang='lat' dir='ltr'><strong>gruerent;</strong></span> <span class='ocrx_word' id='word_1_204' title='bbox 614 2860 752 2935; x_wconf 82' lang='lat' dir='ltr'><strong>ipsae</strong></span> <span class='ocrx_word' id='word_1_205' title='bbox 799 2879 1032 2936; x_wconf 87' lang='lat' dir='ltr'><strong>quoque</strong></span> <span class='ocrx_word' id='word_1_206' title='bbox 1078 2861 1368 2936; x_wconf 75' lang='lat' dir='ltr'><strong>praecipue</strong></span> <span class='ocrx_word' id='word_1_207' title='bbox 1414 2861 1687 2932; x_wconf 69' lang='lat' dir='ltr'><strong>nequitias</strong></span> <span class='ocrx_word' id='word_1_208' title='bbox 1738 2860 1910 2934; x_wconf 90' lang='lat' dir='ltr'><strong>spiri-</strong></span> 
     </span>
    </p>
   </div>
   <div class='ocr_carea' id='block_1_32' title="bbox 261 2949 1908 3025">
    <p class='ocr_par' dir='ltr' id='par_1_32' title="bbox 261 2949 1908 3025">
     <span class='ocr_line' id='line_1_32' title="bbox 261 2949 1908 3025; baseline -0.001 -18"><span class='ocrx_word' id='word_1_209' title='bbox 261 2950 406 3008; x_wconf 87' lang='lat' dir='ltr'><strong>tales</strong></span> <span class='ocrx_word' id='word_1_210' title='bbox 437 2950 496 3006; x_wconf 91' lang='lat' dir='ltr'><strong>in</strong></span> <span class='ocrx_word' id='word_1_211' title='bbox 528 2950 880 3021; x_wconf 85' lang='lat' dir='ltr'><strong>ccelestibus,</strong></span> <span class='ocrx_word' id='word_1_212' title='bbox 912 2951 1190 3008; x_wconf 90' lang='lat' dir='ltr'><strong>adversus</strong></span> <span class='ocrx_word' id='word_1_213' title='bbox 1220 2968 1369 3024; x_wconf 90' lang='lat' dir='ltr'><strong>quas</strong></span> <span class='ocrx_word' id='word_1_214' title='bbox 1397 2967 1570 3025; x_wconf 88' lang='lat' dir='ltr'><strong>grave</strong></span> <span class='ocrx_word' id='word_1_215' title='bbox 1614 2949 1908 3006; x_wconf 90' lang='lat' dir='ltr'><strong>luctamen</strong></span> 
     </span>
    </p>
   </div>
   <div class='ocr_carea' id='block_1_33' title="bbox 264 3039 1910 3112">
    <p class='ocr_par' dir='ltr' id='par_1_33' title="bbox 264 3039 1910 3112">
     <span class='ocr_line' id='line_1_33' title="bbox 264 3039 1910 3112; baseline -0.001 -16"><span class='ocrx_word' id='word_1_216' title='bbox 264 3044 354 3096; x_wconf 90' lang='lat' dir='ltr'><strong>est</strong></span> <span class='ocrx_word' id='word_1_217' title='bbox 385 3039 579 3112; x_wconf 83' lang='lat' dir='ltr'><strong>iustis,</strong></span> <span class='ocrx_word' id='word_1_218' title='bbox 611 3039 684 3097; x_wconf 87' lang='lat' dir='ltr'><strong>ad</strong></span> <span class='ocrx_word' id='word_1_219' title='bbox 717 3040 1204 3096; x_wconf 90' lang='lat' dir='ltr'><strong>commovendum</strong></span> <span class='ocrx_word' id='word_1_220' title='bbox 1252 3056 1388 3096; x_wconf 89' lang='lat' dir='ltr'><strong>eum</strong></span> <span class='ocrx_word' id='word_1_221' title='bbox 1439 3040 1746 3096; x_wconf 89' lang='lat' dir='ltr'><strong>ministros</strong></span> <span class='ocrx_word' id='word_1_222' title='bbox 1791 3055 1910 3095; x_wconf 62' lang='lat' dir='ltr'><strong>sua:</strong></span> 
     </span>
    </p>
   </div>
   <div class='ocr_carea' id='block_1_34' title="bbox 265 3127 1910 3202">
    <p class='ocr_par' dir='ltr' id='par_1_34' title="bbox 265 3127 1910 3202">
     <span class='ocr_line' id='line_1_34' title="bbox 265 3127 1910 3202; baseline 0.001 -19"><span class='ocrx_word' id='word_1_223' title='bbox 265 3128 660 3202; x_wconf 84' lang='lat' dir='ltr'><strong>improbitatis</strong></span> <span class='ocrx_word' id='word_1_224' title='bbox 689 3128 1058 3202; x_wconf 87' lang='lat' dir='ltr'><strong>impellerent</strong></span> <span class='ocrx_word' id='word_1_225' title='bbox 1090 3146 1102 3184; x_wconf 88' lang='lat'>:</span> <span class='ocrx_word' id='word_1_226' title='bbox 1135 3145 1208 3184; x_wconf 90' lang='lat' dir='ltr'><strong>ne</strong></span> <span class='ocrx_word' id='word_1_227' title='bbox 1259 3128 1410 3184; x_wconf 90' lang='lat' dir='ltr'><strong>inter</strong></span> <span class='ocrx_word' id='word_1_228' title='bbox 1446 3127 1910 3201; x_wconf 80' lang='lat' dir='ltr'><strong>obstrepentium</strong></span> 
     </span>
    </p>
   </div>
   <div class='ocr_carea' id='block_1_35' title="bbox 1939 1851 1986 1914">
    <p class='ocr_par' dir='ltr' id='par_1_35' title="bbox 1939 1851 1986 1914">
     <span class='ocr_line' id='line_1_35' title="bbox 1939 1851 1986 1914; baseline 0 0"><span class='ocrx_word' id='word_1_229' title='bbox 1939 1851 1986 1914; x_wconf 90' lang='lat' dir='ltr'><strong>B</strong></span> 
     </span>
    </p>
   </div>
   <div class='ocr_carea' id='block_1_36' title="bbox 2015 553 3661 625">
    <p class='ocr_par' dir='ltr' id='par_1_36' title="bbox 2015 553 3661 625">
     <span class='ocr_line' id='line_1_36' title="bbox 2015 553 3661 625; baseline 0.007 -16"><span class='ocrx_word' id='word_1_230' title='bbox 2015 553 2218 610; x_wconf 92' lang='lat' dir='ltr'><strong>tui!Si</strong></span> <span class='ocrx_word' id='word_1_231' title='bbox 2267 554 2400 625; x_wconf 90' lang='lat' dir='ltr'><strong>quis</strong></span> <span class='ocrx_word' id='word_1_232' title='bbox 2453 554 2707 611; x_wconf 90' lang='lat' dir='ltr'><strong>alienum</strong></span> <span class='ocrx_word' id='word_1_233' title='bbox 2767 555 2950 623; x_wconf 90' lang='lat' dir='ltr'><strong>fallat,</strong></span> <span class='ocrx_word' id='word_1_234' title='bbox 3011 557 3351 616; x_wconf 90' lang='lat' dir='ltr'><strong>indecorum</strong></span> <span class='ocrx_word' id='word_1_235' title='bbox 3403 566 3491 618; x_wconf 89' lang='lat' dir='ltr'><strong>est</strong></span> <span class='ocrx_word' id='word_1_236' title='bbox 3547 581 3559 620; x_wconf 91' lang='lat'><strong>:</strong></span> <span class='ocrx_word' id='word_1_237' title='bbox 3612 565 3661 621; x_wconf 89' lang='lat' dir='ltr'><strong>si</strong></span> 
     </span>
    </p>
   </div>
   <div class='ocr_carea' id='block_1_37' title="bbox 2017 641 3663 722">
    <p class='ocr_par' dir='ltr' id='par_1_37' title="bbox 2017 641 3663 722">
     <span class='ocr_line' id='line_1_37' title="bbox 2017 641 3663 722; baseline 0.006 -24"><span class='ocrx_word' id='word_1_238' title='bbox 2017 642 2149 715; x_wconf 88' lang='lat' dir='ltr'><strong>quis</strong></span> <span class='ocrx_word' id='word_1_239' title='bbox 2179 641 2532 714; x_wconf 83' lang='lat' dir='ltr'><strong>proximum,</strong></span> <span class='ocrx_word' id='word_1_240' title='bbox 2567 660 2769 716; x_wconf 87' lang='lat' dir='ltr'><strong>grave;</strong></span> <span class='ocrx_word' id='word_1_241' title='bbox 2821 653 3038 717; x_wconf 90' lang='lat' dir='ltr'><strong>quanto</strong></span> <span class='ocrx_word' id='word_1_242' title='bbox 3088 647 3266 720; x_wconf 84' lang='lat' dir='ltr'><strong>igitur</strong></span> <span class='ocrx_word' id='word_1_243' title='bbox 3309 651 3566 722; x_wconf 83' lang='lat' dir='ltr'><strong>gravius,</strong></span> <span class='ocrx_word' id='word_1_244' title='bbox 3612 654 3663 710; x_wconf 89' lang='lat' dir='ltr'><strong>si</strong></span> 
     </span>
    </p>
   </div>
   <div class='ocr_carea' id='block_1_38' title="bbox 2017 731 3664 811">
    <p class='ocr_par' dir='ltr' id='par_1_38' title="bbox 2017 731 3664 811">
     <span class='ocr_line' id='line_1_38' title="bbox 2017 731 3664 811; baseline 0.008 -26"><span class='ocrx_word' id='word_1_245' title='bbox 2017 731 2150 804; x_wconf 89' lang='lat' dir='ltr'><strong>quis</strong></span> <span class='ocrx_word' id='word_1_246' title='bbox 2184 749 2244 788; x_wconf 89' lang='lat' dir='ltr'><strong>se</strong></span> <span class='ocrx_word' id='word_1_247' title='bbox 2277 731 2470 804; x_wconf 90' lang='lat' dir='ltr'><strong>ipsum</strong></span> <span class='ocrx_word' id='word_1_248' title='bbox 2501 749 2567 789; x_wconf 91' lang='lat' dir='ltr'><strong>eo</strong></span> <span class='ocrx_word' id='word_1_249' title='bbox 2599 734 2752 805; x_wconf 93' lang='lat' dir='ltr'><strong>quod</strong></span> <span class='ocrx_word' id='word_1_250' title='bbox 2788 734 2899 789; x_wconf 90' lang='lat' dir='ltr'><strong>sibi</strong></span> <span class='ocrx_word' id='word_1_251' title='bbox 2932 737 3288 808; x_wconf 91' lang='lat' dir='ltr'><strong>promiserit,</strong></span> <span class='ocrx_word' id='word_1_252' title='bbox 3323 744 3488 811; x_wconf 87' lang='lat' dir='ltr'><strong>putet</strong></span> <span class='ocrx_word' id='word_1_253' title='bbox 3535 757 3664 798; x_wconf 88' lang='lat' dir='ltr'><strong>esse</strong></span> 
     </span>
    </p>
   </div>
   <div class='ocr_carea' id='block_1_39' title="bbox 2017 817 3665 899">
    <p class='ocr_par' dir='ltr' id='par_1_39' title="bbox 2017 817 3665 899">
     <span class='ocr_line' id='line_1_39' title="bbox 2017 817 3665 899; baseline 0.007 -25"><span class='ocrx_word' id='word_1_254' title='bbox 2017 817 2440 887; x_wconf 83' lang='lat' dir='ltr'><strong>fraudandum;</strong></span> <span class='ocrx_word' id='word_1_255' title='bbox 2477 829 2540 877; x_wconf 90' lang='lat' dir='ltr'><strong>ut</strong></span> <span class='ocrx_word' id='word_1_256' title='bbox 2565 821 2689 893; x_wconf 89' lang='lat' dir='ltr'><strong>ipse</strong></span> <span class='ocrx_word' id='word_1_257' title='bbox 2734 822 2846 878; x_wconf 89' lang='lat' dir='ltr'><strong>sibi</strong></span> <span class='ocrx_word' id='word_1_258' title='bbox 2896 823 3148 880; x_wconf 79' lang='lat' dir='ltr'><strong>infidelis</strong></span> <span class='ocrx_word' id='word_1_259' title='bbox 3194 844 3302 882; x_wconf 91' lang='lat' dir='ltr'><strong>suo</strong></span> <span class='ocrx_word' id='word_1_260' title='bbox 3343 828 3568 899; x_wconf 90' lang='lat' dir='ltr'><strong>judicio</strong></span> <span class='ocrx_word' id='word_1_261' title='bbox 3609 836 3665 888; x_wconf 88' lang='lat' dir='ltr'><strong>et</strong></span> 
     </span>
    </p>
   </div>
   <div class='ocr_carea' id='block_1_40' title="bbox 2016 907 3663 984">
    <p class='ocr_par' dir='ltr' id='par_1_40' title="bbox 2016 907 3663 984">
     <span class='ocr_line' id='line_1_40' title="bbox 2016 907 3663 984; baseline 0.007 -22"><span class='ocrx_word' id='word_1_262' title='bbox 2016 907 2392 982; x_wconf 85' lang='lat' dir='ltr'><strong>despicabilis</strong></span> <span class='ocrx_word' id='word_1_263' title='bbox 2424 909 2760 965; x_wconf 67' lang='lat' dir='ltr'><strong>aestimetur.</strong></span> <span class='ocrx_word' id='word_1_264' title='bbox 2810 911 2912 967; x_wconf 92' lang='lat' dir='ltr'><strong>Cui</strong></span> <span class='ocrx_word' id='word_1_265' title='bbox 2964 912 3142 984; x_wconf 87' lang='lat' dir='ltr'><strong>igitur</strong></span> <span class='ocrx_word' id='word_1_266' title='bbox 3192 913 3439 973; x_wconf 88' lang='lat' dir='ltr'><strong>idoneus</strong></span> <span class='ocrx_word' id='word_1_267' title='bbox 3478 918 3663 976; x_wconf 89' lang='lat' dir='ltr'><strong>videri</strong></span> 
     </span>
    </p>
   </div>
   <div class='ocr_carea' id='block_1_41' title="bbox 2017 997 3663 1078">
    <p class='ocr_par' dir='ltr' id='par_1_41' title="bbox 2017 997 3663 1078">
     <span class='ocr_line' id='line_1_41' title="bbox 2017 997 3663 1078; baseline 0.007 -27"><span class='ocrx_word' id='word_1_268' title='bbox 2017 1001 2227 1069; x_wconf 90' lang='lat' dir='ltr'><strong>potest,</strong></span> <span class='ocrx_word' id='word_1_269' title='bbox 2263 998 2363 1070; x_wconf 91' lang='lat' dir='ltr'><strong>qui</strong></span> <span class='ocrx_word' id='word_1_270' title='bbox 2397 997 2507 1054; x_wconf 92' lang='lat' dir='ltr'><strong>sibi</strong></span> <span class='ocrx_word' id='word_1_271' title='bbox 2534 998 2665 1055; x_wconf 91' lang='lat' dir='ltr'><strong>vilis</strong></span> <span class='ocrx_word' id='word_1_272' title='bbox 2696 1001 2824 1056; x_wconf 84' lang='lat' dir='ltr'><strong>est?</strong></span> <span class='ocrx_word' id='word_1_273' title='bbox 2853 1001 3181 1059; x_wconf 88' lang='lat' dir='ltr'><strong>Tencamus</strong></span> <span class='ocrx_word' id='word_1_274' title='bbox 3231 1004 3410 1078; x_wconf 88' lang='lat' dir='ltr'><strong>igitur</strong></span> <span class='ocrx_word' id='word_1_275' title='bbox 3455 1007 3663 1063; x_wconf 69' lang='lat' dir='ltr'><strong>anima:</strong></span> 
     </span>
    </p>
   </div>
   <div class='ocr_carea' id='block_1_42' title="bbox 2016 1086 3664 1166">
    <p class='ocr_par' dir='ltr' id='par_1_42' title="bbox 2016 1086 3664 1166">
     <span class='ocr_line' id='line_1_42' title="bbox 2016 1086 3664 1166; baseline 0.007 -25"><span class='ocrx_word' id='word_1_276' title='bbox 2016 1086 2406 1141; x_wconf 79' lang='lat' dir='ltr'><strong>constantiam</strong></span> <span class='ocrx_word' id='word_1_277' title='bbox 2436 1092 2643 1143; x_wconf 66' lang='lat' dir='ltr'><strong>nostra:</strong></span> <span class='ocrx_word' id='word_1_278' title='bbox 2679 1105 2691 1144; x_wconf 95' lang='lat'>:</span> <span class='ocrx_word' id='word_1_279' title='bbox 2727 1105 2798 1144; x_wconf 93' lang='lat' dir='ltr'><strong>ne</strong></span> <span class='ocrx_word' id='word_1_280' title='bbox 2847 1089 2998 1146; x_wconf 73' lang='lat'><strong>843</strong></span> <span class='ocrx_word' id='word_1_281' title='bbox 3050 1090 3106 1146; x_wconf 91' lang='lat' dir='ltr'><strong>in</strong></span> <span class='ocrx_word' id='word_1_282' title='bbox 3161 1093 3540 1166; x_wconf 78' lang='lat' dir='ltr'><strong>offensionem</strong></span> <span class='ocrx_word' id='word_1_283' title='bbox 3580 1095 3664 1153; x_wconf 89' lang='lat' dir='ltr'><strong>la-</strong></span> 
     </span>
    </p>
   </div>
   <div class='ocr_carea' id='block_1_43' title="bbox 2015 1174 3664 1259">
    <p class='ocr_par' dir='ltr' id='par_1_43' title="bbox 2015 1174 3664 1259">
     <span class='ocr_line' id='line_1_43' title="bbox 2015 1174 3664 1259; baseline 0.008 -30"><span class='ocrx_word' id='word_1_284' title='bbox 2015 1175 2113 1230; x_wconf 90' lang='lat' dir='ltr'><strong>bia</strong></span> <span class='ocrx_word' id='word_1_285' title='bbox 2166 1174 2443 1247; x_wconf 88' lang='lat' dir='ltr'><strong>loquendi</strong></span> <span class='ocrx_word' id='word_1_286' title='bbox 2496 1177 2705 1232; x_wconf 86' lang='lat' dir='ltr'><strong>festina</strong></span> <span class='ocrx_word' id='word_1_287' title='bbox 2745 1186 3148 1250; x_wconf 78' lang='lat' dir='ltr'><strong>prorumpunt.</strong></span> <span class='ocrx_word' id='word_1_288' title='bbox 3193 1183 3258 1236; x_wconf 88' lang='lat' dir='ltr'><strong>Et</strong></span> <span class='ocrx_word' id='word_1_289' title='bbox 3286 1183 3396 1240; x_wconf 92' lang='lat' dir='ltr'><strong>Joh</strong></span> <span class='ocrx_word' id='word_1_290' title='bbox 3427 1184 3664 1259; x_wconf 83' lang='lat' dir='ltr'><strong>plagam</strong></span> 
     </span>
    </p>
   </div>
   <div class='ocr_carea' id='block_1_44' title="bbox 2018 1263 3664 1332">
    <p class='ocr_par' dir='ltr' id='par_1_44' title="bbox 2018 1263 3664 1332">
     <span class='ocr_line' id='line_1_44' title="bbox 2018 1263 3664 1332; baseline 0.008 -15"><span class='ocrx_word' id='word_1_291' title='bbox 2018 1281 2183 1318; x_wconf 91' lang='lat' dir='ltr'><strong>suam</strong></span> <span class='ocrx_word' id='word_1_292' title='bbox 2219 1263 2448 1319; x_wconf 90' lang='lat' dir='ltr'><strong>silentio</strong></span> <span class='ocrx_word' id='word_1_293' title='bbox 2479 1264 2634 1329; x_wconf 90' lang='lat' dir='ltr'><strong>vicit,</strong></span> <span class='ocrx_word' id='word_1_294' title='bbox 2667 1270 2723 1321; x_wconf 92' lang='lat' dir='ltr'><strong>et</strong></span> <span class='ocrx_word' id='word_1_295' title='bbox 2753 1267 3125 1324; x_wconf 85' lang='lat' dir='ltr'><strong>tolerantiam</strong></span> <span class='ocrx_word' id='word_1_296' title='bbox 3158 1288 3327 1327; x_wconf 90' lang='lat' dir='ltr'><strong>suam</strong></span> <span class='ocrx_word' id='word_1_297' title='bbox 3360 1274 3664 1332; x_wconf 89' lang='lat' dir='ltr'><strong>taciturni-</strong></span> 
     </span>
    </p>
   </div>
   <div class='ocr_carea' id='block_1_45' title="bbox 2015 1353 3664 1423">
    <p class='ocr_par' dir='ltr' id='par_1_45' title="bbox 2015 1353 3664 1423">
     <span class='ocr_line' id='line_1_45' title="bbox 2015 1353 3664 1423; baseline 0.01 -18"><span class='ocrx_word' id='word_1_298' title='bbox 2015 1355 2132 1406; x_wconf 88' lang='lat' dir='ltr'><strong>tate</strong></span> <span class='ocrx_word' id='word_1_299' title='bbox 2173 1353 2486 1423; x_wconf 88' lang='lat' dir='ltr'><strong>superavit.</strong></span> <span class='ocrx_word' id='word_1_300' title='bbox 2527 1355 2649 1409; x_wconf 83' lang='lat' dir='ltr'><strong>Non</strong></span> <span class='ocrx_word' id='word_1_301' title='bbox 2698 1355 2841 1410; x_wconf 91' lang='lat' dir='ltr'><strong>bene</strong></span> <span class='ocrx_word' id='word_1_302' title='bbox 2887 1358 3143 1413; x_wconf 89' lang='lat' dir='ltr'><strong>creditur</strong></span> <span class='ocrx_word' id='word_1_303' title='bbox 3193 1361 3353 1416; x_wconf 88' lang='lat' dir='ltr'><strong>carni</strong></span> <span class='ocrx_word' id='word_1_304' title='bbox 3386 1379 3399 1418; x_wconf 90' lang='lat'><strong>:</strong></span> <span class='ocrx_word' id='word_1_305' title='bbox 3432 1363 3664 1421; x_wconf 90' lang='lat' dir='ltr'><strong>vicisse-</strong></span> 
     </span>
    </p>
   </div>
   <div class='ocr_carea' id='block_1_46' title="bbox 2017 1441 3665 1524">
    <p class='ocr_par' dir='ltr' id='par_1_46' title="bbox 2017 1441 3665 1524">
     <span class='ocr_line' id='line_1_46' title="bbox 2017 1441 3665 1524; baseline 0.01 -30"><span class='ocrx_word' id='word_1_306' title='bbox 2017 1455 2170 1508; x_wconf 90' lang='lat' dir='ltr'><strong>mus,</strong></span> <span class='ocrx_word' id='word_1_307' title='bbox 2205 1441 2253 1495; x_wconf 91' lang='lat' dir='ltr'><strong>si</strong></span> <span class='ocrx_word' id='word_1_308' title='bbox 2288 1442 2402 1497; x_wconf 85' lang='lat' dir='ltr'><strong>Eva</strong></span> <span class='ocrx_word' id='word_1_309' title='bbox 2432 1445 2730 1500; x_wconf 84' lang='lat' dir='ltr'><strong>tacuisset.</strong></span> <span class='ocrx_word' id='word_1_310' title='bbox 2767 1445 2915 1518; x_wconf 86' lang='lat' dir='ltr'><strong>Ergo</strong></span> <span class='ocrx_word' id='word_1_311' title='bbox 2947 1446 3203 1518; x_wconf 88' lang='lat' dir='ltr'><strong>primum</strong></span> <span class='ocrx_word' id='word_1_312' title='bbox 3255 1449 3401 1506; x_wconf 92' lang='lat' dir='ltr'><strong>illud</strong></span> <span class='ocrx_word' id='word_1_313' title='bbox 3432 1469 3665 1524; x_wconf 88' lang='lat' dir='ltr'><strong>proces-</strong></span> 
     </span>
    </p>
   </div>
   <div class='ocr_carea' id='block_1_47' title="bbox 2017 1529 3668 1613">
    <p class='ocr_par' dir='ltr' id='par_1_47' title="bbox 2017 1529 3668 1613">
     <span class='ocr_line' id='line_1_47' title="bbox 2017 1529 3668 1613; baseline 0.009 -29"><span class='ocrx_word' id='word_1_314' title='bbox 2017 1529 2094 1584; x_wconf 91' lang='lat' dir='ltr'><strong>sit</strong></span> <span class='ocrx_word' id='word_1_315' title='bbox 2124 1547 2190 1585; x_wconf 85' lang='lat' dir='ltr'><strong>ex</strong></span> <span class='ocrx_word' id='word_1_316' title='bbox 2224 1548 2358 1586; x_wconf 91' lang='lat' dir='ltr'><strong>voce</strong></span> <span class='ocrx_word' id='word_1_317' title='bbox 2403 1535 2725 1604; x_wconf 88' lang='lat' dir='ltr'><strong>peccatum,</strong></span> <span class='ocrx_word' id='word_1_318' title='bbox 2773 1541 2828 1588; x_wconf 91' lang='lat' dir='ltr'><strong>et</strong></span> <span class='ocrx_word' id='word_1_319' title='bbox 2861 1551 3099 1608; x_wconf 87' lang='lat' dir='ltr'><strong>serpens</strong></span> <span class='ocrx_word' id='word_1_320' title='bbox 3132 1537 3226 1593; x_wconf 90' lang='lat' dir='ltr'><strong>ille</strong></span> <span class='ocrx_word' id='word_1_321' title='bbox 3267 1539 3668 1613; x_wconf 84' lang='lat' dir='ltr'><strong>nequissimus</strong></span> 
     </span>
    </p>
   </div>
   <div class='ocr_carea' id='block_1_48' title="bbox 2017 1623 3664 1693">
    <p class='ocr_par' dir='ltr' id='par_1_48' title="bbox 2017 1623 3664 1693">
     <span class='ocr_line' id='line_1_48' title="bbox 2017 1623 3664 1693; baseline 0.009 -21"><span class='ocrx_word' id='word_1_322' title='bbox 2017 1623 2190 1690; x_wconf 90' lang='lat' dir='ltr'><strong>atque</strong></span> <span class='ocrx_word' id='word_1_323' title='bbox 2247 1625 2517 1675; x_wconf 89' lang='lat' dir='ltr'><strong>versutus</strong></span> <span class='ocrx_word' id='word_1_324' title='bbox 2587 1638 2689 1693; x_wconf 86' lang='lat' dir='ltr'><strong>per</strong></span> <span class='ocrx_word' id='word_1_325' title='bbox 2755 1639 2954 1678; x_wconf 84' lang='lat' dir='ltr'><strong>vocem</strong></span> <span class='ocrx_word' id='word_1_326' title='bbox 3023 1643 3127 1680; x_wconf 90' lang='lat' dir='ltr'><strong>nos</strong></span> <span class='ocrx_word' id='word_1_327' title='bbox 3196 1631 3328 1684; x_wconf 88' lang='lat' dir='ltr'><strong>ante</strong></span> <span class='ocrx_word' id='word_1_328' title='bbox 3399 1631 3664 1687; x_wconf 87' lang='lat' dir='ltr'><strong>tentavit.</strong></span> 
     </span>
    </p>
   </div>
   <div class='ocr_carea' id='block_1_49' title="bbox 2016 1708 3669 1786">
    <p class='ocr_par' dir='ltr' id='par_1_49' title="bbox 2016 1708 3669 1786">
     <span class='ocr_line' id='line_1_49' title="bbox 2016 1708 3669 1786; baseline 0.01 -25"><span class='ocrx_word' id='word_1_329' title='bbox 2016 1709 2205 1779; x_wconf 87' lang='lat' dir='ltr'><strong>Atque</strong></span> <span class='ocrx_word' id='word_1_330' title='bbox 2235 1708 2460 1764; x_wconf 88' lang='lat' dir='ltr'><strong>utinam</strong></span> <span class='ocrx_word' id='word_1_331' title='bbox 2516 1713 2616 1764; x_wconf 90' lang='lat' dir='ltr'><strong>aut</strong></span> <span class='ocrx_word' id='word_1_332' title='bbox 2662 1711 2848 1765; x_wconf 85' lang='lat' dir='ltr'><strong>Adam</strong></span> <span class='ocrx_word' id='word_1_333' title='bbox 2900 1715 3115 1770; x_wconf 86' lang='lat' dir='ltr'><strong>surdus</strong></span> <span class='ocrx_word' id='word_1_334' title='bbox 3160 1715 3387 1786; x_wconf 78' lang='lat' dir='ltr'><strong>fuisset,</strong></span> <span class='ocrx_word' id='word_1_335' title='bbox 3423 1724 3524 1775; x_wconf 85' lang='lat' dir='ltr'><strong>aut</strong></span> <span class='ocrx_word' id='word_1_336' title='bbox 3551 1720 3669 1780; x_wconf 82' lang='lat' dir='ltr'><strong>Eva</strong></span> 
     </span>
    </p>
   </div>
   <div class='ocr_carea' id='block_1_50' title="bbox 2018 1796 3665 1878">
    <p class='ocr_par' dir='ltr' id='par_1_50' title="bbox 2018 1796 3665 1878">
     <span class='ocr_line' id='line_1_50' title="bbox 2018 1796 3665 1878; baseline 0.009 -28"><span class='ocrx_word' id='word_1_337' title='bbox 2018 1796 2413 1852; x_wconf 88' lang='lat' dir='ltr'><strong>ohmutuisset</strong></span> <span class='ocrx_word' id='word_1_338' title='bbox 2446 1814 2457 1852; x_wconf 95' lang='lat'>:</span> <span class='ocrx_word' id='word_1_339' title='bbox 2495 1797 2611 1865; x_wconf 91' lang='lat' dir='ltr'><strong>ille,</strong></span> <span class='ocrx_word' id='word_1_340' title='bbox 2648 1816 2718 1854; x_wconf 90' lang='lat' dir='ltr'><strong>ne</strong></span> <span class='ocrx_word' id='word_1_341' title='bbox 2751 1817 2946 1856; x_wconf 89' lang='lat' dir='ltr'><strong>vocem</strong></span> <span class='ocrx_word' id='word_1_342' title='bbox 3000 1820 3116 1858; x_wconf 90' lang='lat' dir='ltr'><strong>suae</strong></span> <span class='ocrx_word' id='word_1_343' title='bbox 3167 1805 3364 1861; x_wconf 81' lang='lat' dir='ltr'><strong>uxoris</strong></span> <span class='ocrx_word' id='word_1_344' title='bbox 3416 1808 3665 1878; x_wconf 88' lang='lat' dir='ltr'><strong>audiret,</strong></span> 
     </span>
    </p>
   </div>
   <div class='ocr_carea' id='block_1_51' title="bbox 2017 1883 3668 1959">
    <p class='ocr_par' dir='ltr' id='par_1_51' title="bbox 2017 1883 3668 1959">
     <span class='ocr_line' id='line_1_51' title="bbox 2017 1883 3668 1959; baseline 0.007 -20"><span class='ocrx_word' id='word_1_345' title='bbox 2017 1883 2150 1951; x_wconf 90' lang='lat' dir='ltr'><strong>ista,</strong></span> <span class='ocrx_word' id='word_1_346' title='bbox 2184 1901 2256 1940; x_wconf 92' lang='lat' dir='ltr'><strong>ne</strong></span> <span class='ocrx_word' id='word_1_347' title='bbox 2285 1884 2625 1958; x_wconf 90' lang='lat' dir='ltr'><strong>loqueretur</strong></span> <span class='ocrx_word' id='word_1_348' title='bbox 2659 1889 2889 1959; x_wconf 88' lang='lat' dir='ltr'><strong>marito,</strong></span> <span class='ocrx_word' id='word_1_349' title='bbox 2923 1894 2978 1945; x_wconf 92' lang='lat' dir='ltr'><strong>et</strong></span> <span class='ocrx_word' id='word_1_350' title='bbox 3009 1889 3244 1948; x_wconf 70' lang='lat' dir='ltr'><strong>lubricae</strong></span> <span class='ocrx_word' id='word_1_351' title='bbox 3286 1893 3442 1951; x_wconf 91' lang='lat' dir='ltr'><strong>vocis</strong></span> <span class='ocrx_word' id='word_1_352' title='bbox 3495 1896 3668 1952; x_wconf 87' lang='lat' dir='ltr'><strong>mini-</strong></span> 
     </span>
    </p>
   </div>
   <div class='ocr_carea' id='block_1_52' title="bbox 2017 1972 3666 2046">
    <p class='ocr_par' dir='ltr' id='par_1_52' title="bbox 2017 1972 3666 2046">
     <span class='ocr_line' id='line_1_52' title="bbox 2017 1972 3666 2046; baseline 0.009 -18"><span class='ocrx_word' id='word_1_353' title='bbox 2017 1972 2194 2028; x_wconf 90' lang='lat' dir='ltr'><strong>sterio</strong></span> <span class='ocrx_word' id='word_1_354' title='bbox 2227 1975 2518 2046; x_wconf 89' lang='lat' dir='ltr'><strong>serpentis</strong></span> <span class='ocrx_word' id='word_1_355' title='bbox 2576 1976 2634 2030; x_wconf 92' lang='lat' dir='ltr'><strong>in</strong></span> <span class='ocrx_word' id='word_1_356' title='bbox 2694 1977 2883 2032; x_wconf 90' lang='lat' dir='ltr'><strong>virum</strong></span> <span class='ocrx_word' id='word_1_357' title='bbox 2943 1996 3164 2036; x_wconf 83' lang='lat' dir='ltr'><strong>venena</strong></span> <span class='ocrx_word' id='word_1_358' title='bbox 3209 1984 3666 2042; x_wconf 88' lang='lat' dir='ltr'><strong>transfunderet.</strong></span> 
     </span>
    </p>
   </div>
   <div class='ocr_carea' id='block_1_53' title="bbox 2017 2061 3670 2136">
    <p class='ocr_par' dir='ltr' id='par_1_53' title="bbox 2017 2061 3670 2136">
     <span class='ocr_line' id='line_1_53' title="bbox 2017 2061 3670 2136; baseline 0.01 -22"><span class='ocrx_word' id='word_1_359' title='bbox 2017 2061 2158 2115; x_wconf 87' lang='lat' dir='ltr'><strong>Cain</strong></span> <span class='ocrx_word' id='word_1_360' title='bbox 2183 2077 2415 2134; x_wconf 91' lang='lat' dir='ltr'><strong>quoque</strong></span> <span class='ocrx_word' id='word_1_361' title='bbox 2437 2063 2545 2118; x_wconf 91' lang='lat' dir='ltr'><strong>etsi</strong></span> <span class='ocrx_word' id='word_1_362' title='bbox 2577 2065 2888 2136; x_wconf 87' lang='lat' dir='ltr'><strong>parricidio</strong></span> <span class='ocrx_word' id='word_1_363' title='bbox 2910 2072 3182 2126; x_wconf 86' lang='lat' dir='ltr'><strong>naturam</strong></span> <span class='ocrx_word' id='word_1_364' title='bbox 3204 2070 3436 2128; x_wconf 89' lang='lat' dir='ltr'><strong>violavit</strong></span> <span class='ocrx_word' id='word_1_365' title='bbox 3464 2073 3670 2131; x_wconf 89' lang='lat' dir='ltr'><strong>huma-</strong></span> 
     </span>
    </p>
   </div>
   <div class='ocr_carea' id='block_1_54' title="bbox 2019 2150 3694 2232">
    <p class='ocr_par' dir='ltr' id='par_1_54' title="bbox 2019 2150 3694 2232">
     <span class='ocr_line' id='line_1_54' title="bbox 2019 2150 3694 2232; baseline 0.01 -28"><span class='ocrx_word' id='word_1_366' title='bbox 2019 2167 2178 2216; x_wconf 86' lang='lat' dir='ltr'><strong>nam,</strong></span> <span class='ocrx_word' id='word_1_367' title='bbox 2213 2156 2269 2204; x_wconf 89' lang='lat' dir='ltr'><strong>et</strong></span> <span class='ocrx_word' id='word_1_368' title='bbox 2297 2150 2650 2208; x_wconf 89' lang='lat' dir='ltr'><strong>oblitteravit</strong></span> <span class='ocrx_word' id='word_1_369' title='bbox 2694 2153 2912 2229; x_wconf 90' lang='lat' dir='ltr'><strong>impius</strong></span> <span class='ocrx_word' id='word_1_370' title='bbox 2952 2157 3091 2227; x_wconf 85' lang='lat' dir='ltr'><strong>jura</strong></span> <span class='ocrx_word' id='word_1_371' title='bbox 3147 2159 3408 2232; x_wconf 87' lang='lat' dir='ltr'><strong>pietatis;</strong></span> <span class='ocrx_word' id='word_1_372' title='bbox 3469 2167 3694 2219; x_wconf 90' lang='lat' dir='ltr'><strong>tamen-</strong></span> 
     </span>
    </p>
   </div>
   <div class='ocr_carea' id='block_1_55' title="bbox 2019 2240 3672 2319">
    <p class='ocr_par' dir='ltr' id='par_1_55' title="bbox 2019 2240 3672 2319">
     <span class='ocr_line' id='line_1_55' title="bbox 2019 2240 3672 2319; baseline 0.005 -25"><span class='ocrx_word' id='word_1_373' title='bbox 2019 2255 2122 2311; x_wconf 92' lang='lat' dir='ltr'><strong>per</strong></span> <span class='ocrx_word' id='word_1_374' title='bbox 2175 2254 2373 2295; x_wconf 88' lang='lat' dir='ltr'><strong>vocem</strong></span> <span class='ocrx_word' id='word_1_375' title='bbox 2432 2240 2802 2316; x_wconf 81' lang='lat' dir='ltr'><strong>sacrilegium</strong></span> <span class='ocrx_word' id='word_1_376' title='bbox 2870 2245 3072 2300; x_wconf 90' lang='lat' dir='ltr'><strong>sceleri</strong></span> <span class='ocrx_word' id='word_1_377' title='bbox 3137 2263 3244 2304; x_wconf 91' lang='lat' dir='ltr'><strong>suo</strong></span> <span class='ocrx_word' id='word_1_378' title='bbox 3303 2249 3549 2319; x_wconf 88' lang='lat' dir='ltr'><strong>addidit,</strong></span> <span class='ocrx_word' id='word_1_379' title='bbox 3604 2256 3672 2308; x_wconf 84' lang='lat' dir='ltr'><strong>ut.</strong></span> 
     </span>
    </p>
   </div>
   <div class='ocr_carea' id='block_1_56' title="bbox 2021 2327 3668 2404">
    <p class='ocr_par' dir='ltr' id='par_1_56' title="bbox 2021 2327 3668 2404">
     <span class='ocr_line' id='line_1_56' title="bbox 2021 2327 3668 2404; baseline 0.01 -24"><span class='ocrx_word' id='word_1_380' title='bbox 2021 2331 2254 2399; x_wconf 88' lang='lat' dir='ltr'><strong>negaret</strong></span> <span class='ocrx_word' id='word_1_381' title='bbox 2313 2327 2428 2384; x_wconf 93' lang='lat' dir='ltr'><strong>Deo</strong></span> <span class='ocrx_word' id='word_1_382' title='bbox 2501 2330 2689 2386; x_wconf 91' lang='lat' dir='ltr'><strong>necati</strong></span> <span class='ocrx_word' id='word_1_383' title='bbox 2743 2331 2936 2388; x_wconf 85' lang='lat' dir='ltr'><strong>fratris</strong></span> <span class='ocrx_word' id='word_1_384' title='bbox 3008 2333 3330 2393; x_wconf 90' lang='lat' dir='ltr'><strong>interitum.</strong></span> <span class='ocrx_word' id='word_1_385' title='bbox 3389 2339 3538 2404; x_wconf 86' lang='lat' dir='ltr'><strong>Quid</strong></span> <span class='ocrx_word' id='word_1_386' title='bbox 3596 2341 3668 2398; x_wconf 91' lang='lat' dir='ltr'><strong>de</strong></span> 
     </span>
    </p>
   </div>
   <div class='ocr_carea' id='block_1_57' title="bbox 2020 2415 3664 2498">
    <p class='ocr_par' dir='ltr' id='par_1_57' title="bbox 2020 2415 3664 2498">
     <span class='ocr_line' id='line_1_57' title="bbox 2020 2415 3664 2498; baseline 0.01 -28"><span class='ocrx_word' id='word_1_387' title='bbox 2020 2415 2268 2489; x_wconf 88' lang='lat' dir='ltr'><strong>singulis</strong></span> <span class='ocrx_word' id='word_1_388' title='bbox 2313 2418 2543 2474; x_wconf 87' lang='lat' dir='ltr'><strong>dicam?</strong></span> <span class='ocrx_word' id='word_1_389' title='bbox 2594 2420 2851 2494; x_wconf 90' lang='lat' dir='ltr'><strong>Populus</strong></span> <span class='ocrx_word' id='word_1_390' title='bbox 2898 2422 3022 2495; x_wconf 90' lang='lat' dir='ltr'><strong>ipse</strong></span> <span class='ocrx_word' id='word_1_391' title='bbox 3069 2423 3288 2482; x_wconf 90' lang='lat' dir='ltr'><strong>electus</strong></span> <span class='ocrx_word' id='word_1_392' title='bbox 3336 2445 3369 2483; x_wconf 89' lang='lat' dir='ltr'><strong>a</strong></span> <span class='ocrx_word' id='word_1_393' title='bbox 3397 2427 3664 2498; x_wconf 90' lang='lat' dir='ltr'><strong>Domino,</strong></span> 
     </span>
    </p>
   </div>
   <div class='ocr_carea' id='block_1_58' title="bbox 2018 2505 3667 2586">
    <p class='ocr_par' dir='ltr' id='par_1_58' title="bbox 2018 2505 3667 2586">
     <span class='ocr_line' id='line_1_58' title="bbox 2018 2505 3667 2586; baseline 0.009 -26"><span class='ocrx_word' id='word_1_394' title='bbox 2018 2505 2114 2560; x_wconf 89' lang='lat' dir='ltr'><strong>cui</strong></span> <span class='ocrx_word' id='word_1_395' title='bbox 2147 2506 2358 2561; x_wconf 88' lang='lat' dir='ltr'><strong>tacitus</strong></span> <span class='ocrx_word' id='word_1_396' title='bbox 2392 2507 2618 2579; x_wconf 80' lang='lat' dir='ltr'><strong>Moyses</strong></span> <span class='ocrx_word' id='word_1_397' title='bbox 2649 2509 2877 2581; x_wconf 91' lang='lat' dir='ltr'><strong>aperuit</strong></span> <span class='ocrx_word' id='word_1_398' title='bbox 2909 2527 3086 2581; x_wconf 88' lang='lat' dir='ltr'><strong>mare,</strong></span> <span class='ocrx_word' id='word_1_399' title='bbox 3121 2513 3386 2586; x_wconf 88' lang='lat' dir='ltr'><strong>ingratus</strong></span> <span class='ocrx_word' id='word_1_400' title='bbox 3420 2517 3667 2574; x_wconf 80' lang='lat' dir='ltr'><strong>coelesti-</strong></span> 
     </span>
    </p>
   </div>
   <div class='ocr_carea' id='block_1_59' title="bbox 2021 2594 3669 2672">
    <p class='ocr_par' dir='ltr' id='par_1_59' title="bbox 2021 2594 3669 2672">
     <span class='ocr_line' id='line_1_59' title="bbox 2021 2594 3669 2672; baseline 0.01 -24"><span class='ocrx_word' id='word_1_401' title='bbox 2021 2595 2130 2648; x_wconf 89' lang='lat' dir='ltr'><strong>bus</strong></span> <span class='ocrx_word' id='word_1_402' title='bbox 2163 2594 2456 2650; x_wconf 77' lang='lat' dir='ltr'><strong>beneficiis</strong></span> <span class='ocrx_word' id='word_1_403' title='bbox 2506 2598 3012 2666; x_wconf 89' lang='lat' dir='ltr'><strong>obmurmurahat,</strong></span> <span class='ocrx_word' id='word_1_404' title='bbox 3044 2618 3160 2672; x_wconf 94' lang='lat' dir='ltr'><strong>quo</strong></span> <span class='ocrx_word' id='word_1_405' title='bbox 3217 2604 3476 2661; x_wconf 88' lang='lat' dir='ltr'><strong>divinam</strong></span> <span class='ocrx_word' id='word_1_406' title='bbox 3536 2625 3669 2664; x_wconf 90' lang='lat' dir='ltr'><strong>con-</strong></span> 
     </span>
    </p>
   </div>
   <div class='ocr_carea' id='block_1_60' title="bbox 2021 2681 3668 2759">
    <p class='ocr_par' dir='ltr' id='par_1_60' title="bbox 2021 2681 3668 2759">
     <span class='ocr_line' id='line_1_60' title="bbox 2021 2681 3668 2759; baseline 0.01 -24"><span class='ocrx_word' id='word_1_407' title='bbox 2021 2681 2193 2737; x_wconf 83' lang='lat' dir='ltr'><strong>traxit</strong></span> <span class='ocrx_word' id='word_1_408' title='bbox 2219 2684 2523 2740; x_wconf 79' lang='lat' dir='ltr'><strong>offensam.</strong></span> <span class='ocrx_word' id='word_1_409' title='bbox 2570 2686 2787 2742; x_wconf 89' lang='lat' dir='ltr'><strong>Deinde</strong></span> <span class='ocrx_word' id='word_1_410' title='bbox 2833 2686 3030 2759; x_wconf 91' lang='lat' dir='ltr'><strong>ipsum</strong></span> <span class='ocrx_word' id='word_1_411' title='bbox 3081 2691 3288 2746; x_wconf 90' lang='lat' dir='ltr'><strong>ducem</strong></span> <span class='ocrx_word' id='word_1_412' title='bbox 3337 2693 3476 2750; x_wconf 91' lang='lat' dir='ltr'><strong>invii</strong></span> <span class='ocrx_word' id='word_1_413' title='bbox 3507 2695 3668 2752; x_wconf 90' lang='lat' dir='ltr'><strong>illius</strong></span> 
     </span>
    </p>
   </div>
   <div class='ocr_carea' id='block_1_61' title="bbox 2022 2772 3668 2851">
    <p class='ocr_par' dir='ltr' id='par_1_61' title="bbox 2022 2772 3668 2851">
     <span class='ocr_line' id='line_1_61' title="bbox 2022 2772 3668 2851; baseline 0.01 -26"><span class='ocrx_word' id='word_1_414' title='bbox 2022 2775 2195 2843; x_wconf 89' lang='lat' dir='ltr'><strong>atque</strong></span> <span class='ocrx_word' id='word_1_415' title='bbox 2229 2772 2494 2828; x_wconf 89' lang='lat' dir='ltr'><strong>inusitati</strong></span> <span class='ocrx_word' id='word_1_416' title='bbox 2525 2773 2752 2831; x_wconf 90' lang='lat' dir='ltr'><strong>itineris</strong></span> <span class='ocrx_word' id='word_1_417' title='bbox 2792 2777 3027 2849; x_wconf 86' lang='lat' dir='ltr'><strong>Moysen</strong></span> <span class='ocrx_word' id='word_1_418' title='bbox 3074 2779 3313 2851; x_wconf 84' lang='lat' dir='ltr'><strong>respuit,</strong></span> <span class='ocrx_word' id='word_1_419' title='bbox 3347 2786 3403 2838; x_wconf 91' lang='lat' dir='ltr'><strong>et</strong></span> <span class='ocrx_word' id='word_1_420' title='bbox 3429 2801 3462 2838; x_wconf 90' lang='lat' dir='ltr'><strong>a</strong></span> <span class='ocrx_word' id='word_1_421' title='bbox 3495 2784 3668 2842; x_wconf 88' lang='lat' dir='ltr'><strong>fratre</strong></span> 
     </span>
    </p>
   </div>
   <div class='ocr_carea' id='block_1_62' title="bbox 2020 2862 3666 2945">
    <p class='ocr_par' dir='ltr' id='par_1_62' title="bbox 2020 2862 3666 2945">
     <span class='ocr_line' id='line_1_62' title="bbox 2020 2862 3666 2945; baseline 0.009 -30"><span class='ocrx_word' id='word_1_422' title='bbox 2020 2862 2148 2931; x_wconf 87' lang='lat' dir='ltr'><strong>ejus</strong></span> <span class='ocrx_word' id='word_1_423' title='bbox 2194 2863 2384 2918; x_wconf 85' lang='lat' dir='ltr'><strong>Aaron</strong></span> <span class='ocrx_word' id='word_1_424' title='bbox 2435 2862 2573 2920; x_wconf 91' lang='lat' dir='ltr'><strong>deos</strong></span> <span class='ocrx_word' id='word_1_425' title='bbox 2621 2864 2733 2919; x_wconf 90' lang='lat' dir='ltr'><strong>sibi</strong></span> <span class='ocrx_word' id='word_1_426' title='bbox 2785 2865 2910 2921; x_wconf 90' lang='lat' dir='ltr'><strong>fieri</strong></span> <span class='ocrx_word' id='word_1_427' title='bbox 2959 2884 3106 2939; x_wconf 91' lang='lat' dir='ltr'><strong>quos</strong></span> <span class='ocrx_word' id='word_1_428' title='bbox 3136 2868 3372 2939; x_wconf 89' lang='lat' dir='ltr'><strong>coleret,</strong></span> <span class='ocrx_word' id='word_1_429' title='bbox 3406 2873 3666 2945; x_wconf 90' lang='lat' dir='ltr'><strong>postula-</strong></span> 
     </span>
    </p>
   </div>
   <div class='ocr_carea' id='block_1_63' title="bbox 2021 2948 2277 3005">
    <p class='ocr_par' dir='ltr' id='par_1_63' title="bbox 2021 2948 2277 3005">
     <span class='ocr_line' id='line_1_63' title="bbox 2021 2948 2277 3005; baseline -0.008 0"><span class='ocrx_word' id='word_1_430' title='bbox 2021 2948 2120 3005; x_wconf 91' lang='lat' dir='ltr'><strong>vit.</strong></span> <span class='ocrx_word' id='word_1_431' title='bbox 2267 2951 2277 2965; x_wconf 91' lang='lat'>&#39;</span> 
     </span>
    </p>
   </div>
   <div class='ocr_carea' id='block_1_64' title="bbox 2091 3037 3666 3124">
    <p class='ocr_par' dir='ltr' id='par_1_64' title="bbox 2091 3037 3666 3124">
     <span class='ocr_line' id='line_1_64' title="bbox 2091 3037 3666 3124; baseline 0.011 -32"><span class='ocrx_word' id='word_1_432' title='bbox 2091 3038 2142 3093; x_wconf 70' lang='grc'><strong>4.</strong></span> <span class='ocrx_word' id='word_1_433' title='bbox 2183 3037 2341 3097; x_wconf 90' lang='lat' dir='ltr'><strong>Unde</strong></span> <span class='ocrx_word' id='word_1_434' title='bbox 2373 3039 2547 3096; x_wconf 90' lang='lat' dir='ltr'><strong>etiam</strong></span> <span class='ocrx_word' id='word_1_435' title='bbox 2578 3038 2705 3114; x_wconf 89' lang='lat' dir='ltr'><strong>ipse</strong></span> <span class='ocrx_word' id='word_1_436' title='bbox 2733 3042 3111 3100; x_wconf 88' lang='lat' dir='ltr'><strong>considerans</strong></span> <span class='ocrx_word' id='word_1_437' title='bbox 3156 3050 3317 3103; x_wconf 89' lang='lat' dir='ltr'><strong>tanta</strong></span> <span class='ocrx_word' id='word_1_438' title='bbox 3364 3050 3520 3106; x_wconf 91' lang='lat' dir='ltr'><strong>vocis</strong></span> <span class='ocrx_word' id='word_1_439' title='bbox 3570 3070 3666 3124; x_wconf 93' lang='lat' dir='ltr'><strong>pe-</strong></span> 
     </span>
    </p>
   </div>
   <div class='ocr_carea' id='block_1_65' title="bbox 2023 3127 3666 3202">
    <p class='ocr_par' dir='ltr' id='par_1_65' title="bbox 2023 3127 3666 3202">
     <span class='ocr_line' id='line_1_65' title="bbox 2023 3127 3666 3202; baseline 0.009 -20"><span class='ocrx_word' id='word_1_440' title='bbox 2023 3127 2230 3199; x_wconf 87' lang='lat' dir='ltr'><strong>ricula,</strong></span> <span class='ocrx_word' id='word_1_441' title='bbox 2281 3151 2308 3178; x_wconf 82' lang='lat'><strong>«</strong></span> <span class='ocrx_word' id='word_1_442' title='bbox 2361 3128 2506 3197; x_wconf 84' lang='lat' dir='ltr'><strong>Dixi,</strong></span> <span class='ocrx_word' id='word_1_443' title='bbox 2537 3129 2732 3202; x_wconf 90' lang='lat' dir='ltr'><strong>inquit</strong></span> <span class='ocrx_word' id='word_1_444' title='bbox 2784 3149 2796 3186; x_wconf 89' lang='lat'><strong>:</strong></span> <span class='ocrx_word' id='word_1_445' title='bbox 2847 3133 3180 3190; x_wconf 88' lang='lat' dir='ltr'><strong>Custodiam</strong></span> <span class='ocrx_word' id='word_1_446' title='bbox 3232 3137 3354 3194; x_wconf 86' lang='lat' dir='ltr'><strong>vias</strong></span> <span class='ocrx_word' id='word_1_447' title='bbox 3421 3157 3600 3196; x_wconf 87' lang='lat' dir='ltr'><strong>meas.</strong></span> <span class='ocrx_word' id='word_1_448' title='bbox 3640 3166 3666 3192; x_wconf 87' lang='grc'><strong>››</strong></span> 
     </span>
    </p>
   </div>
   <div class='ocr_carea' id='block_1_66' title="bbox 265 3215 3671 3301">
    <p class='ocr_par' dir='ltr' id='par_1_66' title="bbox 265 3215 3671 3301">
     <span class='ocr_line' id='line_1_66' title="bbox 265 3215 3671 3301; baseline 0.003 -27"><span class='ocrx_word' id='word_1_449' title='bbox 265 3218 469 3275; x_wconf 81' lang='lat' dir='ltr'><strong>crebra</strong></span> <span class='ocrx_word' id='word_1_450' title='bbox 533 3219 873 3285; x_wconf 88' lang='lat' dir='ltr'><strong>certamina,</strong></span> <span class='ocrx_word' id='word_1_451' title='bbox 944 3222 1000 3272; x_wconf 91' lang='lat' dir='ltr'><strong>et</strong></span> <span class='ocrx_word' id='word_1_452' title='bbox 1065 3215 1556 3290; x_wconf 85' lang='lat' dir='ltr'><strong>disceptationum</strong></span> <span class='ocrx_word' id='word_1_453' title='bbox 1623 3217 1914 3274; x_wconf 90' lang='lat' dir='ltr'><strong>tumultus</strong></span> <span class='ocrx_word' id='word_1_454' title='bbox 1945 3218 1986 3284; x_wconf 90' lang='lat' dir='ltr'><strong>C</strong></span> <span class='ocrx_word' id='word_1_455' title='bbox 2024 3217 2160 3281; x_wconf 65' lang='lat' dir='ltr'><strong>Quae</strong></span> <span class='ocrx_word' id='word_1_456' title='bbox 2192 3217 2311 3272; x_wconf 90' lang='lat' dir='ltr'><strong>sint</strong></span> <span class='ocrx_word' id='word_1_457' title='bbox 2339 3217 2520 3290; x_wconf 88' lang='lat' dir='ltr'><strong>igitur</strong></span> <span class='ocrx_word' id='word_1_458' title='bbox 2548 3217 2673 3274; x_wconf 60' lang='lat' dir='ltr'><strong>ista</strong></span> <span class='ocrx_word' id='word_1_459' title='bbox 2704 3219 2806 3275; x_wconf 74' lang='lat' dir='ltr'><strong>via:</strong></span> <span class='ocrx_word' id='word_1_460' title='bbox 2838 3220 3118 3294; x_wconf 88' lang='lat' dir='ltr'><strong>hominis,</strong></span> <span class='ocrx_word' id='word_1_461' title='bbox 3151 3240 3278 3295; x_wconf 67' lang='lat' dir='ltr'><strong>quae</strong></span> <span class='ocrx_word' id='word_1_462' title='bbox 3319 3243 3671 3301; x_wconf 84' lang='lat' dir='ltr'><strong>magnopere</strong></span> 
     </span>
    </p>
   </div>
   <div class='ocr_carea' id='block_1_67' title="bbox 267 3303 1917 3378">
    <p class='ocr_par' dir='ltr' id='par_1_67' title="bbox 267 3303 1917 3378">
     <span class='ocr_line' id='line_1_67' title="bbox 267 3303 1917 3378; baseline -0.002 -15"><span class='ocrx_word' id='word_1_463' title='bbox 267 3323 458 3364; x_wconf 82' lang='lat' dir='ltr'><strong>sermo</strong></span> <span class='ocrx_word' id='word_1_464' title='bbox 517 3304 732 3378; x_wconf 89' lang='lat' dir='ltr'><strong>aliquis</strong></span> <span class='ocrx_word' id='word_1_465' title='bbox 793 3304 906 3360; x_wconf 89' lang='lat' dir='ltr'><strong>sibi</strong></span> <span class='ocrx_word' id='word_1_466' title='bbox 963 3303 1302 3360; x_wconf 79' lang='lat' dir='ltr'><strong>offensionis</strong></span> <span class='ocrx_word' id='word_1_467' title='bbox 1361 3304 1668 3375; x_wconf 81' lang='lat' dir='ltr'><strong>excideret,</strong></span> <span class='ocrx_word' id='word_1_468' title='bbox 1727 3310 1917 3360; x_wconf 86' lang='lat' dir='ltr'><strong>tacere</strong></span> 
     </span>
    </p>
   </div>
   <div class='ocr_carea' id='block_1_68' title="bbox 269 3391 1915 3468">
    <p class='ocr_par' dir='ltr' id='par_1_68' title="bbox 269 3391 1915 3468">
     <span class='ocr_line' id='line_1_68' title="bbox 269 3391 1915 3468; baseline -0.002 -16"><span class='ocrx_word' id='word_1_469' title='bbox 269 3399 509 3452; x_wconf 86' lang='lat' dir='ltr'><strong>sanctus</strong></span> <span class='ocrx_word' id='word_1_470' title='bbox 551 3393 840 3468; x_wconf 88' lang='lat' dir='ltr'><strong>Propheta</strong></span> <span class='ocrx_word' id='word_1_471' title='bbox 896 3391 1218 3466; x_wconf 89' lang='lat' dir='ltr'><strong>proposuit.</strong></span> <span class='ocrx_word' id='word_1_472' title='bbox 1273 3392 1316 3447; x_wconf 91' lang='grc' dir='ltr'><strong>Ο</strong></span> <span class='ocrx_word' id='word_1_473' title='bbox 1374 3391 1632 3447; x_wconf 90' lang='lat' dir='ltr'><strong>validum</strong></span> <span class='ocrx_word' id='word_1_474' title='bbox 1681 3397 1915 3448; x_wconf 90' lang='lat' dir='ltr'><strong>scutum</strong></span> 
     </span>
    </p>
   </div>
   <div class='ocr_carea' id='block_1_69' title="bbox 271 3479 1914 3556">
    <p class='ocr_par' dir='ltr' id='par_1_69' title="bbox 271 3479 1914 3556">
     <span class='ocr_line' id='line_1_69' title="bbox 271 3479 1914 3556; baseline -0.003 -15"><span class='ocrx_word' id='word_1_475' title='bbox 271 3485 704 3556; x_wconf 67' lang='lat' dir='ltr'><strong>circumspectis</strong></span> <span class='ocrx_word' id='word_1_476' title='bbox 736 3481 1082 3537; x_wconf 89' lang='lat' dir='ltr'><strong>munitionis</strong></span> <span class='ocrx_word' id='word_1_477' title='bbox 1113 3479 1443 3537; x_wconf 85' lang='lat' dir='ltr'><strong>silentium!</strong></span> <span class='ocrx_word' id='word_1_478' title='bbox 1479 3480 1522 3536; x_wconf 93' lang='grc' dir='ltr'><strong>Ο</strong></span> <span class='ocrx_word' id='word_1_479' title='bbox 1561 3480 1914 3537; x_wconf 88' lang='lat' dir='ltr'><strong>fidissimum</strong></span> 
     </span>
    </p>
   </div>
   <div class='ocr_carea' id='block_1_70' title="bbox 270 3568 1918 3641">
    <p class='ocr_par' dir='ltr' id='par_1_70' title="bbox 270 3568 1918 3641">
     <span class='ocr_line' id='line_1_70' title="bbox 270 3568 1918 3641; baseline -0.005 -9"><span class='ocrx_word' id='word_1_480' title='bbox 270 3571 613 3632; x_wconf 87' lang='lat' dir='ltr'><strong>stabilitatis</strong></span> <span class='ocrx_word' id='word_1_481' title='bbox 645 3571 1116 3636; x_wconf 89' lang='lat' dir='ltr'><strong>fundamentum,</strong></span> <span class='ocrx_word' id='word_1_482' title='bbox 1151 3569 1210 3625; x_wconf 91' lang='lat' dir='ltr'><strong>in</strong></span> <span class='ocrx_word' id='word_1_483' title='bbox 1241 3586 1357 3641; x_wconf 89' lang='lat' dir='ltr'><strong>quo</strong></span> <span class='ocrx_word' id='word_1_484' title='bbox 1401 3568 1449 3625; x_wconf 90' lang='lat' dir='ltr'><strong>si</strong></span> <span class='ocrx_word' id='word_1_485' title='bbox 1499 3568 1633 3641; x_wconf 91' lang='lat' dir='ltr'><strong>quis</strong></span> <span class='ocrx_word' id='word_1_486' title='bbox 1665 3570 1918 3641; x_wconf 90' lang='lat' dir='ltr'><strong>potuerit</strong></span> 
     </span>
    </p>
   </div>
   <div class='ocr_carea' id='block_1_71' title="bbox 270 3656 1916 3730">
    <p class='ocr_par' dir='ltr' id='par_1_71' title="bbox 270 3656 1916 3730">
     <span class='ocr_line' id='line_1_71' title="bbox 270 3656 1916 3730; baseline -0.002 -13"><span class='ocrx_word' id='word_1_487' title='bbox 270 3667 449 3727; x_wconf 88' lang='lat' dir='ltr'><strong>stare,</strong></span> <span class='ocrx_word' id='word_1_488' title='bbox 499 3658 789 3714; x_wconf 90' lang='lat' dir='ltr'><strong>lubricum</strong></span> <span class='ocrx_word' id='word_1_489' title='bbox 848 3658 1004 3715; x_wconf 87' lang='lat' dir='ltr'><strong>verbi</strong></span> <span class='ocrx_word' id='word_1_490' title='bbox 1058 3657 1262 3714; x_wconf 88' lang='lat' dir='ltr'><strong>timere</strong></span> <span class='ocrx_word' id='word_1_491' title='bbox 1311 3675 1425 3713; x_wconf 90' lang='lat' dir='ltr'><strong>non</strong></span> <span class='ocrx_word' id='word_1_492' title='bbox 1474 3656 1694 3730; x_wconf 84' lang='lat' dir='ltr'><strong>possit!</strong></span> <span class='ocrx_word' id='word_1_493' title='bbox 1748 3657 1916 3715; x_wconf 88' lang='lat' dir='ltr'><strong>Multi</strong></span> 
     </span>
    </p>
   </div>
   <div class='ocr_carea' id='block_1_72' title="bbox 269 3745 1913 3818">
    <p class='ocr_par' dir='ltr' id='par_1_72' title="bbox 269 3745 1913 3818">
     <span class='ocr_line' id='line_1_72' title="bbox 269 3745 1913 3818; baseline -0.002 -12"><span class='ocrx_word' id='word_1_494' title='bbox 269 3749 428 3808; x_wconf 90' lang='lat' dir='ltr'><strong>enim</strong></span> <span class='ocrx_word' id='word_1_495' title='bbox 481 3747 654 3804; x_wconf 87' lang='lat' dir='ltr'><strong>etiam</strong></span> <span class='ocrx_word' id='word_1_496' title='bbox 702 3747 896 3803; x_wconf 86' lang='lat' dir='ltr'><strong>stabili</strong></span> <span class='ocrx_word' id='word_1_497' title='bbox 949 3747 1120 3802; x_wconf 91' lang='lat' dir='ltr'><strong>corde</strong></span> <span class='ocrx_word' id='word_1_498' title='bbox 1151 3747 1387 3817; x_wconf 81' lang='lat' dir='ltr'><strong>firmati,</strong></span> <span class='ocrx_word' id='word_1_499' title='bbox 1434 3745 1653 3802; x_wconf 90' lang='lat' dir='ltr'><strong>incauti</strong></span> <span class='ocrx_word' id='word_1_500' title='bbox 1696 3751 1913 3818; x_wconf 89' lang='lat' dir='ltr'><strong>tamen,</strong></span> 
     </span>
    </p>
   </div>
   <div class='ocr_carea' id='block_1_73' title="bbox 269 3834 1917 3908">
    <p class='ocr_par' dir='ltr' id='par_1_73' title="bbox 269 3834 1917 3908">
     <span class='ocr_line' id='line_1_73' title="bbox 269 3834 1917 3908; baseline -0.002 -13"><span class='ocrx_word' id='word_1_501' title='bbox 269 3835 560 3896; x_wconf 89' lang='lat' dir='ltr'><strong>sermonis</strong></span> <span class='ocrx_word' id='word_1_502' title='bbox 619 3835 958 3893; x_wconf 87' lang='lat' dir='ltr'><strong>fluctuantis</strong></span> <span class='ocrx_word' id='word_1_503' title='bbox 996 3851 1190 3892; x_wconf 90' lang='lat' dir='ltr'><strong>errore</strong></span> <span class='ocrx_word' id='word_1_504' title='bbox 1245 3851 1396 3908; x_wconf 66' lang='lat' dir='ltr'><strong>stupe</strong></span> <span class='ocrx_word' id='word_1_505' title='bbox 1425 3834 1778 3891; x_wconf 89' lang='lat' dir='ltr'><strong>ceciderunt.</strong></span> <span class='ocrx_word' id='word_1_506' title='bbox 1819 3836 1917 3892; x_wconf 87' lang='lat' dir='ltr'><strong>Vi-</strong></span> 
     </span>
    </p>
   </div>
   <div class='ocr_carea' id='block_1_74' title="bbox 269 3923 1916 3999">
    <p class='ocr_par' dir='ltr' id='par_1_74' title="bbox 269 3923 1916 3999">
     <span class='ocr_line' id='line_1_74' title="bbox 269 3923 1916 3999; baseline -0.002 -16"><span class='ocrx_word' id='word_1_507' title='bbox 269 3929 414 3983; x_wconf 90' lang='lat' dir='ltr'><strong>dens</strong></span> <span class='ocrx_word' id='word_1_508' title='bbox 444 3925 625 3999; x_wconf 91' lang='lat' dir='ltr'><strong>igitur</strong></span> <span class='ocrx_word' id='word_1_509' title='bbox 651 3923 995 3997; x_wconf 89' lang='lat' dir='ltr'><strong>hujusmodi</strong></span> <span class='ocrx_word' id='word_1_510' title='bbox 1040 3924 1271 3982; x_wconf 90' lang='lat' dir='ltr'><strong>insidiis</strong></span> <span class='ocrx_word' id='word_1_511' title='bbox 1303 3927 1360 3980; x_wconf 89' lang='lat' dir='ltr'><strong>et</strong></span> <span class='ocrx_word' id='word_1_512' title='bbox 1387 3941 1533 3980; x_wconf 91' lang='lat' dir='ltr'><strong>vano</strong></span> <span class='ocrx_word' id='word_1_513' title='bbox 1577 3929 1916 3981; x_wconf 82' lang='lat' dir='ltr'><strong>concertan-</strong></span> 
     </span>
    </p>
   </div>
   <div class='ocr_carea' id='block_1_75' title="bbox 268 4011 1917 4088">
    <p class='ocr_par' dir='ltr' id='par_1_75' title="bbox 268 4011 1917 4088">
     <span class='ocr_line' id='line_1_75' title="bbox 268 4011 1917 4088; baseline -0.001 -17"><span class='ocrx_word' id='word_1_514' title='bbox 268 4017 419 4071; x_wconf 87' lang='lat' dir='ltr'><strong>tium</strong></span> <span class='ocrx_word' id='word_1_515' title='bbox 479 4013 726 4088; x_wconf 91' lang='lat' dir='ltr'><strong>strepitu</strong></span> <span class='ocrx_word' id='word_1_516' title='bbox 777 4030 840 4068; x_wconf 89' lang='lat' dir='ltr'><strong>se</strong></span> <span class='ocrx_word' id='word_1_517' title='bbox 888 4012 1178 4086; x_wconf 83' lang='lat' dir='ltr'><strong>Propheta</strong></span> <span class='ocrx_word' id='word_1_518' title='bbox 1215 4011 1454 4081; x_wconf 90' lang='lat' dir='ltr'><strong>tentari,</strong></span> <span class='ocrx_word' id='word_1_519' title='bbox 1501 4011 1656 4069; x_wconf 90' lang='lat' dir='ltr'><strong>intra</strong></span> <span class='ocrx_word' id='word_1_520' title='bbox 1685 4030 1748 4069; x_wconf 91' lang='lat' dir='ltr'><strong>se</strong></span> <span class='ocrx_word' id='word_1_521' title='bbox 1793 4013 1917 4086; x_wconf 91' lang='lat' dir='ltr'><strong>ipse</strong></span> 
     </span>
    </p>
   </div>
   <div class='ocr_carea' id='block_1_76' title="bbox 268 4100 1916 4176">
    <p class='ocr_par' dir='ltr' id='par_1_76' title="bbox 268 4100 1916 4176">
     <span class='ocr_line' id='line_1_76' title="bbox 268 4100 1916 4176; baseline -0.001 -15"><span class='ocrx_word' id='word_1_522' title='bbox 268 4105 483 4162; x_wconf 89' lang='lat' dir='ltr'><strong>tacitus</strong></span> <span class='ocrx_word' id='word_1_523' title='bbox 517 4103 868 4169; x_wconf 89' lang='lat' dir='ltr'><strong>conferebat,</strong></span> <span class='ocrx_word' id='word_1_524' title='bbox 922 4101 1110 4175; x_wconf 86' lang='lat' dir='ltr'><strong>legem</strong></span> <span class='ocrx_word' id='word_1_525' title='bbox 1142 4100 1255 4158; x_wconf 89' lang='lat' dir='ltr'><strong>sibi</strong></span> <span class='ocrx_word' id='word_1_526' title='bbox 1285 4101 1701 4159; x_wconf 88' lang='lat' dir='ltr'><strong>taciturnitatis</strong></span> <span class='ocrx_word' id='word_1_527' title='bbox 1732 4101 1916 4176; x_wconf 79' lang='lat' dir='ltr'><strong>impo-</strong></span> 
     </span>
    </p>
   </div>
   <div class='ocr_carea' id='block_1_77' title="bbox 271 4191 1913 4263">
    <p class='ocr_par' dir='ltr' id='par_1_77' title="bbox 271 4191 1913 4263">
     <span class='ocr_line' id='line_1_77' title="bbox 271 4191 1913 4263; baseline -0.002 -12"><span class='ocrx_word' id='word_1_528' title='bbox 271 4211 450 4263; x_wconf 89' lang='lat' dir='ltr'><strong>nens;</strong></span> <span class='ocrx_word' id='word_1_529' title='bbox 483 4196 541 4250; x_wconf 90' lang='lat' dir='ltr'><strong>et</strong></span> <span class='ocrx_word' id='word_1_530' title='bbox 570 4209 706 4249; x_wconf 90' lang='lat' dir='ltr'><strong>cum</strong></span> <span class='ocrx_word' id='word_1_531' title='bbox 743 4195 978 4258; x_wconf 90' lang='lat' dir='ltr'><strong>taceret,</strong></span> <span class='ocrx_word' id='word_1_532' title='bbox 1010 4191 1436 4247; x_wconf 89' lang='lat' dir='ltr'><strong>insultantibus</strong></span> <span class='ocrx_word' id='word_1_533' title='bbox 1482 4191 1616 4258; x_wconf 87' lang='lat' dir='ltr'><strong>sibi,</strong></span> <span class='ocrx_word' id='word_1_534' title='bbox 1649 4195 1704 4247; x_wconf 89' lang='lat' dir='ltr'><strong>et</strong></span> <span class='ocrx_word' id='word_1_535' title='bbox 1736 4196 1800 4248; x_wconf 92' lang='lat' dir='ltr'><strong>ut</strong></span> <span class='ocrx_word' id='word_1_536' title='bbox 1828 4191 1913 4248; x_wconf 90' lang='lat' dir='ltr'><strong>lo-</strong></span> 
     </span>
    </p>
   </div>
   <div class='ocr_carea' id='block_1_78' title="bbox 269 4279 1917 4356">
    <p class='ocr_par' dir='ltr' id='par_1_78' title="bbox 269 4279 1917 4356">
     <span class='ocr_line' id='line_1_78' title="bbox 269 4279 1917 4356; baseline -0.002 -16"><span class='ocrx_word' id='word_1_537' title='bbox 269 4286 546 4356; x_wconf 88' lang='lat' dir='ltr'><strong>queretur</strong></span> <span class='ocrx_word' id='word_1_538' title='bbox 613 4281 835 4355; x_wconf 91' lang='lat' dir='ltr'><strong>aliquid</strong></span> <span class='ocrx_word' id='word_1_539' title='bbox 911 4281 1391 4355; x_wconf 89' lang='lat' dir='ltr'><strong>provocantibus;</strong></span> <span class='ocrx_word' id='word_1_540' title='bbox 1460 4279 1658 4352; x_wconf 89' lang='lat' dir='ltr'><strong>qualia</strong></span> <span class='ocrx_word' id='word_1_541' title='bbox 1728 4279 1917 4338; x_wconf 89' lang='lat' dir='ltr'><strong>solent</strong></span> 
     </span>
    </p>
   </div>
   <div class='ocr_carea' id='block_1_79' title="bbox 271 4369 1916 4442">
    <p class='ocr_par' dir='ltr' id='par_1_79' title="bbox 271 4369 1916 4442">
     <span class='ocr_line' id='line_1_79' title="bbox 271 4369 1916 4442; baseline -0.001 -15"><span class='ocrx_word' id='word_1_542' title='bbox 271 4372 650 4429; x_wconf 86' lang='lat' dir='ltr'><strong>insolentium</strong></span> <span class='ocrx_word' id='word_1_543' title='bbox 680 4388 807 4427; x_wconf 90' lang='lat' dir='ltr'><strong>esse</strong></span> <span class='ocrx_word' id='word_1_544' title='bbox 837 4369 1156 4427; x_wconf 87' lang='lat' dir='ltr'><strong>certamina</strong></span> <span class='ocrx_word' id='word_1_545' title='bbox 1208 4373 1381 4442; x_wconf 88' lang='lat' dir='ltr'><strong>atque</strong></span> <span class='ocrx_word' id='word_1_546' title='bbox 1426 4385 1726 4425; x_wconf 89' lang='lat' dir='ltr'><strong>sermones</strong></span> <span class='ocrx_word' id='word_1_547' title='bbox 1759 4386 1770 4425; x_wconf 92' lang='lat'>:</span> <span class='ocrx_word' id='word_1_548' title='bbox 1807 4370 1916 4425; x_wconf 86' lang='lat' dir='ltr'><strong>Re-</strong></span> 
     </span>
    </p>
   </div>
   <div class='ocr_carea' id='block_1_80' title="bbox 270 4457 1916 4535">
    <p class='ocr_par' dir='ltr' id='par_1_80' title="bbox 270 4457 1916 4535">
     <span class='ocr_line' id='line_1_80' title="bbox 270 4457 1916 4535; baseline -0.004 -15"><span class='ocrx_word' id='word_1_549' title='bbox 270 4461 491 4535; x_wconf 85' lang='lat' dir='ltr'><strong>sponde</strong></span> <span class='ocrx_word' id='word_1_550' title='bbox 541 4459 732 4528; x_wconf 90' lang='lat' dir='ltr'><strong>nobis,</strong></span> <span class='ocrx_word' id='word_1_551' title='bbox 784 4459 833 4514; x_wconf 91' lang='lat' dir='ltr'><strong>si</strong></span> <span class='ocrx_word' id='word_1_552' title='bbox 882 4459 952 4514; x_wconf 90' lang='lat' dir='ltr'><strong>de</strong></span> <span class='ocrx_word' id='word_1_553' title='bbox 999 4457 1325 4532; x_wconf 81' lang='lat' dir='ltr'><strong>aequalitate</strong></span> <span class='ocrx_word' id='word_1_554' title='bbox 1373 4457 1682 4529; x_wconf 69' lang='lat' dir='ltr'><strong>praesumis</strong></span> <span class='ocrx_word' id='word_1_555' title='bbox 1716 4457 1916 4514; x_wconf 90' lang='lat' dir='ltr'><strong>:vides</strong></span> 
     </span>
    </p>
   </div>
   <div class='ocr_carea' id='block_1_81' title="bbox 271 4547 1914 4620">
    <p class='ocr_par' dir='ltr' id='par_1_81' title="bbox 271 4547 1914 4620">
     <span class='ocr_line' id='line_1_81' title="bbox 271 4547 1914 4620; baseline -0.002 -13"><span class='ocrx_word' id='word_1_556' title='bbox 271 4556 328 4607; x_wconf 89' lang='lat' dir='ltr'><strong>et</strong></span> <span class='ocrx_word' id='word_1_557' title='bbox 384 4556 447 4607; x_wconf 89' lang='lat' dir='ltr'><strong>tu</strong></span> <span class='ocrx_word' id='word_1_558' title='bbox 506 4568 634 4608; x_wconf 90' lang='lat' dir='ltr'><strong>esse</strong></span> <span class='ocrx_word' id='word_1_559' title='bbox 691 4555 747 4606; x_wconf 86' lang='lat' dir='ltr'><strong>te</strong></span> <span class='ocrx_word' id='word_1_560' title='bbox 811 4550 1052 4617; x_wconf 90' lang='lat' dir='ltr'><strong>victum,</strong></span> <span class='ocrx_word' id='word_1_561' title='bbox 1128 4553 1186 4605; x_wconf 87' lang='lat' dir='ltr'><strong>et</strong></span> <span class='ocrx_word' id='word_1_562' title='bbox 1255 4547 1399 4603; x_wconf 91' lang='lat' dir='ltr'><strong>nihil</strong></span> <span class='ocrx_word' id='word_1_563' title='bbox 1469 4547 1686 4604; x_wconf 91' lang='lat' dir='ltr'><strong>habere</strong></span> <span class='ocrx_word' id='word_1_564' title='bbox 1760 4550 1914 4620; x_wconf 92' lang='lat' dir='ltr'><strong>quod</strong></span> 
     </span>
    </p>
   </div>
   <div class='ocr_carea' id='block_1_82' title="bbox 271 4636 1916 4711">
    <p class='ocr_par' dir='ltr' id='par_1_82' title="bbox 271 4636 1916 4711">
     <span class='ocr_line' id='line_1_82' title="bbox 271 4636 1916 4711; baseline -0.002 -15"><span class='ocrx_word' id='word_1_565' title='bbox 271 4640 523 4710; x_wconf 82' lang='lat' dir='ltr'><strong>referas;</strong></span> <span class='ocrx_word' id='word_1_566' title='bbox 584 4656 718 4696; x_wconf 91' lang='lat' dir='ltr'><strong>cum</strong></span> <span class='ocrx_word' id='word_1_567' title='bbox 777 4655 838 4696; x_wconf 90' lang='lat' dir='ltr'><strong>se</strong></span> <span class='ocrx_word' id='word_1_568' title='bbox 889 4655 1067 4711; x_wconf 90' lang='lat' dir='ltr'><strong>prope</strong></span> <span class='ocrx_word' id='word_1_569' title='bbox 1125 4637 1199 4693; x_wconf 87' lang='lat' dir='ltr'><strong>ad</strong></span> <span class='ocrx_word' id='word_1_570' title='bbox 1249 4653 1450 4694; x_wconf 89' lang='lat' dir='ltr'><strong>vocem</strong></span> <span class='ocrx_word' id='word_1_571' title='bbox 1499 4637 1776 4692; x_wconf 91' lang='lat' dir='ltr'><strong>conviciis</strong></span> <span class='ocrx_word' id='word_1_572' title='bbox 1832 4636 1916 4693; x_wconf 88' lang='lat' dir='ltr'><strong>vi-</strong></span> 
     </span>
    </p>
   </div>
   <div class='ocr_carea' id='block_1_83' title="bbox 271 4725 1916 4802">
    <p class='ocr_par' dir='ltr' id='par_1_83' title="bbox 271 4725 1916 4802">
     <span class='ocr_line' id='line_1_83' title="bbox 271 4725 1916 4802; baseline -0.003 -17"><span class='ocrx_word' id='word_1_573' title='bbox 271 4729 432 4786; x_wconf 90' lang='lat' dir='ltr'><strong>deret</strong></span> <span class='ocrx_word' id='word_1_574' title='bbox 459 4727 707 4802; x_wconf 86' lang='lat' dir='ltr'><strong>impelli,</strong></span> <span class='ocrx_word' id='word_1_575' title='bbox 741 4744 802 4784; x_wconf 90' lang='lat' dir='ltr'><strong>se</strong></span> <span class='ocrx_word' id='word_1_576' title='bbox 849 4727 974 4800; x_wconf 90' lang='lat' dir='ltr'><strong>ipse</strong></span> <span class='ocrx_word' id='word_1_577' title='bbox 1024 4726 1347 4793; x_wconf 86' lang='lat' dir='ltr'><strong>revocabat,</strong></span> <span class='ocrx_word' id='word_1_578' title='bbox 1381 4730 1445 4781; x_wconf 94' lang='lat' dir='ltr'><strong>ut</strong></span> <span class='ocrx_word' id='word_1_579' title='bbox 1485 4725 1820 4798; x_wconf 90' lang='lat' dir='ltr'><strong>loqueretur</strong></span> <span class='ocrx_word' id='word_1_580' title='bbox 1857 4726 1916 4781; x_wconf 92' lang='lat' dir='ltr'><strong>in</strong></span> 
     </span>
    </p>
   </div>
   <div class='ocr_carea' id='block_1_84' title="bbox 271 4819 464 4875">
    <p class='ocr_par' dir='ltr' id='par_1_84' title="bbox 271 4819 464 4875">
     <span class='ocr_line' id='line_1_84' title="bbox 271 4819 464 4875; baseline 0 -1"><span class='ocrx_word' id='word_1_581' title='bbox 271 4819 464 4875; x_wconf 90' lang='lat' dir='ltr'><strong>corde.</strong></span> 
     </span>
    </p>
   </div>
   <div class='ocr_carea' id='block_1_85' title="bbox 340 4904 1917 4980">
    <p class='ocr_par' dir='ltr' id='par_1_85' title="bbox 340 4904 1917 4980">
     <span class='ocr_line' id='line_1_85' title="bbox 340 4904 1917 4980; baseline -0.002 -18"><span class='ocrx_word' id='word_1_582' title='bbox 340 4908 392 4963; x_wconf 90' lang='lat'><strong>3.</strong></span> <span class='ocrx_word' id='word_1_583' title='bbox 428 4907 612 4980; x_wconf 89' lang='lat' dir='ltr'><strong>(Vers.</strong></span> <span class='ocrx_word' id='word_1_584' title='bbox 644 4907 723 4980; x_wconf 87' lang='lat'><strong>2.)</strong></span> <span class='ocrx_word' id='word_1_585' title='bbox 766 4929 793 4957; x_wconf 87' lang='lat'><strong><em>«</em></strong></span> <span class='ocrx_word' id='word_1_586' title='bbox 844 4905 993 4973; x_wconf 87' lang='lat' dir='ltr'><strong>Dixi,</strong></span> <span class='ocrx_word' id='word_1_587' title='bbox 1052 4905 1392 4962; x_wconf 88' lang='lat' dir='ltr'><strong>Custodiam</strong></span> <span class='ocrx_word' id='word_1_588' title='bbox 1449 4904 1573 4960; x_wconf 86' lang='lat' dir='ltr'><strong>vias</strong></span> <span class='ocrx_word' id='word_1_589' title='bbox 1627 4921 1820 4974; x_wconf 87' lang='lat' dir='ltr'><strong>meas;</strong></span> <span class='ocrx_word' id='word_1_590' title='bbox 1851 4909 1917 4959; x_wconf 90' lang='lat' dir='ltr'><strong>ut</strong></span> 
     </span>
    </p>
   </div>
   <div class='ocr_carea' id='block_1_86' title="bbox 270 4993 1915 5070">
    <p class='ocr_par' dir='ltr' id='par_1_86' title="bbox 270 4993 1915 5070">
     <span class='ocr_line' id='line_1_86' title="bbox 270 4993 1915 5070; baseline -0.002 -18"><span class='ocrx_word' id='word_1_591' title='bbox 270 5012 385 5053; x_wconf 88' lang='lat' dir='ltr'><strong>non</strong></span> <span class='ocrx_word' id='word_1_592' title='bbox 417 4996 758 5070; x_wconf 89' lang='lat' dir='ltr'><strong>delinquam</strong></span> <span class='ocrx_word' id='word_1_593' title='bbox 789 4994 847 5049; x_wconf 92' lang='lat' dir='ltr'><strong>in</strong></span> <span class='ocrx_word' id='word_1_594' title='bbox 881 4993 1081 5068; x_wconf 88' lang='lat' dir='ltr'><strong>lingua</strong></span> <span class='ocrx_word' id='word_1_595' title='bbox 1114 5011 1258 5050; x_wconf 87' lang='lat' dir='ltr'><strong>mea.</strong></span> <span class='ocrx_word' id='word_1_596' title='bbox 1289 4994 1461 5049; x_wconf 90' lang='lat' dir='ltr'><strong>Posui</strong></span> <span class='ocrx_word' id='word_1_597' title='bbox 1509 4993 1594 5048; x_wconf 89' lang='lat' dir='ltr'><strong>ori</strong></span> <span class='ocrx_word' id='word_1_598' title='bbox 1644 5009 1772 5050; x_wconf 91' lang='lat' dir='ltr'><strong>meo</strong></span> <span class='ocrx_word' id='word_1_599' title='bbox 1816 5010 1915 5048; x_wconf 91' lang='lat' dir='ltr'><strong>cu-</strong></span> 
     </span>
    </p>
   </div>
   <div class='ocr_carea' id='block_1_87' title="bbox 267 5081 1914 5155">
    <p class='ocr_par' dir='ltr' id='par_1_87' title="bbox 267 5081 1914 5155">
     <span class='ocr_line' id='line_1_87' title="bbox 267 5081 1914 5155; baseline -0.005 -14"><span class='ocrx_word' id='word_1_600' title='bbox 267 5084 557 5152; x_wconf 87' lang='lat' dir='ltr'><strong>stodiam;</strong></span> <span class='ocrx_word' id='word_1_601' title='bbox 589 5085 732 5139; x_wconf 90' lang='lat' dir='ltr'><strong>dum</strong></span> <span class='ocrx_word' id='word_1_602' title='bbox 763 5081 1031 5138; x_wconf 91' lang='lat' dir='ltr'><strong>consistit</strong></span> <span class='ocrx_word' id='word_1_603' title='bbox 1073 5086 1341 5155; x_wconf 88' lang='lat' dir='ltr'><strong>peccator</strong></span> <span class='ocrx_word' id='word_1_604' title='bbox 1387 5081 1697 5138; x_wconf 88' lang='lat' dir='ltr'><strong>adversum</strong></span> <span class='ocrx_word' id='word_1_605' title='bbox 1725 5096 1850 5150; x_wconf 87' lang='lat' dir='ltr'><strong>me;</strong></span> <span class='ocrx_word' id='word_1_606' title='bbox 1886 5102 1914 5132; x_wconf 86' lang='lat'><strong>»</strong></span> 
     </span>
    </p>
   </div>
   <div class='ocr_carea' id='block_1_88' title="bbox 268 5169 1919 5246">
    <p class='ocr_par' dir='ltr' id='par_1_88' title="bbox 268 5169 1919 5246">
     <span class='ocr_line' id='line_1_88' title="bbox 268 5169 1919 5246; baseline -0.001 -18"><span class='ocrx_word' id='word_1_607' title='bbox 268 5173 378 5230; x_wconf 90' lang='lat' dir='ltr'><strong>hoc</strong></span> <span class='ocrx_word' id='word_1_608' title='bbox 404 5180 511 5241; x_wconf 88' lang='lat' dir='ltr'><strong>est,</strong></span> <span class='ocrx_word' id='word_1_609' title='bbox 544 5172 844 5246; x_wconf 90' lang='lat' dir='ltr'><strong>proposui,</strong></span> <span class='ocrx_word' id='word_1_610' title='bbox 897 5171 1256 5239; x_wconf 84' lang='lat' dir='ltr'><strong>confirmavi,</strong></span> <span class='ocrx_word' id='word_1_611' title='bbox 1289 5171 1567 5245; x_wconf 90' lang='lat' dir='ltr'><strong>imperavi</strong></span> <span class='ocrx_word' id='word_1_612' title='bbox 1618 5169 1787 5240; x_wconf 85' lang='lat' dir='ltr'><strong>mihi,</strong></span> <span class='ocrx_word' id='word_1_613' title='bbox 1839 5169 1919 5227; x_wconf 91' lang='lat' dir='ltr'><strong>lo-</strong></span> 
     </span>
    </p>
   </div>
   <div class='ocr_carea' id='block_1_89' title="bbox 269 5259 1916 5318">
    <p class='ocr_par' dir='ltr' id='par_1_89' title="bbox 269 5259 1916 5318">
     <span class='ocr_line' id='line_1_89' title="bbox 269 5259 1916 5318; baseline -0.002 -1"><span class='ocrx_word' id='word_1_614' title='bbox 269 5266 442 5318; x_wconf 90' lang='lat' dir='ltr'><strong>cutus</strong></span> <span class='ocrx_word' id='word_1_615' title='bbox 473 5278 606 5318; x_wconf 88' lang='lat' dir='ltr'><strong>sum</strong></span> <span class='ocrx_word' id='word_1_616' title='bbox 639 5260 798 5317; x_wconf 92' lang='lat' dir='ltr'><strong>cordi</strong></span> <span class='ocrx_word' id='word_1_617' title='bbox 829 5277 958 5317; x_wconf 90' lang='lat' dir='ltr'><strong>meo</strong></span> <span class='ocrx_word' id='word_1_618' title='bbox 991 5276 1005 5316; x_wconf 86' lang='lat'><strong>:</strong></span> <span class='ocrx_word' id='word_1_619' title='bbox 1037 5281 1064 5309; x_wconf 87' lang='lat'><strong>«</strong></span> <span class='ocrx_word' id='word_1_620' title='bbox 1097 5259 1438 5316; x_wconf 89' lang='lat' dir='ltr'><strong>Custodiam</strong></span> <span class='ocrx_word' id='word_1_621' title='bbox 1484 5259 1607 5316; x_wconf 89' lang='lat' dir='ltr'><strong>vias</strong></span> <span class='ocrx_word' id='word_1_622' title='bbox 1657 5275 1840 5316; x_wconf 89' lang='lat' dir='ltr'><strong>meas.</strong></span> <span class='ocrx_word' id='word_1_623' title='bbox 1887 5281 1916 5309; x_wconf 88' lang='lat'><strong>»</strong></span> 
     </span>
    </p>
   </div>
   <div class='ocr_carea' id='block_1_90' title="bbox 271 5347 1916 5420">
    <p class='ocr_par' dir='ltr' id='par_1_90' title="bbox 271 5347 1916 5420">
     <span class='ocr_line' id='line_1_90' title="bbox 271 5347 1916 5420; baseline -0.001 -14"><span class='ocrx_word' id='word_1_624' title='bbox 271 5350 330 5406; x_wconf 89' lang='lat' dir='ltr'><strong>Si</strong></span> <span class='ocrx_word' id='word_1_625' title='bbox 362 5349 462 5407; x_wconf 87' lang='lat' dir='ltr'><strong>alii</strong></span> <span class='ocrx_word' id='word_1_626' title='bbox 492 5349 992 5420; x_wconf 80' lang='lat' dir='ltr'><strong>dixissem,sermo</strong></span> <span class='ocrx_word' id='word_1_627' title='bbox 1023 5363 1190 5406; x_wconf 87' lang='lat' dir='ltr'><strong>meus</strong></span> <span class='ocrx_word' id='word_1_628' title='bbox 1220 5352 1378 5404; x_wconf 79' lang='lat' dir='ltr'><strong>stare</strong></span> <span class='ocrx_word' id='word_1_629' title='bbox 1407 5347 1662 5415; x_wconf 86' lang='lat' dir='ltr'><strong>deberet,</strong></span> <span class='ocrx_word' id='word_1_630' title='bbox 1696 5352 1916 5419; x_wconf 87' lang='lat' dir='ltr'><strong>quanto</strong></span> 
     </span>
    </p>
   </div>
   <div class='ocr_carea' id='block_1_91' title="bbox 2027 3307 3670 3382">
    <p class='ocr_par' dir='ltr' id='par_1_91' title="bbox 2027 3307 3670 3382">
     <span class='ocr_line' id='line_1_91' title="bbox 2027 3307 3670 3382; baseline 0.008 -22"><span class='ocrx_word' id='word_1_631' title='bbox 2027 3307 2431 3378; x_wconf 59' lang='lat' dir='ltr'><strong>praecavenda,</strong></span> <span class='ocrx_word' id='word_1_632' title='bbox 2463 3324 2533 3362; x_wconf 90' lang='lat' dir='ltr'><strong>ne</strong></span> <span class='ocrx_word' id='word_1_633' title='bbox 2583 3308 2722 3380; x_wconf 91' lang='lat' dir='ltr'><strong>quid</strong></span> <span class='ocrx_word' id='word_1_634' title='bbox 2776 3310 3059 3382; x_wconf 89' lang='lat' dir='ltr'><strong>gravioris</strong></span> <span class='ocrx_word' id='word_1_635' title='bbox 3091 3313 3428 3372; x_wconf 76' lang='lat' dir='ltr'><strong>offensionis</strong></span> <span class='ocrx_word' id='word_1_636' title='bbox 3475 3316 3670 3373; x_wconf 90' lang='lat' dir='ltr'><strong>incur-</strong></span> 
     </span>
    </p>
   </div>
   <div class='ocr_carea' id='block_1_92' title="bbox 2026 3395 3672 3479">
    <p class='ocr_par' dir='ltr' id='par_1_92' title="bbox 2026 3395 3672 3479">
     <span class='ocr_line' id='line_1_92' title="bbox 2026 3395 3672 3479; baseline 0.009 -31"><span class='ocrx_word' id='word_1_637' title='bbox 2026 3400 2178 3462; x_wconf 91' lang='lat' dir='ltr'><strong>rant,</strong></span> <span class='ocrx_word' id='word_1_638' title='bbox 2231 3395 2506 3452; x_wconf 87' lang='lat' dir='ltr'><strong>admonet</strong></span> <span class='ocrx_word' id='word_1_639' title='bbox 2565 3413 2672 3452; x_wconf 92' lang='lat' dir='ltr'><strong>nos</strong></span> <span class='ocrx_word' id='word_1_640' title='bbox 2728 3401 2930 3455; x_wconf 90' lang='lat' dir='ltr'><strong>tantus</strong></span> <span class='ocrx_word' id='word_1_641' title='bbox 2994 3399 3279 3474; x_wconf 88' lang='lat' dir='ltr'><strong>Pr0pheta</strong></span> <span class='ocrx_word' id='word_1_642' title='bbox 3333 3403 3672 3479; x_wconf 89' lang='lat' dir='ltr'><strong>diligentius</strong></span> 
     </span>
    </p>
   </div>
   <div class='ocr_carea' id='block_1_93' title="bbox 2026 3481 3672 3565">
    <p class='ocr_par' dir='ltr' id='par_1_93' title="bbox 2026 3481 3672 3565">
     <span class='ocr_line' id='line_1_93' title="bbox 2026 3481 3672 3565; baseline 0.01 -31"><span class='ocrx_word' id='word_1_643' title='bbox 2026 3481 2416 3537; x_wconf 88' lang='lat' dir='ltr'><strong>considerare.</strong></span> <span class='ocrx_word' id='word_1_644' title='bbox 2451 3483 2741 3540; x_wconf 88' lang='lat' dir='ltr'><strong>Admonet</strong></span> <span class='ocrx_word' id='word_1_645' title='bbox 2790 3487 2965 3542; x_wconf 90' lang='lat' dir='ltr'><strong>etiam</strong></span> <span class='ocrx_word' id='word_1_646' title='bbox 3016 3488 3291 3546; x_wconf 89' lang='lat' dir='ltr'><strong>Salomon</strong></span> <span class='ocrx_word' id='word_1_647' title='bbox 3335 3494 3463 3565; x_wconf 88' lang='lat' dir='ltr'><strong>ejus</strong></span> <span class='ocrx_word' id='word_1_648' title='bbox 3512 3493 3672 3550; x_wconf 89' lang='lat' dir='ltr'><strong>filius</strong></span> 
     </span>
    </p>
   </div>
   <div class='ocr_carea' id='block_1_94' title="bbox 2027 3570 3670 3654">
    <p class='ocr_par' dir='ltr' id='par_1_94' title="bbox 2027 3570 3670 3654">
     <span class='ocr_line' id='line_1_94' title="bbox 2027 3570 3670 3654; baseline 0.01 -31"><span class='ocrx_word' id='word_1_649' title='bbox 2027 3572 2279 3640; x_wconf 80' lang='lat' dir='ltr'><strong>paternae</strong></span> <span class='ocrx_word' id='word_1_650' title='bbox 2311 3570 2525 3625; x_wconf 90' lang='lat' dir='ltr'><strong>mentis</strong></span> <span class='ocrx_word' id='word_1_651' title='bbox 2575 3571 2862 3645; x_wconf 87' lang='lat' dir='ltr'><strong>interpres</strong></span> <span class='ocrx_word' id='word_1_652' title='bbox 2893 3577 3284 3647; x_wconf 90' lang='lat' dir='ltr'><strong>perspicacius</strong></span> <span class='ocrx_word' id='word_1_653' title='bbox 3315 3583 3670 3654; x_wconf 89' lang='lat' dir='ltr'><strong>examinare,</strong></span> 
     </span>
    </p>
   </div>
   <div class='ocr_carea' id='block_1_95' title="bbox 2028 3655 3668 3738">
    <p class='ocr_par' dir='ltr' id='par_1_95' title="bbox 2028 3655 3668 3738">
     <span class='ocr_line' id='line_1_95' title="bbox 2028 3655 3668 3738; baseline 0.012 -29"><span class='ocrx_word' id='word_1_654' title='bbox 2028 3656 2128 3728; x_wconf 91' lang='lat' dir='ltr'><strong>qui</strong></span> <span class='ocrx_word' id='word_1_655' title='bbox 2159 3655 2394 3728; x_wconf 91' lang='lat' dir='ltr'><strong>scripsit</strong></span> <span class='ocrx_word' id='word_1_656' title='bbox 2427 3674 2438 3711; x_wconf 93' lang='lat'>:</span> <span class='ocrx_word' id='word_1_657' title='bbox 2474 3680 2501 3707; x_wconf 89' lang='grc'><strong>‹‹</strong></span> <span class='ocrx_word' id='word_1_658' title='bbox 2530 3658 2663 3714; x_wconf 89' lang='lat' dir='ltr'><strong>Tria</strong></span> <span class='ocrx_word' id='word_1_659' title='bbox 2695 3661 2839 3714; x_wconf 91' lang='lat' dir='ltr'><strong>mihi</strong></span> <span class='ocrx_word' id='word_1_660' title='bbox 2872 3668 3011 3718; x_wconf 90' lang='lat' dir='ltr'><strong>sunt</strong></span> <span class='ocrx_word' id='word_1_661' title='bbox 3038 3665 3428 3738; x_wconf 90' lang='lat' dir='ltr'><strong>impossibilia</strong></span> <span class='ocrx_word' id='word_1_662' title='bbox 3459 3671 3668 3727; x_wconf 91' lang='lat' dir='ltr'><strong>intelli-</strong></span> 
     </span>
    </p>
   </div>
   <div class='ocr_carea' id='block_1_96' title="bbox 2027 3748 3669 3832">
    <p class='ocr_par' dir='ltr' id='par_1_96' title="bbox 2027 3748 3669 3832">
     <span class='ocr_line' id='line_1_96' title="bbox 2027 3748 3669 3832; baseline 0.012 -35"><span class='ocrx_word' id='word_1_663' title='bbox 2027 3760 2179 3818; x_wconf 89' lang='lat' dir='ltr'><strong>gere,</strong></span> <span class='ocrx_word' id='word_1_664' title='bbox 2231 3749 2286 3799; x_wconf 89' lang='lat' dir='ltr'><strong>et</strong></span> <span class='ocrx_word' id='word_1_665' title='bbox 2335 3748 2610 3832; x_wconf 85' lang='lat' dir='ltr'><strong>quartum</strong></span> <span class='ocrx_word' id='word_1_666' title='bbox 2655 3749 2810 3818; x_wconf 91' lang='lat' dir='ltr'><strong>quod</strong></span> <span class='ocrx_word' id='word_1_667' title='bbox 2861 3767 2976 3805; x_wconf 91' lang='lat' dir='ltr'><strong>non</strong></span> <span class='ocrx_word' id='word_1_668' title='bbox 3031 3767 3303 3824; x_wconf 89' lang='lat' dir='ltr'><strong>agnosco.</strong></span> <span class='ocrx_word' id='word_1_669' title='bbox 3350 3759 3669 3832; x_wconf 84' lang='lat' dir='ltr'><strong>Vestigium</strong></span> 
     </span>
    </p>
   </div>
   <div class='ocr_carea' id='block_1_97' title="bbox 2026 3831 3669 3914">
    <p class='ocr_par' dir='ltr' id='par_1_97' title="bbox 2026 3831 3669 3914">
     <span class='ocr_line' id='line_1_97' title="bbox 2026 3831 3669 3914; baseline 0.008 -25"><span class='ocrx_word' id='word_1_670' title='bbox 2026 3832 2234 3906; x_wconf 66' lang='lat' dir='ltr'><strong>aquila:</strong></span> <span class='ocrx_word' id='word_1_671' title='bbox 2265 3831 2535 3905; x_wconf 89' lang='lat' dir='ltr'><strong>volantis,</strong></span> <span class='ocrx_word' id='word_1_672' title='bbox 2570 3837 2628 3891; x_wconf 90' lang='lat' dir='ltr'><strong>et</strong></span> <span class='ocrx_word' id='word_1_673' title='bbox 2656 3834 2808 3890; x_wconf 89' lang='lat' dir='ltr'><strong>viam</strong></span> <span class='ocrx_word' id='word_1_674' title='bbox 2841 3839 3130 3909; x_wconf 89' lang='lat' dir='ltr'><strong>serpentis</strong></span> <span class='ocrx_word' id='word_1_675' title='bbox 3178 3842 3235 3896; x_wconf 92' lang='lat' dir='ltr'><strong>in</strong></span> <span class='ocrx_word' id='word_1_676' title='bbox 3281 3849 3462 3914; x_wconf 88' lang='lat' dir='ltr'><strong>petra,</strong></span> <span class='ocrx_word' id='word_1_677' title='bbox 3496 3831 3552 3901; x_wconf 88' lang='lat' dir='ltr'><strong>et</strong></span> <span class='ocrx_word' id='word_1_678' title='bbox 3581 3864 3669 3902; x_wconf 87' lang='lat' dir='ltr'><strong>se-</strong></span> 
     </span>
    </p>
   </div>
   <div class='ocr_carea' id='block_1_98' title="bbox 2027 3922 3669 3999">
    <p class='ocr_par' dir='ltr' id='par_1_98' title="bbox 2027 3922 3669 3999">
     <span class='ocr_line' id='line_1_98' title="bbox 2027 3922 3669 3999; baseline 0.006 -21"><span class='ocrx_word' id='word_1_679' title='bbox 2027 3924 2202 3978; x_wconf 89' lang='lat' dir='ltr'><strong>mitas</strong></span> <span class='ocrx_word' id='word_1_680' title='bbox 2234 3923 2398 3978; x_wconf 89' lang='lat' dir='ltr'><strong>navis</strong></span> <span class='ocrx_word' id='word_1_681' title='bbox 2451 3923 2510 3978; x_wconf 92' lang='lat' dir='ltr'><strong>in</strong></span> <span class='ocrx_word' id='word_1_682' title='bbox 2554 3922 2760 3998; x_wconf 87' lang='lat' dir='ltr'><strong>pelago</strong></span> <span class='ocrx_word' id='word_1_683' title='bbox 2813 3927 3159 3999; x_wconf 87' lang='lat' dir='ltr'><strong>navigantis,</strong></span> <span class='ocrx_word' id='word_1_684' title='bbox 3205 3936 3260 3985; x_wconf 89' lang='lat' dir='ltr'><strong>et</strong></span> <span class='ocrx_word' id='word_1_685' title='bbox 3309 3932 3431 3986; x_wconf 85' lang='lat' dir='ltr'><strong>vias</strong></span> <span class='ocrx_word' id='word_1_686' title='bbox 3474 3933 3577 3987; x_wconf 90' lang='lat' dir='ltr'><strong>viri</strong></span> <span class='ocrx_word' id='word_1_687' title='bbox 3611 3935 3669 3989; x_wconf 89' lang='lat' dir='ltr'><strong>in</strong></span> 
     </span>
    </p>
   </div>
   <div class='ocr_carea' id='block_1_99' title="bbox 2015 4011 3668 4094">
    <p class='ocr_par' dir='ltr' id='par_1_99' title="bbox 2015 4011 3668 4094">
     <span class='ocr_line' id='line_1_99' title="bbox 2015 4011 3668 4094; baseline 0.007 -29"><span class='ocrx_word' id='word_1_688' title='bbox 2015 4013 2346 4083; x_wconf 88' lang='lat' dir='ltr'><strong>juventute.</strong></span> <span class='ocrx_word' id='word_1_689' title='bbox 2381 4011 2541 4067; x_wconf 88' lang='lat' dir='ltr'><strong>Talis</strong></span> <span class='ocrx_word' id='word_1_690' title='bbox 2571 4012 2662 4068; x_wconf 92' lang='lat' dir='ltr'><strong>via</strong></span> <span class='ocrx_word' id='word_1_691' title='bbox 2693 4012 2956 4070; x_wconf 89' lang='lat' dir='ltr'><strong>mulieris</strong></span> <span class='ocrx_word' id='word_1_692' title='bbox 3005 4017 3302 4087; x_wconf 73' lang='lat' dir='ltr'><strong>adulterae,</strong></span> <span class='ocrx_word' id='word_1_693' title='bbox 3335 4038 3461 4092; x_wconf 71' lang='lat' dir='ltr'><strong>qua:</strong></span> <span class='ocrx_word' id='word_1_694' title='bbox 3509 4027 3668 4094; x_wconf 88' lang='lat' dir='ltr'><strong>post-</strong></span> 
     </span>
    </p>
   </div>
   <div class='ocr_carea' id='block_1_100' title="bbox 2024 4100 3669 4182">
    <p class='ocr_par' dir='ltr' id='par_1_100' title="bbox 2024 4100 3669 4182">
     <span class='ocr_line' id='line_1_100' title="bbox 2024 4100 3669 4182; baseline 0.007 -27"><span class='ocrx_word' id='word_1_695' title='bbox 2024 4117 2204 4173; x_wconf 89' lang='lat' dir='ltr'><strong>quam</strong></span> <span class='ocrx_word' id='word_1_696' title='bbox 2252 4101 2388 4173; x_wconf 88' lang='lat' dir='ltr'><strong>egit,</strong></span> <span class='ocrx_word' id='word_1_697' title='bbox 2421 4100 2621 4158; x_wconf 92' lang='lat' dir='ltr'><strong>abluta</strong></span> <span class='ocrx_word' id='word_1_698' title='bbox 2669 4102 2814 4158; x_wconf 91' lang='lat' dir='ltr'><strong>nihil</strong></span> <span class='ocrx_word' id='word_1_699' title='bbox 2863 4104 3052 4178; x_wconf 90' lang='lat' dir='ltr'><strong>egisse</strong></span> <span class='ocrx_word' id='word_1_700' title='bbox 3097 4123 3159 4162; x_wconf 90' lang='lat' dir='ltr'><strong>se</strong></span> <span class='ocrx_word' id='word_1_701' title='bbox 3211 4109 3352 4164; x_wconf 92' lang='lat' dir='ltr'><strong>dicit</strong></span> <span class='ocrx_word' id='word_1_702' title='bbox 3398 4110 3669 4182; x_wconf 89' lang='lat' dir='ltr'><strong>iniquum</strong></span> 
     </span>
    </p>
   </div>
   <div class='ocr_carea' id='block_1_101' title="bbox 2025 4191 3669 4268">
    <p class='ocr_par' dir='ltr' id='par_1_101' title="bbox 2025 4191 3669 4268">
     <span class='ocr_line' id='line_1_101' title="bbox 2025 4191 3669 4268; baseline 0.005 -23"><span class='ocrx_word' id='word_1_703' title='bbox 2025 4193 2210 4263; x_wconf 82' lang='lat' dir='ltr'><strong>(Prov.</strong></span> <span class='ocrx_word' id='word_1_704' title='bbox 2244 4208 2374 4257; x_wconf 86' lang='lat' dir='ltr'><strong>xxx,</strong></span> <span class='ocrx_word' id='word_1_705' title='bbox 2413 4191 2496 4258; x_wconf 82' lang='lat'><strong>18,</strong></span> <span class='ocrx_word' id='word_1_706' title='bbox 2528 4191 2641 4262; x_wconf 89' lang='lat'><strong>20).</strong></span> <span class='ocrx_word' id='word_1_707' title='bbox 2687 4213 2717 4241; x_wconf 85' lang='lat'><strong>»</strong></span> <span class='ocrx_word' id='word_1_708' title='bbox 2750 4192 2886 4248; x_wconf 91' lang='lat' dir='ltr'><strong>Tria</strong></span> <span class='ocrx_word' id='word_1_709' title='bbox 2937 4211 3072 4267; x_wconf 93' lang='lat' dir='ltr'><strong>ergo</strong></span> <span class='ocrx_word' id='word_1_710' title='bbox 3119 4195 3508 4268; x_wconf 85' lang='lat' dir='ltr'><strong>impossibilia</strong></span> <span class='ocrx_word' id='word_1_711' title='bbox 3556 4200 3669 4256; x_wconf 89' lang='lat' dir='ltr'><strong>sibi</strong></span> 
     </span>
    </p>
   </div>
   <div class='ocr_carea' id='block_1_102' title="bbox 2024 4279 3670 4358">
    <p class='ocr_par' dir='ltr' id='par_1_102' title="bbox 2024 4279 3670 4358">
     <span class='ocr_line' id='line_1_102' title="bbox 2024 4279 3670 4358; baseline 0.006 -24"><span class='ocrx_word' id='word_1_712' title='bbox 2024 4295 2152 4335; x_wconf 91' lang='lat' dir='ltr'><strong>esse</strong></span> <span class='ocrx_word' id='word_1_713' title='bbox 2183 4279 2326 4334; x_wconf 84' lang='lat' dir='ltr'><strong>dixit</strong></span> <span class='ocrx_word' id='word_1_714' title='bbox 2357 4279 2427 4334; x_wconf 91' lang='lat' dir='ltr'><strong>ad</strong></span> <span class='ocrx_word' id='word_1_715' title='bbox 2461 4279 2926 4353; x_wconf 83' lang='lat' dir='ltr'><strong>intelligendum,</strong></span> <span class='ocrx_word' id='word_1_716' title='bbox 2960 4286 3015 4338; x_wconf 90' lang='lat' dir='ltr'><strong>et</strong></span> <span class='ocrx_word' id='word_1_717' title='bbox 3046 4290 3324 4355; x_wconf 87' lang='lat' dir='ltr'><strong>quartum</strong></span> <span class='ocrx_word' id='word_1_718' title='bbox 3374 4287 3529 4358; x_wconf 90' lang='lat' dir='ltr'><strong>quod</strong></span> <span class='ocrx_word' id='word_1_719' title='bbox 3576 4287 3670 4344; x_wconf 91' lang='lat' dir='ltr'><strong>ille</strong></span> 
     </span>
    </p>
   </div>
   <div class='ocr_carea' id='block_1_103' title="bbox 2025 4367 3670 4446">
    <p class='ocr_par' dir='ltr' id='par_1_103' title="bbox 2025 4367 3670 4446">
     <span class='ocr_line' id='line_1_103' title="bbox 2025 4367 3670 4446; baseline 0.008 -25"><span class='ocrx_word' id='word_1_720' title='bbox 2025 4367 2248 4424; x_wconf 87' lang='lat' dir='ltr'><strong>habens</strong></span> <span class='ocrx_word' id='word_1_721' title='bbox 2297 4368 2449 4424; x_wconf 91' lang='lat' dir='ltr'><strong>inter</strong></span> <span class='ocrx_word' id='word_1_722' title='bbox 2489 4367 2758 4424; x_wconf 90' lang='lat' dir='ltr'><strong>homines</strong></span> <span class='ocrx_word' id='word_1_723' title='bbox 2802 4370 3096 4442; x_wconf 84' lang='lat' dir='ltr'><strong>sapientiae</strong></span> <span class='ocrx_word' id='word_1_724' title='bbox 3128 4372 3521 4446; x_wconf 86' lang='lat' dir='ltr'><strong>signaculum,</strong></span> <span class='ocrx_word' id='word_1_725' title='bbox 3555 4394 3670 4434; x_wconf 89' lang='lat' dir='ltr'><strong>non</strong></span> 
     </span>
    </p>
   </div>
   <div class='ocr_carea' id='block_1_104' title="bbox 2025 4455 3672 4538">
    <p class='ocr_par' dir='ltr' id='par_1_104' title="bbox 2025 4455 3672 4538">
     <span class='ocr_line' id='line_1_104' title="bbox 2025 4455 3672 4538; baseline 0.007 -28"><span class='ocrx_word' id='word_1_726' title='bbox 2025 4461 2386 4530; x_wconf 88' lang='lat' dir='ltr'><strong>agnosceret,</strong></span> <span class='ocrx_word' id='word_1_727' title='bbox 2415 4455 2642 4511; x_wconf 87' lang='lat' dir='ltr'><strong>viarum</strong></span> <span class='ocrx_word' id='word_1_728' title='bbox 2673 4456 2940 4513; x_wconf 88' lang='lat' dir='ltr'><strong>videlicet</strong></span> <span class='ocrx_word' id='word_1_729' title='bbox 2970 4459 3073 4514; x_wconf 92' lang='lat' dir='ltr'><strong>viri</strong></span> <span class='ocrx_word' id='word_1_730' title='bbox 3106 4461 3163 4516; x_wconf 91' lang='lat' dir='ltr'><strong>in</strong></span> <span class='ocrx_word' id='word_1_731' title='bbox 3197 4464 3504 4534; x_wconf 88' lang='lat' dir='ltr'><strong>juventute</strong></span> <span class='ocrx_word' id='word_1_732' title='bbox 3534 4482 3672 4538; x_wconf 87' lang='lat' dir='ltr'><strong>pro-</strong></span> 
     </span>
    </p>
   </div>
   <div class='ocr_carea' id='block_1_105' title="bbox 2025 4543 3670 4623">
    <p class='ocr_par' dir='ltr' id='par_1_105' title="bbox 2025 4543 3670 4623">
     <span class='ocr_line' id='line_1_105' title="bbox 2025 4543 3670 4623; baseline 0.005 -23"><span class='ocrx_word' id='word_1_733' title='bbox 2025 4561 2278 4600; x_wconf 90' lang='lat' dir='ltr'><strong>cessum.</strong></span> <span class='ocrx_word' id='word_1_734' title='bbox 2312 4543 2569 4608; x_wconf 90' lang='lat' dir='ltr'><strong>Quarum</strong></span> <span class='ocrx_word' id='word_1_735' title='bbox 2603 4544 2783 4617; x_wconf 89' lang='lat' dir='ltr'><strong>igitur</strong></span> <span class='ocrx_word' id='word_1_736' title='bbox 2805 4545 2893 4602; x_wconf 87' lang='lat' dir='ltr'><strong>vel</strong></span> <span class='ocrx_word' id='word_1_737' title='bbox 2926 4547 3376 4623; x_wconf 83' lang='lat' dir='ltr'><strong>inexplicabilis,</strong></span> <span class='ocrx_word' id='word_1_738' title='bbox 3398 4553 3485 4609; x_wconf 91' lang='lat' dir='ltr'><strong>vel</strong></span> <span class='ocrx_word' id='word_1_739' title='bbox 3518 4553 3670 4609; x_wconf 87' lang='lat' dir='ltr'><strong>diffi-</strong></span> 
     </span>
    </p>
   </div>
   <div class='ocr_carea' id='block_1_106' title="bbox 2025 4632 3673 4706">
    <p class='ocr_par' dir='ltr' id='par_1_106' title="bbox 2025 4632 3673 4706">
     <span class='ocr_line' id='line_1_106' title="bbox 2025 4632 3673 4706; baseline 0.004 -16"><span class='ocrx_word' id='word_1_740' title='bbox 2025 4633 2152 4690; x_wconf 88' lang='lat' dir='ltr'><strong>cilis</strong></span> <span class='ocrx_word' id='word_1_741' title='bbox 2182 4632 2423 4706; x_wconf 91' lang='lat' dir='ltr'><strong>agnitio,</strong></span> <span class='ocrx_word' id='word_1_742' title='bbox 2455 4637 2645 4704; x_wconf 90' lang='lat' dir='ltr'><strong>potest</strong></span> <span class='ocrx_word' id='word_1_743' title='bbox 2694 4633 2882 4690; x_wconf 82' lang='lat' dir='ltr'><strong>facilis</strong></span> <span class='ocrx_word' id='word_1_744' title='bbox 2930 4653 3132 4692; x_wconf 88' lang='lat' dir='ltr'><strong>earum</strong></span> <span class='ocrx_word' id='word_1_745' title='bbox 3181 4656 3310 4697; x_wconf 90' lang='lat' dir='ltr'><strong>esse</strong></span> <span class='ocrx_word' id='word_1_746' title='bbox 3357 4642 3673 4698; x_wconf 82' lang='lat' dir='ltr'><strong>custodia?</strong></span> 
     </span>
    </p>
   </div>
   <div class='ocr_carea' id='block_1_107' title="bbox 2026 4721 3671 4800">
    <p class='ocr_par' dir='ltr' id='par_1_107' title="bbox 2026 4721 3671 4800">
     <span class='ocr_line' id='line_1_107' title="bbox 2026 4721 3671 4800; baseline 0.003 -22"><span class='ocrx_word' id='word_1_747' title='bbox 2026 4721 2188 4778; x_wconf 89' lang='lat' dir='ltr'><strong>Unde</strong></span> <span class='ocrx_word' id='word_1_748' title='bbox 2219 4739 2334 4778; x_wconf 92' lang='lat' dir='ltr'><strong>non</strong></span> <span class='ocrx_word' id='word_1_749' title='bbox 2366 4722 2658 4778; x_wconf 90' lang='lat' dir='ltr'><strong>immerito</strong></span> <span class='ocrx_word' id='word_1_750' title='bbox 2690 4722 2814 4796; x_wconf 92' lang='lat' dir='ltr'><strong>ipse</strong></span> <span class='ocrx_word' id='word_1_751' title='bbox 2857 4725 3035 4782; x_wconf 90' lang='lat' dir='ltr'><strong>David</strong></span> <span class='ocrx_word' id='word_1_752' title='bbox 3080 4727 3427 4785; x_wconf 89' lang='lat' dir='ltr'><strong>delictorum</strong></span> <span class='ocrx_word' id='word_1_753' title='bbox 3463 4731 3671 4800; x_wconf 88' lang='lat' dir='ltr'><strong>juven-</strong></span> 
     </span>
    </p>
   </div>
   <div class='ocr_carea' id='block_1_108' title="bbox 2025 4810 3671 4884">
    <p class='ocr_par' dir='ltr' id='par_1_108' title="bbox 2025 4810 3671 4884">
     <span class='ocr_line' id='line_1_108' title="bbox 2025 4810 3671 4884; baseline 0.004 -18"><span class='ocrx_word' id='word_1_754' title='bbox 2025 4810 2168 4867; x_wconf 85' lang='lat' dir='ltr'><strong>tutis</strong></span> <span class='ocrx_word' id='word_1_755' title='bbox 2216 4827 2334 4866; x_wconf 70' lang='lat' dir='ltr'><strong>suae</strong></span> <span class='ocrx_word' id='word_1_756' title='bbox 2395 4827 2509 4866; x_wconf 93' lang='lat' dir='ltr'><strong>non</strong></span> <span class='ocrx_word' id='word_1_757' title='bbox 2570 4811 2968 4871; x_wconf 87' lang='lat' dir='ltr'><strong>defensionem</strong></span> <span class='ocrx_word' id='word_1_758' title='bbox 3022 4815 3254 4884; x_wconf 87' lang='lat' dir='ltr'><strong>obtulit,</strong></span> <span class='ocrx_word' id='word_1_759' title='bbox 3289 4819 3390 4872; x_wconf 91' lang='lat' dir='ltr'><strong>sed</strong></span> <span class='ocrx_word' id='word_1_760' title='bbox 3432 4816 3671 4872; x_wconf 90' lang='lat' dir='ltr'><strong>oblivio-</strong></span> 
     </span>
    </p>
   </div>
   <div class='ocr_carea' id='block_1_109' title="bbox 2026 4899 3669 4976">
    <p class='ocr_par' dir='ltr' id='par_1_109' title="bbox 2026 4899 3669 4976">
     <span class='ocr_line' id='line_1_109' title="bbox 2026 4899 3669 4976; baseline 0.004 -23"><span class='ocrx_word' id='word_1_761' title='bbox 2026 4900 2253 4955; x_wconf 88' lang='lat' dir='ltr'><strong>vioncm</strong></span> <span class='ocrx_word' id='word_1_762' title='bbox 2287 4899 2526 4973; x_wconf 86' lang='lat' dir='ltr'><strong>rogavit.</strong></span> <span class='ocrx_word' id='word_1_763' title='bbox 2562 4924 2589 4949; x_wconf 84' lang='lat'><strong>«</strong></span> <span class='ocrx_word' id='word_1_764' title='bbox 2624 4899 2862 4969; x_wconf 89' lang='lat' dir='ltr'><strong>Delicta,</strong></span> <span class='ocrx_word' id='word_1_765' title='bbox 2896 4902 3106 4976; x_wconf 88' lang='lat' dir='ltr'><strong>inquit,</strong></span> <span class='ocrx_word' id='word_1_766' title='bbox 3133 4903 3460 4974; x_wconf 88' lang='lat' dir='ltr'><strong>juventutis</strong></span> <span class='ocrx_word' id='word_1_767' title='bbox 3505 4921 3669 4972; x_wconf 65' lang='lat' dir='ltr'><strong>meae,</strong></span> 
     </span>
    </p>
   </div>
   <div class='ocr_carea' id='block_1_110' title="bbox 2025 4989 3666 5065">
    <p class='ocr_par' dir='ltr' id='par_1_110' title="bbox 2025 4989 3666 5065">
     <span class='ocr_line' id='line_1_110' title="bbox 2025 4989 3666 5065; baseline -0.001 -19"><span class='ocrx_word' id='word_1_768' title='bbox 2025 4995 2081 5046; x_wconf 88' lang='lat' dir='ltr'><strong>et</strong></span> <span class='ocrx_word' id='word_1_769' title='bbox 2110 4989 2450 5062; x_wconf 68' lang='lat' dir='ltr'><strong>ignorantiae</strong></span> <span class='ocrx_word' id='word_1_770' title='bbox 2482 5007 2622 5046; x_wconf 71' lang='lat' dir='ltr'><strong>meas</strong></span> <span class='ocrx_word' id='word_1_771' title='bbox 2654 5007 2725 5047; x_wconf 91' lang='lat' dir='ltr'><strong>ne</strong></span> <span class='ocrx_word' id='word_1_772' title='bbox 2764 4992 3103 5047; x_wconf 89' lang='lat' dir='ltr'><strong>memineris</strong></span> <span class='ocrx_word' id='word_1_773' title='bbox 3135 4994 3304 5062; x_wconf 82' lang='lat' dir='ltr'><strong>(Psal.</strong></span> <span class='ocrx_word' id='word_1_774' title='bbox 3341 5010 3495 5059; x_wconf 66' lang='lat' dir='ltr'><strong>xxxv,</strong></span> <span class='ocrx_word' id='word_1_775' title='bbox 3527 4994 3602 5065; x_wconf 86' lang='lat'><strong>7).</strong></span> <span class='ocrx_word' id='word_1_776' title='bbox 3645 5016 3666 5044; x_wconf 68' lang='lat' dir='ltr'><strong>n</strong></span> 
     </span>
    </p>
   </div>
   <div class='ocr_carea' id='block_1_111' title="bbox 2023 5077 3664 5156">
    <p class='ocr_par' dir='ltr' id='par_1_111' title="bbox 2023 5077 3664 5156">
     <span class='ocr_line' id='line_1_111' title="bbox 2023 5077 3664 5156; baseline 0.002 -22"><span class='ocrx_word' id='word_1_777' title='bbox 2023 5077 2147 5134; x_wconf 90' lang='lat' dir='ltr'><strong>Non</strong></span> <span class='ocrx_word' id='word_1_778' title='bbox 2177 5079 2470 5135; x_wconf 91' lang='lat' dir='ltr'><strong>immerito</strong></span> <span class='ocrx_word' id='word_1_779' title='bbox 2498 5079 2678 5153; x_wconf 91' lang='lat' dir='ltr'><strong>igitur</strong></span> <span class='ocrx_word' id='word_1_780' title='bbox 2707 5079 2984 5135; x_wconf 90' lang='lat' dir='ltr'><strong>Salomon</strong></span> <span class='ocrx_word' id='word_1_781' title='bbox 3035 5080 3178 5135; x_wconf 88' lang='lat' dir='ltr'><strong>dixit</strong></span> <span class='ocrx_word' id='word_1_782' title='bbox 3227 5098 3288 5137; x_wconf 92' lang='lat' dir='ltr'><strong>se</strong></span> <span class='ocrx_word' id='word_1_783' title='bbox 3342 5097 3456 5136; x_wconf 94' lang='lat' dir='ltr'><strong>non</strong></span> <span class='ocrx_word' id='word_1_784' title='bbox 3489 5099 3664 5156; x_wconf 87' lang='lat' dir='ltr'><strong>agno-</strong></span> 
     </span>
    </p>
   </div>
   <div class='ocr_carea' id='block_1_112' title="bbox 2025 5169 3673 5243">
    <p class='ocr_par' dir='ltr' id='par_1_112' title="bbox 2025 5169 3673 5243">
     <span class='ocr_line' id='line_1_112' title="bbox 2025 5169 3673 5243; baseline 0.002 -19"><span class='ocrx_word' id='word_1_785' title='bbox 2025 5185 2187 5225; x_wconf 90' lang='lat' dir='ltr'><strong>scere</strong></span> <span class='ocrx_word' id='word_1_786' title='bbox 2218 5169 2372 5242; x_wconf 90' lang='lat' dir='ltr'><strong>quod</strong></span> <span class='ocrx_word' id='word_1_787' title='bbox 2422 5174 2587 5242; x_wconf 90' lang='lat' dir='ltr'><strong>pater</strong></span> <span class='ocrx_word' id='word_1_788' title='bbox 2628 5169 2776 5239; x_wconf 85' lang='lat' dir='ltr'><strong>ejus,</strong></span> <span class='ocrx_word' id='word_1_789' title='bbox 2827 5169 2884 5223; x_wconf 90' lang='lat' dir='ltr'><strong>in</strong></span> <span class='ocrx_word' id='word_1_790' title='bbox 2935 5185 3049 5240; x_wconf 92' lang='lat' dir='ltr'><strong>quo</strong></span> <span class='ocrx_word' id='word_1_791' title='bbox 3100 5171 3288 5240; x_wconf 85' lang='lat' dir='ltr'><strong>major</strong></span> <span class='ocrx_word' id='word_1_792' title='bbox 3337 5170 3433 5226; x_wconf 90' lang='lat' dir='ltr'><strong>Dei</strong></span> <span class='ocrx_word' id='word_1_793' title='bbox 3483 5171 3673 5243; x_wconf 88' lang='lat' dir='ltr'><strong>gratia</strong></span> 
     </span>
    </p>
   </div>
   <div class='ocr_carea' id='block_1_113' title="bbox 2025 5257 3672 5331">
    <p class='ocr_par' dir='ltr' id='par_1_113' title="bbox 2025 5257 3672 5331">
     <span class='ocr_line' id='line_1_113' title="bbox 2025 5257 3672 5331; baseline 0.002 -18"><span class='ocrx_word' id='word_1_794' title='bbox 2025 5258 2155 5324; x_wconf 86' lang='lat' dir='ltr'><strong>fuit,</strong></span> <span class='ocrx_word' id='word_1_795' title='bbox 2183 5274 2245 5315; x_wconf 90' lang='lat' dir='ltr'><strong>se</strong></span> <span class='ocrx_word' id='word_1_796' title='bbox 2274 5258 2575 5331; x_wconf 90' lang='lat' dir='ltr'><strong>ignorasse</strong></span> <span class='ocrx_word' id='word_1_797' title='bbox 2606 5261 2855 5312; x_wconf 90' lang='lat' dir='ltr'><strong>testatus</strong></span> <span class='ocrx_word' id='word_1_798' title='bbox 2903 5261 3010 5312; x_wconf 88' lang='lat' dir='ltr'><strong>est.</strong></span> <span class='ocrx_word' id='word_1_799' title='bbox 3063 5260 3131 5312; x_wconf 91' lang='lat' dir='ltr'><strong>Et</strong></span> <span class='ocrx_word' id='word_1_800' title='bbox 3180 5257 3426 5313; x_wconf 88' lang='lat' dir='ltr'><strong>fortasse</strong></span> <span class='ocrx_word' id='word_1_801' title='bbox 3460 5258 3672 5316; x_wconf 88' lang='lat' dir='ltr'><strong>delicta</strong></span> 
     </span>
    </p>
   </div>
   <div class='ocr_carea' id='block_1_114' title="bbox 2024 5344 3670 5420">
    <p class='ocr_par' dir='ltr' id='par_1_114' title="bbox 2024 5344 3670 5420">
     <span class='ocr_line' id='line_1_114' title="bbox 2024 5344 3670 5420; baseline 0.002 -17"><span class='ocrx_word' id='word_1_802' title='bbox 2024 5346 2348 5420; x_wconf 90' lang='lat' dir='ltr'><strong>juventutis</strong></span> <span class='ocrx_word' id='word_1_803' title='bbox 2377 5347 2449 5402; x_wconf 88' lang='lat' dir='ltr'><strong>ad</strong></span> <span class='ocrx_word' id='word_1_804' title='bbox 2482 5347 2764 5401; x_wconf 84' lang='lat' dir='ltr'><strong>fervorem</strong></span> <span class='ocrx_word' id='word_1_805' title='bbox 2797 5344 2996 5400; x_wconf 89' lang='lat' dir='ltr'><strong>retulit</strong></span> <span class='ocrx_word' id='word_1_806' title='bbox 3036 5346 3252 5413; x_wconf 91' lang='lat' dir='ltr'><strong>carnis,</strong></span> <span class='ocrx_word' id='word_1_807' title='bbox 3282 5347 3670 5420; x_wconf 88' lang='lat' dir='ltr'><strong>ignorantiam</strong></span> 
     </span>
    </p>
   </div>
   <div class='ocr_carea' id='block_1_115' title="bbox 341 5605 3670 5692">
    <p class='ocr_par' dir='ltr' id='par_1_115' title="bbox 341 5605 3670 5692">
     <span class='ocr_line' id='line_1_115' title="bbox 341 5605 3670 5692; baseline 0.001 -29"><span class='ocrx_word' id='word_1_808' title='bbox 341 5606 666 5692; x_wconf 35' lang='lat' dir='ltr'><strong>(7.9)“Msls.</strong></span> <span class='ocrx_word' id='word_1_809' title='bbox 717 5605 1199 5692; x_wconf 35' lang='lat' dir='ltr'><strong>Vict.._e_t&#39;Colb.,</strong></span> <span class='ocrx_word' id='word_1_810' title='bbox 1257 5608 1580 5692; x_wconf 33' lang='lat' dir='ltr'><strong>sichaeum</strong></span> <span class='ocrx_word' id='word_1_811' title='bbox 1621 5609 1955 5692; x_wconf 56' lang='lat' dir='ltr'><strong>sapiang</strong></span> <span class='ocrx_word' id='word_1_812' title='bbox 2027 5623 2261 5685; x_wconf 64' lang='lat' dir='ltr'><strong>quam,</strong></span> <span class='ocrx_word' id='word_1_813' title='bbox 2321 5607 2437 5665; x_wconf 73' lang='lat' dir='ltr'><strong>sive</strong></span> <span class='ocrx_word' id='word_1_814' title='bbox 2491 5606 2782 5678; x_wconf 68' lang='lat' dir='ltr'><strong>virtutem,-</strong></span> <span class='ocrx_word' id='word_1_815' title='bbox 2833 5608 2949 5683; x_wconf 74' lang='lat' dir='ltr'><strong>ipse</strong></span> <span class='ocrx_word' id='word_1_816' title='bbox 3002 5613 3079 5667; x_wconf 76' lang='lat' dir='ltr'><strong>est</strong></span> <span class='ocrx_word' id='word_1_817' title='bbox 3131 5609 3228 5668; x_wconf 77' lang='lat' dir='ltr'><strong>Dei</strong></span> <span class='ocrx_word' id='word_1_818' title='bbox 3284 5611 3456 5670; x_wconf 75' lang='lat' dir='ltr'><strong>virtus</strong></span> <span class='ocrx_word' id='word_1_819' title='bbox 3508 5613 3670 5684; x_wconf 73' lang='lat' dir='ltr'><strong>atque</strong></span> 
     </span>
    </p>
   </div>
   <div class='ocr_carea' id='block_1_116' title="bbox 267 5679 1918 5763">
    <p class='ocr_par' dir='ltr' id='par_1_116' title="bbox 267 5679 1918 5763">
     <span class='ocr_line' id='line_1_116' title="bbox 267 5679 1918 5763; baseline 0.001 -21"><span class='ocrx_word' id='word_1_820' title='bbox 267 5679 566 5759; x_wconf 64' lang='lat' dir='ltr'><strong>sapientis,</strong></span> <span class='ocrx_word' id='word_1_821' title='bbox 599 5683 713 5763; x_wconf 71' lang='lat' dir='ltr'><strong>ipse</strong></span> <span class='ocrx_word' id='word_1_822' title='bbox 767 5680 1014 5743; x_wconf 73' lang='lat' dir='ltr'><strong>veritati:</strong></span> <span class='ocrx_word' id='word_1_823' title='bbox 1078 5681 1187 5754; x_wconf 75' lang='lat' dir='ltr'><strong>via,</strong></span> <span class='ocrx_word' id='word_1_824' title='bbox 1255 5679 1492 5762; x_wconf 61' lang='lat' dir='ltr'><strong>iustitia,</strong></span> <span class='ocrx_word' id='word_1_825' title='bbox 1566 5679 1918 5746; x_wconf 55' lang='lat' dir='ltr'><strong>resurrectio.</strong></span> 
     </span>
    </p>
   </div>
  </div>
