4146 6190
604 279 761 343 1091

2070 281 2137 342 8.
2180 275 2560 344 AMBROSII

3784 289 3892 355 1092

599 422 797 470 autem
845 413 914 469 ad
956 411 1270 468 verborum
1319 410 1774 485 prolapsionem,
1832 428 1960 485 quae
2018 429 2133 469 non
2186 430 2253 468 ex
2283 415 2335 480 Α
2367 415 2660 470 affectum.
2695 411 3007 485 Premebat
3025 425 3242 481 vocem,
3273 407 3563 469 claudebat
3604 420 3766 486 portas
3798 438 3891 480 suas

597 502 885 560 sententia
938 505 1159 570 nostra,
1213 501 1315 557 sed
1373 501 1598 574 impetu
1652 502 1907 575 quodam
1967 504 2024 557 et
2077 518 2256 558 cursu

594 591 872 664 loquendi
904 590 1256 665 plerumque
1287 589 1653 647 funduntur:
1678 591 1835 664 quod
1860 589 2257 663 periculosum

593 697 726 737 esse
768 679 1055 753 Propheta
1107 692 1466 752 cognoscens
1514 679 1640 735 ait:
1675 703 1703 729 «
1737 679 1969 736 Credidi
2021 682 2259 753 propter

594 769 752 841 quod
801 767 1033 825 locutus
1086 784 1221 824 sum
1272 767 1445 839 (Psal.
1497 785 1626 832 cxv,
1680 768 1787 841 10).
1825 790 1853 818 ››
1884 769 2074 840 Supra
2120 769 2254 824 fun-

597 858 942 914 damentum
994 873 1132 929 ergo
1183 856 1420 912 virtutis
1469 873 1579 912 vox
1623 861 1752 913 tuta
1800 863 1921 925 est;
1955 857 2081 913 sine
2121 856 2253 913 fun-

595 947 893 1012 damento,
963 944 1209 1001 lubrica.
1292 945 1425 1000 Ideo
1507 946 1677 1018 quasi
1758 946 2016 1020 quodam
2101 946 2254 1001 tuba

593 1051 738 1091 sono
805 1032 1118 1107 Scriptum
1199 1032 1408 1089 divinae
1490 1034 1713 1091 electus
1792 1034 2081 1107 interpres
2159 1033 2256 1089 in-

591 1122 865 1196 crepuit:
903 1144 932 1173 ‹‹
962 1122 1147 1179 Corde
1196 1122 1456 1178 creditur
1504 1124 1576 1179 ad
1621 1123 1920 1195 justitiam
1953 1140 1966 1179 :
2014 1139 2111 1179 ore
2151 1139 2253 1178 au-

589 1216 708 1294 tem
741 1211 1028 1267 confessio
1060 1209 1125 1265 ﬁt
1164 1210 1236 1265 ad
1286 1210 1538 1267 salutem
1578 1214 1751 1281 (Rom.
1786 1230 1843 1281 x,
1876 1210 1985 1280 40).
2024 1234 2052 1261 ››
2086 1210 2256 1267 Fides

592 1299 954 1357 credentium
1014 1299 1356 1373 principalis
1414 1303 1525 1369 est,
1584 1300 1872 1357 confessio
1932 1297 2255 1355 exsecutio-

594 1406 710 1445 me.

663 1479 720 1536 5.
750 1478 1052 1542 Quomodo
1088 1477 1270 1548 igitur
1300 1477 1671 1551 proposuerit
1696 1481 1939 1533 sanctus
1967 1474 2255 1549 propheta

592 1567 795 1635 David,
824 1571 927 1622 aut
956 1571 1190 1638 propter
1218 1565 1359 1637 quid
1394 1566 1687 1622 custodire
1716 1566 1839 1621 vias
1863 1582 2021 1631 suas,
2056 1563 2257 1621 audia-

592 1673 726 1712 mus
761 1673 809 1712 :«
843 1654 917 1711 Ut
946 1671 1083 1721 non,
1118 1653 1329 1726 inquit.
1363 1655 1705 1727 delinquam
1738 1655 1795 1709 in
1827 1653 2031 1727 lingua
2061 1669 2249 1709 mea.»

2365 502 2620 569 silentio,
2654 501 3047 576 praetendebat
3071 499 3132 556 in
3169 516 3233 556 eo
3264 500 3548 572 patientia,
3580 508 3630 559 et
3667 506 3890 567 taciturni-

2364 592 2504 647 tatis
2533 591 2814 666 vigilabat
2840 589 3109 647 custodia
3139 606 3152 644 :
3187 605 3256 645 ne
3288 588 3550 647 inimicus
3587 592 3820 667 obrepret,
3846 617 3891 656 ne

2365 680 2436 736 de
2469 680 2740 737 claustris
2771 678 2891 736 oris
2918 693 3102 750 vagus
3131 676 3344 750 aliquis
3386 694 3564 735 sermo
3599 688 3650 736 et
3695 683 3889 745 incautus

2364 768 2563 826 exiret.
2599 770 2729 826 Ideo
2760 766 2964 824 fortior
2993 770 3082 823 est
3110 766 3355 839 patiens,
3388 766 3482 839 qui
3511 783 3569 824 se
3601 768 3761 842 ipsum
3796 791 3891 831 con.

2367 858 2533 926 tinet,
2569 873 2749 929 quam
2781 855 2881 929 qui
2914 854 3089 911 urbes
3118 853 3288 923 capit.
3320 854 3519 912 Justus
3545 854 3653 929 ipse
3678 858 3766 915 sibi
3789 860 3891 918 clau-

2364 950 2553 1002 strum
2585 949 2696 1011 est,
2732 945 2859 1017 ipse
2889 942 3000 999 sibi
3030 941 3270 1016 pervigil
3301 946 3511 999 custos.

2432 1035 2487 1089 7.
2520 1035 2664 1091 Cum
2697 1032 2809 1090 sibi
2860 1048 2997 1104 ergo
3044 1034 3170 1103 ipse
3218 1031 3600 1104 pretenderet,
3637 1032 3890 1106 loquebatur

2362 1123 2423 1178 in
2455 1139 2562 1179 suo
2608 1123 2780 1179 corde
2812 1138 2826 1177 :
2860 1143 2890 1172 «
2923 1120 3094 1177 Posui
3146 1118 3231 1175 ori
3283 1136 3410 1176 meo
3458 1121 3749 1191 custodiam,
3788 1126 3889 1183 dum

2363 1212 2632 1268 consistit
2680 1214 2951 1284 peccator
3003 1209 3311 1266 adversum
3362 1225 3471 1264 me.
3500 1228 3526 1261 ι
3561 1211 3699 1268 Adest
3718 1230 3891 1285 semper

2365 1298 2662 1366 inimicus,
2696 1297 2835 1371 quia
2881 1313 3114 1370 semper
3159 1296 3489 1353 insidiatur.
3520 1297 3625 1353 Etsi
3656 1297 3785 1355 illum
3804 1318 3889 1358 non

2360 1387 2546 1456 vides,
2592 1388 2759 1444 adest
2790 1404 2805 1443 :
2835 1386 2946 1443 etsi
2992 1385 3159 1442 illum
3217 1403 3335 1443 non
3386 1386 3576 1453 sentis,
3614 1387 3829 1444 incursat.
3849 1390 3886 1446 Si

2364 1494 2479 1533 non
2511 1477 2695 1544 vides,
2727 1475 2948 1532 videnti
2979 1475 3144 1533 crede
3180 1492 3194 1530 :
3228 1498 3256 1526 «
3292 1474 3607 1541 Constituit,
3632 1475 3887 1550 inquit,pec.

2363 1569 2522 1621 cator
2568 1566 2878 1621 adversum
2911 1580 3021 1619 me.
3060 1586 3086 1613 »
3116 1564 3226 1631 Qui
3257 1562 3411 1619 videt
3455 1567 3718 1635 peccatum
3754 1582 3884 1634 suum,

2359 1653 2518 1709 videt
2547 1653 2721 1709 etiam
2766 1657 3126 1726 peecatorem
3175 1651 3289 1708 sibi
3339 1652 3396 1706 in
3442 1651 3510 1707 iis
3552 1669 3664 1724 quas
3701 1654 3885 1727 gesserit,

593 1745 652 1800 Si
684 1744 797 1799 hoc
825 1747 987 1798 cavet
1018 1741 1392 1814 Propheta,tu
1415 1758 1528 1796 non
1554 1742 1761 1798 caves?
1791 1742 1849 1798 Si
1883 1742 1991 1797 hoc
2015 1741 2250 1809 motuit,
2280 1778 2328 1843 Β
2361 1741 2724 1799 illudentcm.
2758 1743 2865 1808 Qui
2897 1746 3091 1798 autem
3123 1745 3479 1814 peccatorem
3517 1741 3799 1813 praviderit,
3820 1759 3885 1814 po-

592 1832 652 1886 in
685 1847 801 1903 quo
833 1830 933 1886 Dei
967 1830 1154 1903 gratia
1185 1829 1556 1902 loquebatur,
1591 1834 1652 1885 tu
1702 1847 1819 1886 non
1868 1830 2103 1895 metuis,
2149 1831 2246 1901 qui

591 1920 809 1976 erroris
837 1919 1016 1976 verba
1046 1936 1160 1975 nou
1196 1919 1437 1991 refugis,
1486 1924 1543 1974 et
1589 1918 1978 1975 theatralibus
2028 1935 2248 1974 sermo-

592 2008 769 2065 nibus
798 2007 1148 2064 delectaris‘?
1175 2008 1258 2062 Tu
1295 2024 1412 2063 non
1445 2007 1812 2074 reformidas,
1837 2008 1928 2063 cui
1961 2007 2246 2080 scriptum

589 2103 680 2153 est
709 2096 766 2155 in
820 2096 1151 2170 Evangelio,
1182 2096 1321 2168 quia
1352 2096 1505 2152 844
1536 2113 1639 2167 pro
1669 2097 1827 2152 omni
1860 2096 2044 2152 otioso
2073 2096 2247 2152 verbo

590 2185 878 2242 rationem
934 2202 997 2241 es
1044 2186 1385 2241 redditurus
1442 2184 1654 2254 (Matth.
1704 2201 1803 2254 x11,
1857 2184 2013 2255 36))?
2043 2183 2103 2240 Si
2144 2200 2247 2255 pro

590 2273 777 2330 otioso
808 2274 981 2329 verbo
1014 2273 1340 2346 periculum
1371 2278 1480 2340 est,
1513 2277 1735 2344 quanto
1766 2272 1956 2344 magis
1994 2289 2097 2344 pro
2129 2273 2248 2328 cri-

592 2362 866 2418 minoso?
892 2361 1016 2417 Non
1048 2378 1218 2417 omne
1249 2361 1405 2433 quod
1437 2361 1777 2427 otiosum,et
1806 2360 2193 2417 criminosum
2229 2377 2242 2416 :

590 2451 691 2506 sed
724 2466 896 2506 omne
936 2451 1092 2523 quod
1142 2467 1257 2505 non
1311 2451 1697 2521 fructuosum,
1734 2449 2127 2521 periculosum
2159 2453 2245 2504 at-

590 2555 704 2612 que
735 2538 1111 2607 eradicabile;
1172 2539 1365 2594 omnis
1423 2539 1580 2594 enim
1640 2539 1812 2594 arbor
1868 2555 1985 2595 non
2024 2539 2246 2595 faciens

590 2629 875 2695 fructum,
906 2628 1225 2695 excidatur,
1258 2632 1314 2683 et
1346 2627 1404 2682 in
1430 2627 1626 2701 ignem
1658 2626 2094 2683 mittetur.Cum
2129 2644 2250 2683 mo-

587 2720 757 2773 vetur
807 2716 1063 2782 animus,
1115 2716 1444 2788 exagitetur
1490 2715 1934 2772 stimulantibus
1976 2715 2245 2772 adversa-

596 2804 720 2873 riis,
764 2805 1260 2878 obstrepentibus,
1313 2804 1722 2869 illudentibus,
1771 2803 2247 2871 criminantibus,

602 2893 817 2950 excidit
863 2894 1104 2950 verbum
1151 2892 1595 2960 commotionis;
1667 2892 1796 2948 ideo
1845 2891 2144 2948 silentium
2193 2896 2250 2947 et

587 2987 783 3039 tutum
818 2987 908 3039 est
933 2987 990 3038 et
1019 2983 1318 3048 decorum,
1350 2983 1508 3054 quod
1551 2985 1745 3038 servat
1789 2998 1923 3036 cum
1966 2981 2249 3053 gravitate

586 3070 900 3127 cautelam.
933 3071 1081 3136 Quid
1139 3072 1296 3126 enim
1356 3070 1510 3126 labia
1536 3075 1757 3139 nostra,
1810 3068 1924 3124 nisi
1977 3069 2245 3141 quaedam

2360 1835 2475 1887 test
2503 1832 2685 1887 vitare
2716 1835 3037 1903 peccatum.
3071 1829 3321 1885 Videbat
3351 1828 3520 1885 David
3550 1829 3802 1886 consistere
3819 1830 3884 1885 ad-

2356 1937 2594 1976 versum
2644 1936 2705 1976 se
2755 1924 3143 1992 peccatorem;
3174 1919 3412 1991 quando
3453 1917 3625 1974 Semei
3667 1918 3887 1974 maledice-

2357 2010 2459 2065 bat
2487 2014 2543 2065 et
2569 2008 2868 2087 lapidabat
2900 2024 3094 2082 regem
3127 2025 3328 2077 suum,
3361 2012 3419 2063 et
3445 2006 3699 2062 clamabat
3724 2025 3736 2062 :
3763 2028 3778 2054 -
3804 2006 3885 2071 Exi,

2357 2098 2446 2153 vir
2472 2097 2827 2169 sanguinum
2862 2099 2936 2169 (II
2964 2098 3087 2168 Reg.
3120 2114 3236 2166 xvi,
3264 2099 3343 2166 7).
3379 2120 3407 2147 ››
3435 2096 3617 2168 Neque
3651 2096 3772 2151 enim
3805 2099 3888 2150 tam

2358 2191 2688 2260 praeruptus
2716 2187 2881 2252 foret,
2913 2190 2978 2241 ut
3008 2202 3112 2242 nec
3141 2185 3292 2241 tanti
3326 2185 3477 2259 regis
3527 2183 3776 2241 reverentia
3798 2198 3888 2237 mo-

2356 2280 2606 2343 veretur,
2641 2291 2747 2330 nec
2776 2279 3066 2331 armatum
3106 2276 3238 2346 ejus
3268 2275 3496 2330 timeret
3522 2272 3889 2338 exercitum,cum

2358 2380 2513 2420 unus
2544 2364 2615 2420 de
2644 2363 2898 2419 exercitu
2947 2364 3075 2433 ejus
3124 2364 3542 2419 conviciantem
3572 2360 3799 2435 potuisset
3826 2376 3886 2414 oc-

2355 2454 2575 2519 cidere;
2619 2452 2719 2509 sed
2770 2459 3063 2508 amentem
3113 2451 3385 2506 diabolus
3433 2451 3644 2516 fecerat,
3688 2447 3765 2522 qui
3799 2462 3886 2504 eum

2355 2541 2695 2614 impellebat
2725 2542 2796 2597 ad
2830 2547 3098 2597 mortem.
3134 2540 3265 2596 Ideo
3293 2539 3464 2595 David
3495 2541 3734 2595 adversus
3755 2540 3886 2592 auctoo

2354 2646 2478 2686 rem
2529 2629 2717 2702 magis
2766 2629 3156 2702 pneliabatur,
3193 2644 3373 2700 quam
3425 2627 3722 2683 ministrum
3758 2639 3886 2697 perse-

2355 2720 2663 2792 quebatur.
2697 2718 2844 2785 Quid
2879 2718 3034 2773 enim
3066 2717 3455 2787 magnum,de
3481 2715 3692 2771 homiue
3714 2711 3887 2769 invalido

2356 2808 2507 2865 845
2540 2806 2838 2870 vindicari,
2873 2822 3046 2879 quem
3096 2807 3167 2861 ad
3216 2805 3477 2861 furorem
3532 2803 3661 2859 alter
3704 2800 3887 2875 urgebat,

2354 2898 2410 2952 in
2446 2898 2616 2969 cujus
2665 2912 2803 2951 nece
2852 2899 3117 2966 peccator
3164 2894 3472 2951 habuisset
3513 2889 3777 2949 voluntatis
3802 2888 3889 2943 ell‘e-

2354 2972 2552 3041 ctum?
2581 2984 2703 3039 Non
2735 2983 2929 3056 gladio
2961 2981 3253 3051 diabolus,
3272 2984 3371 3039 sed
3403 2982 3566 3037 verbo
3593 2980 3679 3036 Dei
3699 2977 3887 3038 vincitur;

2356 3075 2486 3130 ideo
2517 3076 2705 3129 taceat
2735 3073 2939 3144 lingua
2969 3071 3253 3140 hominis,
3288 3072 3388 3128 Dei
3419 3072 3653 3126 Verbum
3678 3068 3886 3139 loquatur.

589 3165 791 3216 nostra
836 3158 1069 3217 vincula
1116 3160 1293 3215 sunt?
1342 3159 1605 3231 Denique
1660 3157 1911 3212 vinculis
1954 3157 2244 3213 labiorum
2277 3142 2317 3209 C
2357 3163 2615 3233 Denique
2645 3166 2697 3216 et
2729 3142 2997 3216 Christus
3051 3160 3288 3217 tacebat
3342 3164 3472 3216 ante
3516 3157 3661 3214 Pilati
3681 3152 3888 3228 judicium

587 3248 828 3305 suorum
863 3249 1276 3320 unusquisque
1307 3246 1890 3319 constringiturJdeo
1912 3245 2147 3317 sapiens
2178 3245 2237 3300 in

587 3343 850 3410 tempore
882 3341 1051 3402 tacet,
1080 3341 1137 3391 et
1163 3351 1363 3391 secum
1396 3336 1520 3406 ipse
1551 3334 1880 3389 considerat
1924 3350 2039 3406 quo
2087 3339 2239 3391 tem-

592 3441 730 3496 pore
764 3424 922 3495 loqui
952 3424 1181 3479 debeat.
1208 3422 1287 3478 De
1318 3439 1431 3495 quo
1463 3422 1738 3495 praeclare
1769 3423 1892 3494 ipse
1922 3421 2195 3479 Salomon
2224 3441 2236 3477 :

587 3533 615 3561 «
652 3510 831 3567 Labia
860 3510 1142 3583 sapientis
1173 3509 1410 3582 alligata
1440 3515 1581 3567 sunt
1611 3511 1905 3568 intellectu
1930 3513 2113 3584 (Prov.
2145 3530 2238 3578 xv,

583 3601 640 3654 7.
676 3621 703 3650 »
755 3600 996 3667 Quando
1052 3616 1189 3672 ergo
1241 3599 1426 3667 vides,
1490 3599 2237 3673 illudentibus‘protervis.

587 3686 911 3760 sapientem
947 3692 1158 3753 tacere,
1194 3687 1285 3744 dic
1318 3705 1330 3743 :
1364 3688 1586 3762 Ligavit
1616 3688 1723 3744 iste
1755 3688 2051 3745 intellectu
2088 3689 2241 3744 labia

587 3793 728 3844 sua;
766 3776 874 3831 hoc
906 3780 1013 3841 est,
1039 3776 1357 3849 prudenter
1383 3780 1558 3841 tacet,
1574 3793 1645 3832 ne
1676 3775 1961 3832 labiorum
1997 3792 2237 3832 suorum

582 3862 834 3921 vinculis
863 3862 1157 3937 alligetur.
1192 3864 1395 3921 Posuit
1424 3865 1509 3921 ori
1542 3881 1649 3921 suo
1680 3866 2029 3931 custodiam,
2058 3865 2243 3937 sepsit

584 3970 758 4010 aures
815 3970 954 4009 suas
1014 3953 1225 4025 spinis,
1258 3958 1481 4008 vectem
1532 3953 1801 4009 adhibuit
1850 3953 2073 4009 foribus
2122 3953 2241 4009 oris

588 4043 703 4106 sui,
738 4047 931 4098 servat
958 4041 1302 4109 thesaurum
1336 4042 1528 4097 cordis
1561 4042 1652 4097 sui
1686 4047 1743 4098 ct
1772 4046 2080 4113 argentum
2122 4041 2237 4097 elo-

586 4129 711 4204 quii
770 4129 883 4197 sui,
927 4133 991 4185 ut
1044 4129 1442 4185 examinatum
1500 4135 1558 4185 et
1607 4136 1943 4203 purgatum,
2006 4131 2240 4202 quando

494 4214 505 4221 ”
593 4221 838 4293 oportet,
874 4218 1156 4291 proferat;
1190 4234 1259 4274 ne
1318 4219 1634 4292 quisquam
1685 4222 1849 4291 prius
1884 4221 1977 4275 fur
2022 4220 2077 4274 in
2112 4222 2240 4291 ejus

590 4313 691 4363 aut
721 4308 1092 4381 perturbator
1122 4308 1432 4381 irrumpat,
1464 4312 1521 4363 et
1550 4308 1619 4364 ad
1665 4326 1763 4365 cos
1794 4310 2083 4381 captivum
2126 4314 2239 4385 tra;

580 4395 704 4462 bat,
737 4396 954 4468 quibus
985 4395 1204 4469 flagitia
1235 4414 1343 4452 sua
1374 4397 1609 4453 vendat.

2347 3251 2724 3317 constitutus,
2760 3254 2825 3304 ut
2876 3248 3043 3304 nobis
3088 3249 3258 3305 daret
3302 3250 3544 3305 formam
3571 3243 3774 3311 tacendi,
3798 3240 3892 3311 quia

2350 3341 2549 3413 lingua
2575 3339 2835 3410 corporis
2864 3336 3051 3394 facilis
3082 3342 3172 3393 est
3202 3339 3281 3394 ad
3313 3353 3580 3401 errorem,
3608 3330 3816 3407 proclivis
3842 3325 3891 3381 ad

2350 3428 2763 3500 lapsum.Sunt
2790 3430 2986 3482 autem
3008 3429 3066 3482 et
3087 3425 3186 3498 qui
3212 3430 3477 3483 tacentes
3506 3415 3892 3497 loquantur,sicut

2350 3518 2575 3590 Moyses
2626 3516 2725 3588 qui
2775 3514 2970 3571 stabat
3017 3515 3330 3583 attonitus,
3365 3520 3423 3571 et
3446 3513 3663 3577 tacebat,
3687 3506 3760 3563 cui
3787 3502 3894 3559 dixit

2348 3607 2557 3661 tacenti
2612 3610 2760 3661 Deus
2793 3610 2869 3659 :‘«
2904 3602 3053 3670 Quid
3099 3602 3326 3663 clamas
3374 3604 3447 3659 ad
3499 3618 3582 3657 me
3625 3594 3777 3670 (Exod.
3812 3607 3892 3657 xw.

2351 3696 2485 3765 15)»
2534 3693 2605 3749 Ut
2653 3693 2945 3759 Susanna,
2978 3707 3106 3763 quae
3164 3692 3359 3749 tacuit
3405 3692 3465 3747 in
3519 3684 3750 3763 periculis
3791 3678 3888 3743 suis,

2347 3791 2401 3837 et
2464 3780 2741 3836 Dominus
2796 3779 3090 3835 exaudivit
3143 3796 3299 3836 eam.
3355 3780 3501 3854 Ergo
3552 3772 3744 3834 etiamsi
3778 3769 3821 3824 in
3852 3769 3891 3819 te

2349 3870 2587 3926 verbum
2622 3869 2717 3926 Dei
2748 3868 2851 3938 sit;
2884 3873 2941 3924 et
2970 3868 3194 3926 tacebis
3221 3869 3285 3926 in
3317 3870 3418 3925 Dei
3447 3867 3626 3929 verbo,
3660 3867 3707 3919 et
3742 3858 3888 3914 tacitus

2348 3958 2650 4027 clamabis,
2682 3964 2747 4014 ut
2774 3957 3036 4014 audieris
3065 3976 3099 4014 a
3133 3958 3386 4015 Christo.

2418 4050 2470 4103 8.
2506 4047 2783 4103 Meditare
2813 4064 2951 4121 ergo
2984 4064 3112 4120 quae
3143 4046 3364 4104 Christi
3413 4051 3567 4117 sunt,
3608 4057 3713 4116 quae
3753 4045 3890 4092 secum

2352 4136 2748 4193 meditabatur
2777 4136 3062 4209 propheta
3093 4135 3297 4204 David,
3318 4138 3377 4192 in
3411 4152 3521 4210 quo
3551 4150 3613 4191 ea
3636 4144 3740 4204 que
3756 4134 3893 4181 secum

2345 4225 2404 4281 in
2437 4225 2546 4282 hoc
2576 4224 2804 4298 psalmo
2835 4225 3185 4281 meditatum
3216 4240 3349 4281 esse
3397 4242 3459 4281 se
3486 4223 3637 4287 dicit,
3664 4220 3767 4274 ante
3785 4213 3835 4298 in,
3849 4221 3894 4262 εο

2344 4297 2693 4370 locutusrest
2721 4312 3008 4369 Christus.
3045 4313 3137 4368 Sic
3166 4314 3325 4370 enim
3356 4313 3629 4385 scriptum
3654 4311 3722 4365 est
3744 4321 3788 4357 ξι
3811 4297 3894 4368 ES“

2347 4407 2545 4458 autem
2594 4419 2727 4458 cum
2781 4402 2839 4457 in
2892 4402 3088 4474 aliquo
3121 4401 3269 4457 mihi
3303 4401 3529 4458 molesti
3569 4403 3718 4461 esset,
3752 4388 3894 4446 indue-

653 4485 707 4538 6.
726 4483 1131 4574 ΔΜεθᾶίιεὼεὶωῐ·
1158 4486 1346 4542 Judas
1377 4485 1674 4542 Christum
1709 4487 1971 4552 vendere,
2005 4488 2105 4542 sed
2148 4503 2235 4542 re-
2266 4509 2314 4574 Ι)
2347 4493 2482 4548 bam
2504 4508 2596 4547 me
2618 4491 2836 4558 cilicio;
2869 4495 2926 4545 et
2955 4490 3346 4547 humiliabam
3390 4491 3450 4546 in
3484 4487 3691 4562 jejunio
3715 4480 3897 4574 anitntlm

580 4571 823 4627 vocabat
853 4588 986 4626 eum
1021 4578 1184 4628 tanta
1214 4573 1444 4629 Domini
1474 4575 1684 4648 gratia,
1715 4581 1773 4631 et
1811 4576 2075 4647 quaedam
2130 4592 2234 4648 pa-

581 4666 760 4716 ternae
791 4659 1176 4716 delinimentn
1210 4661 1464 4732 pietatis,
1497 4662 1714 4734 quibus
1746 4663 1907 4719 furor
1935 4665 2064 4736 ejus
2097 4662 2237 4718 mol-

582 4748 836 4806 liebatur
866 4768 879 4805 :
915 4765 1019 4805 nec
1072 4751 1362 4822 erupisset
1409 4751 1467 4805 in
1518 4750 1728 4818 scelus,
1764 4751 1874 4808 nisi
1920 4769 1981 4808 se
2032 4753 2088 4806 in
2140 4767 2240 4806 cor

582 4839 734 4910 ejus,
758 4838 899 4910 quia
930 4837 1224 4894 Christum
1260 4837 1459 4893 tallere
1492 4855 1552 4894 se
1579 4839 1843 4910 putabat,
1869 4838 2239 4896 adversarius

580 4927 981 4984 demersisset.
1009 4926 1132 4981 Non
1186 4943 1321 4997 ergo
1374 4926 1609 4983 dubites
1640 4929 1874 4999 quando
1906 4928 2088 5001 aliqui
2129 4928 2237 4984 tibi

586 5014 820 5071 molesti
869 5020 1010 5095 sunt
1066 5015 1276 5070 volenti
1334 5032 1563 5071 servare
1586 5017 1880 5087 justitiam
1939 5019 2239 5073 ministros

580 5119 709 5159 esse
742 5102 905 5160 illius
928 5102 1280 5177 nequissimi
1311 5103 1653 5177 peccatoris,
1689 5105 1791 5177 qui
1821 5106 2087 5163 omnium
2131 5126 2239 5166 au-

584 5197 708 5248 ctor
762 5196 854 5249 est
913 5192 1290 5265 ﬂagitiorum.
1342 5191 1590 5248 Videbat
1646 5194 1823 5249 David
1881 5196 2241 5268 propheticis

586 5280 791 5346 oculis,
826 5282 1179 5354 agnoscebat
1207 5282 1336 5354 ejus
1370 5281 1650 5354 figuram;
1699 5280 1830 5338 ideo
1880 5285 2129 5353 tacebat,
2170 5305 2242 5346 ne

581 5366 744 5425 illius
777 5369 992 5426 taceret
1037 5370 1419 5440 voluntatem,
1469 5369 1572 5443 qui
1624 5370 2014 5429 interturbare
2064 5378 2243 5448 gestit

2348 4598 2561 4648 meam,
2597 4585 2653 4635 et
2713 4579 2898 4635 oratio
2952 4596 3081 4635 mea
3137 4578 3194 4634 in
3258 4580 3395 4635 sinu
3454 4595 3574 4634 meo
3626 4566 3898 4631 convertet!!!

2347 4670 2517 4741 (Psal.
2552 4686 2743 4735 xxxrv,
2778 4667 2889 4739 13.)
2923 4690 2951 4717 »
2983 4668 3131 4734 Quid
3160 4674 3250 4724 est
3288 4670 3350 4724 in
3395 4668 3610 4740 aliqua?
3651 4659 3770 4728 Quia
3804 4657 3894 4741 tunc

2349 4758 2601 4814 maxime
2657 4761 2761 4813 aut
2810 4773 3004 4814 sermo
3050 4775 3167 4814 non
3216 4762 3578 4831 Opportunus
3602 4736 3897 4831 elabitumui

2348 4846 2592 4901 atlectus
2647 4850 2938 4913 movetur;
2978 4846 3212 4919 quando
3251 4824 3340 4900 vel
3395 4845 3453 4900 in
3497 4842 3674 4899 dolore
3698 4824 3897 4923 aliquit"?t

2348 4934 2587 4989 tristitia
2619 4951 2849 4997 sumus,
2880 4932 2969 4989 vel
3002 4934 3408 5005 indignatione
3449 4932 3666 4990 animus
3691 4914 3894 5012 ωετωφ»

2350 5023 2439 5079 vel
2471 5022 2771 5095 aliquibus
2819 5022 3322 5080 sollicitudinibus
3372 5021 3688 5095 impeditur,
3715 5013 3793 5069 aut

2351 5093 2782 5185 ceptationibus
2811 5116 3152 5185 occupatur.
3182 5112 3290 5179 Qui
3339 5093 3517 5186 igitur
3566 5096 3797 5186 molesti?

2353 5174 2515 5256 mum
2560 5201 2631 5256 de
2671 5199 2799 5273 ipso
2833 5174 3069 5257 auctore
3094 5174 3313 5274 peccati
3337 5174 3397 5257 et
3423 5196 3633 5271 angelis
3662 5190 3765 5249 suis
3785 5174 3894 5239 intel-

2351 5288 2495 5363 lige;
2529 5289 2741 5345 deinde
2770 5290 2841 5345 de
2872 5289 2946 5346 iis
2978 5291 3077 5363 qui
3125 5291 3355 5347 malunt
3403 5300 3669 5361 sequaces
3695 5277 3892 5372 83αῇεὲ

2352 5350 2493 5451 (ἐὼν,
2522 5394 2700 5451 quam
2729 5377 2968 5436 Christi.
2993 5350 3333 5454 ‘Impellitur
3362 5350 3526 5445 uxor,
3554 5377 3615 5430 ut
3654 5350 3804 5427 sancti
3823 5350 3889 5414 Job

658 5597 771 5679 (80)
803 5597 944 5659 Cod.
977 5600 1117 5679 Reg.
1151 5605 1211 5664 et
1248 5601 1347 5662 alii
1378 5606 1633 5682 quatuor
1664 5619 1796 5663 cum
1831 5608 1953 5664 ant.
1987 5605 2151 5679 edit,
2185 5608 2248 5671 in
2286 5624 2498 5689 mai-3.,
2520 5611 2619 5693 qui
2643 5611 2864 5675 malunt
2890 5627 2947 5676 se
2968 5627 3099 5676 ναεα
3124 5612 3240 5695 ejus
3262 5627 3391 5676 esse.
