4078 6196
232 331 390 396 1093

1237 280 1696 397 sumasne
1740 332 1816 396 IN
1862 331 2241 398 PSALMUM
2286 330 2619 399 xxxvm.

3485 334 3641 397 1094

231 466 369 535 (Job.
404 482 468 531 II,
502 466 569 521 10
597 471 648 522 et
674 464 872 535 alibi):
907 465 1152 534 amicus,
1187 465 1329 538 quid
1359 466 1419 522 in
1451 466 1548 522 illo
1579 467 1703 539 ipso
1733 466 1882 524 libro
1912 470 1965 534 Α
1995 484 2146 523 cum.
2187 467 2319 522 Plus
2367 473 2455 523 est
2511 468 2772 541 diligere,
2835 482 3014 538 quam
3067 466 3444 522 benedicere:
3507 468 3644 538 quia

229 555 684 625 manifestatur;
716 555 892 625 ﬁlius,
926 559 991 611 ut
1016 553 1374 622 Abessalon;
1426 572 1648 622 servus,
1706 555 1881 611 liber-

225 649 350 712 tus,
382 644 778 713 domesticus;
809 645 947 718 quia
975 643 1201 700 inimici
1232 644 1493 701 hominis
1547 644 1724 700 etiam
1773 645 1880 700 do-

225 733 458 788 mestici
488 734 640 806 ejus,
671 737 734 789 ut
763 733 1056 807 exagitent
1084 750 1219 789 eum
1251 733 1669 807 singuli.Quod
1703 733 1885 806 igitur

223 820 552 878 remedium
583 822 863 879 adversus
893 821 1232 894 hujusmodi
1284 822 1616 878 animorum
1647 821 1880 895 aegritu-

223 909 414 979 dines,
449 911 562 967 nisi
593 911 897 984 patientia,
932 911 1047 968 nisi
1074 911 1374 968 silentium
1395 910 1423 965 ‘I
1450 912 1535 979 Et,
1596 911 1750 983 quod
1791 914 1882 966 est

224 1000 483 1074 gravius,
517 999 616 1056 ille
647 1004 703 1056 te
733 1001 923 1074 magis
962 1001 1218 1069 lacessit,
1281 1001 1379 1073 qui
1439 1000 1706 1057 benficiis
1760 1001 1880 1057 tuis

225 1107 372 1146 usus
403 1089 526 1146 sit:
569 1093 626 1145 et
671 1089 824 1146 inter
878 1090 1038 1162 ipsos
1091 1089 1346 1162 amplius
1399 1089 1492 1146 ille
1549 1093 1875 1162 exasperat,

226 1179 328 1252 qui
360 1178 494 1252 plus
524 1178 629 1233 tibi
659 1178 868 1234 debeat
896 1197 909 1246 ;
943 1196 1058 1251 quo
1100 1179 1288 1251 magis
1345 1178 1559 1251 ingrati
1619 1177 1878 1233 hominis

223 1267 558 1337 acerbitate,
589 1271 692 1322 aut
716 1266 846 1322 vilis
905 1265 1158 1339 alicujus
1216 1283 1477 1339 personae
1527 1266 1878 1338 indignitate

227 1373 534 1414 movearis.

297 1466 350 1520 9.
383 1464 530 1536 Ergo
552 1463 777 1534 justus,
808 1463 916 1519 etsi
949 1461 1175 1518 amicus
1205 1462 1255 1518 ei
1286 1466 1377 1518 est
1407 1460 1688 1529 insolens,
1719 1458 1879 1516 dolet

225 1570 330 1627 pro
359 1553 568 1620 amico;
601 1551 738 1623 quia
767 1551 982 1608 idcirco
1015 1550 1239 1607 amicus
1271 1567 1415 1607 suus
1444 1549 1680 1617 labitur,
1741 1549 1880 1622 quia

228 1644 566 1698 atentatore
597 1639 941 1713 impellitur.
975 1640 1036 1695 Si
1067 1655 1170 1711 pro
1209 1639 1396 1694 amico
1453 1637 1630 1709 dolet,
1691 1637 1878 1693 multo

227 1730 415 1804 magis
440 1746 544 1802 pro
575 1745 774 1795 uxore,
807 1746 911 1800 pro
939 1728 1092 1784 filio:
1128 1729 1177 1784 si
1208 1745 1307 1784 eos
1349 1744 1582 1800 quoque
1613 1727 1725 1783 sibi
1785 1728 1878 1781 in-

1994 556 2182 627 major
2209 560 2297 612 est
2323 555 2536 613 mentis
2565 556 2820 621 dilectio,
2854 572 3032 628 quam
3088 554 3376 612 sermonis
3432 557 3638 626 gratia.

1991 644 2198 700 Justus
2230 645 2519 701 benefacit
2546 646 2594 700 ei
2619 645 2790 717 cujus
2809 645 2960 700 odiis
2991 644 3282 717 appetitus
3303 647 3412 700 est.
3435 643 3642 699 Justus

1991 737 2117 789 orat
2148 749 2250 806 pro
2283 733 2802 790 calumniantibus.
2836 734 2996 789 Bona
3020 733 3299 801 charitas,
3345 737 3402 788 et
3457 732 3643 806 pietas

1991 822 2176 877 bona:
2211 827 2530 895 utrumque
2561 824 2682 887 Dei,
2717 829 2774 879 et
2806 827 3121 895 utrumque
3155 827 3243 879 est
3272 828 3423 878 Deus
3451 841 3464 891 ;
3506 822 3645 895 quia

1989 913 2228 968 charitas
2282 915 2358 968 est.
2415 914 2576 978 Deus,
2637 917 2703 967 ut
2759 912 2902 967 dixit
2957 913 3216 968 Joannes
3271 912 3330 966 in
3395 911 3645 985 epistola

1991 1002 2036 1072 (1
2063 1003 2217 1058 Ιοαη.
2256 1019 2330 1070 ιν,
2365 1002 2474 1072 16).
2510 1002 2643 1057 Ideo
2696 1007 3014 1073 utrumque
3073 1002 3455 1073 conjunctum
3511 1005 3644 1056 est:

1990 1112 2017 1140 ‹‹
2052 1089 2283 1162 Diligite
2314 1090 2585 1147 inimicos
2630 1095 2920 1146 vestros...
2955 1097 3011 1146 et
3054 1095 3212 1146 orate
3259 1107 3361 1163 pro
3419 1088 3644 1146 calum-

1988 1178 2290 1234 niantibus
2319 1183 2377 1234 et
2408 1180 2897 1252 persequentibus
2927 1196 3049 1234 vos.
3075 1203 3100 1228 ››
3139 1179 3442 1234 Plenitudo
3474 1179 3644 1252 Legis

1987 1272 2076 1322 est
2103 1266 2392 1324 charitas:
2449 1269 2550 1323 sed
2583 1269 2764 1323 etiam
2814 1267 2934 1322 haec
2991 1267 3285 1340 Evangelii
3341 1266 3643 1340 plenitudo

1987 1371 2090 1426 pro
2116 1354 2614 1412 calumniantibus
2659 1361 2716 1412 et
2763 1357 3252 1428 persequentibus
3314 1373 3421 1412 nos
3472 1356 3645 1428 jubet

1988 1458 2172 1511 orare,
2207 1446 2271 1498 ut
2301 1445 2552 1515 peccatis
2577 1461 2779 1500 eorum
2799 1444 3024 1500 veniam
3057 1443 3458 1516 postulemus;
3492 1443 3646 1500 sicut

1988 1531 2183 1586 divino
2205 1532 2431 1602 judicio
2459 1532 2568 1588 Job
2603 1537 2842 1588 sanctus
2865 1533 3085 1589 electus
3117 1536 3223 1601 est,
3259 1533 3430 1604 cujus
3461 1533 3643 1590 oratio

1989 1635 2192 1693 regum
2225 1619 2461 1677 illorum
2493 1621 2981 1678 calumniantium
3005 1623 3168 1693 justo
3192 1621 3448 1679 aboleret
3464 1623 3644 1678 offen-

1990 1725 2116 1764 sam
2149 1709 2284 1776 (Job.
2319 1727 2453 1775 XLII,
2484 1711 2567 1778 8).

228 1819 482 1876 solantes
511 1818 883 1892 experiatur;
918 1825 973 1874 et
998 1818 1048 1874 si
1080 1818 1258 1874 frater
1285 1818 1556 1889 exagilat,
1609 1821 1672 1872 ut
1726 1817 1878 1871 Esau
1913 1840 1959 1904 Β
2068 1816 2148 1869 t1.
2184 1814 2329 1887 Ergo
2358 1814 2466 1870 etsi
2498 1815 2768 1871 inlirmus
2803 1833 2884 1881 es,
2909 1833 3012 1871 ora
3037 1835 3050 1882 ;
3075 1817 3181 1871 etsi
3205 1817 3370 1873 fortis
3399 1833 3483 1886 es,
3517 1836 3636 1876 ora.

226 1914 498 1966 sanctum
526 1907 729 1974 Jacob,
761 1906 918 1962 dolet
938 1911 996 1962 et
1026 1907 1233 1979 quaerit
1261 1905 1373 1962 sibi
1405 1905 1641 1960 fratrem
1682 1921 1881 1960 recon-

230 1997 446 2065 ciliare,
471 1995 560 2051 vel
589 1995 787 2067 fugere
814 2013 846 2051 a
876 1995 1022 2051 Iacie
1067 1996 1215 2067 ejus,
1248 1999 1316 2050 ut
1361 1994 1619 2050 Rebecca
1672 1994 1882 2050 suade-

228 2087 348 2154 bat,
381 2101 454 2142 ne
483 2084 786 2141 iracundia
818 2084 1010 2140 fratris
1051 2084 1414 2140 occasionem
1472 2082 1719 2139 nocendi
1778 2081 1883 2138 ali-

231 2192 410 2247 quam
441 2174 720 2247 reperiret
754 2192 767 2242 ;
800 2177 856 2229 et
886 2173 935 2228 si
983 2172 1286 2246 proximus
1343 2176 1445 2228 aut
1500 2171 1881 2239 domesticus,

229 2263 426 2330 dolet;
461 2267 517 2318 et
538 2263 588 2318 si
616 2261 905 2328 minister,
939 2266 1039 2317 aut
1067 2260 1336 2330 libertus,
1389 2265 1490 2315 aut
1518 2277 1740 2328 servus,
1775 2259 1885 2314 fert

227 2352 535 2423 patienter,
567 2355 625 2406 et
654 2351 712 2404 in
737 2349 829 2406 his
871 2349 1146 2405 omnibus
1177 2352 1328 2405 tacet
1360 2367 1372 2404 :
1429 2364 1502 2403 ne
1541 2348 1592 2403 ei
1642 2363 1882 2419 respon-

225 2441 381 2508 deat,
414 2457 450 2495 a
479 2454 594 2512 quo
625 2454 760 2494 eum
792 2438 976 2495 cernit
1024 2437 1266 2510 impelli.
1317 2435 1688 2494 Conviciatur
1743 2452 1880 2508 ergo

222 2546 292 2586 ex
324 2528 665 2584 domesticis
694 2527 912 2600 aliquis
938 2531 962 2584 Ρ
1009 2526 1168 2584 dolet
1197 2531 1254 2583 et
1279 2529 1465 2594 tacet;
1519 2524 1886 2581 conviciatur

227 2617 476 2673 libertus
497 2615 525 2670 ?
550 2620 721 2685 tacet,
755 2615 1114 2672 conviciatur
1144 2615 1389 2672 servus?
1419 2618 1588 2671 tacet.
1621 2615 1716 2670 Sic
1763 2613 1884 2669 vin-

230 2706 384 2763 citur
412 2706 513 2779 qui
542 2705 818 2778 laqueum
845 2707 974 2778 ejus
1004 2706 1211 2761 animae
1253 2722 1356 2776 per
1385 2721 1576 2761 escam
1607 2705 1765 2760 vocis
1789 2720 1882 2759 ex-

231 2795 438 2852 tendit.
473 2795 621 2851 Tace
653 2812 789 2867 ergo
820 2799 876 2850 et
907 2799 967 2850 tu
1003 2811 1139 2850 cum
1171 2793 1574 2866 tibiindignus
1600 2792 1884 2849 convicia-

233 2889 350 2952 tur,
380 2888 508 2940 tace
536 2900 672 2940 cum
701 2883 804 2939 tibi
840 2899 1064 2951 servus,
1097 2886 1154 2938 et
1183 2881 1438 2938 maxime
1468 2886 1629 2950 tuus,
1680 2886 1885 2936 contu-

241 2973 476 3030 meliam
524 2973 681 3041 facit,
732 2977 800 3028 et'
833 2973 927 3027 dic
970 2971 1030 3026 in
1083 2972 1255 3027 corde
1318 2975 1454 3026 tuo:
1506 2971 1624 3043 Ego
1686 2975 1883 3025 taceo:

244 3085 272 3114 «
303 3062 387 3118 Tu
417 3064 613 3118 autem
653 3078 724 3117 ne
753 3065 968 3127 taceas,
998 3060 1241 3116 Domine
1272 3060 1441 3131 (Psal.
1483 3076 1669 3127 xxxxv,
1708 3059 1822 3129 22),
1856 3082 1883 3110 ››

238 3156 295 3207 et
321 3152 471 3207 adde
498 3167 512 3206 :
541 3174 569 3201 α
603 3151 686 3206 Ne
716 3149 986 3205 discedas
1013 3166 1048 3204 a
1076 3166 1188 3218 me,
1220 3171 1248 3198 »
1280 3152 1344 3204 ut
1372 3148 1553 3205 David
1601 3147 1888 3220 propheta

237 3241 502 3308 dicebat;
532 3240 640 3295 hoc
669 3244 778 3306 est,
820 3254 891 3294 ne
923 3237 1112 3293 solum
1138 3209 1230 3292 me
1266 3209 1754 3310 impugnantibus
1787 3237 1884 3292 de-
1917 3209 1958 3275 ρ

235 3329 556 3402 relinquas.
588 3327 714 3383 Non
745 3330 831 3382 est
862 3326 1018 3381 enim
1051 3324 1233 3394 solus,
1280 3326 1372 3380 cui
1423 3325 1578 3381 Deus
1631 3342 1886 3396 praesens

235 3423 342 3476 est.
370 3416 578 3489 Accipe
607 3414 1012 3472 testmonium.
1049 3436 1077 3464 «
1111 3415 1275 3481 Ecce,
1307 3413 1521 3484 inquit,
1545 3413 1702 3468 venit
1719 3413 1884 3480 hora,

236 3513 299 3563 ut
328 3504 750 3580 dispergamini
781 3501 1193 3573 unusquisque
1223 3501 1281 3556 in
1309 3517 1438 3569 sua,
1471 3506 1530 3557 et
1587 3501 1741 3557 846
1794 3517 1887 3555 me

231 3595 427 3652 solum
457 3593 833 3665 relinquatis;
866 3591 962 3647 sed
999 3607 1113 3644 non
1172 3606 1304 3646 sum
1364 3588 1548 3658 solus,
1607 3589 1885 3661 quoniam

231 3685 404 3740 Pater
426 3696 658 3738 mecum
687 3684 776 3737 est
806 3681 986 3752 (Joan.
1023 3695 1130 3745 xw,
1164 3678 1275 3749 32).
1313 3699 1340 3727 »

303 3791 392 3846 10.
426 3789 632 3845 Justus
662 3802 798 3858 ergo
840 3787 1120 3842 adversus
1176 3783 1492 3841 insolentes
1547 3784 1657 3840 sibi
1715 3787 1885 3852 tacet,

231 3883 430 3954 justus
459 3881 603 3933 orat.
636 3876 784 3932 Audi
808 3875 1042 3946 justum
1065 3878 1329 3931 orantem
1361 3892 1374 3930 :
1400 3897 1428 3925 «
1447 3875 1571 3932 .Pro
1602 3890 1668 3930 eo
1702 3878 1766 3929 ut
1795 3889 1889 3929 me

232 3968 560 4038 diligerent,
592 3964 979 4020 detrahebant
1008 3961 1190 4018 mihi:
1233 3979 1338 4036 ego
1392 3966 1587 4019 autem
1647 3962 1888 4017 orabam

232 4055 411 4128 (Psal.
443 4071 601 4121 cvm,
635 4054 710 4125 4).
745 4075 773 4103 ››
796 4055 999 4124 justus
1031 4049 1520 4108 maledicentibus
1551 4049 1661 4106 sibi
1709 4051 1888 4106 bene-

232 4145 414 4213 dicit;
450 4148 515 4200 ut
543 4142 833 4198 faciebant
862 4141 1132 4214 apostoli,
1195 4139 1349 4196 sicut
1405 4138 1623 4195 Paulus
1680 4137 1890 4196 asserit

232 4235 469 4291 dicens:
505 4255 533 4283 ‹‹
564 4230 990 4297 Maledicimur,
1023 4233 1080 4286 et
1110 4228 1512 4284 benedicimus
1542 4229 1590 4300 (ι
1628 4229 1748 4285 Cor.
1809 4245 1886 4288 ιν,

233 4325 344 4395 13).
381 4345 408 4374 ››
438 4323 647 4378 Justus
677 4319 868 4392 diligit
896 4317 1166 4374 inimicos
1197 4333 1358 4373 suos.
1405 4317 1548 4372 Vide
1603 4321 1888 4389 quemad-

231 4414 476 4468 modum
507 4409 791 4483 paulatim
824 4425 928 4481 per
983 4407 1201 4480 gradus
1249 4405 1516 4478 singulos
1574 4408 1888 4463 ascendere

227 4485 471 4558 docetur
504 4501 574 4555 ad
610 4499 974 4554 incrementa
1002 4496 1312 4562 virtutum,
1348 4494 1574 4550 dicente
1604 4495 1883 4552 Lomino:

1995 1903 2272 1958 Inﬁrmus
2301 1921 2405 1976 pro
2437 1909 2492 1960 te
2521 1921 2674 1971 oras,
2705 1906 2870 1960 fortis
2903 1922 3006 1977 pro
3040 1905 3278 1961 inimico
3334 1910 3437 1963 tuo
3490 1923 3644 1964 oras.

1993 1992 2219 2048 Bonum
2252 1999 2486 2048 scutum
2518 1993 2902 2059 infirmitatis,
2963 1995 3168 2050 oratio.
3231 1996 3319 2051 Tu
3377 2013 3531 2064 oras,
3589 2001 3649 2053 et

1992 2081 2278 2137 Dominus
2308 2085 2362 2136 te
2393 2083 2662 2154 protegit.
2696 2084 2921 2138 Bonum
2957 2089 3190 2139 scutum
3223 2084 3399 2140 etiam
3433 2086 3648 2141 trium-

1992 2169 2250 2241 phantis,
2285 2173 2346 2224 ut
2377 2169 2681 2226 inimicum
2732 2175 2902 2226 tuum
2962 2188 3136 2244 quem
3198 2172 3390 2243 possis
3449 2173 3643 2242 ferire,

1992 2258 2305 2326 defendas;
2355 2275 2428 2314 ne
2460 2259 2530 2314 ab
2581 2259 2777 2331 aliquo
2839 2260 3185 2326 trucidetur,
3231 2264 3288 2316 et
3339 2262 3516 2333 (quod
3560 2266 3649 2318 est

1993 2348 2208 2419 majus)
2238 2365 2272 2403 a
2299 2347 2554 2415 Lhristo,
2587 2348 2687 2420 qui
2719 2348 2900 2404 dixit:
2937 2373 2962 2399 ‹‹
2999 2349 3142 2404 Mihi
3197 2349 3536 2421 vindictam,
3590 2355 3648 2408 et

1993 2453 2098 2509 ego
2128 2436 2449 2492 retribuam
2483 2438 2658 2510 (Rom.
2709 2455 2808 2507 xu,
2860 2440 2967 2509 19).
3025 2462 3052 2487 η
3105 2439 3234 2495 Haec
3286 2443 3375 2496 est
3420 2441 3643 2509 oratio,

1994 2543 2120 2597 quae
2170 2526 2228 2580 in
2286 2526 2485 2582 sinum
2552 2526 2910 2582 convertitur
2955 2528 3345 2599 deprecantis,
3390 2530 3644 2586 fructum

1995 2615 2248 2670 referens
2269 2630 2472 2670 eorum
2502 2631 2628 2686 qua
2661 2613 2845 2670 voluit
2875 2615 3225 2688 impetrare;
3259 2620 3327 2672 ut
3382 2618 3536 2673 dona
3585 2617 3647 2673 in

1994 2705 2122 2774 ejus
2155 2703 2413 2758 animam
2442 2721 2508 2759 ac
2543 2708 2801 2760 mentem
2834 2709 3158 2773 recurrant,
3208 2722 3336 2776 qua:
3384 2707 3650 2778 poposcit

1995 2809 2029 2847 a
2059 2792 2304 2847 Domino
2331 2791 2516 2859 ;sicut
2537 2792 2594 2846 in
2620 2792 3044 2864 posterioribus
3068 2793 3162 2848 hic
3183 2792 3338 2849 idem
3361 2793 3650 2866 Propheta

1995 2885 2050 2936 te
2079 2880 2278 2936 docuit
2307 2880 2544 2936 dicens:
2579 2903 2606 2932 «
2639 2881 2732 2935 Sic
2761 2881 3104 2936 benedicam
3140 2887 3195 2937 te
3229 2883 3286 2938 in
3343 2883 3461 2938 vita
3490 2901 3642 2951 mea,

1995 2974 2050 3023 et
2081 2969 2140 3024 in
2173 2967 2410 3025 nomine
2437 2973 2539 3024 tuo
2571 2969 2772 3024 levabo
2823 2986 3034 3025 manus
3095 2987 3275 3027 meas.
3337 2973 3645 3045 Tanquam

1998 3058 2163 3130 adipe
2196 3063 2252 3112 et
2296 3057 2654 3131 pinguedine
2703 3057 2996 3131 repleatur
3025 3060 3245 3114 .anima
3293 3078 3422 3117 mea
3470 3062 3643 3132 (Psal.

1997 3165 2132 3217 LXII,
2164 3149 2221 3217 5,
2248 3147 2325 3218 ὃ).
2361 3169 2389 3196 ››
2422 3147 2551 3219 Ipse
2582 3151 2672 3202 est
2703 3148 2870 3203 sinus
2899 3147 3133 3214 animae,
3193 3154 3482 3204 secretum
3516 3167 3645 3205 ora-

1996 3237 2174 3292 tionis
2205 3237 2334 3308 ejus
2362 3233 2687 3308 penetralia
2715 3235 3052 3303 voluntatis,
3085 3241 3143 3291 et
3164 3237 3428 3308 quaedam
3453 3255 3643 3294 recur-

1997 3326 2248 3380 rentium
2282 3324 2547 3381 votorum
2582 3324 2790 3380 intima
2821 3325 3204 3397 receptacula.
3230 3326 3392 3381 Unde
3421 3332 3477 3381 et
3499 3327 3647 3398 justi

1994 3413 2054 3468 in
2086 3414 2334 3470 Abrahae
2364 3415 2497 3469 sinu
2525 3415 2891 3486 requiescere
2920 3413 3197 3486 leguntur
3215 3416 3365 3484 (Luc.
3393 3433 3508 3481 XVI,
3532 3417 3645 3488 22),

1997 3503 2148 3573 quod
2183 3503 2240 3555 in
2271 3503 2398 3572 ejus
2428 3502 2636 3575 gratia,
2667 3503 2727 3557 in
2759 3503 2886 3573 ejus
2918 3502 3141 3575 requie,
3175 3503 3232 3558 in
3291 3505 3418 3575 ejus
3475 3503 3650 3577 placi-

1999 3589 2177 3644 ditate
2208 3589 2598 3660 requiescant,
2632 3591 2734 3660 qui
2768 3591 3127 3647 conformem
3161 3592 3211 3647 ei
3243 3592 3544 3649 induerint
3582 3593 3648 3648 {i-

1998 3678 2152 3745 dem,
2184 3681 2242 3732 et
2271 3677 2474 3732 eadem
2507 3677 2565 3732 in
2589 3678 2760 3734 bonis
2790 3677 3067 3750 operibus
3099 3680 3340 3736 fecerint
3385 3681 3649 3738 volunta-

1998 3770 2138 3824 tem.

2070 3873 2156 3929 12.
2190 3873 2303 3929 Sed
2333 3873 2479 3928 forte
2510 3873 2754 3928 miretur
2779 3872 3014 3944 aliquis,
3049 3890 3181 3928 cum
3232 3875 3515 3932 Dominus
3568 3876 3652 3930 di-

1996 3962 2143 4018 xerit
2171 3979 2274 4034 per
2302 3979 2367 4017 os
2410 3961 2613 4030 David,
2686 3961 2840 4033 quod
2901 3961 3254 4017 humiliabat
3311 3962 3368 4016 in
3421 3963 3650 4033 jejunio

1998 4052 2257 4108 animam
2289 4068 2459 4107 suam
2507 4051 2679 4121 (Psal.
2739 4068 2934 4117 xxxiv,
2991 4051 3117 4121 13);
3178 4053 3468 4123 quomodo
3527 4052 3652 4123 ipse

1998 4140 2177 4196 David
2209 4139 2290 4194 ait
2317 4139 2375 4194 in
2442 4139 2904 4212 posterioribus:
2968 4164 2994 4190 ‹‹
3057 4139 3116 4195 Si
3175 4157 3290 4196 non
3350 4139 3653 4197 humiliter

1998 4228 2345 4295 sentiebam,
2404 4230 2505 4284 sed
2557 4229 2799 4284 exaltavi
2867 4230 3128 4284 animam
3210 4246 3401 4285 meam
3478 4230 3649 4300 (Psal.

1997 4332 2166 4386 cxxx,’
2194 4320 2272 4388 2).
2309 4340 2336 4366 ι›
2367 4313 2582 4373 Verum
2630 4318 2682 4373 is
2731 4318 3062 4373 consideret
3108 4317 3266 4373 aliud
3320 4335 3448 4374 esse
3498 4317 3648 4375 847

1997 4407 2150 4479 quod
2184 4407 2253 4461 ad
2284 4406 2634 4478 sapientiam
2667 4407 2880 4461 mentis
2913 4407 3181 4474 refertur,
3214 4407 3372 4463 aliud
3399 4409 3552 4480 quod
3578 4410 3650 4465 ad

1996 4495 2388 4550 humilitatem
2419 4494 2647 4549 cordis:
2681 4493 2968 4566 sapientia
2996 4496 3208 4551 ment-is
3239 4496 3510 4553 sublimis
3540 4503 3649 4568 est;

228 4613 257 4640 ‹‹
289 4589 523 4662 Diligite
549 4588 824 4644 inimicos
851 4589 1074 4641 vestros
1105 4583 1314 4657 (Matth.
1347 4599 1402 4650 v,
1436 4583 1547 4654 44).
1582 4605 1610 4634 »
1673 4583 1881 4640 Justus
1911 4571 1956 4635 Ι)
1989 4584 2283 4656 sapientia
2314 4588 2510 4639 autem
2545 4583 2740 4638 carnis
2770 4601 2886 4638 non
2917 4584 3087 4639 debet
3116 4585 3326 4639 inflari.
3363 4585 3648 4642 Humilia-

227 4684 358 4735 orat
414 4695 520 4751 pro
551 4675 1092 4742 calumniantibus;
1150 4673 1290 4746 quia
1345 4677 1403 4727 et
1449 4671 1578 4727 hoc'
1614 4673 1888 4745 praecepit

227 4767 513 4824 Dominus
544 4767 905 4839 adjungens:
941 4787 968 4814 ‹‹
1003 4761 1326 4818 Benefacite
1364 4759 1437 4816 iis
1489 4759 1590 4832 qui
1637 4762 1888 4817 oderunt

227 4873 359 4924 vos,
391 4860 550 4912 orate
588 4871 690 4928 pro
738 4850 1241 4910 calumniantibus
1289 4854 1346 4906 et
1399 4851 1886 4922 persequentibus

225 4962 330 5002 vos
357 4944 563 5016 (Ibid)
603 4967 623 4994 ι
658 4943 786 5016 Ipse
811 4947 900 4998 est
928 4957 1031 5014 per
1075 4939 1273 4996 omnia
1317 4939 1540 5010 justus,
1601 4938 1702 5011 qui
1763 4939 1884 4996 haec

228 5033 486 5090 custodit
513 5037 570 5089 et
599 5035 807 5088 servat.
841 5031 1124 5099 Primum,
1155 5028 1292 5099 quia
1319 5032 1490 5091 tacet,
1523 5033 1578 5082 et
1627 5045 1743 5082 non
1797 5045 1879 5084 re-

229 5122 479 5194 spondet
507 5119 764 5177 inimicis
793 5138 806 5188 ;
841 5119 1050 5174 deinde
1079 5117 1217 5189 quia
1244 5121 1390 5186 orat,
1423 5115 1532 5171 hoc
1595 5120 1706 5184 est,
1767 5134 1882 5173 non

226 5214 319 5267 est
350 5211 575 5268 otiosus
607 5210 838 5266 aﬂ‘ectu.
863 5209 932 5264 Et
960 5206 1062 5279 qui
1093 5209 1238 5272 orat,
1272 5205 1426 5262 bona
1455 5209 1601 5274 orat,
1650 5222 1767 5262 non
1817 5222 1886 5262 ea

226 5317 356 5372 quis
388 5299 600 5372 cuique
631 5298 860 5372 possint
897 5313 1003 5353 suo
1030 5294 1268 5350 inimico
1313 5309 1540 5350 nocere.
1602 5293 1740 5350 Plus
1798 5299 1888 5351 est

223 5404 364 5461 ergo
393 5405 578 5455 orare,
629 5403 807 5459 quam
865 5389 1074 5441 tacere.
1130 5383 1340 5439 Justus
1399 5381 1886 5440 maledicentibus

223 5477 340 5534 sibi
371 5474 683 5532 benedicit.
719 5473 858 5528 Plus
887 5476 976 5528 est
1005 5475 1062 5527 et
1089 5470 1200 5527 hoc
1231 5486 1410 5544 quam
1436 5486 1602 5527 orare
1630 5487 1736 5544 pro
1781 5488 1842 5528 se
1869 5490 1880 5539 ;

222 5581 471 5624 securus
499 5562 657 5619 enim
689 5561 781 5616 sui
824 5559 1116 5616 benedicit
1143 5558 1194 5616 ei
1215 5575 1392 5632 quem
1418 5575 1534 5616 non
1557 5559 1746 5629 timet,
1780 5565 1882 5617 aut

219 5654 401 5722 etiam
430 5651 484 5714 si
515 5665 693 5725 quem
718 5652 853 5710 ante
881 5649 1196 5710 metuebat.
1227 5648 1436 5713 Justus
1465 5647 1660 5728 diligit
1687 5649 1880 5713 inimi-

1994 4673 2094 4728 bat
2124 4689 2259 4745 ergo
2290 4671 2469 4726 David
2504 4671 2561 4726 in
2586 4672 2813 4742 jejunio
2845 4672 3103 4728 animam
3135 4690 3324 4742 suam,
3360 4678 3424 4729 ut
3473 4676 3649 4730 casti-

1994 4762 2254 4833 gandum
2291 4763 2498 4815 nostrae
2522 4760 2715 4815 carnis
2749 4764 3038 4816 tumorem
3071 4761 3323 4817 doceret.
3349 4761 3655 4816 Exaltabat

1994 4849 2254 4905 animam
2304 4848 2613 4920 PrOpheta,
2666 4866 2768 4922 per
2815 4849 3130 4905 sublimem
3183 4850 3282 4904 Dei
3349 4848 3648 4922 gratiam;

2001 4962 2020 4988 ι
2058 4939 2335 5010 quoniam
2367 4943 2424 4992 et
2453 4938 2552 5009 qui
2586 4954 2646 4993 se
2677 4938 2909 5006 exaltat,
2945 4938 3388 4992 humiliabitur:
3433 4942 3490 4991 et
3549 4937 3652 5008 qui

1995 5045 2055 5083 se
2088 5025 2378 5090 bumiliat,
2406 5025 2757 5081 exaltabitur
2786 5029 2934 5094 (Luc.
2969 5043 3082 5088 xxv,
3120 5026 3225 5094 11).
3252 5046 3278 5073 ››
3314 5024 3427 5079 Nec
3457 5022 3652 5080 solum

1995 5115 2284 5188 superbus
2315 5116 2672 5182 retunditur,
2708 5119 2765 5170 et
2792 5113 3034 5168 humilis
3057 5111 3343 5167 attollitur
3364 5111 3541 5183 digna
3561 5129 3651 5167 re-

1995 5204 2400 5261 muneratione
2431 5203 2798 5270 meritorum,
2832 5201 2985 5257 sicut
3015 5201 3272 5272 primum
3308 5205 3398 5257 est
3436 5200 3650 5256 intelli-

1993 5294 2250 5367 gendum
2284 5309 2297 5348 :
2332 5293 2432 5348 sed
2467 5291 2606 5362 quia
2633 5291 2875 5346 verbum
2906 5289 3006 5344 Dei
3037 5305 3106 5344 ex
3135 5289 3294 5344 omni
3326 5293 3491 5359 parte
3522 5305 3652 5344 acu-

1993 5389 2119 5439 tum
2153 5386 2262 5449 est,
2301 5380 2460 5436 velut
2488 5377 2719 5451 gladius
2749 5382 2850 5450 qui
2888 5395 2958 5434 ex
3008 5377 3238 5433 duabus
3295 5382 3504 5432 acutus
3562 5383 3652 5434 est

1995 5471 2283 5543 partibus,
2315 5483 2421 5540 ego
2454 5467 2707 5523 arbitror
2736 5483 2907 5539 posse
2938 5466 3209 5538 intelligi,
3256 5466 3393 5538 quia
3441 5472 3498 5522 et
3546 5467 3649 5539 qui

1995 5577 2058 5617 se
2089 5558 2324 5625 exaltat,
2348 5555 2508 5612 novit
2537 5571 2600 5610 se
2629 5554 2945 5611 humiliare
2973 5571 2986 5611 :
3021 5559 3079 5612 et
3108 5555 3208 5628 qui
3242 5571 3304 5611 se
3335 5554 3650 5612 humiliare

1997 5649 2176 5720 novit,
2226 5645 2403 5706 etiam
2459 5642 2714 5708 exaltare
2744 5661 2806 5708 se
2865 5644 3043 5704 novit.
3107 5644 3372 5720 Denique
3426 5643 3646 5708 Paulus
