4146 6190
545 262 694 366 1095

1999 295 2064 360 s.
2115 242 2493 362 Amsaosn

3719 314 3841 379 ιωο

540 433 811 499 ostendit,
849 418 1075 486 dicens:
1110 452 1137 479 ‹‹
1185 428 1305 501 Ego
1362 431 1558 485 autem
1616 426 1792 485 didici
1850 430 1910 484 in
1969 430 2187 502 quibus
2213 434 2267 499 Α
2296 435 2444 487 tum.
2479 431 2891 489 Validissimae
2920 429 3077 487 enim
3102 428 3380 492 cicatricis
3406 434 3840 504 oftensionemsen-

539 538 674 580 sum
704 518 1005 596 sufﬁciens
1033 533 1183 573 esse.
1218 517 1350 573 Scio
1372 508 1767 587 ethumiliari,
1797 518 1916 575 scio
1938 523 1997 574 et
2016 519 2195 575 abun-

534 606 1076 680 dare(Phiiipp.1v,
1112 607 1199 677 ll,
1262 607 1372 678 12).
1431 629 1457 655 ››
1516 606 1667 679 Ergo
1725 611 1782 663 et
1836 607 2018 664 David
2076 625 2193 665 non

531 696 840 755 humiliter
869 695 1173 752 sentiendo
1205 695 1278 750 de
1308 694 1538 752 Christo
1597 694 1893 753 exaltabat
1934 697 2193 753 animam

532 802 706 844 suam
739 786 873 858 (80),
906 800 1082 857 quam
1112 783 1431 847 humiliant
1459 788 1518 839 et
1545 783 1828 855 dejiciunt
1853 786 2055 843 Ariani
2080 804 2094 854 ;
2140 790 2197 843 et

532 875 845 933 exaltando
877 873 1136 930 animam
1189 889 1382 941 suam,
1434 889 1647 930 sensus
1691 874 1975 947 vigorem,
2026 875 2196 932 ﬁdei-

531 980 646 1037 que
677 962 952 1036 gratiam,
983 960 1220 1017 virtutis
1240 960 1595 1018 humilitatis
1617 961 1713 1035 pio
1740 965 2196 1036 repraesentabat

531 1053 762 1109 affectu.

600 1142 686 1197 13.
722 1140 911 1214 (Vers.
942 1140 1020 1211 3.)
1052 1141 1187 1196 Ideo
1216 1156 1354 1213 ergo
1385 1139 1617 1197 dicebat
1648 1157 1662 1196 :
1710 1163 1739 1191 «
1773 1140 2078 1210 Obmutui,
2137 1146 2191 1198 et

531 1229 881 1287 humiliatus
911 1246 1067 1299 sum,
1101 1233 1159 1284 et
1201 1228 1338 1285 silui
1392 1246 1427 1285 a
1472 1229 1664 1297 bonis,
1701 1251 1729 1279 ››
1769 1230 1909 1301 quia
1956 1234 2194 1286 noverat

525 1319 763 1391 quando
795 1334 858 1375 se
890 1317 1206 1373 humiliare
1249 1318 1506 1387 deberet,
1555 1323 1614 1374 et
1671 1323 1911 1375 noverat
1957 1319 2192 1391 quando

526 1407 699 1465 silere
723 1408 980 1464 deberet.
1016 1408 1325 1463 Obmutuit
1346 1408 1483 1478 (84),
1507 1423 1579 1462 ne
1606 1408 1737 1479 ipsa
1765 1407 2023 1479 litigiosa
2054 1425 2189 1463 cum

525 1497 978 1571 objurgantibus
1009 1496 1381 1552 contentione
1421 1499 1854 1568 perstreperet:
1906 1496 2188 1552 humilia-

524 1592 620 1642 tus
659 1590 770 1655 est,
805 1590 872 1642 ut
890 1591 1181 1641 tumorem
1215 1586 1494 1656 dejiceret
1524 1586 1936 1657 superborum,
1977 1584 2066 1641 vel
2125 1590 2191 1641 ut

522 1676 682 1748 ipsos
714 1676 1009 1747 quomodo
1041 1674 1357 1729 bumiliare
1386 1690 1450 1730 se
1480 1674 1779 1740 deberent,
1812 1690 1917 1729 suo
1959 1674 2190 1729 doceret

524 1763 1037 1836 exemplozsiluit
1093 1780 1127 1818 a
1184 1763 1378 1830 bonis,
1437 1762 1577 1833 quia
1624 1763 1779 1818 bona
1834 1762 2189 1818 conscientia

524 1868 643 1908 non
668 1856 802 1924 eget
830 1851 1165 1908 defensione
1192 1851 1526 1917 verborum,
1582 1867 1710 1922 quin
1761 1867 1868 1907 suo
1919 1851 2054 1907 nixa
2100 1855 2191 1908 est

523 1940 884 2006 testimonio,
916 1940 1047 2013 ipsa
1075 1940 1168 1996 sui
1192 1940 1395 2012 judex.
1440 1940 1692 2011 Ideoque
1740 1940 1947 2011 justus
2004 1940 2182 1995 dicit:

528 2049 551 2076 cr
594 2028 737 2093 Quis
767 2029 1151 2094 contradicat,
1183 2031 1284 2084 aut
1315 2027 1450 2100 quis
1480 2028 1715 2086 resistat
1743 2028 1890 2084 mihi
1949 2030 2076 2099 (Ιειι.
2131 2045 2186 2095 L,

521 2117 624 2189 8)?
655 2140 678 2172 ι
718 2118 786 2173 Et
817 2116 1032 2173 Paulus
1073 2117 1252 2172 dicit:
1285 2139 1312 2167 «
1362 2116 1507 2172 Mihi
1557 2116 1714 2173 enim
1776 2134 1880 2189 pro
1918 2116 2186 2173 -minimo

524 2211 632 2272 est,
683 2211 751 2262 ut
803 2223 838 2263 a
883 2206 1050 2263 vobis
1104 2205 1413 2277 dijudicer,
1466 2210 1571 2261 aut
1619 2206 1692 2261 ab
1764 2205 2023 2262 humano
2091 2204 2187 2263 die

526 2295 575 2367 (Ι
604 2295 726 2351 Cor.
762 2312 837 2365 IV,
868 2294 948 2366 3).
983 2316 1012 2343 ››
1043 2294 1368 2349 Adversum
1397 2292 1828 2349 calumniantes
1872 2298 1928 2350 et
1981 2309 2184 2366 pecca-

523 2389 684 2440 tores
706 2384 908 2454 justus
941 2399 1047 2438 suo
1069 2381 1298 2453 judicio
1331 2385 1645 2438 contentus
1672 2386 1798 2438 est:
1841 2381 2186 2437 meritorum

524 2476 726 2528 autem
757 2486 1001 2528 suorum
1026 2469 1322 2541 judicium
1352 2469 1585 2527 Christo
1616 2475 1891 2525 reservat.
1933 2470 2187 2542 Ideoque

525 2560 794 2617 addidit:
834 2581 861 2612 α
890 2560 999 2624 Qui
1031 2558 1318 2630 dijudicat
1376 2574 1494 2625 me,
1542 2558 1827 2614 Dominus
1884 2563 1975 2615 est
2021 2559 2182 2627 (Ibid.

520 2650 597 2718 4).
636 2671 666 2700 ››
699 2648 1097 2706 Pulcherrime
1143 2662 1279 2703 eum
1317 2645 1578 2718 judicem
1628 2645 1824 2718 elegit,
1873 2647 1974 2718 qui
2024 2646 2186 2703 nulla
2222 2662 2225 2665 λ

528 2736 736 2794 fraude
784 2737 1042 2803 fallatur,
1088 2740 1153 2792 ut
1195 2748 1331 2790 eum
1380 2750 1484 2791 nec
1542 2734 1771 2791 occulta
1818 2739 2183 2808 pratereant,

522 2843 630 2884 nec
659 2827 906 2883 inﬁrmae
939 2823 1295 2882 conditionis
1320 2822 1525 2895 lapsus
1554 2825 1848 2881 offendat:
1883 2824 1986 2896 qui
2012 2824 2185 2897 fregi.

518 2917 668 2973 litati
698 2916 854 2972 norit
881 2915 1201 2987 ignoscere.
1234 2913 1320 2969 Ad
1353 2911 1554 2970 omnia
1584 2912 1764 2985 igitur
1801 2911 1944 2970 utile
2002 2912 2183 2969 silen-

521 2998 693 3062 tium.
752 3004 810 3059 Si
863 3009 1170 3077 peccatum
1232 3002 1526 3074 agnoscis,
1585 3006 1734 3069 tace,
1784 3018 1856 3057 ne
1914 3003 2184 3073 negando

516 3110 871 3168 exaggeres;
907 3093 956 3149 si
988 3110 1102 3149 non
1135 3090 1428 3163 agnoscis,
1486 3095 1614 3147 tace
1670 3106 1914 3147 securus
1972 3090 2043 3146 de
2100 3090 2184 3146 in-

2302 520 2413 577 tire
2442 538 2558 577 non
2589 520 2768 589 novit,
2800 536 2908 577 nec
2936 519 3169 594 plagam
3198 528 3380 595 potest
3403 525 3605 598 timere,
3632 533 3716 604 qui
3760 536 3841 593 for-

2303 608 2417 665 tior
2444 613 2553 665 est.
2578 611 2640 665 In
2667 610 2795 682 ipso
2811 608 3079 682 pugilum
3102 608 3407 669 certamine
3426 613 3559 671 solet
3577 617 3844 694 plerumque

2303 697 2406 770 qui
2438 696 2643 754 fortior
2661 702 2753 754 est
2772 702 3127 771 exspectare,
3160 706 3261 756 aut
3285 701 3555 760 inferioris
3579 704 3680 765 ictu
3702 708 3845 782 aliqua

2301 785 2646 856 lacessatur,
2687 803 2806 859 quo
2836 787 3027 843 acrior
3051 788 3305 845 offensus
3332 790 3605 863 insurget;
3630 793 3701 850 ita
3725 810 3848 853 om.

2303 875 2580 932 citatione
2613 875 2794 932 nimia
2818 881 2999 948 atque
3028 877 3305 949 patientia
3329 882 3633 947 roboratus,
3658 886 3713 938 ut
3748 889 3846 941 tan-

2303 980 2479 1036 quam
2513 964 2878 1021 insensibilis
2908 965 2980 1025 ad
3010 965 3287 1033 dolorem,
3318 965 3536 1040 plagam
3563 970 3742 1026 sentin
3762 988 3845 1029 non

2301 1052 2510 1124 possit,
2558 1069 2874 1125 percussus
2933 1051 3102 1119 ridet,
3158 1053 3460 1111 lacessitus
3509 1056 3746 1112 initiatur.
3787 1065 3844 1115 At

2297 1157 2434 1197 vero
2463 1142 2705 1198 inferior
2732 1142 2783 1198 si
2812 1143 2961 1198 forte
3001 1142 3184 1198 ictum
3213 1142 3466 1200 ferientis
3517 1160 3668 1217 supra
3706 1147 3845 1205 obdu-

2300 1234 2455 1286 ctam
2486 1231 2817 1287 cicatricem
2846 1231 3058 1287 veteris
3104 1231 3363 1288 vulneris
3413 1234 3678 1306 exceperit,
3714 1251 3842 1291 reno-

2297 1323 2499 1374 vatum
2564 1319 2743 1375 sentit
2788 1317 3066 1375 dolorem.
3125 1319 3219 1376 Sic
3270 1324 3358 1376 est
3418 1320 3507 1376 cui
3572 1321 3849 1392 objiciuntur

2300 1411 2537 1478 peccata
2564 1407 2890 1480 superiora,
2920 1424 3047 1479 qua
3079 1412 3473 1480 competenter
3519 1407 3681 1467 doluit
3720 1414 3847 1482 atque

2299 1496 2573 1564 deﬂevit;
2606 1501 2674 1552 ut
2706 1496 3102 1554 satisfactione
3128 1512 3387 1569 congrua
3427 1497 3628 1557 vulneri
3652 1504 3847 1570 peccato-

2299 1600 2432 1640 rum
2464 1601 2708 1642 suorum
2767 1586 3084 1643 abduceret
3135 1585 3482 1645 cicatricem.
3535 1586 3589 1643 Si
3630 1586 3846 1658 perfectus

2298 1677 2408 1740 est,
2440 1677 2598 1730 tacet
2626 1674 3112 1743 conviciantibus,
3146 1673 3307 1731 nullo
3336 1674 3445 1730 sibi
3473 1673 3648 1735 dolore
3681 1689 3849 1731 renova-

2298 1766 2358 1817 to
2383 1780 2398 1830 ;
2432 1762 2571 1834 quia
2599 1763 2708 1823 etsi
2739 1763 3018 1835 peccavit,
3046 1768 3413 1831 securusest,
3444 1763 3577 1836 quia
3589 1763 3700 1820 sine
3722 1763 3849 1834 peni-

2294 1850 2482 1906 tentia
2512 1854 2652 1907 sunt
2680 1852 2782 1907 Dei
2808 1853 2996 1919 dona;
3027 1856 3086 1907 et
3113 1851 3246 1909 ideo
3282 1868 3407 1924 qua
3454 1850 3618 1907 semel
3660 1849 3849 1917 donavit,

2296 1938 2587 1997 resolvere
2616 1956 2685 1997 ac
2705 1956 2984 1998 renovare
3029 1956 3147 1999 non
3204 1940 3407 2009 soleat,
3456 1956 3581 1996 cum
3625 1939 3855 2012 ipsedixe

2296 2028 2410 2085 rit:
2449 2049 2477 2078 «
2507 2030 2626 2101 Ego
2648 2045 2803 2098 sum,
2836 2045 2943 2102 ego
2992 2046 3150 2098 sum,
3210 2030 3313 2101 qui
3369 2028 3525 2087 deleo
3575 2026 3854 2100 iniquitates,

2296 2120 2354 2172 et
2384 2133 2612 2174 memor
2640 2132 2755 2174 non
2786 2134 2883 2174 ero
2909 2120 3014 2187 (lea
3066 2136 3224 2185 XLIII,
3254 2120 3367 2187 25).
3402 2141 3424 2170 ι
3483 2118 3540 2173 Si
3589 2122 3745 2175 autem
3779 2114 3858 2171 im-

2299 2207 2596 2278 perfectus
2643 2211 2701 2264 et
2759 2206 3073 2265 immemor
3136 2206 3462 2264 caelestium
3508 2209 3856 2278 praceptorum,

2296 2294 2463 2351 dolor
2486 2294 2541 2351 ei
2572 2302 2857 2367 tanquam
2887 2296 3139 2352 rescissa
3163 2296 3434 2352 cicatrice
3453 2298 3728 2367 reparatur.

2373 2384 2460 2438 15.
2499 2384 2684 2455 (Vere.
2717 2384 2798 2455 4.)
2829 2407 2857 2435 ‹‹
2891 2383 3196 2441 Concaluit
3225 2402 3326 2441 cor
3379 2400 3566 2442 meum
3612 2384 3741 2439 intra
3778 2395 3858 2446 me,

2296 2476 2353 2527 et
2380 2472 2442 2528 in
2474 2472 2856 2530 meditatione
2885 2490 3021 2530 mea
3044 2475 3385 2532 exardesoet
3411 2473 3577 2546 ignis.
3608 2493 3633 2523 ››
3656 2468 3863 2527 Graviore

2298 2560 2564 2628 vulnera,
2594 2561 2751 2618 sicut
2769 2561 3060 2632 novimus,
3092 2564 3355 2621 caustico
3388 2562 3762 2625 medicamento
3798 2553 3863 2612 vel

2296 2651 2539 2707 admoto
2570 2650 2706 2722 igne
2736 2655 3037 2708 curantur.
3070 2652 3222 2724 Ergo
3251 2652 3343 2708 vir
3370 2651 3594 2724 sapiens
3613 2648 3733 2722 ipse
3771 2660 3856 2701 me-

2297 2739 2465 2795 dicus
2511 2744 2602 2797 est
2648 2740 2805 2796 sibi:
2854 2743 3046 2797 tamen
3092 2741 3208 2797 etsi
3254 2741 3517 2799 medicus
3564 2741 3661 2805 est,
3698 2734 3857 2799 velut}tl

2296 2845 2476 2885 suum
2506 2829 2953 2901 curat.ldeoque
2980 2830 3029 2885 si
3061 2845 3177 2886 non
3200 2829 3376 2902 plene
3398 2824 3863 2893 consumman

2294 2917 2367 2972 ad
2399 2916 2695 2973 inoffensa
2725 2916 3132 2974 habitudinem
3161 2918 3457 2985 sanitatis,
3487 2916 3756 2988 vaporatur
3774 2912 3865 2980 ejus

2293 3020 2413 3069 cor,
2461 3005 2638 3061 habet
2665 3004 2906 3071 febrem,
2997 3005 3255 3078 ignescit
3337 3006 3409 3064 ad
3453 3005 3661 3076 obiecta
3720 2995 3859 3055 conu-

2293 3093 2401 3149 cia.
2436 3094 2507 3149 Et
2535 3094 2586 3149 si
2617 3097 2789 3163 tacet,
2820 3093 2909 3150 vel
2951 3094 3107 3152 intra
3132 3111 3197 3153 se
3261 3096 3488 3153 teritur.
3539 3092 3697 3164 Lapis
3733 3089 3771 3145 si
3810 3083 3861 3143 ad

524 3183 813 3240 nocentia.
846 3182 970 3238 Non
1005 3183 1256 3254 possunt
1285 3178 1475 3235 aliena
1503 3178 1678 3233 verba
1708 3177 1930 3233 crimen
1987 3176 2187 3249 afﬁge-
2221 3176 2263 3241 C
2298 3180 2551 3253 lapidem
2581 3186 2823 3252 teratur,
2851 3182 3052 3256 ignem
3106 3184 3376 3253 excutit;
3431 3184 3509 3241 ita
3556 3180 3710 3245 etiam
3753 3176 3870 3231 δοῦ·

520 3289 603 3339 re,
634 3273 791 3345 quod
824 3269 1061 3342 propria
1091 3284 1208 3323 non
1240 3266 1458 3337 recepit
1487 3265 1863 3321 conscientia.

595 3364 685 3416 14.
717 3359 1026 3432 Sequitur:
1063 3380 1091 3407 ‹‹
1127 3356 1194 3411 Et
1233 3352 1399 3411 dolor
1428 3370 1598 3410 meus
1644 3360 1971 3415 renovatus
2008 3361 2115 3410 est.
2150 3376 2179 3404 ››

516 3449 723 3505 Adhuc
779 3447 842 3502 in
901 3444 1176 3501 inferiore
1232 3442 1464 3498 virtutis
1521 3443 1708 3515 gradu
1760 3443 1990 3515 positus
2058 3443 2179 3499 haec

516 3537 696 3594 verba
723 3532 1039 3608 depromit,
1072 3532 1228 3604 quod
1260 3530 1426 3588 dolor
1455 3531 1566 3586 sibi
1596 3537 1967 3603 peccatorum
2025 3539 2175 3586 vote-

520 3642 651 3681 rum
682 3625 1005 3697 objections
1028 3626 1340 3678 renovatus
1365 3621 1461 3687 sit,
1495 3637 1624 3692 qua:
1654 3620 1845 3677 deleta
1887 3621 2013 3691 jam
2074 3622 2174 3676 ob-

518 3715 755 3771 duxisse
784 3712 1088 3769 videbatur
1144 3709 1379 3776 oblivio,
1436 3709 1525 3765 vel
1585 3709 1873 3764 bonorum
1931 3725 2172 3781 cperum

518 3790 741 3861 texerat
788 3799 1211 3874 compensatio.
1267 3798 1527 3870 Denique
1602 3796 1662 3853 in
1748 3798 2173 3871 posterioribus

516 3893 688 3966 quasi
716 3892 921 3949 fortior
949 3889 1089 3946 dicit
1119 3907 1132 3945 :
1168 3910 1196 3939 «
1237 3888 1525 3944 Viderunt
1580 3903 1694 3955 me,
1754 3892 1810 3949 et
1867 3891 2176 3942 moverunt

516 3983 710 4056 capita
738 3998 847 4038 sua
877 3981 1044 4052 (Psal.
1077 3995 1238 4047 cvm,
1270 3978 1381 4051 25),
1422 3999 1443 4026 ι
1474 3992 1540 4031 eo
1571 3977 1726 4049 quod
1786 3975 2168 4043 minarentur,

515 4077 576 4127 et
606 4086 813 4138 nocere
843 4086 959 4124 non
981 4070 1242 4141 possent.
1266 4066 1336 4121 Et
1357 4064 1616 4121 addidit:
1643 4087 1671 4113 ‹‹
1697 4063 2045 4120 Maledicent
2066 4063 2169 4131 illi,

515 4166 572 4217 et
602 4166 665 4216 tu
694 4158 1005 4216 henedices
1036 4155 1198 4228 (Ibid.
1232 4156 1344 4227 28).
1379 4155 1449 4210 Et
1490 4153 1645 4227 quod
1701 4153 1871 4224 quasi
1926 4153 2171 4209 validior

515 4250 796 4323 loquitur,
830 4246 1133 4320 negligens
1164 4243 1411 4317 injuria,
1445 4242 1531 4298 vel
1564 4242 1828 4314 pudoris,
1861 4242 1951 4296 cui
1997 4244 2167 4298 bene-

2182 3330 2191 3333 ,
2296 3269 2656 3326 conscientia
2686 3270 2908 3342 pudore
2966 3273 3373 3340 succenditur,
3434 3271 3484 3329 si
3540 3271 3793 3327 renovetur
3831 3259 3870 3317 ei

2290 3375 2539 3415 suorum
2572 3359 2899 3417 recordatio
2927 3359 3308 3418 delictorum.
3339 3384 3368 3413 «
3402 3363 3475 3419 Et
3500 3362 3557 3417 in
3590 3359 3697 3431 ipse
3730 3349 3867 3409 medi-

2288 3448 2510 3505 tatione
2542 3448 2698 3520 ignis
2724 3449 3069 3507 exardescit.
3106 3473 3135 3501 »
3183 3450 3319 3507 Non
3368 3449 3559 3508 malus
3597 3444 3717 3520 ignis
3740 3483 3753 3509 ν
3790 3436 3870 3510 qui

2287 3536 2520 3603 adurat,
2554 3538 2659 3594 sed
2692 3553 2809 3595 non
2842 3542 3066 3595 exurat.
3101 3538 3269 3596 Talis
3290 3540 3450 3612 ignis
3477 3538 3571 3595 Dei
3591 3548 3731 3608 quem
3748 3528 3868 3598 ΠΟΥ

2286 3640 2379 3677 ses
2412 3625 2470 3679 in
2504 3625 2651 3680 rubo
2700 3624 2882 3693 vidit;
2945 3627 3182 3698 quando
3256 3630 3447 3685 rubus
3503 3625 3760 3686 urebatur,
3796 3614 3871 3673 Sed

2288 3730 2401 3767 non
2439 3714 2814 3769 exurebatur.
2847 3715 2951 3772 Est
2979 3731 3117 3788 ergo
3148 3715 3335 3789 ignis,
3368 3717 3469 3789 qui
3499 3715 3760 3789 peccatum
3794 3703 3869 3761 lni-

2285 3802 2443 3869 nuit,
2474 3806 2531 3858 et
2560 3820 2669 3859 suo
2701 3803 2936 3876 culpam
2967 3806 3173 3861 ardore
3201 3805 3495 3879 depascit.
3538 3804 3631 3860 Est
3672 3803 3721 3857 et
3762 3790 3872 3868 igni!

2288 3890 2387 3962 qui
2423 3890 2751 3948 ccnlestium
2793 3893 3230 3965 Scripturarum
3291 3891 3742 3952 meditationibus
3763 3881 3871 3941 exci-

2284 3984 2465 4047 tatur;
2499 3980 2657 4035 velut
2681 3979 2773 4036 ille
2788 3981 2859 4037 de
2881 3998 2996 4053 quo
3008 3981 3151 4038 dicit
3165 3982 3495 4040 Jeremias:
3519 4005 3547 4032 ‹‹
3568 3980 3630 4037 Et
3644 3979 3746 4035 erat
3759 3967 3874 4046 ignis

2281 4067 2697 4139 flammigerus
2755 4069 2816 4124 in
2848 4069 3085 4126 ossibus
3116 4071 3269 4129 meis
3302 4073 3528 4144 (Jerem.
3559 4086 3643 4136 xx,
3667 4067 3773 4137 9).»
3794 4061 3879 4115 Aut

2278 4153 2375 4210 ille
2409 4156 2480 4210 de
2505 4172 2621 4228 quo
2652 4155 2961 4230 Cleophas,
3022 4163 3079 4215 et
3137 4161 3241 4232 qui
3304 4160 3490 4217 simul
3546 4158 3648 4214 iter
3687 4149 3873 4226 agebat;

2276 4244 2512 4316 quando
2543 4249 2677 4318 post
2709 4247 3206 4304 resurrectionem
3266 4249 3358 4305 eis
3416 4265 3481 4304 se
3533 4245 3763 4303 Christus
3802 4235 3876 4290 ad-

514 4338 691 4395 dictio
722 4335 956 4393 Domini
995 4351 1099 4408 pro
1130 4332 1407 4389 omnibus
1446 4331 1598 4393 848
1630 4330 1974 4386 abundaret.
2018 4331 2165 4402 Ergo
2265 4332 2485 4403 junxit,
2547 4350 2819 4390 sermone
2893 4339 3102 4391 mutuo
3181 4337 3572 4393 conferebant
3633 4330 3873 4387 dicentes:

516 4427 575 4482 in
606 4427 719 4483 isto
750 4423 975 4497 psalmo
1005 4422 1333 4479 tricessimo
1364 4424 1563 4478 octavo
1594 4420 1763 4491 quasi
1796 4420 1853 4474 in
1909 4420 2164 4491 quadam

516 4514 912 4580 meditatione,
946 4512 1208 4568 nondum
1238 4516 1433 4568 tamen
1464 4510 1522 4564 in
1555 4509 1711 4565 omni
1759 4508 1983 4564 locatus
2040 4526 2165 4582 per-

513 4602 763 4661 fectione
790 4600 1043 4668 virtutis,
1076 4600 1218 4656 dicit
1269 4601 1381 4657 sibi
1430 4598 1690 4655 dolorem
1740 4614 1869 4655 esse
1926 4614 2168 4655 renova-

586 4782 698 4857 (80)
757 4782 842 4838 Ita
894 4797 1039 4857 m_s_s.
1099 4779 1228 4834 Vat.
1288 4780 1427 4844 duo,
1491 4781 1548 4857 et
1620 4777 1884 4857 quinque
1957 4776 2165 4857 Gallic.

512 4848 837 4913 Verborum
869 4853 1106 4925 quidem
1139 4866 1351 4905 sensus
1384 4848 1893 4925 paulo_ohscu_rior
1915 4852 2040 4925 est;
2074 4865 2167 4925 ve-

516 4945 647 4984 rum
679 4927 729 4982 ei
764 4919 1223 4981 non-minimum
1281 4922 1514 4976 accedet
1567 4919 1830 4986 luminis,
1892 4920 1941 4975 si
1999 4920 2168 4975 modo

515 5001 584 5055 ad
618 4997 916 5070 superius-
943 4994 1088 5050 illud
1133 4992 1433 5070 respicias,
1481 5007 1609 5070 cum
1656 4991 2172 5070 Dgninasdixerit

510 5088 609 5141 per
644 5062 713 5127 os.
743 5067 936 5141 Dauid,
998 5070 1110 5141 etc.
1159 5062 1658 5141 lntellige_igitur
1715 5062 2064 5141 Prophetam
2110 5062 2170 5141 i_n

514 5133 764 5225 persona
804 5134 1338 5225 Christi‘enaltasse‘
1358 5133 1627 5190 animum
1657 5133 1850 5215 suam,
1888 5137 1945 5189 et
1973 5133 2172 5190 omnia

506 5205 631 5284 jam
664 5211 840 5285 pla_na
869 5209 1212 5285 erunt-Hoc
1243 5212 1447 5285 autem
1471 5222 1605 5285 cum
1655 5205 1856 5261 minus
1895 5221 2170 5285 asseque-

516 5276 717 5340 rentur
752 5282 997 5338 Romani
1028 5280 1300 5347 editores,
1334 5278 1508 5334 verba
1536 5280 2068 5349 tranSposuerunt
2110 5276 2171 5331 in

515 5353 673 5410 hunc
689 5355 931 5410 modum
958 5371 970 5409 :
990 5354 1064 5409 De
1085 5351 1299 5407 Christo
1322 5353 1504 5424 (quem
1523 5348 1825 5424 humilium
1838 5352 1894 5403 et
1906 5348 2176 5420 deﬁciunt

515 5426 733 5495 Ariani)
779 5426 1058 5481 exultabat
1115 5420 1366 5479 animum
1426 5436 1587 5477 suam
1608 5437 1630 5483 ;
1678 5420 1777 5495 hoc
1829 5428 1928 5495 est,
1965 5433 2174 5495 (sensus

513 5491 776 5565 vigorem,
832 5496 961 5572 ﬁdei
998 5498 1301 5572 gratiam,
1378 5495 1649 5572 virtutem
1692 5491 2173 5572 humilitatisnpio

514 5558 920 5641 representabqt
947 5558 1162 5641 a/ﬁectu.
1195 5558 1332 5624 Ant.
1373 5580 1507 5622 vero
1537 5563 1694 5641 edit._
1711 5568 1768 5620 et
1815 5578 1957 5641 mss:
2018 5558 2167 5619 Vict.

514 5633 759 5704 et'Colb.
799 5633 1010 5699 eadem
1036 5638 1213 5698 verba
1242 5652 1483 5715 prorsus
1540 5633 1870 5697 reciderant
1899 5633 1987 5696 sic
2017 5647 2170 5712 pra-

2279 4422 2514 4478 :Nonne
2544 4439 2643 4479 cor
2670 4427 2941 4479 nostrum
2995 4424 3211 4482 ardens
3258 4430 3390 4482 erat
3448 4425 3508 4481 in
3566 4419 3733 4485 nobis,
3774 4426 3874 4469 cum

2276 4509 2529 4584 aperiret
2559 4511 2729 4568 nobis
2760 4510 3093 4585 Scripturas
3125 4514 3278 4586 (Luc.
3326 4531 3483 4582 XXIV,
3541 4508 3669 4583 32)?
3709 4527 3732 4556 ››
3776 4500 3871 4557 Ideo

2278 4605 2337 4654 et
2368 4600 2652 4656 Dominus
2680 4600 2860 4671 venit,
2893 4605 2960 4656 ut
2989 4601 3187 4675 ignem
3218 4602 3382 4659 hunc
3412 4601 3473 4658 in
3502 4606 3702 4657 terram
3734 4589 3875 4648 ωἱῑῑε-

2281 4779 2571 4835 ferentes:
2630 4780 2706 4835 De
2782 4778 3014 4851 Christo,
3071 4781 3355 4838 exultabat
3437 4781 3672 4851 animant
3738 4780 3874 4851 stt-938:

2274 4866 2570 4920 sensusque
2598 4853 2807 4921 vigore,
2837 4838 3071 4922 ﬁdeique
3099 4855 3308 4922 gratia,
3338 4853 3593 4908 virtutem
3644 4838 3873 4900 handlin-

2278 4924 2369 4985 tis,
2400 4927 2512 4976 etc.

2349 4981 2463 5064 (81)
2492 4996 2630 5047 Mss.
2663 4990 2814 5047 Vict.
2846 4995 2906 5048 et
2934 4991 3121 5062 Colb.,
3166 4993 3459 5051 Obmutuit
3513 4996 3566 5048 et
3620 4991 3741 5061 ipse.
3788 4981 3877 5064 liti:

2275 5050 2457 5136 giosa'
2488 5079 2615 5120 cum
2665 5064 3013 5136 objurgantes
3089 5050 3436 5123 contentione
3513 5050 3872 5136 ρετεῖηρσνξκίν

2279 5127 2511 5211 Thuan.
2540 5177 2554 5206 ,
2590 5176 2602 5211 .
2641 5175 2654 5188 .
2691 5127 2809 5211 fite
2822 5127 3083 5211 litigiosa
3113 5153 3235 5211 cum
3262 5127 3681 5211 objurgahti‘bus

2278 5207 2425 5262 tione
2449 5202 2828 5278 perstrepemt.
2860 5202 3109 5262 Demum
3140 5207 3278 5264 edit.
3302 5202 3545 5278 vetfacg
3577 5202 3728 5259 Rom.
3776 5204 3872 5278 ουῐζ1

2278 5278 2407 5333 Vat.
2437 5274 2493 5334 et
2522 5274 2827 5333 aliis—'Gall.
2884 5282 2951 5333 ut
3005 5294 3113 5334 nos
3167 5280 3226 5334 in
3279 5282 3466 5335 textu.
3524 5276 3735 5332 Rursus

2280 5365 2485 5421 pauca,
2535 5348 2636 5404 ubi
2668 5349 2830 5421 Aedit.
2890 5352 3002 5406 vet.
3052 5366 3120 5406 ac
3176 5350 3345 5407 Rom.
3399 5365 3551 5421 cum
3591 5362 3726 5421 mss.

2280 5411 2337 5476 et
2366 5411 2630 5495 quinque
2653 5418 2889 5495 Gallici,
2917 5421 3006 5477 vel
3032 5422 3268 5495 utjpsos
3314 5419 3583 5495 quomodo

2280 5437 2337 5476 ει
2363 5437 2630 5549 Ἐλιυᾳιιθ
2653 5437 2890 5502 unum,
2917 5437 3006 5477 vet
3032 5437 3093 5478 ut
3132 5437 3268 5495 ῑρδοδ
3635 5437 3871 5489 ηωπαμξῗ

2278 5507 2384 5623 2:8
2411 5491 2792 5625 διὲετᾶῖῖἓνὲῗᾶ.
2824 5491 2972 5552 Vict.
3005 5497 3063 5552 et
3100 5492 3284 5571 Colb.,
3316 5494 3406 5551 vel
3437 5496 3499 5550 ut
3527 5504 3666 5570 ipse;
3696 5475 3871 5544 haud?

2282 5579 2384 5623 are
2411 5579 2468 5624 88
2502 5578 2711 5625 debere.
