4146 6190
521 177 682 244 1099

1990 178 2055 238 S.
2107 175 2486 243 AMBROSII

3704 193 3821 259 1100

518 311 780 384 legitime
812 307 1087 364 certando
1127 307 1198 363 ad
1232 324 1504 365 coronam
1550 324 1727 381 quam
1761 314 2014 381 cuperet,
2047 325 2174 380 per-
2206 313 2262 378 Α
2294 330 2501 368 norum
2531 311 2821 370 curricula
2850 313 3173 372 claudatur.
3202 313 3289 371 Sic
3317 331 3438 390 ergo
3465 317 3821 394 intelligendum

520 399 764 456 veniret.

587 487 677 541 20.
713 486 822 541 Sed
873 488 1070 542 tamen
1121 486 1261 559 quia
1291 489 1346 542 et
1385 487 1834 543 architectorum
1885 503 2176 544 mensurae

516 573 786 649 palestrze
819 574 934 631 dici
968 575 1257 644 feruntur,
1287 577 1504 649 quibus
1535 577 1607 633 ad
1643 580 1947 632 structurae
1981 594 2182 632 nume-

515 679 649 721 rum
681 663 772 721 vel
805 664 1046 721 modum
1098 665 1272 738 spatii
1322 664 1738 738 colligendum,
1773 665 2017 720 aediﬁcia
2064 683 2181 721 me-

514 752 772 823 tiuntur,
807 753 1121 826 locumque
1152 771 1286 810 eum
1318 754 1376 809 in
1410 771 1526 826 quo
1557 753 1803 809 editicia
1825 759 1963 809 sunt
1995 754 2182 810 locan-

517 843 628 911 da;
661 847 718 900 et
747 841 887 914 quia
935 860 1039 915 per
1089 843 1301 899 Isaiam
1353 843 1580 899 locutus
1638 849 1725 900 est
1756 843 1910 899 Deus
1941 862 1952 898 :
1981 869 2004 893 ‹‹
2042 843 2182 909 Quis

518 947 760 988 mensus
790 934 879 988 est
908 948 1089 987 manu
1123 949 1361 1004 aquam,
1395 937 1452 987 et
1482 931 1694 987 ccelum
1726 931 1941 1003 palmo,
1967 937 2024 987 et
2056 931 2180 986 uni-

515 1035 744 1077 versam
772 1023 990 1076 terram
1023 1020 1225 1078 clausa
1274 1021 1498 1076 manu?
1529 1021 1666 1086 Quis
1699 1021 1909 1077 statuit
1953 1025 2182 1076 montes

517 1112 736 1166 statera
762 1108 888 1182 (Isa.
920 1127 1009 1178 xL,
1046 1110 1176 1181 12)?
1205 1110 1522 1166 Videamus
1556 1125 1625 1164 ne
1670 1111 1816 1164 forte
1845 1109 1939 1164 hic
1973 1126 2182 1164 sensus

517 1197 628 1255 hoc
661 1214 932 1254 sermone
963 1197 1039 1255 sit
1067 1197 1454 1271 colligendus,
1479 1215 1544 1254 eo
1576 1199 1728 1270 quod
1762 1199 2026 1270 cognitos
2057 1198 2182 1254 dies

519 1286 787 1344 omnium
832 1287 1048 1343 habeat
1098 1287 1301 1344 Deus:
1337 1287 1431 1342 cui
1480 1285 1627 1342 nihil
1681 1288 2036 1342 immensum
2085 1286 2181 1351 sit,

518 1375 619 1447 qui
666 1375 866 1431 omnia
914 1393 1193 1432 mensura
1242 1377 1498 1448 quadam
1551 1392 1668 1430 suae
1722 1375 1976 1430 scientiis
2025 1391 2183 1430 com-

521 1463 868 1536 prehendat,
896 1464 1160 1537 nihilque
1181 1464 1233 1520 ei
1264 1465 1342 1520 sit
1365 1462 1796 1527 inmstimahile,
1821 1463 1966 1517 nihil
1992 1463 2183 1518 inexa-

518 1553 812 1608 minatum
864 1558 1039 1626 atque
1097 1552 1550 1620 innumerabile,
1597 1553 1694 1623 qui
1747 1552 1828 1606 ait
1864 1569 1929 1606 ;‹‹
1967 1552 2074 1606 Sed
2128 1555 2185 1606 et

2295 407 2382 457 est
2416 417 2428 455 :
2462 403 2605 458 Ecce
2632 407 2861 474 peccato
2913 402 3191 459 obnoxios
3239 403 3353 462 dies
3400 423 3542 464 meos
3567 413 3710 481 nosti,
3735 415 3824 473 dies

2294 490 2447 546 enim
2480 490 2610 545 vitae
2654 491 2853 563 hujus,
2887 509 3016 564 qua:
3059 496 3286 564 peccato
3314 499 3395 549 est
3421 496 3653 566 obnoxia,
3677 500 3828 559 breves

2296 585 2435 634 sunt
2464 598 2476 635 :
2512 580 2639 634 dies
2673 585 2866 635 autem
2897 581 3026 636 vitae
3057 586 3274 637 aeterna:
3299 582 3415 638 sine
3445 584 3561 639 fine.

2366 671 2452 722 22.
2487 671 2602 723 Aut
2631 673 2784 724 certe
2828 669 2912 724 sic
2941 670 3227 740 (nostrum
3257 674 3342 726 est
3369 671 3508 726 enim
3550 678 3830 746 argumentis

2296 774 2554 829 quaerere
2591 758 2911 826 veritatem,
2945 763 3114 813 tuum
3143 763 3229 814 est
3279 758 3476 831 eligere
3518 761 3637 832 quid
3678 779 3830 836 sequa-

2295 845 2396 917 ris)
2434 863 2446 900 ε
2480 847 2560 900 Ne
2605 851 2929 918 peccatum,
2982 846 3191 919 inquit,
3243 852 3526 911 cresceret,
3563 849 3830 908 abbreviasti

2293 934 2418 990 dies
2446 934 2573 988 vitae
2623 935 2893 990 humanae
2943 951 3060 1006 qua
3105 934 3369 1002 vivimus,
3400 935 3454 990 in
3499 935 3581 991 his
3623 938 3772 1007 terris,
3796 947 3834 995 et

2293 1027 2489 1078 tamen
2523 1039 2654 1077 cum
2688 1022 2973 1078 maturior
2995 1022 3054 1077 in
3076 1022 3184 1078 hoc
3213 1023 3365 1078 brevi
3393 1039 3553 1079 cursu
3578 1024 3717 1081 istius
3739 1027 3831 1082 vita

2293 1111 2428 1166 finis
2451 1111 2526 1166 sit
2546 1115 2940 1183 peccatorum,
2968 1111 3174 1166 mortis
3207 1111 3510 1167 celeritate.
3538 1113 3838 1171 «Substantia

2294 1215 2426 1254 mea
2480 1203 2763 1270 tanquam
2824 1199 3074 1255 nihilum
3136 1203 3268 1255 ante
3312 1203 3366 1255 te
3402 1218 3466 1255 ε»)
3497 1201 3616 1272 quia
3656 1202 3736 1256 etsi
3779 1203 3833 1257 ad

2291 1287 2606 1360 imaginem
2640 1292 2696 1343 et
2725 1287 3173 1344 similitudinem
3196 1287 3293 1343 Dei
3317 1287 3451 1343 facti
3479 1306 3675 1354 sumus,
3691 1295 3843 1360 gravat

2293 1381 2488 1431 tamen
2538 1393 2644 1432 nos
2694 1377 2752 1431 in
2803 1377 2914 1431 hoc
2971 1393 3211 1448 corpore
3264 1375 3595 1432 constitutos
3643 1375 3839 1447 quedam

2293 1469 2524 1518 terrena
2551 1464 2817 1536 contagio
2843 1481 2855 1520 :
2891 1482 3016 1535 quae
3049 1481 3164 1519 non
3199 1468 3476 1536 gravaret,
3507 1464 3554 1518 si
3579 1480 3673 1519 nos
3693 1479 3842 1519 exuere

2295 1553 2485 1623 magis
2516 1558 2766 1608 veterem
2801 1553 3123 1618 hominem,
3157 1569 3289 1607 cum
3334 1551 3616 1606 induimus
3642 1552 3843 1623 gratiam,

519 1641 714 1713 capilli
761 1642 972 1714 capitis
1021 1641 1196 1696 vestri
1247 1657 1450 1696 omnes
1502 1641 1790 1694 numerati
1846 1643 1983 1694 sunt
2027 1640 2177 1709 (Luc.
2210 1683 2258 1747 B
2293 1657 2470 1711 quam
2503 1641 2893 1712 supervestire
2931 1640 3263 1704 mallemus,
3299 1641 3570 1695 minorem
3613 1639 3754 1695 etiam
3785 1638 3842 1693 la-

519 1747 623 1795 xu,
656 1730 735 1800 7).
774 1752 801 1778 ››
832 1729 950 1784 Hoc
999 1745 1135 1801 ergo
1191 1728 1332 1784 dicit
1386 1728 1718 1800 Propheta:
1771 1729 1912 1782 Ecce
1969 1727 2180 1783 novisti

524 1817 652 1873 dies
685 1833 882 1885 meos;
937 1833 1054 1873 non
1113 1820 1166 1872 te
1226 1821 1578 1889 pratereunt
1634 1816 1954 1888 quotidiani
2016 1820 2179 1870 actus

523 1905 668 1974 mei;
718 1910 954 1977 peccata
1002 1921 1132 1962 mea
1181 1909 1314 1961 ante
1365 1905 1562 1961 oculos
1613 1910 1743 1960 tuos
1795 1903 2042 1976 posuisti
2079 1921 2090 1958 :
2125 1909 2180 1958 et

520 1993 656 2050 ideo
687 2015 716 2044 «
750 1995 1082 2050 substantia
1113 2010 1244 2050 mea
1283 1997 1564 2065 tanquam
1602 1993 1852 2048 nihilum
1885 1997 2019 2048 ante
2047 1997 2120 2048 te.
2150 2015 2178 2041 ››

522 2081 672 2147 Quid
702 2081 860 2137 enim
911 2085 1000 2137 est
1051 2081 1248 2149 homo,
1283 2081 1398 2136 nisi
1431 2081 1572 2152 quia
1621 2097 1846 2135 memor
1893 2080 2020 2150 ejus
2069 2096 2132 2135 es
2153 2080 2180 2133 ?

523 2169 710 2227 Homo
752 2170 997 2226 vanitati
1047 2169 1258 2225 similis
1309 2171 1497 2224 tactus
1529 2173 1634 2224 est.
1668 2173 1853 2224 Homo
1886 2168 1943 2222 in
1976 2185 2181 2239 pecca-

525 2263 586 2314 to
620 2275 632 2314 :
668 2263 724 2315 et
755 2257 804 2313 si
837 2257 1058 2330 aliquid
1111 2258 1325 2313 habeat
1363 2257 1672 2330 probitatis
1703 2261 1875 2328 atque
1925 2256 2178 2321 virtutis,

525 2351 680 2402 recte
709 2347 933 2403 czeteris
959 2345 1203 2402 terrenis
1227 2345 1630 2402 animantibus
1659 2346 1999 2413 antefertur,
2033 2350 2090 2400 et
2119 2344 2177 2400 in

527 2439 843 2507 conspectu
876 2433 1221 2490 animalium
1252 2434 1469 2505 quibus
1501 2439 1588 2488 est
1623 2434 1992 2505 praepositus,
2024 2438 2180 2488 ante-

525 2521 713 2591 cellit;
745 2522 807 2577 in
857 2528 1170 2595 conspectu
1203 2526 1398 2578 autem
1434 2521 1531 2577 Dei
1563 2527 1843 2594 tanquam
1899 2521 2044 2576 nihil
2094 2526 2183 2577 est

526 2613 655 2684 ejus
686 2611 1039 2668 substantia.
1077 2611 1238 2666 Unde
1269 2615 1326 2666 et
1359 2609 1498 2666 alibi
1528 2612 1610 2664 ait
1645 2629 1656 2665 :
1685 2633 1711 2658 «
1748 2611 2034 2676 Quoniam
2065 2627 2181 2665 non

525 2699 950 2774 justiﬁcabitur
979 2701 1039 2755 in
1073 2702 1391 2771 conspectu
1421 2702 1523 2753 tuo
1555 2699 1747 2753 omnis
1777 2698 1952 2753 homo
1983 2697 2199 2776 vivens

527 2789 698 2860 (Psal.
758 2805 931 2856 cxm,
977 2790 1031 2842 2.
1077 2809 1104 2838 »
1137 2787 1300 2854 Quod
1361 2787 1752 2858 Symmachus
1811 2785 2182 2841 manifestius

528 2878 817 2950 expressit
863 2878 1065 2934 dicens
1099 2893 1166 2932 τα
1199 2877 1270 2932 Et
1308 2875 1428 2931 vita
1457 2892 1586 2931 mea
1617 2879 1897 2946 tanquam
1929 2874 2181 2930 nihilum

528 2970 664 3023 ante
693 2970 769 3023 te.
796 2988 825 3017 »

2293 1729 2491 1782 borem
2525 1729 2696 1785 nobis
2721 1728 3080 1800 exepoliatus
3111 1729 3288 1785 homo
3317 1734 3498 1795 vetus,
3520 1745 3674 1800 quam
3701 1743 3845 1798 super-

2289 1817 2537 1873 vestitus
2586 1818 2836 1873 afferret.
2879 1818 3022 1873 Nam
3069 1818 3224 1889 quod
3274 1817 3659 1888 exspoliamur,
3699 1814 3846 1885 abjici-

2292 1923 2424 1961 mus
2451 1925 2462 1960 :
2489 1908 2645 1978 quod
2681 1907 3158 1978 supervestimur,
3185 1906 3506 1962 induimus.
3528 1906 3592 1960 Et
3611 1905 3716 1958 ideo
3740 1903 3850 1973 inge-

2291 1995 2600 2050 miscimus
2633 2000 2688 2049 et
2719 1995 3055 2050 laboramus
3095 1996 3281 2051 donec
3313 1992 3549 2050 mortale
3581 1992 3674 2047 hoc
3695 1989 3850 2044 veteris

2292 2083 2548 2139 hominis
2571 2083 3006 2149 indumentum,
3026 2087 3082 2138 et
3103 2083 3289 2139 errori
3315 2083 3572 2138 effectum
3592 2078 3853 2141 obnoxium,

2292 2172 2545 2227 novitate
2589 2188 2708 2227 sure
2752 2171 2881 2225 vitae
2932 2170 3260 2242 spiritualis
3311 2171 3625 2234 absorbent;
3651 2171 3700 2220 ut
3721 2164 3759 2219 si
3781 2180 3854 2218 su-

2291 2277 2396 2332 pra
2427 2275 2714 2314 venenum
2767 2259 3024 2330 plurima
3072 2258 3253 2314 mella
3300 2258 3629 2322 fundantur,
3658 2269 3773 2325 aegre
3810 2267 3858 2306 ac

2291 2347 2467 2403 nimis
2491 2364 2620 2403 sero
2645 2348 2852 2402 veneni
2876 2348 3037 2403 virus
3067 2347 3356 2402 aboletur.
3379 2348 3540 2417 Aqua
3556 2343 3707 2399 etiam
3725 2340 3858 2395 multa

2293 2435 2390 2490 diu
2426 2453 2557 2490 cum
2590 2436 2792 2490 veneni
2817 2435 2948 2490 felle
2981 2436 3256 2503 luctatur,
3283 2435 3332 2490 si
3364 2451 3480 2490 non
3507 2432 3641 2488 illud
3658 2431 3860 2501 exspuat,

2291 2525 2390 2579 sed
2441 2523 2769 2579 absorbeat.
2805 2523 2936 2579 Ideo
2985 2523 3282 2580 laboriosa
3340 2521 3677 2595 pmnitentia,
3719 2515 3860 2572 suavis

2291 2613 2479 2684 gratia
2510 2614 2649 2683 (85);
2686 2613 2823 2684 quia
2866 2617 3169 2684 peccatum
3216 2611 3590 2684 exspoliatur,
3618 2607 3704 2663 ubi
3728 2603 3865 2678 gratia

2291 2705 2408 2768 est;
2443 2702 2808 2770 absorbetur,
2839 2702 2934 2755 ubi
2971 2701 3350 2773 poenitentia;
3383 2699 3464 2754 ibi
3497 2697 3786 2758 remittitur,
3800 2690 3867 2746 hic

2292 2789 2690 2845 absconditur.
2726 2790 2791 2844 Et
2822 2789 2951 2845 ideo
2984 2790 3278 2861 scripturn
3310 2793 3404 2845 est
3431 2806 3479 2843 :«
3510 2785 3656 2843 Beati
3681 2793 3868 2855 quorum

2291 2879 2553 2934 remissae
2606 2881 2745 2932 sunt
2786 2877 3147 2949 iniquitates,
3202 2884 3268 2934 et
3319 2892 3568 2950 quorum
3611 2877 3739 2930 tecta
3774 2872 3872 2924 sunt

2293 2971 2531 3038 peccata
2561 2968 2732 3036 (Psal.
2765 2983 2922 3033 xxxx,
2958 2967 3038 3037 1)l
3074 2989 3094 3015 ι

595 3056 686 3110 21.
720 3055 871 3112 Sunt
911 3059 1107 3112 autem
1141 3055 1241 3127 qui
1293 3054 1494 3110 breves
1546 3057 1755 3126 putant
1803 3052 1926 3106 dies
1970 3053 2175 3121 dictos,
2210 3045 2251 3111 C
2360 3056 2450 3110 23.
2485 3055 2669 3126 (Vers.
2701 3056 2781 3124 7.)
2812 3055 2882 3109 Et
2910 3055 3192 3126 requievit
3230 3055 3533 3128 paulisper
3560 3050 3871 3125 ingemiscens

529 3144 667 3216 quia
714 3144 1104 3216 Symmachus
1135 3152 1374 3212 σπιθαμὰς
1417 3142 1616 3214 posuit
1659 3158 1671 3194 :
1725 3149 1941 3211 σπιθαμή
1987 3144 2182 3197 autem

530 3231 767 3305 palmus
797 3235 886 3288 est
917 3249 930 3286 :
965 3235 1021 3286 et
1051 3231 1191 3301 quia
1217 3229 1411 3300 palmo
1444 3245 1685 3285 mensus
1712 3229 1924 3284 dicitur
1953 3230 2076 3299 (lsa.
2099 3247 2182 3313 χι,

530 3321 619 3390 12)
651 3320 808 3376 Deus
854 3319 1002 3374 851
1053 3317 1264 3372 coelum
1297 3317 1516 3388 (palma
1567 3321 1760 3372 autem
1811 3317 1899 3372 vel
1948 3316 2180 3390 palmus

525 3406 716 3478 portio
749 3422 964 3461 manus
996 3407 1085 3460 est
1117 3403 1434 3474 metientis,
1467 3409 1523 3460 et
1555 3405 1776 3477 aliquid
1807 3406 2181 3477 comprehen-

525 3494 763 3564 dentis),
784 3493 912 3549 ideo
945 3497 1228 3565 tanquam
1260 3493 1461 3549 breves
1493 3493 1617 3548 dies
1641 3494 1931 3549 aestimant
1959 3511 2178 3550 nuncu-

522 3586 692 3654 patos
727 3599 740 3636 :
777 3598 912 3637 cum
943 3581 1199 3654 cognitio
1237 3581 1336 3636 Dei
1370 3599 1472 3654 per
1511 3599 1872 3648 mensuram,
1906 3587 1970 3637 ut
1999 3600 2177 3654 supra

523 3669 798 3740 diximus,
832 3670 1021 3743 possit
1064 3669 1308 3742 intelligi
1341 3686 1353 3724 :
1389 3670 1638 3725 caelestis
1679 3676 1872 3726 autem
1928 3671 2039 3726 ista
2079 3689 2172 3726 eo-

520 3760 726 3834 gnitio,
773 3763 838 3815 ut
893 3760 965 3815 ad
1024 3775 1362 3814 mensuram
1416 3760 1568 3814 facta
1625 3760 1741 3814 sint
1798 3759 2012 3815 omnia.
2046 3761 2173 3816 Non

518 3865 656 3924 ergo
684 3851 908 3921 breves,
942 3849 1044 3905 sed
1077 3848 1276 3920 magni
1310 3848 1436 3904 dies
1465 3848 1762 3920 Prophetas
1803 3853 2050 3920 possunt
2080 3850 2167 3904 in-

517 3938 724 4013 telligi,
757 3955 904 4010 quos
935 3937 1090 3993 Deus
1121 3953 1363 3993 mensus
1404 3940 1494 3992 est
1535 3937 1750 4008 palmo,
1778 3954 1894 4008 quo
1924 3954 2168 3995 mensus

517 4031 606 4084 est
637 4026 868 4084 coelum.
903 4027 1100 4098 Neque
1149 4027 1307 4081 enim
1347 4027 1548 4081 breves
1581 4043 1699 4080 suae
1747 4027 1876 4081 vitae
1925 4027 2161 4095 diceret,

516 4116 616 4188 qui
663 4120 866 4188 postea
913 4116 1039 4170 ait:
1076 4119 1258 4170 «Heu
1290 4117 1416 4170 mel
1475 4115 1613 4186 quia
1660 4115 1947 4170 incolatus
1996 4132 2165 4171 meus

513 4204 896 4278 prolongatus
945 4209 1035 4260 est
1083 4204 1251 4275 (Ρδαι.
1301 4219 1451 4270 cxrx,
1482 4205 1537 4272 5)
1564 4225 1590 4250 ››
1619 4219 1630 4256 :
1664 4203 1778 4257 nisi
1829 4204 1972 4258 forte
2025 4204 2164 4275 quia

512 4299 749 4364 propter
769 4296 1006 4364 peccata
1026 4291 1334 4347 hominum
1365 4290 1658 4346 breviores
1682 4290 1812 4346 vitae
1845 4291 2014 4346 istius
2037 4293 2161 4348 dies

2293 3144 2560 3199 humanae
2625 3143 2977 3198 conditionis
3041 3160 3402 3210 aerumnam,
3463 3142 3596 3215 quia
3651 3141 3869 3194 dixerat:

2292 3252 2320 3280 ‹‹
2353 3232 2765 3288 Verumtamen
2815 3232 3088 3287 universa
3135 3233 3402 3300 vanitas,
3436 3231 3618 3287 omnis
3659 3229 3799 3283 homo
3822 3224 3877 3276 vi-

2287 3335 2448 3377 vens.
2479 3344 2498 3371 ι
2535 3322 2604 3376 Et
2647 3325 2779 3391 post
2827 3319 3154 3392 diapsalma
3182 3322 3330 3393 (86),
3365 3323 3651 3390 resumpto
3689 3313 3870 3385 spiriw.

2289 3408 2370 3463 ait
2401 3426 2413 3462 :
2441 3433 2467 3459 ‹‹
2503 3412 2850 3480 Quanquam
2886 3409 2944 3464 in
2994 3409 3259 3481 imagine
3309 3410 3416 3466 Dei
3467 3405 3692 3464 ambulet
3716 3402 3874 3461 homo,

2286 3503 2482 3553 tamen
2534 3513 2680 3552 vane
2728 3498 3111 3553 conturbatur
3153 3514 3165 3551 :
3218 3497 3571 3562 theaurizat,
3612 3497 3660 3547 et
3696 3489 3877 3561 ignorat

2285 3585 2377 3640 cui
2408 3590 2719 3658 congregat
2763 3602 2849 3640 ea.
2881 3608 2906 3634 ››
2937 3585 3080 3641 Vide
3128 3587 3442 3656 quomodo
3491 3586 3618 3640 ante
3657 3575 3880 3650 asperita-

2281 3678 2399 3730 tem
2451 3692 2568 3730 suae
2619 3675 2920 3730 sententiae
2967 3676 3374 3746 temperavit:
3412 3678 3608 3746 postea
3653 3666 3877 3723 rationem

2281 3779 2400 3816 suae
2450 3764 2607 3818 vocis
2662 3761 2928 3817 absolvit.
2982 3761 3364 3834 Temperavit
3423 3761 3575 3818 852
3628 3752 3878 3812 dicendo:

2287 3869 2307 3897 α
2343 3851 2488 3914 Quia
2531 3851 2589 3906 in
2641 3850 2896 3923 imagine
2954 3850 3050 3906 Dei
3111 3851 3393 3906 ambulat
3454 3851 3641 3905 homo.
3667 3868 3692 3896 »
3720 3844 3879 3898 Beatus

2279 3939 2472 4006 homo,
2507 3940 2604 4011 qui
2637 3941 2707 3994 ad
2740 3939 3190 3994 similitudinem
3225 3939 3337 3995 Dei
3384 3955 3489 4011 per
3530 3937 3694 3992 fidem
3719 3928 3879 3988 ambu-

2275 4026 2362 4083 las
2395 4046 2407 4082 :
2443 4028 2650 4083 beatus
2680 4028 2780 4099 qui
2810 4026 2869 4081 in
2899 4031 2956 4082 te
2988 4028 3162 4083 fidem
3197 4027 3396 4084 habes
3434 4045 3450 4085 :
3477 4026 3690 4083 beatior
3713 4021 3757 4075 si
3783 4032 3880 4071 ava-

2274 4116 2467 4170 ritiam
2505 4133 2618 4171 non
2651 4115 2918 4170 haberes.
2947 4115 3119 4171 Aliud
3155 4116 3392 4172 bonum
3427 4113 3640 4172 mentis
3667 4113 3744 4166 est
3767 4109 3884 4161 teter-

2273 4221 2437 4271 num,
2466 4203 2624 4259 aliud
2655 4221 2870 4260 vanum
2904 4203 3156 4260 carnalis
3188 4205 3551 4277 cupiditatis
3579 4197 3879 4257 incendium.

2272 4293 2442 4348 Fides
2489 4293 2644 4348 enim
2707 4297 2818 4349 Deo
2869 4291 3102 4362 militat,
3137 4294 3397 4348 avaritia
3453 4288 3718 4348 tentatori
3753 4301 3765 4338 :
3798 4281 3885 4336 ista

511 4379 647 4435 fecit
676 4380 851 4446 Deus,
885 4396 1013 4451 quae
1063 4385 1194 4434 ante
1226 4384 1282 4434 et
1321 4378 1630 4450 nongentis
1677 4385 1732 4434 et
1774 4380 2158 4452 septingentis
2188 4409 2236 4473 Β
2269 4381 2530 4453 congerit
2560 4381 2714 4453 quod
2767 4381 2875 4435 sibi
2910 4381 3114 4452 prosit,
3146 4380 3255 4436 illa
3288 4383 3456 4454 quod
3491 4377 3742 4473 proficiat
3781 4371 3885 4464 alie:

511 4468 683 4524 annis
727 4468 1163 4536 extendebatur,
1201 4472 1264 4523 ut
1289 4484 1445 4522 nunc
1491 4468 1646 4523 intra
1695 4474 1926 4523 centum
1976 4487 2157 4525 anno-

2269 4469 2378 4524 nis.
2426 4469 2575 4532 Quid
2635 4468 2814 4541 igitur
2869 4473 2990 4523 tam
3047 4453 3525 4542 vanum,iquam
3575 4464 3779 4522 nescire
3817 4453 3885 4510 cui

580 4574 693 4646 (85)
725 4574 860 4629 Cod.
896 4578 1024 4629 Vat.
1059 4591 1124 4630 ac
1161 4573 1364 4630 Gallic.
1399 4573 1642 4644 aliquot,
1678 4575 1796 4629 Ideo
1828 4575 2158 4630 laboriosam
2265 4573 2629 4639 concinnata,
2654 4644 2659 4646 7
2683 4577 2765 4646 et7
2791 4574 3126 4646 7Antuerpiaa
3186 4575 3358 4646 typis
3409 4573 3619 4630 Moreti
3664 4586 3747 4624 an.
3779 4561 3888 4646 16173

500 4633 885 4718 paenitentiam
920 4647 1101 4701 suavis
1147 4647 1337 4714 gratia
1379 4633 1644 4716 sequitur.
1678 4645 1786 4700 Alii
1831 4663 1964 4700 cum
2013 4649 2150 4702 edit.
2215 4691 2221 4698 .
2262 4647 2437 4718 edita.
2467 4646 2598 4718 lll7ic7
2616 4633 2905 4715 siquidem
2939 4633 3139 4718 narrat
3170 4633 3455 4717 quinque
3481 4649 3738 4701 cantores
3767 4633 3883 4717 Ofdi'

505 4715 898 4774 consentiunt.
1370 4787 1378 4788 7
1456 4715 1459 4716 ⁷
1542 4786 1549 4788 7
1650 4787 1660 4788 7
1763 4787 1771 4788 7
1966 4787 1971 4788 7
2264 4718 2354 4772 nis
2391 4715 2623 4781 levitici,
2659 4731 2831 4788 quos
2859 4715 3036 4788 David
3079 4715 3370 4788 elegerat,
3405 4722 3466 4772 et
3513 4727 3755 4788 quorum
3794 4715 3889 4788 ipse

597 4789 688 4861 86)
719 4789 1058 4872 ρίςιλυδαιηιαξ
1091 4791 1180 4872 est
1210 4787 1485 4872 [quaedam
1521 4786 1596 4868 7in
1647 4787 1878 4872 Iisalmo
1920 4787 2150 4872 divisio,
2263 4789 2492 4843 medius
2541 4773 2752 4872 stabat,
2787 4785 3021 4872 singula
3068 4773 3323 4872 musica
3353 4773 3750 4872 instrumenta

501 4850 592 4916 vel
625 4850 892 4930 mutatio,
919 4869 979 4915 ut
1005 4850 1180 4914 sicubi
1205 4850 1310 4929 (ait
1355 4857 1610 4912 Hilarius
1651 4860 1878 4925 Prolngo
1914 4861 1970 4912 in
2006 4850 2146 4929 Fmp.
2261 4865 2457 4914 sentes
2489 4863 2689 4930 contra
2730 4850 3130 4930 sancﬁiaritim
3163 4857 3436 4929 psallere
3478 4857 3681 4930 solitos
3708 4850 3886 4922 Spiritu

501 4932 736 5002 Psalm.)
789 4929 1098 5002 didpsalma
1154 4931 1539 5002 intercesserit,
1592 4935 1684 4983 aut
1728 4930 1945 5002 aliquid
1996 4931 2152 4984 aliud
2261 4937 2461 4986 sancto
2495 4929 2836 5000 inspirante.
2869 4932 2940 4983 At
2980 4929 3033 5002 si
3079 4930 3330 4999 quando
3364 4932 3503 5001 ejus
3534 4929 3760 5002 afﬂatus
3795 4934 3888 5002 ces-

501 5004 632 5071 dici,
664 4995 762 5058 aut
803 4995 970 5058 etiam
1013 5003 1081 5056 ab
1130 5001 1307 5056 altera
1356 5001 1485 5067 dici,
1536 5005 1633 5053 aut
1680 5001 1747 5054 ab
1797 4995 1965 5054 altera
2012 5004 2150 5056 artis
2259 5005 2432 5068 saret,
2466 5017 2564 5055 eos
2592 4995 2844 5071 'quoque
2892 4995 3176 5071 tantisper
3205 5017 3242 5055 a
3276 4995 3469 5056 cantu
3521 4995 3821 5071 destitisse1
3839 5001 3887 5067 {ac

500 5077 730 5132 musicae
773 5073 992 5131 modulo
1038 5075 1254 5127 cantari
1285 5072 1705 5144 intelligendum
1747 5074 1837 5126 sit.
1872 5072 2148 5144 Hierony-

505 5162 660 5201 mus.
694 5145 863 5218 epist.
887 5145 1006 5218 7138
1035 5145 1105 5218 ad
1133 5144 1321 5218 Μιιιζεη
1357 5142 1888 5218 ab7h7a0770p7inione
1931 5142 2148 5198 discre-

499 5223 624 5339 pat,
654 5212 1010 5272 contendens
1035 5216 1344 5297 diapsalma
1365 5214 1505 5268 nihil
1537 5212 1692 5268 aliud
1717 5229 1942 5280 sonare,
1969 5229 2145 5294 quam

525 5287 874 5339 Iebraaorum
905 5288 1040 5339 sela.
1072 5287 1128 5339 1d
1182 5290 1269 5339 est
1313 5301 1563 5339 semper.
1595 5286 1746 5339 quod
1798 5289 2025 5339 tantum
2057 5287 2145 5339 dl-

525 5287 874 5357 lebraaorum
905 5288 1040 5350 sela,
1072 5285 1137 5341 id
1182 5290 1269 5341 est
1313 5301 1563 5357 semper,
1595 5286 1746 5355 quod
1768 5355 1774 5357 7
1798 5289 2029 5357 tantum
2045 5285 2146 5357 7di-

503 5355 836 5436 etinctionis
886 5354 1716 5436 causa77pone7batur37Verum
1766 5355 1935 5436 longe
1977 5354 2147 5436 aliter

502 5426 574 5482 de
612 5430 811 5485 eadem
857 5445 995 5486 voce
1042 5426 1279 5485 disserit
1307 5428 1594 5486 Eusebius
1626 5427 1831 5486 Casar.
1864 5426 1924 5482 in
1970 5427 2144 5497 Expo-

2258 5058 2588 5152 scripsisse,
2605 5058 2958 5152 Αὶίἰαῄιςαιῃια.
2995 5058 3321 5152 Gregorius
3373 5058 3889 5152 Nyss.7,7tract.7

2258 5136 2536 5215 Ps.,7'cap.
2574 5143 2656 5210 l8,
2690 5136 2992 5215 silentium
3016 5136 3181 5215 mea
3212 5159 3344 5215 non
3381 5136 3886 5215 cessationi77div7inl

2256 5205 2586 5293 instinctus,
2612 5205 2721 5293 sed
2748 5229 2904 5293 novis
2937 5211 3190 5293 cuipiam
3224 5211 3634 5293 illustrationi
3659 5205 3886 5293 aSpiritu

2256 5291 2455 5341 sancto
2487 5285 2546 5339 in
2570 5287 2824 5339 mentem
2849 5281 3084 5339 Davidis
3117 5285 3418 5342 immissae
3444 5281 3738 5340 attribuit.
3762 5281 3888 5332 Hunc

2254 5358 2433 5488 ﬁt“:
2460 5355 2615 5485 lilcet,
2649 5355 2800 5412 sicut
2829 5358 2885 5411 et
2914 5355 3163 5414 cassiod.
3195 5355 3366 5414 Prol.
3405 5358 3469 5414 in
3504 5353 3766 5413 Psalmos
3790 5360 3883 5420 cap-

2329 5470 2345 5488 .
2377 5445 2406 5488 θ
2463 5445 2496 5485 a
2522 5443 2628 5486 nos.

2327 5470 2345 5497 ρ
2377 5434 2433 5488 et
2463 5434 2628 5486 alios.

397 5569 404 5574 ν
496 5497 698 5581 (itione
752 5498 925 5566 Graec.
974 5506 1092 5562 PP.
1140 5502 1200 5558 in
1249 5501 1496 5562 Psalmos
1543 5517 1578 5562 a
1626 5499 1841 5566 Baltaz.
1873 5498 2143 5566 Corderio
