4078 6196
228 352 390 418 1101

1269 349 1722 414 ENARRATIO
1765 350 1845 414 IN
1887 346 2263 415 PSALMUM
2308 352 2631 417 XXXVIII.

3490 352 3648 417 1102

236 486 469 543 laboret
500 482 754 543 heredi?
786 485 921 550 Quis
970 484 1121 539 enim
1173 484 1283 539 scit
1335 484 1381 539 si
1433 483 1541 538 sibi
1578 483 1753 550 ﬁlius,
1788 486 1885 538 aut
1917 484 1972 549 Α
2002 486 2139 538 sunt
2164 488 2360 555 patres
2394 485 2576 539 nostri
2607 484 2665 538 in
2699 484 2874 549 nube,
2906 486 2963 538 et
2993 481 3140 539 mari
3173 499 3185 537 :
3223 482 3433 540 umbra
3462 485 3521 539 in
3551 502 3648 558 pe-

235 592 423 650 nepos
453 576 725 650 proprius
752 574 1088 647 supervivat
1136 573 1292 645 (87)?
1341 574 1502 644 Saepe
1549 576 1651 628 aut
1696 573 1754 627 in
1808 576 1890 627 ta-

235 665 395 721 bulis
434 662 770 719 testamenti
828 662 1083 733 scriptus
1140 660 1326 717 haeres
1386 662 1616 716 funesto
1666 660 1888 716 ambitu

229 756 574 809 testatorem
606 751 877 822 praecedit
905 751 975 806 ad
1007 749 1328 810 tumulum.
1361 754 1465 805 aut
1492 749 1891 804 haereditatem

234 844 537 913 superstes
584 839 877 907 absorbet,
930 842 1031 893 aut
1087 837 1424 893 luxuriosus
1470 836 1740 908 dissipat,
1790 840 1892 891 aut

233 927 626 986 stultissimus
657 944 773 983 non
808 930 1029 994 tuetur,
1081 930 1185 982 aut
1231 926 1595 999 proscriptus
1648 925 1883 981 amittit.

233 1018 295 1075 Si
325 1032 500 1090 quem
533 1032 671 1089 ergo
699 1015 915 1072 videris
945 1015 1206 1071 studiose
1261 1013 1495 1070 divitias
1530 1029 1887 1085 congregan-

232 1112 375 1174 tem,
409 1106 502 1160 dic
532 1109 589 1161 et
618 1108 681 1159 tu
717 1121 729 1159 :
765 1128 793 1155 ‹‹
825 1108 988 1160 Vane
1038 1103 1423 1159 conturbatur
1456 1119 1469 1157 :
1511 1102 1887 1169 thesaurizat,

235 1199 293 1251 et
323 1193 555 1267 ignorat
585 1192 679 1248 cui
713 1195 1027 1264 congregat
1055 1207 1142 1247 ea.
1179 1214 1207 1239 »
1237 1191 1436 1262 Neque
1482 1191 1637 1245 enim
1688 1205 1885 1244 secum

233 1287 425 1356 potest
453 1282 681 1337 auferre
710 1297 836 1353 qua
867 1279 1155 1352 possidet;
1189 1284 1246 1335 et
1275 1295 1408 1334 cum
1442 1277 1746 1345 morietur,
1797 1293 1884 1332 re-

231 1370 459 1444 linquet
497 1368 707 1425 alienis
754 1367 990 1424 divitias
1038 1384 1196 1424 suas.
1235 1366 1504 1422 Succedit
1554 1368 1888 1437 lrequenter

226 1459 508 1515 inimicus
541 1460 597 1513 et
625 1456 919 1529 ingratus,
953 1461 1010 1512 et
1038 1455 1327 1512 decessori
1362 1470 1668 1510 successor
1698 1452 1885 1508 insul-

229 1552 336 1603 tat.
380 1548 536 1611 Quos
589 1544 688 1601 ille
732 1544 956 1612 dilexit,
1006 1544 1117 1600 iste
1160 1543 1578 1616 persequitur:
1614 1557 1761 1614 quos
1792 1540 1888 1596 ille

228 1635 491 1703 nutrivit,
526 1634 621 1690 hic
649 1634 874 1690 vendit.

301 1726 390 1781 24.
423 1726 656 1780 Grtecus
708 1728 903 1777 tamen
964 1737 1080 1776 non
1139 1720 1315 1777 habet
1363 1738 1376 1775 :
1438 1742 1460 1768 ι
1518 1720 1579 1774 In
1629 1717 1886 1790 imagine

230 1813 357 1880 Dei,
411 1835 432 1863 ι
495 1812 596 1868 sed
636 1811 1049 1912 tantum‘modo
1083 1827 1096 1864 :
1133 1811 1259 1912 «nln
1288 1806 1567 1905 imagine.
1603 1829 1630 1857 ››
1666 1807 1727 1861 In
1770 1823 1885 1912 qua
1913 1846 1963 1912 Β

231 1918 368 1975 ergo
399 1900 656 1972 imagine
686 1897 952 1954 ambulat
982 1897 1199 1953 homo?
1232 1899 1295 1951 In
1324 1913 1393 1951 ea
1438 1896 1644 1966 utique
1675 1895 1882 1950 ambu-

229 1989 315 2046 lat
340 1990 409 2045 ad
438 1989 611 2059 cujus
656 1986 1107 2043 similitudinem
1155 1986 1344 2041 factus
1390 1988 1510 2051 est;
1558 1983 1617 2038 id
1656 1987 1763 2050 est,
1810 1983 1882 2038 ad

230 2077 550 2151 imaginem
587 2076 703 2132 Dei.
740 2077 936 2147 Imago
969 2078 1165 2129 autem
1197 2072 1297 2128 Dei
1324 2072 1624 2134 Christus;
1657 2073 1752 2140 qui
1785 2072 1886 2126 'est

231 2165 511 2238 splendor
557 2162 775 2236 gloriae,
806 2166 866 2218 et
905 2163 1100 2234 imago
1146 2160 1491 2217 substantiae
1540 2160 1689 2229 ejus.
1717 2159 1884 2215 Chri-

230 2259 360 2310 stus
388 2269 525 2326 ergo
556 2252 752 2324 imago
802 2251 901 2306 Dei
950 2250 1112 2305 venit
1158 2250 1228 2303 ad
1283 2254 1470 2305 terras
1502 2248 1636 2319 (88),
1669 2252 1734 2302 ut
1755 2249 1881 2319 jam

232 2341 443 2397 nonin
472 2341 684 2396 umbra
721 2338 1182 2403 ambularemus,
1237 2337 1337 2393 sed
1383 2337 1442 2391 in
1499 2335 1770 2408 imagine.
1821 2337 1883 2390 In

232 2429 464 2486 Christo
494 2429 650 2485 enim
681 2427 940 2499 imagine
970 2424 1364 2497 ambulat,qui
1396 2424 1663 2496 sequitur
1693 2424 1882 2478 Evan-

231 2516 474 2590 gelium.
509 2517 641 2572 Ideo
664 2533 771 2571 suo
801 2514 1091 2586 discipulo
1120 2514 1265 2568 dicit
1298 2530 1310 2567 :
1339 2535 1365 2562 ‹‹
1389 2512 1547 2567 Vade
1579 2517 1730 2567 retro
1755 2515 1885 2583 pest

232 2621 330 2662 me
355 2605 539 2677 (Marc.
586 2621 709 2671 vm,
740 2604 853 2674 33),
888 2626 917 2653 »
950 2607 1016 2658 ut
1066 2619 1158 2658 me
1209 2601 1495 2673 sequaris.
1552 2602 1681 2655 Ideo
1728 2616 1882 2654 erra-

233 2694 317 2750 vit
345 2692 600 2767 populus
627 2692 989 2758 Judasorum,
1024 2691 1166 2762 quia
1193 2690 1253 2744 in
1286 2690 1497 2745 umbra
1540 2687 1881 2744 ambulavit.

238 2783 371 2841 Ideo
402 2798 516 2839 non
548 2784 703 2837 errat
739 2779 992 2853 populus
1021 2778 1411 2845 Christianus,
1444 2776 1585 2848 quia
1633 2776 1691 2831 in
1740 2776 1883 2831 ima-

239 2872 377 2944 gine
405 2869 690 2934 ambulat,
722 2868 948 2924 habens
978 2867 1162 2924 solem
1192 2865 1303 2921 sibi
1328 2865 1572 2937 justitia»
1596 2863 1885 2937 refulgen-

235 2965 380 3016 tem.
414 2960 577 3016 Bona
598 2958 814 3030 imago,
840 2973 953 3013 non
987 2955 1136 3013 ceris
1166 2955 1405 3027 picturas
1437 2955 1629 3008 fucata
1658 2952 1888 3007 radian-

233 3049 335 3115 tis,
381 3047 480 3104 sed
530 3044 896 3121 plenitudine
948 3043 1267 3100 divinitatis
1319 3058 1610 3114 expressa.
1665 3043 1726 3096 In
1770 3057 1887 3112 qua

2000 577 2112 639 tra,
2142 589 2267 643 qua:
2316 589 2528 644 aquam
2578 573 2768 639 ﬂuxit,
2821 575 2878 627 et
2933 570 3217 645 populum
3267 572 3669 644 sequebatur“

1999 661 2202 717 Nonne
2232 660 2376 716 illud
2408 662 2466 717 in
2502 663 2712 716 umbra
2737 665 2861 718 erat
2893 660 3247 717 sacrosancti
3291 660 3471 732 hujus
3520 678 3647 734 my-

2002 750 2163 805 sterii
2194 750 2665 805 sacramentum?
2693 750 2895 805 Nonne
2923 750 2983 804 in
3005 750 3216 806 umbra
3241 752 3366 805 erat
3394 765 3549 821 aqua
3575 750 3648 806 de

2002 842 2185 910 petra,
2218 840 2387 909 quasi
2420 838 2661 911 sanguis
2691 855 2760 894 ex
2787 837 3037 905 Christo,
3079 855 3206 910 quas
3252 837 3542 911 fugientes
3584 855 3647 895 se

2001 926 2250 998 populos
2278 927 2653 999 sequebatur,
2688 931 2753 982 ut
2780 927 3069 993 biberent,
3103 931 3161 983 et
3201 942 3318 982 non
3356 926 3589 983 sitirent
3627 944 3642 984 :

2002 1015 2447 1084 redimerentur,
2480 1019 2537 1071 et
2566 1033 2680 1071 non
2713 1015 3006 1088 perirent?
3048 1015 3159 1072 Sed
3202 1015 3330 1087 jam
3377 1014 3649 1072 discessit

1998 1103 2210 1159 umbra
2243 1104 2431 1160 noctis
2460 1109 2517 1159 et
2545 1104 2814 1177 caliginis
2850 1104 3211 1173 Judaaorum,
3259 1103 3384 1159 dies
3434 1120 3643 1183 appro-

2000 1192 2305 1264 pinquavit
2328 1192 2614 1249 Ecclesiae.
2648 1193 2927 1249 Videmus
2975 1210 3131 1249 nunc
3178 1209 3281 1265 per
3325 1191 3645 1264 imaginem

2000 1282 2172 1348 bona,
2208 1287 2265 1335 et
2291 1285 2562 1337 tenemus
2603 1281 2879 1355 imaginis
2921 1283 3096 1338 bona.
3127 1280 3401 1337 Vidimus
3430 1280 3646 1337 Princi-

2000 1384 2133 1439 pem
2185 1370 2557 1425 sacerdotum
2613 1371 2685 1425 ad
2745 1387 2851 1426 nos
2906 1370 3254 1439 venientem,
3285 1368 3541 1426 vidimus
3586 1373 3646 1426 et

1999 1455 2335 1513 audivimus
2364 1458 2699 1514 offerentem
2730 1475 2831 1531 pro
2862 1458 3032 1515 nobis
3051 1457 3401 1532 sanguinem
3424 1474 3600 1515 suum
3625 1473 3640 1513 :

1999 1544 2327 1615 sequimur,
2354 1548 2421 1600 ut
2449 1562 2787 1617 possumus,
2820 1547 3187 1615 sacerdotes;
3218 1551 3286 1602 ut
3328 1546 3643 1603 offeramus

1996 1647 2099 1703 pro
2128 1632 2342 1703 populo
2371 1634 2722 1689 sacriﬁcium
2758 1651 2771 1689 :
2806 1635 2914 1690 etsi
2944 1634 3165 1690 infirmi
3195 1636 3423 1704 merito,
3446 1638 3642 1692 tamen

1998 1718 2369 1775 honorabiles
2398 1721 2702 1789 sacrificio,
2737 1721 2874 1793 quia
2903 1723 3016 1778 etsi
3045 1739 3204 1777 nunc
3230 1722 3497 1780 Christus
3524 1740 3642 1780 non

1999 1806 2229 1862 videtur
2258 1808 2682 1876 offerre/tamen
2716 1810 2843 1881 ipse
2875 1810 3116 1865 offertur
3135 1810 3194 1864 in
3215 1810 3385 1866 terris
3408 1812 3643 1882 quando

1992 1895 2206 1950 Christi
2238 1911 2451 1967 corpus
2482 1897 2724 1953 offertur
2756 1914 2769 1953 :
2804 1898 2923 1953 imo
2973 1898 3100 1970 ipse
3149 1897 3355 1953 oﬂ‘erre
3406 1898 3646 1955 manife-

1993 1987 2184 2039 statur
2212 1984 2273 2038 in
2303 1983 2671 2055 nobis,eujus
2704 2002 2896 2042 sermo
2928 1986 3258 2042 sanctiﬁcat
3285 1985 3643 2043 sacriﬁcium

1994 2072 2149 2143 quod
2183 2071 2441 2127 oll‘ertur.
2474 2074 2544 2128 Et
2571 2074 2696 2145 ipse
2727 2073 2960 2145 quidem
2994 2074 3166 2130 nobis
3216 2074 3369 2146 apud
3410 2074 3642 2131 Patrem

1994 2162 2308 2217 advocatus
2340 2161 2567 2217 assistit
2610 2178 2623 2219 :
2674 2164 2776 2218 sed
2805 2180 2961 2219 nunc
2991 2178 3126 2218 eum
3175 2178 3292 2217 non
3322 2161 3590 2220 videmus
3625 2179 3639 2219 :

1992 2254 2133 2306 tunc
2161 2249 2511 2317 videbimus,
2539 2267 2672 2307 cum
2706 2252 2901 2324 imago
2930 2250 3250 2319 transierit,
3290 2250 3507 2307 veritas
3545 2267 3644 2308 ve-

1995 2339 2162 2393 nerit.
2195 2340 2358 2394 Tunc
2383 2340 2509 2409 jam
2556 2358 2670 2396 non
2714 2357 2817 2413 per
2866 2338 3193 2412 speculum,
3227 2340 3329 2396 sed
3379 2338 3525 2395 facie
3568 2341 3641 2396 ad

1993 2427 2223 2491 faciem,
2258 2443 2326 2482 ea
2357 2444 2483 2498 qua
2515 2433 2652 2484 sunt
2680 2429 2934 2500 perfecta
2960 2428 3336 2485 videbuntur.

2063 2515 2151 2568 26.
2183 2517 2443 2571 Ascende
2499 2534 2655 2590 ergo,
2691 2518 2886 2585 homo,
2942 2518 3001 2572 in
3059 2516 3294 2585 ecelum,
3322 2520 3379 2574 et
3418 2517 3642 2575 videbis

1993 2602 2094 2659 illa
2119 2619 2369 2675 quarum
2402 2605 2613 2660 umbra
2638 2605 2731 2661 hic
2761 2609 2886 2661 erat
2913 2606 2999 2661 vel
3021 2606 3213 2679 imago
3239 2624 3252 2673 ;
3274 2605 3501 2661 videbis
3525 2622 3641 2662 non

1995 2709 2063 2747 ex
2110 2698 2296 2763 parte,
2348 2710 2463 2748 non
2511 2694 2570 2749 in
2622 2694 2946 2767 aenigmate,
2994 2694 3096 2749 sed
3151 2694 3211 2749 in
3262 2708 3640 2749 consumma-

1993 2781 2150 2835 tione
2185 2799 2197 2835 :
2231 2797 2345 2836 non
2376 2781 2435 2836 in
2461 2780 2768 2853 velamine,
2801 2782 2901 2838 sed
2934 2782 2992 2836 in
3015 2780 3407 2838 luce.Videbis
3435 2796 3640 2838 verum

1993 2868 2524 2934 lumen,seternum
2582 2874 2757 2941 atque
2814 2874 3161 2942 perpetuum
3211 2870 3634 2926 Sacerdotem:

1994 2958 2163 3027 cuius
2222 2957 2318 3013 hic
2373 2958 2663 3030 imagines
2716 2957 2976 3025 videbas,
3037 2959 3293 3027 Petrum,
3362 2956 3635 3027 Paulum,

1992 3045 2299 3113 Joannem,
2329 3045 2635 3113 Jacobum,
2670 3046 3029 3105 Matthaeum.
3058 3045 3364 3102 Thomam.
3396 3044 3638 3102 Videbis

242 3136 498 3210 imagine
528 3140 585 3192 et
614 3139 784 3191 Pater
812 3132 991 3189 simul
1021 3133 1253 3187 videtur
1279 3136 1336 3186 et
1364 3130 1569 3195 Filius,
1599 3130 1739 3202 quia
1784 3144 1888 3201 per
1923 3207 1952 3210 __
1995 3133 2313 3205 perfectum
2343 3133 2640 3190 hominem
2684 3134 2810 3204 jam
2860 3150 2976 3189 non
3021 3133 3300 3205 imagine,
3329 3133 3431 3188 sed
3459 3132 3520 3189 in
3549 3148 3639 3189 ve-

232 3207 551 3296 utrumque
580 3239 786 3279 eorum
819 3221 1017 3277 unitas
1049 3218 1404 3291 operationis
1455 3218 1710 3290 eit‘ulget.
1762 3215 1881 3273 Etsi
1908 3207 1956 3276 C
1993 3220 2162 3276 ritate
2193 3237 2207 3276 :
2243 3220 2440 3292 qualis
2468 3221 2623 3275 enim
2657 3220 2928 3285 ccelestis,
2951 3218 3099 3276 tales
3127 3225 3186 3276 et
3214 3218 3634 3276 caalestes.Uti-

226 3314 355 3385 jam
386 3310 701 3368 resurrexit
729 3308 1021 3374 Christus,
1052 3310 1249 3361 tamen
1279 3307 1339 3360 in
1372 3305 1681 3377 Evangelio
1713 3305 1882 3360 nobis

238 3400 432 3457 adhuc
462 3400 594 3471 ejus
621 3398 817 3470 imago
844 3394 1389 3466 monstratur.Lego
1420 3393 1576 3464 quod
1606 3394 1885 3448 Lazarum

240 3486 611 3545 suscitaverit
646 3486 827 3557 (Joan.
859 3500 940 3549 χι,
974 3482 1062 3550 43,
1115 3482 1225 3553 44),
1274 3485 1332 3536 et
1385 3480 1574 3536 Patris
1628 3496 1778 3552 opus
1832 3484 1890 3535 et

238 3576 369 3632 Filii
400 3575 593 3632 credo.
628 3572 809 3629 Filius
839 3571 1084 3638 vocavit,
1117 3569 1286 3626 Pater
1328 3568 1570 3634 audivit,
1621 3574 1679 3624 et
1723 3568 1890 3623 Laza-

238 3682 346 3721 rus
377 3660 718 3719 ambulavit.
754 3662 905 3733 Lego
936 3659 1078 3731 quia
1105 3674 1241 3715 eum
1289 3658 1584 3713 daemones
1629 3657 1891 3713 fateban-

234 3759 370 3820 tur;
402 3751 739 3807 fatebantur
767 3754 823 3805 et
850 3753 1106 3815 Patrem,
1137 3747 1277 3819 quia
1307 3747 1404 3803 Dei
1436 3745 1647 3800 Filium
1694 3761 1892 3817 preca-

237 3842 485 3906 bantur;
516 3838 851 3894 fatebantur
879 3841 937 3893 et
966 3835 1182 3907 ipsum,
1217 3835 1357 3905 quia
1404 3851 1508 3908 per
1552 3833 1748 3906 ipsum
1789 3832 1893 3903 eji-

239 3929 547 3986 ciebantur
573 3926 706 3997 (89).
739 3925 1034 3998 Scriptum
1082 3926 1171 3979 est
1219 3924 1375 3979 enim
1411 3939 1425 3979 :
1459 3945 1487 3973 «
1520 3920 1681 3985 Quod
1731 3921 1780 3977 si
1832 3921 1892 3976 in

237 4017 458 4090 Spiritu
488 4015 588 4072 Dei
618 4015 784 4085 ejieio
816 4013 1124 4080 daemonia,
1157 4011 1260 4066 filii
1310 4011 1486 4066 vestri
1539 4011 1599 4066 in
1644 4026 1758 4082 quo
1791 4010 1894 4082 eji-

241 4105 405 4161 ciunt
434 4102 643 4175 (Matth.
674 4120 778 4167 x11,
809 4103 947 4174 27)?
978 4124 1008 4151 »

321 4195 411 4249 25.
446 4192 706 4247 Primum
739 4191 920 4263 igitur
951 4190 1163 4245 umbra
1210 4189 1529 4260 praecessit,
1574 4193 1772 4245 secuta
1810 4192 1901 4244 est

246 4284 462 4353 imago,
494 4280 605 4337 erit
631 4278 865 4335 veritas.
902 4277 1120 4333 Umbra
1168 4276 1229 4330 in
1272 4274 1420 4348 lege,
1454 4277 1647 4349 imago
1675 4293 1807 4333 vero
1836 4276 1898 4331 in

1994 3326 2107 3381 que
2136 3313 2195 3365 et
2221 3309 2334 3381 ipsi
2356 3310 2483 3379 jam
2513 3310 2571 3364 in
2603 3310 2790 3381 gloria
2813 3308 2901 3363 vel
2931 3308 3159 3377 decore,
3188 3309 3315 3380 jam
3341 3306 3401 3362 in
3433 3323 3636 3365 resur-

1996 3397 2269 3453 rectionis
2299 3397 2508 3469 gratia,
2541 3414 2655 3452 non
2687 3398 2745 3452 in
2780 3411 3019 3469 corpore
3050 3396 3277 3463 mortis,
3309 3400 3368 3452 et
3397 3412 3633 3469 corrup-

1996 3484 2172 3539 tionis
2193 3484 2581 3540 deformitate.

2067 3571 2155 3626 27.
2190 3571 2330 3626 Vide
2359 3588 2430 3626 ne
2460 3586 2527 3626 eo
2557 3571 2783 3627 deferas
2832 3573 3146 3643 imaginem
3192 3573 3506 3645 terrestris,
3538 3574 3641 3630 ubi

1998 3658 2099 3714 lux
2128 3657 2450 3713 caelestium
2499 3662 2607 3713 est.
2663 3659 2767 3714 Hic
2813 3659 2863 3713 si
2913 3659 3046 3730 quis
3092 3661 3322 3732 tyranni
3356 3662 3642 3735 imagines

2001 3746 2231 3812 habeat,
2280 3746 2378 3817 qui
2429 3746 2556 3815 jam
2603 3746 2791 3801 victus
2835 3746 3077 3814 interiit,
3117 3749 3254 3817 jure
3304 3749 3640 3806 damnatur.

2002 3834 2305 3901 Quomodo
2351 3838 2415 3889 tu
2459 3834 2650 3889 hostis
2691 3839 2749 3889 et
2787 3833 3104 3889 adversarii
3132 3835 3451 3908 imaginem
3481 3837 3542 3891 in
3571 3837 3648 3891 ci-

2002 3923 2238 3979 vitatem
2268 3922 2385 3978 veri
2425 3922 2796 3994 imperatoris
2844 3923 3098 3991 inducis,
3146 3922 3263 3980 nisi
3310 3927 3378 3979 ut
3421 3923 3547 3995 ipse
3589 3926 3648 3979 te

2005 4013 2287 4067 damnes?
2331 4011 2402 4066 Et
2444 4010 2494 4066 si
2540 4009 2795 4067 volueris
2847 4010 3163 4084 imaginem
3220 4011 3515 4069 terrestris
3558 4011 3648 4067 in-

2005 4101 2174 4167 ferre,
2224 4099 2584 4155 contradicet
2635 4100 2743 4154 tibi
2791 4100 3063 4173 princeps
3111 4099 3284 4157 istius
3332 4099 3563 4169 mundi,
3593 4103 3653 4156 et

2006 4188 2159 4244 dicet
2203 4188 2379 4243 :Mea
2430 4192 2519 4244 est
2562 4187 2756 4261 imago
2799 4188 2941 4255 haec,
2993 4191 3051 4244 et
3091 4204 3220 4259 quas
3271 4189 3466 4257 offers,
3517 4203 3652 4245 mea

2007 4282 2166 4334 sunt.
2200 4275 2348 4341 Quid
2380 4276 2557 4333 facies
2606 4277 3022 4347 deprehensus,
3057 4293 3193 4333 cum
3241 4276 3350 4333 tibi
3392 4276 3603 4333 dixerit
3635 4293 3648 4333 :

246 4367 556 4442 Evangelio
602 4367 815 4424 veritas
844 4366 904 4421 in
935 4364 1295 4421 coelestibus.
1340 4362 1558 4420 Umbra
1605 4362 1899 4435 EVangelii
2009 4366 2138 4422 Mea
2177 4370 2267 4421 est
2323 4365 2586 4431 avaritia,
2618 4380 2748 4419 mea
2801 4369 2892 4420 est
2938 4364 3204 4433 ambitio,
3237 4381 3377 4421 meae
3417 4366 3651 4435 divitiae,

248 4463 307 4515 et
355 4457 622 4513 Ecclesiae
671 4453 1142 4527 congregationis
1190 4452 1250 4506 in
1304 4452 1451 4524 lege,
1505 4453 1698 4525 imago
1746 4453 1900 4509 858
2009 4470 2260 4526 quarum
2292 4453 2606 4525 imaginem
2631 4452 2688 4507 in
2720 4457 2775 4508 te
2808 4453 3354 4526 recognosco‘Hpse
3381 4458 3471 4511 est
3496 4454 3654 4511 enim

249 4547 459 4603 futurae
505 4546 765 4601 veritatis
817 4545 876 4600 in
932 4541 1264 4614 Evangelio,
1313 4540 1529 4595 veritas
1576 4541 1635 4595 in
1676 4541 1902 4612 judicio
1934 4565 1981 4630 ι)
2012 4541 2381 4599 adversarius
2446 4545 2504 4595 et
2559 4540 2849 4596 defensor.
2911 4542 3073 4607 Quod
3124 4542 3174 4598 si
3232 4542 3413 4599 fueris
3460 4542 3655 4615 qualis

249 4636 370 4691 Dei.
408 4635 556 4707 Ergo
590 4651 715 4706 qua:
746 4650 861 4689 non
894 4631 1268 4688 celebrantur
1300 4630 1361 4683 in
1394 4628 1671 4696 Ecclesia,
1703 4646 1906 4686 eorum
1935 4628 1967 4630 ⁷
2012 4630 2210 4697 Jacob,
2243 4630 2400 4684 dices
2429 4628 2593 4683 Labae
2619 4634 2720 4700 qui
2751 4645 2812 4685 se
2841 4630 3224 4704 transfigurat
3271 4631 3331 4687 in
3380 4632 3656 4704 angelum

253 4724 466 4780 umbra
491 4727 615 4779 erat
640 4722 698 4777 in
722 4720 1096 4778 sermonibus
1127 4717 1546 4791 prephetarum
1574 4719 1820 4774 :umbra
1847 4719 1905 4774 in
2014 4718 2162 4774 lucis
2198 4736 2210 4772 :
2246 4739 2274 4768 «
2304 4718 2668 4790 Recognosce
2699 4720 2747 4773 si
2779 4718 2918 4790 quid
2949 4724 3188 4776 tuorum
3217 4720 3279 4775 in
3309 4736 3404 4776 me
3432 4717 3659 4774 invenis

253 4810 493 4876 diluvio,
520 4810 733 4867 umbra
780 4812 839 4864 in
893 4809 1089 4865 Rubro
1137 4806 1317 4875 mari;
1352 4805 1586 4877 quando
1637 4805 1910 4880 baptizati
2018 4807 2169 4878 (Gen.
2200 4822 2356 4875 XXXI,
2386 4804 2498 4878 32).
2535 4828 2563 4855 ››
2594 4807 2757 4862 Tunc
2785 4807 2881 4863 ille
2936 4808 3213 4880 requiret,
3245 4812 3303 4863 et
3342 4823 3457 4863 non
3498 4806 3659 4860 inve-

332 4934 446 5007 (87)
480 4936 569 4990 Ita
597 4933 738 4989 edit.
773 4937 831 4988 et
878 4949 1022 5007 mss.
1073 4930 1219 4986 Vict.
1271 4933 1345 5007 et
1370 4929 1530 4985 Colb.
1562 4932 1637 5007 At
1668 4930 1805 5001 Reg.
1860 4935 1917 4985 et

262 5004 360 5090 alii
390 5004 721 5091 quatuor,“
749 5014 844 5091 aut
871 5005 1036 5091 ﬁlios,
1069 5011 1163 5091 a'ut
1185 5005 1405 5091 nepotes
1443 5004 1693 5091 proprios
1718 5018 1913 5091 saper-

262 5072 435 5135 υἰυαῐ.
468 5078 699 5131 Rursus
730 5072 932 5131 eodem
964 5073 1076 5128 hoc
1104 5072 1264 5137 loco,
1284 5072 1603 5128 edit.vet.et
1631 5072 1913 5128 cod.Vict.
2026 5072 2171 5129 mss.
2200 5072 2519 5128 nonnullis.
2554 5075 2618 5128 In
2660 5072 2912 5139 imagine
2937 5077 3141 5141 autem,
3172 5073 3311 5128 edit.
3361 5077 3473 5128 vet.
3524 5085 3660 5127 cum

263 5154 323 5205 et
368 5147 565 5215 Colb.,
620 5148 853 5203 conditis
898 5145 1124 5215 tabulis,
1156 5145 1491 5215 testamentis
1546 5146 1764 5214 scriptis
1812 5143 1918 5198 hae-
2027 5145 2160 5201 aliis
2188 5143 2425 5200 habent.
2462 5150 2523 5198 In
2557 5144 2770 5199 Christo
2800 5145 2968 5215 enim.

262 5237 350 5277 res
408 5212 637 5291 funereo
694 5220 927 5282 ambitu,
986 5212 1114 5270 etc.’
1155 5214 1305 5268 Edit.
1360 5214 1527 5268 Rom.
1578 5212 1710 5269 cuin
1771 5231 1915 5269 mss.
2101 5216 2210 5341 (δερ
2242 5218 2328 5271 Ita
2355 5215 2493 5270 edit.
2528 5220 2647 5269 ant.
2682 5231 2748 5268 ac
2780 5231 2921 5269 mss.
2955 5213 3167 5269 Viet.et
3195 5213 3353 5269 Colb.
3386 5231 3418 5270 a
3449 5212 3664 5286 quibus

264 5292 529 5341 nuinﬂue
562 5296 628 5341 ut
658 5306 764 5341 nos
793 5289 851 5341 in
885 5291 1067 5341 textu.
1103 5285 1215 5340 nisi
1266 5285 1419 5341 quod
1453 5285 1631 5341 aliqui
1666 5302 1770 5341 nro
1801 5302 1917 5341 ατη·
2029 5305 2144 5341 non
2212 5286 2446 5341 issentit
2471 5286 2608 5341 edit.
2646 5285 2835 5341 Rom..
2870 5284 2982 5339 nisi
3013 5285 3165 5341 auod
3199 5285 3379 5341 erasit
3421 5285 3664 5340 verbum

264 5284 529 5365 quinque
562 5296 628 5345 ut
658 5306 764 5365 nos
793 5289 851 5343 in
885 5291 1067 5365 textu,
1103 5285 1215 5365 nisi
1266 5285 1419 5365 quod
1448 5285 1631 5365 aliqui
1666 5302 1770 5357 pro
1801 5302 1917 5365 am:
2029 5284 2446 5365 nondissentit
2471 5286 2608 5365 edit.
2645 5285 2835 5365 βοτη,
2870 5284 2982 5365 nisi
3013 5285 3171 5365 quod
3199 5285 3379 5365 erasit
3421 5284 3664 5365 verbum

264 5354 404 5430 ὁίια,
435 5354 640 5435 legunt
671 5363 821 5417 obitu
841 5377 862 5421 ;
891 5358 1013 5425 alii,
1058 5355 1233 5423 abitu,
1270 5354 1323 5410 id
1375 5362 1466 5411 est
1516 5354 1802 5425 discessu,
1831 5355 1919 5411 vel
2027 5359 2363 5435 fatebantur,
2399 5363 2528 5435 ante
2556 5359 2872 5435 et_l)atrem.
2908 5354 3056 5435 Reg;
3078 5362 3276 5412 autem
3322 5361 3380 5435 et
3425 5356 3530 5435 alii.
3554 5354 3661 5435 ali-

264 5428 528 5492 excessu'.
774 5500 777 5501 7
1050 5499 1089 5501 7_
1153 5500 1160 5501 7
1518 5500 1525 5501 7
2029 5434 2168 5501 quot
2192 5429 2464 5501 daemones
2492 5428 2808 5501 fatebantur
2835 5445 2856 5481 ,ι
2881 5430 2936 5481 et
2958 5428 3197 5495 Patrem,
3247 5431 3378 5500 quia
3427 5429 3530 5484 Dei
3574 5428 3663 5483 Fi-

339 5505 453 5579 (88)
486 5503 629 5579 Mss.
686 5500 966 5579 quinque,
1030 5499 1291 5579 Christus
1330 5514 1455 5579 ergo
1504 5500 1704 5579 imago,
1743 5501 1924 5579 sancti
2030 5499 2171 5579 [iam
2185 5499 2572 5579 precabantur,
2593 5499 2942 5579 fatebantur;
2962 5502 3103 5579 etin
3128 5500 3243 5573 ipso
3259 5499 3346 5558 vel
3362 5516 3462 5574 per
3484 5501 3668 5578 ipsum

265 5569 1059 5648 ad'im’agt‘nemfllwc’t'mago
1090 5571 1237 5626 venit
1249 5570 1327 5648 _z'n
1358 5578 1553 5648 terras.
1575 5570 1698 5648 _A1ii
1747 5574 1922 5648 atque
2030 5569 2279 5648 (Thuan.
2314 5578 2366 5629 et
2385 5585 2488 5647 per
2514 5570 2719 5647 ipsum)
2745 5569 3120 5643 efﬁciebantur.

266 5648 412 5717 edit.
459 5639 526 5706 ut
573 5659 680 5710 nos
730 5659 931 5725 supra.
984 5639 1202 5704 Iterum
1249 5640 1357 5701 hoe
1398 5639 1525 5717 ipso
1573 5639 1700 5703 loco
1742 5639 1920 5705 iidem

2027 4931 2286 5003 quinque
2316 4946 2459 4985 mss.
2497 4932 2711 5003 Utinam
2739 4947 2851 4986 mm
2878 4933 2940 4987 in
2968 4929 3299 5003 um7brq.Alii
3327 4944 3461 5003 cum
3492 4927 3657 4996 edit.,

2025 5000 2085 5058 tit
2106 5000 2227 5074 jam
2256 5018 2367 5056 non
2396 5006 2456 5074 tn
2484 5001 2698 5057 umbra.
2735 5003 2989 5074 Denique
3020 5002 3117 5056 ubi
3148 5002 3314 5074 Rom.
3347 5000 3486 5057 edit.
3523 5014 3660 5055 cum
