4146 6190
498 293 660 382 ίιρῆ

1963 291 2027 352 S.
2073 289 2452 358 AMBROSII

3682 299 3804 380 ne;

500 395 671 502 aiens
701 421 1038 480 confutatus
1075 421 1366 488 abscedet,
1402 420 1541 492 quia
1583 420 1942 476 abscondisti
1975 426 2150 493 atque
2179 423 2236 489 Α
2264 427 2321 478 et
2347 439 2463 478 non
2490 421 2689 494 aperui
2722 439 2786 477 os
2817 436 3013 478 meum
3039 439 3050 488 ;
3086 421 3352 493 quoniam
3378 425 3436 478 tu
3465 423 3628 482 fecisti
3659 445 3759 497 me;
3785 457 3804 482 υ

503 509 852 572 οβῐίιῐθῐειέῐί
883 509 1141 565 omniam
1174 508 1491 565 simulacra
1510 508 2032 565 vitiorum.Beatus
2053 510 2154 582 qui

498 603 692 676 potest
723 599 914 674 dicere
949 616 962 656 :
994 621 1023 650 ‹‹
1057 597 1266 654 Veniet
1294 599 1474 669 hujus
1524 597 1728 653 mundi
1773 599 2064 670 princeps,
2098 602 2157 653 et

499 687 564 746 iri
590 701 687 746 me
734 687 909 746 suum
958 686 1215 744 inveniet
1247 686 1392 743 nihil
1451 688 1633 759 (Joan.
1671 704 1783 756 xxv,
1810 688 1921 758 30).
1963 710 1990 735 ››
2023 687 2154 750 Qua:

502 767 612 836 sua
644 779 786 854 sunt
815 778 970 834 enim
1006 776 1214 850 quaerit
1243 776 1360 845 ille,
1395 793 1509 832 non
1544 775 1644 832 illa
1674 792 1800 847 qua:
1830 775 2064 830 Christi.
2099 775 2154 828 Si

502 885 640 946 ergo
663 869 798 943 quae
831 870 972 923 sunt
1005 865 1220 922 Christi
1248 865 1536 938 sequeris,
1567 864 1684 920 noli
1725 881 1874 936 quas
1906 882 2021 919 non
2053 863 2155 918 ha-

504 947 694 1014 bebas’
717 954 986 1012 affectare
1036 953 1290 1022 divitias,
1335 970 1544 1027 augere
1594 970 1740 1025 quas
1789 952 2068 1018 habebas,
2102 956 2159 1008 et

506 1044 746 1118 divitem
802 1048 858 1099 te
918 1042 1035 1098 sibi
1083 1042 1296 1098 sentiat
1338 1058 1580 1114 pauper.
1615 1041 1796 1096 Induc
1826 1042 1883 1095 in
1915 1043 2158 1096 domum

505 1131 673 1192 tuam
706 1134 962 1208 inopem,
992 1132 1195 1206 frange
1233 1149 1443 1204 panem
1492 1131 1790 1198 esurienti,
1825 1135 1881 1186 et
1932 1131 2155 1184 nudum

509 1221 670 1296 op'eri
704 1239 717 1278 :
751 1228 816 1279 ut
844 1221 952 1278 tibi
981 1221 1294 1278 thesaurus
1325 1221 1610 1276 condatur
1637 1219 1696 1274 in
1729 1219 1891 1286 coelo,
1925 1219 2026 1290 qui
2076 1224 2160 1274 te-

510 1306 645 1384 cum
678 1315 961 1368 transeat.
995 1311 1225 1384 Pauper
1284 1309 1556 1364 Christus
1615 1309 1768 1365 854
1812 1312 1900 1363 est
1947 1307 2158 1374 factus,

507 1417 641 1474 cum
673 1401 835 1456 dives
867 1403 1041 1466 esset,
1076 1402 1142 1454 ut
1174 1416 1279 1455 nos
1312 1417 1418 1454 sua
1451 1397 1648 1470 inopia
1681 1397 1890 1452 divites
1923 1397 2157 1452 faceret.

509 1488 636 1544 Noli
683 1493 820 1564 ergo
852 1493 1089 1562 propter
1141 1487 1373 1543 divitias
1421 1504 1567 1542 vane
1617 1486 1976 1551 conturbari,
2009 1485 2160 1540 exci-

506 1576 617 1633 tari
651 1577 720 1634 de
751 1595 979 1645 somno,
1015 1577 1268 1650 cogitare
1301 1576 1801 1649 quemadmodum
1853 1574 2160 1645 pecuniam

507 1671 673 1738 tuam
704 1669 1066 1738 serves,opes
1099 1670 1231 1720 tuas
1263 1681 1500 1736 augeas,
1533 1665 1603 1718 de
1635 1669 1799 1718 nocte
1830 1663 2160 1733 procedere,

509 1737 796 1828 excubare
843 1755 915 1808 ad
965 1737 1187 1823 judicia
1233 1753 1500 1816 domum,
1543 1757 1607 1806 ut
1653 1750 1842 1805 aliena
1897 1751 2159 1822 diripias,

507 1840 675 1897 litem
708 1856 942 1896 moveas
973 1841 1237 1913 pauperi,
1269 1839 1520 1895 verearis
1547 1845 1873 1895 exactorem
1905 1840 2107 1894 tributi
2144 1856 2156 1893 :

507 1922 665 1986 vana
688 1933 779 2006 est
810 1929 924 1986 ista
953 1929 1340 1985 conturbatio.

580 2038 668 2094 28.
703 2035 888 2112 (Vers.
919 2036 1000 2107 8.)
1052 2037 1120 2092 Et
1170 2035 1298 2090 ideo
1346 2036 1556 2090 Justus
1604 2035 1748 2090 dixit
1783 2052 1794 2089 :
1830 2058 1856 2083 ‹‹
1891 2034 1959 2089 Et
2007 2051 2162 2089 nunc

514 2140 640 2202 quia
672 2128 762 2202 est
790 2123 1110 2198 expectatio
1143 2125 1310 2180 mea?
1341 2142 1533 2180 nonne
1563 2124 1885 2179 Dominus?
1919 2124 1986 2178 Et
2023 2124 2162 2179 sub-

511 2200 736 2286 stantia
758 2229 890 2288 mea
919 2217 1052 2269 ante
1086 2217 1141 2268 te
1171 2217 1280 2269 est.
1312 2236 1340 2263 ››
1377 2215 1522 2284 Spes
1551 2217 1609 2268 et
1640 2213 1924 2284 patientia
1965 2216 2165 2267 nostra

513 2287 783 2368 Christus
831 2305 922 2356 est
971 2319 984 2357 :
1031 2301 1157 2376 ipse
1204 2302 1392 2356 factus
1437 2306 1526 2356 est
1575 2300 1894 2372 redemptio
1944 2303 2161 2363 nostra,

517 2377 645 2464 ipse
693 2394 784 2447 est
837 2392 1040 2447 nostra
1087 2389 1461 2462 exspectatio,
1492 2393 1556 2444 ut
1599 2390 1866 2444 dicamus
1897 2388 2114 2461 singuli
2149 2405 2160 2443 :

517 2501 544 2530 «
580 2479 943 2557 Exspectans
967 2479 1290 2552 exspectavi
1323 2477 1657 2542 Dominum,
1691 2482 1748 2534 et
1779 2477 2030 2550 respexit
2071 2493 2164 2533 me

519 2566 694 2644 (Ρτςαι.
726 2584 919 2642 μείω,
953 2568 1030 2642 2).
1071 2591 1095 2615 ››
1130 2567 1372 2640 Respice
1401 2583 1537 2639 ergo
1568 2583 1674 2622 nos
1705 2566 1763 2621 in
1789 2566 2010 2638 judicio
2041 2571 2162 2621 tuo.

517 2653 810 2733 Respiciet
863 2670 1042 2729 super
1090 2671 1198 2711 nos
1237 2655 1641 2711 misericordia
1671 2659 1791 2723 tua,
1834 2660 1899 2710 ut
1945 2655 2046 2726 qui
2096 2655 2168 2710 de

518 2747 726 2822 merito
758 2744 1084 2806 difﬁdimus
1114 2748 1334 2812 nostro,
1368 2760 1470 2816 per
1498 2749 1662 2800 tuam
1704 2743 2167 2800 misericordiam

516 2831 858 2906 liberemur,
908 2834 967 2890 in
1011 2834 1180 2904 cujus
1225 2836 1512 2905 potestate
1559 2837 1647 2888 est
1697 2833 1906 2888 animae
1958 2836 2166 2888 nostra:

521 2919 766 2998 vitaeque
796 2921 1149 2994 substantia.
1171 2923 1241 2977 Et
1263 2922 1391 2978 ideo
1419 2939 1535 2977 non
1565 2921 1878 2977 timeamus
1909 2921 2169 2992 corporis

521 3014 791 3082 mortem,
823 3011 925 3084 sed
957 3026 1093 3066 eum
1124 3011 1222 3083 qui
1255 3015 1445 3083 potest
1491 3010 1748 3067 animam
1790 3014 2049 3066 nostram
2080 3009 2169 3066 vel

523 3113 774 3172 servare,
803 3099 892 3156 vel
924 3100 1167 3172 perdere
1198 3115 1211 3155 :
1246 3100 1416 3170 cujus
1448 3098 1781 3154 substantia
1827 3098 2012 3154 virtus
2057 3103 2168 3166 est,

529 3202 711 3258 quam
743 3188 898 3244 Deus
953 3189 1025 3244 ad
1084 3187 1531 3244 similitudinem
1572 3187 1662 3241 sui
1715 3187 2048 3258 pectoribus
2079 3187 2168 3242 in-

519 3274 676 3332 fudit
693 3275 993 3349 humanis.

589 3365 680 3425 29.
713 3365 897 3436 (Vers.
931 3365 1010 3436 9.)
1039 3362 1320 3433 Quisquis
1374 3362 1553 3434 igitur
1601 3362 1778 3419 habet
1822 3364 1996 3419 istam
2027 3365 2166 3419 sub-

521 3445 800 3508 stantiam
831 3453 1040 3508 animae
1069 3467 1210 3519 suis,
1248 3449 1388 3506 dicit
1421 3469 1432 3506 :
1472 3473 1499 3502 «
1529 3453 1613 3508 Ab
1644 3453 1918 3509 omnibus
1951 3452 2167 3525 iniqui-

520 3539 744 3612 tatibus
771 3540 918 3597 meis
949 3539 1106 3612 eripe
1138 3556 1251 3595 me.
1279 3561 1307 3592 η
1341 3541 1465 3596 Non
1517 3541 1692 3596 unius
1736 3540 1998 3597 criminis
2041 3541 2164 3613 lap-

520 3644 655 3684 sum
676 3628 907 3698 fatetur,
940 3629 1041 3700 qui
1073 3629 1145 3685 ab
1171 3629 1447 3685 omnibus
1477 3645 1539 3685 se
1569 3629 1979 3700 iniquitatibus
2021 3630 2164 3686 solvi

518 3721 810 3791 precatur.
840 3718 962 3774 Scit
989 3717 1145 3774 enim
1183 3718 1336 3790 quod
1383 3717 1497 3774 nisi
1547 3718 1825 3774 Dominus
1878 3719 2161 3791 ignoscat,

516 3821 691 3879 nemo
723 3807 918 3876 salvus
949 3823 1080 3864 esse
1106 3806 1310 3878 possit,
1342 3807 1678 3879 quicunque
1709 3811 1883 3864 natus
1931 3813 2022 3864 est
2051 3809 2163 3863 sub

516 3899 772 3968 peccato,
827 3913 1002 3970 quem
1043 3895 1174 3969 ipsa
1222 3896 1402 3953 noxiae
1451 3897 1802 3953 conditionis
1851 3898 2163 3954 hereditas

514 3985 890 4052 astrinxitad
921 3985 1175 4057 culpam.

583 4092 672 4148 30.
707 4115 737 4144 ‹‹
767 4089 1181 4166 Opprobrium,
1219 4110 1248 4141 κ
1278 4091 1491 4163 inquit,
1530 4114 1557 4140 »
1603 4091 1904 4164 insipienti
1949 4093 2161 4149 dedisti

513 4195 627 4236 me.
663 4201 691 4231 »
723 4181 864 4248 Quis
895 4185 986 4237 est
1014 4180 1322 4252 insipiens,
1355 4181 1468 4236 nisi
1499 4180 1598 4252 qui
1641 4185 1943 4252 peccatum
2000 4181 2158 4250 facit,

513 4272 570 4324 et
594 4268 758 4342 eligit
785 4269 944 4326 mala
972 4286 1076 4342 pro
1109 4269 1318 4325 bonis?
1349 4271 1492 4342 Ergo
1525 4267 1625 4340 qui
1657 4274 1860 4324 auctor
1889 4274 1978 4325 est
2022 4287 2158 4342 pec-

513 4359 930 4430 catorum,ipse
958 4358 1245 4430 insipiens
1278 4359 1670 4431 magis,quam
1705 4359 1832 4428 ejus
1866 4359 2154 4414 minister.

511 4447 656 4500 Cum
687 4451 996 4516 pec'camus
1056 4449 1256 4520 igitur,
1311 4447 1369 4501 in
1428 4447 1807 4518 opprobrium
1867 4449 2158 4503 tradimur

2264 511 2372 566 hoc
2401 516 2512 577 est,
2545 510 2758 566 dedisti
2786 527 2878 566 me
2908 515 2972 565 tu
2999 511 3368 582 opprobrium
3397 512 3675 585 insipienti,
3711 519 3806 578 ideo

2263 600 2554 665 obmutui,
2615 604 2670 654 et
2722 615 2839 654 non
2889 598 3090 670 aperui
3149 615 3211 654 os
3263 615 3466 669 meum,
3520 620 3583 659 ne
3631 614 3811 675 peccata

2265 689 2489 762 majora
2517 688 2944 744 contraherem.
2976 687 3194 760 Agnovi
3221 686 3551 746 voluntatem
3589 697 3738 761 tuam,
3763 701 3810 750 ut

2265 778 2336 832 ad
2371 781 2601 849 tempus
2643 777 3068 838 erubescerem,
3100 779 3156 832 et
3207 780 3400 848 postea
3451 777 3623 835 salvus
3662 781 3810 838 ﬁerem

2263 865 2496 921 veniam
2528 864 3149 937 postulando.Prodest
3170 880 3300 936 ergo
3318 865 3586 921 interdum
3600 872 3647 922 et
3660 884 3812 940 oppro-

2265 954 2794 1026 brium.Siquidem
2817 953 2993 1009 etiam
3013 953 3135 1025 ipse
3156 954 3384 1024 prodest
3397 953 3813 1023 carnisinteritus,

2268 1048 2332 1098 ut
2362 1043 2708 1098 testiﬁcatur
2737 1041 3050 1114 Apostolus
3082 1042 3280 1097 dicens
3311 1059 3324 1096 :
3357 1065 3383 1091 ‹‹
3411 1043 3623 1097 Tradidi
3645 1061 3747 1100 eum
3771 1045 3813 1101 in

2268 1131 2570 1186 interitum
2603 1130 2829 1198 carnis;
2869 1134 2933 1185 ut
2963 1130 3203 1202 spiritus
3233 1129 3423 1185 salvus
3450 1130 3523 1185 sit
3543 1130 3596 1186 in
3628 1132 3699 1187 die
3730 1132 3814 1188 Do-

2272 1219 2417 1274 mini
2451 1219 2634 1276 nostri
2661 1219 2802 1274 Jesu
2835 1218 3075 1274 Christi.
3117 1219 3165 1290 (Ι
3191 1217 3369 1284 Cor.v,
3393 1217 3808 1290 5).»Opprobrium

2269 1325 2501 1380 quoque
2559 1309 2836 1380 prodesse
2883 1307 3062 1363 David
3111 1307 3238 1379 ipse
3285 1311 3518 1363 testatus
3559 1312 3632 1363 est
3667 1309 3817 1372 dicens

2270 1397 2340 1451 ad
2373 1398 2654 1452 Abessam
2687 1414 2698 1452 :
2733 1421 2760 1446 ‹‹
2797 1397 2955 1464 Sine,
2999 1395 3309 1452 maledicat
3356 1395 3493 1450 mihi
3531 1396 3818 1464 Jemineus;

2271 1485 2547 1556 quoniam
2572 1485 2716 1540 dixit
2748 1485 2828 1540 illi
2863 1484 3177 1551 Dominus;
3212 1490 3276 1539 ut
3307 1484 3485 1540 videat
3509 1484 3822 1542 humilitatem

2272 1591 2484 1639 meam,
2519 1580 2575 1627 et
2607 1574 2891 1628 retribuat
2923 1573 3064 1628 mihi
3097 1572 3380 1628 Dominus
3409 1573 3549 1629 bona
3573 1590 3660 1645 pro
3693 1574 3821 1630 male-

2272 1664 2429 1717 dicto
2462 1663 2588 1717 hoc.
2623 1664 2694 1733 (ll
2723 1664 2846 1732 Reg.
2894 1680 3008 1724 xvx,
3061 1663 3148 1728 11,
3183 1661 3291 1732 42).
3335 1685 3362 1711 ››
3409 1662 3476 1716 Et
3518 1678 3689 1718 revera
3721 1663 3822 1718 vidit

2273 1752 2652 1823 opprobrium
2682 1753 2809 1822 ejus
2843 1750 3311 1822 Dominus,quod
3342 1749 3480 1806 flens
3507 1749 3614 1806 ibat
3631 1755 3680 1806 et
3694 1750 3826 1805 excal-

2270 1823 2488 1908 ceatus,
2527 1843 2726 1911 operto
2758 1840 2978 1912 capite;
3014 1844 3073 1895 et
3102 1840 3322 1896 amovit
3359 1839 3480 1910 ejus
3508 1839 3823 1911 opprobrium.

2273 1929 2479 2001 Liquet
2511 1929 2690 2001 igitur
2720 1929 2823 2000 qui
2854 1945 2988 1984 cum
3021 1929 3196 1984 datus
3227 1929 3286 1983 in
3317 1928 3666 2000 opprobrium
3700 1927 3830 1982 David

2272 2016 2504 2088 fugerit,
2565 2022 2621 2072 et
2678 2016 3020 2073 humiliatus
3074 2017 3169 2085 sit,
3203 2021 3261 2073 et
3317 2017 3463 2074 855
3513 2015 3663 2071 nudis
3707 2015 3828 2086 pedi-

2273 2106 2404 2172 bus,
2465 2105 2710 2160 Domino
2779 2106 3144 2176 satisfecerit,
3205 2111 3263 2162 et
3317 2105 3534 2178 lapides
3589 2105 3830 2176 jacientem

2274 2212 2388 2250 non
2422 2195 2862 2266 repercusserit,
2893 2200 2950 2250 et
2978 2194 3038 2249 in
3071 2193 3514 2250 maledicentem
3543 2210 3641 2249 non
3668 2191 3828 2263 permi-

2275 2283 2415 2338 serit
2444 2283 2809 2350 vindicari,et
2838 2287 2972 2355 post
3001 2283 3120 2340 hzec
3155 2300 3333 2356 regno
3365 2299 3469 2340 suo
3496 2283 3687 2355 integro
3710 2279 3834 2336 resti-

2273 2376 2439 2427 tutus
2469 2373 2548 2427 sit
2572 2372 2731 2443 ;quia
2759 2377 2817 2428 et
2847 2373 3230 2444 opprobrium
3262 2391 3298 2429 a
3325 2372 3561 2429 Domino
3589 2372 3719 2437 sit,et
3741 2385 3834 2440 pro-

2275 2460 2352 2514 sit
2381 2461 2570 2532 magis
2619 2459 2909 2514 sustinere
2958 2460 3363 2532 opprobrium,
3411 2475 3579 2532 quam
3621 2457 3836 2514 refellere.

2275 2549 2533 2619 Denique
2564 2547 2804 2603 victoria
2838 2552 2968 2620 post
2997 2553 3200 2605 secuta
3228 2553 3337 2606 est.
3373 2549 3513 2621 Ergo
3537 2546 3838 2620 opprobrium

2275 2639 2531 2710 prodest.
2569 2639 2676 2692 Sed
2707 2637 2843 2708 quid
2872 2643 2962 2693 est
2992 2639 3150 2710 quod
3183 2638 3411 2694 addidit
3443 2654 3456 2692 :
3488 2660 3514 2685 «
3545 2634 3779 2700 Quoniam
3793 2635 3839 2687 tu

2275 2726 2463 2782 fecisti
2519 2727 2650 2782 me?
2699 2727 2901 2782 Nonne
2950 2727 3079 2783 ideo
3138 2727 3508 2783 obmutuisse
3553 2742 3609 2780 se
3656 2723 3782 2792 dicit,
3803 2726 3842 2775 et

2278 2831 2391 2869 non
2424 2815 2722 2886 aperuisse
2754 2832 2818 2870 os
2851 2832 3026 2870 suum
3055 2832 3067 2870 :
3103 2816 3248 2887 quia
3275 2815 3508 2888 agnovit
3552 2810 3746 2868 Domini
3773 2825 3842 2864 vo-

2277 2903 2560 2959 luntatem
2595 2922 2607 2958 :
2643 2908 2946 2976 propterea
2977 2905 3270 2976 patienter
3298 2921 3360 2962 se
3392 2902 3698 2977 pertulisse,
3717 2903 3767 2956 ut
3785 2913 3844 2953 sa-

2276 2993 2521 3050 tisfieret
2549 2992 2793 3048 Domino
2834 3009 2938 3064 per
2970 2994 3358 3064 opprobrium
3384 3010 3485 3066 pro
3514 2991 3746 3064 peccato!

2351 3100 2439 3154 32.
2473 3100 2656 3168 (Vers.
2698 3101 2804 3170 ll.)
2839 3099 3002 3155 Unde
3059 3105 3116 3155 et
3173 3100 3448 3172 adjunxit
3509 3115 3521 3153 :
3564 3122 3588 3146 «ι
3639 3099 3847 3152 Amovea

2282 3205 2374 3245 me
2405 3189 2608 3262 plagas
2639 3193 2772 3244 tuas
2802 3190 2971 3259 (Psal.
3005 3207 3204 3256 xxvm,
3246 3192 3357 3261 18).
3415 3213 3440 3237 ››
3490 3186 3747 3252 Quomodo
3770 3181 3847 3235 hoc

2279 3277 2390 3334 sibi
2442 3277 2750 3349 congruit?
2807 3277 2869 3332 In
2923 3277 3224 3350 superiore
3275 3278 3510 3334 Psalmo
3564 3273 3764 3347 ﬂagellis
3805 3282 3850 3323 se

2277 3366 2508 3434 obtulit,
2543 3367 2637 3422 hic
2689 3365 2920 3439 ﬂagella
2968 3384 3001 3422 a
3047 3384 3110 3422 se
3158 3367 3428 3439 postulat
3474 3363 3718 3427 amoveri;
3762 3355 3848 3411 nisi

2277 3455 2416 3528 quia
2445 3455 2614 3512 solvit
2636 3456 2760 3526 jam
2795 3456 2864 3510 de
2897 3472 3076 3512 manu
3115 3457 3357 3512 Domini
3391 3455 3630 3528 duplicia
3666 3451 3848 3522 peccata

2275 3561 2400 3609 sua,
2428 3545 3168 3617 erubescendo,opprobria
3197 3546 3586 3602 sustinendo?
3606 3545 3851 3610 Compunc-

2275 3633 2461 3690 tiones
2511 3634 2702 3689 cordis
2754 3635 2845 3689 sui
2891 3639 3032 3690 sunt
3085 3638 3141 3690 et
3190 3636 3626 3707 cogitationum,
3669 3629 3779 3684 sunt
3812 3626 3853 3677 et

2277 3723 2746 3796 increpationum
2796 3722 3040 3795 ﬂagella.
3087 3723 3416 3780 Videamus
3465 3727 3643 3778 tamen
3671 3732 3730 3772 ne
3761 3712 3851 3766 ideo

2274 3811 2485 3868 dixerit
2537 3816 2670 3867 ante
2718 3815 2902 3867 Deum
2932 3829 3059 3868 esse
3085 3812 3486 3869 substantiam
3517 3809 3702 3866 animis
3740 3815 3854 3863 sua;

2272 3917 2410 3973 quia
2439 3917 2554 3956 non
2587 3901 2959 3973 impugnaret
2989 3902 3367 3957 adversarius
3399 3917 3546 3970 eam,
3578 3896 3676 3953 nisi
3710 3894 3852 3965 potes-

2270 3993 2450 4045 tatem
2482 3991 2805 4061 accepisset
2837 4008 2870 4045 a
2899 3990 3180 4059 Domino;
3218 3991 3382 4063 quod
3406 3989 3559 4046 enim
3581 3975 3858 4043 fecitDomi-

2271 4094 2404 4144 nus,
2454 4082 2511 4132 et
2558 4082 2774 4134 tuetur.
2829 4078 3090 4150 Denique
3135 4079 3387 4153 angelus
3438 4079 3497 4134 in
3545 4073 3755 4132 circuitu
3793 4068 3857 4121 est

2271 4166 2546 4233 hominis,
2577 4167 2676 4238 qui
2736 4167 3063 4238 przetendit,
3097 4184 3169 4223 ne
3230 4168 3370 4240 quis
3425 4168 3623 4223 noceat
3667 4160 3729 4217 ei.
3764 4155 3856 4211 Non

2268 4253 2514 4310 discedit
2543 4255 2806 4327 angelus,
2864 4254 2979 4311 nisi
3027 4256 3238 4326 jussus
3272 4274 3308 4312 a
3358 4255 3620 4318 Domino,
3661 4253 3713 4304 ut
3750 4256 3854 4299 suus

2267 4343 2486 4399 athleta
2534 4344 2806 4399 decertet.
2859 4344 3010 4416 Ergo
3067 4346 3239 4415 quasi
3301 4342 3632 4401 substantia
3678 4327 3856 4393 Domini

2267 4432 2568 4503 praesumit
2596 4433 2825 4488 veniam
2859 4433 2972 4489 sibi
3005 4434 3392 4505 iniquitatum
3437 4446 3667 4489 suarum
3694 4444 3723 4482 a
3745 4424 3859 4478 Con-

513 4532 882 4601 adversario;
909 4539 975 4590 ut
1004 4536 1102 4591 ille
1133 4536 1426 4607 nosquasi
1451 4535 1809 4591 inimicusin
1832 4522 2451 4607 diejudiciiDditore
2503 4538 2610 4577 suo
2668 4539 2839 4594 posse
2897 4523 3166 4590 concedi;
3228 4528 3288 4579 et
3357 4524 3489 4578 ideo
3547 4521 3712 4591 rogat.
3757 4523 3861 4605 Ψιξα

511 4625 746 4678 accuset
773 4626 832 4678 et
863 4625 1090 4694 prodat.
1141 4624 1544 4696 Suscipiamus
1590 4640 1727 4696 ergo
1777 4625 2154 4696 opprobrium

509 4711 698 4767 crucis
729 4709 964 4779 Christi,
1015 4713 1171 4784 quod
1228 4713 1486 4785 suscepit
1542 4713 1789 4785 Moyses,
1825 4719 1880 4768 et
1931 4715 2152 4786 (Egypti

507 4798 804 4856 thesauris
833 4800 1127 4874 regalibus
1160 4801 1448 4874 praetulit;
1476 4805 1533 4856 et
1564 4801 1690 4856 ideo
1732 4819 1845 4856 non
1879 4807 1967 4858 est
2015 4803 2153 4858 insi-

508 4889 689 4960 pienti
719 4889 1188 4967 inopprobrium
1215 4889 1605 4946 traditus.Alii
1638 4890 1854 4945 habent
1886 4892 2149 4947 codices:

506 5000 535 5028 «
567 4968 959 5052 opprobrium
993 4979 1290 5051 insipienti
1317 4995 1387 5034 ne
1413 4979 1610 5033 tradas
1644 4996 1787 5034 mea
1825 4980 1934 5035 Sed
1965 4983 2152 5054 magis

503 5065 683 5122 David
713 5085 843 5124 eam
884 5068 1368 5124 consuetudinem
1429 5067 1622 5134 habet,
1687 5072 1749 5122 ut
1798 5086 1905 5124 sua
1964 5070 2150 5142 magis

504 5156 816 5228 opprobria
846 5162 902 5213 et
932 5161 1166 5229 peccata
1199 5157 1466 5222 fateatur,
1502 5171 1607 5210 nec
1639 5156 1708 5210 de
1742 5158 1992 5228 peccatis
2025 5159 2149 5214 suis

503 5245 806 5302 erubescat
834 5250 892 5302 et
922 5245 1380 5319 Opprobriis,qui
1416 5245 1525 5300 scit
1559 5246 1614 5300 in
1637 5245 2000 5302 confessione
2022 5263 2149 5303 esse

503 5332 752 5402 veniam,
803 5339 860 5391 et
911 5335 970 5391 in
1020 5335 1241 5409 peccati
1290 5335 1381 5392 sui
1439 5335 1923 5392 condemuatione
1971 5336 2150 5407 justi-

504 5420 670 5476 tiam.

573 5507 662 5563 3L
691 5509 873 5580 (Vere.
924 5515 1039 5586 10.)
1071 5514 1330 5587 Denique
1379 5532 1447 5572 ex
1496 5513 1589 5571 his
1639 5531 1765 5588 qua:
1795 5519 2144 5590 sequuntur,

501 5597 915 5664 manifestatur
942 5603 1037 5664 hic
1058 5620 1297 5678 sensus;
1333 5607 1474 5680 quia
1504 5604 1753 5681 subjecit
1784 5623 1834 5667 :«
1866 5605 2145 5666 Obmutui

2266 4611 2425 4666 novit
2453 4613 2760 4667 Auctorem
2792 4628 2968 4666 suum
3000 4611 3469 4668 misericordem.
3523 4607 3722 4665 Deinde
3759 4599 3862 4671 quia

2266 4700 2436 4755 datus
2465 4700 2543 4754 sit
2573 4699 2632 4754 in
2664 4699 3066 4771 opprobrium,
3103 4717 3218 4756 non
3251 4701 3512 4768 resistit;
3554 4697 3649 4753 sed
3691 4689 3861 4766 patitur

2263 4787 2573 4842 adversum
2605 4805 2666 4843 se
2696 4788 2968 4844 assistere
2999 4793 3458 4860 peccatorem,et
3493 4788 3620 4844 silet
3640 4783 3860 4840 substan-

2262 4876 2353 4929 tiae
2377 4894 2493 4930 sua:
2525 4877 3039 4949 conscientia,qu:e
3066 4880 3217 4934 bona
3237 4884 3353 4944 est,
3371 4884 3426 4934 et
3451 4879 3632 4950 potest
3656 4863 3860 4940 corpofiil

2263 4966 2648 5020 ferocitatem-
2685 4966 2996 5036 refrenare,
3046 4972 3111 5022 ut
3159 4967 3349 5024 virtus
3399 4965 3683 5028 succedat,
3735 4954 3864 5025 culpa

2261 5058 2530 5125 ponatur.
2567 5054 2866 5110 Postremo
2898 5056 3037 5127 quia
3067 5057 3258 5112 factus
3292 5074 3328 5112 a
3362 5055 3605 5111 Domino
3626 5043 3860 5113 est,citiu5

2260 5143 2369 5198 sibi
2404 5160 2574 5214 posse
2605 5143 2811 5199 donari
2842 5149 3146 5214 peccatum
3177 5145 3547 5203 confidenter
3593 5135 3860 5197 existimat.

2263 5233 2361 5304 qui
2395 5231 2798 5287 fortitudinem
2834 5249 3045 5290 manus
3071 5233 3306 5290 Domini
3331 5226 3858 5306 potueritsustinere.

2328 5340 2417 5394 33.
2454 5339 2519 5394 Et
2561 5338 2671 5395 hoc
2722 5338 2922 5412 utique
2971 5339 3135 5396 bonas
3186 5339 3537 5396 substantias
3589 5341 3690 5401 est,
3723 5328 3862 5387 etsil

2257 5427 2599 5484 fortitudine
2630 5444 2841 5484 manus
2872 5428 3102 5485 Domini
3139 5429 3426 5486 defecisse
3457 5446 3519 5484 se
3550 5413 3858 5482 dicit.Fortis

2257 5534 2469 5575 manus
2518 5517 2672 5574 sicut
2718 5517 2871 5574 male
2919 5519 3191 5590 percutit,
3229 5518 3316 5576 sic
3369 5519 3488 5575 cito
3537 5517 3697 5576 sanat
3726 5527 3738 5566 ι
3766 5517 3859 5578 φη

2254 5605 2424 5668 fortis
2455 5607 2526 5668 ad
2551 5605 2790 5685 vulnus,
2823 5605 2990 5668 fortis
3021 5611 3079 5671 et
3107 5608 3180 5670 ad
3205 5607 3545 5672 remedium
3591 5607 3693 5663 est.
3737 5591 3862 5658 U060
