4146 6190
326 379 485 477 i105

1351 401 1805 472 ENARRATIO
1854 405 1932 470 IN
1978 405 2356 474 PSALMUM
2402 411 2733 480 XXXVIII.

3589 363 3756 472 i166

327 535 387 607 et
435 546 563 620 ipse
605 543 689 603 ait
725 560 793 600 :«
821 537 1174 613 Percutiam,
1225 543 1284 600 et
1332 543 1552 600 sanabo
1603 542 1778 616 (Deut.
1813 558 1991 611 xxxn,
2022 539 2078 608 A
2107 543 2231 602 bris
2264 547 2677 621 cupiditatum.
2712 550 3060 624 Exspectant
3106 549 3288 626 igitur
3332 562 3442 608 nos
3489 517 3762 620 quadam

326 639 457 710 39);
494 659 522 687 ››
561 640 628 691 ut
686 651 804 690 non
864 633 1200 690 meminerit
1256 631 1538 701 vulneris,
1596 632 1697 704 qui
1751 637 1995 688 sanatus

327 726 534 785 evasit.
569 724 837 796 Denique
894 723 1016 778 hac
1073 739 1289 779 manus
1349 721 1580 778 Domini
1641 725 1843 777 sancto
1886 722 1996 776 Job

325 816 530 873 omnia
561 812 829 881 abstulit,
863 817 919 868 et
957 813 1158 868 omnia
1204 810 1639 884 repraesentavit
1674 830 1685 867 :
1721 813 1838 868 imo
1871 829 1995 867 om-

325 906 427 962 nia
475 902 718 960 cumulo
780 902 961 968 auxit,
1015 905 1080 957 ut
1129 902 1352 958 amissa
1399 900 1742 971 geminaret.
1779 902 1892 956 Nec
1941 905 1997 954 te

327 997 562 1050 moveat
602 991 760 1063 quod
793 991 1074 1046 defecisse
1107 1007 1170 1046 se
1211 990 1374 1044 dixit.
1411 991 1508 1044 Est
1540 989 1639 1061 qui
1695 990 1907 1055 deﬁcit,
1942 992 2000 1043 et

325 1083 534 1139 fortior
563 1081 788 1151 surgit;
840 1079 1101 1134 suifulcit
1131 1079 1286 1134 enim
1320 1078 1604 1134 Dominus
1655 1096 1860 1134 omnes
1893 1077 1996 1150 qui

319 1175 526 1238 ruunt,
562 1173 620 1224 et
655 1168 900 1241 corrigit
930 1183 1139 1223 omnes
1187 1167 1382 1222 elisos.
1419 1168 1560 1222 Cum
1593 1167 1807 1222 virtute
1837 1166 1996 1222 enim

322 1260 516 1332 surgit
547 1257 896 1330 quicunque
935 1257 1270 1328 corrigitur.
1309 1256 1522 1311 Defecit
1568 1255 1783 1311 Paulus
1813 1273 1848 1311 a
1880 1255 1996 1309 for-

318 1348 576 1404 titudine
610 1362 835 1402 manus
878 1345 1079 1416 hujus.
1115 1345 1332 1400 Cecidit
1382 1348 1739 1416 persecutor,
1775 1349 1832 1399 et
1865 1361 1996 1400 sur-

329 1437 476 1494 rexit
504 1434 811 1508 Evangelii
844 1435 1210 1506 praedicator.
1246 1434 1364 1488 Hoc
1412 1439 1501 1488 est
1544 1433 1696 1503 quod
1729 1433 1810 1486 ait
1844 1450 1855 1486 :
1888 1455 1914 1480 ‹‹
1954 1434 2000 1486 Α

327 1526 674 1585 fortitudine
711 1541 922 1579 manus
953 1528 1066 1578 tuae
1099 1539 1203 1594 ego
1235 1521 1436 1577 defeci.
1466 1544 1492 1569 ››

396 1617 707 1686 3t.(Vers.
746 1612 854 1683 12.)
890 1613 956 1667 Et
1005 1611 1235 1666 addidit
1264 1629 1276 1665 :
1303 1633 1330 1660 ‹‹
1380 1611 1442 1664 In
1492 1608 2004 1681 increpationibus

328 1722 503 1777 super
529 1703 912 1774 iniquitatem
947 1699 1198 1754 erudisti
1231 1697 1531 1753 hominem
1567 1716 1578 1752 :
1613 1702 1669 1752 et
1697 1698 2006 1752 tabescere

329 1794 517 1850 fecisti
549 1793 712 1848 sicut
757 1805 1034 1845 araneam
1076 1787 1336 1844 animam
1368 1788 1515 1858 ejus.
1547 1809 1574 1835 »
1606 1787 1840 1842 Graecus
1873 1793 2004 1858 ὑπὲρ

2107 638 2468 709 sartagines;
2502 641 2630 696 ideo
2661 641 2756 696 hic
2803 646 3176 698 conteramus
3224 659 3324 698 cor
3374 641 3666 706 nostrum,
3697 640 3768 704 ut

2106 725 2320 782 subtile
2353 728 2475 794 ﬁat,
2509 733 2566 784 et
2585 731 2836 802 deponat
2868 748 3101 787 omnem
3125 731 3404 787 duritiem
3438 731 3495 786 et
3522 711 3770 802 pinglié-

2107 815 2305 872 dinem
2336 801 2940 888 quamdamicarnalis
2980 822 3193 877 arvinae
3228 838 3240 876 :
3276 820 3435 892 quod
3467 801 3773 892 patientur

2108 905 2209 976 qui
2243 906 2519 962 luxuriati
2553 914 2691 964 sunt
2736 909 2794 964 in
2845 909 2954 964 hac
2985 911 3135 978 vita;
3166 913 3223 965 et
3272 889 3484 980 magis
3512 889 3773 978 ludibria

2107 993 2481 1062 dedecorum,
2513 1014 2688 1068 quam
2723 1015 2900 1070 opera
2939 997 3058 1054 ulla
3104 999 3396 1053 virtutum
3448 985 3776 1052 exercenda

2108 1081 2221 1136 sibi
2245 1100 2404 1138 more
2424 1085 2666 1141 Judaico
2689 1086 3084 1162 crediderunt.
3106 1088 3482 1142 Incrassatus
3503 1088 3592 1140 est
3613 1084 3776 1143 enim

2105 1170 2310 1236 Jacob,
2344 1175 2400 1226 ct
2442 1172 2677 1245 pinguis
2728 1178 2917 1231 factus
2966 1180 3074 1242 est,
3108 1180 3165 1232 et
3213 1173 3475 1232 surrexit
3520 1172 3724 1231 ludere
3760 1194 3773 1232 :

2109 1276 2285 1330 quem
2320 1277 2353 1314 a
2378 1260 2512 1315 ﬁdei
2534 1263 2776 1318 veritate
2801 1263 2970 1319 lusus
2999 1264 3097 1320 ille
3127 1264 3186 1319 in
3219 1261 3482 1336 perﬁdia:
3513 1263 3778 1328 traduxit

2109 1364 2387 1403 errorem.
2442 1349 2646 1405 Merito
2703 1368 2838 1423 ergo
2899 1351 3117 1408 Paulus
3175 1351 3514 1424 castigabat
3561 1369 3780 1426 corpus

2113 1453 2310 1501 suum,
2336 1453 2408 1491 nc
2441 1439 2687 1494 nutriret
2708 1456 2921 1512 corpus
2942 1441 3195 1512 peccati;
3230 1439 3592 1497 luxuriando
3615 1442 3776 1514 enim

2114 1524 2366 1580 facimus
2388 1527 2653 1582 membra
2673 1529 2915 1600 peccati,
2945 1530 3259 1588 sobrietate
3282 1534 3490 1586 autem
3510 1515 3783 1591 membra

2110 1613 2374 1683 justitiae.
2409 1615 2533 1670 Non
2562 1619 2772 1672 natura
2803 1634 2959 1690 ergo,
2994 1621 3096 1675 sed
3127 1619 3302 1692 culpa
3333 1619 3649 1694 delinquit.

2189 1703 2278 1756 35.
2307 1703 2422 1758 Nec
2478 1703 2692 1760 iterum
2750 1723 2902 1762 vana
2948 1712 3006 1763 et
3062 1708 3264 1765 inania
3320 1726 3673 1781 sequamur,
3705 1730 3781 1770 ne

2116 1788 2294 1844 telam
2327 1808 2551 1848 araneas
2581 1796 2769 1849 texere
2807 1795 3146 1865 judicemur
3176 1813 3189 1852 :
3224 1814 3291 1853 eo
3343 1800 3514 1870 quod
3547 1807 3787 1872 peccata

331 1891 535 1953 ἀνομυας
585 1879 754 1947 dixit,
803 1879 910 1934 hoc
970 1880 1079 1945 est,
1108 1898 1136 1926 «
1167 1893 1270 1948 pro
1327 1875 1710 1946 iniquitate,»
1743 1879 1798 1929 et
1846 1874 2000 1930 inte-
2037 1913 2088 1978 B
2120 1878 2285 1934 nulla
2331 1882 2737 1953 perpetuitatis
2790 1889 3038 1955 possunt
3083 1885 3299 1942 habere
3353 1888 3779 1962 substantiam.

333 1988 506 2043 grum
568 1983 807 2024 versum
862 1975 911 2023 ἐν
944 1975 1166 2038 ἐλεγμοῖς
1245 1973 1366 2037 ὑπὲρ
1444 1972 1643 2035 ἀνομίας
1713 1971 2009 2031 ἐπαιδευσας

332 2059 590 2133 ἄνθρωπον
641 2057 861 2130 posuit,
922 2057 1078 2126 quod
1142 2060 1232 2110 est
1266 2071 1279 2108 :
1313 2076 1339 2103 «
1374 2053 1436 2108 In
1496 2052 2008 2124 increpationibus

335 2166 440 2222 pro
490 2147 802 2218 iniquitate
851 2143 1100 2200 erudisti
1161 2143 1538 2198 hominem.»
1575 2142 1705 2198 Ideo
1766 2141 2006 2213 sapiens

337 2237 484 2293 dixit
517 2254 575 2292 ει
609 2234 751 2299 Quis
782 2234 929 2288 mihi
964 2233 1130 2288 dabit
1160 2231 1579 2305 cogitationum
1614 2246 1878 2285 mearum
1905 2230 2007 2284 ﬂa-

338 2326 559 2400 gella...
601 2324 797 2395 (Eccli.
844 2323 1091 2394 xxm,2)
1122 2325 1180 2377 et
1231 2320 1521 2376 labiorum
1571 2320 1683 2391 (90)
1734 2335 2006 2375 meorum

339 2412 715 2486 signaculum
766 2412 952 2482 (Eccli.
997 2428 1138 2476 xxii,
1171 2410 1355 2482 33)?»
1391 2409 1544 2464 856
1578 2409 1651 2464 Ut
1697 2426 1795 2464 cor
1825 2425 2004 2463 suum

343 2504 475 2576 ipse
498 2503 625 2558 suis
649 2500 1103 2573 cogitationibus
1130 2497 1470 2572 ﬂagellaret,
1494 2502 1549 2552 et
1571 2497 1827 2569 signaret
1848 2496 2008 2552 labia

350 2609 490 2658 sua;
525 2607 639 2663 quo
671 2594 727 2645 et
754 2594 949 2646 vetera
998 2593 1236 2661 peccata
1284 2588 1592 2658 minueret,
1625 2604 1728 2642 nec
1778 2585 1891 2641 alia
1921 2586 2008 2641 lo-

352 2679 585 2753 quando
646 2682 982 2746 renovaret;
1037 2694 1150 2748 quo
1205 2675 1456 2749 propriis
1507 2674 2008 2747 increpationibus

351 2769 643 2834 eruditus,
687 2767 961 2822 exercitia
1000 2765 1232 2821 virtutis
1279 2765 1565 2819 indueret.
1600 2762 1869 2818 Tabescit
1899 2780 2007 2818 au-

350 2863 468 2914 tem
501 2858 721 2922 anima,
755 2856 991 2926 quando
1039 2858 1347 2926 peccatum
1398 2851 1718 2918 minuitur;
1753 2850 1839 2906 vel
1871 2868 2006 2906 cum

353 2947 549 3002 anima
609 2944 888 3011 tabescit,
949 2943 1121 3016 culpa
1178 2942 1490 3015 deponitur
1551 2958 1564 2997 :
1623 2941 2006 3008 incrassatur,

355 3051 488 3090 cum
537 3037 776 3107 peccata
824 3033 1220 3088 cumulantur.
1265 3031 1428 3088 Unde
1477 3032 1558 3086 ait
1608 3029 1894 3085 Dominus
1941 3030 2009 3084 de

357 3123 758 3196 peccatoribus
813 3140 877 3177 ε·
913 3121 1039 3176 Non
1093 3121 1457 3193 permanebit
1507 3121 1564 3174 in
1615 3119 1707 3174 his
1755 3117 2008 3188 Spiritus

357 3229 524 3268 meus
553 3213 610 3266 in
643 3216 966 3277 aeternum;
1000 3210 1276 3281 quoniam
1322 3225 1528 3265 carnes
1575 3212 1714 3264 sunt
1743 3206 1896 3276 (Gen.
1929 3225 2005 3275 VI,

2122 1967 2286 2022 Unde
2313 1985 2446 2023 cum
2478 1970 2695 2026 videris
2720 1971 2948 2042 aliquos
2980 1975 3216 2030 studere
3246 1975 3633 2038 facultatibus
3665 1967 3786 2036 am-

2121 2055 2398 2127 pliandis,
2431 2058 2806 2113 cumulandis
2849 2062 3258 2131 potestatibus,
3311 2065 3644 2122 affectando
3683 2068 3785 2122 de-

2121 2144 2260 2211 cori,
2295 2145 2454 2201 dices
2486 2145 2632 2202 illud
2665 2148 2825 2203 Isaiae
2860 2165 2871 2202 :
2900 2172 2927 2199 ‹‹
2956 2148 3155 2205 Telam
3187 2168 3416 2209 aranea:
3449 2157 3656 2210 texunt
3685 2139 3784 2210 isti

2121 2232 2180 2287 in
2213 2235 2487 2290 omnibus
2519 2234 2630 2291 diei
2665 2236 2841 2293 unius
2875 2238 2985 2308 (92)
3015 2238 3140 2310 (Ita.
3175 2257 3285 2308 LIx,
3319 2241 3402 2312 5),
3428 2263 3458 2293 »
3489 2259 3618 2316 quae
3651 2233 3782 2300 diu-

2121 2326 2294 2378 turna
2333 2340 2462 2379 esse
2508 2342 2622 2379 non
2674 2329 2891 2398 potest;
2941 2328 3041 2382 sed
3093 2328 3206 2383 cito
3255 2329 3576 2401 scinditur,
3607 2335 3785 2404 atque

2121 2427 2268 2483 opus
2299 2413 2428 2484 ejus
2459 2429 2631 2469 omne
2661 2413 3021 2470 dissolvitur.
3054 2416 3181 2471 Non
3230 2416 3392 2472 enim
3427 2436 3615 2494 supra
3643 2405 3783 2476 Soli-

2121 2500 2263 2554 dum
2298 2501 2535 2572 aliquod
2578 2503 3018 2558 ﬁrmamentum
3051 2503 3300 2572 locatur,
3333 2508 3438 2563 sed
3492 2508 3552 2564 in
3579 2527 3784 2580 .vaouo

2121 2589 2522 2661 suspenditur.
2546 2591 2700 2645 Nihil
2726 2590 2946 2663 laxum,
2969 2592 3114 2648 nihil
3135 2594 3312 2650 molle
3331 2613 3545 2654 verum
3567 2599 3784 2656 Christi

2122 2677 2371 2733 militem
2400 2679 2596 2747 decet;
2632 2695 2762 2735 ecce
2791 2681 2945 2736 enim
2978 2681 3077 2753 qui
3110 2682 3391 2740 mollibus
3421 2686 3780 2756 vestiuntur,

2121 2766 2180 2819 in
2215 2766 2488 2822 domibus
2538 2784 2740 2840 regum
2787 2772 2944 2834 sunt,
2975 2771 3181 2842 Arguti
3230 2771 3344 2827 sibi
3395 2776 3455 2828 et
3503 2773 3780 2844 industrii

2119 2870 2322 2909 omnes
2344 2855 2499 2910 avari
2516 2857 2806 2912 videntur.
2823 2857 2970 2923 Quid
2993 2858 3280 2932 argutius,
3295 2860 3442 2931 quid
3465 2861 3782 2938 sollicitius

2121 2959 2355 3010 aranea,
2389 2960 2514 3014 qua:
2545 2947 2701 3016 operi
2752 2963 2858 3001 suo
2907 2946 3114 3004 diebus
3145 2964 3210 3003 ac
3240 2933 3519 3027 noctibus
3549 2933 3783 3024 semper

2118 3030 2391 3098 intendit,
2417 3048 2521 3087 nec
2553 3032 2670 3089 ullo
2699 3039 2960 3106 sumptu,
2983 3035 3220 3107 ullaque
3246 3035 3527 3110 impensa
3549 3038 3784 3110 conﬁcit

2117 3118 2579 3176 vestimentum?
2621 3122 2733 3176 Sed
2782 3139 2998 3178 vanum
3052 3123 3201 3180 857
3253 3107 3352 3180 est
3391 3107 3574 3200 omne
3623 3107 3776 3200 quod

2122 3207 2342 3263 fecerit.
2377 3208 2472 3264 Sic
2502 3209 2677 3266 homo
2708 3212 2897 3267 omnis
2924 3217 3032 3281 est,
3067 3213 3168 3285 qui
3207 3230 3356 3285 opus
3383 3230 3778 3292 suumsupra

355 3302 431 3373 3).
458 3324 484 3351 »
514 3301 582 3356 Et
627 3300 764 3356 alibi
825 3277 1126 3368 Scriptura
1184 3298 1324 3352 dicit
1356 3315 1367 3352 :
1396 3322 1422 3347 ‹‹
1459 3299 1856 3351 lncrassatum
1916 3299 2006 3350 est
2037 3277 2078 3344 [ἶ
2119 3294 2331 3351 Christi
2362 3314 2474 3351 non
2499 3299 2802 3354 constituit
2825 3277 3293 3356 fundamentum.
3316 3302 3482 3358 Vane
3503 3277 3776 3363 noctibus

357 3405 456 3445 cor
499 3391 700 3463 populi
748 3388 929 3458 hujus
961 3386 1094 3456 (Act.
1127 3403 1326 3454 xxvm,
1356 3387 1467 3452 27).
1498 3407 1523 3432 ››
1557 3386 1690 3440 Ideo
1721 3387 1777 3437 et
1806 3383 2002 3438 Hiere-

357 3479 505 3534 mias
564 3478 823 3550 primum
881 3473 1158 3530 baculum
1214 3474 1360 3528 vidit
1416 3473 1697 3528 nucinum
1741 3488 1752 3525 :
1798 3471 2005 3526 deinde

355 3566 532 3623 ollam
563 3566 902 3630 ferventem,
927 3566 991 3617 ut
1019 3563 1342 3620 tabesceret
1372 3563 1569 3618 anima
1598 3559 1892 3634 propheta:
1926 3560 2008 3614 in-

355 3654 629 3727 cipientis
660 3653 803 3724 (91);
837 3667 952 3723 quo
999 3652 1171 3724 culpa
1220 3651 1564 3719 discederet,
1600 3654 1665 3705 ut
1711 3648 2009 3704 accederet

353 3743 566 3817 gratia.
593 3742 702 3798 Sed
726 3757 830 3796 cur
858 3740 1023 3811 prius
1053 3739 1352 3806 baculum,
1376 3744 1579 3812 postea
1608 3736 1827 3794 ollam?
1856 3736 2005 3800 Quo-

356 3831 515 3886 niam
549 3830 647 3902 qui
679 3827 886 3884 baculo
919 3845 1034 3883 non
1066 3828 1398 3900 corrigitur,
1435 3829 1494 3882 in
1527 3827 1700 3883 ollam
1734 3823 2002 3891 mittitur,

357 3924 424 3975 ut
453 3921 653 3975 ardeat
682 3923 738 3974 et
769 3918 1046 3973 tabescat.
1080 3920 1149 3972 Et
1179 3917 1307 3972 ideo
1360 3917 1430 3972 ad
1480 3915 1822 3989 prophetam
1870 3914 2005 3968 Eze-

359 4008 604 4065 chielem
635 4007 850 4063 dicitur
885 4024 897 4061 :
931 4026 952 4054 ι
980 4006 1188 4078 Accipe
1218 4006 1325 4060 tibi
1371 4005 1792 4078 sartaginem...
1827 4011 1883 4058 et
1913 4020 2006 4058 ac-

360 4097 538 4170 cipies
570 4096 914 4168 iniquitates
946 4096 1156 4150 domus
1189 4095 1432 4151 Israel...
1457 4100 1512 4150 et
1542 4091 2003 4159 consummabis,

361 4190 418 4242 et
444 4187 765 4245 tabescent,
817 4183 1031 4254 inquit,
1066 4184 1126 4238 in
1177 4183 1299 4238 suis
1349 4183 1763 4254 iniquitatibus
1793 4181 2003 4251 (Exech.

363 4291 439 4340 IV,
470 4275 525 4346 3,
558 4274 634 4345 li).
662 4295 690 4322 »
723 4273 792 4327 Et
823 4270 962 4326 alibi
994 4271 1054 4325 in
1085 4271 1288 4327 eodem
1322 4271 1471 4325 libro
1503 4271 1645 4326 dicit
1674 4269 1957 4324 Dominus
1992 4286 2004 4323 :

364 4357 530 4419 «Sed
563 4377 668 4435 ego
714 4375 995 4431 magnum
1046 4358 1254 4412 faciam
1303 4357 1591 4427 titionem,
1623 4361 1679 4412 et
1725 4354 2008 4426 multipli-

363 4453 504 4507 cabo
536 4451 712 4523 ligna.
747 4447 1099 4503 succendam
1135 4446 1358 4518 ignem;
1396 4449 1459 4499 ut
1487 4445 1752 4516 liqueﬁat
1779 4459 1932 4508 caro,
1956 4447 2013 4497 et

363 4527 1085 4608 imminuaturjus(E7.ech.
1101 4534 1406 4605 xxrv,11).»
1421 4533 1643 4598 Quibus
1661 4529 2012 4587 testimoniis

364 4629 732 4702 signiﬁcatur
749 4626 902 4699 quod
923 4624 1131 4680 anima:
1155 4622 1511 4695 perﬁdorum
1528 4622 1762 4676 admoto
1779 4619 1912 4691 igne
1931 4622 2012 4675 ta-
2041 4643 2089 4708 D

363 4719 633 4786 bescant;
658 4720 722 4771 ut
739 4716 1034 4788 deponant
1053 4711 1462 4768 crassitudinis
1479 4710 1794 4782 quemdam
1815 4725 2014 4764 carna-

365 4807 439 4865 lis
472 4807 800 4862 humorem.
826 4804 1141 4860 Mittuntur
1161 4817 1295 4873 ergo
1327 4801 1385 4855 in
1419 4798 1772 4871 sartaginem
1805 4801 1861 4853 et
1889 4797 2011 4852 ani-

367 4903 474 4952 mae
490 4897 856 4968 peccatorum
874 4911 885 4960 ;
904 4898 967 4947 ut
979 4889 1472 4962 deﬂuatquaadam
1493 4887 1712 4961 peccati
1727 4903 2012 4958 caro,quae

366 4985 689 5040 obduxerat
716 4983 922 5039 animas
957 4997 1022 5036 ac
1052 4978 1264 5035 mentis
1294 4979 1582 5050 vigorem;
1619 4980 1674 5031 et
1703 4974 1858 5030 velut
1879 4976 2015 5045 jure

367 5073 649 5146 quodam,
680 5073 760 5128 ita
791 5069 1148 5144 quibusdam
1190 5067 1481 5122 infuderat
1528 5066 1786 5122 animam
1819 5063 2014 5119 illece-

441 5232 552 5303 (90)
586 5233 672 5287 Ita
714 5248 857 5286 mss.
893 5229 1144 5303 acdedit.
1197 5243 1419 5296 omnes,
1460 5229 1702 5303 excepta
1752 5225 1918 5280 Rom.
1957 5226 2014 5280 in

414 5299 489 5357 ua
518 5299 676 5376 legas
704 5321 715 5358 :
739 5304 871 5372 Quis
907 5301 1328 5376 Ml.ftt'_iiltp‘(?7t«6[_
1347 5299 1741 5376 cogitationum
1769 5313 2018 5376 mearum

414 5321 489 5357 ua
518 5321 676 5376 legas
704 5321 715 5358 ε
739 5321 871 5372 (μηδ
907 5321 1046 5356 τηῖηι
1080 5321 1317 5368 ῑηῳυηρσι
1347 5321 1741 5364 cuyuuuunum
1769 5321 2016 5350 mearum

367 5321 701 5446 ﬂagellauit
744 5376 866 5445 quis
914 5372 1066 5426 dabit
1095 5369 1260 5446 _m2'hi
1311 5369 1600 5446 labiomyn,
1653 5373 1760 5446 etc.
1797 5367 2016 5446 Ubi_lo-

370 5439 506 5503 cuin
553 5439 1215 5501 voluit-accommodare
1264 5439 1334 5494 ad
1386 5439 1534 5494 sacri
1583 5443 1774 5494 textus
1822 5439 2016 5505 verba,

371 5514 795 5591 qugconsule.

443 5588 554 5658 (9-1)
609 5587 775 5642 Rom.
837 5583 1000 5658 edit,
1063 5581 1371 5658 praphetge
1409 5582 1763 5658 insipientis._
1814 5580 2018 5637 Melius

369 5653 792 5736 aliaaemgs.
850 5653 1111 5736 aliquot).
1150 5653 1420 5735 ρνοριιςεεε
1472 5653 1827 5736 eripient;
1885 5670 2018 5736 0"!“

2115 3388 2173 3438 et
2202 3383 2408 3439 diebus
2438 3388 2494 3439 et
2523 3386 2648 3458 ipse
2694 3390 3002 3458 turbatur;
3053 3406 3189 3445 cum
3237 3406 3372 3446 eum
3421 3391 3775 3466 plerumque

2115 3487 2336 3525 araneae
2370 3474 2540 3527 modo
2575 3476 2750 3531 etiam
2783 3477 2840 3532 in
2870 3478 2998 3550 ipso
3020 3495 3140 3534 suae
3173 3465 3572 3552 improbitatis
3604 3463 3772 3538 moli-

2115 3557 2293 3624 mine,
2328 3559 2518 3628 operis
2549 3562 2639 3615 sui
2672 3563 2844 3619 ruina
2872 3566 3174 3622 convolvat
3203 3567 3334 3638 (93).

2186 3647 2273 3700 36.
2309 3645 2496 3717 (Vers.
2535 3650 2647 3719 13.)
2698 3652 2766 3705 Et
2823 3653 2952 3708 ideo
3013 3654 3248 3726 sapiens
3307 3654 3407 3726 qui
3467 3639 3771 3732 cognoscit

2114 3735 2294 3806 hujus
2326 3733 2522 3789 saeculi
2552 3737 2893 3805 vanitatem,
2918 3758 3034 3796 non
3067 3741 3405 3796 diuturnam
3427 3742 3562 3800 vita.
3589 3746 3772 3819 hujus

2116 3828 2384 3896 precatur
2433 3840 2705 3891 usuram;
2743 3827 2842 3882 sed
2894 3829 2966 3883 ad
3013 3827 3116 3883 illa
3161 3833 3376 3883 caterua
3422 3829 3682 3902 festinat,
3715 3838 3774 3890 et

2115 3912 2311 3968 labore
2342 3911 2522 3982 hujus
2545 3915 2805 3986 corporis
2835 3919 2891 3971 et
2913 3915 3110 3972 dolore
3131 3915 3311 3988 gestit
3331 3913 3774 3987 absolvi;_sicut

2114 4001 2402 4073 Propheta
2431 4001 2798 4059 desiderasse
2830 4003 3204 4076 cognoscitur
3232 4004 3432 4060 dicens
3474 4020 3488 4070 ;
3523 4007 3768 4077 Exaudi,

2117 4090 2377 4155 Domine,
2404 4091 2727 4147 orationem
2752 4108 2943 4148 meam
2965 4096 3022 4149 et
3042 4091 3511 4165 deprecationem
3535 4112 3728 4152 meam
3752 4114 3765 4153 :

2116 4179 2358 4234 auribus
2408 4179 2638 4252 percipe
2691 4180 2980 4252 lacrymas
3029 4197 3211 4237 meas.
3244 4181 3326 4236 Ne
3377 4179 3554 4238 sileas
3585 4201 3619 4254 a
3652 4200 3766 4252 me,

2118 4268 2392 4340 quoniam
2427 4269 2651 4324 advena
2679 4284 2784 4340 ego
2826 4286 2960 4324 sum
3012 4270 3167 4342 apud
3198 4273 3256 4325 te
3286 4269 3346 4324 in
3375 4272 3562 4348 terra,
3584 4276 3640 4337 et
3669 4289 3769 4345 pe-

2118 4359 2408 4428 regrinus,
2443 4355 2595 4410 sicut
2625 4372 2829 4411 omnes
2878 4361 3074 4427 patres
3105 4357 3240 4412 mei.
3269 4379 3297 4405 »
3326 4355 3494 4413 Alius
3542 4363 3632 4416 est
3679 4360 3768 4428 in-

2118 4444 2264 4512 cola,
2299 4445 2450 4499 alius
2472 4444 2712 4511 advena,
2737 4442 2890 4498 alius
2922 4445 3138 4500 accola.
3164 4444 3379 4512 Incola,
3413 4445 3512 4518 qui
3541 4429 3620 4505 de!
3642 4448 3767 4506 loco

2118 4537 2226 4604 est,
2259 4538 2315 4588 et
2343 4530 2656 4605 genitalem
2688 4531 2882 4588 locum
2905 4533 3106 4589 incolit
3135 4535 3376 4605 advena,
3400 4535 3502 4608 qui
3534 4521 3770 4610 aliunde

2118 4621 2302 4689 venit;
2364 4619 2576 4686 accola,
2627 4621 2728 4692 qui
2789 4622 2859 4676 ad
2917 4626 3150 4695 temptts
3211 4623 3365 4693 colit,
3397 4628 3454 4680 et
3505 4611 3769 4681 mutatur

2124 4726 2411 4765 annorum
2457 4708 2704 4764 vicibus.
2742 4709 2857 4765 Hoc
2889 4715 2977 4766 est
3006 4728 3141 4785 ergo
3182 4714 3338 4784 quod
3370 4712 3510 4767 dicit
3536 4711 3714 4768 David
3751 4729 3763 4766 :

2123 4799 2289 4870 Apud
2322 4805 2377 4854 te
2408 4797 2632 4853 alienus
2665 4815 2817 4866 sum,
2847 4800 2986 4855 dum
3018 4801 3078 4855 in
3108 4805 3261 4857 terra
3290 4816 3422 4857 sum
3449 4816 3461 4853 :
3486 4815 3602 4853 non
3635 4815 3766 4870 sum

2125 4903 2282 4941 nunc
2313 4887 2568 4958 paradisi
2621 4887 2704 4941 tui
2736 4887 2943 4944 incola.
2978 4890 3141 4945 Unde
3171 4888 3440 4961 exposuit
3487 4886 3769 4961 hochipse

2125 4976 2446 5046 subjiciens
2480 4993 2490 5030 :
2520 5000 2545 5024 ‹‹
2598 4977 2666 5031 Et
2713 4978 3076 5050 peregrinus,
3126 4977 3278 5032 sicut
3324 4991 3526 5030 omnes
3575 4979 3769 5046 patres

2128 5063 2261 5119 mei.
2290 5088 2317 5112 »
2352 5065 2512 5128 Quod
2561 5065 2788 5137 aperuit
2817 5070 2875 5120 et
2905 5063 3203 5136 apostolus
3233 5061 3470 5133 Paulus,
3504 5079 3770 5121 asserens

2129 5225 2471 5280 refcrantur.
2518 5225 2640 5278 Non
2692 5223 2843 5278 male
2881 5227 3087 5294 tamen
3139 5221 3240 5294 alii
3286 5237 3455 5294 mss.,
3497 5199 3769 5294 propheta:

2128 5298 2487 5377 ίηξρίεἱθῃιίδ.
2523 5294 2685 5377 Quod
2716 5309 2848 5348 vero
2880 5293 3128 5377 baculus
3164 5291 3262 5348 ille
3285 5291 3535 5376 dicitur,
3565 5291 3769 5349 nucetis

2126 5362 2498 5428 vel‘nucinus,
2531 5364 2587 5417 id
2620 5380 2912 5435 nusquam
2945 5362 3081 5418 alibi
3113 5363 3458 5436 reperimus.

2199 5438 2311 5509 (92)
2343 5437 2434 5509 Sic
2467 5451 2607 5509 _mss.
2643 5434 2770 5489 Vat.
2822 5439 2879 5489 et
2907 5435 3184 5509 quinque
3232 5433 3434 5509 Gallic.
3477 5431 3586 5509 Alii
3633 5447 3766 5509 vero

2130 5501 2264 5591 cum
2295 5501 2432 5562 edit.
2467 5505 2588 5560 haec
2632 5501 3120 5576 praetermittunt}
3156 5505 3253 5561 isti
3279 5506 3340 5560 in
3366 5503 3621 5560 omnibus
3655 5501 3772 5559 diei

2129 5596 2571 5722 αῃῖἕέᾗβοᾶῇοθε
2609 5646 2870 5722 quinque
2901 5663 3069 5722 mss,
3091 5648 3347 5722 etiamin
3393 5645 3608 5722 quaestu
3630 5655 3771 5722 sua!

369 5715 574 5786 isthaac
606 5730 677 5787 de
704 5715 967 5786 Jeremia
992 5727 1048 5781 in
1080 5715 1225 5798 'ip‘so
1249 5715 1444 5796 primo
1476 5715 1603 5796 ejus
1649 5723 1784 5780 libri
1809 5715 2021 5798 'capite
2132 5715 2513 5793 improbitatis,
2545 5715 2829 5774 moli-mine
2856 5719 3030 5790 operis
3051 5720 3140 5774 sui
3166 5718 3334 5774 ruina
3359 5715 3659 5774 cenvolvat.
