4146 6190
489 356 643 432 llO‘l

1935 352 2000 416 S.
2045 352 2420 420 AMBROSII

3744 343 3897 411 1108

487 492 764 570 quoniam
794 512 823 545 «
852 505 987 550 cum
1017 505 1226 550 sumus
1270 489 1330 549 in
1360 489 1471 549 hoc
1500 506 1762 564 corpore,
1794 487 2127 563 peregrina-
2159 491 2215 558 Α
2246 489 2460 563 pienda
2487 485 2767 562 apostolis
2817 482 2893 543 ei.
2916 482 3199 543 Dominus
3244 480 3558 551 revolabat,
3607 481 3733 540 imo
3779 482 3896 540 hac

486 600 622 640 mur
654 600 690 640 a
717 581 963 639 Domino
1011 583 1085 649 (II
1127 581 1247 638 Cor.
1284 598 1339 647 v,
1372 582 1457 652 6);
1491 603 1519 631 ››
1555 581 1693 653 quia
1738 579 1845 634 etsi
1898 580 2041 634 fides
2072 578 2132 633 in

483 671 655 730 nobis
680 677 789 738 est,
813 688 914 744 per
944 671 1115 728 (idem
1148 670 1545 735 ambulamus,
1577 686 1689 725 non
1722 685 1825 740 per
1857 668 2134 740 speciem,

482 762 544 818 id
575 766 686 830 est,
719 778 833 818 non
861 760 1004 816 facie
1034 760 1107 815 ad
1140 760 1369 828 faciem,
1404 759 1568 831 quasi
1613 761 1929 830 praesentes
1964 773 1976 810 :
2012 773 2137 812 am-

486 851 765 908 bulamus
811 850 967 906 enim
1006 848 1066 904 in
1115 849 1422 921 aenigmate
1467 847 1680 916 adhuc,
1715 864 1831 903 non
1880 845 1938 900 in
1988 844 2139 901 veri-

488 943 627 998 tate.
659 939 917 1010 Denique
964 937 1190 994 addidit
1224 956 1236 993 :
1267 937 1622 991 «Audemus
1670 951 1807 1007 ergo
1855 940 1911 990 et
1959 934 2141 989 confi-

490 1030 687 1091 dimus
738 1027 927 1100 magis
985 1025 1340 1099 peregrinari
1397 1041 1654 1097 corpore,
1696 1029 1753 1079 et
1810 1023 2015 1079 adesse
2070 1022 2141 1076 ad

492 1116 805 1174 Dominum
854 1116 1014 1185 (Ibid.
1046 1118 1122 1187 8).
1158 1114 1459 1170 Audemus
1492 1138 1519 1162 «
1556 1110 2034 1185 praesumptionis
2082 1110 2143 1164 in

492 1210 608 1263 Deo
639 1205 797 1273 fidei,
829 1221 944 1259 non
978 1203 1090 1275 (94)
1122 1202 1470 1259 temeritatis
1500 1207 1589 1257 est
1617 1201 1887 1268 verbum;
1923 1204 1979 1255 et
2006 1216 2143 1255 con-

495 1294 805 1361 sentimus,
826 1294 883 1348 id
909 1296 1017 1360 est,
1040 1291 1299 1348 volentes
1323 1290 1756 1363 acquiescimus
1781 1294 1837 1343 et
1858 1291 2145 1361 optantes,

490 1401 608 1461 non
640 1381 921 1456 plenioris
951 1381 1206 1437 scientiae
1238 1379 1639 1436 auctoritatem
1672 1376 1830 1433 velut
1860 1376 2151 1449 principa-

493 1472 626 1530 liter
654 1475 854 1531 nostro
876 1469 1103 1541 judicio
1133 1469 1526 1541 dependentes
1558 1468 1671 1538 (95)
1708 1484 1720 1522 :
1753 1466 2025 1521 volumus
2054 1480 2149 1519 ve-

494 1577 628 1619 rum
658 1577 788 1617 esse
819 1559 974 1632 quod
1023 1557 1329 1630 cupimus;
1370 1561 1435 1611 ut
1481 1556 2022 1628 appropinquemus
2076 1552 2149 1608 ad

490 1650 831 1716 Dominum,
856 1666 891 1704 a
910 1664 1025 1719 quo
1051 1664 1159 1703 nos
1189 1646 1421 1702 videtur
1454 1645 1785 1699 futurorum
1818 1648 1874 1698 et
1904 1658 2152 1715 praesen-

495 1739 643 1796 tium
693 1736 978 1793 distantia
1028 1751 1318 1807 separare.
1362 1734 1667 1788 Audemus
1716 1749 1852 1804 ergo
1904 1732 2149 1801 adesse;

506 1830 565 1883 et
594 1826 725 1882 ideo
756 1824 952 1896 inquit
984 1841 1050 1878 :«
1082 1822 1453 1878 Connitimur
1482 1821 1637 1893 (Ibid.
1670 1822 1749 1892 9.)
1777 1842 1804 1868 ››
1836 1818 2148 1891 Cognoscis

501 1913 747 1971 verbum
791 1911 1039 1969 volentis
1086 1911 1278 1967 adhuc
1337 1910 1652 1982 pervenire,
1688 1926 1803 1964 non
1859 1909 1987 1979 ejus
2044 1907 2145 1978 qui

494 2000 839 2076 pervenerit.
873 2000 1129 2055 Affectus
1187 1998 1366 2070 igitur
1414 1998 1475 2053 in
1524 1997 1633 2052 hoc
1684 2014 1977 2064 sermone,
2029 2012 2145 2051 non

496 2092 735 2148 effectus
767 2089 1115 2145 ostenditur.
1149 2088 1412 2159 Denique
1442 2087 1637 2159 ipsum
1669 2090 1875 2141 testem
1906 2084 1998 2141 sui
2031 2100 2149 2140 ser-

499 2178 692 2236 monis
729 2179 1051 2250 interroga;
1107 2175 1226 2232 imo
1278 2176 1415 2231 audi
1474 2176 1785 2242 dicentem,
1817 2174 1903 2230 vel
1953 2174 2146 2246 potius

502 2269 641 2326 audi
693 2266 1081 2332 dubitantem,
1132 2281 1266 2319 cum
1316 2264 1459 2320 dicit
1491 2282 1552 2319 :«
1590 2264 1717 2319 ideo
1746 2263 2147 2330 ,connitimur,

505 2356 625 2413 sive
655 2356 946 2422 absentes,
982 2353 1100 2409 sive
1128 2356 1464 2424 praesentes,
1500 2352 1724 2425 placere
1757 2351 1842 2406 illi
1865 2352 2047 2423 (Ibid)
2076 2368 2089 2406 :
2116 2373 2142 2400 ››

497 2446 768 2501 absentes
799 2441 992 2497 adhuc
1023 2458 1125 2513 per
1157 2440 1353 2506 fidem,
1387 2444 1699 2512 praesentes
1735 2456 1839 2513 per
1868 2439 2142 2512 speciem.

497 2533 661 2591 Unde
691 2535 748 2588 et
775 2531 885 2586 hoc
915 2533 1105 2603 potest
1130 2527 1400 2600 intelligi,
1433 2530 1586 2600 quod
1631 2534 1688 2584 et
1736 2528 1829 2583 hic
1863 2528 2059 2601 positi,
2090 2532 2147 2581 et

497 2620 616 2679 illic
647 2621 874 2694 placere
906 2622 1105 2675 nostro
1126 2617 1337 2688 judici,
1374 2617 1726 2689 redemptori
1772 2633 2004 2689 quoque
2035 2633 2144 2670 no-

498 2715 756 2767 strarum
789 2708 1193 2764 desideramus
1231 2705 1583 2761 animarum.
1607 2706 1854 2761 Necesse
1875 2710 1964 2761 est
1985 2704 2142 2760 enim

496 2815 606 2855 nos
636 2798 688 2854 ei
718 2796 993 2853 assistere
1024 2811 1128 2868 per
1158 2793 1446 2866 speciem;
1484 2798 1546 2848 ut
1571 2793 1979 2865 unusquisque
2010 2808 2145 2864 ope-

498 2904 634 2943 rum
664 2901 906 2942 suorum
940 2883 1149 2939 merita
1178 2882 1367 2954 dignae
1415 2880 1774 2954 adipiscatur
1804 2881 1979 2937 sortis
2008 2898 2146 2936 exa-

502 2974 660 3032 mine
683 2991 697 3030 :
718 2972 807 3030 vel
838 2974 1040 3045 justus
1072 2972 1130 3026 in
1163 2969 1383 3042 requie,
1406 2970 1491 3026 vel
1524 2970 1742 3042 impius
1773 2969 1829 3024 in
1862 2986 2143 3025 (erumna.

506 3062 722 3122 Fundit
750 3061 932 3136 igitur
975 3059 1291 3133 lacrymas;
1325 3059 1602 3130 quoniam
1652 3075 1787 3113 cum
1836 3059 2058 3114 advena
2088 3058 2149 3111 in

2244 584 2367 635 erat
2396 582 2562 635 vetus
2593 576 2885 634 sententia
2917 576 3047 649 (96),
3067 592 3132 631 ut
3154 574 3255 647 qui
3277 590 3339 631 se
3366 573 3610 647 ligasset
3638 573 3700 628 in
3732 572 3899 629 terris

2245 669 2476 724 vinctus
2524 668 2800 739 migraret
2839 683 2872 721 a
2920 682 3177 737 corpore.
3215 664 3349 720 Ideo
3403 662 3715 728 Dominus,
3750 662 3898 734 quod

2247 763 2381 813 ante
2408 762 2531 813 erat
2552 756 2761 827 judicii
2792 755 2905 822 sui,
2928 754 3088 810 dedit
3120 752 3402 827 apostolis
3436 757 3681 824 peccata
3713 751 3903 807 remit-

2248 845 2407 901 tendi
2441 845 2709 915 aequitate
2753 844 3029 899 solvenda
3058 844 3196 914 (97),
3220 859 3292 898 ne
3323 843 3435 898 cito
3468 840 3778 906 solvenda,
3812 840 3901 893 diu

2249 933 2430 1005 ligata
2482 937 2804 989 manerent.
2857 932 3112 1003 Denique
3161 931 3300 987 audi
3346 930 3644 987 dicentem
3679 948 3749 985 ;‹‹
3784 923 3907 985 Tibi

2252 1023 2402 1077 dabo
2432 1021 2623 1078 claves
2660 1022 2823 1095 regni
2853 1020 3162 1087 caelorum;
3195 1024 3253 1076 et
3279 1020 3677 1093 quodcunque
3699 1018 3910 1091 ligave-

2254 1109 2334 1166 ris
2365 1127 2541 1183 super
2571 1115 2806 1177 terram,
2834 1109 2943 1165 erit
2972 1109 3221 1183 ligatum
3253 1114 3311 1165 et
3340 1108 3397 1164 in
3431 1108 3575 1164 coelo
3603 1125 3617 1163 :
3642 1112 3699 1163 et
3732 1107 3912 1179 quod-

2255 1215 2488 1270 cunque
2528 1198 2769 1254 solveris
2819 1215 2996 1269 super
3042 1203 3281 1267 terram,
3314 1198 3425 1254 erit
3471 1199 3729 1253 solutum
3760 1200 3819 1250 et
3850 1195 3907 1249 in

2257 1287 2399 1343 cmlo
2452 1288 2659 1358 (Matth.
2704 1288 2962 1359 xv1,19).
2990 1310 3017 1337 ››
3047 1286 3200 1353 Tibi,
3254 1285 3466 1357 inquit,
3518 1286 3664 1340 dabo
3717 1284 3910 1339 claves

2259 1376 2422 1448 regni
2456 1375 2755 1443 caelorum,
2790 1380 2854 1431 ut
2880 1380 2938 1432 et
2967 1375 3157 1432 solvas
3188 1380 3245 1431 et
3288 1374 3457 1448 liges.
3490 1375 3609 1429 Hoc
3640 1373 3913 1428 Novatia-

2260 1480 2375 1517 nus
2406 1478 2521 1517 non
2551 1462 2795 1528 audivit,
2827 1463 2928 1518 sed
2960 1462 3217 1518 Ecclesia
3240 1462 3341 1518 Dei
3370 1461 3624 1528 audivit;
3658 1461 3797 1516 ideo
3825 1460 3912 1515 ille

2260 1551 2321 1606 in
2350 1549 2542 1622 lapsu,
2593 1568 2700 1607 nos
2747 1551 2805 1606 in
2853 1550 3245 1608 remissione:
3279 1550 3375 1607 ille
3424 1551 3484 1606 in
3538 1549 3911 1623 impaeniten-

2262 1640 2363 1708 tia,
2400 1656 2506 1695 nos
2554 1640 2614 1695 in
2664 1640 2868 1713 gratia.
2905 1641 3069 1707 Quod
3120 1641 3287 1696 Petro
3344 1639 3586 1707 dicitur,
3639 1638 3911 1711 apostolis

2263 1729 2498 1785 dicitur.
2532 1730 2657 1785 Non
2688 1733 3033 1802 potestatem
3076 1746 3454 1801 usurpamus,
3489 1729 3592 1785 sed
3627 1729 3911 1785 servimus

2264 1818 2530 1891 imperio,
2556 1836 2627 1874 ne
2657 1824 2858 1891 postea
2886 1836 3019 1874 cum
3041 1818 3263 1874 venerit
3288 1818 3599 1885 Dominus,
3622 1823 3684 1874 et
3716 1817 3911 1892 ligatos

2255 1906 2542 1964 invenerit
2571 1924 2719 1980 quos
2749 1908 3004 1980 oportuit
3042 1906 3213 1977 solvi,
3248 1910 3695 1963 commoveatur
3722 1908 3911 1963 adver-

2255 2013 2360 2052 sus
2402 1997 2885 2068 dispensatorem,
2920 1997 3020 2069 qui
3065 1996 3278 2067 ligatos
3327 1996 3649 2053 servaverit
3696 2012 3912 2063 servos,

2258 2100 2407 2156 quos
2436 2085 2721 2141 Dominus
2743 2087 3006 2158 jusserat
3031 2085 3175 2141 solvi
3208 2086 3431 2153 dicens,
3456 2084 3738 2156 quoniam
3763 2108 3791 2133 ‹‹
3812 2085 3914 2155 qui

2254 2173 2524 2246 cognovit
2559 2174 2914 2230 voluntatem
2961 2174 3184 2229 domini
3215 2174 3329 2241 sui,
3363 2178 3420 2229 et
3471 2190 3586 2229 non
3637 2173 3773 2228 fecit
3820 2190 3915 2228 se-

2256 2262 2515 2316 cundum
2548 2262 2906 2318 voluntatem
2951 2264 3099 2334 ejus,
3133 2261 3434 2334 vapulabit
3483 2261 3777 2317 multum:
3810 2261 3915 2333 qui

2258 2356 2452 2406 autem
2486 2368 2600 2406 non
2632 2352 2902 2424 cognovit
2930 2356 2989 2407 et
3018 2351 3154 2407 fecit
3173 2351 3352 2424 digna
3382 2349 3597 2423 plagis,
3619 2348 3919 2422 vapulabit

2258 2439 2459 2496 minus
2490 2440 2643 2512 (Luc.
2677 2458 2779 2510 x11,
2808 2442 2895 2508 47,
2925 2441 3035 2511 48).
3063 2462 3091 2489 ››

2328 2529 2416 2583 38.
2443 2528 2647 2585 Merito
2679 2546 2816 2600 ergo
2848 2528 3027 2584 David
3060 2527 3279 2585 remitti
3308 2527 3425 2583 sibi
3471 2525 3741 2599 postulat
3773 2528 3917 2599 quod

2257 2615 2481 2672 sciebat
2529 2634 2643 2673 non
2674 2634 2803 2673 esse
2853 2616 2946 2687 iis,
2981 2617 3084 2689 qui
3132 2617 3462 2673 secundum
3493 2619 3694 2672 Aaron
3739 2621 3919 2686 erant,

2257 2705 2660 2762 sacerdotibus
2713 2706 3113 2761 attributum:
3148 2706 3250 2761 sed
3300 2704 3611 2778 Evangelia
3664 2705 3924 2761 servaba-

2255 2797 2371 2847 tur.
2404 2794 2506 2849 Cui
2540 2811 2675 2867 ergo
2726 2811 2839 2849 non
2889 2794 3224 2861 remittitur,
3256 2793 3314 2848 in
3346 2793 3555 2849 exsilio
3586 2799 3706 2859 est,
3741 2793 3801 2849 in
3831 2810 3922 2865 pe-

2257 2881 2667 2954 regrinationis
2701 2883 2917 2955 injuria
2962 2888 3312 2956 perseverat.
3349 2883 3453 2939 llic
3498 2899 3643 2955 ergo
3678 2884 3925 2955 petenda

2257 2974 2345 3024 est
2376 2971 2559 3025 venia.
2596 2972 2700 3027 Ilic
2730 2972 2888 3027 enim
2936 2972 3160 3027 dictum
3213 2976 3302 3027 est
3334 2988 3347 3026 :
3374 2995 3401 3022 ‹‹
3438 2970 3600 3027 Beati
3637 2972 3742 3044 qui
3775 2989 3926 3028 nunc

2258 3057 2430 3123 ﬂetis,
2462 3059 2601 3131 quia
2632 3059 2893 3116 ridebitis
2915 3061 3065 3131 (Luc.
3090 3078 3169 3131 v1,
3196 3062 3284 3133 2i)
3312 3078 3324 3116 :
3352 3082 3380 3109 ››
3407 3060 3503 3116 hic
3532 3059 3704 3117 locus
3731 3066 3821 3117 est
3841 3077 3932 3115 ve-

502 3157 722 3211 terram
774 3150 1016 3218 venerit,
1045 3151 1380 3205 demoretur
1427 3153 1484 3202 et
1532 3151 1832 3219 separetur
1879 3165 1913 3202 a
1961 3146 2151 3218 patria
2192 3218 2213 3223 Α
2262 3147 2368 3201 nia:
2419 3148 2800 3220 postulandae.
2846 3147 3228 3222 Deploremus
3278 3149 3459 3223 igitur
3506 3149 3567 3203 in
3623 3151 3822 3216 terris,
3867 3158 3930 3204 ut

503 3241 677 3315 longo
707 3240 978 3296 detentus
1010 3236 1232 3293 exsilio.
1267 3235 1579 3291 Considera
1600 3218 1772 3290 nunc
1804 3235 1948 3290 mihi
1982 3234 2149 3289 illum
2181 3218 2223 3285 C
2263 3218 2594 3292 mereamur
2621 3218 3070 3311 indulgentiam.
3101 3238 3223 3293 Nisi
3258 3218 3577 3294 remissum
3610 3244 3929 3309 peccatum

500 3332 686 3387 Adam
710 3330 780 3384 de
805 3326 1077 3400 paradiso
1100 3325 1374 3394 ejectum,
1399 3324 1456 3377 in
1480 3322 1789 3379 castellum
1816 3323 2163 3396 relegatum,
2273 3324 2368 3379 hic
2398 3326 2589 3393 fuerit,
2615 3343 2728 3381 non
2753 3326 3101 3382 habebimus
3132 3326 3395 3399 requiem
3420 3343 3433 3380 :
3460 3327 3509 3383 si
3544 3327 3779 3398 requies
3813 3344 3932 3382 non

506 3420 874 3490 spectantem
917 3414 1072 3469 unde
1121 3412 1380 3482 dejectus
1428 3413 1522 3479 sit,
1568 3413 1802 3468 flentem
1854 3412 2107 3467 ubertim
2146 3443 2159 3480 ε

506 3504 647 3577 quia
688 3500 1087 3558 reminiscitur
1118 3498 1257 3571 quid
1303 3499 1584 3567 amiserit,
1619 3518 1804 3571 quove
1854 3500 2157 3569 deciderit,

2271 3412 2463 3481 fuerit,
2498 3431 2612 3469 non
2660 3414 2769 3469 erit
2818 3414 2936 3470 vita
2983 3419 3197 3470 aeterna
3229 3431 3241 3470 :
3277 3414 3324 3469 si
3375 3415 3498 3469 vita
3542 3419 3752 3468 eterna
3802 3431 3931 3470 non

2271 3501 2463 3569 fuerit,
2496 3520 2609 3558 non
2665 3504 2906 3559 erimus.
2943 3503 3077 3559 ldeo
3124 3504 3268 3575 petit
3314 3501 3529 3558 remitti
3571 3502 3704 3569 sibi,
3742 3508 3932 3558 ante-

496 3594 568 3650 Et
608 3591 738 3648 ideo
768 3590 987 3663 gratias
1031 3604 1276 3661 agamus
1307 3588 1445 3655 Deo,
1476 3588 1574 3660 qui
1608 3605 1713 3643 nos
1746 3594 2024 3661 perpetuo
2055 3606 2160 3644 ex-
2269 3607 2445 3662 quam
2479 3596 2590 3657 eat,
2615 3596 2679 3646 ut
2708 3592 2805 3647 sit.
2832 3592 2888 3647 Si
2914 3591 3070 3648 enim
3093 3594 3410 3648 remissum
3445 3609 3555 3647 non
3579 3590 3781 3656 fuerit,
3804 3609 3929 3647 non

497 3678 628 3737 silio
662 3678 947 3747 liberavit,
983 3675 1250 3749 aperiens
1272 3677 1519 3747 januam
1555 3694 1669 3748 qua
1696 3682 2056 3734 revertamur
2082 3678 2154 3732 ad

493 3768 765 3843 patriam.
800 3767 962 3823 Unde
980 3764 1294 3838 Apostolus
1322 3765 1475 3822 858
1511 3766 1885 3839 praesumpsit
1916 3767 2108 3822 dicere
2139 3778 2151 3816 :

492 3881 521 3909 ‹‹
555 3859 700 3931 Ergo
750 3858 877 3929 jam
927 3872 1040 3911 non
1096 3853 1236 3909 estis
1293 3854 1526 3909 advena:
1583 3859 1759 3926 atque
1809 3854 2144 3926 peregrini;

490 3946 593 4003 sed
622 3945 767 4002 estis
798 3943 955 4001 cives
982 3946 1341 4009 sanctorum,
1372 3946 1431 3998 et
1461 3942 1768 3998 domestici
1800 3942 1899 3997 Dei
1934 3943 2143 4015 (Ephes.

494 4053 558 4105 ιι,
593 4035 702 4107 19).
726 4055 754 4083 ››

560 4123 650 4178 3’7.
682 4121 867 4192 (Vers.
904 4121 1013 4191 14.)
1043 4120 1161 4175 Ηοο
1190 4118 1391 4175 volens
1440 4119 1694 4191 recipere
1748 4120 1926 4175 David
1981 4125 2143 4176 ante-

491 4227 669 4283 quam
702 4210 971 4267 Christus
997 4208 1221 4263 veniret
1251 4208 1307 4263 in
1344 4212 1584 4272 terram,
1617 4207 1759 4263 dixit
1790 4226 1803 4263 :
1829 4232 1856 4257 ‹‹
1893 4209 2143 4265 Remitte

489 4299 637 4355 mihi
664 4303 728 4356 ut
755 4297 1081 4370 refrigerer,
1115 4297 1462 4369 priusquam
1493 4313 1622 4352 eam
1654 4303 1711 4353 et
1740 4295 1992 4367 amplius
2022 4315 2138 4353 non

490 4404 624 4456 ero;
652 4411 680 4438 »
710 4389 819 4444 hoc
847 4391 956 4455 est,
988 4385 1084 4441 hic
1123 4386 1269 4441 mihi
1317 4386 1566 4452 remitte,
1601 4386 1697 4441 ubi
1732 4387 1982 4458 peccavi.
2015 4386 2136 4442 Nisi

490 4475 587 4533 hic
618 4476 917 4531 remiseris
951 4474 1118 4545 mihi,
1150 4474 1228 4530 ibi
1270 4473 1633 4530 remissionis
1680 4474 1941 4547 requiem
1973 4475 2135 4531 inve-

2266 3695 2383 3747 ero,
2416 3680 2629 3752 inquit,
2661 3697 2794 3736 cum
2828 3681 2900 3737 iis
2925 3682 3026 3753 qui
3060 3686 3220 3747 sunt,
3251 3698 3389 3737 cum
3420 3682 3493 3736 iis
3523 3680 3625 3751 qui
3657 3680 3718 3734 in
3754 3697 3931 3753 para-

2264 3767 2459 3823 disum
2513 3774 2812 3825 merentur
2858 3770 3190 3826 ascendere.
3226 3770 3335 3835 Qui
3393 3776 3591 3825 autem
3642 3785 3764 3824 non
3814 3774 3927 3835 est,

2260 3861 2645 3912 consumetur
2674 3873 2808 3913 cum
2852 3857 3348 3914 descendentibus
3379 3858 3437 3912 in
3469 3856 3692 3923 lacum,
3728 3858 3835 3929 qui
3870 3858 3930 3912 in

2258 3946 2479 4001 catenis
2511 3952 2568 4001 et
2597 3962 2825 4002 carcere
2856 3946 3031 4002 fuerit
3061 3945 3394 4003 derelictus.

2326 4035 2413 4088 39.
2446 4034 2595 4106 Non,
2615 4051 2752 4107 ergo
2783 4035 3077 4091 definitive
3108 4035 3249 4091 dicit
3277 4051 3289 4090 :
3325 4057 3349 4089 ι
3380 4035 3504 4090 Non
3555 4051 3692 4103 ero;
3722 4058 3753 4084 »
3787 4036 3928 4107 quia

2251 4120 2387 4177 alibi
2421 4122 2560 4176 dicit
2594 4140 2605 4177 :
2632 4146 2659 4171 ‹‹
2692 4122 2944 4179 Psallam
2977 4123 3082 4179 tibi
3114 4123 3171 4179 in
3204 4122 3449 4191 cithara,
3481 4122 3643 4179 Deus
3675 4129 3929 4180 sanctus

2250 4209 2444 4265 Israel.
2471 4211 2819 4266 Gaudebunt
2849 4210 3003 4266 labia
3035 4228 3165 4268 mea
3184 4228 3317 4267 cum
3340 4216 3659 4267 cantavero
3692 4213 3805 4267 tibi
3832 4230 3846 4267 :
3871 4219 3927 4268 et

2249 4298 2446 4352 anima
2477 4314 2607 4353 mea
2636 4315 2814 4372 quam
2846 4298 3148 4356 redemisti
3172 4300 3349 4368 (Psal.
3385 4317 3514 4368 Lxx,
3537 4302 3633 4367 22,
3658 4302 3819 4369 23).»
3846 4302 3927 4357 De

2247 4386 2643 4459 redemptione
2695 4404 2830 4460 ergo
2877 4388 3197 4459 praesumit.
3233 4388 3297 4443 Et
3323 4386 3464 4444 alibi
3521 4389 3664 4444 audi
3720 4390 3923 4447 dicen-

2246 4479 2360 4530 tem
2391 4495 2403 4531 :
2430 4500 2456 4525 ‹‹
2492 4476 2733 4533 Placebo
2782 4476 3029 4534 Domino
3058 4477 3118 4532 in
3150 4476 3384 4550 regione
3431 4475 3707 4533 vivorum
3742 4480 3918 4547 (Psal.

491 4562 617 4620 nire
648 4581 763 4619 non
796 4567 1017 4635 potero;
1057 4563 1212 4634 quod
1241 4563 1398 4618 enim
1426 4564 1483 4651 in
1515 4567 1671 4618 terra
1695 4562 1937 4636 ligatum
1970 4582 2135 4620 man-
2166 4585 2212 4651 Β
2243 4582 2391 4632 cxxv,
2424 4566 2501 4634 9).
2528 4589 2556 4616 ››
2589 4566 2709 4621 Erit
2748 4582 2884 4638 ergo
2916 4566 3017 4637 qui
3069 4565 3294 4639 placere
3344 4567 3679 4638 praesumit.
3719 4567 3919 4624 Potest

486 4651 648 4722 serit,
680 4650 924 4725 ligatum
972 4652 1231 4706 manebit
1263 4651 1320 4705 in
1352 4650 1524 4717 coelo;
1576 4652 1730 4723 quod
1780 4651 2036 4708 solutum
2071 4656 2129 4709 in
2178 4650 2185 4651 ⁷
2239 4658 2297 4708 ct
2356 4653 2439 4708 sic
2494 4653 2776 4727 intelligi;
2831 4654 2970 4727 quia
3020 4654 3168 4710 dixit
3201 4672 3214 4709 :
3245 4679 3271 4703 ι‹
3305 4655 3550 4710 Advena
3607 4672 3718 4728 ego
3779 4673 3917 4713 sum

485 4746 641 4799 terra
685 4738 877 4806 fuerit,
913 4739 1172 4796 solutum
1218 4738 1326 4793 erit
1362 4739 1418 4793 in
1452 4740 1612 4795 cmlo.
1647 4740 1931 4813 Propheta
1972 4742 2128 4797 enim
2238 4742 2391 4812 apud
2424 4746 2479 4797 te
2510 4742 2567 4796 in
2600 4748 2789 4799 terra:
2822 4748 2879 4798 et
2900 4743 3265 4817 peregrimus
3291 4743 3446 4799 sicut
3468 4760 3682 4801 omnes
3718 4750 3916 4818 patres

482 4833 540 4887 et
595 4826 937 4900 praedicator
986 4824 1252 4880 Ecclesiae
1312 4827 1749 4898 congregandis,
1795 4827 2127 4901 evangelica
2237 4829 2390 4885 8&9
2422 4831 2566 4897 mei;
2598 4837 2701 4887 net
2743 4832 2873 4888 ideo
2933 4834 3162 4889 remitte
3212 4832 3385 4901 mihi;
3440 4838 3509 4889 ut
3558 4836 3916 4908 peregrinus

481 4916 691 4991 spiritu
724 4913 1122 4985 indulgentias
1154 4911 1384 4967 Domini
1428 4914 1799 4983 praevidebat;
1834 4921 1892 4972 et
1921 4918 2125 4989 praecl-

549 5092 662 5165 (94)
691 5091 908 5148 Omnes
936 5090 1170 5165 edit_._e_t_
1196 5089 1463 5165 nonnulli
1487 5107 1654 5160 mss.,
1676 5098 2124 5165 prwsumpliom’s

479 5160 706 5234 etﬁdei,
738 5178 871 5228 non,
899 5168 1007 5217 etc.
1040 5160 1406 5234 Melius‘alii,
1445 5160 1989 5234 pnesmriplimn’s'in
2021 5168 2124 5223 Dcu

480 5231 637 5308 ﬁdei;
660 5234 782 5308 _hoc
805 5238 911 5299 est,
940 5231 1413 5308 praesumptionis
1443 5231 1508 5288 ac
1541 5231 1763 5291 ﬁducia:
1796 5238 1923 5308 ejus
1944 5255 2121 5308 quam

481 5303 864 5376 ﬁdesinDeo
895 5303 1064 5376 nobis
1090 5303 1412 5376 ingenerat.

552 5372 664 5443 (95)
693 5375 833 5447 Mss.
865 5374 1105 5447 aliquot,
1138 5372 1335 5447 ﬁostro
1380 5374 1580 5447 iudicio
1626 5377 1989 5447 defendentes.
2025 5380 2119 5435 Sic

477 5439 656 5520 quam
684 5439 1102 5520 editexceptis
1133 5446 1311 5520 Paris.
1338 5446 1659 5512 nonnullis,
1687 5439 1811 5519 qua:
1846 5450 2115 5520 legunt...

474 5508 787 5598 ιξξζϐτεζιωξ.
817 5518 901 5598 At.
916 5508 1116 5598 plures
1145 5517 1514 5598 potioresque
1553 5508 2114 5598 m_ss._‘pra2fe'ru_nt_._..

475 5580 858 5707 masculae,-
888 5580 998 5641 h'oc
1027 5580 1336 5657 estfquasi
1382 5580 1659 5644 inclinata
1690 5580 1854 5647 lance
1884 5592 2116 5663 adjudi-

2235 4934 2363 4973 esse
2384 4918 2647 4975 desinam
2675 4938 2687 4975 :
2714 4921 2942 4976 remitte
2965 4921 3110 4977 mihi
3137 4919 3435 4987 exsilium,
3458 4938 3578 4993 quo
3605 4923 3913 4997 relegatus

2306 5097 2416 5171 (9(3)
2448 5096 2691 5171 Videtur
2735 5095 2993 5171 alludere
3038 5098 3123 5153 ad'
3162 5096 3308 5153 illud
3360 5095 3548 5171 Eccle.
3586 5115 3672 5165 xx,
3706 5102 3805 5171 3):
3853 5103 3907 5156 δι

2231 5168 2483 5221 a'cz'dcrz't
2515 5169 2729 5241 lignum
2776 5168 2865 5241 ad,
2895 5177 3169 5235 austrum,
3203 5172 3300 5224 aut
3349 5168 3419 5223 ad
3465 5168 3818 5241 aquilonem,
3854 5176 3905 5225 in

2232 5255 2549 5310 quocunque
2580 5240 2694 5293 loco
2722 5240 2995 5309 ceciderit,
3029 5242 3107 5296 ibi
3132 5242 3258 5296 erit.

2303 5310 2415 5379 (97)
2446 5310 2678 5383 omnes
2710 5310 2876 5379 edit.,
2907 5321 3123 5380 peccata
3160 5309 3490 5383 remittenti?
3533 5314 3906 5383 aquilam!”

2229 5380 2734 5455 nehcz'tosolvemia,
2768 5386 2875 5436 etc.
2911 5384 3051 5439 Mss.
3078 5382 3331 5455 quinque
3359 5381 3538 5455 Gall.,
3570 5380 3797 5454 peccati
3824 5402 3905 5441 re-

2228 5452 2483 5524 mitlendi
2511 5455 2824 5524 {genitalem
2865 5452 3214 5518 solvendam;
3237 5452 3323 5509 "ne
3351 5453 3449 5508 diu
3481 5452 3733 5524 ligatum
3784 5475 3903 5512 ma-

2226 5532 2396 5577 neret.
2432 5522 2729 5596 Omnium
2758 5525 2975 5596 Optime
3023 5526 3174 5593 Vat.,
3206 5525 3366 5581 Colb.
3402 5540 3468 5579 ac

2227 5609 2497 5669 corpore;
2533 5594 2632 5649 ubi
2666 5594 2929 5651 advertas
2956 5597 3269 5669 dictionem
3299 5595 3583 5665 solvenda,
3620 5600 3699 5655 ad
3734 5617 3901 5659 που·

2227 5665 2479 5721 sativum
2506 5670 2730 5738 peccata
2761 5682 2892 5723 esse
2922 5666 3302 5725 referendam.

3553 5526 3681 5583 ’ict.
3730 5534 3793 5583 ut
3844 5530 3899 5583 in
