4078 6196
257 452 414 521 1109

1312 452 1770 529 ENARRATIO
1812 451 1893 515 IN
1937 447 2322 515 PSA‘LMUM
2364 445 2638 514 XXXIX.

3505 434 3666 504 “10

255 606 413 647 sum.
447 586 506 646 Si
535 583 830 646 remiseris
877 588 1189 662 antequam
1238 586 1536 644 discedam
1586 584 1744 653 hinc,
1786 600 1900 640 non
1932 584 1983 650 Α
2014 583 2276 647 timeam,
2307 580 2556 655 gratiam
2587 595 2852 636 merear:
2884 593 2987 652 per
3024 574 3339 633 Dominum
3394 575 3663 630 nostrum

253 694 352 734 ero
384 677 639 750 amplius
668 676 831 734 exsul
862 680 1034 749 atque
1062 676 1424 750 peregrinus.
1458 676 1599 732 Cum
1632 673 1788 730 enim
1836 676 1900 728 tu

251 765 576 833 remiseris,
606 782 720 822 non
752 781 887 839 ergo
917 766 1292 839 peregrinus;
1327 766 1427 821 sed
1462 764 1602 819 civis
1638 780 1735 819 ero
1769 779 1903 818 san-

247 858 477 911 ctorum
508 858 765 910 tuorum.
799 855 908 910 Ero
952 870 1085 910 cum
1139 854 1406 928 patribus
1454 852 1625 922 meis,
1694 851 1793 923 qui
1851 855 1909 906 et

247 942 362 1015 ipsi
442 941 678 998 fuerunt
727 946 864 999 ante
947 943 1261 1016 peregrini,
1333 959 1490 998 nunc
1572 957 1704 996 vero
1781 940 1907 1011 jam

249 1029 408 1089 cives
438 1034 596 1087 sunt.
628 1031 739 1087 Ero
797 1031 1154 1088 domesticus
1218 1030 1341 1098 Dei,
1401 1033 1465 1086 ut
1520 1045 1751 1102 poenam
1795 1044 1911 1084 non

2010 671 2214 728 Jesum
2245 668 2564 735 Christum,
2606 683 2740 724 cum
2772 683 2888 739 quo
2945 665 3054 722 tibi
3111 668 3203 721 est
3245 663 3399 731 laus,
3449 662 3662 731 honor,

2013 759 2220 834 gloria,
2265 758 2646 832 perpetuitas,
2703 773 2836 812 cum
2860 755 3083 828 Spiritu
3106 757 3307 810 sancto
3337 769 3373 810 a
3413 750 3664 819 saaculis,

2016 853 2073 907 et
2102 865 2257 903 nunc
2276 855 2331 905 et
2360 863 2611 920 semper,
2644 850 2700 903 et
2727 846 2787 901 in
2826 845 3025 902 omnia
3052 843 3265 902 saecula
3294 841 3663 914 saeculorum,

2017 941 2224 995 Amen.

1009 1463 1122 1548 IN
1180 1460 1730 1554 PSALMUM
1781 1456 2172 1548 XXXIX
2227 1453 2914 1546 ENARRATIO.

322 1828 372 1885 1.
427 1830 491 1885 In
551 1827 954 1900 superioribus
998 1825 1249 1882 Psalmis
1309 1826 1712 1899 paenitentiam
1761 1842 1904 1898 prae-

244 1916 494 1974 dicavit:
546 1917 753 1973 deinde
820 1917 890 1971 de
932 1914 1215 1989 patientia
1282 1932 1411 1982 sua,
1478 1919 1535 1972 et
1595 1916 1905 1987 perturba-

281 2007 412 2061 ione
443 2004 703 2060 hominis
755 2007 845 2060 est
899 2001 1130 2060 locutus
1187 2003 1337 2075 (90):
1398 2004 1458 2058 in
1499 2003 1772 2060 tricesmo
1821 2021 1917 2059 au-

160 2084 169 2089 ’
245 2100 366 2151 tem
396 2098 453 2150 et
491 2110 645 2150 nono
675 2093 932 2161 Psalmo,
964 2092 1190 2148 Novum
1223 2092 1536 2148 annuntiat
1566 2093 1906 2149 Testamen-

244 2188 371 2240 tum
409 2202 422 2252 ;
455 2182 555 2256 qui
587 2183 743 2239 enim
776 2181 1067 2239 malorum
1090 2181 1493 2255 paenitentiam
1512 2182 1650 2255 agit,
1676 2198 1908 2254 exspec-

246 2276 351 2329 tat.
386 2272 498 2327 Sed
538 2288 656 2327 non
681 2275 769 2328 est
798 2270 1035 2345 perfecti
1069 2274 1427 2343 exspectare,
1459 2270 1559 2328 sed
1579 2274 1906 2343 exspectas-

246 2377 349 2429 se;
382 2375 554 2416 nemo
593 2359 747 2415 enim
802 2359 915 2415 nisi
961 2359 1063 2432 qui
1111 2360 1565 2431 perseveraverit
1620 2376 1809 2431 usque
1845 2359 1903 2414 in

246 2448 448 2516 ﬁnem,
483 2446 679 2504 salvus
715 2448 842 2504 erit.

314 2539 368 2591 2.
405 2536 591 2608 (Vers.
624 2539 681 2603 2,
712 2537 792 2609 3.)
834 2535 965 2592 Ideo
1027 2536 1283 2592 addidit:
1321 2560 1349 2586 «
1398 2537 1757 2609 Exspectans
1807 2555 1902 2593 ex-

244 2625 498 2697 spectavi
534 2624 868 2680 Dominum.
902 2647 930 2673 ››
963 2624 1072 2680 Ubi
1105 2641 1242 2699 ergo
1274 2624 1382 2682 hoc
1414 2626 1646 2694 dicitur,
1679 2626 1792 2682 nisi
1843 2627 1901 2681 in

247 2712 603 2785 Evangelio?
631 2712 692 2768 in
725 2729 841 2784 quo
863 2715 991 2785 jam
1052 2714 1222 2770 nobis
1270 2715 1373 2785 qui
1432 2716 1900 2787 exspectabatur,

250 2801 523 2857 advenit:
557 2800 616 2856 in
650 2818 767 2874 quo
783 2802 909 2873 jam
951 2802 1121 2858 nobis
1178 2819 1290 2858 non
1342 2803 1489 2874 legis
1541 2803 1749 2875 caligat
1778 2821 1904 2859 um-

245 2891 372 2957 bra,
405 2891 506 2946 sed
537 2890 751 2946 veritas
783 2890 1000 2963 fulget;
1034 2891 1171 2962 quia
1209 2891 1478 2947 Christus
1523 2892 1731 2961 illuxit,
1801 2892 1901 2965 qui

244 2978 537 3035 exaudivit
567 2979 1001 3051 deprecationes
1042 2996 1306 3049 suorum,
1339 2984 1395 3035 et
1423 2981 1621 3036 eduxit
1667 2999 1774 3037 nos
1831 2982 1902 3037 de

244 3067 374 3123 lacu
409 3067 675 3138 miseriae,
708 3071 765 3123 et
799 3068 870 3123 de
918 3066 1041 3122 luto
1073 3068 1264 3136 faecis;
1338 3069 1436 3125 ubi
1487 3071 1614 3140 jam
1646 3070 1900 3126 demersi

243 3155 592 3212 tenebamur
647 3160 983 3211 nostrorum
1051 3157 1325 3229 voragine
1392 3165 1783 3230 peccatorum,
1844 3164 1903 3215 et

242 3247 404 3300 totus
444 3244 619 3300 homo
650 3248 851 3299 noster
880 3243 1199 3300 inhaerebat
1226 3261 1330 3300 nec
1361 3250 1585 3317 poterat
1614 3265 1741 3303 sese
1772 3248 1897 3303 ani-

244 3349 377 3388 mus
402 3337 601 3388 noster
621 3347 844 3398 eruere,
865 3330 1111 3386 obrutus
1138 3331 1479 3403 multiplicis
1509 3333 1639 3390 labe
1670 3335 1895 3407 ﬂagitii.
1929 3351 1971 3417 ρ

243 3420 471 3477 Gratias
502 3419 682 3491 igitur
722 3419 965 3475 Domino
1023 3418 1183 3487 Jesu,
1246 3419 1547 3492 unigenito
1604 3422 1704 3477 Dei
1754 3422 1898 3478 Filio

243 3507 597 3580 redemptori
630 3511 849 3573 nostro,
875 3506 976 3578 qui
1007 3507 1178 3563 nobis
1210 3512 1447 3579 peccata
1475 3510 1671 3564 omnia
1694 3510 1899 3566 remis-

247 3614 426 3654 surus
455 3595 760 3652 descendit
787 3612 818 3651 e
857 3594 999 3652 coelo
1034 3614 1047 3664 ;
1090 3600 1156 3651 ut
1196 3613 1304 3652 nos
1344 3597 1414 3653 de
1466 3597 1596 3653 lacu
1637 3615 1704 3653 ac
1760 3598 1901 3654 limo

247 3686 424 3743 istiu‘s
456 3683 681 3751 mundi,
714 3687 772 3740 et
800 3683 1129 3740 caanulenta
1161 3685 1416 3757 quadam
1457 3685 1671 3758 palude
1718 3691 1903 3743 terra-

249 3790 407 3839 rum,
453 3772 526 3828 de
573 3787 812 3845 corpore
852 3789 1086 3845 quoque
1133 3773 1342 3830 mortis
1406 3774 1586 3845 hujus
1634 3775 1902 3847 eriperet,

252 3865 429 3934 atque
457 3860 517 3916 in
541 3876 713 3916 carne
744 3877 847 3917 sua
876 3865 1159 3917 statueret
1188 3861 1371 3918 animi
1410 3864 1596 3919 nostri
1631 3864 1907 3921 interiora

250 3948 498 4021 vestigia
530 3966 543 4016 ;
578 3952 641 4003 ut
671 3949 1000 4004 confirmati
1029 3948 1088 4004 in
1120 3949 1222 4005 Dei
1254 3950 1448 4019 verbo,
1469 3956 1526 4007 et
1544 3969 1647 4024 per
1675 3969 1907 4009 crucem

256 4036 484 4092 Domini
511 4038 772 4110 corporis
803 4036 1181 4110 passionibus
1215 4039 1328 4111 (99)
1377 4040 1650 4111 absoluti,
1710 4042 1930 4097 ambu--

254 4125 447 4181 lemus
469 4126 595 4197 jam
627 4141 742 4181 non
784 4125 843 4180 in
884 4127 1197 4199 opprobrio
1229 4128 1551 4197 dedecoris,
1586 4131 1686 4186 sed
1711 4131 1769 4186 in
1819 4147 1903 4186 re-

255 4213 538 4270 missione
570 4213 809 4285 peccati.
845 4215 1239 4271 Confirmatus
1271 4216 1452 4289 igitur
1505 4223 1561 4274 et
1616 4220 1910 4276 radicatus

254 4300 314 4357 in
363 4300 613 4368 Christo,
674 4318 853 4374 supra
904 4307 1129 4374 petram
1180 4303 1291 4358 sibi
1353 4310 1640 4360 memorat
1694 4308 1909 4378 pedum

255 4406 497 4447 suorum
538 4393 760 4446 statuta
813 4389 1075 4462 vestigia.
1132 4388 1296 4446 Unde
1362 4391 1505 4447 dicit
1558 4394 1909 4465 Apostolus:

259 4503 287 4530 ‹‹
316 4478 603 4535 Bibebant
630 4482 828 4534 autem
863 4478 932 4533 de
960 4479 1341 4550 consequenti
1373 4484 1538 4552 petra
1572 4500 1584 4549 ;
1618 4487 1781 4554 petra
1820 4501 1915 4539 au-

257 4572 371 4623 tem
407 4570 533 4622 erat
562 4567 833 4623 Christus
865 4567 913 4638 (I
942 4567 1063 4623 Cor.
1096 4585 1150 4622 x.
1203 4569 1277 4639 4).
1313 4590 1341 4618 ››
1400 4569 1591 4638 Petra,
1651 4587 1717 4626 eo
1759 4574 1913 4644 quod

260 4656 525 4712 sitientes
556 4660 858 4729 sequatur,
892 4656 1199 4712 conﬁrmet
1226 4655 1490 4716 labentes
1520 4677 1533 4727 ;
1574 4677 1643 4715 ne
1674 4660 1919 4716 sitienti-

260 4745 372 4800 bus
404 4761 557 4816 aqua
574 4745 745 4814 desit,
781 4743 1118 4801 labentibus
1151 4746 1611 4804 firmamentum.

331 4832 385 4888 3.
441 4834 628 4904 (Vers.
694 4834 775 4901 4.)
833 4833 1208 4905 Exspectanti
1263 4851 1398 4908 ergo
1449 4836 1617 4906 mihi,
1678 4838 1922 4896 Domine

262 4922 425 4987 Jesu,
456 4919 773 4993 aliquando
801 4922 1037 4989 venisti,
1071 4923 1331 4979 direxisti
1367 4940 1607 4997 gressus
1653 4943 1813 4983 meos
1860 4928 1918 4983 in

264 5008 601 5082 Evangelio,
632 5008 937 5066 immisisti
969 5010 1028 5065 in
1060 5027 1125 5066 os
1149 5028 1344 5067 meum
1369 5015 1662 5070 canticum
1682 5032 1920 5087 novum,

268 5097 423 5169 quod
450 5100 542 5154 est
588 5097 813 5153 Novum
845 5100 1311 5155 Testamentum.
1338 5101 1669 5159 Gaudentes
1679 5104 1804 5176 jam
1828 5120 1924 5160 ca-

268 5184 467 5242 nimus
506 5186 794 5259 hymnum
825 5187 941 5243 Deo
973 5190 1192 5255 nostro,
1229 5189 1368 5260 quia
1406 5207 1686 5247 novarum
1742 5193 1922 5247 virtu-

270 5280 395 5330 tum
427 5280 714 5347 praacepta
744 5274 1165 5348 cognovimus;
1198 5281 1263 5331 ut
1292 5282 1493 5333 nostra
1522 5281 1721 5336 omnia
1750 5281 1923 5336 relin-

272 5380 546 5437 quamus,
582 5363 882 5420 Christum
914 5368 1250 5436 sequentes,
1273 5370 1329 5421 et
1349 5371 1581 5425 nostros
1610 5370 1927 5443 diligamus

343 5506 458 5584 (98)
487 5506 573 5561 Ita
593 5504 730 5584 edit.
760 5510 821 5584 _et
849 5521 993 5584 mss.
1027 5505 1183 5584 Colb.
1212 5524 1279 5564 ac
1317 5508 1498 5578 Vict.;
1531 5510 1668 5584 Reg.
1730 5517 1923 5568 autem

273 5576 577 5650 mendose,
610 5576 806 5650 deinde
829 5578 1120 5650 patientia:
1141 5594 1261 5650 suae
1296 5576 1713 5650 perturbatione
1750 5586 1925 5639 homi-

270 5650 471 5727 nisnest
499 5646 726 5727 locutus:
755 5646 843 5702 Α(
855 5647 1029 5727 paulo
1058 5649 1269 5706 melius
1296 5646 1516 5727 Vat._et
1545 5653 1643 5709 alii
1674 5662 1930 5727 quatuor

274 5717 449 5789 Gall.,
478 5716 673 5774 deinde
691 5716 758 5773 de
781 5716 1052 5790 patientia
1080 5736 1190 5780 sum
1233 5724 1668 5794 perturbationis
1693 5716 1928 5783 'nihiio-

276 5792 464 5848 mima
492 5793 573 5848 est
603 5788 834 5848 locutus.

276 5806 464 5848 minus
492 5805 573 5848 εει
603 5805 834 5849 mutus.

2015 1825 2307 1882 inimicos.
2339 1824 2528 1880 Novos
2557 1823 2733 1879 etiam
2774 1821 3084 1878 hausimus
3151 1838 3383 1890 mores;
3443 1823 3511 1878 ut
3563 1840 3668 1896 pro

2014 1913 2503 1988 persequentibus
2548 1928 2676 1976 nos,
2727 1927 2956 1983 prccern
3003 1909 3250 1966 Domino
3312 1910 3668 1968 deferamus.

1943 1988 1992 2053 B
2022 2002 2432 2059 Maledicentes
2480 2018 2608 2057 ecce
2654 1999 3077 2056 benedicimus.
3144 1999 3451 2057 Nescimus
3496 2017 3673 2074 opera

2015 2096 2215 2149 nostra
2238 2092 2482 2163 jactare,
2524 2093 2626 2145 aut
2654 2088 2841 2145 celare
2870 2093 3107 2161 peccata
3154 2088 3252 2162 (1).
3309 2087 3670 2162 Angelorum

2015 2181 2188 2237 etiam
2220 2196 2382 2235 more
2411 2179 2649 2251 nuptias
2679 2178 3028 2235 refutamus.

2087 2271 2118 2325 4
2148 2268 2334 2341 (Vers.
2366 2269 2446 2339 5.)
2477 2267 2623 2334 Quid
2656 2266 2883 2323 multa?
2911 2267 2992 2322 De
3021 2265 3120 2323 illo
3168 2282 3495 2324 aerumnoso
3533 2283 3668 2340 pec-

2013 2363 2206 2416 catore
2235 2360 2444 2415 beatus
2475 2357 2651 2413 homo
2682 2356 2872 2412 factus
2901 2356 3155 2427 est,jam
3194 2373 3311 2412 non
3342 2356 3667 2429 respiciens

2014 2448 2075 2503 in
2105 2447 2276 2503 istius
2308 2446 2511 2502 mundi
2533 2444 2724 2503 varias
2741 2444 3046 2502 vanitates.
3077 2443 3362 2501 «Vanitas
3382 2445 3540 2503 enim
3569 2462 3667 2504 va-

2013 2538 2290 2604 nitatum,
2322 2539 2379 2591 et
2408 2535 2609 2591 omnia
2634 2534 2861 2590 vanitas
2889 2534 3085 2606 (Eccle.
3118 2552 3157 2602 ι,
3189 2535 3266 2606 2),
3293 2556 3323 2584 ››
3352 2537 3512 2591 totus
3566 2536 3664 2593 hic

2014 2625 2273 2680 mundus
2313 2628 2442 2692 cst;
2487 2624 2638 2679 sicut
2684 2622 2831 2678 dixit
2871 2622 3108 2695 sapiens
3154 2622 3453 2680 Salomon.
3515 2625 3664 2691 Quid

2014 2713 2170 2770 enim
2203 2713 2317 2769 nisi
2365 2730 2582 2769 vanum
2631 2716 2721 2769 est
2766 2728 2833 2768 ea
2883 2711 3073 2783 sequi,
3120 2728 3247 2784 quas
3295 2727 3667 2784 perseverare

2013 2819 2130 2858 non
2162 2805 2432 2874 possunt;
2454 2800 2723 2856 etomnia
2743 2802 3027 2871 tanquam
3056 2800 3267 2855 umbra
3287 2801 3666 2871 prietereunt?

2013 2888 2259 2943 Insaniae
2291 2888 2446 2944 860
2467 2891 2665 2942 autem
2695 2886 2875 2954 falsas,
2905 2890 3006 2941 aut
3035 2886 3356 2943 certamina
3383 2887 3498 2944 ista
3543 2888 3666 2945 bel-

2011 2976 2224 3043 lorum,
2254 2976 2314 3032 in
2345 2976 2561 3048 quibus
2591 2992 2695 3048 pro
2746 2973 3055 3048 temporali
3106 2974 3477 3048 possessione
3528 2994 3664 3035 san-

2010 3065 2141 3138 guis
2172 3069 2375 3120 tantus
2407 3064 2766 3133 effunditur;
2799 3067 2901 3121 aut
2935 3063 3378 3121 contentionum
3407 3065 3664 3124 theatra-

2008 3154 2155 3210 lium
2191 3153 2630 3222 dissensiones;
2664 3157 2767 3208 aut
2805 3151 3168 3209 Circensium
3224 3154 3397 3226 plena
3447 3154 3664 3212 furoris

2010 3243 2205 3298 studia
2232 3243 2603 3299 declarantur
2637 3245 2777 3310 ;aut
2806 3240 3213 3298 haereticorum
3263 3229 3534 3300 doctrina
3588 3244 3667 3301 fe-

2010 3331 2188 3386 ralis:
2223 3336 2323 3387 aut
2353 3330 3002 3404 pseudoprophetarum
3045 3329 3106 3385 in
3166 3331 3408 3387 modum
3455 3348 3660 3389 oracu-

2010 3419 2199 3475 lorum
2232 3419 2558 3476 ccclestium
2590 3418 2849 3475 simulati
2879 3422 3102 3491 gestus,
3125 3419 3657 3494 verbacomposita.

2010 3507 2104 3562 Sic
2137 3508 2292 3561 enim
2317 3507 2458 3562 dicit
2507 3508 2829 3579 Propheta:
2866 3530 2893 3557 «
2954 3508 3169 3564 Beatus
3216 3508 3306 3564 vir
3344 3510 3516 3583 cujus
3571 3513 3662 3568 est

2010 3611 2223 3650 nomen
2252 3594 2482 3649 Domini
2516 3612 2650 3666 spes
2681 3596 2848 3666 ejus:
2884 3599 2941 3650 et
2971 3612 3087 3652 non
3110 3598 3365 3670 respexit
3394 3598 3454 3655 in
3493 3598 3657 3655 vani-

2010 3688 2180 3751 tates,
2215 3687 2272 3738 et
2298 3682 2559 3738 insanias
2589 3682 2786 3738 falsas.
2814 3705 2841 3732 »

2082 3774 2136 3828 5.
2171 3772 2319 3828 Sunt
2357 3788 2493 3844 ergo
2523 3776 2580 3826 et
2612 3788 2759 3826 versa
2789 3770 3054 3839 insania,
3114 3777 3170 3828 et
3226 3774 3469 3831 forsitan
3528 3793 3663 3847 pro-

2015 3860 2349 3934 phetarum,
2379 3859 2478 3932 qui
2507 3861 2563 3914 in
2597 3875 2837 3915 excessu
2884 3858 3098 3915 mentis
3125 3859 3301 3931 positi
3358 3861 3666 3933 p.0pheta-

2016 3950 2177 4016 bant,
2211 3947 2415 4021 repleti
2448 3949 2546 4004 Dei
2581 3947 2823 4021 Spiritu,
2884 3952 2948 4003 ut
2994 3947 3353 4020 quibusdam
3408 3948 3669 4007 insanire

2015 4037 2392 4105 viderentur;
2426 4055 2559 4093 cum
2592 4037 2837 4110 propriae
2864 4036 3073 4093 salutis
3099 4036 3496 4105 immemores,
3526 4037 3672 4095 nudi

2020 4129 2365 4202 plerumque
2395 4132 2451 4183 et
2479 4126 2809 4195 cxcalceati,
2842 4126 2996 4183 sicut
3034 4126 3218 4184 Isaias
3275 4132 3536 4199 sanctus,
3568 4145 3673 4201 per

2021 4216 2265 4290 p0pulos
2296 4221 2645 4282 currrerent,
2678 4215 3062 4272 vociferantes
3093 4233 3210 4273 non
3239 4233 3366 4289 qua
3407 4216 3521 4290 ipsi
3550 4216 3673 4274 vel-

2021 4306 2160 4373 lent,
2216 4307 2315 4362 sed
2350 4323 2478 4377 quae
2511 4324 2544 4361 a
2576 4305 2818 4361 Domino
2840 4305 3203 4377 iuberentur.
3238 4305 3320 4361 Ex
3371 4304 3464 4363 his
3495 4306 3675 4381 igitur

2050 4394 2400 4467 intelligitur
2429 4394 2722 4449 affulsisse
2755 4393 3081 4450 remedium
3112 4394 3344 4465 salutis,
3391 4397 3673 4471 quoniam

2023 4484 2122 4555 qui
2142 4483 2605 4555 exspectabatur,
2635 4482 2818 4538 adest.

2093 4574 2148 4627 6.
2180 4570 2550 4642 Exspectavit
2580 4587 2713 4626 cum
2741 4572 2924 4627 Adam
2983 4573 3055 4629 de
3092 4574 3367 4645 paradiso
3411 4577 3674 4648 ejectus;

2027 4659 2291 4731 utlongo
2322 4659 2669 4714 liberaretur
2721 4660 2945 4716 exsilio.
3002 4662 3371 4735 Exspectavit
3423 4681 3556 4720 cum
3615 4664 3676 4719 in

2032 4749 2151 4804 Noe
2172 4749 2360 4819 justo,
2393 4749 2491 4819 qui
2524 4749 2596 4803 ad
2624 4765 2820 4804 semen
2853 4749 3186 4807 futurorum
3217 4756 3308 4825 est
3328 4755 3677 4817 reservatus,

2036 4842 2099 4892 ut
2128 4853 2195 4891 ex
2226 4836 2324 4891 illo
2348 4836 2591 4908 justitiaz
2614 4838 2840 4894 semina
2866 4838 2924 4894 in
2948 4839 3287 4895 hominibus
3301 4838 3678 4911 pullularent.

2038 4927 2236 4998 Ipsum
2272 4926 2516 4997 putabat
2538 4926 2784 4999 publicae
2816 4926 3024 4984 salutis
3055 4932 3374 4994 auctorem,
3407 4926 3508 4999 qui
3537 4926 3681 4983 dilu-

2032 5015 2124 5070 vio
2187 5021 2484 5087 superstes
2537 5033 2665 5072 esse
2721 5016 3052 5073 meruisset.
3117 5017 3313 5087 ipsum
3383 5014 3685 5090 sapientia

2038 5104 2385 5177 principem,
2421 5105 2519 5177 qui
2553 5104 2900 5161 cxcoluisset
2924 5104 3123 5171 vitem,
3153 5108 3210 5160 et
3238 5121 3307 5161 ex
3335 5104 3463 5176 ejus
3492 5105 3685 5162 fructu

2036 5192 2359 5249 inebriatus
2393 5193 2708 5257 forct.0uid
2741 5196 2829 5248 cst
2855 5193 3012 5249 enim
3040 5193 3179 5249 vitis
3209 5192 3324 5250 nisi
3368 5194 3686 5268 sapientia?

2038 5283 2191 5339 sicut
2211 5283 2440 5355 aperuit
2468 5282 2635 5338 nobis
2664 5281 2840 5337 David
2872 5281 3125 5339 cmlestis
3143 5282 3431 5356 interpres
3466 5283 3686 5341 oraculi

2038 5372 2260 5428 dicens:
2285 5371 2485 5441 «Uxor
2514 5374 2614 5425 tua
2634 5369 2785 5425 sicut
2808 5369 2943 5426 vitis
2975 5371 3284 5428 abundans
3310 5371 3370 5428 in
3404 5372 3687 5431 lateribus

2108 5515 2219 5584 (99)
2250 5513 2371 5567 Vox
2396 5512 2749 5583 passionibus
2777 5511 2836 5585 in
2868 5510 3162 5585 plerisque
3194 5531 3337 5571 mss.
3394 5514 3684 5573 desidera-

2036 5590 2170 5659 tur:
2205 5583 2330 5659 quas
2363 5589 2555 5659 tamen
2591 5583 2789 5659 sensui
2812 5583 2927 5659 nOn
2956 5583 3187 5641 videtur
3232 5602 3681 5659 supervacanea.

2110 5603 2170 5640 ΓΖ
2246 5602 2330 5637 1183
2363 5602 2555 5638 tamen
2591 5602 2789 5638 SGDSUI
2812 5602 2927 5639 11οΠ
2956 5602 3187 5641 νιαθιυιν
3232 5602 3681 5659 supervacanea.

2110 5602 2359 5729 (1)1153.
2396 5653 2641 5729 aliquot,
2689 5654 3019 5729 Nesciamua
3053 5673 3213 5729 opera
3267 5662 3454 5715 nostra
3486 5660 3684 5715 laedere

2041 5726 2210 5797 (fcrte
2242 5726 2554 5799 legendum
2586 5726 2836 5800 laudare)
2866 5730 2960 5785 aut
2988 5726 3273 5803 desperare
3296 5740 3535 5803 peccata.
