4112 6190
412 456 415 457 ,
517 372 673 463 tiu
1974 380 2044 451 δ.
2089 373 2470 459 assensu
3133 333 3139 339 ’
3711 384 3828 457 tu:

509 510 722 585 domus
756 511 869 589 tua)
899 506 1070 587 (Paul.
1105 526 1313 583 cxxvn,
1346 512 1401 587 3)
1425 534 1454 564 «
1480 512 1546 569 Et
1577 513 1732 587 quod
1764 511 1822 568 in
1845 511 1970 585 ipso
2001 517 2156 570 esset
2184 518 2242 584 Α
2269 530 2479 589 corpus
2510 517 2707 572 autem
2738 513 3033 589 perfecisti
3066 514 3229 573 mihi.
3260 515 3418 574 Tunc
3446 515 3572 589 dixi,
3613 518 3730 578 Ecce
3757 540 3830 580 ve-

510 598 810 679 sapientiae
839 598 1160 673 plenitudo,
1204 619 1333 675 quae
1366 603 1884 676 exspectabaturin
1910 602 2159 659 Christo.
2276 603 2370 658 nio
2400 604 2497 675 (4).
2532 604 2592 659 In
2626 605 2813 677 capite
2845 605 3003 661 Libri
3051 603 3331 681 scriptum
3360 610 3444 662 est
3469 607 3534 663 de
3575 624 3674 679 me,
3698 614 3749 665 ut
3770 611 3831 667 fa-

512 688 613 761 (Ῐιιί
645 704 791 745 novo
821 688 1081 765 repletus
1102 691 1398 762 sapientiae
1422 696 1809 759 sacramento,
1841 692 1994 765 quod
2026 708 2164 749 ocu-
2273 692 2426 746 ciam
2455 691 2817 748 voluntatem
2861 697 3021 748 tuam
3051 711 3063 749 :
3104 695 3251 750 Deus
3283 711 3462 764 meus,
3491 695 3645 751 volui.
3674 720 3695 745 η
3722 700 3831 766 Quid

510 774 607 833 l'us
638 794 754 839 non
783 774 950 845 vidit,
991 795 1094 834 nec
1125 779 1282 836 auris
1312 780 1552 847 audivit,
1599 780 1948 836 inusitatum
1997 780 2167 835 nobis
2274 780 2597 837 evidentius
2627 798 2805 853 quam
2840 783 2994 854 quod
3024 800 3156 839 cum
3188 783 3471 855 Evangelii
3522 785 3603 840 sui
3651 802 3835 844 munere
3910 854 3923 862 .

514 866 741 923 deferre
780 867 1124 940 mysterium
1172 869 1501 940 properavit
1557 872 1624 924 ut
1682 870 1876 925 nudus
1923 871 2165 939 jaceret,
2275 870 2445 925 nobis
2473 869 2644 925 Jesus
2665 887 2836 927 verus
2868 871 3147 927 advenit?
3178 871 3301 945 ipse
3331 871 3547 929 locutus
3572 877 3661 942 est,
3701 880 3747 931 et
3768 877 3832 931 in-

516 960 574 1011 et
602 955 971 1012 exuberantia
992 957 1288 1029 sapientia:
1312 958 1522 1030 pocula
1544 958 2163 1031 inauditaproflueret:
2277 958 2505 1013 numeri
2537 960 2899 1015 credentium
2932 960 3132 1032 populi
3166 963 3486 1041 congregati
3502 966 3635 1032 sunt,
3663 965 3745 1035 qui
3767 966 3834 1020 vix

518 1048 584 1100 ut
620 1043 786 1099 obliti
823 1045 1193 1117 superiorum
1240 1045 1298 1100 in
1329 1063 1508 1102 novos
1565 1063 1778 1114 mores,
1835 1051 1891 1103 et
1959 1063 2166 1103 novam
2276 1047 2493 1120 singuli
2525 1052 2658 1103 ante
2688 1049 3022 1104 credebant.
3056 1049 3184 1121 Ipse
3214 1048 3370 1105 venit
3396 1051 3452 1105 in
3481 1067 3641 1117 carne,
3667 1057 3713 1108 et
3735 1069 3833 1109 ces-

519 1132 899 1189 sobrietatem
927 1133 1058 1191 vitae
1098 1151 1539 1207 resurgeremus
1570 1139 1834 1203 aeternae;
1895 1152 2010 1208 quo
2070 1153 2170 1207 per
2277 1137 2425 1193 savit
2454 1137 2806 1192 sacriﬁcium
2845 1137 3204 1193 Judaaorum.
3236 1139 3488 1195 Cessavit
3534 1139 3704 1196 oblatio
3753 1159 3834 1213 pro

518 1220 835 1279 stultitiam
859 1223 1291 1295 praedicationis
1320 1224 1474 1279 Deus
1505 1228 1941 1297 agnosceretur,
1994 1241 2167 1297 quem
2277 1229 2530 1298 peccato,
2565 1225 2704 1297 quia
2735 1230 3105 1298 peccatorum
3137 1226 3416 1282 remissor
3438 1227 3706 1285 advenerat.
3730 1231 3831 1285 Non

519 1327 623 1384 per
651 1310 997 1383 sapientiam
1030 1329 1145 1367 non
1178 1312 1445 1385 cognovit
1474 1312 1569 1366 hic
1592 1314 1871 1369 mundus.
1906 1314 2168 1385 Denique
2278 1318 2403 1369 erat
2431 1313 2755 1369 remedium
2788 1313 3189 1371 necessarium
3220 1314 3387 1388 legis,
3407 1316 3501 1371 ubi
3528 1315 3646 1389 legis
3669 1319 3833 1373 Auctor

519 1397 579 1454 in
618 1398 808 1471 ﬁgura
837 1398 938 1455 illa
966 1399 1310 1456 dormientis
1347 1404 1403 1455 et
1431 1400 1635 1456 nudati
1666 1401 1869 1473 patris,
1904 1401 2004 1474 qui
2027 1401 2171 1457 stul-
2279 1402 2531 1467 astabat.

518 1486 714 1544 titiam
751 1488 901 1555 risit,
961 1488 1309 1545 maledictus
1340 1494 1466 1558 est;
1536 1490 1634 1561 qui
1690 1490 1947 1546 venerati
2007 1495 2170 1557 sunt,
2350 1491 2440 1545 11.
2474 1514 2501 1541 ‹‹
2538 1491 2599 1547 In
2633 1490 2820 1563 capite
2854 1491 3007 1548 Libri
3040 1493 3326 1565 scriptum
3355 1499 3442 1550 est
3467 1494 3532 1550 de
3557 1510 3652 1550 me.
3680 1517 3703 1544 »
3725 1495 3840 1551 Scri-

521 1575 943 1633 benedictionis
997 1578 1245 1648 gratiam
1302 1581 1442 1632 sunt
1493 1578 1706 1648 adepti.
1752 1579 2001 1650 Ideoque
2074 1577 2172 1650 qui
2282 1582 2450 1655 ptum
2485 1580 2737 1650 profecto
2770 1581 2840 1636 de
2871 1580 3099 1637 Christo
3131 1585 3222 1637 est
3252 1582 3311 1637 in
3370 1581 3628 1656 principio
3673 1582 3841 1640 Veteris

521 1670 771 1722 mortem
800 1666 1086 1738 unigeniti
1129 1665 1259 1720 Filii
1290 1666 1412 1733 Dei,
1446 1666 1631 1737 patris
1663 1670 1718 1721 et
1747 1666 2026 1722 creatoris
2056 1682 2176 1721 om-
2283 1668 2641 1724 Testamenti
2675 1669 2829 1741 quod
2864 1674 3142 1725 venturus
3167 1674 3343 1737 esset,
3377 1671 3513 1726 utin
3531 1672 3842 1744 redemptione

521 1754 710 1834 nium,
745 1755 816 1833 ad
854 1753 1297 1822 oﬂ'enticulum,
1360 1758 1460 1815 aut
1516 1755 1897 1827 opprobrium
1955 1758 2166 1811 nostras
2282 1756 2618 1824 hominum,
2650 1757 2747 1812 Dei
2777 1757 2965 1814 Patris
2996 1758 3212 1815 faceret
3253 1758 3612 1829 voluntatem,
3665 1761 3842 1834 quando

524 1832 659 1907 ﬁdei
717 1828 1110 1918 objiciendam
1167 1859 1295 1899 esse
1369 1842 1744 1913 crediderint,
1778 1840 2171 1923 peccatorum
2203 1885 2252 1949 B
2284 1845 2571 1918 scriptum
2604 1850 2713 1914 est,
2743 1847 2883 1917 quia
2911 1848 3089 1905 Evam
3121 1847 3182 1903 in
3213 1847 3407 1923 specie
3436 1828 3754 1905 Ecclesiavad
3775 1848 3844 1903 ho-

524 1943 768 2008 suorum
799 1931 1046 1991 nexibus
1068 1931 1135 1986 ad
1155 1935 1497 2005 perpetuam
1521 1930 2173 1988 maledictionisaerum-
2203 1930 2252 1949 "
2286 1933 2462 1990 minis
2494 1935 2834 2006 adjumenta
2858 1934 3145 1991 formavit.
3180 1937 3331 2004 Quid
3354 1938 3504 1994 enim
3533 1937 3676 1994 nobis
3698 1936 3744 1992 in
3768 1936 3845 1991 hac

524 2012 661 2097 nam
692 2021 969 2083 tenentur
1006 2019 1266 2087 astricti;
1300 2018 1399 2095 qui
1456 2036 1592 2076 vero
1651 2036 1779 2076 eam
1838 2037 1939 2093 pro
1997 2021 2176 2077 totius
2286 2022 2544 2095 corporis
2574 2022 2933 2090 inﬁrmitate,
2966 2028 3023 2079 et
3053 2024 3255 2080 saeculi
3288 2024 3459 2081 istius
3503 2025 3847 2099 perturbatione

523 2096 767 2163 humani
818 2107 1050 2181 generis
1106 2107 1474 2164 absolutione
1531 2108 1883 2180 suscipiunt,
1944 2110 2177 2167 virtutis
2287 2110 2557 2183 praesidio
2588 2114 2781 2184 potest
2810 2128 2960 2179 esse,
2991 2111 3105 2168 nisi
3135 2112 3282 2180 sola,
3315 2096 3849 2188 Ecclesiegratia,qua

522 2200 747 2276 sterne
811 2196 1081 2268 praesidio
1144 2196 1488 2253 fulciuntur.
1543 2197 1694 2253 Crux
1744 2198 1899 2253 enim
1965 2198 2184 2255 Christi
2290 2200 2674 2256 redimimur:
2727 2204 2785 2255 et
2842 2200 2985 2257 ﬁdes
3042 2205 3269 2269 nostra,
3306 2220 3422 2276 qua
3473 2202 3715 2257 vivimus?
3759 2201 3847 2255 «In

521 2270 742 2351 Judeeis
774 2284 1217 2352 oti'endiculum,
1246 2285 1460 2341 Graecis
1483 2284 1755 2356 stultitia,
1788 2288 2177 2359 utApostolus
2291 2288 2480 2360 capite
2512 2288 2668 2344 Libri
2698 2288 2983 2363 scriptum
3015 2295 3104 2346 est
3130 2306 3144 2345 :
3176 2290 3256 2347 Os
3289 2270 3361 2347 de
3397 2291 3612 2347 ossibus
3658 2289 3787 2359 meis,
3810 2292 3853 2342 et

523 2364 691 2429 dixit:
718 2373 1096 2430 nobisautem
1116 2373 1215 2445 qui
1234 2373 1934 2435 credimusinDominum
1951 2380 2175 2445 Jesum,
2293 2393 2425 2432 caro
2457 2378 2529 2432 de
2558 2394 2731 2433 carne
2778 2394 2925 2434 mea.
2978 2379 3222 2451 Propter
3272 2379 3382 2436 hoc
3425 2378 3683 2452 relinquet
3725 2378 3853 2433 homo

522 2458 710 2533 virtus
738 2462 841 2518 Dei
867 2467 1041 2534 atque
1072 2462 1359 2536 sapientia
1390 2467 1480 2525 est
1520 2463 1567 2533 (Ι
1595 2464 1715 2521 Cor.
1754 2482 1791 2531 ι,
1824 2465 1916 2531 23,
1949 2466 2063 2536 24).
2295 2470 2517 2537 patrem
2567 2471 2626 2521 et
2673 2470 2944 2535 matrem,
3004 2471 3061 2523 et
3107 2468 3432 2527 adhaerebit
3485 2468 3630 2524 uxori
3662 2484 3773 2532 sua,
3815 2468 3855 2519 et

598 2548 746 2617 θαι
806 2552 862 2607 7.
897 2549 1275 2624 Exspectatus
1303 2556 1393 2606 est
1422 2552 1481 2605 in
1522 2551 1879 2624 Moyse,cum
1910 2553 2189 2609 siccasset
2294 2557 2467 2609 erunt
2492 2553 2607 2609 duo
2638 2554 2697 2610 in
2729 2570 2902 2611 carne
2931 2571 3049 2611 una
3078 2555 3233 2627 (Gen.
3270 2574 3333 2623 ιι,
3363 2558 3454 2624 23,
3481 2556 3582 2628 24).
3603 2578 3626 2606 ι)
3645 2555 3760 2620 Quis
3779 2557 3854 2609 iste

525 2641 584 2696 et
612 2636 1028 2712 pertransisset
1083 2639 1274 2695 undas
1331 2639 1513 2696 maris
1571 2640 1669 2712 (2),
1729 2645 1787 2696 et
1823 2641 2187 2713 impossibile
2296 2642 2372 2697 sit
2397 2642 2497 2714 qui
2528 2642 2760 2699 locutus
2790 2648 2899 2715 est,
2932 2648 3034 2700 aut
3061 2645 3133 2700 de
3162 2662 3283 2717 quo
3321 2645 3478 2701 istud
3507 2646 3578 2701 sit
3602 2659 3854 2705 sacramen-

529 2726 755 2801 viribus
791 2728 1091 2801 humanis,
1127 2728 1413 2807 pedestris
1441 2728 1544 2784 via:
1566 2729 1894 2801 aperirctin
1913 2730 2188 2787 fluctibus
2296 2732 2444 2796 tum,
2469 2730 2603 2785 audi
2636 2729 2919 2788 dicentem
2950 2748 2962 2787 :
2998 2755 3026 2782 «
3061 2733 3504 2790 Sacramentum
3532 2732 3631 2789 hoc
3647 2747 3856 2809 magnum

526 2816 669 2874 iter:
703 2822 1046 2890 sequeretur
1069 2821 1253 2889 petra,
1286 2820 1343 2873 et
1372 2821 1634 2873 vomeret
1661 2834 1847 2890 aquas
1872 2836 1886 2886 ;
1916 2823 1977 2874 ut
1993 2819 2192 2876 sitien-
2297 2821 2423 2875 est:
2448 2834 2553 2892 ego
2584 2822 2777 2875 autem
2800 2820 3006 2877 dicoin
3036 2820 3270 2879 Christo
3292 2827 3349 2879 et
3376 2824 3434 2879 in
3455 2823 3687 2878 Ecclesia
3702 2819 3857 2893 (Ephcs.

529 2906 680 2962 tium
710 2910 943 2979 patrum
972 2906 1033 2961 in
1063 2906 1254 2962 medio
1286 2906 1502 2961 deserti
1540 2906 1766 2962 viscera
1807 2906 2039 2965 interna
2094 2924 2187 2964 sa-
2296 2923 2354 2977 v,
2383 2907 2494 2979 32).
2527 2929 2553 2955 ››
2585 2906 2747 2964 Unde
2776 2912 2834 2966 et
2863 2909 3138 2966 admonet
3168 2911 3329 2982 (Ibid.
3361 2912 3452 2983 25)
3498 2915 3559 2967 ut
3598 2910 3670 2968 sic
3711 2907 3859 2982 diligat

530 2994 725 3051 tiaret.
1060 3047 1065 3051 .
2299 2995 2474 3051 homo
2525 3012 2762 3053 uxorem
2821 3015 3011 3054 suam.
3063 3001 3558 3071 quemadmodum
3618 2998 3859 3055 Ecclesiam

605 3084 658 3141 8'.
691 3084 1073 3165 Exspectatus
1102 3085 1276 3145 estet
1320 3082 1381 3140 in
1430 3083 1622 3138 Aaron
1680 3082 1943 3155 principe
1994 3101 2189 3140 sacer-
2299 3084 2588 3152 Christus,
2621 3087 2898 3158 quoniam
2931 3088 3197 3144 membra
3243 3106 3455 3148 sumus
3485 3087 3714 3162 corporis
3752 3085 3861 3156 ejuS.

535 3173 766 3242 dctum,
796 3172 898 3246 qui
935 3172 1088 3229 inter
1115 3173 1277 3227 vivos
1306 3188 1371 3228 ac
1405 3176 1666 3227 mortuos
1696 3172 1927 3228 medius
1994 3175 2188 3230 stetit:
2229 3248 2257 3252 __
2301 3172 2372 3228 de
2403 3189 2576 3229 carne
2600 3174 2810 3247 ipsius,
2851 3180 2907 3231 et
2962 3176 3033 3233 de
3073 3177 3314 3235 ossibus
3381 3180 3523 3252 ejus.
3577 3180 3692 3246 Qus
3734 3173 3862 3247 igitur

536 3265 594 3319 et
631 3265 962 3335 serpentem
990 3261 1196 3316 statuit
1234 3260 1390 3315 luem
1424 3260 1631 3315 mortis
1661 3261 1769 3331 (3);
1806 3276 1877 3315 ne
1933 3277 1965 3315 a
2016 3263 2184 3318 cada-
2217 3248 2260 3316 C
2298 3263 2488 3334 major
2518 3261 2700 3329 salus,
2732 3279 2913 3336 quam
2941 3281 3069 3322 esse
3099 3281 3235 3321 cum
3270 3248 3513 3334 Christo,
3542 3269 3593 3322 et
3617 3264 3661 3321 ei
3701 3263 3862 3318 unitate

535 3340 772 3414 veribus
801 3348 1208 3406 defunctorum
1242 3348 1314 3403 ad
1333 3347 1650 3403 viventium
1687 3348 1963 3404 transiret
1990 3349 2192 3406 interi-
2304 3351 2560 3422 quadam
2591 3352 2849 3423 corporis
2881 3352 3194 3424 adharere,
3238 3355 3304 3410 in
3336 3372 3451 3428 quo
3488 3372 3583 3412 nec
3606 3349 3792 3409 macula
3812 3346 3865 3404 sit

538 3444 688 3495 tum.
723 3435 871 3500 Quid
901 3437 1057 3497 enim
1072 3441 1192 3492 tam
1226 3435 1524 3509 proprium
1548 3435 1785 3505 Christi,
1810 3454 1988 3510 quam
2019 3439 2192 3496 advo-
2301 3438 2440 3505 ulla,
2476 3455 2583 3495 nec
2626 3440 2909 3496 tortitudo
2942 3443 3163 3514 peccati
3197 3443 3276 3516 (5)
3299 3448 3324 3498 .9

539 3529 735 3605 catum
762 3525 917 3599 apud
948 3524 1132 3581 Deum
1166 3525 1396 3581 Patrem
1424 3526 2001 3598 astarepopulorum,
2034 3546 2192 3585 mor-
2375 3527 2529 3589 8,62
2590 3530 2673 3584 t2.
2733 3529 3029 3601 Scriptum
3081 3535 3171 3601 est
3227 3531 3290 3587 in
3325 3533 3514 3606 capite
3564 3528 3711 3595 Libri,
3753 3523 3863 3598 quod

530 3604 650 3668 tem
706 3602 879 3669 suam
909 3613 1113 3669 offerre
1151 3631 1255 3686 pro
1312 3614 1562 3684 cunctis,
1635 3614 1915 3687 repellere
1963 3633 2192 3693 necem,
2300 3615 2443 3671 Abel
2492 3617 2641 3687 justi
2699 3616 2919 3688 placuit
2960 3617 3153 3676 hostia
3204 3623 3345 3692 Deo,
3381 3602 3661 3695 displicuit
3706 3611 3864 3670 oblatio

528 3701 709 3758 vitam
735 3702 1051 3765 reformare
1080 3703 1355 3774 perituris
1376 3704 1404 3758 ?
2301 3703 2600 3776 parricidae
2634 3704 2783 3777 (Gen.
2815 3722 2891 3772 1v,
2925 3707 2975 3761 4.
3008 3708 3086 3778 5).
3146 3707 3354 3765 Nonne
3413 3712 3595 3782 aperte
3641 3702 3864 3780 signiﬁca-

597 3792 653 3863 9.
688 3791 1069 3867 Exspectatus
1100 3796 1191 3851 est
1220 3795 1277 3848 et
1305 3792 1364 3847 in
1395 3792 1536 3848 Jesu
1568 3794 1741 3861 Nave,
1786 3797 1842 3849 et
1890 3798 2044 3850 certe
2102 3813 2195 3854 ve-
2297 3792 2383 3847 vit
2409 3793 2693 3852 Dominus
2721 3794 2893 3851 Jesus
2923 3796 3292 3854 offerendum
3324 3815 3387 3854 se
3442 3813 3562 3854 esse
3611 3812 3696 3869 pro
3739 3787 3863 3846 nobis

525 3878 632 3946 nit,
666 3879 768 3951 qui
797 3882 855 3936 et
884 3884 1231 3959 potestatem
1259 3898 1429 3937 suam
1474 3885 1530 3937 et
1582 3898 1789 3936 nomen
1841 3884 2086 3957 accepit,
2120 3890 2187 3939 ut
2299 3885 2366 3936 ut
2395 3882 2452 3936 in
2486 3899 2595 3937 sua
2624 3883 2898 3956 passione
2928 3884 3060 3940 novi
3091 3886 3367 3943 sacriﬁcii
3387 3886 3621 3962 gratiam
3639 3893 3863 3940 consecra-

522 3970 579 4035 et
608 3966 893 4041 populum
953 3969 1011 4023 in
1068 3974 1282 4031 terram
1345 3970 1820 4043 repromissionis
1858 3971 2164 4028 induceret
2298 3974 2403 4037 ret,
2439 3971 2615 4028 ritum
2644 3971 3223 4045 populiparricidalis
3257 3976 3560 4033 aboleret?
3585 3971 3862 4041 Quidautem

520 4060 578 4113 et
606 4072 735 4113 vere
763 4054 903 4112 Jesu
953 4058 1191 4117 nomine
1249 4062 1569 4115 vocaretur.
1643 4059 1890 4113 Siccavit
1944 4060 2185 4138 ﬂuenta’
2295 4059 2651 4131 expressius.
2685 4078 2863 4132 quam
2897 4063 3053 4134 quod
3080 4080 3114 4119 a
3143 4070 3348 4120 sancto
3379 4056 3864 4138 patriarcbaoblatus

520 4138 803 4211 convertit
828 4161 1062 4201 amnem
1111 4146 1172 4202 in
1206 4163 1381 4203 suum
1412 4146 1653 4213 fontem,
1707 4146 1896 4203 solem
1956 4137 2183 4216 statuitf
2294 4152 2385 4202 est
2416 4145 2593 4214 ﬁlius,
2636 4148 2686 4202 ei
2737 4150 2889 4206 aries
2946 4151 3291 4209 immolatus
3324 4137 3459 4209 est?
3505 4152 3680 4207 Nonne
3718 4145 3864 4216 aperte

518 4233 699 4290 donec
732 4238 1172 4291 consummaret
1192 4234 1251 4290 in
1269 4235 1487 4290 virtute
1504 4234 1832 4290 virtoriam.
1857 4237 1969 4292 Sed
1994 4210 2185 4295 adhuc;
2295 4235 2551 4291 ostendit
2582 4234 2841 4291 hominis
2898 4254 3153 4306 carnem,
3214 4257 3345 4314 quae
3394 4239 3651 4296 omnibus
3672 4227 3867 4291 terrenis

520 4314 710 4397 tlgura
740 4328 864 4379 erat
890 4322 1011 4391 ille,
1045 4340 1161 4379 non
1192 4324 1423 4381 veritas.
1457 4324 1719 4396 Denique
1751 4341 1921 4380 verus
1952 4325 2002 4380 ei
2063 4327 2180 4382 dux
2293 4330 2383 4381 est
2422 4326 3190 4396 communisanimantibus,
3210 4346 3328 4385 non
3354 4329 3682 4385 divinitatem
3706 4319 3863 4390 unige-

522 4400 742 4465 militiee
763 4402 1014 4468 Calestis
1044 4412 1284 4482 effulsit,
1313 4417 1371 4470 et
1391 4412 1650 4469 adoravit
1669 4430 1803 4469 cum
1827 4414 1971 4470 Jesu
1997 4415 2176 4485 Nave,
2294 4414 2399 4469 niti
2435 4414 2555 4470 Filii
2587 4415 2688 4470 Dei
2719 4414 3029 4472 obnoxiam
3070 4416 3333 4475 futuram
3365 4435 3538 4474 sacrae
3566 4409 3752 4472 vulneri
3770 4420 3864 4481 pas-

521 4499 790 4571 quamvis
821 4500 1012 4556 adhuc
1042 4503 1303 4558 nondum
1333 4502 1392 4556 in
1423 4518 1661 4574 corpore
1690 4518 1861 4559 verus
1890 4502 2182 4585 astiterat,
2293 4503 2478 4563 sionis
2504 4504 2533 4559 ?

522 4588 625 4673 sed
651 4586 843 4681 adhuc
873 4591 1194 4681 veneratin
1224 4592 1432 4663 figura.
1502 4680 1510 4681 7
1640 4680 1645 4681 γ
1708 4680 1715 4681 7
2209 4614 2257 4681 D
2362 4594 2448 4649 43.
2482 4593 2779 4669 Scriptum
2818 4598 2907 4650 est
2936 4595 2994 4652 in
3026 4596 3216 4668 capite
3243 4596 3425 4665 Libri,
3470 4598 3744 4652 venturum
3773 4585 3860 4681 Alio.

544 4668 549 4673 ’
594 4678 676 4734 10.
713 4672 954 4740 Quando
985 4675 1166 4749 igitur
1208 4695 1327 4734 veri
1353 4696 1381 4734 s
1448 4680 1725 4736 advenit?
1783 4682 1931 4735 Audi
1974 4682 2172 4737 dicen-
2210 4668 2253 4681 ”’
2289 4683 2510 4737 minem
2544 4681 2644 4754 qui
2680 4681 3070 4738 Potestatibus
3101 4674 3858 4756 ccelestibusimperareHGm-

516 4770 656 4836 tem;
682 4788 710 4816 «
736 4764 1419 4827 AnnUntiavietlocutus
1440 4784 1594 4824 sum:
1621 4768 1995 4842 multiplicati
2030 4776 2172 4827 sunt
2280 4787 2474 4840 xxvm,
2508 4770 2618 4841 42).
2656 4769 2965 4843 lmpletum
3004 4776 3114 4840 est,
3148 4775 3380 4845 quando
3423 4772 3689 4829 Dominus
3728 4763 3857 4819 Jesus

513 4846 692 4931 super
719 4852 1888 4914 numerum.Sacriﬁciumetoblationem
1907 4858 2167 4930 noluisti,
2279 4859 2436 4914 venit
2468 4860 2525 4914 in
2558 4863 2767 4927 terras,
2820 4864 2877 4916 et
2935 4860 3129 4934 angeli
3191 4862 3598 4923 ministrabant
3638 4857 3702 4924 ei:
3748 4850 3857 4907 δίου*

582 4984 659 5055 (2)
689 4980 814 5037 νει.
850 4980 988 5055 edit.
1023 4997 1089 5036 ac
1130 4997 1274 5037 mss.
1306 4980 1465 5055 Colb.
1499 4984 1558 5036 et
1586 4981 1762 5055 Vic_t.,
1805 4998 1928 5037 cum
1955 4985 2172 5040 sisteret
2276 5001 2392 5039 non
2425 5001 2609 5055 pauca
2650 4985 2709 5039 in
2769 4984 3195 5042 versiculorum
3250 4986 3649 5043 distributione
3693 4980 3854 5055 parum

510 5051 688 5131 undas
718 5054 913 5131 maris.
942 5051 1106 5108 Rom.
1142 5053 1518 5131 cumiisdem
1549 5051 1771 5131 vet._in
1799 5068 2168 5131 marg.,_cum
2275 5051 2641 5131 immutaret,
2684 5056 2897 5131 partim
2934 5055 3281 5131 inseruerat,
3312 5076 3440 5131 quas
3469 5073 3534 5131 ex
3561 5051 3855 5131 ejusdemque

504 5114 773 5204 scinderet
802 5114 976 5204 unde;
999 5127 1199 5204 putris.
1239 5122 1346 5178 Alii
1366 5140 1523 5204 mss.
1575 5128 1639 5204 ut
1670 5114 1961 5204 intexta:
2001 5114 2160 5199 ’Reg.
2276 5132 2492 5204 nostra;
2506 5114 2644 5204 edit:
2679 5114 2986 5204 collatione
3015 5128 3174 5204 nullo
3206 5114 3436 5204 negétio
3467 5114 3827 5204 deprehendit-tif

504 5188 739 5270 excepto
770 5194 868 5249 ubi
902 5194 1267 5270 legitur,cum
1294 5195 1538 5270 xcidisse!
1565 5199 1615 5248 et
1635 5188 2159 5270 κιρ-ροηηδὶδζςιιιβιῖῖ.
2294 5268 2301 5270 ἓ
2346 5199 2421 5267 (5)
2456 5198 2601 5251 lidit.
2632 5202 2742 5251 vet.
2779 5215 2842 5251 ac
2874 5214 3016 5270 mss.
3047 5199 3206 5255 Colb.
3241 5188 3497 5268 et’Vict.,
3540 5188 3643 5270 nec
3681 5188 3849 5270 Ῑονξίίιν

534 5263 1201 5345 ’(3);Θῐῐωρθρίζὶι.ουω
1220 5267 1893 5345 mss._Yict.et_.Colb.,el
1918 5284 2163 5345 perser-
2269 5263 2623 5345 dolpeccate’,
2678 5270 2814 5345 edit.
2878 5269 2936 5324 in
2996 5272 3278 5345 margine,
3333 5263 3501 5345 forte,
3556 5263 3847 5345 deformati:

387 5413 390 5416 ἢ
501 5329 721 5416 paritem
744 5329 1105 5416 clauditatem
1130 5341 1501 5416 »mortis_,\Mss.
1539 5337 1637 5416 alii
1677 5329 2158 5416 quatuor,et§er-
2267 5329 2675 5416 qutjformido.
2739 5344 2903 5416 Rom.
2982 5329 3277 5411 solatumc'
3333 5329 3624 5416 'sordihidq'

501 5393 955 5484 imminutum
989 5393 1105 5484 lues
1150 5393 1371 5484 horti}.
1433 5393 1539 5465 etc.
1602 5393 1878 5464 omnium
1937 5393 2159 5484 optime
2271 5393 2928 5484 Latini,nectarpitudo
2952 5393 3307 5482 piekdiifdt
3343 5393 3845 5484 missiquinqueﬁi;

506 5474 856 5551 codexl’teg.
892 5483 956 5551 ut
986 5480 1043 5534 in
1077 5484 1258 5537 textu.
1284 5481 1503 5535 Sensus
1536 5485 1732 5535 autem
1791 5484 1904 5544 est,
1965 5474 2154 5537 Aaron
2269 5474 2479 5539 etincte
2506 5474 2812 5538 lectionem
2840 5474 3101 5540 nostram
3132 5487 3457 5551 praferuntt
3480 5474 3841 5551 Dicitur'ayigm

507 5503 687 5551 usque“
716 5503 856 5549 aug.
894 5503 956 5534 ut
986 5503 1043 5534 lli
1079 5503 1258 5537 LBXLU.
1284 5503 1503 5535 Densus
1536 5503 1732 5535 auwm
1791 5503 1904 5544 εει,
1965 5503 2154 5537 narum
2269 5503 2477 5539 Εῐιῐιῧῐσθ
2507 5503 2812 5538 lecuonem
2841 5503 3101 5540 ΠΟΒῑΓᾶΠΙ
3170 5503 3457 5541 ι’ωιθιιιιηῡ.
3480 5503 3682 5538 Ulcuur
3697 5503 3841 5530 ωπον*

507 5552 664 5625 stare
696 5546 899 5625 iecisse
924 5548 1077 5607 luem
1119 5569 1245 5624 quae
1286 5553 1574 5624 serpebat,
1625 5556 1761 5619 etc.,
1796 5552 1876 5606 uti
1918 5551 2159 5609 docetur
2261 5556 2471 5624 peccati
2497 5554 2781 5624 fortitudo,
2812 5570 2878 5609 eo
2909 5557 3061 5625 quod
3094 5503 3166 5613 ag
3224 5562 3435 5613 aeterna
3491 5549 3674 5624 regula
3720 5538 3845 5598 (16⁸⁸⁸

509 5616 837 5697 φξβηρυῷ
865 5618 1065 5697 ﬁnem.
1136 5616 1152 5624 ’
1365 5616 1400 5697 μ’
1563 5616 1569 5619 ’
1739 5616 1753 5619 ί
1818 5693 1850 5697 _
2068 5695 2101 5697 __
2261 5616 2385 5681 ctat
2410 5616 2943 5697 ac'detorqueatur'.

581 5689 657 5760 (4)
688 5687 774 5741 Ab
805 5686 912 5742 hoc
940 5689 1064 5751 loco
1098 5707 1285 5763 usque
1314 5693 1384 5747 ad
1428 5709 1589 5749 num.
1641 5710 1762 5763 seq.
1818 5693 1982 5749 Rom.
2016 5695 2149 5752 edit.
