4146 6190
280 411 439 479 1113

1358 402 1817 468 ENARRATIO
1863 401 1942 464 lN
1989 397 2372 468 PSALMUM
2418 403 2698 468 XXXIX.

3565 413 3744 475 ‘HM

278 547 410 624 ipse
443 542 732 618 dignatus
761 542 857 597 est
888 537 1084 596 dicere
1117 553 1131 592 :
1161 557 1190 587 «
1223 536 1304 594 Ex
1347 536 1458 593 hoc
1487 539 1759 598 videbitis
1791 535 1970 595 caelos
2000 534 2055 602 Α
2087 536 2300 598 ductus
2347 556 2478 596 sum
2503 539 2609 613 (6),
2653 540 2711 594 et
2757 540 2979 600 nescivi
3029 543 3242 618 (larem.
3285 563 3363 617 x1,
3399 547 3558 621 19).»
3593 545 3741 613 Quid

279 640 544 711 apertos,
565 637 623 689 et
646 631 894 705 angelos
917 626 1022 684 Dei
1047 628 1434 683 ascendentes
1466 634 1523 684 et
1554 630 1978 686 descendentes

282 728 357 784 ad
392 724 609 780 Filium
643 719 910 777 hominis
941 719 1132 788 (Joan.
1170 734 1210 784 1,
1241 714 1357 786 51).
1386 737 1413 766 »

362 816 447 869 14.
482 811 787 884 Scriptum
839 811 928 863 est
960 805 1026 860 in
1063 805 1254 878 capite
1304 807 1466 862 Libri
1503 827 1568 864 :«
1600 812 1797 884 Agnus
1852 807 1980 862 sine

283 901 546 967 macula,
590 899 878 962 mundus,
931 900 1236 961 maturus,
1288 898 1614 966 masculus,
1665 895 1980 956 anniculus

282 993 396 1050 erit
422 989 608 1056 vobis,
644 992 703 1043 et
746 986 979 1043 occidet
1025 1001 1166 1048 eum
1203 985 1398 1042 omnis
1449 1005 1750 1063 synagoga
1780 983 1977 1061 (Exod.

282 1100 386 1147 xu,
419 1082 497 1151 5).
527 1102 553 1127 ››
584 1077 729 1141 Quis
783 1075 893 1130 iste
947 1072 1032 1127 sit
1085 1089 1298 1147 agnus,
1331 1076 1582 1134 audistis
1633 1079 1923 1134 dicentem
1965 1096 1978 1136 :

283 1192 312 1220 «
346 1170 489 1224 Ecce
520 1181 712 1238 agnus
747 1164 873 1230 Dei,
909 1179 1049 1218 ecce
1093 1164 1195 1234 qui
1252 1165 1402 1220 tollit
1432 1173 1733 1238 peceatum
1769 1156 1981 1220 mundi

280 1260 459 1330 (Joan.
498 1273 536 1324 ι,
572 1253 687 1324 29).
717 1275 748 1302 »
785 1253 890 1307 Hic
921 1257 1013 1307 est
1045 1253 1149 1322 qui
1195 1254 1423 1332 occisus
1453 1260 1543 1312 est
1573 1258 1643 1312 ab
1677 1255 1836 1313 omni
1871 1270 1986 1327 po-

282 1346 422 1420 pulo
452 1345 803 1402 Judaaorum
840 1358 852 1396 :
888 1358 1071 1414 quem
1120 1341 1315 1397 adhuc
1362 1343 1558 1400 hostili
1593 1347 1724 1402 odio
1771 1359 1979 1417 perse-

284 1438 570 1506 quuntur.
602 1432 674 1486 Et
720 1428 894 1484 illum
928 1429 1177 1501 quidem
1223 1433 1527 1502 oportebat
1558 1451 1662 1506 pro
1695 1433 1939 1489 omnibu

286 1523 460 1590 mori,
492 1525 556 1577 ut
584 1519 643 1574 in
676 1519 813 1590 ejus
852 1533 1026 1573 cruce
1062 1518 1228 1574 ﬁeret
1271 1521 1539 1577 remissio
1571 1526 1974 1594 peccatorum,

288 1618 347 1669 et
377 1608 618 1683 sanguis
642 1605 842 1678 ipsius
871 1606 1083 1660 mundi
1111 1607 1560 1679 inquinamenta
1588 1611 1810 1666 lavaret
1835 1629 1846 1666 :
1873 1612 1977 1666 sed

289 1717 373 1762 vs:
407 1698 526 1753 illis
558 1695 658 1768 qui
689 1698 990 1749 auctorem
1029 1695 1242 1752 salutis
1286 1699 1538 1770 propriae
1572 1701 1972 1771 negaverunt!

295 1812 323 1838 κ
357 1785 624 1851 Fecistis,
655 1781 869 1854 inquit,
903 1783 1246 1853 consilium,
1281 1788 1384 1841 sed
1434 1804 1550 1842 non
1583 1805 1689 1858 per
1722 1804 1814 1843 me
1847 1791 1974 1860 (lsa.

2091 632 2180 684 est
2209 631 2364 702 quod
2397 628 2622 686 nesciat
2651 629 2954 701 Sapientia
2983 635 3106 707 Dei,
3139 655 3265 709 quae
3296 637 3354 692 in
3388 653 3598 693 arcano
3628 637 3738 690 Pa—

2092 719 2202 774 tris
2233 737 2462 792 semper
2510 716 2640 774 est?
2668 718 2740 773 Et
2770 719 2901 778 ideo
2961 726 3250 782 enarravit
3305 727 3504 782 omnia
3563 723 3742 781 Filius

2094 808 2216 876 Dei,
2250 810 2389 882 quia
2440 808 2540 864 Dei
2596 808 2785 866 Patris
2817 811 2942 885 ipse
2971 815 3259 887 sapientia
3303 819 3409 872 est.
3445 813 3742 879 Quomodo

2094 899 2379 970 praescivit
2411 916 2471 954 se
2503 897 2657 952 sicut
2692 915 2913 971 agnum
2958 921 3086 959 esse
3133 905 3490 969 ducendum,
3524 906 3580 958 et
3626 917 3741 973 quo

2095 989 2405 1044 duceretur
2452 987 2710 1042 nescisse
2751 1006 2814 1045 se
2846 992 3026 1047 dicit?
3074 995 3188 1048 Aut
3235 993 3528 1064 quomodo
3559 991 3619 1045 in
3651 1007 3744 1046 su-

2095 1079 2422 1150 perioribus
2458 1093 2561 1148 per
2609 1090 2672 1130 os
2726 1076 2914 1149 ipsius
2956 1081 3134 1136 David
3167 1081 3247 1135 ait
3279 1099 3292 1136 :
3319 1105 3346 1130 ‹‹
3379 1081 3558 1145 Deus,
3590 1079 3744 1134 Deus

2094 1184 2280 1233 meus,
2317 1166 2538 1237 respice
2570 1164 2628 1219 in
2662 1181 2753 1220 me
2784 1185 2794 1222 :
2831 1186 3011 1241 quare
3041 1187 3134 1225 me
3163 1169 3532 1241 dereliquisti
3562 1168 3744 1239 (Psal.

2091 1274 2204 1324 xxr,
2236 1258 2385 1327 2)?»
2417 1255 2717 1320 Quomodo
2763 1258 3190 1332 derelinquitur
3237 1277 3270 1314 a
3318 1260 3486 1314 Patre
3537 1256 3743 1322 Filius,

2091 1346 2191 1418 qui
2223 1345 2303 1401 ait
2337 1364 2348 1401 :
2381 1368 2400 1395 α
2434 1347 2503 1400 Et
2545 1361 2657 1399 non
2710 1362 2840 1402 sum
2893 1347 3076 1415 solus,
3109 1347 3247 1420 quia
3295 1348 3463 1402 Pater
3511 1361 3744 1400 mecum

2090 1439 2180 1490 est
2209 1436 2386 1507 (Joan.
2417 1452 2532 1503 xv1,
2563 1434 2698 1506 32)?
2725 1458 2749 1484 »
2781 1435 2852 1492 Et
2900 1437 3037 1492 alibi
3073 1455 3084 1492 :
3113 1460 3140 1486 (ί
3175 1436 3453 1491 Traditus
3503 1450 3660 1498 sum,
3693 1436 3750 1488 et

2089 1540 2208 1579 non
2264 1524 2601 1593 egrediebar
2659 1525 2832 1595 (Psal.
2896 1543 3142 1591 Lxxxvu,
3202 1527 3298 1595 9)?
3341 1549 3366 1572 n
3417 1525 3484 1577 Et
3537 1521 3680 1577 alibi
3732 1539 3744 1578 :

2093 1632 2121 1661 «
2149 1612 2474 1679 Exsurrexi,
2517 1617 2573 1668 et
2620 1613 2810 1668 adhuc
2861 1618 3052 1668 tecum
3100 1630 3230 1669 sum
3262 1613 3438 1684 (l’sal.
3469 1628 3748 1677 cxxxvm,

2093 1700 2223 1770 18)?
2247 1722 2274 1748 ››
2308 1699 2421 1756 nisi
2449 1705 2515 1755 ut
2543 1702 2812 1758 advertas
2842 1704 2994 1774 quod
3029 1702 3339 1756 hominum
3371 1717 3622 1756 sensum
3652 1716 3749 1755 ex-

2089 1787 2310 1859 primit,
2336 1789 2434 1860 qui
2466 1795 2677 1860 putant
2726 1807 2786 1846 se
2819 1808 2852 1846 a
2880 1789 3126 1844 Domino
3164 1806 3293 1857 suo,
3327 1789 3570 1856 quando
3613 1792 3755 1844 sunt

294 1893 431 1940 xxx,
472 1874 544 1945 1).
573 1871 925 1975 {Quomodo
975 1876 1210 1943 poterat
1259 1876 1511 1947 probare
1564 1875 1970 1948 parricidium,
2005 1910 2052 1975 B
2090 1876 2150 1929 in
2185 1875 2480 1946 periculis,
2515 1877 2844 1933 derelictos.
2891 1878 3151 1948 Denique
3183 1877 3319 1931 audi
3367 1877 3528 1947 quod
3563 1876 3758 1948 sequi-

299 1963 405 2037 qui
457 1958 767 2016 consilium
822 1977 933 2015 non
996 1962 1328 2030 probabat?
1359 1965 1430 2019 Et
1488 1967 1692 2020 tamen
1752 1970 1974 2035 quanta
2005 1958 2052 1975 "
2081 1964 2180 2015 tur
2215 1981 2226 2017 :
2257 1985 2284 2011 ‹‹
2320 1964 2535 2036 Longe,
2571 1965 2786 2037 inquit,
2819 1983 2852 2020 a
2884 1965 3073 2021 salute
3108 1982 3259 2029 mea,
3292 1965 3472 2020 verba
3506 1964 3757 2022 delicto-

301 2052 495 2124 pietas
521 2050 532 2103 l
563 2049 916 2104 Abhorrebat
963 2050 1206 2121 quidem
1238 2069 1272 2106 a
1303 2052 1581 2123 consilio,
1616 2052 1721 2108 sed
1754 2052 1804 2108 si
1837 2070 1974 2110 con-

301 2141 684 2205 verterentur,
712 2138 1034 2194 remedium
1069 2157 1183 2194 non
1216 2142 1492 2213 negabat.

379 2231 467 2284 15.
503 2228 791 2300 Scriptum
821 2232 908 2283 est
928 2228 1128 2294 etiam,
1155 2246 1268 2285 non
1301 2230 1499 2287 solum
1537 2233 1600 2288 in
1635 2232 1851 2303 capite,
1875 2234 1978 2288 sed

307 2320 370 2374 in
403 2316 566 2373 omni
592 2316 733 2389 legis
762 2317 1181 2389 complexione,
1205 2323 1530 2376 venturum
1562 2321 1874 2378 hominem
1907 2323 1980 2377 ad

312 2406 772 2466 conservandum
821 2406 1128 2461 hominum
1176 2423 1380 2478 genus,
1413 2398 1524 2480 qui
1561 2409 1771 2467 omnia
1809 2408 1983 2465 vellet

315 2513 446 2568 qua:
473 2495 630 2552 Deus
648 2494 828 2551 vellet.
853 2495 1012 2550 Unde
1035 2494 1311 2568 intelligis
1333 2498 1622 2569 quoniam
1648 2499 1982 2555 divinitatis

316 2585 587 2658 ejusdem
636 2589 742 2652 est,
788 2585 889 2657 qui
954 2585 1218 2656 ejusdem
1275 2589 1363 2640 est
1406 2586 1767 2644 voluntatis.
1814 2588 1980 2644 Unde

317 2675 502 2732 etiam
535 2673 604 2728 ad
627 2674 975 2730 sacrificium
997 2673 1289 2746 passionis
1309 2674 1688 2734 voluntarius
1709 2678 1980 2748 accessit,

319 2761 648 2834 meritoque
697 2763 1000 2834 praedixit:
1031 2786 1051 2812 α
1085 2761 1425 2818 Voluntaria
1473 2766 1825 2824 sacriﬁcabo
1874 2765 1982 2822 tibi

323 2852 499 2924 (Psal.
536 2869 652 2917 Lm,
684 2854 758 2924 8).
787 2874 814 2900 »

403 2941 487 2996 16.
532 2940 641 2996 Sed
701 2940 846 2996 forte
901 2941 1066 2996 dicas
1118 2957 1132 2996 :
1190 2941 1487 3007 Quomodo
1548 2942 1609 2998 in
1669 2944 1980 3016 Evangelio

329 3029 477 3084 dixit
506 3045 573 3084 ια
605 3029 790 3097 Pater,
824 3029 872 3084 si
906 3029 1183 3101 possibile
1227 3035 1333 3098 est,
1367 3031 1623 3087 transfer
1655 3027 1688 3086 εἰ
1719 3048 1812 3087 me
1843 3033 1981 3088 cali-

330 3134 460 3174 cem
491 3117 666 3184 hunc,
699 3119 798 3174 sed
830 3135 945 3174 non
979 3119 1132 3174 sicut
1160 3135 1265 3191 ego
1302 3117 1453 3184 volo.
1486 3120 1588 3176 sed
1618 3120 1774 3178 sicut
1801 3125 1864 3176 tu
1894 3123 1981 3180 vis

333 3205 539 3279 (Matth.
589 3224 744 3273 xxv1,
791 3209 904 3279 39).
935 3231 957 3257 ιι
996 3208 1063 3263 Et
1119 3207 1351 3262 videtur
1405 3208 1646 3280 quidem
1706 3226 1834 3266 esse
1892 3213 1979 3268 di-

2085 2067 2218 2105 rum
2267 2068 2530 2108 meorum
2562 2055 2732 2124 (Psat.
2769 2072 2886 2121 xxi,
2918 2057 3011 2125 2);
3042 2076 3070 2102 »
3102 2054 3212 2108 hoc
3262 2056 3371 2118 est,
3407 2052 3533 2109 alia
3577 2055 3760 2110 verba

2090 2145 2229 2194 sunt
2258 2141 2624 2211 delictorum,
2660 2143 2775 2198 alia
2825 2147 3192 2198 sacramenta
3236 2141 3450 2196 salutis
3503 2146 3754 2199 aeternas.

2091 2229 2215 2284 Non
2259 2231 2642 2301 praejudicant
2689 2232 2865 2286 verba
2893 2231 3091 2286 virtuti
3130 2248 3142 2285 :
3179 2229 3304 2285 suis
3332 2229 3569 2288 viribus
3617 2231 3759 2288 sub-

2092 2321 2312 2373 stantia
2343 2320 2540 2376 divina
2581 2319 2839 2375 fulcitur.
2875 2320 3057 2376 Homo
3088 2320 3336 2386 videtur,
3369 2319 3556 2377 homo
3589 2319 3760 2377 audi-

2091 2410 2208 2476 tur,
2239 2408 2392 2464 Deus
2425 2409 2482 2463 in
2516 2409 2791 2481 operibus
2823 2409 3180 2479 agnoscitur.
3215 2410 3282 2463 Et
3309 2414 3514 2466 tamen
3548 2412 3620 2466 de
3649 2411 3762 2466 hoc

2092 2494 2329 2552 homine
2359 2497 2583 2552 dictum
2628 2503 2716 2553 est
2749 2515 2762 2552 :
2793 2519 2819 2546 «
2850 2499 2918 2552 Et
2949 2497 3121 2553 homo
3156 2501 3244 2552 est
3274 2501 3330 2552 et
3361 2498 3503 2569 quis
3551 2516 3763 2572 cogno-

2091 2589 2182 2639 cet
2209 2602 2345 2640 eum
2375 2588 2598 2655 (Jerem.
2629 2604 2768 2656 xvu,
2789 2587 2843 2657 9)
2864 2587 2937 2640 ?»
2968 2586 3115 2649 Quid
3150 2590 3259 2652 est,
3282 2587 3451 2656 quis!
3482 2591 3612 2643 Non
3642 2604 3760 2659 quo

2091 2690 2286 2742 nemo,
2337 2675 2437 2731 sed
2491 2692 2607 2746 quo
2657 2692 2846 2743 rarus,
2880 2691 2995 2747 quo
3042 2675 3295 2747 sapiens,
3347 2674 3511 2730 sicut
3560 2675 3704 2731 illud
3743 2695 3754 2731 :

2092 2785 2120 2812 «
2155 2762 2294 2829 Quis
2343 2765 2620 2820 ascendet
2667 2764 2726 2819 in
2760 2768 3018 2820 montem
3078 2761 3310 2818 Domini
3359 2762 3540 2834 (Psal.
3589 2781 3759 2830 xxm,

2089 2851 2375 2919 3)?»—«
2404 2853 2547 2917 Quis
2606 2852 2842 2924 sapiens
2894 2856 2950 2908 et
3009 2850 3293 2922 intelliget
3336 2865 3406 2906 ea
3458 2850 3603 2922 (0w.
3635 2869 3758 2921 xxv,

2095 2940 2226 3009 10)?
2251 2963 2277 2989 »
2310 2940 2572 3012 Denique
2602 2941 2738 2998 alibi
2775 2958 2821 2998 ;‹‹
2850 2942 2949 2999 Vir
2981 2939 3265 3013 insipiens
3296 2956 3412 2994 non
3446 2941 3754 3013 cognoscit

2091 3046 2178 3097 ea,
2213 3033 2268 3084 et
2297 3029 2514 3086 stultus
2547 3048 2660 3087 non
2693 3029 2966 3102 intelligit
3006 3031 3129 3086 haac
3156 3029 3333 3101 (Psal.
3365 3045 3488 3096 XCI,
3517 3031 3596 3100 7).
3623 3052 3650 3079 ι)
3683 3031 3754 3086 Et

2090 3121 2154 3172 tu
2187 3133 2322 3190 ergo
2375 3134 2511 3174 cum
2558 3118 2704 3192 legis
2754 3117 3156 3191 Evangelium,
3193 3116 3362 3189 quasi
3409 3117 3649 3190 sapiens
3696 3123 3756 3174 et

2093 3222 2208 3261 non
2250 3205 2468 3263 stultus
2517 3224 2800 3281 cognosce
2831 3207 2907 3280 (7)
2938 3223 3068 3278 quae
3120 3205 3265 3279 legis
3299 3223 3312 3260 :
3350 3204 3648 3263 illumi-net
3695 3211 3752 3264 te

331 3274 550 3352 stantia
577 3274 895 3352 voluntatis
933 3313 944 3350 :
979 3313 1181 3351 verum
1227 3274 1613 3368 intelligimus
1662 3298 1822 3354 aliud
1856 3317 1984 3358 esse
2009 3274 2054 3342 (ἶ
2093 3295 2402 3368 Sapientiae
2434 3274 2629 3370 fulgor
2665 3274 2909 3351 aeternae.
2945 3274 3136 3351 verba
3163 3274 3405 3367 quidem
3451 3300 3611 3364 sunt,
3645 3297 3747 3352 sed

333 3385 489 3460 quod
533 3385 856 3440 secundum
903 3385 1191 3440 unitatem
1242 3384 1571 3440 divinitatis
1621 3386 1990 3460 exprimitur,

334 3473 436 3528 ubi
482 3473 623 3528 dicit
657 3490 724 3527 :«
757 3474 874 3546 Ego
925 3477 981 3528 et
1030 3472 1198 3529 Pater
1246 3489 1432 3528 unum
1483 3489 1692 3528 sumus
1720 3475 1898 3545 (Joan.
1931 3495 1992 3544 x,

333 3561 466 3632 30):
496 3583 516 3609 ν
553 3559 711 3617 aliud
743 3563 897 3633 quod
945 3563 1270 3618 secundum
1319 3560 1576 3618 hominis
1624 3565 1714 3617 est
1760 3561 1992 3621 locutus

333 3650 637 3717 affectum,
668 3665 844 3720 quem
900 3649 1096 3706 innuit
1153 3654 1390 3705 cautum
1441 3667 1569 3707 esse
1618 3651 1850 3718 debere,
1885 3670 1990 3708 nec

334 3751 692 3812 praesumere
723 3739 876 3808 quod
911 3737 1079 3794 facile
1109 3737 1353 3810 implere
1373 3756 1489 3794 non
1522 3739 1728 3812 possit,
1753 3756 1825 3795 ne
1847 3742 1990 3796 dum

336 3824 650 3900 praemium
695 3827 920 3900 quaerit,
955 3827 1176 3883 incidat
1221 3827 1612 3903 sacrilegium.
1648 3827 1810 3884 Unde
1860 3829 1940 3884 ait
1973 3849 1986 3886 :

342 3938 370 3966 ‹‹
401 3913 548 3972 Cum
579 3920 1004 3987 persequentur
1049 3932 1150 3972 vos
1180 3916 1241 3971 in
1270 3915 1380 3972 hac
1428 3917 1678 3983 civitate,
1716 3916 1898 3988 fugite
1930 3919 1989 3974 in

341 4002 518 4061 aliam
548 4002 752 4074 (Matth.
784 4021 838 4069 x,
868 4006 980 4075 23).
1008 4027 1036 4053 »
1070 4004 1277 4059 Merita
1305 4021 1441 4077 ergo
1474 4009 1531 4060 et
1559 4005 1653 4060 hic
1681 4005 1988 4062 subiturus

340 4091 600 4164 corporis
645 4093 998 4164 passionem,
1032 4092 1205 4164 ccepit
1251 4093 1603 4159 contristari,
1638 4083 1694 4148 et
1743 4098 1987 4149 mmstus

344 4197 474 4238 esse
509 4196 521 4236 :
547 4183 603 4235 et
632 4182 953 4253 assumptis
983 4182 1144 4237 Petro
1176 4184 1232 4236 et
1261 4182 1491 4238 duobus
1520 4179 1658 4236 ﬁliis
1689 4182 1944 4236 Zebedaei
1970 4198 1983 4236 :

340 4292 367 4318 «
399 4267 607 4324 Tristis
652 4273 742 4328 est
796 4269 992 4325 anima
1049 4285 1180 4324 mea
1209 4269 1416 4340 (Matth.
1452 4287 1602 4337 XXVI,
1648 4270 1761 4339 38),
1793 4291 1820 4318 »
1853 4274 1988 4327 ante

337 4356 621 4430 praemisit
654 4373 666 4412 :
699 4360 756 4414 et
799 4357 1048 4428 subjecit
1079 4361 1281 4430 postea
1313 4376 1325 4413 :
1353 4381 1379 4407 ‹‹
1411 4357 1661 4429 Vigilate
1701 4361 1759 4412 et
1803 4363 1984 4425 orate,

338 4461 410 4500 ne
440 4444 669 4503 intretis
701 4445 761 4502 in
802 4445 1206 4501 tentationem.
1239 4445 1496 4517 Spiritus
1538 4449 1843 4517 promptus
1874 4451 1982 4512 est,

335 4551 468 4591 caro
526 4539 723 4592 autem
790 4536 1027 4590 inﬁrma
1082 4534 1239 4604 (Ibid.
1301 4535 1410 4605 41).
1462 4556 1482 4583 ιι
1532 4532 1716 4588 Vides
1769 4534 1983 4607 ubique

2101 3388 2158 3439 et
2187 3384 2321 3456 ipsa
2350 3386 2660 3454 mundant,
2693 3389 2751 3441 et
2782 3385 2906 3456 ipsa
2935 3383 3294 3452 illuminant,
3316 3388 3372 3441 et
3394 3384 3524 3458 ipsa
3553 3387 3759 3443 conﬁr-

2102 3477 2287 3540 mant,
2315 3476 2373 3528 et
2398 3472 2527 3543 ipsa
2554 3474 2867 3530 viviﬁcant.
2892 3473 3056 3530 Unde
3076 3473 3159 3530 ait
3181 3474 3384 3531 Petrus
3412 3491 3461 3529 ;‹‹
3486 3475 3754 3545 Domine,

2101 3560 2172 3614 ad
2205 3576 2380 3631 quem
2414 3561 2676 3618 ib—imus?
2703 3561 2892 3617 Verba
2933 3562 3060 3618 vita:
3105 3567 3328 3618 aternaa
3360 3563 3544 3622 habes
3577 3565 3753 3639 (Joan.

2101 3664 2179 3716 VI,
2211 3649 2326 3718 69),
2359 3651 2415 3702 et
2445 3666 2562 3705 non
2594 3649 2994 3720 relinquemus
3023 3655 3099 3706 te.
3129 3675 3156 3701 ››

2178 3739 2260 3791 17.
2303 3735 2566 3808 Denique
2613 3742 2678 3794 ut
2722 3738 3176 3807 adverteremus,
3222 3741 3376 3811 quod
3426 3745 3753 3799 secundum

2102 3823 2402 3880 hominem
2441 3823 2676 3881 locutus
2729 3831 2904 3890 esset,
2942 3827 3113 3897 paulo
3159 3831 3291 3898 post
3337 3828 3482 3883 dixit
3513 3847 3524 3885 :
3555 3853 3583 3880 «
3613 3832 3757 3886 Ecce

2100 3912 2537 3985 apprOpinquat
2586 3913 2752 3980 hora,
2787 3917 2853 3968 ut
2885 3913 3065 3969 Filius
3095 3913 3352 3969 hominis
3400 3917 3665 3972 tradatur
3697 3919 3755 3973 in

2101 4019 2313 4058 manus
2345 4008 2717 4073 peccatorum
2751 4003 2963 4074 (Matth.
2996 4020 3150 4069 xxvx,
3189 4003 3301 4070 45»).
3330 4024 3357 4052 »
3390 4002 3639 4058 EtJudae
3661 4022 3755 4060 os-

2099 4091 2316 4147 culanti
2346 4091 2428 4146 ait
2461 4110 2527 4146 :u
2557 4092 2731 4159 Juda,
2764 4091 2962 4147 osculo
3011 4091 3222 4146 Filium
3271 4091 3527 4147 hominis
3567 4093 3754 4149 tradis

2097 4180 2250 4249 (Luc.
2282 4197 2420 4244 xxn,
2456 4181 2580 4252 48)!
2611 4204 2637 4229 »
2678 4180 2787 4236 hoc
2847 4184 2956 4248 est,
3004 4197 3294 4235 venenum
3342 4180 3607 4237 infundis
3659 4199 3752 4238 os-

2098 4269 2248 4338 culo,
2275 4287 2389 4341 quo
2419 4271 2607 4342 gratia
2630 4270 2938 4326 charitatis
2970 4270 3336 4325 infunditur:
3362 4269 3562 4326 osculo
3596 4274 3752 4343 quod

2096 4375 2274 4414 sacrae
2323 4358 2480 4431 pacis
2513 4358 2743 4432 insigne
2773 4364 2862 4414 est
2895 4376 2907 4414 :
2943 4357 3142 4415 osculo
3174 4375 3288 4430 quo
3334 4359 3597 4415 amicitia
3635 4361 3752 4416 ﬁda

2095 4445 2365 4502 ﬁrmatur
2397 4464 2409 4501 ι
2444 4447 2662 4512 osculo,
2697 4462 2812 4517 quo
2847 4447 2990 4502 ﬁdes
3036 4451 3242 4503 sancta
3290 4447 3606 4520 signatur?
3637 4448 3754 4505 Hoc

2095 4549 2230 4606 ergo
2267 4533 2464 4591 osculo
2512 4535 2694 4590 tradis
2744 4535 3024 4606 periculo,
3057 4553 3231 4607 quem
3283 4542 3518 4608 propter
3565 4537 3749 4593 osculi

333 4640 469 4680 eum
501 4625 826 4680 secundum
879 4622 1177 4680 hominem
1225 4621 1406 4694 loqui,
1440 4621 1762 4677 secundum
1792 4621 1980 4679 homi-
2011 4638 2060 4704 Π
2093 4625 2509 4679 commercium
2541 4623 2803 4679 venerari
2847 4624 3136 4680 deberes?
3184 4625 3254 4680 Et
3304 4625 3492 4680 tradis
3537 4624 3750 4680 Filium

333 4728 470 4768 nem
499 4729 684 4782 orare,
708 4713 1035 4769 secundum
1069 4712 1220 4770 εδει
1251 4709 1549 4767 hominem
1581 4709 1802 4766 tristem
1829 4728 1980 4780 esse,

332 4803 658 4864 secundum
716 4802 1018 4861 hominem
1077 4801 1295 4858 dixisse
1344 4817 1419 4855 εκ
1471 4800 1637 4856 Pater
1691 4815 1880 4866 meus,
1931 4802 1981 4858 si

332 4890 611 4964 possibile
640 4896 747 4948 est.
775 4913 802 4939 ››
835 4891 998 4957 Quod
1048 4891 1253 4964 utique
1298 4907 1414 4946 non
1447 4887 1810 4961 impossibile
1839 4890 1977 4958 Deo,

331 4979 433 5055 sed
473 4979 731 5038 hominis
788 4984 878 5037 est
933 4979 1220 5047 dubitare,
1273 4979 1370 5035 Dei
1417 4977 1783 5035 conﬁrmare.
1847 4980 1978 5036 Ideo

330 5070 728 5148 promptiores
772 5067 1115 5142 assumpsit,
1166 5067 1335 5140 quasi
1379 5067 1592 5124 electos
1645 5065 1838 5123 ultimi
1879 5069 1976 5140 ju-

330 5157 470 5214 dicii
518 5159 609 5216 sui
656 5163 855 5224 testes,
888 5158 988 5230 qui
1043 5157 1354 5213 verborum
1412 5159 1541 5228 ejus
1597 5163 1979 5229 agnoscerent

329 5253 785 5306 sacramentum.
836 5247 1098 5322 Denique
1141 5245 1237 5300 alii
1281 5246 1671 5314 dormiebant,
1725 5246 1816 5301 isti
1869 5247 1974 5302 soli

330 5335 450 5391 ﬁda
479 5342 673 5392 mente
700 5335 1040 5408 vigilabant.
1076 5334 1237 5390 Unde
1268 5339 1324 5389 et
1353 5351 1455 5406 per
1481 5334 1795 5390 Jeremiam
1830 5353 1975 5391 non-

327 5423 468 5480 dUm
503 5430 775 5498 suscepto
809 5439 1066 5494 corpore,
1100 5421 1226 5494 ipse
1255 5421 1335 5478 ait
1363 5440 1376 5477 :
1405 5444 1431 5472 ‹‹
1458 5423 1574 5495 Ego
1606 5423 1758 5478 sicut
1787 5440 1973 5497 agnus

2093 4710 2353 4767 hominis
2385 4711 2581 4783 homo,
2616 4713 2717 4784 qui
2749 4715 2985 4785 propter
3020 4713 3326 4769 hominum
3361 4712 3611 4768 salutem
3645 4713 3748 4766 de-

2094 4801 2321 4856 scendit
2352 4801 2422 4855 de
2451 4799 2638 4856 coelo?
2669 4801 2762 4856 Sic
2806 4800 2961 4856 enim
3013 4801 3297 4873 scriptum
3347 4805 3436 4856 est
3467 4817 3480 4854 :
3506 4822 3533 4848 ‹‹
3568 4798 3750 4854 Filius

2091 4888 2357 4945 hominis
2378 4889 2478 4960 qui
2533 4894 2622 4945 est
2651 4889 2712 4944 in
2745 4888 2911 4957 c0210,
2943 4889 3069 4962 ipse
3100 4894 3188 4944 est
3236 4889 3336 4960 qui
3386 4885 3689 4942 descendit
3719 4903 3749 4942 e

2089 4976 2232 5033 cmlo
2278 4978 2452 5048 (Joan.
2487 4995 2569 5046 ιιι,
2608 4979 2770 5049 13).»
2804 4977 3014 5033 Filium
3067 4975 3328 5031 hominis
3389 4974 3593 5040 tradis,
3645 4975 3746 5046 qui

2087 5070 2146 5122 te
2175 5083 2243 5122 ex
2275 5070 2577 5138 peccatore
2624 5065 2957 5138 apostolum
3011 5063 3143 5120 fecit
3177 5081 3189 5119 :
3226 5062 3438 5119 Filium
3488 5063 3746 5120 hominis

2086 5156 2294 5224 tradis,
2319 5156 2418 5228 qui
2450 5156 2626 5220 venit,
2651 5160 2716 5210 ut
2759 5154 2818 5208 in
2849 5153 3137 5224 sanguine
3168 5168 3274 5207 suo
3308 5152 3574 5208 omnium
3613 5168 3744 5224 pec-

2086 5248 2215 5300 cata
2245 5245 2535 5300 dilueret?
2566 5245 2681 5314 Ego
2730 5241 2996 5297 osculum
3029 5257 3141 5294 non
3190 5257 3338 5313 nego
3374 5257 3384 5296 :
3416 5241 3542 5314 ipse
3590 5242 3743 5297 vidc-

2085 5334 2188 5400 ris,
2214 5334 2312 5405 qui
2341 5331 2643 5388 violaveris
2676 5328 2858 5385 osculi
2906 5329 3296 5384 sanctitatem.
3330 5331 3417 5385 An
3451 5346 3566 5386 non
3599 5329 3738 5403 legi-

2084 5423 2162 5478 sti
2192 5423 2346 5495 quod
2381 5419 2620 5475 utiliora
2670 5421 2808 5473 sunt
2837 5417 3077 5473 vulnera
3109 5417 3305 5488 amici,
3329 5433 3505 5490 quam
3533 5416 3737 5475 volun-

397 5580 472 5650 (6)
506 5581 670 5636 Rom.
717 5581 877 5646 edit.,
919 5582 1022 5651 Ego
1071 5582 1214 5636 sicut
1257 5598 1432 5650 agnus
1480 5583 1739 5637 innocens
1783 5583 1972 5640 ductus
2079 5588 2166 5634 τοῦ
2197 5584 2406 5633 0586011-

321 5667 465 5714 sum,
520 5656 580 5708 ut
619 5652 996 5778 sacripcarer;
1026 5651 1250 5709 scilicet
1294 5669 1410 5726 quo
1459 5652 1723 5708 Graecum
1771 5653 1965 5712 locum

321 5721 608 5778 redderet.
642 5723 740 5778 ubi
788 5723 1016 5778 egimus
1052 5741 1064 5778 :
1099 5728 1216 5778 Ἐγὼ
1247 5732 1305 5778 ei):
1334 5731 1696 5778 ἀονίονᾶιακον
1729 5733 1965 5778 ἀγόμενον

321 5721 608 5791 redderet,
642 5723 740 5779 ubi
768 5721 1016 5796 legimus
1052 5741 1064 5780 :
1099 5728 1216 5797 Ἐγὼ
1247 5721 1500 5797 (ὗς-ἀρνίον
1513 5734 1696 5782 ἄκακον
1729 5733 1967 5800 ἀγόμενον

2154 5658 2228 5728 (7)
2279 5653 2546 5723 Quinque
2607 5666 2773 5717 mss.,
2837 5653 2996 5720 quasi
3047 5652 3264 5722 sapiens
3310 5657 3362 5707 et
3398 5651 3586 5723 justus
3641 5667 3734 5707 co-

2081 5746 2150 5798 gn
2159 5744 2295 5784 osce.
