4146 6190
435 383 589 449 1118

1891 391 1954 454 S.
2001 389 2379 458 AMBROSII

3690 394 3853 460 1116

431 519 583 576 taria
626 517 824 576 oscula
867 517 1089 577 inimici
1123 518 1303 593 (Prov.
1337 537 1490 591 xxvt,
1519 520 1615 596 6)?
1643 521 1756 580 Nec
1786 521 2078 582 immerito
2112 524 2161 592 Α
2192 525 2368 583 homo
2418 526 2652 596 dicitur,
2685 525 2971 586 mediator
3019 525 3123 586 Dei
3176 531 3234 586 et
3289 526 3624 599 hominum,
3669 530 3852 589 homo

431 609 692 681 graviore
720 609 834 667 telo
881 616 1053 667 tanta:
1087 611 1444 685 dignationis
1494 630 1813 686 percussus
1863 619 1953 671 est
1981 615 2084 670 Ju-

432 697 556 765 das,
591 716 768 770 quam
821 701 868 755 si
920 717 1054 756 eum
1111 701 1356 758 fulmine
1414 702 1776 774 perculisset.
1833 704 2088 775 Denique

431 788 774 858 patientiam
806 789 1038 846 Domini
1070 790 1217 846 ferre
1248 807 1363 846 non
1395 791 1603 862 potuit,
1637 791 1794 847 884
1827 791 1926 861 qui
1963 807 2086 847 ma-

428 880 704 951 jestatem
755 879 1030 950 prodidit,
1065 879 1207 934 adeo
1240 884 1302 933 ut
1337 880 1446 934 sibi
1492 881 1601 951 ipsi
1657 879 1804 936 tanti
1853 879 2088 936 sceleris

434 973 630 1024 reatus
654 969 730 1039 (8)
763 985 874 1023 non
910 972 1108 1039 posset
1139 968 1318 1024 ablui.
1349 970 1551 1040 Itaque
1585 969 1746 1035 abiit,
1779 969 2084 1042 pecuniam

432 1057 667 1127 refudit,
700 1057 811 1112 hoc
841 1060 950 1124 est,
977 1057 1386 1114 condemnavit
1421 1057 1725 1113 avaritiam
1759 1075 1928 1113 suam
1957 1062 2087 1113 tan-

433 1151 504 1202 tae
535 1146 857 1218 impietatis
902 1151 1221 1214 auctorem,
1253 1147 1505 1218 pretium
1539 1146 1792 1218 perﬁdiae
1841 1163 2085 1219 synago-

435 1252 518 1308 gas
553 1235 826 1292 reddidit.
858 1236 982 1291 Non
1018 1241 1333 1290 excusatur
1364 1235 1645 1308 proditor,
1674 1235 1773 1308 qui
1805 1237 2086 1308 poeniten-

434 1323 525 1380 tiae
593 1325 788 1380 locum
857 1325 1116 1379 invenire
1182 1341 1296 1379 non
1354 1324 1565 1395 potuit,
1623 1324 1724 1379 sed
1787 1327 2090 1380 acervatur

431 1414 803 1486 sacrilegium
847 1414 1206 1480 Judaeorum,
1233 1413 1331 1485 qui
1364 1413 1538 1469 etiam
1591 1412 1908 1485 proditoris
1936 1412 2086 1468 voci-

427 1503 541 1561 bus
571 1507 922 1578 arguuntur.
960 1503 1062 1559 Ille
1113 1519 1284 1558 suum
1328 1503 1548 1558 crimen
1601 1502 1835 1574 agnovit
1863 1502 2085 1570 dicens,

428 1594 586 1666 quod
617 1592 926 1649 tradiderit
949 1593 1299 1665 sanguinem
1321 1593 1553 1662 justum
1580 1609 1592 1647 :
1619 1591 1717 1646 isti
1749 1594 1805 1645 et
1833 1589 2086 1662 pretium

427 1682 663 1741 sceleris
707 1686 1074 1754 receperunt,
1109 1686 1164 1737 et
1213 1680 1539 1736 acrioribus
1586 1679 1799 1734 studiis
1839 1678 2089 1749 justitiae

427 1771 752 1844 principem
788 1769 1080 1841 persecuti
1105 1773 1260 1825 sunt.
1288 1770 1421 1824 Ideo
1447 1769 1514 1824 ad
1547 1769 1794 1822 istorum
1821 1767 2084 1823 omnium

2196 616 2463 674 Christus
2490 618 2686 674 Jesus.

2270 708 2354 762 19.
2390 706 2698 780 Propterea
2743 707 3210 780 incorruptibilis
3238 708 3495 780 suscepit
3537 709 3699 765 hanc
3730 726 3855 766 car-

2198 811 2353 863 nem,
2389 799 2452 850 ut
2482 795 2694 851 faceret
2721 795 3226 869 incorruptibilem
3263 816 3274 852 :
3303 802 3358 853 et
3386 798 3772 864 immortalis,
3797 803 3859 853 ut

2200 883 2412 938 faceret
2459 883 2873 940 immortalem.
2909 885 2965 940 Si
3008 885 3143 958 quis
3191 902 3324 958 ergo
3372 903 3506 942 eum
3560 886 3857 959 sequitur,

2195 971 2399 1027 induet
2446 972 2969 1030 immortalitatem.
3013 974 3074 1029 Si
3125 974 3258 1046 quis
3304 974 3673 1031 voluntatem
3726 977 3858 1046 ejus

2195 1060 2354 1126 facit,
2389 1077 2504 1116 non
2536 1061 2822 1118 morietur
2859 1063 2919 1118 in
2951 1067 3259 1131 mternum;
3295 1064 3394 1119 sed
3425 1063 3572 1120 dicit
3600 1065 3652 1119 ei
3687 1065 3855 1120 Chri-

2191 1153 2325 1231 stus
2359 1169 2372 1206 :
2399 1174 2426 1199 ‹‹
2459 1151 2641 1206 Hodie
2673 1166 2904 1208 mecum
2937 1152 3050 1208 eris
3090 1153 3150 1207 in
3201 1153 3473 1225 paradiso
3499 1154 3646 1224 (Luc.
3678 1171 3853 1221 XXIII,

2196 1239 2307 1310 43).
2347 1263 2366 1292 υ
2406 1239 2553 1304 Quid
2586 1243 2694 1307 est,
2717 1239 2930 1296 hodie?
2956 1241 3075 1297 Hoc
3119 1245 3226 1310 est,
3260 1242 3330 1297 de
3363 1245 3528 1297 nocte
3556 1242 3851 1310 transisti,

2197 1344 2428 1383 mecum
2461 1329 2578 1384 eris
2623 1329 2684 1383 in
2735 1327 2977 1384 lumine.
3012 1328 3140 1385 Noli
3191 1331 3463 1386 tenebras
3509 1329 3858 1398 formidare,

2200 1433 2375 1488 quem
2433 1420 2652 1472 aeterna
2707 1415 2808 1472 lux
2844 1418 3121 1491 suscepit.
3175 1417 3420 1475 Pulchre
3475 1418 3657 1473 etiam
3717 1419 3860 1474 sub~

2191 1505 2390 1576 junxit
2423 1523 2434 1558 ;
2463 1528 2490 1554 ‹‹
2524 1505 2753 1560 Mecum
2785 1505 2899 1562 eris
2930 1505 2990 1562 in
3033 1507 3330 1579 paradiso;
3359 1530 3387 1557 ››
3424 1507 3535 1563 hoc
3585 1510 3704 1573 est,
3740 1507 3857 1563 noli

2199 1593 2470 1650 dubitare
2500 1595 2571 1649 de
2621 1611 2815 1663 carne,
2841 1599 2898 1650 et
2943 1612 3039 1652 me
3096 1596 3157 1650 in
3212 1612 3385 1652 carne
3441 1595 3648 1652 vidisti
3685 1613 3700 1651 :
3740 1597 3855 1652 noli

2197 1681 2425 1749 timere,
2460 1699 2531 1738 ne
2586 1687 2643 1738 et
2690 1688 2754 1738 tu
2812 1685 2986 1739 cadas
3030 1684 3101 1740 de
3132 1684 3280 1741 805
3340 1685 3641 1756 paradiso,
3707 1686 3857 1741 sicut

2197 1771 2406 1826 cecidit
2451 1772 2669 1840 Adam;
2703 1773 2804 1828 sed
2853 1771 2990 1828 audi
3046 1773 3184 1844 quia
3237 1789 3472 1828 mecum
3531 1773 3676 1842 eris,
3740 1790 3851 1845 quo

425 1864 770 1933 perpetuam
803 1857 1349 1914 condemnationem
1385 1857 1534 1912 latro
1565 1856 1878 1912 cruciﬁxus
1900 1855 2086 1911 absol-
2112 1893 2162 1958 B
2199 1864 2504 1930 praesente,
2536 1862 2743 1916 cadere
2795 1878 2910 1916 non
2961 1861 3172 1933 possis.
3205 1861 3424 1918 Cecidit
3453 1878 3586 1918 caro
3637 1863 3700 1917 in
3752 1880 3850 1935 pa-

423 1949 614 2004 vitur:
641 1947 778 2020 quia
807 1946 904 2002 ille
925 1946 1218 2002 Christum
1253 1947 1310 2001 in
1345 1945 1654 2018 suppliciis
1678 1945 1914 2018 agnovit
1935 1945 2078 2016 suis,

425 2053 601 2110 quem
633 2037 733 2093 isti
766 2036 823 2090 in
856 2036 1152 2092 beneﬁciis
1184 2053 1298 2090 non
1350 2038 1711 2107 agnoverunt
1743 2053 1756 2089 :
1791 2038 1848 2089 et
1880 2050 2078 2106 pecca-

422 2131 548 2182 tum
583 2143 756 2182 suum
789 2126 1092 2181 confessus
1145 2129 1235 2180 est
1281 2124 1532 2189 Christo,
1567 2123 1666 2195 qui
1712 2123 1886 2178 sciret
1915 2123 2079 2195 igno-

424 2232 606 2282 scere,
638 2215 776 2287 quia
829 2216 884 2269 in
935 2231 1105 2270 cruce
1153 2231 1262 2270 sua
1308 2230 1554 2286 regnum
1603 2212 1836 2268 Domini
1887 2216 2079 2267 mente

425 2304 746 2376 conspexit,
780 2304 934 2374 quod
985 2303 1044 2357 in
1098 2302 1356 2358 convivio
1391 2301 1606 2358 Christi
1656 2302 1840 2357 Judas
1885 2301 2079 2357 videre

424 2409 538 2448 non
572 2393 779 2464 potuit.
818 2393 949 2447 Ideo
1001 2391 1395 2462 precationem
1447 2390 1694 2446 latronis
1725 2407 1831 2446 vox
1881 2395 2080 2445 secuta

425 2485 514 2538 est
545 2480 796 2536 cmlestis
842 2481 1188 2551 hujusmodi
1225 2499 1236 2535 :
1271 2502 1291 2532 ι
1325 2483 1530 2549 Amen,
1565 2497 1756 2546 amen,
1789 2480 1919 2535 dico
1949 2480 2076 2545 tibi,

424 2569 597 2626 hodie
643 2585 872 2624 mecum
927 2569 1042 2624 eris
1096 2570 1154 2623 in
1208 2570 1481 2641 paradiso
1536 2569 1683 2640 (Luc.
1715 2586 1877 2634 xxm,
1912 2569 2020 2640 45).
2050 2591 2077 2617 ››

424 2658 835 2731 Tripudiabas,
878 2659 1074 2723 draco,
1109 2659 1262 2730 quod
1316 2658 1646 2729 apostolum
1703 2657 2076 2714 subtraxeras

422 2747 654 2803 Christo
689 2763 701 2801 :
737 2747 871 2819 plus
913 2747 1162 2802 amisisti
1197 2764 1372 2819 quam
1408 2747 1722 2811 sustulisti,
1758 2746 1856 2817 qui
1898 2745 2076 2801 latro-

423 2854 554 2894 nem
581 2837 744 2893 vides
775 2837 834 2891 in
866 2836 1205 2908 paradisum
1228 2853 1355 2891 esse
1377 2835 1752 2891 translatum.
1781 2835 1960 2890 Nemo
1987 2840 2076 2891 est

423 2927 523 2998 qui
554 2926 742 2997 possit
782 2924 1032 2993 excludi,
1067 2927 1301 2997 quando
1333 2929 1600 2996 receptus
1631 2929 1719 2980 est
1759 2923 1930 2991 latro,
1963 2923 2073 2978 mi-

424 3016 605 3072 nister
636 3019 775 3070 tuus
830 3018 887 3070 et
935 3030 1000 3069 eo
1034 3012 1315 3086 pervenit,
1340 3015 1494 3070 unde
1538 3013 1664 3086 ipse
1696 3014 1957 3084 dejectus
1987 3029 2070 3068 es.

496 3106 581 3160 18.
617 3102 1036 3160 Subtexuimus
1067 3102 1180 3158 ista
1219 3111 1454 3175 propter
1482 3101 1646 3157 illum
1694 3100 2070 3168 versiculum,

425 3193 562 3266 quia
607 3192 749 3248 dixit
785 3211 850 3247 :«
888 3191 961 3247 Ut
1009 3191 1218 3247 faciam
1270 3191 1629 3246 voluntatem
1678 3195 1840 3245 tuam
1872 3207 1885 3244 :
1920 3190 2074 3244 Deus

424 3300 610 3338 meus.
661 3281 820 3337 volui
871 3303 899 3331 »

422 3372 615 3438 Pater,
673 3387 792 3426 una
847 3368 1115 3423 voluntas
1148 3371 1253 3422 est.
1291 3368 1358 3422 Et
1407 3367 1545 3438 quia
1601 3384 1718 3422 una
1775 3365 2069 3434 voluntas,

423 3477 541 3514 una
572 3457 905 3514 substantia
935 3461 1044 3521 est,
1075 3456 1213 3527 quia
1245 3460 1301 3511 et
1329 3455 1736 3528 inseparabilis
1771 3456 2069 3526 majestas,

2193 1948 2410 2016 radiso,
2456 1953 2772 2021 antequam
2817 1950 3215 2022 susciperetur
3244 1968 3277 2006 a
3305 1950 3555 2007 Christo.
3593 1952 3681 2006 lbi
3736 1952 3850 2007 eris

2192 2042 2530 2110 susceptus,
2563 2037 2664 2093 ubi
2691 2042 2747 2094 et
2776 2038 2873 2094 ille
2905 2039 3006 2110 qui
3056 2040 3347 2111 suscepit;
3383 2039 3483 2112 qui
3516 2057 3632 2096 non
3683 2057 3848 2096 men-

2189 2126 2338 2181 titus
2368 2129 2457 2181 est
2484 2127 2687 2183 dicens
2724 2145 2736 2182 :
2762 2151 2788 2177 «
2816 2126 2959 2183 Volo
2991 2131 3058 2183 ut
3086 2129 3186 2183 ubi
3216 2143 3322 2201 ego
3349 2145 3506 2196 sum,
3532 2133 3586 2184 et
3612 2127 3698 2184 illi
3725 2129 3849 2184 sint

2192 2231 2424 2270 mecum
2459 2216 2633 2287 (Joan.
2667 2233 2806 2282 xvn,
2827 2217 2940 2288 24).
2969 2238 2997 2266 ››
3020 2217 3144 2272 Non
3177 2217 3405 2272 recedet
3435 2220 3630 2288 pastor
3661 2233 3695 2271 a
3719 2234 3847 2290 gre-

2189 2303 2364 2376 gibus
2393 2305 2538 2375 suis,
2561 2303 2694 2360 licet
2712 2306 2838 2376 jam
2870 2304 3078 2376 lupum
3109 2305 3168 2360 in
3195 2305 3468 2378 paradiso
3497 2305 3709 2362 timere
3731 2324 3844 2363 non

2191 2393 2403 2465 possis,
2438 2393 2531 2448 cui
2563 2394 2786 2448 dictum
2832 2397 2921 2450 est
2953 2412 2965 2449 :
2995 2418 3023 2442 «
3055 2393 3340 2450 Videbam
3383 2397 3667 2450 Satanam
3697 2395 3845 2451 sicut

2187 2481 2388 2555 fulgur
2416 2483 2487 2538 de
2527 2481 2669 2536 cmlo
2711 2483 3017 2538 cadentem
3049 2484 3200 2555 (Luc.
3235 2501 3289 2550 x,
3327 2484 3436 2551 18).
3466 2504 3493 2530 ››
3530 2483 3667 2539 Ideo
3717 2481 3844 2541 ante

2187 2571 2755 2626 consummationem
2804 2571 3175 2628 adversarius
3217 2570 3491 2642 dejicitur
3534 2570 3594 2625 in
3647 2571 3842 2628 incen-

2186 2659 2374 2729 dium,
2406 2659 2628 2715 catenis
2671 2676 2904 2732 quoque
2951 2659 3247 2732 perpetuis
3301 2658 3610 2731 alligatur;
3668 2665 3732 2715 ut
3780 2666 3837 2716 tu

2178 2750 2305 2819 jam
2337 2747 2531 2803 nullas
2562 2746 2809 2803 insidias
2841 2749 3245 2819 pertimescas.

2255 2838 2342 2891 20.
2376 2836 2446 2891 Et
2475 2836 2659 2891 Adam
2690 2841 2756 2891 ut
2785 2837 3038 2904 caderet,
3063 2853 3096 2892 a
3127 2840 3396 2909 serpente
3420 2837 3706 2910 deceptus
3737 2847 3838 2905 est,

2183 2929 2239 2980 et
2269 2924 2451 2980 ﬂexus
2482 2927 2571 2980 est
2599 2925 2670 2980 ab
2701 2941 2898 2980 uxore.
2932 2926 3063 2980 Ideo
3087 2925 3215 2996 jam
3250 2924 3420 2980 nulla:
3453 2925 3516 2980 in
3567 2927 3838 2998 paradiso

2184 3013 2419 3086 nuptiae,
2453 3014 2555 3069 sed
2591 3029 2796 3071 omnes
2835 3018 3008 3068 erunt
3054 3014 3183 3069 sine
3235 3011 3683 3071 celebritatibus
3731 3033 3838 3070 nu-

2183 3103 2462 3174 ptiarum,
2493 3102 2640 3157 sicut
2690 3101 2882 3175 angeli
2925 3102 2985 3157 in
3037 3101 3200 3158 coelo.
3230 3102 3357 3157 Non
3385 3102 3619 3158 dixerat
3663 3104 3793 3158 Adae
3825 3122 3836 3158 :

2183 3216 2210 3240 ‹‹
2244 3192 2474 3247 Mecum
2503 3190 2651 3257 eris;
2683 3213 2710 3240 ››
2745 3190 2883 3262 quia
2913 3190 3136 3246 sciebat
3163 3189 3335 3246 illum
3373 3207 3505 3246 esse
3537 3208 3836 3262 casurum,

954 3280 1062 3335 hoc
1113 3285 1220 3350 est,
1272 3278 1596 3334 divinitatis
1653 3278 1797 3333 mihi
1853 3281 2068 3345 tecum,
2102 3259 2143 3325 Ο
2182 3285 2247 3336 ut
2275 3280 2660 3336 redimeretur
2689 3295 2723 3334 a
2751 3259 2998 3334 Christo.
3024 3277 3184 3334 Felix
3222 3279 3414 3343 ruina,
3442 3295 3570 3351 quae
3601 3259 3834 3352 repara;

2178 3373 2274 3425 tur
2304 3369 2364 3423 in
2396 3368 2626 3424 melius.
2653 3367 2787 3422 Ideo
2799 3369 2926 3439 jam
2949 3367 3083 3439 pius
3111 3371 3332 3439 pastor,
3356 3367 3550 3423 bonus
3576 3368 3831 3440 negotia-

2177 3463 2270 3514 tor
2283 3473 2520 3530 gregem
2542 3472 2738 3523 suum,
2759 3460 2816 3511 et
2839 3472 3088 3511 mercem
3109 3457 3411 3528 pr0priam
3435 3473 3544 3512 non
3565 3454 3821 3526 reliquit.

423 3553 480 3604 et
509 3545 767 3619 potentia
788 3544 1112 3600 Trinitatis.
1148 3545 1259 3600 Sed
1283 3544 1398 3599 alia
1416 3561 1524 3600 vox
1553 3545 1766 3610 carnis,
1791 3549 1849 3600 et
1875 3547 2070 3599 tamen
2179 3546 2304 3601 Erit
2332 3544 2572 3616 quidem
2601 3547 2658 3600 et
2686 3544 2879 3600 adhuc
2909 3544 2970 3599 in
3000 3544 3274 3616 paradiso
3299 3561 3436 3599 cum
3467 3542 3690 3616 angelis
3717 3561 3833 3616 pu-

425 3637 495 3692 ad
528 3635 887 3691 voluntatem
915 3634 1015 3689 Dei
1049 3638 1106 3689 et
1133 3633 1260 3705 ipsa
1291 3632 1588 3689 consensit
1618 3633 1818 3690 dicens
1853 3650 1913 3688 :«
1947 3635 2072 3689 Non
2182 3651 2298 3706 gna
2325 3633 2602 3704 serpenti,
2635 3632 2816 3688 dones
2849 3631 3158 3701 dejiciatur
3191 3649 3203 3686 :
3241 3632 3342 3687 sed
3371 3631 3472 3702 qui
3504 3647 3640 3686 cum
3671 3629 3838 3685 Chri-

425 3725 581 3796 quod
624 3740 730 3797 ego
779 3722 928 3789 volo,
963 3723 1063 3778 sed
1115 3723 1269 3793 quod
1318 3726 1380 3777 tu
1425 3721 1514 3776 vis
1545 3722 1728 3791 (Marc.
1759 3739 1875 3790 xw,
1906 3722 2072 3790 36).»

425 3815 492 3869 Et
521 3812 662 3869 alibi
694 3829 753 3866 :«
789 3812 845 3867 Si
900 3829 1015 3867 non
1067 3815 1257 3883 potest
1300 3810 1409 3866 hoc
1461 3810 1733 3877 transire,
1766 3809 1880 3864 nisi
1931 3808 2075 3864 illud

426 3903 649 3968 bibam,
685 3901 787 3955 ﬁat
831 3899 1104 3956 voluntas
1154 3904 1257 3955 tua
1287 3899 1492 3970 (Matth.
1522 3916 1677 3966 xxvr,
1709 3898 1821 3970 42).
1847 3920 1874 3949 ››
1909 3899 2075 3954 Com-

426 3990 624 4046 munis
655 3989 899 4044 aii‘ectus
932 3993 1021 4043 est
1065 3992 1309 4043 mortem
1356 3989 1581 4052 timere,
1611 4003 1788 4058 quam
1820 3986 2080 4058 suscepit

425 4079 722 4143 Christus;
766 4081 832 4131 ut
879 4075 1263 4147 cruciﬁgeret,
1311 4077 1465 4131 sicut
1509 4075 1814 4142 cruciﬁxit,
1849 4079 1905 4130 et
1953 4092 2076 4130 car-

425 4185 590 4234 nem;
633 4165 779 4222 mihi
827 4166 983 4221 enim
1039 4169 1129 4220 est
1179 4164 1455 4232 luctatus,
1489 4168 1555 4218 ut
1602 4164 1749 4218 mihi
1803 4163 2075 4219 vinceret.

425 4257 544 4312 Etsi
599 4271 732 4311 caro
783 4253 996 4309 Christi
1041 4253 1230 4320 fortis,
1287 4269 1394 4308 nec
1442 4257 1677 4324 peccato
1724 4253 1973 4308 obnoxia
1993 4257 2078 4307 ta-

2184 3727 2272 3778 sto
2304 3725 2412 3788 est,
2435 3721 2641 3776 timere
2673 3737 2788 3775 non
2819 3719 3047 3792 poterit.
3069 3719 3255 3774 Adam
3287 3735 3423 3774 cum
3456 3718 3691 3774 Christo
3723 3736 3838 3775 non

2185 3810 2314 3875 fuit,
2363 3809 2598 3881 quando
2647 3809 2926 3880 deceptus
2982 3811 3088 3863 est.
3124 3807 3271 3862 Nam
3331 3807 3381 3863 si
3437 3824 3577 3864 cum
3611 3807 3842 3864 Christo

2185 3897 2413 3965 fuisset,
2443 3902 2502 3952 et
2523 3898 2584 3952 in
2606 3897 2734 3968 ejus
2767 3895 3148 3969 praeceptione
3178 3896 3630 3967 permansisset,
3654 3897 3842 3968 perire

2186 3986 2390 4058 utique
2429 4001 2545 4040 non
2588 3985 2878 4056 potuisset
2907 3985 3003 4057 (9).
3028 3984 3150 4040 Non
3205 3985 3426 4040 mansit
3473 3983 3535 4040 in
3584 3984 3843 4050 Christo,

2187 4073 2324 4145 quia
2349 4089 2464 4127 non
2489 4073 2550 4127 in
2573 4074 2701 4144 ejus
2731 4089 2998 4128 sermone
3021 4072 3364 4144 permansit.
3389 4072 3660 4146 Denique
3686 4073 3846 4140 audi,
3925 4121 3930 4123 _

2188 4161 2287 4232 qui
2319 4164 2554 4216 maneat
2599 4160 2657 4215 in
2690 4160 2943 4218 Christo.
2969 4183 2997 4210 ‹‹
3031 4160 3091 4215 Si
3140 4160 3500 4228 manseritis,
3536 4161 3756 4234 inquit,
3790 4160 3848 4216 in

2188 4266 2281 4306 me
2332 4254 2388 4304 et
2437 4250 2613 4304 verba
2663 4265 2793 4304 mea
2823 4249 2883 4303 in
2913 4249 3075 4304 vobis
3129 4249 3478 4318 manserint;
3544 4251 3848 4322 quodcun-

427 4362 559 4400 men
609 4350 844 4415 peccala
889 4342 1148 4413 suscepit
1180 4358 1192 4398 :
1233 4342 1608 4397 inﬁrmitates
1659 4339 1934 4412 suscepit,
1971 4341 2078 4395 etsi
2189 4355 2300 4410 que
2327 4335 2647 4405 volueritis,
2693 4337 2929 4409 petetis;
2961 4341 3017 4392 et
3048 4337 3146 4392 ﬁet
3189 4338 3355 4393 vobis
3388 4339 3567 4408 (Joan.
3604 4357 3699 4408 xv,
3731 4341 3844 4409 7}.»

428 4432 575 4486 nihil
607 4431 816 4487 habuit
846 4431 1001 4502 quod
1032 4429 1273 4486 doleret.
1302 4431 1566 4501 Denique
1593 4429 1731 4485 audi
1764 4429 2078 4498 dicentem,
2189 4427 2258 4483 Et
2317 4426 2469 4481 infra
2514 4443 2583 4480 :«
2631 4424 2692 4480 Si
2743 4428 3031 4496 praecepta
3089 4441 3216 4480 mea
3273 4427 3670 4495 servaveritis,
3727 4444 3852 4483 ma-

432 4543 460 4572 ‹‹
493 4520 632 4592 quia
685 4536 789 4590 pro
849 4519 1016 4574 nobis
1075 4518 1232 4574 dolet
1284 4521 1406 4590 (Isa.
1455 4536 1578 4585 Lm,
1625 4520 1745 4588 4)...
1776 4540 1802 4568 n
1839 4541 1865 4567 «
1899 4518 2082 4574 donec
2191 4514 2403 4571 nebitis
2453 4514 2513 4568 in
2558 4529 2688 4568 mea
2732 4511 3041 4570 dilectione
3093 4513 3272 4585 (lbid.,
3322 4515 3432 4585 10).
3460 4537 3489 4564 ››
3522 4515 3630 4570 Vis
3679 4515 3854 4582 scire,

428 4608 625 4681 ejiciat
683 4607 741 4662 in
802 4606 1042 4664 veritate
1093 4607 1387 4678 judicium
1446 4608 1570 4678 (Isa.
1618 4625 1754 4672 xm,
1797 4607 1871 4677 4).
1897 4630 1923 4656 ››
1957 4606 2080 4662 Non
2113 4626 2160 4691 D
2193 4603 2330 4676 quia
2360 4600 2756 4691 cumChristo
2785 4601 2980 4691 ‘Adamg
3004 4618 3128 4691 non
3176 4603 3343 4657 erat?
3373 4602 3532 4658 Dixit
3560 4604 3616 4659 ei
3648 4604 3856 4660 Domi-

426 4698 587 4755 enim
621 4695 865 4753 alteram
897 4713 1162 4764 carnem,
1189 4697 1289 4752 sed
1323 4697 1472 4752 hanc
1504 4697 1765 4768 suscepit
1801 4712 1813 4751 :
1850 4700 1914 4750 ut
1941 4697 2086 4767 Apo-
2114 4689 2133 4691 ί
2194 4709 2307 4748 nus
2344 4707 2407 4746 :«
2440 4690 2647 4758 Adam,
2698 4689 2798 4744 ubi
2854 4707 2915 4746 es
2965 4689 3115 4758 (Gen.
3158 4708 3238 4756 IlI,
3277 4691 3378 4760 9)?
3411 4713 3438 4740 ››
3470 4692 3582 4758 Qui
3646 4695 3858 4766 utique

429 4787 620 4842 stolus
672 4786 839 4841 docet
887 4785 1086 4840 dicens
1121 4801 1184 4838 :«
1222 4784 1459 4855 Oportet
1506 4784 1662 4838 enim
1713 4782 2088 4855 corruptibile
2196 4780 2365 4852 quasi
2393 4779 2695 4835 absentem
2730 4777 2995 4850 requirit,
3033 4796 3147 4835 non
3186 4779 3405 4835 diceret
3440 4799 3453 4835 :
3483 4803 3511 4830 ι(
3545 4781 3659 4837 Ubi
3689 4799 3756 4838 es
3779 4782 3808 4836 ?
3833 4807 3856 4828 ιι

427 4877 538 4933 hoc
583 4875 827 4931 induere
861 4872 1380 4944 incorruptionem,
1416 4876 1474 4926 et
1522 4871 1766 4928 mortale
1817 4873 1925 4927 hoc
1977 4872 2086 4926 im-
2197 4869 2246 4925 si
2277 4884 2413 4924 eum
2443 4867 2505 4922 in
2545 4883 2608 4922 se
2654 4882 2890 4922 manere
2932 4872 3329 4938 cognosceret.
3363 4867 3478 4923 Sed
3526 4868 3666 4940 quis
3720 4886 3860 4926 eum

428 4963 846 5022 mortalitatem
905 4963 954 5033 (ι
1015 4961 1134 5016 Cor.
1176 4979 1270 5028 xv,
1299 4963 1414 5031 53).
1467 4983 1494 5009 »
1546 4961 1668 5016 Etsi
1725 4962 1796 5016 de
1850 4960 2089 5034 Virgine
2197 4959 2500 5015 absentem
2531 4955 2747 5023 fecerit,
2770 4954 3101 5012 audiamus.
3129 4977 3154 5005 ‹‹
3178 4956 3635 5014 Absconderunt
3659 4975 3746 5026 se,
3772 4960 3863 5014 in-

426 5058 599 5110 natus
625 5056 717 5109 est
747 5056 804 5107 et
838 5050 1056 5122 Spiritu
1108 5054 1330 5118 sancto,
1365 5054 1561 5106 tamen
1596 5049 1854 5105 hominis
1903 5054 1992 5106 est
2021 5050 2087 5104 ﬁ-
2201 5044 2346 5118 quit,
2382 5043 2554 5099 ambo
2587 5059 2621 5098 a
2651 5041 2798 5098 facie
2827 5042 3059 5099 Domini
3091 5043 3252 5115 (Ibid.
3284 5046 3360 5114 8).
3385 5067 3415 5095 »
3444 5044 3672 5102 Omnes
3702 5047 3859 5102 videt

427 5139 578 5208 lius;
612 5139 752 5210 quia
805 5137 981 5193 homo
1011 5139 1209 5207 Virgo.
1244 5139 1314 5192 Et
1361 5139 1488 5193 ideo
1540 5137 1694 5208 quod
1745 5140 1948 5190 natum
2004 5143 2093 5193 est
2201 5133 2468 5190 Christus
2503 5149 2515 5187 :
2551 5132 2651 5188 sed
2685 5129 2785 5203 qui
2816 5149 2878 5188 se
2907 5132 3232 5200 abscondit,
3264 5133 3683 5203 absconditur;
3715 5153 3858 5208 quo-

430 5245 497 5283 ex
546 5245 740 5296 carne,
775 5245 909 5283 caro
942 5236 1063 5297 est;
1098 5234 1154 5284 et
1199 5228 1300 5301 qui
1351 5231 1524 5282 natus
1573 5230 1662 5280 est
1708 5225 1779 5280 de
1830 5225 2089 5314 homine,
2203 5223 2362 5279 niam
2409 5221 2511 5293 qui
2558 5221 2808 5294 ignorat,
2843 5221 3163 5293 ignoratur.
3196 5222 3509 5294 Cognoscit
3550 5224 3718 5280 enim
3766 5241 3860 5281 eos

501 5352 576 5421 (8)
607 5350 701 5405 Sic
733 5351 872 5407 edit.
907 5356 964 5407 et
1009 5370 1152 5408 mss.
1185 5352 1332 5407 Vict.
1367 5355 1423 5407 et
1454 5350 1637 5418 Colb.,
1673 5348 1787 5405 nisi
1817 5349 1994 5422 quod
2029 5347 2088 5404 hi

425 5419 727 5492 legunt...
760 5426 904 5478 tanti
948 5426 1166 5478 sceleris
1210 5440 1354 5488 reus,
1391 5427 1500 5478 etc.
1537 5423 1701 5477 Rom.
1737 5419 1902 5488 editi,
1934 5421 2093 5492 cujus

430 5494 761 5562 majcsm'cm
819 5493 1088 5563 prodidit,
1152 5503 1210 5549 ut
1263 5497 1370 5550 sibi
1429 5496 1572 5549 tanti
1629 5493 1849 5548 sceleris
1899 5496 2094 5563 reatus

428 5561 596 5634 posset
650 5561 850 5634 ablui":
892 5566 983 5620 sed
1044 5568 1203 5633 ιιίιίίι,
1267 5571 1376 5623 etc.
1436 5565 1646 5621 Totum
1703 5581 1839 5620 vero
1897 5561 2092 5619 locum

431 5632 556 5689 cod.
612 5632 874 5704 quinque
923 5635 1123 5707 Gallic.
1160 5632 1241 5691 ita
1282 5637 1557 5692 exhibent
1592 5653 1604 5691 :
1643 5636 1754 5702 Quo
1806 5638 1868 5690 in
1913 5635 2092 5707 majo-

430 5722 546 5762 rem
574 5707 792 5760 reatum
822 5705 1030 5775 prodiit
1063 5723 1075 5762 :
1110 5707 1240 5764 adeo
1288 5717 1349 5765 ut
1396 5709 1506 5764 sibi
1554 5710 1663 5779 ipsi
1707 5705 2010 5780 (quatuor,
2035 5717 2094 5764 ut

2202 5349 2308 5404 sibi
2336 5348 2444 5419 ipsi
2471 5364 2505 5402 a
2533 5347 2659 5418 Deo)
2692 5347 2837 5401 tanti
2861 5346 3082 5402 sceleris
3115 5355 3298 5403 reatus
3325 5363 3436 5403 non
3464 5355 3652 5419 posset
3680 5350 3856 5405 ablui.

2201 5422 2388 5490 Itaque
2443 5419 2600 5487 abiit,
2656 5419 2947 5489 pecuniam
2999 5420 3280 5490 refutauit,
3321 5419 3419 5474 hoc
3476 5423 3555 5474 est
3614 5426 3856 5477 contem-

2197 5494 2324 5574 ptus
2361 5491 2655 5574 avaritiam
2693 5505 2852 5544 suam
2900 5494 3065 5545 tanta
3113 5491 3411 5562 impietatis
3457 5495 3691 5547 auctori
3733 5508 3858 5564 pre-

2204 5565 2531 5761 migl)’
2577 5635 2694 5688 ant.
2745 5647 2876 5688 cum
2928 5647 3070 5689 mss.
3106 5632 3247 5690 Vict.
3280 5635 3336 5689 et
3379 5630 3566 5698 Colb.,
3606 5633 3859 5707 deceptus

2204 5721 2313 5761 non
2345 5721 2457 5761 esse
2485 5746 2496 5760 .

2202 5721 2313 5763 non
2345 5721 2496 5762 εδδθι.
