4078 6196
276 371 428 436 1117

1308 367 1764 434 ENARRATIO
1806 366 1886 430 ΙΝ
1929 364 2315 451 PSALMUM’
2354 360 2623 430 XXXIX.

3519 363 3711 432 INB’

272 505 562 565 Dominus
591 505 691 581 qui
722 510 862 565 sunt
881 503 1202 580 ipsius.Ille
1232 521 1436 562 omnes
1457 520 1595 561 suos
1617 500 1740 559 vult
1762 518 1912 566 esse,
1944 500 1997 568 Α
2029 498 2169 573 cipit
2195 515 2477 557 sensuum
2509 498 2660 573 (12);
2693 498 2765 557 de
2794 514 2911 573 quo
2941 496 3122 558 Isaias
3152 498 3296 557 dixit
3323 517 3381 559 :«
3416 501 3482 559 In
3517 508 3678 561 utero

275 613 424 671 quos
454 596 712 654 condidit
741 601 797 654 et
825 597 1056 653 creavit.
1085 596 1340 663 Utinam,
1371 598 1435 651 tu
1466 594 1661 661 homo,
1681 609 1795 649 non
1829 592 1916 646 I'u-

272 688 486 759 gias,et
514 693 567 743 te
600 686 723 758 ipse
754 704 787 743 a
816 686 1046 742 Christo
1078 702 1194 742 non
1227 682 1585 741 abscondas!
1620 680 1722 738 Ille
1742 680 1918 736 etiam

271 774 561 846 fugientes
587 775 850 847 requirit,
883 779 942 831 et
971 774 1346 831 absconditos
1378 790 1494 828 non
1536 770 1661 827 vult
1710 769 1919 842 perire,

270 862 371 918 sed
403 862 618 919 clamat
647 863 845 919 dicens
881 881 894 919 :
931 886 958 913 ‹‹
995 864 1203 932 Adam,
1254 861 1354 917 ubi
1402 860 1505 917 es?
1554 883 1583 911 »
1633 859 1753 915 Hoc
1809 862 1919 924 est,

269 950 469 1020 homo,
496 952 595 1008 ubi
627 953 731 1008 es?
766 953 880 1025 Ego
909 957 965 1009 te
995 952 1054 1008 in
1086 952 1308 1008 lumine
1339 950 1530 1022 posui,
1564 955 1626 1004 tu
1652 948 1920 1005 tenebras

274 1040 594 1113 requisisti.

342 1124 431 1184 2i.
466 1128 729 1200 Denique
762 1129 819 1185 in
852 1129 1143 1203 paradiso,
1176 1129 1276 1184 ubi
1326 1145 1557 1200 semper
1589 1126 1921 1183 matutinus

275 1221 398 1274 erat
426 1217 573 1283 dies,
602 1233 810 1289 vesper
840 1222 929 1274 est
972 1218 1194 1285 factus;
1241 1217 1521 1290 quoniam
1553 1215 1751 1272 omnia
1794 1230 1920 1286 pec-

274 1310 404 1362 cata
430 1306 738 1362 tenebrosa
784 1311 942 1363 sunt.
997 1307 1248 1379 Ideoque
1296 1306 1499 1371 habes,
1531 1304 1671 1376 quia
1718 1301 1920 1358 audie-

276 1398 413 1451 runt
439 1410 638 1451 vocem
669 1395 900 1451 Domini
931 1396 1032 1451 Dei
1061 1393 1496 1451 deambulantis
1518 1394 1590 1449 ad
1620 1407 1920 1465 vesperam

275 1485 336 1541 in
359 1484 632 1558 paradiso
663 1484 845 1554 (Ibid,
877 1484 954 1554 8).
988 1483 1177 1540 Simul
1222 1498 1505 1556 cognosce
1555 1481 1919 1554 mysterium.

277 1575 444 1631 Mane
473 1573 679 1629 errasti
713 1589 726 1628 :
761 1573 831 1629 ad
864 1589 1165 1645 vesperam
1215 1570 1577 1628 liberaberis.
1620 1570 1923 1635 Quomodo

279 1663 434 1720 enim
482 1678 743 1734 vespera,
777 1662 875 1716 ubi
906 1660 1168 1716 Christus
1213 1660 1343 1716 est?
1382 1660 1529 1714 Nam
1577 1658 1712 1714 licet
1755 1659 1923 1714 sedes

276 1753 404 1822 ejus
434 1767 612 1823 supra
643 1750 853 1806 caelum
884 1748 1182 1817 ccelorum,
1216 1752 1414 1804 tamen
1445 1747 1504 1803 in
1536 1747 1757 1802 sanctis
1798 1746 1924 1803 suis

276 1839 545 1896 Christus
602 1842 708 1894 est.
762 1838 1061 1902 Quomodo
1119 1853 1256 1909 ergo
1316 1852 1559 1908 vespera
1612 1834 1708 1890 ubi
1769 1835 1923 1890 Deus

276 1930 527 1996 est,eum
557 1925 712 1980 Deus
740 1924 839 1979 lux
868 1925 993 1980 sit?
1022 1925 1282 1995 Denique
1304 1922 1482 1979 Saulo
1506 1922 1565 1977 in
1589 1922 1798 1979 itinere
1827 1923 1926 1977 lux

278 2013 527 2082 refulsit,
581 2013 816 2085 quando
847 2013 897 2068 ei
927 2011 1195 2067 Christus
1242 2011 1518 2067 occurrit.
1553 2011 1717 2067 Unde
1746 2012 1921 2068 etiam

276 2101 500 2159 lumine
530 2100 629 2158 Dei
663 2100 1262 2174 refulgente,caacatus
1283 2104 1637 2172 persecutor.
1658 2099 1773 2154 Cur
1789 2116 1924 2171 ergo

277 2196 554 2260 emeatus;
588 2190 703 2247 nisi
733 2192 871 2263 quia
912 2206 1027 2245 non
1073 2192 1385 2260 agnoverat
1412 2188 1749 2245 Christum?
1779 2189 1924 2244 Nam

279 2281 329 2337 si
358 2280 722 2353 cognovisset
748 2279 898 2335 lucis
927 2278 1366 2345 arbitrum,non
1399 2277 1697 2333 amisisset
1726 2277 1924 2332 lumen

279 2368 603 2425 oculorum.
635 2366 896 2438 Denique
942 2371 998 2423 et
1047 2365 1148 2422 ubi
1196 2366 1350 2423 866
1400 2366 1652 2438 agnovit,
1685 2364 1921 2437 recepit.

278 2456 500 2513 Indicio
531 2460 621 2513 est
649 2456 803 2528 quod
837 2473 950 2511 non
983 2454 1280 2528 agnoverit
1307 2455 1627 2519 Christum,
1669 2453 1770 2526 qui
1820 2471 1920 2509 au-

282 2546 405 2601 dita
444 2562 582 2602 voce
616 2564 628 2602 :
664 2568 690 2595 «
725 2544 918 2613 Saulo,
970 2543 1162 2613 Saule,
1213 2544 1354 2617 quid
1415 2561 1508 2600 me
1556 2544 1925 2616 persequeris

280 2636 420 2705 (Act.
456 2652 532 2703 1x,
566 2635 658 2704 4)?
691 2656 718 2684 n
752 2633 1054 2706 respondit
1084 2650 1097 2688 :
1134 2655 1161 2685 «
1192 2633 1333 2698 Quis
1383 2649 1467 2699 es,
1490 2631 1735 2689 Domine
1765 2631 1920 2703 (Ibid.

277 2723 379 2797 5)?
412 2746 439 2773 »
461 2724 584 2779 Non
610 2722 915 2795 quaesisset
944 2720 1078 2793 quis
1108 2720 1338 2789 esset,si
1369 2719 1925 2791 cognovisset.Unde

279 2817 337 2870 et
364 2813 649 2869 Dominus
673 2811 843 2883 quasi
874 2808 1171 2883 ignoranti
1200 2809 1342 2865 dicit
1374 2810 1554 2882 :«Ego
1586 2824 1719 2864 sum
1749 2808 1924 2864 Jesus

278 2902 631 2968 Nazarenus,
666 2917 840 2972 quem
872 2904 935 2954 tu
966 2899 1359 2971 persequeris.
1406 2898 1629 2953 Durum
1682 2897 1787 2952 tibi
1838 2902 1927 2953 est

279 2991 556 3047 adversus
608 2989 916 3045 stimulum
965 2987 1267 3043 calcitrare
1316 2987 1470 3060 (Ibid.
1503 2987 1603 3058 5.).
1639 3008 1665 3036 υ
1714 2987 1781 3041 Et
1828 2984 1925 3042 ille

278 3078 462 3136 dixit:
497 3102 526 3129 ‹‹
559 3078 861 3145 Dominus,
918 3076 1059 3148 quid
1115 3093 1206 3132 me
1253 3078 1481 3148 oportet
1527 3075 1712 3131 facere
1762 3074 1919 3143 (Ibid.

277 3168 394 3241 6.)?
424 3167 604 3223 »Vidc
634 3164 1014 3238 congruentia
1045 3164 1340 3236 utrimque
1372 3163 1924 3236 magisteria.Medi-

2030 589 2383 662 accepimus,
2465 595 2523 646 et
2600 588 3023 662 parturivimus
3116 589 3389 663 spiritum
3468 592 3678 650 salutis

2029 678 2344 750 (Isa.xxv1,
2386 680 2489 747 18).
2548 700 2574 727 ››
2625 678 2742 734 Ηοο
2800 681 2965 734 utero
3010 679 3321 751 parturivit
3352 682 3409 734 et
3436 680 3681 750 Paulus,

2030 765 2129 837 qui
2162 765 2241 820 ait
2275 783 2286 821 :
2324 789 2351 815 «
2388 764 2576 821 Filioli
2623 765 2759 834 mei,
2803 781 2953 837 quos
3013 782 3118 838 ego
3181 766 3441 838 parturio
3498 767 3682 824 donec

2029 854 2315 910 formetur
2355 853 2628 910 Christus
2676 854 2735 908 in
2766 853 2931 911 vobis
2962 853 3161 924 (Galat.
3198 872 3272 921 1v,
3306 855 3417 927 I9).
3452 877 3480 906 η
3515 856 3680 912 Chri-

2031 946 2157 999 stus
2185 958 2321 1013 ergo
2372 958 2485 998 non
2538 943 2597 997 in
2648 948 2845 998 ventre
2877 960 3174 1015 corporeo,
3210 945 3311 1000 sed
3362 943 3422 1000 in
3472 945 3679 1001 anime

2031 1032 2285 1105 quodam
2336 1035 2535 1087 ventre
2594 1032 2899 1087 formatur.
2950 1031 3067 1087 Hoc
3115 1036 3314 1088 ventre
3368 1033 3682 1105 Apostolus

2030 1120 2253 1193 genuit,
2286 1119 2440 1175 sicut
2470 1120 2753 1191 scriptum
2800 1123 2888 1175 est
2923 1137 2936 1174 :
2971 1142 2998 1169 ‹‹
3031 1121 3148 1191 Ego
3195 1137 3298 1176 vos
3342 1137 3447 1193 per
3494 1121 3683 1177 Evan-

2030 1209 2249 1283 gelium
2299 1210 2473 1282 genui
2508 1210 2554 1279 (I
2578 1209 2696 1265 Cor.
2733 1226 2806 1276 1v,
2841 1209 2951 1281 15).
2989 1231 3017 1258 ››
3065 1209 3196 1265 Ideo
3245 1209 3342 1265 alii
3387 1210 3532 1267 bene
3579 1210 3685 1268 ha-

2031 1297 2172 1351 bent
2202 1312 2248 1349 ει
2284 1300 2347 1350 In
2383 1296 2573 1352 medio
2605 1296 2824 1365 cordis;
2862 1296 2991 1351 nalii
3017 1313 3066 1350 :«
3105 1297 3163 1352 In
3195 1297 3386 1355 medio
3404 1298 3681 1367 ventris;»

2034 1388 2099 1439 ut
2152 1383 2451 1440 interioris
2507 1384 2766 1440 hominis
2822 1390 3082 1441 ventrem
3138 1386 3454 1459 intelligas,
3494 1388 3681 1461 quiin

2033 1473 2224 1529 medio
2272 1491 2400 1530 esse
2445 1474 2636 1530 cordis
2684 1474 2968 1547 accipitur
3001 1491 3013 1529 :
3051 1476 3107 1529 in
3143 1493 3256 1547 quo
3287 1476 3576 1533 naturalis
3602 1476 3682 1533 le-

2031 1562 2122 1635 gis
2152 1562 2491 1635 priescripta
2521 1580 2860 1632 servamus;
2897 1580 3023 1635 quae
3050 1581 3164 1620 non
3196 1565 3390 1621 solum
3422 1567 3683 1623 custodi-

2030 1655 2148 1718 tur,
2182 1651 2491 1722 sedfetiam
2539 1652 2708 1706 ﬂt.in
2759 1652 3036 1708 cordibus
3080 1654 3317 1710 nostris.
3351 1653 3515 1710 Unde
3547 1656 3685 1711 scri-

2032 1744 2200 1811 ptum
2230 1744 2339 1810 est,
2373 1740 2512 1812 quia
2543 1762 2570 1789 «
2605 1757 2721 1794 non
2772 1740 2962 1796 solum
3016 1742 3312 1798 auditores
3350 1742 3495 1817 legis
3534 1744 3684 1815 justi

2034 1833 2173 1883 sunt
2202 1829 2355 1900 apud
2389 1828 2604 1896 Deum;
2639 1829 2738 1884 sed
2767 1828 2942 1884 etiam
2996 1829 3242 1886 factores
3273 1829 3418 1904 legis
3449 1832 3561 1904 (13)
3586 1834 3685 1904 ju-

2037 1916 2450 1973 stiﬂcabuntur
2477 1917 2651 1989 (Rom.
2686 1934 2746 1979 11,
2784 1919 2892 1988 13).
2928 1938 2955 1967 »
2991 1919 3139 1973 Sunt
3161 1919 3319 1974 enim
3370 1919 3471 1992 qui
3511 1925 3683 1977 natu-

2035 2004 2237 2061 raliter
2261 2022 2327 2061 ea
2348 2023 2476 2078 quae
2509 2006 2655 2079 legis
2678 2011 2837 2073 sunt,
2865 2006 3114 2075 faciunt;
3148 2006 3301 2063 sicut
3328 2012 3533 2080 gentes
3559 2026 3685 2082 qua;

2034 2093 2224 2165 legem
2256 2111 2371 2149 non
2403 2095 2653 2151 audiunt
2677 2100 2732 2152 et
2762 2095 2869 2151 sibi
2906 2095 2997 2151 lex
3026 2097 3294 2168 sunt,qui
3316 2097 3550 2170 cognita
3570 2097 3684 2155 sibi

2035 2181 2180 2254 legis
2211 2188 2496 2255 praecepta
2528 2188 2874 2240 conservant
2903 2185 3034 2254 (14).
3069 2184 3217 2257 Ergo
3249 2186 3417 2257 quasi
3449 2186 3684 2258 gentilis

2036 2270 2232 2344 populi
2265 2278 2985 2345 congregator,personsm
3009 2278 3272 2329 nostram
3294 2275 3555 2347 suscepit
3574 2275 3685 2333 hoc

2034 2358 2159 2416 loco
2192 2360 2492 2428 Christus;
2529 2365 2593 2416 ut
2622 2362 2841 2417 diceret
2872 2363 3058 2417 facere
3089 2379 3150 2418 se
3182 2361 3369 2434 legem
3399 2363 3459 2419 in
3491 2365 3683 2421 medio

2034 2448 2223 2504 cordis
2254 2448 2671 2521 sui.Siquidem
2696 2449 2947 2522 populus
2966 2451 3270 2507 nationum
3291 2450 3481 2525 legem
3504 2468 3680 2525 quam

2036 2554 2151 2593 non
2218 2538 2460 2606 audivit,
2513 2537 2805 2610 implevit;
2856 2544 2922 2594 ut
2976 2544 3316 2612 agnosceret
3381 2541 3682 2598 Christum

2035 2642 2209 2698 quem
2244 2625 2494 2699 populus
2522 2626 2856 2682 Iudaeorum
2890 2627 2987 2698 qui
3012 2627 3198 2701 legem
3231 2634 3680 2701 acceperat,non

2036 2714 2268 2786 recepit,
2299 2732 2403 2770 nec
2431 2716 2898 2788 cognoscendum
2933 2717 3192 2788 putavit;
3227 2717 3366 2789 quia
3395 2720 3681 2791 scriptum

2034 2804 2124 2858 est
2156 2820 2168 2857 :
2203 2826 2230 2853 «
2263 2804 2511 2876 Agnovit
2559 2804 2665 2860 bos
2712 2821 3108 2876 possessorem
3154 2822 3350 2875 suum,
3384 2810 3441 2863 et
3479 2808 3682 2865 asinus

2035 2908 2289 2964 praesepe
2318 2892 2539 2948 domini
2567 2893 2657 2948 sui
2692 2909 2707 2949 :
2743 2893 2915 2949 Israel
2968 2898 3165 2949 autem
3198 2911 3288 2951 me
3318 2912 3435 2951 non
3467 2912 3680 2970 cogno-

2034 2980 2113 3035 vit
2160 2981 2285 3052 (Isa.
2320 2999 2359 3052 1,
2392 2982 2467 3051 3).
2506 3004 2532 3031 ››
2565 2981 2669 3037 Hic
2727 2999 2863 3055 ergo
2908 2982 3271 3039 credentium
3317 2989 3518 3041 venter
3566 2990 3680 3057 est,

2032 3068 2089 3123 in
2124 3085 2240 3141 quo
2270 3070 2526 3142 Spiritus
2558 3074 2797 3127 sanctus
2823 3074 3097 3143 operatus
3129 3075 3303 3139 est,et
3331 3088 3467 3128 eum
3499 3073 3676 3130 semi-

2033 3173 2105 3213 ne
2132 3156 2377 3229 spiritali
2414 3157 2655 3232 implere
2689 3158 3025 3227 consuevit;
3061 3158 3213 3214 sicut
3237 3159 3589 3217 testificatur
3617 3161 3677 3216 in

280 3235 384 3313 cus
416 3256 692 3321 minatur,
723 3235 788 3308 u—t
831 3252 1118 3323 corrigat;
1168 3235 1365 3315 terret,
1420 3235 1494 3306 uti
1530 3256 1694 3307 curet
1727 3269 1739 3306 :
1776 3269 1925 3325 aeger
1954 3235 1997 3302 C
2033 3244 2345 3319 Evangelio
2375 3247 2659 3302 Dominus
2687 3247 2880 3317 Jesus,
2916 3246 3014 3319 qui
3046 3247 3124 3302 ait
3158 3265 3171 3302 :
3208 3270 3235 3298 «
3268 3248 3374 3312 Qui
3406 3249 3590 3305 credit
3617 3236 3677 3305 in

282 3345 470 3417 primo
503 3341 712 3398 medici
763 3355 1073 3412 personam
1120 3338 1386 3409 requirit,
1419 3339 1468 3392 si
1502 3340 1581 3394 sit
1609 3340 1855 3395 idoneus
1893 3359 1927 3396 a

283 3450 397 3506 quo
446 3429 641 3489 sanari
673 3446 734 3485 se
763 3443 934 3501 posse
958 3430 1304 3500 praesumat;
1349 3425 1448 3481 ubi
1494 3427 1798 3482 medicinae
1821 3445 1923 3482 au-

278 3520 429 3578 divit
458 3522 776 3588 auctorem,
813 3516 1131 3572 remedium
1163 3513 1449 3587 poposcit,
1483 3513 1729 3570 salutem
1767 3514 1924 3571 inve-

279 3611 387 3666 nit.
415 3607 674 3678 Denique
703 3606 775 3662 ab
806 3605 1115 3661 accedente
1145 3621 1258 3659 non
1293 3602 1484 3659 solum
1516 3602 1738 3675 expulit
1767 3604 1927 3659 caeci-

278 3703 459 3754 tatem
492 3696 605 3767 (10)
639 3712 653 3752 :
685 3694 787 3750 sed
817 3693 995 3750 etiam
1025 3693 1217 3749 lucem
1249 3709 1425 3765 quam
1460 3709 1574 3747 non
1614 3692 1920 3762 habuerat,

276 3785 532 3858 accepit;
568 3787 631 3840 ut
659 3782 956 3839 Christum
986 3781 1225 3849 videret,
1261 3797 1433 3854 quem
1466 3785 1636 3836 antea
1682 3797 1795 3836 non
1842 3782 1922 3835 vi-

273 3875 459 3931 derat.

340 3964 431 4018 22.
488 3961 670 4035 (Vers.
734 3961 819 4030 10,
881 3962 993 4035 Il.)
1060 3959 1171 4015 Sed
1237 3959 1544 4015 videamus
1616 3958 1919 4030 sequentia

266 4032 510 4124 repetito
538 4055 735 4106 tamen
765 4032 1073 4117 versiculo,
1106 4048 1176 4103 de
1205 4064 1320 4120 quo
1351 4048 1580 4104 videtur
1626 4063 1754 4103 esse
1801 4052 1915 4103 tra-

266 4144 459 4197 ctatus
487 4140 598 4212 (11)
633 4156 645 4192 :
683 4138 887 4194 «Ecce
931 4137 1121 4207 venio,
1180 4140 1245 4191 ut
1296 4134 1503 4192 faciam
1555 4134 1914 4192 voluntatem

263 4234 429 4287 tuam
462 4246 476 4287 :
510 4229 663 4285 Deus
693 4244 880 4297 meus,
912 4225 1089 4293 volui,
1122 4229 1179 4281 et
1207 4224 1395 4298 legem
1426 4230 1588 4281 tuam
1617 4225 1679 4281 in
1720 4226 1913 4282 medio

263 4318 456 4375 cordis
486 4317 620 4374 mei.
656 4316 808 4372 Bene
838 4315 1104 4371 nuntiavi
1144 4313 1440 4386 justitiam
1489 4318 1652 4369 tuam
1694 4313 1757 4369 in
1807 4314 1907 4370 Ec-

263 4407 442 4465 clesia
496 4421 713 4479 magna
755 4421 767 4460 :
818 4420 949 4460 ecce
1006 4403 1161 4458 labia
1216 4418 1347 4457 mea
1393 4418 1507 4457 non
1565 4401 1908 4473 prohibebo,

260 4496 527 4564 Domine,
561 4499 625 4550 tu
653 4490 1298 4566 eognovisti.Justitiam
1331 4495 1493 4546 tuam
1525 4507 1639 4546 non
1665 4490 1908 4546 abscon~

2036 3350 2148 3403 me,
2201 3336 2357 3391 sicut
2404 3336 2547 3391 dicit
2591 3336 2911 3408 Scriptura,
2946 3335 3191 3391 ﬂumina
3220 3336 3291 3392 de
3322 3342 3519 3394 ventre
3549 3340 3679 3410 ejus

2035 3422 2217 3478 ﬂuent
2237 3440 2400 3495 aqua)
2429 3425 2568 3480 vivae
2600 3426 2773 3495 (Joan.
2825 3443 2923 3493 vn,
2976 3424 3089 3496 38).
3129 3447 3155 3474 »
3186 3426 3267 3481 Ex
3303 3425 3403 3482 illo
3434 3426 3677 3484 ﬂumine

2035 3509 2151 3564 ista
2180 3516 2320 3566 sunt
2350 3513 2691 3581 ﬂumina,de
2722 3530 2837 3585 quo
2870 3512 3122 3585 legimus
3155 3532 3168 3570 :
3201 3536 3229 3564 «
3262 3514 3552 3571 Fluminis
3574 3516 3677 3571 im-

2033 3602 2202 3669 petus
2232 3597 2489 3654 laetiﬁcat
2519 3600 2805 3655 civitatem
2859 3602 2957 3656 Dei
3008 3604 3179 3672 (Psal.
3228 3620 3355 3673 XLV,
3385 3606 3463 3677 5).
3520 3627 3547 3654 »
3596 3605 3677 3660 De

2032 3687 2249 3759 quibus
2277 3703 2412 3759 ergo
2444 3688 2635 3742 ﬂuunt
2680 3687 3018 3758 huiusmodi
3074 3690 3319 3747 ﬂumina
3361 3693 3672 3766 spiritalia,

2031 3776 2177 3833 867
2231 3777 2304 3832 de
2355 3776 2446 3831 his
2493 3775 2641 3832 bene
2681 3776 2896 3831 dicitur
2951 3778 3120 3848 (Psal.
3181 3797 3321 3848 xcu,
3364 3786 3401 3836 2
3446 3786 3504 3837 et
3550 3783 3604 3853 4)
3659 3799 3671 3839 :

2029 3890 2056 3916 ‹‹
2088 3865 2467 3922 Elevaverunt
2497 3864 2760 3931 ﬂumina,
2794 3863 3058 3931 Domine,
3090 3865 3459 3924 elevaveruut
3478 3868 3672 3924 ﬂumi-

2028 3971 2105 4010 na
2132 3969 2330 4011 vocem
2362 3970 2552 4010 suam.
2585 3952 2905 4008 Elevabuut
2934 3952 3180 4009 ﬂumina
3207 3954 3418 4011 ﬂuctus
3464 3972 3604 4013 suos
3642 3974 3676 4012 a

2024 4059 2164 4099 voce
2210 4058 2520 4115 aquarum,
2575 4063 2602 4092 ››
2650 4040 3031 4114 spiritalium,
3079 4058 3206 4113 quae
3260 4059 3442 4116 supra
3497 4047 3673 4103 ccelos

2024 4132 2209 4188 Deum
2238 4130 2503 4187 laudant.

2089 4223 2180 4277 23.
2216 4221 2323 4286 Qui
2355 4219 2658 4277 elevaverit
2687 4236 2885 4276 vocem
2917 4235 3108 4289 suam,
3142 4219 3237 4276 hic
3288 4226 3480 4294 potest
3523 4222 3673 4281 dice-

2021 4326 2127 4366 re:
2183 4330 2212 4360 «
2260 4310 2411 4364 Bene
2459 4307 3070 4377 nuntiavitjustitiam
3101 4312 3264 4364 tuam
3309 4309 3369 4365 in
3418 4310 3672 4369 Ecclesia

2020 4414 2251 4471 magna.
2283 4416 2308 4447 η
2347 4396 2494 4462 Quid
2525 4399 2613 4452 est
2643 4396 2797 4467 quod
2829 4395 3076 4466 addidit,
3108 4413 3342 4468 magna;
3374 4399 3489 4456 nisi
3533 4401 3671 4474 quia

2018 4487 2129 4542 fuit
2158 4490 2292 4542 ante
2323 4503 2437 4541 non
2469 4487 2723 4557 magna?
2753 4485 2887 4550 Quae
2918 4489 3009 4541 est
3040 4501 3273 4558 magna,
3309 4488 3424 4544 nisi
3465 4488 3537 4544 de
3583 4494 3670 4545 to-
3728 4498 3740 4509 '

258 4585 319 4642 di
349 4585 408 4640 in
437 4584 610 4642 corde
654 4600 804 4639 meo.
842 4604 870 4632 »
901 4581 983 4637 De
1030 4578 1332 4652 superiore
1379 4577 1577 4650 itaque
1622 4578 1907 4636 versiculo
1938 4598 1986 4662 Β
2018 4575 2136 4631 tius
2177 4573 2335 4630 orbis
2361 4577 2650 4629 terrarum
2699 4572 2965 4646 partibus
3006 4579 3394 4649 congregata;
3428 4579 3664 4650 quando

256 4674 646 4748 intelligimus
673 4690 686 4728 :
715 4673 858 4728 Ecce
886 4670 1053 4727 venio
1085 4686 1200 4725 non
1231 4665 1422 4724 solum
1453 4673 1518 4722 ut
1545 4666 1901 4724 voluntatem

256 4767 422 4820 tuam
475 4763 712 4829 faciam,
757 4761 858 4817 sed
907 4758 1083 4815 etiam
1140 4757 1329 4831 legem
1377 4759 1541 4812 tuam
1598 4756 1657 4811 in
1713 4757 1903 4813 medio

252 4851 448 4909 cordis
506 4851 640 4908 mei.
698 4849 809 4906 Alii
867 4849 1087 4906 habent
1142 4863 1156 4901 :
1230 4868 1259 4895 ‹‹
1319 4846 1380 4900 In
1439 4843 1630 4901 medio
1685 4845 1904 4902 ventris

251 4941 391 4998 mei.
418 4963 446 4992 »
478 4941 576 4997 Est
604 4939 757 4996 enim
791 4942 989 4997 venter
1018 4940 1076 4993 et
1104 4934 1339 5001 mentis,
1373 4933 1471 5006 qui
1504 4933 1730 4990 semina
1768 4951 1900 4990 con-

248 5195 271 5247 ι
322 5120 433 5193 (10)
460 5117 738 5176 Nonnulli
796 5133 964 5187 mss.,
1023 5114 1356 5171 accedentem
1410 5115 1623 5186 expulit
1679 5114 1896 5171 caecita-

274 5208 383 5247 em.

274 5208 383 5247 em.

2018 4664 2091 4719 ab
2118 4664 2339 4718 oriente
2367 4666 2423 4718 et
2451 4660 2767 4729 occidente,
2791 4662 3188 4735 septentrione
3218 4669 3277 4720 et
3307 4666 3549 4722 meridie
3572 4684 3668 4738 po-

2016 4751 2138 4823 puli
2187 4751 2449 4823 gentium
2498 4755 2636 4807 sunt
2679 4750 2910 4807 vocati?
2962 4752 3114 4808 Alibi
3163 4757 3362 4809 tamen
3417 4753 3667 4826 legimus

2015 4856 2286 4913 magnam
2314 4838 2631 4896 Eeelesiam
2665 4856 2677 4895 :
2712 4862 2739 4889 ‹‹
2773 4838 3103 4896 Conﬂtebor
3148 4840 3274 4908 tibi,
3307 4840 3572 4909 Domine,
3603 4841 3660 4897 in

2014 4928 2268 4985 Ecclesia
2323 4945 2536 5002 magna
2596 4945 2608 4984 :
2672 4928 2728 4983 in
2790 4927 3004 5000 populo
3068 4929 3229 5000 gravi
3301 4926 3552 4985 laudabo
3605 4934 3661 4985 te

2009 5110 2067 5165 ni
2097 5109 2349 5164 adventu
2381 5107 2773 5163 afﬁrmaverat
2802 5103 3167 5160 Ambrosius.

2078 5181 2189 5251 (I2)
2216 5180 2342 5235 Vat.
2375 5180 2530 5245 cod.,
2561 5180 2657 5248 qui
2687 5177 2893 5251 semine
2914 5177 3451 5251 concipitspiritum.
3472 5176 3650 5251 _Rom.

318 5262 431 5334 (11)
462 5262 603 5317 Mss.
637 5260 883 5334 aliquot,
916 5258 982 5312 de
1014 5256 1119 5334 duo
1149 5255 1364 5334 uidetur
1406 5272 1517 5310 esse
1564 5264 1855 5334 tractatum
1874 5272 1894 5334 ,_'
2005 5246 2300 5334 edit.,hqui
2321 5252 2535 5334 semine
2564 5246 2715 5334 berbi
2740 5248 2974 5318 concipit
3001 5246 3487 5319 spiritumCzeteri
3508 5264 3652 5304 mss.

241 5322 443 5399 id‘est',
478 5333 579 5404 qui
608 5322 811 5404 versus
846 5331 972 5401 jam
1022 5327 1253 5404 videtur
1295 5342 1424 5404 esse
1472 5326 1805 5404 expositus;
1839 5330 1896 5382 et
2004 5322 2341 5404 aceditLut
2370 5322 2428 5375 in
2459 5323 2754 5404 contextu.
2836 5387 2849 5404 '
2931 5388 2940 5398 ‘

240 5387 869 5473 certe’multa’jamin"
883 5415 1017 5456 eum
1049 5398 1362 5473 dictasunt
1383 5396 1442 5451 in
1467 5387 1887 5473 superioribus.
2074 5396 2189 5473 (μᾷ)
2222 5394 2413 5473 Bom,
2444 5390 2536 5473 {ad
2564 5393 2799 5473 factores.
2828 5387 2985 5471 tegis:

239 5459 455 5530 Melius
486 5459 683 5529 tamen
742 5472 862 5538 alii,
910 5474 1085 5541 atque
1136 5468 1369 5541 edit.,...
1419 5459 1839 5524 esse'tractatus
1868 5486 1890 5522 .·
2039 5459 2185 5541 --(14)
2217 5464 2403 5541 deex
2445 5459 2612 5541 Reg.,
2646 5468 2697 5516 et
2725 5459 2854 5541 sibi,
2887 5462 3019 5541 quia
3042 5475 3253 5541 ἐτριηο
3281 5464 3407 5541 ,ςῃηί
3435 5464 3655 5541 cognife

234 5550 362 5601 Hoc
393 5544 607 5615 est,qui
641 5532 869 5615 videtur
899 5532 1026 5597 esse
1051 5540 1245 5615 hujus
1260 5532 1543 5615 tractatus
1575 5556 1887 5615 argumen-
1998 5532 2131 5615 sibi
2165 5532 2298 5604 legis
2343 5538 2645 5615 praecepta,
2677 5532 2985 5612 co_n/'erunt.
3037 5532 3152 5615 Cui.
3191 5532 3505 5588 coneinunt
3553 5532 3652 5615 alii

236 5622 388 5673 tum.
421 5602 686 5686 Namque
716 5614 788 5669 ab
835 5615 968 5686 ipso
1005 5602 1391 5686 expdsitionis
1434 5610 1606 5686 istius
1642 5602 1888 5686 ‘exordio
1996 5602 2270 5686 quatuor,
2308 5602 2693 5686 praeterquam
2732 5602 2789 5655 in
2825 5618 2963 5657 voce
2993 5605 3227 5675 cognita,
3262 5621 3366 5677 pro
3396 5621 3515 5676 qua
3553 5605 3653 5660 ha-

236 5688 398 5745 hunc
429 5677 723 5760 psalmum
757 5677 972 5741 versari
1004 5677 1433 5755 in'explicando
1455 5682 1667 5739 Christi
1698 5683 1888 5738 Domi-
1996 5677 2137 5735 bent
2166 5677 2463 5748 incognita.
