4146 6190
483 345 647 423 tua

1952 357 2019 423 S.
2066 353 2443 426 AMBROSII

3746 339 3885 428 mo

467 493 660 570 (Ρται.
697 499 886 560 xxxiv,
921 491 1027 565 18).
1065 513 1094 543 ‹‹
1123 489 1207 551 Ibi
1257 495 1392 568 ergo
1440 487 1702 550 Ecclesia
1749 507 1986 566 magna,
2032 488 2138 549 ubi
2167 497 2220 564 Α
2252 509 2368 553 non
2400 493 2680 553 abscondi
2727 489 2788 552 in
2837 491 3010 553 corde
3056 509 3186 553 meo
3239 509 3254 552 :
3293 491 3598 553 veritatem
3629 493 3810 564 tuam,
3837 501 3884 554 et

482 581 734 656 populus
763 582 988 656 gravis;
1025 583 1134 638 hoc
1164 587 1273 654 est,
1305 599 1421 639 non
1454 582 1753 656 inquietus
1780 586 1836 639 et
1867 581 2126 650 mobilis,

485 671 584 744 qui
619 670 770 728 sedit
799 671 1154 728 manducare
1185 675 1242 728 et
1272 673 1489 738 bibere,
1522 675 1578 727 et
1609 672 1860 727 surrexit
1902 671 2124 726 ludere.

483 761 689 818 Gravis
721 761 970 834 populus
1019 767 1108 816 est
1160 761 1257 832 qui
1310 762 1483 817 ﬁdem
1535 765 1648 816 Deo
1692 777 1798 816 suo
1831 766 2039 827 servat,
2074 763 2131 813 et

484 852 585 923 qui
619 869 734 907 non
767 849 963 922 aliqua
1010 849 1239 905 levitate
1298 854 1557 904 mutetur
1590 867 1602 904 :
1636 866 1821 921 neque
1865 853 2029 904 nutet
2074 853 2130 903 et

483 939 744 1006 ﬂuctuet,
776 939 876 995 sed
907 939 1186 994 charitate
1232 939 1307 994 sit
1356 940 1634 994 fundatus
1665 938 1723 993 in
1757 937 2004 1006 Christo,
2067 942 2130 991 ut

482 1028 669 1101 possit
699 1027 888 1083 dicere
922 1045 934 1082 :
970 1028 1209 1083 Conﬁdo
1241 1029 1418 1095 enim,
1452 1029 1591 1100 quia
1621 1044 1810 1098 neque
1844 1042 2127 1093 mors,ne-

483 1133 596 1189 quc
632 1113 884 1190 gladius,
917 1133 1106 1188 neque
1146 1117 1442 1172 tribulatio
1491 1133 1761 1188 separare
1805 1133 1896 1170 me
1947 1115 2132 1186 possit

480 1219 514 1262 a
543 1205 824 1262 charitate
851 1205 974 1271 Dei,
1009 1223 1135 1277 qua:
1169 1212 1255 1261 est
1287 1206 1343 1260 in
1376 1206 1602 1261 Christo
1629 1206 1768 1260 Jesu
1797 1206 1969 1275 (Rom.
2003 1221 2125 1268 vm,

480 1297 569 1359 38,
595 1295 706 1368 39).

550 1383 639 1439 24.
674 1377 782 1448 Οιιί
815 1388 1007 1439 autem
1043 1383 1317 1454 praedicat
1347 1383 1405 1438 in
1439 1382 1693 1438 Ecclesia
1738 1397 1970 1452 magna,
2006 1395 2120 1433 non

482 1473 792 1529 abscondit
822 1473 1118 1544 justitiam
1152 1471 1249 1527 Dei
1297 1472 1354 1526 in
1406 1473 1575 1527 corde
1607 1489 1748 1539 suo;
1783 1471 1884 1525 sed
1916 1466 2131 1524 exaltat

478 1561 704 1617 viribus
752 1575 950 1616 vocem
1012 1577 1202 1627 suam,
1255 1561 1614 1616 annuntians
1647 1560 1965 1615 Christum.
2001 1557 2126 1611 Non

479 1651 646 1706 timet
676 1665 811 1706 eum
843 1666 1036 1705 coram
1070 1649 1284 1722 populo
1317 1650 1648 1720 praedicare,
1684 1665 1798 1704 non
1842 1645 2134 1702 erubescit

482 1753 713 1795 crucem
745 1739 892 1809 ejus,
928 1739 1029 1793 sed
1061 1738 1347 1810 gloriatur
1395 1739 1454 1792 in
1502 1737 1604 1793 illa
1646 1736 1876 1792 Domini
1908 1733 2130 1807 passio-

481 1845 573 1884 ne.
607 1827 732 1882 Non
764 1826 1032 1898 sequitur
1062 1826 1313 1881 litteram
1347 1826 1512 1898 legis,
1547 1827 1647 1881 sed
1699 1826 1852 1880 eruit
1893 1823 2133 1897 profun-

482 1915 558 1972 da
588 1914 885 1988 mysteria,
910 1915 1128 1987 quibus
1159 1914 1371 1971 revelet
1403 1915 1630 1970 Domini
1659 1911 1798 1969 Jesu
1833 1912 2079 1986 gloriam
2119 1926 2130 1963 :

483 2019 657 2078 quem
688 2003 781 2060 lex
811 2004 1161 2076 signiﬁcavit
1190 2018 1317 2060 esse
1350 2009 1662 2059 venturum
1688 2003 1760 2058 ad
1791 2001 2132 2070 Ecclesiam,

483 2093 636 2151 808
666 2109 794 2165 qua:
843 2105 1058 2166 magna
1094 2097 1183 2149 est
1229 2094 1657 2164 congreganda.
1689 2091 1927 2147 Justitia
1956 2091 2137 2165 igitur

480 2179 626 2239 ﬁdes
658 2184 765 2238 est.
794 2175 1054 2253 Denique
1085 2205 1112 2230 ‹‹
1147 2181 1391 2237 credidit
1439 2181 1736 2236 Abraham
1787 2181 1922 2248 Deo,
1957 2186 2013 2236 et
2043 2197 2136 2237 re-

481 2275 753 2344 putatum
786 2273 875 2326 est
903 2272 951 2326 ei
986 2271 1055 2325 ad
1080 2271 1379 2341 justitiam
1404 2270 1785 2342 (Gen.xv,6).»
1808 2271 1949 2325 Ecce
1979 2269 2138 2326 labia

483 2375 615 2416 mea
643 2375 756 2416 non
786 2359 1126 2432 prohibebo,
1158 2359 1423 2424 Domine,
1457 2362 1520 2412 tu
1572 2358 1913 2431 cognovisti.
1966 2381 1993 2409 »
2043 2360 2137 2415 Sic

484 2453 540 2505 et
570 2446 707 2504 alibi
745 2466 758 2504 :
791 2471 817 2498 ‹‹
850 2447 930 2504 Tu
967 2447 1286 2519 cognovisti
1319 2447 1642 2502 sessionem
1692 2463 1882 2502 meam
1937 2453 1995 2504 et
2044 2463 2132 2504 re-

481 2537 905 2594 surrectionem
939 2553 1130 2593 meam
1161 2537 1342 2609 (Psal.
1372 2551 1640 2603 cxxxvm,
1671 2538 1749 2607 2).
1786 2559 1812 2585 »

552 2627 731 2682 25.Ad
762 2626 992 2682 Patrem
1023 2624 1160 2680 dicit
1191 2625 1359 2697 (Vere.
1399 2626 1484 2693 11)
1519 2642 1566 2681 ;‹‹
1599 2625 1908 2682 Justitiam
1944 2642 2134 2683 meam

754 2821 922 2878 Rom.
1003 2820 1166 2888 edit.,
1245 2821 1374 2876 Ecce
1447 2799 1780 2892 corpusi...”
1856 2822 2138 2892 perfecisti

482 2907 560 2950 me
607 2909 646 2948 ι.

542 2909 646 2950 τηι.

2237 584 2495 642 salutare
2547 590 2716 641 tuum
2767 583 2908 640 dixi.
2961 606 2989 634 ››
3037 586 3220 642 Totus
3265 601 3332 642 ex
3379 599 3638 658 persona
3688 584 3882 642 Christi

2237 674 2505 746 psalmus
2555 675 2662 730 iste
2723 678 2852 743 est;
2903 671 3034 730 ide’o
3075 673 3374 746 justitiam
3432 690 3629 730 meam
3692 675 3825 729 dicit
3869 693 3879 728 :

2234 764 2369 819 licet
2400 781 2513 818 non
2547 769 2888 837 arroganter
2925 767 2982 819 et
3023 757 3198 819 homo
3245 765 3435 836 possit
3485 763 3683 818 dicere
3717 764 3877 834 justi-

2235 854 2379 908 tiam
2429 871 2620 923 suam,
2672 853 2770 926 qui
2825 855 2937 908 Deo
2985 852 3188 920 credit,
3220 847 3278 908 et
3330 853 3507 909 ﬁdem
3560 869 3733 908 suam
3780 853 3876 908 sibi

2237 943 2493 1013 reputari
2528 943 2598 997 ad
2624 941 2919 1014 justitiam
2948 942 3276 997 confitetur.
3325 941 3642 997 Veritatem
3693 946 3749 996 et
3778 942 3877 996 mi-

2239 1030 2616 1086 sericordiam
2647 1030 2856 1103 diligit,
2891 1030 2990 1102 qui
3043 1031 3219 1085 finem
3263 1031 3542 1101 praedicat
3594 1046 3807 1095 veram,
3835 1037 3883 1085 et

2239 1124 2472 1192 peccata
2501 1120 2760 1175 dimittit.
2809 1119 2941 1175 Ideo
2989 1120 3147 1175 enim
3194 1118 3464 1176 Christus
3513 1119 3760 1185 advenit,
3821 1123 3879 1173 ut

2237 1208 2413 1264 {idem
2462 1205 2792 1278 statuerem
2814 1203 3223 1264 remissionem
3292 1207 3576 1262 tribueret
3631 1211 3884 1278 peccato-

2241 1315 2394 1352 rum.

2309 1388 2397 1441 26.
2461 1385 2647 1456 (Vers.
2702 1386 2809 1456 15.)
2861 1386 2929 1440 Et
2977 1385 3116 1458 quia
3163 1401 3231 1439 ex
3279 1401 3533 1456 persona
3584 1382 3890 1440 Salvatoris

2239 1475 2616 1542 totum,hunc
2648 1491 2778 1530 esse
2809 1474 3066 1529 diximus
3109 1472 3440 1545 psalmum;
3497 1488 3569 1527 ne
3622 1471 3769 1526 forte
3813 1473 3886 1526 di-

2241 1569 2375 1620 cant
2407 1561 2824 1636 apollinaristaa
2859 1579 2872 1618 :
2913 1585 2939 1611 «
2990 1563 3135 1618 Ecce
3184 1578 3418 1633 corpus,
3469 1560 3641 1626 dixit,
3688 1577 3887 1632 praepa-

2241 1651 2383 1707 rasti
2435 1652 2578 1706 mihi
2612 1651 2726 1723 (15)
2757 1651 2936 1723 (Hebr.
2977 1668 3032 1718 x,
3082 1651 3161 1722 5),
3209 1665 3321 1706 non
3376 1650 3558 1705 etiam
3605 1650 3886 1715 animam;

2243 1740 2486 1796 audiant
2515 1741 2575 1795 in
2618 1739 2992 1796 inferioribus
3043 1738 3284 1812 psalmis
3329 1739 3511 1810 hujus
3563 1736 3890 1794 dicentem:

2245 1853 2272 1879 «
2307 1829 2756 1884 Confundantur
2785 1833 2842 1884 et
2872 1832 3244 1884 revereantur
3273 1827 3474 1895 simul,
3500 1826 3606 1899 qui
3637 1833 3892 1899 quaerunt

2246 1917 2505 1973 animam
2539 1934 2752 1984 meam,
2786 1923 2854 1974 ut
2883 1918 3153 1974 auferant
3183 1933 3330 1972 eam.
3372 1939 3392 1964 ι

2316 2009 2404 2060 27.
2438 2007 2572 2063 Haec
2604 2011 2742 2062 sunt
2772 2015 2899 2077 quae
2931 2006 2990 2062 in
3020 2006 3128 2062 hoc
3160 2003 3388 2078 psalmo
3441 2001 3783 2059 difﬁciliora
3809 2020 3894 2058 ar-

2247 2095 2444 2151 bitrati
2477 2111 2685 2151 sumus
2720 2111 2732 2149 :
2769 2093 2995 2166 reliqua
3013 2093 3188 2166 plana
3219 2097 3276 2148 et
3303 2091 3520 2158 facilia,
3557 2108 3662 2147 nec
3709 2091 3898 2164 indiga

2247 2199 2375 2238 esse
2408 2181 2906 2256 interpretationis
2955 2182 3065 2253 (16)
3112 2178 3616 2248 existimavimus;
3667 2197 3800 2235 cum
3849 2180 3897 2235 si

2248 2272 2307 2327 in
2341 2272 2678 2328 Tractatum
2707 2270 2970 2328 incidant
2995 2273 3052 2327 in
3076 2269 3189 2327 alio
3222 2268 3450 2342 psalmo
3483 2270 3542 2325 in
3576 2285 3698 2342 quo
3716 2267 3899 2325 viden-

2247 2365 2344 2415 tur
2374 2377 2503 2416 esse
2534 2361 2794 2433 repetita,
2829 2359 3044 2415 rectius
3075 2375 3503 2432 prosequemur
3535 2358 3768 2414 favente
3809 2357 3902 2412 Do-

2247 2448 2407 2504 mino
2454 2447 2590 2504 Jesu
2628 2467 2640 2504 :
2675 2449 2767 2504 cui
2817 2452 2908 2504 est
2937 2447 3084 2514 laus,
3118 2447 3322 2515 honor,
3366 2446 3576 2520 gloria,
3613 2447 3900 2520 perpetui-

2246 2541 2338 2594 tas
2362 2554 2396 2593 a
2427 2537 2676 2605 seculis,
2711 2541 2764 2593 et
2796 2554 2954 2592 nunc
2981 2541 3037 2592 et
3067 2552 3318 2609 semper,
3349 2541 3407 2592 et
3455 2537 3518 2591 in
3569 2537 3778 2592 omnia
3807 2553 3897 2591 sa.-

2247 2625 2379 2682 cula
2409 2625 2776 2682 saculorum.
2811 2625 3017 2682 Amen.

2318 2820 2429 2891 (16)
2459 2819 2598 2875 Mss.
2630 2819 2778 2876 Vict.
2813 2823 2870 2875 et
2901 2821 3061 2878 Colb.
3111 2824 3285 2893 atque
3331 2819 3471 2876 edit.
3506 2824 3652 2877 vet..
3690 2837 3786 2876 nec
3820 2821 3905 2874 di-

2245 2909 2356 2961 gna
2387 2893 2855 2964 interpretationi:

1342 3264 1452 3350 IN
1521 3253 2072 3351 PSALMUM
2128 3263 2290 3348 XL
2349 3259 3043 3352 ENARRATIO.

556 3657 605 3712 1.
665 3655 847 3729 (Vere.
911 3657 987 3727 1.)
1045 3656 1202 3712 Bono
1260 3657 1484 3723 ordine,
1547 3657 1645 3728 qui
1706 3655 1766 3711 in
1827 3653 2130 3726 superiore
2160 3657 2202 3724 ο
2242 3669 2383 3708 num
2414 3656 2472 3708 et
2498 3667 2836 3725 pauperem.
2873 3674 2901 3703 »
2929 3652 3102 3724 Aperi
3131 3667 3306 3708 aures
3343 3656 3500 3718 tuas,
3535 3651 3640 3724 qui
3693 3649 3907 3722 incipis

483 3745 714 3802 Psalmo
764 3744 906 3801 dixit
956 3761 968 3800 :
1022 3768 1050 3794 «
1116 3745 1259 3800 Ecce
1309 3745 1475 3800 venio
1522 3746 1693 3812 (Psal.
1745 3759 1940 3807 xxxrx,
1965 3742 2058 3811 9);
2102 3761 2130 3789 »

482 3834 542 3890 in
598 3834 706 3890 hoc
752 3834 880 3905 jam
937 3835 1113 3902 venit,
1174 3837 1232 3889 et
1288 3833 1554 3905 patitur:
1588 3838 1644 3889 et
1686 3832 1816 3888 ideo
1875 3831 2132 3903 quadra-

481 3923 743 3996 gesimus
775 3923 1037 3995 psalmus
1064 3921 1573 3993 inscribitur,quia
1603 3921 1990 3994 quadraginta
2011 3923 2130 3980 die-

483 4013 594 4068 bus
635 4011 926 4084 jejunavit
977 4011 1255 4066 Dominus
1307 4011 1503 4074 Jesus,
1535 4013 1600 4064 ut
1629 4026 1694 4065 eo
1725 4027 1970 4066 numero
2001 4029 2134 4068 con-

483 4104 809 4157 summaret
865 4099 1121 4156 hominis
1197 4100 1295 4171 qui
1369 4099 1636 4171 perierat,
1698 4099 2129 4170 perfectionem.

483 4189 648 4246 Sicut
676 4188 831 4245 enim
864 4205 968 4261 per
996 4188 1390 4260 appetentiam
1423 4186 1715 4242 interdicti
1749 4188 1971 4244 fructus
1993 4191 2134 4245 ami-

484 4283 640 4336 serat
668 4278 939 4351 gratiam,
971 4277 1052 4332 ita
1101 4293 1201 4348 per
1239 4275 1539 4348 jejunium
1572 4277 1826 4348 reparari
1861 4278 1989 4348 ejus
2018 4279 2130 4332 vir-

483 4371 669 4422 tutem
726 4367 1017 4437 oportuit;
1043 4370 1107 4420 ut
1138 4365 1237 4437 qui
1269 4365 1520 4435 perierat
1545 4363 1602 4419 in
1622 4365 2131 4437 Adam,reparare-

484 4459 582 4510 tur
633 4455 692 4508 in
745 4453 1135 4510 Christo.ldeo
1165 4471 1324 4527 ergo,
1359 4477 1385 4504 ‹‹
1418 4453 1478 4508 in
1515 4454 1726 4520 finem;
1775 4474 1802 4505 ι)
1840 4454 1978 4526 quia
2008 4455 2133 4526 ipse

485 4543 620 4598 ﬁnis
650 4546 740 4598 est
766 4543 887 4614 spei
923 4545 1232 4610 nostraa,ad
1264 4543 1461 4614 ipsum
1489 4543 1686 4598 studia
1742 4548 1943 4598 nostra
1993 4543 2130 4598 diri-

483 4631 778 4706 gimus,ad
809 4631 1006 4703 ipsum
1037 4637 1166 4686 vota
1195 4636 1396 4687 nostra
1446 4630 1986 4703 conferimus;quia
2007 4633 2131 4703 ipse

482 4725 570 4778 est
601 4718 922 4793 plenitudo,
955 4719 1082 4792 ipse
1107 4727 1196 4775 est
1227 4720 1657 4776 consummatio
1699 4720 2127 4789 universorum,

482 4810 608 4883 ipse
638 4808 905 4865 omnium
958 4823 1193 4864 summa
1242 4808 1547 4863 virtutum.
1586 4809 1739 4875 Ideo,
1775 4811 1882 4880 ipsi
1915 4810 2130 4872 David;

482 4898 652 4970 quasi
682 4897 735 4953 ei
767 4897 868 4970 qui
901 4896 1063 4953 solus
1095 4915 1163 4952 ex
1191 4895 1467 4952 omnibus
1498 4897 1555 4951 in
1588 4914 1696 4954 sua
1725 4915 1899 4953 carne
1931 4902 2132 4954 nostra

482 4996 720 5060 peccata
749 4985 1029 5058 suscepit,
1069 4987 1168 5058 qui
1227 4985 1390 5042 solus
1437 4986 1539 5040 Dei
1591 4993 1796 5059 Agnus
1827 4992 2130 5059 peccatum

482 5077 665 5132 totius
697 5074 905 5130 mundi
935 5074 1198 5141 abstulit,
1231 5073 1331 5146 qui
1363 5073 1527 5130 solus
1556 5074 2009 5148 chirographum
2031 5076 2130 5131 de-

484 5163 646 5232 creti,
682 5163 990 5237 Sanguinis
1036 5164 1126 5219 sui
1177 5164 1458 5219 effusione
1507 5163 1734 5228 delevit,
1769 5167 1826 5218 et
1877 5163 2014 5219 tulit
2060 5165 2132 5220 de

486 5253 700 5319 medio,
731 5257 908 5325 atque
939 5254 1161 5308 suffixit
1185 5253 1342 5310 cruci
1377 5271 1389 5309 :
1425 5253 1593 5326 quasi
1626 5253 1912 5325 sapientia
1942 5253 2132 5309 sciens

487 5343 779 5412 quomodo
809 5347 975 5398 vetus
1005 5346 1308 5415 peccatum
1362 5342 1568 5398 mundi
1625 5341 1870 5399 solveret
1903 5361 1916 5398 :
1963 5342 2130 5414 quasi

487 5430 829 5501 redemptio,
860 5432 1153 5502 quomodo
1181 5431 1481 5488 hominem
1511 5437 1812 5488 renovaret
1841 5449 1875 5487 a
1909 5430 2081 5504 culpa
2115 5450 2130 5488 :

488 5517 656 5588 quasi
688 5520 1090 5584 sanctificatio,
1125 5521 1417 5591 quomodo
1449 5537 1583 5575 eum
1615 5521 2006 5575 sanctiﬁcaret
2057 5522 2129 5576 ad

485 5604 756 5678 gratiam.
790 5608 890 5662 Hic
915 5625 1050 5680 ergo
1081 5609 1307 5678 titulus,
1343 5610 1452 5666 hoc
1483 5610 1856 5681 principium.

556 5697 610 5748 2.
648 5693 830 5763 (Vere.
862 5697 960 5766 2.).
996 5720 1023 5745 «
1057 5697 1267 5754 Beatus
1316 5698 1415 5769 qai
1460 5697 1733 5771 intelligit
1781 5713 1957 5770 super
1998 5714 2128 5770 ege-

2242 3745 2612 3798 sacramenta
2653 3741 2970 3798 Dominice
3020 3754 3368 3814 cognoscere
3419 3741 3754 3813 passionis.
3786 3740 3908 3795 Ideo

2241 3831 2349 3886 tibi
2393 3831 2608 3887 dicitur
2639 3848 2651 3886 :
2686 3854 2714 3881 «
2747 3831 2856 3897 Qui
2910 3831 3086 3887 habet
3128 3847 3300 3887 aures
3349 3830 3664 3900 audiendi,
3722 3828 3912 3884 audiat

2242 3920 2393 3989 (Luc.
2427 3938 2551 3985 vm,
2582 3923 2658 3989 8).
2694 3942 2722 3969 »
2755 3920 2886 3975 Ideo
2917 3919 3094 3975 surdo
3147 3918 3233 3974 illi
3285 3924 3342 3974 et
3385 3923 3556 3975 muto
3631 3933 3812 3974 aures
3861 3920 3914 3970 et

2241 4007 2398 4064 labia
2434 4008 2625 4081 tetigit
2659 4009 2938 4065 Dominus
2967 4007 3028 4063 in
3060 4006 3369 4081 Evangelio
3402 4008 3590 4075 (Marc.
3632 4024 3745 4074 vn,
3773 4005 3866 4075 33)
3893 4020 3907 4072 ;

2242 4100 2306 4151 ut
2336 4096 2510 4152 sciret
2540 4096 2680 4168 quid
2712 4097 2945 4153 audiret
2973 4098 3032 4151 in
3063 4097 3364 4170 mysterio,
3397 4097 3542 4169 quid
3593 4097 3792 4154 etiam
3834 4095 3914 4150 lo-

2242 4189 2538 4256 queretur,
2558 4191 2616 4242 et
2646 4186 2881 4258 quando
2911 4185 3264 4257 loqueretur.
3293 4185 3494 4257 Neque
3523 4187 3701 4242 enim
3734 4185 3913 4241 otiose

2242 4273 2528 4346 scriptum
2559 4279 2649 4332 est
2681 4291 2694 4329 :
2732 4297 2758 4325 ‹‹
2791 4275 3075 4330 Dominus
3106 4275 3252 4330 mihi
3285 4275 3447 4330 dedit
3474 4274 3766 4348 linguam
3795 4289 3918 4329 eru-

2242 4363 2502 4430 ditionis,
2537 4367 2600 4419 ut
2629 4365 2839 4420 scirem
2869 4363 3104 4435 quando
3135 4368 3399 4435 oporteat
3429 4380 3790 4422 sermonem
3835 4363 3920 4418 di-

2241 4467 2371 4508 cere
2401 4453 2526 4523 (Isa.
2569 4469 2608 4521 ι,
2642 4454 2716 4522 In).
2772 4475 2799 4501 ››
2851 4451 3010 4509 Scire
3057 4467 3195 4525 ergo
3244 4453 3425 4508 debes
3470 4454 3627 4525 quid
3684 4457 3917 4524 audias,

2242 4541 2391 4596 scire
2423 4540 2562 4613 quid
2591 4541 2750 4614 loqui
2779 4541 3013 4607 debeas,
3047 4540 3198 4598 scire
3227 4541 3404 4597 etiam
3453 4545 3716 4613 quando
3765 4545 3920 4618 loqui

2245 4629 2480 4685 debeas.

2312 4719 2369 4775 3.
2408 4718 2556 4774 Audi
2607 4734 2742 4791 ergo
2771 4718 3080 4790 ﬁdicentem
3109 4735 3122 4774 :
3154 4739 3183 4768 (ί
3216 4718 3429 4784 Beatus
3475 4721 3579 4792 qui
3641 4721 3922 4795 intelligit

2243 4824 2422 4880 super
2450 4823 2698 4880 egenum
2732 4810 2788 4863 et
2816 4823 3154 4880 pauperem.
3185 4831 3212 4857 ››
3251 4812 3461 4863 Beatus
3507 4809 3776 4881 quidem
3821 4812 3917 4884 qui

2242 4895 2598 4969 compatitur
2628 4897 2891 4968 pauperi,
2925 4897 3024 4969 qui
3067 4895 3265 4953 haurit
3312 4897 3441 4967 ejus
3493 4901 3917 4967 necessitates,

2243 4986 2353 5042 scit
2385 4984 2525 5057 quid
2557 4985 2695 5040 mali
2726 4984 2926 5057 inepia
2955 4986 3156 5042 afferat
3184 4985 3469 5058 indigenti
3533 5003 3546 5041 :
3610 4990 3730 5045 sed
3783 4989 3920 5064 quid

2241 5075 2353 5130 sibi
2383 5074 2508 5130 vult
2537 5074 2698 5131 istud
2729 5073 3031 5130 exordium
3061 5074 3122 5130 in
3157 5074 3382 5131 Domini
3416 5075 3716 5147 passione
3742 5079 3774 5132 ?
3825 5079 3922 5133 Ve-

2242 5181 2374 5218 rum
2435 5167 2523 5219 est
2578 5162 2814 5236 quidem
2873 5164 3029 5236 quod
3087 5167 3322 5236 propter
3359 5180 3664 5236 pauperes
3700 5179 3917 5240 passus

2241 5256 2349 5319 est,
2383 5252 2482 5308 sed
2514 5255 2708 5308 tamen
2740 5251 2866 5324 ipse
2896 5252 3175 5324 corripuit
3226 5253 3443 5309 Judam
3485 5251 3813 5312 dicentem
3860 5259 3919 5312 de

2242 5339 2341 5398 illo
2372 5345 2691 5414 unguento,
2725 5341 2881 5414 quod
2930 5341 3214 5398 eﬁ‘uderat
3258 5341 3442 5398 Maria
3493 5358 3696 5415 super
3749 5347 3916 5418 pedes

2241 5429 2453 5486 Christi
2485 5447 2548 5486 :«
2573 5429 2766 5486 Potuit
2794 5429 2902 5486 hoc
2930 5429 3274 5487 venumdari
3304 5430 3584 5486 trecentis
3624 5431 3915 5494 denariis.

2241 5522 2298 5573 et
2325 5519 2452 5574 dari
2501 5518 2859 5592 pauperibus
2881 5517 3070 5588 (Marc.
3123 5533 3242 5585 xxv,
3290 5519 3366 5589 5).
3425 5542 3446 5567 ι
3499 5518 3680 5576 Idem
3718 5528 3782 5577 et
3823 5537 3918 5577 es-

2240 5607 2346 5663 teri
2379 5606 2629 5680 apostoli
2678 5612 3004 5680 senserant,
3056 5609 3157 5666 sed
3205 5607 3317 5664 alio
3366 5608 3577 5663 affectu
3621 5625 3637 5662 :
3683 5609 3792 5669 ille
3827 5628 3918 5684 per

2239 5696 2564 5766 avaritiam,
2587 5696 2684 5756 isti
2716 5715 2818 5770 per
2846 5695 3364 5767 misericordia’mJ
3372 5689 3522 5754 udas
3539 5698 3725 5756 enim
3765 5697 3912 5756 furto
