4112 6190
270 342 417 434 mi

1383 337 1837 400 ENARRATIO
1880 334 1960 398 IN.
2002 333 2381 399 PSALMUM
2421 337 2547 398 XL.

3517 343 3672 403 1192

264 474 681 548 prospiciebat,
710 473 987 548 discipuli
1021 488 1345 546 pauperum
1377 471 1666 528 alimoniae
1698 487 1916 526 consu-
1945 471 1999 536 Α
2029 470 2304 524 dicuntur
2342 470 2556 525 habere
2605 469 2912 542 gentilium
2949 485 2962 525 :
2995 486 3109 525 non
3154 470 3450 528 hircorum
3499 478 3676 547 atque

264 563 488 622 lebant.
514 565 738 631 Quibus
769 565 829 620 in
859 580 1170 620 commune
1201 561 1504 635 respondit
1533 577 1546 616 :
1574 584 1601 610 «
1635 560 1819 618 Sinite
1849 558 1918 614 il-

266 651 408 719 lam,
444 655 511 708 ut
539 653 601 708 in
644 653 738 708 die
778 652 1089 724 sepulturae
1140 668 1280 708 mea:
1331 654 1520 706 servet
1566 649 1733 704 illud.
1768 649 1917 703 Pau-

266 756 436 813 peres
469 740 628 796 enim
677 757 907 813 semper
947 740 1177 797 habetis
1223 739 1549 806 vobiscum,
1581 753 1676 794 me
1721 741 1919 793 autem

267 847 385 888 non
414 844 649 901 semper
678 831 869 900 (Joan.
899 846 1003 897 xn,
1031 830 1086 896 7,
1117 831 1191 896 8).
1221 849 1249 880 »

339 918 394 975 4.
427 918 579 990 Ergo
613 917 765 974 alius
814 917 1231 990 intelligendus
1278 916 1788 988 estﬂhicgbeatus,
1819 914 1922 986 qui

269 1005 550 1079 intelligit
589 1022 767 1079 super
794 1023 1134 1080 pauperem.
1167 1006 1271 1062 Hic
1311 1007 1382 1062 de
1425 1006 1564 1061 ﬁde'
1585 1005 1746 1072 dicit,
1781 1003 1920 1058 alibi

271 1096 344 1153 de
372 1094 797 1151 misericordia.
823 1095 987 1152 Prior
1024 1111 1159 1167 ergo
1201 1095 1368 1158 fides,
1401 1093 1661 1150 secunda
1688 1092 1924 1148 miseri-

273 1184 492 1247 cordia.
523 1184 670 1241 Cum
702 1185 838 1251 ﬁde,
871 1184 1127 1256 pretiosa
1157 1183 1559 1239 misericordia
1585 1199 1600 1240 :
1628 1182 1754 1237 sine
1783 1181 1918 1247 ﬁde,

272 1273 448 1340 nuda,
501 1271 627 1328 sine
673 1273 809 1339 fide,
851 1271 1162 1329 instabilis.
1210 1272 1379 1328 Fides
1433 1271 1588 1327 enim
1635 1270 1920 1326 virtutum

272 1361 537 1417 omnium
596 1359 804 1416 stabile
861 1361 1309 1416 fundamentum
1369 1366 1476 1416 est.
1511 1360 1726 1415 Beatus
1783 1375 1920 1431 ergo

273 1450 373 1522 qui
405 1448 683 1522 intelligit
731 1467 907 1522 super
935 1449 1149 1505 Christi
1193 1449 1452 1522 inopiam
1500 1452 1558 1504 et
1609 1452 1919 1520 pauperta-

272 1544 414 1606 tem,
446 1537 549 1610 qui
579 1542 816 1611 propter
845 1555 951 1594 nos
986 1555 1209 1611 pauper
1237 1539 1426 1593 factus
1455 1541 1564 1604 est,
1599 1553 1731 1592 cum
1762 1537 1922 1592 dives

273 1630 467 1682 esset:
503 1625 662 1682 dives
695 1628 753 1681 in
805 1643 1002 1700 regno,
1037 1643 1259 1699 pauper
1305 1626 1365 1682 in
1397 1642 1589 1692 carne,
1622 1627 1760 1698 quia
1789 1643 1919 1681 sus-

273 1715 424 1788 cepit
453 1715 602 1772 banc
628 1733 956 1788 pauperum
985 1733 1242 1772 carnem.
1277 1716 1568 1788 Pauperes
1598 1715 1754 1770 enim
1789 1714 1923 1770 facti

273 1820 480 1860 sumus
545 1804 756 1869 nimis,
825 1805 926 1875 qui
987 1805 1271 1860 virtutum
1337 1803 1574 1859 exuvias
1638 1803 1924 1875 pretiosas

271 1893 478 1949 fraude
524 1892 813 1964 serpentis
866 1892 1202 1961 amisimus,
1243 1891 1462 1949 exclusi
1509 1893 1582 1947 de
1628 1892 1924 1963 paradiso,

271 1980 444 2052 ejecti
477 1981 548 2036 de
586 1980 796 2052 patria,
829 1980 888 2035 in
932 1980 1206 2036 exsilium
1246 1979 1505 2052 relegati,
1533 1979 1662 2052 ipso
1693 1996 1928 2053 quoque

273 2069 480 2126 nudati
511 2070 772 2143 corporis
811 2070 1234 2143 integumento,
1254 2069 1413 2141 quod
1444 2072 1615 2125 antea
1640 2069 1924 2124 virtutum

276 2159 432 2216 809
481 2163 646 2232 septa
697 2159 1062 2226 muniebant,
1105 2163 1309 2232 postea
1351 2157 1560 2214 delicta
1607 2159 1925 2214 nudarunt.

275 2247 336 2302 Si
365 2263 502 2321 ergo
550 2263 771 2321 egenus
799 2252 856 2303 et
885 2263 1108 2320 pauper
1139 2248 1200 2301 in
1231 2263 1423 2314 carne,
1456 2245 1659 2318 utique
1707 2262 1928 2318 egenus

277 2341 336 2392 et
365 2352 589 2408 pauper
635 2337 693 2390 in
747 2336 941 2392 carnis
970 2335 1144 2392 istius
1180 2334 1471 2408 passione.
1506 2334 1631 2389 Non
1681 2350 1818 2406 ergo
1868 2335 1925 2388 in

280 2423 502 2481 divitiis
540 2425 687 2493 suis,
720 2426 821 2482 sed
851 2425 908 2480 in
941 2428 1144 2482 nostra
1171 2441 1383 2498 passus
1427 2428 1516 2478 est
1563 2427 1925 2495 paupertate.

277 2514 536 2586 Ideoque
566 2530 680 2570 non
725 2514 1024 2586 plenitudo
1058 2513 1402 2585 divinitatis,
1421 2530 1549 2585 quae
1580 2512 1639 2567 in
1672 2511 1771 2568 illo
1803 2530 1926 2569 cor-

278 2602 559 2676 poraliter
603 2603 847 2669 habitat,
879 2607 946 2658 ut
983 2603 1288 2674 Scriptura
1336 2606 1584 2659 testatur
1613 2601 1831 2673 (Coloss.
1865 2619 1924 2668 Il,

275 2691 352 2763 9),
386 2691 486 2747 sed
539 2707 674 2747 caro
725 2708 900 2764 passa
947 2695 1054 2747 est.
1098 2691 1215 2747 Hoc
1261 2691 1544 2763 intellige,
1577 2691 1687 2746 hoc
1733 2705 1927 2761 perse-

279 2796 476 2852 quere,
511 2779 570 2835 id
607 2783 759 2848 tene,
793 2797 866 2836 ne
911 2781 1144 2836 dicatur
1171 2780 1277 2835 tibi
1311 2797 1324 2835 :
1361 2779 1558 2834 Noluit
1603 2778 1929 2850 intelligere

281 2885 458 2942 super
485 2869 821 2924 mendicum
847 2873 903 2924 et
927 2885 1265 2941 pauperem.
1291 2868 1437 2924 Nam
1474 2867 1648 2935 sibic
1669 2867 1926 2937 dubitas,

279 2961 432 3014 certe
459 2957 518 3014 in
552 2956 652 3013 illo
678 2956 904 3029 psalmo
927 2957 1026 3029 qui
1049 2958 1331 3013 adversus
1355 2956 1744 3029 proditionem
1763 2956 1927 3010 Judtr

279 3062 350 3101 ex
378 3061 629 3117 persona
656 3045 873 3102 dicitur
909 3046 1245 3115 Salvatoris,
1270 3046 1342 3101 de
1372 3044 1472 3100 illo
1502 3043 1788 3100 versiculo
1819 3045 1925 3099 du-

279 3133 469 3189 bitare
494 3151 609 3190 non
641 3135 877 3206 poteris,
911 3136 970 3190 in
1005 3151 1120 3207 quo
1153 3134 1234 3189 ait
1266 3152 1278 3189 :
1305 3156 1332 3183 ‹‹
1366 3134 1435 3188 Et
1464 3137 1807 3205 persecutus
1839 3137 1928 3188 est

1955 1839 2003 1904 B

2030 559 2279 624 arietum
2312 575 2518 614 cruore
2546 563 2814 630 peccator
2842 558 3069 614 lavatur
3098 559 3310 633 (neque
3338 561 3496 618 enim
3522 563 3679 633 quis-

2029 664 2207 718 quam
2237 647 2319 702 ita
2348 648 2720 720 puriﬁcatur;
2746 666 2878 704 caro
2905 649 3063 704 enim
3094 649 3341 719 lavatur,
3363 667 3481 707 non
3507 651 3682 725 culpa

2029 735 2320 807 diluitur),
2365 737 2466 791 sed
2517 737 2686 803 exiet,
2721 737 2914 809 inquit
2944 738 3068 809 (Isa.
3099 756 3201 802 xu,
3231 740 3311 812 3),
3341 757 3496 813 aqua
3543 758 3678 798 cum

2029 822 2413 879 delectatione
2446 824 2516 879 de
2565 823 2824 880 fontibus
2873 825 3183 882 Salvatoris
3216 843 3229 881 :
3264 832 3322 882 et
3348 833 3590 900 paratur
3617 829 3678 885 in

2029 916 2345 983 conspectu
2396 916 2497 967 tuo
2552 928 2758 968 mensa
2796 912 3044 969 cmlestis
3078 932 3090 969 :
3125 917 3182 970 et
3227 915 3502 987 poculum
3555 922 3680 974 ine-

2029 999 2230 1056 brians
2285 1017 2462 1072 quam
2521 1000 2867 1072 praeclarum
2927 1006 3017 1058 est
3063 1004 3234 1074 (Psal.
3280 1021 3421 1073 XXII,
3450 1006 3536 1077 5)!
3585 1005 3682 1061 Has

2031 1093 2169 1144 sunt
2218 1087 2430 1144 divitiae
2490 1089 2909 1161 simplicitatis,
2940 1090 2998 1146 in
3047 1092 3265 1164 quibus
3321 1098 3414 1150 est
3466 1094 3683 1152 Christi

2032 1178 2290 1250 pretiosa
2337 1185 2672 1250 paupertas.
2706 1180 2807 1235 Est
2846 1184 2903 1235 et
2946 1180 3004 1235 in
3056 1183 3320 1242 moribus
3366 1189 3682 1257 paupertas
3783 1244 3788 1248 ,

2030 1267 2212 1333 bona;
2258 1267 2412 1321 unde
2464 1271 2523 1322 et
2575 1267 2860 1324 Dominus
2911 1269 3053 1325 dixit
3087 1289 3153 1326 :«
3187 1272 3346 1328 Beati
3397 1289 3684 1347 pauperes

2031 1354 2239 1426 spiritu
2272 1356 2475 1425 (Matth.
2501 1374 2556 1423 v,
2581 1357 2654 1428 3).
2681 1379 2708 1407 ››
2733 1359 2800 1412 Et
2831 1358 2888 1412 in
2917 1358 3165 1416 Psalmis
3191 1361 3524 1420 invenimus
3543 1363 3686 1436 quia

2031 1444 2318 1499 Dominus
2350 1444 2604 1502 humiles
2635 1447 2843 1519 spiritu
2878 1447 3126 1504 salvabit
3156 1450 3329 1521 (Psal.
3351 1453 3680 1524 xum,19).

2031 1533 2134 1588 Est
2157 1538 2214 1589 et
2243 1534 2300 1588 in
2334 1533 2640 1590 collatione
2673 1538 2784 1608 (18)
2817 1539 2974 1593 tenui
3008 1544 3322 1611 paupertas
3353 1542 3684 1611 abundans,

2033 1622 2082 1677 si
2115 1623 2374 1678 abundet
2403 1623 2568 1680 ﬁdes.
2595 1624 2755 1679 Unde
2780 1626 3090 1698 Apostolus
3118 1629 3198 1683 ait
3222 1646 3274 1684 :«
3294 1632 3368 1685 Et
3393 1630 3688 1703 profunda

2032 1715 2347 1782 paupertas
2377 1728 2580 1767 eorum
2605 1714 2925 1769 abundavit
2956 1716 3015 1770 in
3040 1716 3259 1773 divitiis
3288 1718 3688 1791 simplicitatis

2033 1815 2235 1854 eorum
2269 1800 2342 1870 (ΙΙ
2372 1801 2492 1855 Cor.
2525 1817 2650 1862 vni.
2681 1805 2760 1868 2.)
2785 1825 2810 1852 ››

2104 1889 2158 1942 6.
2184 1887 2257 1943 Ut
2279 1893 2475 1944 autem
2507 1893 2565 1944 et
2594 1906 2662 1944 ex
2693 1889 2824 1946 aliis
2845 1891 3084 1947 vocibus
3106 1894 3234 1964 ejus
3263 1893 3688 1968 intelligamus,

2037 1977 2176 2048 quia
2205 1976 2331 2048 ipse
2362 1993 2424 2033 se
2470 1994 2787 2050 pauperem
2821 1979 2984 2048 dixit,
3019 1981 3305 2038 habemus
3352 1983 3491 2040 alibi
3539 1985 3690 2041 scri-

2036 2069 2199 2136 ptum
2237 2082 2304 2120 τα
2334 2065 2558 2138 Pauper
2604 2072 2661 2122 et
2710 2068 2915 2124 dolens
2953 2086 3058 2142 ego
3107 2088 3239 2126 sum
3290 2073 3461 2144 (Psal.
3493 2089 3686 2142 Lxmt,

2035 2155 2149 2224 30),
2177 2177 2203 2204 ››
2235 2155 2344 2210 hoc
2393 2161 2504 2223 est,
2537 2156 2676 2227 quia
2734 2174 2836 2228 pro
2895 2158 3063 2215 nobis
3106 2159 3282 2229 dolet,
3316 2163 3384 2215 ut
3436 2160 3690 2233 legimus

2037 2244 2163 2312 (Isa.
2195 2260 2311 2310 LIH,
2337 2244 2413 2314 4),
2438 2260 2626 2315 neque
2655 2245 2812 2300 enim
2843 2246 2903 2301 in
2936 2263 2997 2302 se
3022 2247 3228 2303 habuit
3257 2249 3413 2320 quod
3444 2249 3686 2307 doleret.

2037 2331 2202 2386 Sicut
2231 2347 2367 2404 ergo
2397 2349 2500 2404 pro
2543 2334 2714 2390 nobis
2746 2334 2924 2402 dolet,
2957 2339 3022 2390 ut
3061 2337 3242 2393 Isaias
3272 2337 3690 2411 interpretatus

2038 2425 2144 2488 est,
2178 2421 2276 2492 qui
2309 2438 2442 2476 eum
2470 2422 2617 2478 vidit
2647 2423 2707 2477 in
2742 2424 2952 2496 spiritu
2982 2440 2994 2481 :
3022 2443 3126 2498 pro
3158 2427 3328 2484 nobis
3359 2427 3562 2500 utique
3591 2429 3693 2484 tri-

2038 2510 2146 2564 stis
2179 2514 2320 2578 erat,
2347 2511 2520 2580 juxta
2551 2511 2707 2582 quod
2741 2512 3000 2568 animam
3032 2531 3200 2571 suam
3232 2513 3462 2572 tristem
3493 2515 3692 2589 appel-

2037 2597 2174 2651 lavit
2206 2615 2391 2670 usque
2439 2599 2511 2654 ad
2555 2605 2822 2667 mortem,
2857 2605 3054 2657 tamen
3106 2621 3220 2658 non
3273 2608 3507 2677 propter
3537 2621 3694 2662 mor-

2037 2691 2152 2742 tem
2187 2702 2198 2740 :
2226 2692 2283 2741 et
2313 2703 2550 2742 carnem
2573 2689 2718 2743 dixit
2748 2689 3066 2757 infirmam,
3092 2708 3218 2762 qua:
3251 2693 3458 2748 mortis
3489 2695 3689 2764 subje-

2037 2776 2158 2830 cuit
2189 2775 2536 2843 inﬁrmitati,
2559 2781 2625 2832 ut
2645 2777 2912 2834 aculeum
2948 2779 3154 2835 mortis
3187 2780 3546 2854 infringeret,
3573 2799 3689 2855 quo

2038 2880 2144 2948 nos
2175 2863 2232 2917 in
2263 2863 2355 2919 die
2378 2865 2589 2935 judicii
2620 2864 2912 2935 liberaret,
2939 2883 3116 2940 quam
3149 2885 3266 2925 non
3297 2869 3692 2942 perfunctorie

2037 2951 2252 3006 malam
2285 2952 2448 3008 dixit.

2105 3042 2365 3112 7.(Vers.
2389 3043 2468 3114 2.)
2493 3043 2586 3100 Sic
2641 3045 2799 3101 enim
2853 3047 3150 3103 subtexuit
3180 3065 3193 3102 :
3221 3070 3248 3097 «
3283 3048 3346 3104 In
3395 3048 3488 3104 die
3534 3048 3691 3104 mala

2038 3128 2309 3186 liberabit
2337 3147 2471 3186 eum
2503 3132 2807 3202 Dominus,
2839 3159 2862 3187 ι
2899 3136 3178 3206 quoniam
3211 3153 3411 3193 amara
3437 3137 3687 3206 videtur,

279 3222 579 3286 hominem
621 3204 854 3296 inopem
903 3228 960 3278 et
1007 3204 1341 3278 mendicum
1373 3204 1542 3293 (Pscl.
1572 3239 1726 3290 cvm,
1762 3223 1868 3294 17).
1895 3245 1924 3272 ››
1955 3204 1998 3271 C
2037 3235 2162 3290 quae
2187 3219 2384 3292 plures
2420 3221 2577 3276 870
2608 3204 3129 3295 adiudicat—poenae.
3152 3225 3258 3280 Via
3283 3225 3438 3281 enim
3457 3204 3690 3282 virtutis

279 3311 544 3385 lntellige
574 3327 711 3384 ergo
739 3311 800 3367 in
831 3314 1232 3383 paupertatem
1262 3310 1501 3376 Christi,
1533 3316 1598 3365 ut
1627 3311 1789 3366 dives
1825 3311 1929 3380 sis,

285 3399 544 3473 intellige
572 3416 708 3473 ergo
740 3401 798 3455 in
831 3399 1234 3454 infirmitatem
1279 3399 1427 3470 ejus,
1459 3402 1526 3453 ut
1557 3399 1808 3471 accipias
1837 3416 1928 3455 sa-

283 3490 561 3556 nitatem;
597 3488 858 3561 intellige
890 3488 946 3542 in
983 3503 1214 3543 crucem
1263 3489 1414 3558 ejus,
1449 3491 1514 3542 ut
1553 3504 1666 3543 non
1699 3488 1932 3544 erubes-

277 3594 409 3647 cas;
444 3576 707 3649 intellige
737 3577 795 3631 in
826 3576 1040 3632 vulnus
1071 3577 1218 3646 ejus,
1244 3580 1310 3632 ut
1337 3574 1579 3632 vulnera
1606 3577 1927 3645 tua'cures,

275 3665 540 3737 intellige
567 3665 632 3721 in
676 3670 922 3721 mortem
953 3666 1102 3737 ejus,
1137 3669 1204 3720 ut
1234 3665 1506 3736 acquiras
1535 3666 1712 3720 vitam
1767 3671 1928 3721 aeter-

278 3769 452 3822 nam;
485 3752 747 3825 intellige
785 3754 844 3809 in
879 3754 1239 3826 sepulturam
1271 3755 1422 3825 ejus,
1455 3757 1520 3808 ut
1548 3753 1809 3809 invenias
1839 3771 1926 3810 re-

279 3841 724 3899 surrectionem.

348 3934 404 3987 5.
437 3932 549 3988 Sed
581 3930 727 3988 forte
771 3932 969 3988 dicas:
1005 3932 1304 3997 Quomodo
1337 3933 1501 3990 dives
1528 3932 1587 3989 in
1619 3938 1928 4006 pauperta-

278 4027 337 4078 te
367 4020 682 4078 Christus?
713 4022 830 4078 Etsi
882 4022 1027 4077 mihi
1081 4023 1384 4096 ingenium
1431 4022 1681 4089 deficiat,
1731 4028 1927 4080 tamen

278 4127 396 4165 non
427 4107 708 4166 deﬁciunt
737 4110 1067 4167 divinarum
1097 4111 1366 4168 subsidia
1389 4111 1756 4181 ;lectionum;
1791 4129 1925 4168 cum

275 4197 489 4254 dixerit
524 4197 835 4270 Apostolus
860 4217 906 4255 :«
936 4199 1222 4263 Quoniam
1254 4199 1540 4256 Dominus
1576 4201 1749 4256 Jesus
1781 4218 1926 4272 pau-

273 4304 378 4360 per
404 4286 595 4344 factus
626 4292 736 4354 est,
771 4305 905 4345 cum
937 4288 1100 4345 dives
1130 4292 1318 4356 esset;
1343 4292 1409 4345 ut
1437 4305 1540 4345 vos
1569 4289 1698 4360 ejus
1727 4289 1927 4361 inopia

271 4375 609 4434 ditaremini
657 4376 730 4447 (II
773 4379 900 4433 Cor.
933 4395 1057 4443 vm,
1089 4377 1167 4449 9).
1196 4399 1224 4427 ››
1245 4377 1380 4442 Quae
1430 4392 1566 4448 ergo
1615 4377 1730 4433 ista
1781 4393 1923 4448 pau-

270 4469 486 4538 pertas,
511 4481 639 4537 quis
693 4466 900 4521 divites
949 4467 1131 4521 facit?
1161 4465 1610 4522 Consideremus
1650 4482 1800 4532 eam,
1835 4467 1923 4520 in-

2038 3313 2290 3380 angusta
2339 3313 2448 3375 est,
2488 3308 2606 3364 lata
2656 3309 2874 3378 delicti,
2911 3311 3038 3367 ideo
3068 3313 3316 3369 rariores
3373 3313 3430 3368 in
3478 3315 3691 3369 virtute

2039 3396 2364 3464 ambulant,
2399 3397 2594 3468 plures
2645 3398 2704 3454 in
2753 3399 2972 3472 ﬂagitio
3021 3405 3346 3457 versantur.
3378 3407 3500 3468 Quo
3531 3403 3596 3458 ﬁt
3627 3406 3693 3459 ut

2038 3484 2278 3539 inferior
2306 3501 2508 3540 eorum
2543 3487 2619 3541 sit
2649 3503 2953 3554 numerus,
2987 3488 3086 3560 qui
3132 3489 3371 3561 praemia
3415 3507 3693 3547 remune-

2039 3573 2282 3629 rationis
2328 3575 2633 3646 accipient,
2664 3592 2842 3646 quam
2875 3577 2975 3648 qui
3020 3577 3092 3632 ob
3125 3579 3377 3648 pretium
3421 3580 3689 3651 gravium

2037 3667 2408 3733 peccatorum
2441 3668 2657 3719 sortem
2701 3666 3005 3721 adversam
3039 3666 3245 3736 judicii
3285 3669 3689 3739 reportabunt.

2036 3751 2212 3814 Quasi
2243 3750 2446 3808 dolens
2476 3752 2659 3826 igitur
2679 3754 2824 3808 dixit
2854 3753 3070 3808 malam
3091 3753 3298 3824 judicii
3329 3756 3504 3811 diem.
3539 3757 3686 3811 Nam

2037 3840 2085 3895 si
2119 3840 2308 3913 angeli
2339 3841 2397 3896 in
2431 3842 2608 3898 unius
2637 3842 2960 3914 peccatoris
2989 3840 3358 3898 absolutione
3387 3843 3682 3912 laatantur,

2035 3934 2254 4002 quanto
2321 3931 2510 4004 magis
2571 3930 2838 3987 homines
2887 3931 2945 3985 in
2980 3935 3272 3986 tantorum
3331 3933 3683 3986 condemna-

2035 4020 2191 4074 tione
2232 4019 2542 4075 hominum
2583 4019 3067 4076 macerabuntur!
3097 4021 3166 4075 Et
3197 4021 3343 4075 bene
3392 4019 3548 4075 dolet
3577 4036 3686 4092 pro

2035 4125 2104 4163 ea
2133 4123 2256 4175 ove,
2291 4125 2468 4179 quam
2502 4109 2766 4165 humeris
2812 4109 2938 4164 suis
2985 4108 3110 4181 ipse
3161 4108 3496 4181 reportavit,
3529 4113 3587 4164 et
3615 4109 3688 4165 ad

2035 4197 2182 4252 ovile
2213 4213 2388 4253 suum
2422 4197 2706 4253 revocavit
2754 4203 3066 4254 errantem.
3099 4197 3322 4252 Aliactu
3372 4201 3569 4253 nostro
3598 4196 3692 4252 lo-

2037 4285 2238 4357 quitur
2265 4285 2365 4342 Dei
2407 4286 2608 4355 Filius,
2643 4285 2780 4358 quia
2829 4287 2999 4341 nobis
3053 4286 3176 4342 dies
3221 4285 3433 4357 judicii
3482 4286 3691 4342 acerba

2034 4379 2143 4440 est,
2175 4391 2353 4447 quam
2401 4374 2697 4430 timemus.
2733 4375 3022 4430 Omnibus
3067 4375 3222 4431 mala
3268 4376 3517 4447 videtur,
3549 4377 3692 4449 quia

2035 4463 2206 4535 plena
2237 4463 2475 4520 terroris
2516 4468 2605 4519 est
2637 4481 2649 4517 :
2685 4480 2802 4536 qua
2849 4463 3004 4519 Deus
3037 4481 3152 4519 non
3197 4463 3390 4521 solum
3436 4466 3691 4523 forensia

267 4553 582 4609 tendamus
614 4553 674 4610 iu
705 4555 901 4627 ipsum
931 4553 1262 4610 venerabile
1285 4554 1748 4610 Sacramentum.
1777 4554 1924 4620 Quid
1958 4574 2002 4637 ι)
2035 4552 2314 4616 hominis,
2348 4553 2446 4607 sed
2480 4551 2655 4606 etiam
2688 4550 2915 4607 occulta
2945 4552 3231 4623 dijudicat
3264 4571 3276 4608 :
3312 4570 3429 4626 qua
3463 4554 3691 4627 cogitur

268 4641 479 4712 purius
509 4646 700 4715 potest
727 4659 793 4699 eo
824 4660 951 4699 esse
1003 4647 1180 4715 atque
1228 4641 1558 4713 simplicius
1579 4641 1608 4696 ‘2
1636 4642 1762 4698 Non
1796 4647 1924 4698 tau-

2035 4641 2446 4712 unusquisque
2478 4641 2702 4712 aperire
2733 4641 2888 4712 quod
2935 4642 3089 4708 fecit,
3123 4647 3226 4699 aut
3273 4645 3429 4716 quod
3481 4645 3684 4701 sensit.

269 4729 399 4785 rino
429 4730 745 4802 quisquam
790 4732 1163 4804 perfunditur
1195 4730 1641 4803 sanguine(l7),
1667 4734 1731 4785 ut
1761 4747 1928 4787 sacra
2036 4731 2288 4802 Ideoque
2318 4728 2487 4784 multi
2536 4731 2912 4798 damnantur,
2947 4732 3116 4804 pauci
3165 4737 3539 4789 coronantur.
3574 4731 3707 4786 Sed-

342 4871 455 4944 (17)
502 4872 747 4929 lnnuere
794 4873 1026 4929 videtur
1073 4873 1292 4928 fmdum
1346 4872 1490 4928 illud
1545 4872 1921 4943 sacrificium,

269 4959 389 5067 quo
423 4944 575 5016 apud
613 4944 908 4999 Romanos
940 4945 1196 5016 pontifex
1249 4945 1562 5009 maximus,
1594 4950 1657 4998 ut
1686 4962 1752 4999 ex
1780 4946 1923 5000 Pru-

311 5015 469 5067 entio
505 5017 698 5067 Perist.
725 5016 925 5067 hvmn.
948 5018 1013 5067 10
1042 5016 1267 5067 discere
1296 5021 1406 5067 est.
1449 5017 1918 5067 consecrabatur-

311 5015 470 5088 entio
505 5017 698 5071 Perist.
725 5016 925 5088 hymn.
947 5015 1013 5088 10
1042 5016 1406 5088 discereest,
1449 5017 1918 5072 consecrabatur.

268 5085 410 5155 Ejus
469 5091 664 5141 autem
723 5085 889 5142 erant
945 5086 1285 5157 hujusmodi
1335 5088 1692 5142 caeremoniae
1728 5103 1740 5141 :
1775 5088 1922 5145 Cum

265 5157 514 5231 terrain
555 5157 731 5231 altam
781 5159 1046 5231 scrobem
1102 5162 1299 5231 egesta
1356 5163 1528 5225 esset,
1563 5174 1628 5231 eo
1686 5158 1920 5216 futurus

265 5228 526 5299 pontifex
555 5229 977 5285 demittebatur
1007 5228 1170 5285 vittis
1219 5234 1393 5301 atque
1438 5229 1642 5286 infulis
1671 5246 1921 5287 exorna-

264 5305 409 5354 tus:
447 5315 582 5356 mox
637 5301 903 5357 tabulato
962 5300 1725 5357 innumerisforaminibus
1769 5307 1919 5358 tere-

267 5371 434 5447 brato
465 5372 668 5447 scrobe
711 5374 1061 5447 tegebatur:
1096 5371 1303 5447 deinde
1339 5377 1551 5447 taurus
1576 5373 1655 5428 ibi
1679 5373 1918 5447 jugula-

263 5443 460 5517 batur,
483 5445 666 5517 cujus
698 5443 940 5517 sanguis
971 5444 1226 5500 ubertim
1258 5460 1362 5516 per
1394 5443 1728 5501 tabularum
1759 5443 1917 5503 inea-

264 5517 366 5570 tus
398 5514 693 5571 deﬂuebat
726 5534 738 5572 :

407 5601 848 5672 -I_)efossus_intus
878 5618 1038 5672 quem
1070 5604 1562 5672 sacerdosqexcipit,

425 5665 610 5719 Gutta:
638 5666 703 5720 ad
734 5665 925 5727 omne's
951 5672 1108 5737 turpe
1137 5666 1446 5739 subiectans
1466 5665 1649 5736 caput,

2031 5301 2330 5358 Postremo
2388 5302 2634 5357 eductus
2691 5300 2826 5354 inde
2885 5298 3074 5355 bellus

2031 5375 2382 5445 adorabatur
2413 5389 2444 5426 a
2476 5369 2729 5445 populo;
2747 5373 2880 5445 Quae
2911 5372 3109 5445 omnia
3136 5369 3266 5427 fuse
3298 5389 3362 5427 ac
3389 5371 3684 5445 eleganter

2031 5445 2311 5501 describit
2337 5443 2460 5498 loco
2477 5441 2664 5498 citato
2697 5441 3070 5497 Prudentius.

2188 4918 2250 4967 Et
2278 4921 2424 4983 veste
2456 4922 2508 4967 et
2539 4933 2695 4968 omne
2725 4920 3058 4982 putrefactus
3091 4934 3330 4983 corpore.

2190 4981 2330 5039 Quin
2360 4995 2424 5044 os
2449 4984 2681 5044 snpinat,
2715 4981 2900 5032 Obvias
2930 4984 3083 5032 oﬂ'ert
3111 4981 3294 5044 genas,

2191 5043 2457 5106 Supponit
2485 5043 2675 5106 aures;
2710 5046 2874 5103 labra,
2907 5058 3062 5094 nares
3092 5043 3305 5105 objicit;

2185 5107 2291 5170 hlec
2315 5106 2428 5168 jam
2458 5108 2633 5169 palato
2662 5108 2849 5170 parcit,
2881 5111 2934 5155 et
2960 5107 3194 5170 linguam
3214 5106 3378 5170 rigat,

2186 5167 2366 5217 Donec
2397 5167 2642 5219 cruorem
2662 5167 2817 5218 ‘totus
2845 5172 3021 5217 atrum
3052 5167 3335 5217 combibat.

3176 5300 3394 5355 ontifex
3449 5301 3682 5357 eminus

2100 5516 2212 5589 (l8)
2244 5515 2518 5589 collatio:
2551 5513 2646 5571 hic
2697 5513 2852 5570 idem
2887 5518 2996 5582 est,
3031 5529 3095 5570 ac
3143 5515 3401 5588 pecunias
3430 5514 3688 5574 collecta

2028 5601 2059 5644 e
2091 5587 2336 5663 rogatio.
