4146 6190
433 249 451 267 ο
545 299 698 360 1123

2000 295 2064 353 S.
2113 292 2490 353 AMBROSII

3714 315 3826 376 Hii

539 431 715 487 etiam
762 429 869 500 ipsi
923 427 1020 499 qui
1069 432 1443 495 coronantur,
1495 427 1797 491 dolebunt,
1839 425 1986 496 justi
2037 426 2190 479 enim
2224 426 2276 490 Α
2311 427 2437 492 ejus
2468 428 2709 479 versasti
2743 427 2800 480 in
2848 427 3184 484 inﬁrmitate
3214 432 3354 500 ejus.
3379 456 3402 481 ››
3431 437 3553 500 Quis
3587 445 3660 494 εει
3695 441 3827 500 lectus

537 518 974 573 roronabuntur
1009 534 1022 572 :
1061 518 1264 586 justus
1323 520 1519 572 autem
1574 516 1744 588 quasi
1798 531 1964 570 suam
2024 518 2192 586 putat

533 605 734 661 fratris
765 621 1107 660 aerumnam.
1140 606 1207 659 Et
1237 605 1371 676 quis
1422 622 1527 677 ego
1572 621 1704 659 sum
1738 603 1835 675 qui
1869 604 1940 658 de
1969 603 2069 657 illa
2091 604 2189 673 ju-

533 694 744 761 dicem,
779 711 895 766 qua
938 693 1112 748 homo
1145 693 1487 766 angelorum
1541 693 1802 748 conciliis
1851 693 2191 747 inseratur?

531 783 726 854 Ipsius
759 782 985 838 Domini
1016 782 1330 838 audiamus
1362 783 1712 838 sententiam
1748 798 1761 835 :
1788 805 1814 829 «
1845 780 2070 846 Veniet,
2103 780 2188 834 in-

530 872 681 944 quit,
705 872 868 939 hora,
892 871 951 925 in
985 887 1102 942 qua
1131 887 1335 926 omnes
1366 871 1465 942 qui
1499 871 1556 925 in
1590 870 1990 926 monumentis
2021 873 2184 935 sunt,

529 960 774 1016 audient
811 976 1011 1016 vocem
1065 959 1188 1014 Filii
1247 959 1539 1027 hominis;
1601 964 1658 1015 et
1717 959 2031 1030 precedent
2083 959 2182 1028 qui

523 1051 682 1105 bona
726 1049 1010 1114 fecerunt,
1041 1049 1100 1103 in
1154 1049 1642 1104 resurrectionem
1691 1048 1818 1102 vitae
1853 1063 1865 1102 :
1903 1047 2005 1118 qui
2051 1062 2182 1101 vero

527 1137 683 1194 mala
729 1143 994 1210 egerunt,
1030 1138 1088 1191 in
1133 1137 1616 1192 resurrectionem
1659 1135 1869 1207 judicii
1915 1137 2092 1205 (Joan.
2125 1153 2179 1200 v,

521 1229 592 1282 28
617 1231 675 1281 et
703 1227 816 1296 29).
843 1248 871 1274 ››
901 1225 1338 1280 Judicabuntur
1385 1241 1521 1297 ergo
1552 1225 1651 1296 qui
1684 1223 1839 1279 mala
1887 1229 2132 1295 egerunt
2165 1241 2177 1278 :

522 1319 581 1370 et
609 1315 740 1370 ideo
771 1313 929 1370 mala
961 1314 1086 1369 dies
1115 1318 1171 1369 et
1201 1329 1408 1386 aspera
1439 1314 1511 1369 ab
1543 1314 1670 1385 ipso
1713 1312 1916 1384 judice
1947 1327 2179 1366 nuncu-

524 1407 725 1475 patur;
759 1406 826 1458 ut
851 1402 1006 1458 scias
1028 1402 1170 1473 quia
1196 1403 1318 1473 ipse
1344 1401 1513 1457 nobis
1535 1401 1889 1472 compatitur
1920 1400 1977 1454 in
2002 1400 2180 1454 Evan-

511 1491 694 1564 gelia,
728 1491 831 1562 qui
862 1507 1209 1562 compassus
1241 1496 1332 1546 est
1359 1489 1423 1545 iu
1451 1489 1774 1561 prophetis.

591 1581 646 1635 8.
682 1580 792 1636 Sed
848 1579 1025 1634 etiam
1083 1579 1166 1633 sic
1218 1595 1538 1650 possumus
1593 1578 1854 1649 accipere
1886 1593 1900 1631 :
1930 1599 1958 1625 «
1993 1577 2056 1631 In
2088 1576 2182 1632 die

521 1670 696 1737 mala,
721 1691 748 1720 »
785 1668 894 1723 hoc
942 1671 1052 1734 est,
1084 1668 1140 1721 in
1174 1671 1436 1737 tempore
1467 1664 1656 1732 malo;
1709 1665 1972 1719 mundus
2019 1663 2182 1719 enim

519 1757 577 1812 in
610 1756 764 1812 male
795 1756 1023 1828 positus
1054 1758 1161 1809 est.
1190 1755 1254 1807 Et
1284 1753 1437 1808 idem
1472 1752 1610 1808 mali
1637 1753 1759 1808 dies
1793 1753 1967 1807 istius
2000 1768 2176 1806 mun-

518 1847 599 1912 di,
633 1848 689 1900 et
722 1845 983 1899 abundat
1013 1842 1128 1898 diei
1162 1841 1386 1896 malitia
1416 1858 1543 1897 sua.
1579 1842 1704 1896 Non
1743 1842 2032 1897 mediocre
2063 1844 2170 1906 est,

521 1939 584 1988 ut
612 1933 708 1988 hic
735 1932 1053 1988 liberemur
1097 1931 1168 1985 ab
1213 1929 1446 1985 insidiis
1479 1929 1818 2002 peccatoris.
1843 1929 1950 1993 Qui
2002 1929 2177 1985 fuerit

518 2021 612 2076 hic
645 2021 793 2075 liber
822 2037 856 2074 a
886 2019 1151 2083 crimine,
1185 2018 1264 2072 ibi
1314 2019 1423 2072 erit
1469 2017 1617 2073 liber
1645 2035 1679 2073 a
1707 2035 1896 2090 poena,
1930 2023 1986 2073 et
2016 2034 2173 2073 seve-

517 2110 748 2164 ritatem
772 2107 984 2180 judicii
1016 2107 1215 2162 subire
1246 2123 1361 2160 non
1389 2107 1617 2177 poterit.

585 2200 639 2252 9.
675 2197 861 2268 (Vers.
892 2197 972 2265 3.)
1004 2196 1074 2249 Et
1105 2195 1234 2248 ideo
1267 2194 1413 2248 votis
1462 2211 1608 2265 opus
1659 2199 1750 2250 est
1797 2198 1854 2248 et
1901 2195 2174 2266 precibus

517 2285 906 2359 quotidianis,
977 2289 1032 2338 et
1097 2283 1476 2337 advocatione
1551 2282 1839 2354 Principis
1905 2285 2171 2337 sacerdo-

516 2381 641 2430 tum
667 2374 802 2444 (19).
825 2373 896 2428 de
927 2388 1042 2442 quo
1074 2371 1215 2424 dicit
1234 2371 1494 2425 Joannes
1528 2371 1894 2441 Evangelista
1919 2388 1967 2425 ;‹‹
1992 2371 2175 2425 Advo-

515 2468 713 2518 catum
745 2461 1034 2516 habemus
1065 2459 1219 2530 apud
1256 2459 1478 2513 Patrem
1513 2458 1827 2513 Dominum
1859 2459 2083 2525 Jesum,
2116 2464 2172 2513 et

518 2553 641 2625 ipse
671 2555 759 2606 est
787 2548 1120 2621 deprecatio
1156 2564 1258 2619 pro
1304 2546 1559 2619 peccatis
1591 2547 1807 2602 nostris
1841 2549 1887 2618 (Ι
1913 2549 2070 2603 Joan.
2105 2565 2167 2614 η,

515 2643 568 2708 1,
598 2643 676 2708 2).
703 2662 731 2690 ››
756 2639 859 2694 Hic
911 2654 1046 2709 ergo
1101 2638 1418 2692 advocatus
1472 2641 1688 2702 noster,
1733 2641 1790 2690 et
1838 2636 2168 2707 deprecatio

515 2747 616 2802 pro
647 2727 899 2801 peccatis
932 2727 1112 2782 totius
1143 2725 1338 2781 saeculi
1369 2729 1496 2780 orat
1528 2741 1630 2796 pro
1662 2741 1728 2779 eo
1760 2725 1859 2794 qui
1894 2724 2170 2796 intelligit

511 2825 570 2876 et
600 2818 785 2874 credit
814 2818 872 2871 in
905 2815 1229 2881 Christum,
1263 2817 1320 2868 et
1348 2814 1491 2868 dicit
1520 2829 1532 2866 :
1562 2834 1589 2862 ‹‹
1622 2812 1908 2868 Dominus
1939 2829 2168 2868 conser-

511 2911 604 2963 vet
635 2922 791 2973 eum,
824 2910 881 2960 et
909 2903 1160 2958 viviﬁcet
1192 2918 1348 2968 eum,
1384 2906 1440 2956 et
1477 2901 1716 2956 beatum
1749 2901 1925 2956 faciat
1953 2916 2109 2956 eum.
2139 2922 2166 2948 »

511 2996 822 3051 Conservet
857 3009 893 3047 a
921 2990 1217 3064 periculis,
1253 2989 1499 3045 viviﬁcet
1552 2992 1833 3060 tanquam
1867 2991 1926 3044 in
1960 2989 2165 3044 mortis

513 3083 771 3141 tenebris
802 3081 1209 3146 constitutum,
1237 3080 1473 3134 beatum
1501 3077 1685 3133 facere
1717 3079 2001 3132 bonorum
2035 3093 2163 3148 ope-

517 3191 646 3229 rum
680 3171 1010 3228 accessione
1041 3170 1332 3240 dignetur.

583 3265 668 3318 10.
699 3284 725 3311 ‹‹
754 3261 822 3315 Et
841 3259 1140 3322 emundet,
1177 3257 1387 3322 inquit,
1415 3255 1471 3308 in
1502 3259 1656 3308 terra
1676 3255 1851 3308 vitam
1875 3255 2002 3323 ejus
2026 3252 2159 3324 (20).

511 3353 662 3406 Bene
693 3349 938 3412 addidit,
975 3347 1032 3400 in
1065 3350 1248 3409 terra;
1273 3343 1412 3413 quia
1435 3342 1547 3396 nisi
1581 3342 1674 3396 hic
1698 3343 2016 3396 mundatus
2047 3345 2164 3395 fue-

511 3441 604 3506 rit,
639 3438 718 3492 ibi
771 3435 1032 3491 mundus
1083 3447 1211 3488 esse
1269 3447 1381 3486 non
1433 3430 1664 3502 poterit.
1690 3431 1790 3485 Vel
1841 3437 1993 3487 certe
2052 3435 2161 3490 hoc

511 3527 682 3582 modo
714 3542 779 3580 ;‹‹
818 3522 1107 3578 Emundet
1147 3522 1204 3575 in
1252 3527 1423 3576 terra.
1453 3544 1480 3569 ››
1505 3519 1804 3586 Quomodo
1837 3523 1993 3576 enim
2028 3525 2162 3594 quis

511 3616 766 3670 mundus
815 3613 874 3666 in
923 3611 1074 3677 luto;
1109 3626 1242 3664 cum
1305 3615 1460 3664 terra
1500 3625 1633 3663 eum
1695 3609 1982 3664 obliniat?
2014 3613 2162 3683 Ergo

508 3704 736 3760 Domini
769 3718 982 3757 manus
1029 3705 1113 3754 est
1164 3698 1516 3764 necessaria,
1541 3714 1667 3768 qua:
1705 3698 1833 3752 fecit
1886 3703 1956 3752 de
2009 3705 2162 3755 terra

506 3809 746 3865 corpus;
781 3795 846 3846 ut
881 3791 1006 3860 ipsa
1036 3787 1325 3842 mundare
1355 3787 1649 3858 dignetur.

576 3881 722 3937 871
762 3881 848 3934 11.
883 3878 1070 3947 (Vers.
1104 3875 1181 3944 3.)
1209 3897 1235 3923 ‹‹
1270 3875 1335 3928 Et
1367 3891 1479 3928 non
1511 3873 1703 3928 tradat
1744 3889 1878 3929 eum
1928 3875 1984 3929 in
2037 3893 2159 3932 ma-

506 3988 618 4027 nus
647 3967 873 4024 inimici
904 3969 1032 4037 ejus
1065 3965 1199 4035 (2U).
1226 3984 1253 4012 »
1289 3963 1429 4027 Quis
1459 3966 1549 4018 est
1579 3962 1890 4030 inimicus;
1926 3964 2035 4019 nisi
2072 3965 2160 4020 leo

506 4061 603 4117 ille
639 4059 737 4132 qui
788 4057 996 4113 circuit
1043 4054 1306 4125 rugiens,
1339 4067 1606 4123 quaerens
1655 4067 1830 4120 quem
1879 4052 2160 4108 devoret?

505 4149 614 4205 Alii
645 4147 865 4204 habent
893 4144 1073 4200 Graeci
1112 4159 1179 4196 :u
1215 4142 1284 4196 Et
1335 4156 1450 4195 non
1499 4139 1692 4194 tradat
1742 4155 1875 4194 eum
1926 4140 1984 4195 in
2035 4143 2158 4196 ani-

511 4255 636 4294 mas
667 4235 1043 4292 inimicorum
1085 4232 1232 4301 ejus.
1263 4253 1288 4278 ››
1319 4229 1560 4283 Animas
1593 4244 1696 4299 pro
1729 4228 2004 4284 manibus
2053 4247 2157 4302 po-

507 4329 647 4391 suit,
673 4343 739 4381 eo
771 4325 927 4396 quaid
953 4321 1326 4376 inimicorum
1353 4318 1560 4373 animae
1584 4316 1752 4371 bonis
1785 4317 2158 4388 insidientur,

505 4421 561 4468 et
599 4412 1056 4484 cogitationibus
1106 4409 1230 4463 suis
1273 4410 1504 4478 justum
1555 4410 1839 4460 conentur
1881 4413 2156 4463 evertere.

509 4503 794 4557 Dicuntur
823 4503 880 4554 et
909 4500 1116 4552 animae
1169 4512 1271 4568 pro
1322 4493 1681 4550 hominibus.
1707 4517 1732 4540 ‹‹
1769 4494 1985 4548 Omnes
2032 4496 2152 4549 ani-
2188 4523 2234 4587 D

507 4609 611 4646 mae
659 4587 1058 4661 septuaginta,
1093 4603 1220 4656 quae
1253 4583 1684 4640 descenderunt
1737 4581 1795 4636 in
1842 4587 2156 4655 .Egy'ptum

503 4679 659 4748 (Gen.
693 4695 842 4746 xLVI,
875 4680 1040 4747 27),»
1077 4676 1209 4729 Ideo
1243 4680 1299 4726 et
1329 4672 1504 4727 David
1541 4669 1748 4724 maluit
1779 4671 1878 4726 Dei
1912 4687 1973 4726 se
2003 4689 2156 4727 com-

505 4771 734 4825 mittere
784 4765 1077 4840 potestati,
1119 4778 1297 4834 quam
1343 4759 1575 4814 insidiis
1624 4758 2021 4826 inimicorum,
2055 4761 2153 4832 qui

503 4874 738 4931 parcere
769 4873 878 4912 sua
907 4852 1206 4910 voluntate
1234 4849 1546 4905 nescirent.

577 4949 661 5004 12.
699 4945 884 5018 (Vers.
921 4944 998 5015 4.)
1047 4939 1323 5011 Sequitur
1357 4956 1368 4991 :
1404 4963 1428 4985 (ι
1469 4936 1748 4990 Dominus
1799 4955 1964 5008 opem
2014 4940 2156 4993 l'erat

503 5036 586 5090 illi
619 5051 800 5107 supra
830 5034 1044 5088 lectum
1077 5028 1292 5083 doloris
1323 5029 1487 5097 ejus:
1525 5026 1862 5080 universum
1903 5033 2153 5083 stratum

575 5178 686 5249 (19)
723 5178 888 5232 Rom.
925 5173 1064 5228 edit.
1113 5170 1255 5239 sola,
1291 5171 1584 5249 pontiﬁcis
1633 5169 1921 5249 -_m(_zg.ni.....
1946 5179 1996 5223 et
2042 5173 2156 5249 ipse

505 5239 589 5302 ρ.ςὶ
609 5239 928 5319 μνίορὶἰίιιίἰο
975 5260 1086 5319 pro
1115 5243 1377 5319 pecuariis.
1406 5241 1569 5319 tlaud
1619 5240 1794 5319 dubie
1825 5239 1964 5308 quia
2005 5242 2151 5297 allu-

505 5312 636 5374 sum
686 5312 986 5391 putarunt
1022 5315 1092 5370 ad
1116 5312 1280 5391 illud
1335 5312 1506 5391 Iiebr.
1542 5329 1615 5382 IV,
1651 5313 1713 5366 14
1750 5322 2022 5391 χνΕγοντες
2069 5320 2154 5370 οὖν

504 5384 734 5461 ἀρχιερέα
783 5397 961 5458 μέγαν;
996 5394 1052 5442 et
1095 5386 1166 5441 ad
1216 5385 1374 5440 istud
1421 5384 1615 5461 Joan_._
1642 5400 1703 5450 II,
1759 5387 1841 5461 2‘:
1876 5395 1965 5439 Kal.
1993 5393 2151 5461 αὐῖοςε

507 5455 704 5530 estw;
735 5455 834 5516 (an
855 5455 972 5532 -περί
990 5469 1087 5514 τῶν
1107 5465 1356 5532 ἁμαρτξῶν
1385 5463 1544 5532 ἡμῶντ
1569 5455 1983 5532 verumtamen
2008 5457 2155 5532 nihil

505 5527 750 5606 est,'c_ur
794 5527 1098 5606 propterea
1144 5527 1469 5588 versionem
1517 5528 1811 5586 Ambrosii
1861 5528 2153 5593 existime-

505 5619 641 5668 mus
671 5603 1130 5663 immutandum.

2304 512 2544 583 doloris,
2579 514 2690 568 nisi
2722 531 2854 570 caro
2902 513 3296 574 inﬁrmitatis?
3325 520 3385 576 Et
3428 523 3555 580 bene
3573 525 3722 584 lectus
3756 533 3827 588 do-

2303 601 2464 668 loris,
2496 602 2633 674 quia
2679 619 2892 674 corpus
2950 609 3039 658 est
3095 608 3312 675 mortis,
3343 610 3409 664 de
3435 627 3536 682 quo
3570 629 3622 668 se
3657 613 3827 674 liberari

2300 691 2648 762 deprecatur
2691 691 3004 763 Apostolus
3051 695 3218 763 (Rom.
3250 713 3345 762 vn,
3375 689 3483 768 24),
3522 707 3577 754 ut
3616 707 3828 776 tanquam

2300 779 2374 833 de
2402 779 2633 834 tumulo
2664 780 2917 850 quodam
2963 782 3148 852 possit
3188 783 3502 856 adsurgere,
3534 787 3583 841 in
3609 805 3702 859 quo
3723 809 3830 864 aegra

2289 867 2451 937 jacet
2482 867 2697 935 anima,
2721 872 2776 923 et
2805 868 2973 939 quasi
3007 870 3255 941 quodam
3287 871 3559 928 decumbit
3583 875 3631 930 in
3657 868 3826 936 lectulo.

2299 955 2712 1027 Symmachus,
2746 979 2773 1005 ‹‹
2820 955 3034 1012 lectum
3092 959 3335 1014 miseriae
3371 983 3398 1010 »
3445 962 3576 1017 dixit
3611 981 3623 1018 :
3661 968 3827 1038 Aquila,

2299 1068 2326 1093 ‹‹
2358 1045 2669 1116 grabatum
2697 1045 2945 1101 miserim
2970 1065 2982 1102 :
3009 1069 3029 1095 ιι
3055 1049 3381 1118 expressius
3401 1050 3721 1124 Septuaginta
3736 1057 3826 1122 viri,

2295 1157 2320 1181 ‹‹
2356 1132 2570 1188 lectum
2604 1133 2844 1202 doloris,
2873 1157 2895 1186 ι
2929 1140 3279 1207 putaverunt
3305 1153 3428 1193 esse
3455 1139 3726 1196 dicendum.
3752 1143 3828 1200 His

2292 1237 2428 1294 ergo
2458 1223 2762 1278 versiculis
2812 1225 3091 1280 utendum
3124 1230 3213 1280 est
3250 1228 3396 1297 apud
3427 1242 3518 1282 eos
3546 1228 3624 1299 qui
3659 1229 3824 1286 diutius

2291 1311 2631 1366 inﬁrmitate
2663 1312 2924 1383 corporis
2971 1313 3322 1379 detinentur,
3353 1320 3415 1369 ut
3443 1314 3657 1370 habeant
3692 1318 3828 1373 medi-

2292 1398 2482 1454 cinam
2519 1399 2638 1466 Dei,
2669 1416 2788 1471 qua
2834 1400 2963 1456 sani
2992 1417 3120 1456 esse
3170 1407 3504 1458 mereantur.
3537 1404 3706 1458 Lectus
3735 1421 3832 1477 ergo

2291 1486 2498 1540 animae
2531 1503 2664 1542 caro
2714 1487 2949 1542 inﬁrma
2995 1492 3102 1553 est,
3139 1490 3306 1559 cujus
3351 1490 3649 1561 aagritudini
3689 1492 3834 1546 anima

2290 1579 2491 1629 nostra
2519 1575 2835 1645 compatitu
2847 1593 2892 1641 r,
2918 1593 3042 1646 quae
3074 1577 3122 1630 si
3151 1575 3361 1632 habeat
3388 1578 3672 1647 adjutorem
3700 1580 3832 1634 Domi-

2290 1651 2466 1732 num,’
2487 1662 2628 1717 dicit
2655 1663 2706 1718 ei
2741 1680 2800 1717 :u
2837 1665 3041 1736 Surge,
3069 1664 3208 1720 tolle
3238 1664 3445 1721 lectum
3475 1671 3640 1731 tuum,
3666 1671 3713 1721 et
3733 1667 3831 1722 vade

2289 1751 2347 1806 in
2396 1752 2642 1807 domum
2689 1756 2852 1808 tuam
2901 1757 3055 1820 (Luc.
3101 1771 3158 1820 v,
3208 1754 3372 1824 211).»
3403 1756 3514 1819 Quo
3557 1754 3832 1809 confortatus

2285 1839 2388 1896 Dei
2439 1841 2613 1896 verbo
2661 1841 2763 1912 qui
2813 1857 2966 1913 aeger
3009 1847 3158 1911 erat,
3186 1843 3373 1914 surgit
3415 1848 3467 1897 et
3509 1841 3642 1897 tollit
3679 1842 3831 1897 lectum

2285 1945 2459 1984 suum
2492 1928 2551 1982 in
2583 1945 2698 2000 quo
2720 1929 2977 1999 jacebat,
3009 1935 3067 1986 et
3095 1931 3251 1987 redit
3279 1931 3335 1986 in
3368 1935 3568 1987 statum
3597 1931 3834 2002 pristinum

2283 2016 2574 2072 sanitatis.
2609 2018 2726 2073 Hoc
2755 2024 2844 2073 est
2874 2017 2933 2073 in
2966 2019 3210 2074 domum
3245 2036 3413 2076 suam
3464 2020 3675 2092 regredi,
3691 2022 3738 2072 ut
3761 2019 3836 2072 ha-

2281 2105 2421 2160 bitet
2450 2106 2506 2159 in
2529 2105 2826 2162 domicilio
2846 2107 3272 2163 robustissimae
3303 2107 3642 2163 valetudinis.
3659 2105 3738 2169 Qui
3761 2105 3836 2162 ba-

2285 2193 2451 2259 bitat,
2478 2194 2626 2266 regit
2659 2213 2671 2250 :
2708 2196 2809 2266 qui
2845 2197 3015 2267 regit,
3046 2196 3285 2252 virtutis
3313 2196 3480 2251 habet
3520 2195 3616 2250 sibi
3650 2193 3840 2266 gratim

2283 2283 2724 2354 suifragantem.
2775 2283 2886 2339 Sed
2937 2284 3110 2339 etiam
3165 2289 3415 2340 stratum
3461 2299 3666 2338 omnem
3699 2286 3844 2337 venat

2282 2371 2566 2426 Dominus
2597 2370 2657 2424 in
2697 2371 3037 2428 inﬁrmitate
3082 2373 3435 2443 languentis,
3467 2372 3552 2427 cui
3591 2372 3755 2426 adesse
3777 2369 3840 2422 di-

2280 2465 2515 2530 gnatur.
2551 2461 2714 2523 Quod
2761 2466 3044 2528 versatur,
3079 2469 3299 2517 statum
3346 2466 3545 2526 mutat,
3575 2465 3660 2515 aut
3682 2477 3736 2514 ex
3770 2474 3840 2513 sa-

2280 2547 2462 2602 nitate
2490 2547 2548 2602 in
2583 2549 3011 2620 aegritudinem,
3045 2556 3145 2605 aut
3188 2569 3255 2606 ex
3297 2550 3618 2622 egritudine
3644 2548 3702 2602 ad
3727 2546 3838 2602 sani-

2280 2640 2478 2690 tatem.
2515 2635 2618 2690 Hic
2648 2652 2784 2708 ergo
2833 2637 2932 2707 qui
2975 2643 3238 2710 aegrotat,
3274 2643 3459 2694 versat
3502 2653 3559 2692 se
3602 2635 3662 2691 ad
3703 2649 3839 2688 reme-

2279 2724 2443 2778 dium
2478 2724 2766 2780 sanitatis.

2351 2814 2436 2868 13.
2473 2813 2564 2868 Sic
2595 2829 2730 2881 ergo
2776 2813 3060 2870 Dominus
3105 2815 3304 2882 Jesus,
3335 2815 3439 2870 etsi
3469 2813 3760 2869 vulneratus
3780 2812 3841 2862 est

2277 2907 2513 2973 propter
2539 2907 2776 2972 peccata
2824 2909 3044 2969 nostra,
3078 2909 3278 2960 tamen
3313 2921 3426 2959 non
3456 2903 3510 2956 in
3540 2901 3630 2956 illa
3656 2897 3840 2954 inﬁrmi-

2276 2996 2392 3044 tate
2431 2993 2772 3060 permansit,
2805 2991 2905 3044 sed
2953 3008 3016 3046 se
3065 2992 3190 3064 ipse
3221 2992 3471 3048 versavit
3497 2991 3551 3045 in
3581 2987 3756 3044 melius
3789 2983 3839 3038 ad

2276 3078 2678 3132 universorum
2724 3077 2995 3132 salutem.
3049 3080 3254 3151 Itaque
3297 3079 3559 3152 passione
3602 3072 3841 3131 inﬁrmitas

2193 3157 2236 3223 C
2274 3171 2364 3221 est
2393 3167 2604 3232 soluta,
2641 3182 2798 3220 mors
2838 3168 3285 3224 resurrectione.
3318 3169 3476 3222 Sicut
3517 3181 3637 3238 ergo
3665 3179 3716 3219 se
3753 3162 3841 3232 ipse

2272 3256 2522 3309 versavit
2568 3255 2638 3308 ad
2681 3254 3030 3326 populorum
3063 3257 3548 3329 redemptionem,
3578 3270 3666 3310 nec
3705 3245 3844 3306 sensit

2272 3344 2540 3398 aculeum
2599 3343 2825 3412 mortis,
2858 3349 2958 3398 aut
3015 3344 3278 3402 vulneris
3334 3344 3742 3401 inﬁrmitatem:
3776 3336 3840 3392 sic

2272 3448 2403 3486 eum
2438 3431 2536 3503 qui
2567 3431 2623 3485 in
2658 3447 2718 3485 se
2757 3432 2962 3498 credit,
2995 3434 3104 3488 etsi
3133 3435 3399 3505 graviter
3427 3435 3762 3506 mgrotantem,
3790 3427 3839 3477 ut

2271 3539 2303 3574 a
2362 3525 2545 3574 morte
2604 3520 2827 3585 liberet,
2876 3527 3069 3576 versat
3118 3523 3191 3576 ad
3243 3523 3446 3578 vitam.
3487 3523 3691 3576 Omnem
3736 3525 3839 3580 ergo

2271 3615 2539 3674 stratui'n,
2568 3608 2675 3663 hoc
2705 3613 2814 3676 est,
2839 3609 3247 3666 universorum
3280 3611 3582 3666 hominum
3609 3600 3846 3660 inﬁrmita-

2271 3704 2385 3752 tem
2422 3699 2474 3750 in
2510 3713 2618 3751 sua
2660 3697 3002 3752 inﬁrmitate
3050 3700 3324 3755 versavit.
3352 3698 3606 3769 Suscepit
3631 3692 3756 3749 enim
3781 3689 3844 3740 in-

2271 3787 2579 3840 ﬁrmitates
2609 3784 2874 3841 omnium
2926 3786 2985 3840 in
3017 3803 3125 3842 sua
3173 3804 3375 3855 carne,
3409 3785 3579 3842 erexit
3605 3800 3658 3839 se
3683 3781 3728 3835 in
3751 3791 3843 3832 cru-

2269 3892 2416 3942 cem,
2442 3879 2498 3928 et
2528 3873 2778 3929 versavit
2807 3874 3072 3930 omnium
3106 3875 3488 3932 inﬁrmitates
3518 3876 3573 3928 in
3602 3871 3682 3926 sui
3704 3878 3847 3935 corpo-

2270 3963 2350 4018 ris
2383 3963 2741 4018 inﬁrmitate.
2765 3962 2927 4018 Unde
2955 3963 3097 4018 dicit
3127 3965 3314 4021 Isaias
3339 3982 3352 4020 :
3377 3989 3402 4014 u
3432 3965 3619 4019 Livore
3644 3959 3748 4030 ejus
3771 3967 3850 4008 n05

2269 4052 2457 4107 sanati
2507 4068 2715 4106 sumus
2763 4052 2888 4122 (Isa.
2925 4069 3044 4121 LIII,
3075 4054 3151 4124 5).
3180 4075 3209 4103 ››
3244 4054 3474 4110 Habent
3518 4053 3618 4107 hoc
3661 4047 3849 4102 luctato-

2271 4159 2382 4208 res,
2418 4145 2479 4194 ut
2513 4157 2573 4195 se
2621 4139 2941 4212 subjiciant
2970 4141 3042 4196 iis
3082 4142 3305 4214 quibus
3351 4139 3768 4214 congrediuntur
3789 4134 3852 4185 at-

2271 4246 2382 4301 que
2412 4229 2728 4299 luctantur,
2763 4235 2829 4284 ut
2856 4230 3109 4302 opprimi
3154 4248 3334 4302 posse
3384 4231 3686 4293 videantur,
3711 4228 3754 4278 et
3777 4235 3852 4274 su.

2270 4319 2389 4374 bito
2420 4335 2552 4373 eum
2598 4318 2855 4390 superati
2900 4319 3271 4374 aestimantur
3300 4319 3547 4388 elidunt,
3579 4321 3630 4371 et
3653 4308 3851 4385 quadam

2269 4412 2390 4462 arte
2421 4408 2532 4477 (21)
2565 4423 2626 4461 se
2656 4410 2908 4476 versant,
2943 4413 3008 4462 ut
3049 4407 3362 4464 effundant
3406 4406 3752 4478 superiorem.
3777 4396 3854 4450 Ca-

2268 4497 2353 4551 dit
2383 4496 2483 4567 qui
2518 4497 2876 4567 portabatur,
2912 4501 2970 4551 et
3001 4497 3050 4552 is
3079 4497 3180 4568 qui
3214 4497 3508 4569 portabat,
3542 4489 3770 4564 superior
3793 4484 3855 4537 in-

2265 4585 2518 4650 venitur,
2551 4589 2615 4638 ut
2647 4589 2869 4639 sternat
2918 4589 3245 4658 urgentem.
3283 4584 3547 4658 Spiritali
3593 4584 3763 4650 itaque
3788 4589 3859 4645 ρει·

2266 4672 2443 4728 lestra
2473 4673 2760 4728 Dominus
2800 4671 2974 4728 Jesus
3025 4690 3203 4730 onera
3252 4681 3460 4729 nostra
3507 4667 3794 4739 suscipiens
3817 4661 3857 4712 in

2264 4760 2362 4816 illa
2393 4779 2454 4818 se
2495 4761 2788 4833 passmnis
2838 4778 2955 4816 sua
3007 4763 3426 4834 congressione
3475 4758 3726 4830 subjecit,
3752 4749 3859 4808 61in

2265 4850 2630 4905 inﬁrmitatis
2678 4850 2891 4921 specie,
2926 4856 2990 4904 ut
3017 4867 3149 4906 eum
3197 4849 3572 4907 adversarius
3619 4842 3857 4900 hominem

2265 4957 2464 5010 parem
2497 4940 2718 4993 caeteris
2755 4939 3066 5009 judicarct,
3094 4957 3266 5011 quem
3305 4939 3477 4995 facile
3507 4939 3695 5010 posset
3713 4925 3862 5002 oppri-

2265 5045 2442 5095 mere,
2465 5027 2788 5083 divinitatis
2824 5044 2989 5084 arma
3017 5029 3314 5100 deposuit,
3346 5024 3720 5084 humanitatis
3748 5012 3859 5073 8ἵῖ

2336 5172 2445 5243 (20)
2479 5171 2780 5226 Habentur
2808 5187 2875 5225 ea
2914 5172 3086 5226 verba
3131 5171 3189 5226 in
3237 5171 3597 5243 Psalt.mss.
3631 5167 3798 5243 Germ.
3823 5159 3860 5209 et

2264 5237 2438 5300 Carn.
2470 5259 2692 5298 necnon
2728 5243 2892 5297 Rom.
2919 5242 3072 5298 edito
3098 5260 3193 5298 an.
3223 5244 3398 5309 i583;
3433 5242 3492 5297 in
3524 5237 3775 5295 omnibus
3793 5243 3860 5283 au-

2264 5319 2380 5370 tem
2413 5315 2542 5370 aliis
2577 5315 3008 5370 desiderantur.

2336 5387 2446 5467 (21)
2478 5386 2563 5442 Ita
2609 5385 2898 5467 com-Vat.
2947 5391 3004 5441 et
3052 5391 3306 5467 quatuor
3357 5385 3563 5467 Gallic.
3603 5379 3714 5465 .Alii
3750 5385 3859 5467 ξτεςῑέ

2265 5444 2442 5590 odiet,
2468 5474 2596 5588 fam
2651 5459 2966 5517 aestimatur
3017 5444 3187 5521 elidi;
3237 5458 3436 5528 Rom.,
3488 5456 3631 5523 elisi,
3677 5444 3861 5526 Quadam

2265 5546 2330 5589 ar
2387 5574 2400 5590 .
2433 5545 2464 5588 e
2492 5547 2542 5588 ο.

2263 5545 2400 5607 arte,
2433 5545 2542 5588 eto.
