4112 6190
283 221 439 283 1495

281 447 375 498 tor
406 442 757 498 accessitzin
785 445 944 498 costa
972 457 1102 497 eum
1133 439 1246 496 telo
1278 439 1484 496 militis
1512 439 1696 494 voluit
1724 438 1928 493 vulne-

1394 212 1851 280 ENARRA'I‘IO
1892 215 1974 278 IN
2016 211 2389 283 PSALMUM
2437 219 2562 281 XL.

281 355 520 425 tegmen
554 350 1452 427 assumpsit.Securrusvictoriae
1478 351 1716 423 propius
1739 355 1922 404 tenta-
1956 354 2010 418 Α
2043 352 2257 406 moriar

2040 446 2356 495 auctorem.
2393 441 2672 498 Novimus
2704 441 2860 497 enim
2894 441 3048 513 quod
3079 445 3342 512 tempore
3394 440 3687 512 passionis

3445 237 3447 242 ·
3529 218 3686 278 1126

2304 369 2428 424 θεῖε,
2481 369 2604 424 qua:
2657 358 2711 408 te
2758 352 2887 408 novi
2933 351 3060 408 vita:
3118 350 3425 418 arbitrum,
3477 351 3687 407 salutis

285 548 438 600 rare,
484 537 762 604 reputans
807 536 864 587 et
916 531 1070 585 hunc
1120 529 1274 584 sicut
1317 529 1500 583 Adam
1561 545 1663 600 per
1709 531 1931 582 costam
2039 533 2096 584 et
2154 529 2598 585 resurrectionis
2651 531 2899 586 orabant
2946 529 3218 601 discipuli
3287 527 3621 602 congregati
3673 547 3686 583 :

287 637 461 694 posse
501 621 811 692 prosterni.
863 620 971 675 Sed
1028 617 1368 673 vulneratus
1417 616 1593 672 latere
1648 615 1931 671 Dominus

283 710 462 766 Jesus
491 709 673 764 vitam
704 708 976 780 produxit
1019 721 1050 762 e
1099 706 1359 774 vulnere,
1412 704 1712 760 evacuavit
1760 720 1932 760 omne

285 801 618 872 peccatum,
650 796 858 867 dejecit
885 795 1305 862 adversarium,
1339 793 1431 849 cui
1463 798 1711 849 mortem
1755 793 1933 848 latro-

288 888 382 944 nis
412 885 648 958 eripuit,
681 889 738 940 et
784 885 843 938 in
875 883 974 940 illa
1002 885 1094 940 sui
1143 883 1403 956 corporis
1456 881 1759 955 sepultura
1797 897 1930 937 cum

291 975 678 1033 aestimaretur
704 990 1043 1045 oppressus,
1077 973 1257 1028 elisus
1301 990 1410 1028 sua
1463 989 1525 1028 se
1573 971 1785 1026 virtute
1814 987 1935 1026 ver-

292 1064 460 1131 savit,
493 1061 701 1118 cecidit
729 1061 1120 1129 adversarius,
1153 1061 1438 1116 Dominus
1466 1059 1802 1115 resurrexit.

368 1153 451 1208 14.
485 1152 672 1224 (Vers.
704 1150 783 1220 5.)
814 1148 1089 1221 Sequitur
1139 1166 1152 1204 :
1208 1170 1234 1202 ι
1284 1149 1432 1222 Ergo
1473 1148 1632 1204 dixi:
1669 1147 1934 1214 Domine,

297 1241 570 1298 miserere
600 1239 716 1295 mei
748 1255 760 1293 :
796 1255 943 1294 sane.
971 1239 1229 1293 animam
1273 1254 1485 1305 meam,
1521 1237 1660 1309 quia
1708 1235 1937 1308 peccavi

293 1331 420 1386 tibi.
455 1351 482 1381 »
515 1329 710 1385 Potest
749 1332 806 1384 et
851 1345 919 1383 ex
967 1343 1214 1400 persona
1255 1327 1408 1399 regis
1456 1327 1634 1382 David
1661 1325 1771 1380 hoc
1803 1323 1937 1390 dici,

297 1419 396 1492 qui
426 1419 632 1475 videns
663 1417 722 1471 in
754 1416 963 1489 spiritu
995 1420 1219 1471 tantam
1249 1414 1551 1470 victoriam
1583 1417 1640 1468 et
1690 1412 1940 1484 gratiam

297 1507 536 1572 Christi,
593 1505 740 1578 petit
784 1508 850 1559 ut
905 1504 965 1558 in
1019 1503 1120 1558 illa
1170 1502 1514 1558 remissione
1570 1506 1940 1571 peccatorum

300 1595 563 1652 omnium
595 1599 652 1650 et
681 1593 773 1649 sui
796 1593 1178 1659 misereatur;
1212 1590 1490 1663 quoniam
1524 1588 1786 1662 ipse,etsi
1807 1587 1946 1661 legi-

2043 619 2275 688 quando
2317 619 2399 673 eis
2445 618 2628 674 Maria
2661 618 3003 691 Magdalena
3053 617 3439 675 resurrexisse
3496 615 3691 671 Domi-

2042 724 2182 761 num
2217 707 2527 776 nuntiavit,
2557 714 2613 763 et
2643 709 2875 779 quando
2907 709 3014 777 eis,
3046 707 3246 762 clausa
3269 707 3480 777 janua.
3501 705 3691 761 Domi-

2045 812 2157 850 nus
2183 812 2243 851 se
2274 795 2333 850 in
2362 813 2602 868 corpore
2649 796 3093 852 resurrectionis
3140 795 3413 862 ostendit,
3459 793 3693 866 quando

2045 883 2301 938 Thomas
2335 884 2576 939 vulnera
2609 885 2736 955 ejus
2770 874 2991 952 vidit,et
3026 884 3290 939 credidit.
3326 883 3696 939 Insultabant

2045 988 2180 1044 ergo
2223 973 2408 1028 Judaei
2459 973 2627 1045 quasi
2676 979 2926 1040 mortuo,
2960 974 3056 1028 sed
3092 973 3375 1028 Dominus
3404 971 3694 1028 viventem

2045 1077 2106 1116 se
2140 1060 2418 1132 apostolis
2460 1061 2922 1117 revelabat.Cum
2977 1077 3112 1133 ergo
3162 1061 3418 1116 dicerent
3455 1060 3640 1116 Judaei
3679 1078 3690 1115 :

2051 1150 2252 1204 «Ecce
2300 1151 2558 1205 mundus
2610 1157 2768 1206 totus
2818 1155 2950 1222 post
2999 1167 3131 1204 eum
3179 1149 3321 1204 abiit
3363 1149 3542 1220 (Joan.
3593 1165 3694 1214 x11,

2053 1237 2167 1308 19);
2202 1255 2377 1293 neum
2413 1238 2672 1294 dicerent
2698 1240 2835 1310 quia
2868 1238 3237 1293 mirabilibus
3268 1238 3541 1310 operibus
3573 1236 3699 1292 suis

2050 1327 2277 1381 seducit
2301 1327 2750 1400 populum;quid
2787 1327 2940 1383 aliud
2968 1325 3378 1390 dicebaut,nisi
3403 1326 3700 1391 :«Quando

2052 1415 2354 1484 morietur,
2393 1439 2419 1465 ››
2454 1423 2508 1471 et
2541 1416 2752 1488 peribit
2784 1433 2995 1471 nomen
3029 1416 3200 1486 ejus?
3232 1416 3303 1470 Et
3331 1415 3459 1470 ideo
3481 1415 3541 1470 in
3571 1414 3705 1485 ejus

2053 1503 2324 1575 passione
2367 1504 2747 1560 clamabant:
2785 1528 2812 1554 εί
2847 1504 3028 1568 Tolle,
3060 1503 3197 1558 tolle
3245 1521 3279 1557 a
3325 1507 3482 1559 terra
3525 1501 3702 1558 talem

2053 1591 2210 1646 hunc
2243 1609 2255 1646 ε
2292 1592 2691 1664 cruciﬁgatur,
2725 1594 3104 1665 cruciﬁgatur
3145 1594 3319 1662 (Joan.
3350 1607 3469 1658 xm,
3520 1591 3629 1660 15).
3673 1611 3702 1639 »

300 1686 429 1752 bus,
463 1683 632 1756 quasi
663 1698 782 1748 rex,
814 1699 927 1737 non
953 1683 1250 1736 teneretur
1275 1678 1574 1746 humanis,
1606 1682 1942 1778 Deo.ta’men
1980 1715 2029 1778 Β
2059 1681 2297 1734 Factum
2327 1685 2416 1735 est
2446 1683 2600 1753 quod
2633 1683 2785 1738 873
2818 1682 3112 1753 petebant,
3148 1680 3418 1736 sublatus
3465 1697 3500 1736 a
3547 1683 3706 1734 terra

299 1773 617 1830 obnoxium
651 1788 712 1827 se
740 1789 842 1843 pro
876 1771 1126 1843 peccatis
1156 1769 1282 1826 suis
1312 1785 1439 1824 esse
1469 1765 1941 1840 cognoscit.Con-

303 1863 506 1918 ﬁtetur
534 1876 671 1932 ergo
702 1864 1002 1930 peccatum
1035 1875 1244 1926 suum;
1275 1862 1340 1912 ut
1367 1857 1619 1928 accipiat
1646 1855 1945 1911 remissio-

305 1966 461 2016 nem,
513 1952 569 2004 et
624 1946 914 2021 generalis
965 1945 1341 2018 indulgentia
1399 1960 1616 1999 munus
1669 1943 1943 1999 inveniat.

305 2039 518 2105 Potest,
552 2040 608 2093 et
635 2053 704 2092 ex
739 2052 990 2108 persona
1035 2032 1351 2090 Salvatoris
1397 2032 1507 2089 hoc
1548 2031 1814 2104 exprimi,
1848 2031 1945 2103 qui

309 2126 479 2183 nobis
520 2125 980 2182 misericordiam
1037 2123 1136 2178 Dei
1167 2121 1444 2194 postulat,
1476 2127 1533 2177 et
1587 2137 1858 2194 peccasse
1890 2135 1951 2174 se

309 2214 475 2282 dixit,
511 2213 648 2285 quia
695 2229 798 2284 pro
853 2211 1021 2266 nobis
1081 2214 1352 2283 pecatum
1410 2210 1597 2266 factus
1623 2215 1729 2265 est.
1764 2207 1952 2264 Simul

310 2319 418 2359 nos
450 2303 617 2358 docet
646 2317 780 2357 cum
811 2301 870 2355 in
906 2299 1101 2372 aliquo
1132 2315 1340 2354 sumus
1373 2299 1651 2354 adversus
1681 2296 1954 2352 inimicos

309 2391 411 2447 Dei
443 2388 760 2447 certamine
791 2387 1184 2450 constituti.ut
1211 2387 1311 2442 Dei
1358 2386 1740 2459 imploremus
1790 2384 1952 2440 auxi-

308 2479 456 2535 lium
489 2497 502 2535 :
537 2479 646 2551 ipsi
682 2483 916 2550 peccata
963 2482 1164 2533 nostra
1215 2477 1522 2543 fateamur,
1557 2480 1612 2530 et
1641 2479 1780 2530 tunc
1835 2490 1956 2529 ma-

309 2570 463 2624 xime
508 2584 642 2623 cum
690 2584 969 2640 urgemur
1025 2570 1081 2621 et
1139 2565 1401 2632 terimur,
1458 2581 1591 2620 cum
1645 2563 1844 2619 dolore
1901 2567 1958 2617 et

313 2656 706 2714 amaritudine
733 2673 839 2712 nos
871 2660 1334 2728 prosternamus,
1366 2671 1439 2709 ne
1471 2653 1724 2708 tacuisse
1769 2653 1958 2707 videa-

313 2763 478 2816 mur;
512 2761 626 2818 quo
660 2745 951 2800 medicina
997 2743 1168 2799 citius
1218 2743 1434 2799 nostris
1479 2740 1822 2796 vulneribus
1867 2741 1959 2796 de-

315 2835 554 2903 feratur,
589 2837 655 2890 ut
684 2833 873 2890 sanati
905 2832 1235 2887 adversario
1269 2831 1633 2886 resistamus.
1659 2829 1959 2894 Quomodo

315 2923 472 2981 enim
501 2926 689 2995 potest
720 2922 993 2996 congredi
1035 2919 1415 2976 vulneratus?
1467 2919 1628 2975 Unde
1675 2917 1960 2974 discimus

319 3011 459 3085 quia
486 3014 854 3084 peccatorum
895 3013 1227 3065 nostrorum
1276 3007 1494 3064 aculeis
1540 3006 1962 3062 vulneramur?

2058 1773 2168 1832 est,
2229 1770 2563 1839 resurrexit,
2622 1771 2692 1825 ad
2749 1770 2961 1824 caelum
3021 1769 3304 1835 ascendit,
3355 1773 3412 1823 et
3458 1782 3705 1840 regnum

2057 1875 2232 1912 suum
2264 1858 2335 1913 de
2369 1858 2536 1914 nobis
2567 1859 2822 1930 paradisi
2851 1858 3090 1914 sedibus
3122 1855 3456 1913 reformavit
3486 1856 3618 1928 (22).

2133 1947 2217 2000 16.
2253 1946 2436 2017 (Vere.
2461 1949 2542 2015 7.)
2572 1947 2650 2002 De
2680 1948 2836 2002 Juda
2866 1963 3097 2019 quoque
3150 1946 3445 2017 proditore
3474 1944 3709 1999 evidens

2061 2034 2362 2106 prophetia
2391 2035 2722 2091 subtexitur
2754 2036 2810 2090 in
2842 2035 2934 2091 his
2963 2034 3292 2098 versiculis,
3319 2033 3419 2104 qui
3445 2048 3708 2104 sequun-

2061 2129 2156 2177 tur
2191 2141 2202 2177 :
2242 2145 2269 2174 ‹‹
2301 2123 2369 2178 Et
2399 2124 2806 2195 egrediebatur
2845 2130 2910 2179 ut
2954 2124 3175 2178 videret
3206 2123 3338 2193 (23),
3372 2137 3521 2177 vana
3549 2120 3706 2175 locu-

2063 2217 2157 2266 tus
2191 2229 2203 2266 :
2238 2228 2336 2266 cor
2366 2213 2495 2282 ejus
2528 2212 2897 2285 congregavit
2943 2210 3316 2283 iniquitatem
3371 2208 3502 2265 sibi.
3535 2208 3708 2281 Egre-

2064 2301 2333 2370 diebatur
2381 2300 2555 2367 foras,
2616 2306 2673 2357 et
2730 2300 3098 2372 loquebatur.
3151 2321 3178 2346 η
3231 2299 3321 2353 Sic
3369 2296 3712 2353 distinctum

2065 2389 2276 2446 Graecis
2309 2389 2365 2444 in
2399 2390 2699 2446 codicibus
2731 2390 3082 2445 invenimus.
3106 2387 3547 2462 Ingrediebalur
3575 2401 3712 2459 ergo

2063 2479 2248 2534 Judas
2310 2496 2576 2549 quaerens
2633 2480 2874 2550 prodere
2932 2477 3313 2545 Salvatorem,
3370 2480 3436 2531 ut
3496 2475 3716 2531 videret

2067 2568 2202 2638 quid
2257 2571 2472 2639 ageret,
2525 2568 2734 2638 quidve
2785 2568 3152 2640 loqueretur;
3187 2571 3252 2621 ut
3301 2582 3434 2620 eum
3484 2567 3715 2636 caperet

2068 2656 2126 2710 in
2167 2672 2454 2724 sermone,
2507 2660 2564 2712 et
2603 2656 2823 2712 Judais
2864 2656 3242 2711 annuntiaret
3271 2671 3284 2709 :
3316 2655 3414 2709 sed
3443 2651 3588 2707 nihil
3619 2653 3714 2706 in-

2066 2744 2352 2810 veniebat,
2386 2744 2486 2815 qui
2520 2744 2665 2799 nihil
2698 2743 3083 2816 intelligebat.
3120 2744 3272 2798 Bene
3305 2742 3385 2798 ait
3416 2740 3716 2813 Scriptura

2069 2832 2245 2903 (Joan.
2277 2833 2400 2904 xm)
2432 2833 2570 2904 quia
2599 2833 2758 2888 intus
2783 2850 2915 2889 cum
2947 2833 3083 2888 Jesu
3116 2850 3231 2888 non
3272 2834 3396 2886 erat
3435 2830 3571 2902 (2i),
3615 2828 3716 2901 qui

2071 2921 2140 2976 de
2190 2922 2452 2977 doctrina
2497 2923 2625 2992 ejus
2674 2927 3019 2990 recesserat,
3051 2926 3108 2977 et
3139 2919 3539 2976 institutiones
3588 2919 3717 2990 ejus

2072 3009 2404 3082 reliquerat.
2437 3010 2681 3067 Volebat
2710 3012 2945 3078 intrare,
2978 3010 3078 3067 sed
3112 3013 3413 3082 penetrare
3456 3024 3571 3063 non
3616 3024 3716 3080 po-

319 3100 548 3156 Vulnus
595 3098 887 3155 medicum
939 3098 1167 3170 quaerit,
1217 3097 1479 3152 medicus
1534 3095 1960 3152 confessionem
1992 3078 2034 3144 C
2072 3105 2250 3167 terat;
2285 3100 2423 3171 quia
2469 3117 2602 3156 eum
2658 3117 2764 3157 sua
2813 3078 3154 3156 excludebat
3200 3097 3462 3171 perﬁdia.
3512 3078 3717 3152 Omnis

322 3188 519 3262 exigit.

396 3280 482 3333 15.
516 3278 705 3350 (Vere.
737 3278 816 3345 6.)
849 3276 994 3331 Hinc
1027 3291 1259 3346 quoque
1291 3273 1480 3346 magis
1513 3289 1578 3328 ac
1607 3272 1795 3345 magis
1835 3289 1965 3344 ape-

325 3367 438 3424 rire
467 3366 726 3423 Salvator
754 3368 1184 3420 sacramentum
1235 3378 1351 3416 suae
1400 3360 1604 3432 incipit
1650 3360 1963 3432 passionis,

324 3457 478 3530 quod
510 3471 645 3511 cum
674 3452 985 3525 Evangelio
1010 3450 1363 3506 concordare
1409 3465 1523 3504 non
1571 3449 1814 3503 dubium
1856 3456 1962 3504 est.

322 3545 467 3601 Nam
501 3541 926 3598 maledicebant
955 3539 1006 3594 ei
1037 3538 1246 3605 Judaei,
1282 3542 1526 3592 mortem
1566 3539 1696 3606 ejus
1744 3543 1968 3608 expete-

320 3635 487 3698 bant,
516 3630 934 3695 insidibantur,
967 3627 1271 3699 urgebant,
1305 3634 1657 3681 crescentem
1706 3625 1968 3697 quotidie

321 3719 570 3793 gloriam
600 3719 728 3788 ejus
760 3716 952 3788 cperis
985 3734 1098 3770 non
1133 3714 1526 3770 ferentesﬂoc
1555 3731 1690 3786 ergo
1724 3714 1962 3786 prophe-

319 3809 404 3865 tia
434 3806 763 3872 annuntiat,
796 3806 949 3876 quod
980 3804 1040 3858 in
1071 3801 1380 3875 Evangelio
1426 3802 1781 3874 completum
1829 3805 1917 3857 est
1949 3821 1962 3858 :

325 3920 352 3948 »
384 3895 612 3954 Inimici
663 3894 776 3950 mei
827 3894 1098 3948 dixerunt
1153 3891 1309 3946 mala
1339 3891 1485 3946 mihi
1518 3909 1530 3946 :
1567 3891 1808 3955 Quando
1840 3909 1963 3946 mo-

323 3987 523 4052 rietur,
569 3988 627 4040 et
657 3983 869 4056 peribit
925 3999 1136 4038 nomen
1181 3980 1346 4052 ejus?
1378 4003 1405 4029 »
1435 3984 1711 4037 Amentes
1751 3981 1854 4052 qui
1884 3980 1962 4034 vi-

322 4081 393 4130 tae
442 4078 742 4130 auctorem
796 4071 944 4127 mori
975 4087 1146 4143 posse
1191 4071 1506 4126 credebant
1538 4088 1550 4125 :
1584 4069 1687 4126 sed
1715 4074 1848 4125 vota
1878 4086 1968 4125 eo-

322 4181 452 4220 rum
519 4161 773 4219 Ecclesia
843 4160 1198 4226 destruebat,
1273 4159 1513 4214 credens
1572 4159 1726 4229 quod
1789 4158 1966 4214 etiam

324 4258 592 4309 mortuus
648 4250 974 4306 secundum
1033 4247 1292 4320 corporis
1343 4247 1735 4303 conditionem
1791 4263 1965 4302 suum

326 4357 536 4396 nomen
560 4343 830 4412 augeret;
864 4343 920 4394 et
948 4337 1078 4393 ideo
1109 4335 1396 4409 psallebat
1425 4336 1478 4391 ei
1509 4335 1707 4390 dicens
1743 4351 1755 4389 :
1790 4356 1817 4384 «
1848 4335 1963 4390 Me-

2073 3189 2228 3245 enim
2275 3188 2630 3262 impudicus,
2663 3195 2764 3244 aut
2796 3192 3133 3253 avarus,aut
3163 3185 3508 3242 immundus
3541 3183 3720 3255 (quod

2074 3282 2162 3333 est
2192 3277 2479 3333 idolorum
2512 3278 2784 3348 servitus)
2827 3294 2943 3332 non
2992 3277 3167 3332 habet
3215 3273 3615 3330 hereditatem
3661 3271 3720 3326 in

2075 3383 2252 3438 regno
2283 3366 2494 3422 Christi
2528 3371 2585 3422 et
2618 3366 2734 3421 Dei.
2768 3366 2893 3421 Non
2927 3365 3116 3420 solum
3149 3379 3285 3435 ergo
3325 3359 3549 3434 ingredi
3597 3377 3719 3415 mo-

2075 3453 2343 3521 liebatur,
2378 3458 2435 3509 et
2466 3471 2579 3508 non
2613 3453 3082 3526 ingrediebatur;
3135 3453 3236 3508 sed
3274 3451 3448 3506 etiam
3494 3448 3724 3504 volebat

2073 3542 2288 3613 videre,
2320 3547 2376 3597 et
2406 3559 2520 3597 non
2552 3543 2803 3598 videbat.
2855 3543 3115 3612 Denique
3155 3540 3504 3611 loquebatur
3549 3538 3723 3593 Jesus

2075 3632 2134 3686 in
2185 3631 2500 3702 parabolis,
2533 3631 2634 3687 sed
2693 3648 2809 3686 non
2868 3630 3139 3685 audiebat
3194 3629 3399 3684 Judas.
3461 3627 3723 3698 Denique

2075 3719 2270 3775 divina
2300 3737 2414 3776 non
2444 3721 2675 3776 videbat
2705 3719 3013 3793 mysteria;
3050 3734 3161 3772 non
3196 3716 3349 3771 enim
3377 3732 3581 3770 omnes
3613 3732 3720 3769 au-

2076 3809 2245 3866 diunt
2273 3811 2512 3866 verbum
2542 3809 2664 3876 Dei,
2699 3808 2796 3881 qui
2849 3807 2956 3863 sibi
3003 3805 3274 3860 videntur
3310 3803 3529 3858 audire.
3571 3803 3718 3857 Nam

2076 3901 2125 3956 si
2157 3916 2360 3955 omnes
2413 3900 2701 3965 audirent,
2735 3914 2848 3952 non
2896 3895 3115 3950 diceret
3143 3893 3314 3949 Jesus
3349 3909 3361 3947 :
3393 3915 3419 3940 «
3455 3891 3560 3955 Qui
3610 3890 3721 3944 ha-

2076 3989 2172 4044 bet
2224 4005 2392 4044 aures
2441 3987 2736 4054 audiendi,
2771 3985 2971 4042 audiat
3012 3985 3163 4056 (Luc.
3214 3984 3361 4054 vui).
3419 4005 3444 4029 ››
3496 3982 3562 4036 Et
3591 3980 3720 4035 ideo

2077 4077 2215 4148 quia
2256 4093 2372 4132 non
2416 4077 2710 4143 audiebat,
2762 4092 2950 4148 neque
3000 4074 3193 4130 videre
3242 4076 3483 4145 poterat,
3519 4071 3719 4142 loque-

2075 4166 2247 4220 batur
2292 4183 2438 4220 vana
2487 4182 2590 4237 pro
2634 4165 2802 4233 veris,
2837 4168 2894 4219 et
2924 4162 3168 4236 putabat
3200 4160 3355 4232 quod
3386 4159 3589 4215 Jesum
3621 4156 3722 4212 fal-

2074 4253 2219 4308 leret
2248 4255 2448 4308 dicens
2484 4271 2495 4308 :
2530 4276 2557 4302 «
2593 4253 2784 4308 Potuit
2812 4251 2921 4306 hoc
2949 4247 3292 4314 venundari,
3323 4251 3380 4302 et
3411 4246 3535 4304 dari
3576 4263 3719 4318 pau-

2074 4342 2312 4413 peribus
2343 4343 2550 4413 (Matth.
2591 4358 2742 4408 xxvr,
2771 4341 2922 4410 9);»
2976 4355 3109 4394 cum
3171 4336 3340 4392 furtis
3400 4336 3542 4400 suis,
3603 4350 3720 4390 non

323 4447 452 4486 mor
481 4447 578 4486 ero
607 4428 863 4484 nominis
894 4428 977 4482 tui
1012 4427 1070 4480 in
1102 4425 1260 4480 omni
1292 4423 1662 4496 generatione
1693 4427 1747 4478 et
1791 4439 1962 4496 gene-
1995 4444 2041 4508 D
2076 4431 2430 4503 pauperibus
2463 4430 2808 4502 provideret,
2843 4426 3146 4499 appellans
3179 4426 3364 4481 rabbi.
3396 4425 3541 4480 Nam
3575 4441 3720 4496 quo.

322 4519 610 4574 rationem
642 4517 810 4589 (Psal.
845 4532 996 4584 κων,
1027 4514 1133 4585 18).
1167 4535 1194 4562 ››
1222 4513 1539 4584 Repetebat
1570 4530 1588 4564 :
1620 4533 1646 4560 ‹‹
1679 4511 1960 4582 Unguen-

323 4611 452 4663 tum
499 4606 862 4663 exinanitum
911 4609 1002 4660 est
1054 4617 1266 4657 nomen
1317 4605 1484 4655 tuum
1515 4599 1699 4668 (Cant.
1733 4617 1771 4666 ι,
1805 4599 1883 4669 2).
1934 4623 1961 4647 ››

323 4696 646 4753 Morientur
668 4693 776 4762 illi,
810 4693 910 4765 qui
943 4697 996 4747 te
1025 4691 1172 4746 mori
1213 4705 1382 4762 posse
1409 4693 1771 4761 praesumunt
1801 4707 1813 4744 :
1851 4705 1964 4743 non

417 4893 507 4962 22)
558 4891 736 4962 Rom.
761 4889 912 4962 edit.
965 4887 1107 4954 sola,
1154 4886 1223 4962 de
1271 4888 1426 4962 noris
1472 4885 1724 4954 paradisi
1751 4885 1965 4962 sedibus

322 4960 660 5033 νεῖον-Μανῆ.
721 4961 909 5033 Magis
961 4961 1286 5033 commode,
1337 4960 1400 5012 de
1450 4961 1639 5033 nobis;
1690 4975 1826 5033 cum
1874 4960 1964 5033 hic

324 5028 534 5089 sensus
565 5032 694 5087 elici
719 5049 787 5087 ex
816 5028 946 5086 istis
965 5031 1157 5086 verbis
1206 5046 1375 5101 posse
1421 5029 1689 5084 videatur
1723 5046 1734 5082 :
1765 5028 1964 5101 Chris-

321 5109 418 5160 tus
449 5105 507 5159 in
539 5103 794 5175 paradisi
827 5103 1067 5175 sedibus
1099 5099 1341 5175 regnum
1375 5117 1548 5175 suum
1583 5102 1654 5154 de
1685 5099 1853 5175 nobis
1883 5115 1968 5154 re-

323 5171 618 5240 formavit,
669 5175 824 5246 quod
873 5171 1590 5246 nimirum'perduellium
1623 5171 1965 5243 angelorum

323 5265 462 5304 casu
523 5244 710 5302 fuerat
739 5245 1174 5317 quodammodo
1205 5244 1617 5317 deformatum.

397 5320 507 5389 (23)
536 5311 931 5389 Eadem-edit.
957 5317 1150 5380 Rom.,
1180 5316 1244 5370 Et
1296 5313 1708 5389 digrediebatur
1736 5319 1798 5367 ut
1826 5311 1966 5389 uitie-

322 5384 438 5446 ret':
465 5384 522 5444 in
555 5405 670 5446 auo
701 5405 816 5444 non
849 5387 1040 5443 solum
1071 5404 1205 5442 cum
1238 5384 1512 5441 omnibus
1533 5385 1796 5441 omnium
1831 5384 1971 5438 idio-

317 5465 550 5524 matum
570 5457 878 5517 Psalteriis
902 5458 1190 5530 convenit,
1212 5457 1312 5513 sed
1346 5457 1520 5514 etiam
1551 5473 1686 5530 cum
1718 5457 1970 5530 ipsemet

319 5532 628 5598 Ambrosio
693 5531 846 5590 intra
895 5547 908 5589 :
970 5529 1350 5603 Ingediebamr
1385 5544 1519 5604 ergo
1581 5528 1770 5601 ludas,
1833 5531 1966 5598 eto.,

2075 4521 2248 4575 modo
2282 4520 2575 4574 doctorem
2609 4515 2936 4589 appellabat
2966 4533 2998 4570 a
3024 4516 3196 4586 cujus
3229 4516 3339 4586 (25)
3384 4513 3720 4587 magisterio

2076 4609 2380 4674 deviabat;
2416 4608 2700 4678 cujusque
2748 4622 2846 4661 cor
2897 4606 2977 4677 (in
3028 4605 3180 4676 quod
3235 4621 3294 4659 se
3346 4603 3720 4658 immerserat

2075 4695 2364 4766 diabolus)
2396 4695 2786 4768 congregabat
2816 4695 2926 4750 sibi
2958 4698 3015 4749 et
3053 4693 3305 4766 augebat
3335 4687 3720 4763 iniquitates?

2076 4878 2175 4933 sed
2207 4876 2276 4932 ab
2307 4876 2582 4932 omnibus
2627 4876 2891 4946 ejusdem
2941 4871 3148 4946 Patris
3174 4889 3314 4926 mss.
3364 4874 3536 4946 atque
3569 4867 3716 4946 edit:

2077 4952 2312 5006 recedit.
2345 4949 2504 5012 Quod
2540 4937 2674 5003 vero"
2701 4956 2851 5019 post,
2883 4958 2930 5001 et
2967 4944 3308 5019 loquebatur,
3342 4937 3523 5019 add—it,
3556 4940 3616 4992 in
3662 4937 3720 4991 id

2075 5025 2256 5094 ipsum
2287 5040 2304 5075 :
2334 5020 2393 5075 in
2427 5020 2543 5094 hoc,
2567 5011 2752 5094 neque
2777 5011 2909 5094 cum
2946 5011 3087 5094 mss.
3122 5018 3177 5068 et
3207 5012 3335 5094 aliis
3362 5011 3500 5066 edit.
3531 5025 3718 5080 neque

2077 5083 2208 5148 cum
2243 5093 2372 5164 ipsa
2403 5083 2681 5164 orationis
2709 5090 2856 5164 serie
2885 5087 3036 5164 satis
3060 5083 3346 5164 congruit.

2149 5155 2424 5235 (211)-Mss.
2460 5163 2606 5218 Vict.
2636 5167 2692 5217 et
2721 5160 2905 5222 Colb.,
2940 5158 3071 5229 quia
3099 5155 3248 5210 intus
3277 5171 3401 5210 eum
3435 5155 3586 5209 Iesus
3613 5167 3716 5206 Ino-
3815 5157 3826 5172 ‘

2076 5245 2258 5379 υεῖὲἕ)
2290 5306 2439 5379 Edit.
2476 5319 2680 5358 omnes
2712 5316 2777 5379 ac
2807 5317 2950 5379 mss.
2984 5297 3226 5379 aliquot,
3251 5297 3530 5379 appella-ne
3562 5293 3720 5379 ναί)ᾴί

2076 5367 2623 5452 atq‘ue'ctoctoremta
2650 5375 2844 5452 cujus,
2876 5375 2984 5452 etc,
3032 5367 3368 5452 Elegantius
3417 5368 3542 5425 cod.
3592 5367 3713 5423 Vat.

2078 5442 2211 5508 cum
2243 5446 2535 5523 plerisque
2564 5442 2764 5502 Gallic.
2789 5446 2854 5501 ut
2883 5442 2944 5500 in
2965 5446 3145 5500 textu.
