4146 6190
534 297 690 358 1127
967 343 974 345 -
1978 291 2041 353 S.
2090 286 2171 351 Ah

2182 289 2462 352 [BROSII
2837 307 2850 312 ‘
3703 307 3819 368 uss

532 429 656 485 Sibi
702 427 857 482 enim
905 430 1030 480 erat
1079 424 1341 496 iniquus,
1383 424 1496 479 sibi
1537 424 1816 494 injustas,
1852 423 1963 479 sibi
1997 423 2180 478 delin—
2213 429 2267 490 Α
2299 423 2574 480 bescebat
2617 425 2882 496 ingratus
2911 421 3282 495 deprehendi,
3313 429 3644 487 erubescebat
3667 451 3824 496 avarus

527 515 870 590 quebat,qui
906 514 1062 577 intra
1108 529 1170 576 se
1200 512 1401 570 dolum
1426 511 1840 580 meditabatur,
1875 511 1976 584 qui
2005 511 2186 568 latere
2293 512 2504 581 videri;
2539 529 2673 569 cum
2704 529 2808 585 pro
2837 512 3087 585 pecunia
3115 515 3356 570 auctoris
3385 517 3468 572 sui
3493 517 3702 578 salutem
3726 542 3822 596 pro-

527 621 640 660 non
676 607 921 682 poterat.
945 603 1066 657 Non
1096 603 1253 658 enim
1286 601 1854 658 circumveniebatur
1881 599 2184 670 Jesus,qui
2293 601 2454 657 deret
2501 620 2513 658 :
2551 601 2933 658 erubescebat
2983 602 3165 657 videri
3216 604 3475 674 perﬁdus.
3519 607 3748 667 Similiter
3788 620 3828 671 et

525 693 885 764 prodebatur
913 692 1134 758 volens,
1167 697 1224 747 et
1253 691 1680 747 testificabatur
1712 707 1724 745 :
1761 713 1788 740 ‹‹
1827 689 1985 745 Unus
2005 707 2072 744 ex
2091 705 2185 744 vo-
2290 689 2480 747 Judaei
2511 691 2610 763 qui
2643 691 2924 747 adversus
2967 691 3100 746 ﬁdei
3141 691 3466 764 magistrum
3511 695 3661 754 falsos
3696 704 3824 759 testes

524 769 616 838 bis
649 799 743 848 me
772 783 961 844 tradet
991 783 1176 853 (Joan.
1211 799 1338 845 xm,
1368 781 1481 850 21).
1518 802 1546 828 n
1588 779 1849 851 Denique
1879 779 2182 834 confessus
2291 780 2497 851 perﬁdi
2530 780 2954 845 subornabant,
2985 784 3050 834 ut
3076 780 3328 836 dicerent
3353 799 3416 838 eo
3436 785 3573 854 quod
3598 788 3829 857 praedicas-

524 875 614 936 est
660 871 866 939 Judas,
911 871 1109 927 dicens
1162 885 1174 923 ε
1231 892 1259 920 ‹‹
1311 868 1612 940 Numquid
1671 884 1775 940 ego
1827 884 1983 934 sum,
2015 866 2179 922 rahhi
2291 872 2381 924 set
2409 868 2695 940 templum
2725 868 2826 924 Dei
2847 868 3004 940 quod
3034 868 3301 924 Salomon
3322 871 3576 943 condidit,
3597 873 3824 932 destruen-

524 959 734 1030 (Matth.
767 976 919 1024 xxvr,
949 959 1083 1030 25)?
1135 981 1162 1008 ››
1217 959 1282 1013 Et
1335 957 1620 1014 Dominus
1665 957 1748 1012 ait
1798 974 1810 1011 :
1852 979 1872 1005 α
1910 957 1998 1011 Tu
2032 955 2179 1010 dixi-
2289 957 2463 1024 dum;
2497 974 2630 1012 cum
2661 955 2758 1012 ille
2801 956 2872 1012 de
2918 956 3133 1028 templo
3181 957 3274 1012 sui
3313 959 3554 1030 corporis
3577 960 3830 1033 signiﬁcas-

525 1048 598 1104 sti
648 1047 806 1118 (Ibid.
840 1069 868 1097 »
901 1049 1015 1103 Nec
1064 1047 1149 1104 sic
1201 1046 1487 1102 intellexit
1531 1047 1715 1102 Judas
1765 1045 1921 1116 quod
1970 1060 2178 1116 cogno-
2289 1050 2378 1101 set
2410 1062 2422 1099 :
2460 1069 2487 1095 «
2522 1044 2737 1102 Solvite
2767 1045 3208 1118 hoc:templum,
3241 1051 3296 1102 et
3323 1047 3378 1101 in
3407 1047 3580 1104 triduo
3605 1051 3828 1108 suscitabo

525 1141 807 1202 sceretur.
885 1137 1032 1191 Nam
1103 1135 1153 1191 si
1223 1134 1627 1204 intellexisset,
1693 1151 1808 1190 non
1889 1133 2179 1205 prodidis-
2287 1134 2434 1190 illud
2467 1136 2645 1206 (Joan.
2682 1149 2743 1202 ιι,
2779 1135 2897 1207 19);
2933 1157 2960 1184 ››
2993 1151 3124 1191 vere
3153 1135 3291 1192 foris
3334 1141 3507 1204 erant,
3538 1138 3647 1209 quia
3678 1141 3829 1212 cogni-

523 1230 632 1283 set.
2288 1224 2447 1280 tione
2472 1223 2646 1278 Verbi
2679 1221 2932 1280 caelestis
2960 1228 3124 1279 erant
3151 1223 3386 1280 exclusi.

597 1316 682 1369 1⁸7.
717 1314 832 1380 Sed,
869 1312 1278 1382 nihilominus,
1307 1336 1337 1364 «
1373 1317 1431 1370 et
1461 1312 1875 1385 egrediebatur
1903 1311 2079 1376 foras,
2125 1315 2181 1366 et
2358 1312 2445 1368 l9.
2478 1312 2664 1383 (Vera.
2697 1313 2775 1383 9.)
2815 1334 2842 1362 «
2881 1310 3162 1379 Verbum,
3209 1312 3414 1384 inquit,
3460 1314 3688 1385 iniquum
3721 1332 3832 1386 pro-

523 1403 894 1476 loquebatur.
932 1426 958 1451 ››
992 1405 1176 1475 Aptus
1225 1401 1550 1459 versiculus
1605 1402 1916 1457 adversum
1949 1416 2047 1455 eos
2077 1399 2178 1470 qui
2287 1405 2615 1472 posuerunt
2643 1401 2952 1456 adversum
2983 1417 3096 1468 me,
3129 1421 3157 1450 κ
3190 1401 3248 1456 id
3279 1405 3385 1469 est,
3415 1400 3717 1469 illicitum,et
3739 1420 3834 1460 con-

523 1495 811 1552 secretum
865 1490 1114 1561 alicujus
1155 1492 1428 1562 produnt.
1479 1488 1727 1546 Pulchre
1759 1489 1839 1543 ait
1873 1505 1884 1542 :
1921 1512 1947 1538 ‹‹
1999 1488 2175 1559 Egre-
2288 1496 2378 1545 tra
2398 1490 2503 1560 jus
2532 1492 2589 1544 et
2617 1489 2704 1544 fas
2735 1505 3066 1545 sermonem
3091 1490 3656 1561 proposuerunt,mihi
3681 1491 3834 1546 facien-

523 1581 788 1644 diebatur
819 1579 1010 1646 foras;
1050 1603 1076 1628 »
1109 1579 1250 1634 foris
1275 1579 1437 1634 enim
1466 1578 1610 1649 lupi,
1647 1578 1790 1632 foris
1822 1576 2125 1648 praedones
2159 1592 2171 1629 :
2286 1582 2373 1633 tes
2403 1578 2474 1632 de
2505 1577 2763 1632 humano
2813 1578 3100 1650 sanguine
3139 1578 3450 1650 pactiones,
3481 1595 3634 1651 quem
3661 1578 3836 1635 scelera-

522 1670 690 1726 intua
714 1669 944 1742 Moyses
979 1668 1035 1721 in
1068 1667 1222 1722 nube
1254 1684 1388 1721 cum
1409 1667 1570 1733 Jesu,
1596 1666 1736 1720 foris
1768 1665 1954 1720 Judaei
1982 1664 2176 1720 :intus
2289 1667 2520 1722 tissime
2547 1666 2809 1722 vendidit
2843 1666 3031 1722 Judas
3065 1685 3076 1722 :
3108 1666 3294 1722 Judaei
3337 1683 3554 1739 quoque
3598 1668 3836 1724 emendum

521 1757 830 1820 Zacharias
878 1756 1152 1810 sacerdos
1198 1755 1257 1810 in
1308 1754 1551 1826 templo,
1605 1754 1745 1809 foris
1790 1753 2105 1810 multitudo
2157 1769 2170 1809 :
2211 1791 2258 1856 Β
2292 1772 2407 1810 non
2443 1755 2668 1810 minore
2699 1755 2917 1811 scelere
2958 1755 3351 1823 crediderunt,
3391 1755 3664 1812 vanissimi
3702 1754 3838 1810 homi-

521 1845 682 1902 intus
709 1843 955 1915 spiritus
986 1846 1226 1897 sanctus
1275 1843 1334 1897 in
1383 1842 1656 1898 cordibus
1701 1843 1918 1897 nostris
1969 1840 2182 1896 clamat
2211 1840 2257 1856 "
2291 1859 2429 1911 nes;
2465 1842 2634 1914 quasi
2667 1865 2694 1891 «
2730 1842 2830 1914 qui
2880 1843 3116 1912 dormit,
3169 1843 3380 1915 inquit,
3431 1860 3538 1898 non
3582 1843 3840 1914 adjiciatut

523 1933 595 1998 ad
620 1931 1019 1998 Patrem,foris
1044 1930 1412 1986 adversarius
1437 1934 1634 1986 noster
1655 1930 1810 1985 sicut
1835 1929 1924 1985 leo
1973 1929 2183 2001 pevigi-
2293 1937 2561 2002 resurgat
2616 1930 2820 2000 (Ibid).
2867 1952 2894 1979 ››
2943 1930 3092 1994 Quid
3151 1931 3229 1986 sit
3286 1930 3542 2002 adjectio,
3591 1929 3840 1986 considere.

523 2021 607 2086 lat
637 2021 709 2082 ad
743 2019 1006 2091 rapinam
1035 2037 1046 2072 :
1076 2018 1216 2074 foris
1249 2018 1702 2083 infideles,intus
1735 2017 2032 2073 ﬁdeles.Et
2049 2017 2178 2072 ideo
2291 2036 2443 2074 mus.

521 2125 630 2174 eos.
652 2109 751 2182 qui
785 2108 927 2164 foris
959 2113 1117 2175 sunt,
1144 2107 1438 2178 judicabit
1469 2113 1620 2162 Deus
1656 2124 1668 2161 :
1704 2123 1802 2162 eos
1832 2110 2027 2162 autem
2079 2109 2177 2178 qui
2358 2109 2446 2162 20.
2482 2107 2758 2163 Naturale
2790 2112 2882 2164 est
2909 2107 3184 2165 omnibus
3215 2108 3460 2164 terrenis
3505 2105 3842 2170 animantibus,

522 2199 684 2254 intus
713 2196 1148 2264 sunt,Christus
1167 2195 2060 2267 absolvit.Egrediebaturigitur
2080 2194 2177 2250 Ju-
2287 2202 2346 2252 et
2373 2195 2708 2252 volatilibus
2733 2195 2945 2264 coeli,et
2976 2197 3241 2268 piscibus
3269 2196 3448 2253 maris
3479 2195 3623 2252 nasci
3645 2198 3690 2250 et
3703 2193 3840 2256 mori;

521 2285 628 2340 das
658 2287 717 2338 et
746 2281 1548 2355 loquebatur.Egrediebatur
1577 2283 1648 2336 de
1680 2282 1813 2350 ﬁde;
1844 2282 2176 2353 egredieba-
2287 2285 2512 2340 homini
2543 2300 2677 2340 vero
2707 2300 2878 2355 quem
2915 2285 3318 2357 pretiosiorem
3351 2283 3565 2340 caeteris
3597 2287 3732 2340 terra
3753 2279 3848 2335 ani-

521 2377 620 2426 tur
639 2372 710 2426 de
732 2371 979 2426 concilio
1001 2376 1058 2425 et
1079 2387 1324 2426 numero
1344 2370 2178 2443 apostolorum;egrediebatur
2288 2374 2591 2428 mentibus
2651 2373 2804 2429 Deus
2864 2374 3096 2440 fecerat,
3131 2373 3284 2430 hanc
3342 2373 3614 2446 pracipue
3662 2368 3850 2425 contulit

523 2461 594 2520 de
623 2460 884 2522 convivio
914 2459 1126 2514 Christi
1145 2460 1215 2514 ad
1239 2459 1607 2515 latrocinium
1635 2460 1888 2524 diaboli;
1922 2459 2176 2531 egredie-
2285 2462 2557 2534 gratiam,
2591 2466 2656 2517 ut
2685 2466 2957 2518 mortuus
2991 2463 3317 2518 reviviscat.
3351 2462 3480 2518 Haec
3515 2476 3636 2532 ergo
3661 2455 3850 2530 adjectio

523 2550 695 2610 batur
724 2549 794 2604 de
825 2547 1010 2622 gratia
1040 2548 1524 2604 sanctiﬁcationis
1546 2549 1616 2604 ad
1643 2547 1920 2620 laqueum
1943 2549 2171 2615 mortis,
2284 2550 2518 2616 dicitur,
2551 2551 2622 2606 ad
2653 2549 3086 2606 renovationem
3117 2550 3250 2606 vitae
3303 2548 3626 2622 superioris.
3654 2546 3852 2616 Denique

523 2638 624 2711 qui
680 2654 830 2692 vana
883 2637 952 2691 ad
1009 2636 1261 2710 perﬁdos
1335 2634 1714 2708 loquebatur;
1770 2637 2174 2709 egrediebatur
2283 2643 2340 2694 et
2369 2638 2623 2695 Ezechim
2656 2639 2775 2710 regi
2810 2655 2946 2694 cum
2969 2631 3850 2712 prascripsissetDominus,quod

520 2727 698 2795 foras,
733 2727 831 2798 qui
858 2726 983 2780 vita:
1015 2731 1242 2782 aeterna
1275 2725 1552 2796 mysteria
1575 2725 1971 2798 relinquebat;
2006 2741 2171 2798 egre-
2281 2728 2410 2783 vita;
2457 2745 2577 2784 sua:
2628 2733 2861 2800 tempus
2903 2727 3211 2798 implesset
3245 2746 3259 2784 :
3295 2733 3352 2783 et
3380 2744 3481 2799 per
3507 2727 3692 2782 Isaiam
3733 2737 3852 2775 man-

521 2816 813 2881 diebatur,
845 2815 944 2886 qui
976 2815 1291 2886 Scripturaa
1332 2814 1611 2869 interiora
1658 2831 1774 2869 non
1821 2820 2076 2870 noverat.
2112 2814 2172 2869 Si
2282 2817 2573 2881 dasset,ut
2601 2815 2898 2870 ordinaret
2928 2816 3172 2870 domum
3201 2833 3412 2884 suam;
3447 2813 3576 2888 quia
3602 2811 3856 2868 moriturus

524 2903 679 2958 874
708 2903 864 2958 enim
895 2902 1122 2970 scisset,
1156 2901 1538 2957 intellexisset
1567 2903 1856 2974 dicentem
1884 2919 1895 2956 :
1935 2925 1962 2953 «
1991 2901 2168 2956 Num-
2281 2909 2436 2959 esset
2464 2910 2638 2975 atque
2670 2902 2764 2958 ille
2794 2907 3018 2958 orasset
3059 2905 3130 2959 ad
3180 2904 3524 2969 Dominum,
3574 2905 3625 2956 et
3667 2897 3858 2953 ﬂevisset

522 2992 664 3063 quid
696 2991 798 3063 qui
827 2991 1064 3059 dormit,
1095 3008 1209 3045 non
1243 2991 1478 3060 adjiciet
1500 2995 1564 3046 ut
1591 2991 1911 3064 resurgat?
1944 3014 1971 3039 »
2003 2990 2172 3045 Intel-
2281 2993 2417 3048 ﬂetu
2479 3008 2719 3064 magno;
2781 2991 3059 3046 misertus
3117 2991 3412 3048 Dominus
3468 2985 3732 3046 mandavit
3764 2983 3803 3040 ei
3842 2997 3853 3035 ἱ

521 3079 759 3135 lexisset
787 3080 961 3135 etiam
995 3079 1135 3135 illud
1171 3080 1310 3134 :«Tu
1342 3096 1474 3134 vero
1507 3080 1679 3134 homo
1714 3079 2030 3145 unanimis,
2052 3080 2170 3133 dux
2283 3105 2309 3130 ‹‹
2346 3082 2486 3136 Ecce
2516 3079 2727 3149 adjicio
2775 3079 2845 3133 ad
2887 3082 3124 3150 tempus
3154 3084 3334 3136 tuum
3376 3096 3556 3136 annos
3591 3070 3858 3149 quindecim

524 3185 689 3224 meus
719 3174 775 3223 et
805 3174 979 3223 notus
1021 3185 1210 3238 meus,
1264 3168 1362 3239 qui
1414 3183 1645 3239 semper
1692 3185 1919 3222 mecum
1971 3166 2170 3222 dulces
2203 3152 2244 3217 C
2285 3171 2405 3238 (Isti.
2465 3185 2698 3234 XXXVIII,
2745 3169 2820 3233 5}.
2865 3188 2894 3216 »
2926 3167 2993 3221 Et
3050 3166 3189 3222 alibi
3255 3173 3497 3224 sanctus
3550 3163 3706 3221 David
3746 3160 3854 3216 ait:

522 3257 793 3330 capiebas
815 3258 996 3324 cibos,
1031 3257 1089 3310 in
1114 3257 1286 3310 domo
1323 3255 1548 3310 Domini
1579 3255 2011 3310 ambulavimus
2033 3272 2168 3310 cum
2281 3282 2307 3306 ‹‹
2341 3257 2472 3312 Dies
2502 3273 2679 3328 super
2707 3255 2833 3311 dies
2873 3255 3026 3328 regis
3075 3256 3328 3327 adjicies
3377 3271 3558 3310 annos
3599 3254 3708 3326 ejus
3732 3245 3860 3318 (P801.

521 3362 813 3402 consensu
844 3346 1016 3413 (Psal.
1054 3361 1163 3411 LIV,
1198 3343 1286 3409 14,
1323 3344 1429 3414 15).
1472 3363 1498 3395 η
1536 3343 1660 3398 Non
1711 3344 1991 3399 intellexit
2035 3360 2170 3415 ergo
2283 3364 2369 3412 Lx,
2403 3347 2477 3417 7).
2517 3368 2542 3393 ››
2587 3347 2890 3399 Inventum
2938 3360 3075 3418 ergo
3125 3344 3361 3400 homini
3411 3344 3563 3416 quod
3609 3339 3810 3395 addatur
3847 3349 3858 3386 ί

522 3433 680 3490 hunc
707 3431 1031 3498 Psalmum,
1064 3448 1178 3486 non
1210 3431 1592 3487 centesimum
1657 3436 1830 3503 atque
1879 3437 2168 3495 octavum,
2286 3437 2395 3489 Deo
2423 3439 2615 3488 autem
2648 3432 2783 3487 addi
2815 3431 2960 3487 nihil
2992 3435 3214 3504 potest;
3267 3433 3414 3505 quia
3459 3429 3704 3504 scriptum
3741 3428 3812 3479 est
3847 3436 3861 3474 ε

523 3538 637 3576 non
686 3520 853 3586 alios,
889 3537 1003 3575 non
1053 3519 1170 3574 alia
1217 3519 1555 3576 testimonia
1602 3522 2055 3592 Scripturarum.
2093 3521 2171 3574 De
2287 3545 2307 3570 ο
2345 3523 2467 3577 Non
2501 3525 2590 3577 est
2621 3521 2892 3592 adjicere,
2943 3537 3134 3593 neque
3180 3522 3485 3585 minuere,
3517 3517 3648 3576 815
3685 3514 3735 3568 in
3773 3523 3868 3581 quo

524 3627 638 3682 quo
666 3609 812 3665 bene
842 3608 1197 3682 evangelista
1223 3609 1362 3664 dicit
1388 3610 1667 3675 Joannes,
1701 3615 1757 3664 et
1789 3609 2008 3664 caeteris
2042 3611 2168 3664 inli-
2285 3613 2534 3681 perlecta
2581 3615 2638 3665 et
2684 3609 2857 3682 plena
2904 3615 3045 3665 sunt
3093 3612 3306 3667 omnia
3354 3611 3544 3680 (Eccli.
3585 3621 3723 3668 xvm,
3753 3601 3818 3670 5).
3851 3618 3870 3643 »ι

523 3696 750 3753 delibus
774 3698 910 3753 :«Ex
942 3697 1111 3753 nobis
1143 3697 1426 3765 exierunt,
1463 3699 1561 3753 sed
1591 3715 1706 3752 non
1739 3703 1904 3753 erant
1952 3715 2019 3752 ex
2071 3715 2170 3752 no-
2283 3699 2404 3754 Etsi
2435 3699 2700 3754 Christus
2724 3698 3060 3762 resurrexit,
3098 3698 3313 3771 utique
3347 3699 3408 3754 in
3439 3715 3506 3755 eo
3535 3695 3674 3769 quod
3701 3701 3870 3746 assum-

523 3785 632 3841 bis.
667 3785 724 3842 Si
771 3786 926 3842 enim
959 3803 1027 3841 ex
1057 3785 1226 3841 nobis
1275 3786 1542 3854 fuissent,
1579 3786 1886 3841 nobiscum
1921 3785 2171 3841 mansis-
2283 3791 2497 3859 pserat,
2546 3786 2881 3852 resurrexit,
2932 3787 2992 3841 in
3047 3805 3162 3859 quo
3214 3786 3576 3860 plenitudini
3618 3772 3872 3838 divinitati!

523 3880 657 3931 sent
684 3876 730 3947 (I
755 3877 912 3932 Ιυαη.
943 3893 1004 3943 ιι,
1042 3875 1152 3943 19.)
1187 3898 1209 3926 ι

2283 3878 2410 3948 ejus
2442 3875 2590 3931 nihil
2621 3874 2709 3931 vel
2739 3876 3016 3932 decedere
3063 3878 3286 3948 potuit,
3320 3876 3414 3932 vel
3463 3873 3730 3931 accedere.
3759 3865 3871 3919 Dens

593 3964 682 4019 l8.
716 3963 900 4038 (Vers.
933 3965 1011 4034 8.)
1048 3963 1171 4020 Non
1205 3963 1479 4018 manebat
1525 3979 1661 4035 ergo
1709 3981 1843 4018 cum
1893 3961 2172 4035 apostolis
2283 3965 2439 4019 enim
2472 3964 2848 4036 incorporeus
2879 3968 2937 4019 et
2964 3964 3328 4021 immortalis
3354 3969 3466 4032 est,
3500 3963 3662 4034 cujus
3698 3963 3879 4011 summa

423 4080 426 4081 ν
523 4052 804 4124 proditor,
837 4051 936 4124 qui
968 4053 1124 4106 foras
1155 4050 1431 4114 exibat,et
1461 4067 1593 4107 cum
1625 4051 1862 4123 perﬁdis
1903 4069 2173 4105 susurra-
2285 4058 2514 4121 natura,
2548 4057 2606 4107 et
2636 4051 2938 4124 plenitudo
2967 4052 3257 4109 virtutum
3290 4054 3424 4110 sine
3472 4051 3589 4108 ulla
3623 4044 3784 4105 carnis
3807 4055 3878 4093 ac-

523 4141 639 4197 bat.
673 4139 795 4204 Quo
825 4140 1001 4195 verbo
1034 4157 1142 4194 usa
1189 4143 1278 4195 est
1329 4139 1630 4211 Scriptura
1677 4139 1895 4207 divina,
1931 4140 2174 4194 demon-
2285 4141 2548 4197 sessione
2597 4141 2885 4213 signatur.
2919 4145 3059 4196 Caro
3109 4146 3316 4197 autem
3375 4132 3794 4214 dispensationis
3835 4125 3879 4180 in

523 4235 718 4285 strans
748 4230 874 4284 sine
903 4229 1248 4284 auctoritate
1299 4245 1427 4284 esse
1475 4228 1804 4300 perﬁdiam,
1841 4245 1965 4300 qua:
2011 4217 2177 4282 timet
2287 4229 2512 4286 Christo
2546 4232 2654 4297 est,
2697 4245 2875 4301 quam
2903 4217 3334 4286 'miserationis
3382 4230 3582 4296 titulo,
3611 4231 3662 4284 et
3701 4216 3883 4295 ρὶειειίίε

524 4319 679 4390 quod
711 4317 977 4389 loquitur
1005 4315 1382 4388 deprehendi.
1443 4315 1620 4370 Fideli
1674 4321 1865 4372 autem
1914 4315 2128 4371 dicitur
2157 4334 2171 4371 :
2277 4319 2412 4390 jure
2442 4317 2728 4390 suscepit;
2762 4321 2828 4373 ut
2865 4317 3150 4390 captivam
3186 4313 3884 4385 redimeret,ablueretcon-

528 4427 555 4455 α
606 4406 810 4460 Exalta
854 4405 1078 4460 viribus
1127 4421 1326 4460 vocem
1363 4409 1528 4460 tuam
1560 4407 1686 4476 (Im.
1722 4423 1876 4467 Lvm,
1912 4405 1982 4474 4).
2022 4428 2046 4453 ››
2095 4407 2174 4460 En
2286 4407 2654 4473 taminatam,
2684 4409 2978 4461 mortuam
3011 4408 3424 4463 resuscitaret.
3460 4408 3529 4461 Et
3559 4402 3772 4478 pulchre
3796 4393 3883 4449 ait:

527 4510 642 4582 quo
674 4493 969 4582 deciderat
998 4493 1299 4582 apostolus
1324 4492 1662 4582 Judas,rqui
1704 4494 1923 4548 missus
1954 4498 2077 4549 erat
2107 4495 2172 4547 ﬁ-
2208 4517 2255 4582 D
2287 4519 2314 4544 «
2348 4495 2645 4566 Numquid
2678 4495 2778 4565 qui
2809 4494 3046 4561 dormit,
3080 4511 3197 4551 non
3231 4497 3482 4570 adjiciet
3513 4499 3576 4548 ut
3604 4478 3881 4582 resurgat?"

527 4581 660 4636 dem
690 4581 964 4654 gentibus
997 4581 1166 4652 pleno
1216 4581 1586 4636 auctoritatis
1634 4582 1923 4653 praeconio
1981 4583 2181 4653 praedi-
2208 4577 2244 4582 ⁷
2292 4584 2416 4640 Non
2447 4583 2613 4650 dixit,
2643 4599 2758 4637 non
2789 4582 3094 4653 adjicitur;
3127 4585 3256 4651 sed,
3300 4608 3321 4633 α
3361 4601 3482 4639 non
3512 4579 3731 4653 adjiciet
3755 4577 3806 4629 ut
3829 4583 3889 4623 τε·

527 4686 688 4737 care;
741 4674 806 4724 ut
850 4670 910 4724 in
961 4687 1163 4725 aurem
1207 4670 1537 4726 insurraret
1579 4669 2024 4726 insidiatoribus
2063 4688 2182 4725 ma-
2290 4677 2525 4746 surgat;
2562 4693 2590 4722 »
2621 4687 2686 4727 eo
2717 4672 2872 4743 quod
2899 4672 3023 4742 ipse
3067 4688 3131 4728 se
3179 4672 3290 4728 Dei
3333 4672 3520 4728 Filius
3552 4656 3886 4746 resuscitavit;

527 4758 696 4832 gistri
726 4758 839 4826 sui,
874 4758 1029 4829 quod
1065 4758 1296 4812 timeret
1326 4756 1536 4810 audiri.
1571 4757 1772 4813 Nonne
1814 4758 2036 4828 judicio
2074 4775 2180 4814 suo
2292 4745 2444 4818 sicut
2474 4777 2653 4833 supra
2683 4760 2941 4815 diximus
2973 4759 3187 4816 dixisse
3219 4778 3366 4817 eum
3398 4759 3619 4816 Judaeis
3650 4775 3703 4813 :«
3732 4745 3890 4807 801‘?ite

529 4864 591 4904 se
622 4847 746 4918 ipse
785 4845 1128 4902 damnavit?
1175 4845 1282 4899 Sed
1336 4845 1716 4899 erubescebat
1765 4846 1972 4912 audiri,
2025 4847 2181 4918 quod
2293 4851 2400 4906 hoc
2427 4850 2737 4922 templum,
2770 4852 2826 4903 et
2855 4849 2913 4904 in
2947 4849 3144 4905 triduo
3187 4851 3470 4906 excitabo
3501 4847 3644 4904 illud
3676 4844 3824 4914 (Joan.
3849 4848 3889 4922 ιι.

529 4936 718 4992 facere
777 4952 894 4991 non
955 4935 1234 5000 timebat;
1284 4933 1696 5001 erubescebat;
1740 4935 1880 5006 quia
1906 4938 2183 4992 adversus
2296 4941 2401 5010 l9).
2439 4962 2467 4987 ››
2497 4920 2897 5009 Adjectionem
2939 4937 3160 5010 accepit
3207 4955 3378 5006 caro,
3418 4937 3588 5011 quasi
3621 4931 3828 5003 sumpta
3847 4920 3894 4974 d5

529 5027 660 5081 vitae
695 5042 837 5090 suae,
869 5022 1378 5090 sanctiﬁcationis,
1412 5027 1470 5078 et
1497 5022 1736 5078 honoris
1769 5028 2064 5081 auctorem
2096 5041 2187 5080 co-
2293 5027 2551 5097 homine,
2612 5014 2883 5098 suscepta
2939 5028 3010 5083 de
3065 5026 3349 5100 Virgine;
3409 5029 3518 5084 sed
3579 5021 3737 5096 quasi
3784 5015 3892 5069 D609

531 5114 760 5186 gitabat
788 5113 946 5168 mala
978 5131 991 5168 :
1026 5129 1132 5168 nec
1161 5111 1410 5184 gratiam
1461 5111 1760 5167 beneﬁciis
1809 5114 2184 5184 rependebat,
2296 5115 2681 5187 adjectionem
2713 5114 2903 5186 ipsam
2934 5120 3207 5188 operatus
3251 5121 3370 5186 est,
3416 5115 3522 5188 qui
3568 5113 3762 5169 virtute
3800 5113 3895 5175 ρω-

533 5204 634 5258 sed
665 5203 821 5259 mala
851 5219 954 5276 pro
988 5202 1157 5258 bonis
1188 5202 1341 5257 bono
1374 5201 1657 5256 referebat
1685 5202 1996 5275 magistro;
2030 5204 2184 5275 quod
2296 5206 2421 5276 pria
2471 5205 2805 5271 resurrexit,
2840 5208 2904 5259 ut
2946 5210 3101 5261 esset
3144 5221 3268 5261 sua:
3324 5196 3766 5260 resurrectionis
3803 5200 3893 5276 ορξ-

535 5292 708 5348 etiam
743 5270 939 5348 saeculi
969 5290 1241 5346 homines
1272 5290 1553 5346 damnare
1585 5270 2187 5347 consueveruntzieru-
2294 5270 2468 5350 rator.
2505 5293 2578 5350 Ut
2625 5298 2819 5350 autem
2869 5293 3163 5368 intelligas
3213 5293 3385 5366 quod
3417 5294 3537 5365 (26)
3568 5293 3627 5347 et
3669 5286 3814 5343 Pater
3837 5270 3890 5329 Fl'

608 5451 844 5534 (26).S'i.c
869 5468 1013 5534 mss.
1048 5451 1179 5507 Vat.
1226 5455 1283 5534 et
1312 5454 1564 5534 quatuor
1593 5449 1743 5534 Gal].
1779 5452 1949 5534 Edit;
1965 5457 2182 5534 autem,
2293 5458 2369 5534 A_t
2395 5453 2618 5512 Colb.et
2645 5452 2790 5512 Vict.
2805 5448 2904 5512 ita
2931 5453 3150 5528 legunt,
3182 5457 3252 5511 in
3279 5473 3393 5531 quo
3420 5457 3606 5532 ipsum
3626 5451 3761 5523 legal
3783 5432 3892 5518 qm

540 5519 675 5608 gum
703 5519 895 5608 igitur
941 5527 1087 5608 legas
1142 5519 1495 5608 quod,'etc.,
1526 5523 1773 5608 quibus
1831 5519 2188 5608 suffragatur
2297 5531 2406 5586 etc.

539 5593 678 5669 Reg.
713 5594 867 5668 cod.,
897 5593 1012 5654 nisi
1062 5593 1216 5672 quod
1263 5611 1464 5657 vocem
1513 5593 1687 5674 igitur
1733 5613 1849 5657 non
1899 5593 2182 5676 agnoscit.
