  <div class='ocr_page' id='page_1' title='image "/cluster/home/n/w/nwhite01/storage/ocr_20150623/14/hvd.32044048207138/570.png"; bbox 0 0 4112 6190; ppageno 0'>
   <div class='ocr_carea' id='block_1_1' title="bbox 328 268 487 342">
    <p class='ocr_par' dir='ltr' id='par_1_1' title="bbox 328 268 487 342">
     <span class='ocr_line' id='line_1_1' title="bbox 328 268 487 342; baseline 0.075 -12"><span class='ocrx_word' id='word_1_1' title='bbox 328 268 487 342; x_wconf 61' lang='grc'>1419</span> 
     </span>
    </p>
   </div>
   <div class='ocr_carea' id='block_1_2' title="bbox 1450 263 2614 333">
    <p class='ocr_par' dir='ltr' id='par_1_2' title="bbox 1450 263 2614 333">
     <span class='ocr_line' id='line_1_2' title="bbox 1450 263 2614 333; baseline -0.003 -1"><span class='ocrx_word' id='word_1_2' title='bbox 1450 265 1902 332; x_wconf 80' lang='lat' dir='ltr'>ENARRA&#39;I‘IO</span> <span class='ocrx_word' id='word_1_3' title='bbox 1946 265 2020 330; x_wconf 76' lang='grc' dir='ltr'>ΙΝ</span> <span class='ocrx_word' id='word_1_4' title='bbox 2066 263 2443 333; x_wconf 80' lang='lat' dir='ltr'>PSALMUM</span> <span class='ocrx_word' id='word_1_5' title='bbox 2487 267 2614 330; x_wconf 88' lang='lat' dir='ltr'>XL.</span> 
     </span>
    </p>
   </div>
   <div class='ocr_carea' id='block_1_3' title="bbox 3579 269 3738 333">
    <p class='ocr_par' dir='ltr' id='par_1_3' title="bbox 3579 269 3738 333">
     <span class='ocr_line' id='line_1_3' title="bbox 3579 269 3738 333; baseline 0.019 -3"><span class='ocrx_word' id='word_1_6' title='bbox 3579 269 3738 333; x_wconf 79' lang='lat' dir='ltr'>H30</span> 
     </span>
    </p>
   </div>
   <div class='ocr_carea' id='block_1_4' title="bbox 324 399 3738 474">
    <p class='ocr_par' dir='ltr' id='par_1_4' title="bbox 324 399 3738 474">
     <span class='ocr_line' id='line_1_4' title="bbox 324 399 3738 474; baseline 0.001 -16"><span class='ocrx_word' id='word_1_7' title='bbox 324 402 497 470; x_wconf 89' lang='lat' dir='ltr'>lium,</span> <span class='ocrx_word' id='word_1_8' title='bbox 531 405 586 462; x_wconf 83' lang='lat' dir='ltr'>et</span> <span class='ocrx_word' id='word_1_9' title='bbox 618 401 802 458; x_wconf 82' lang='lat' dir='ltr'>Filius</span> <span class='ocrx_word' id='word_1_10' title='bbox 830 399 953 474; x_wconf 84' lang='lat' dir='ltr'>ipse</span> <span class='ocrx_word' id='word_1_11' title='bbox 981 417 1042 460; x_wconf 83' lang='lat' dir='ltr'>se</span> <span class='ocrx_word' id='word_1_12' title='bbox 1073 403 1524 470; x_wconf 85' lang='lat' dir='ltr'>resuscitaverit,</span> <span class='ocrx_word' id='word_1_13' title='bbox 1560 419 1808 473; x_wconf 86' lang='lat' dir='ltr'>agnosce</span> <span class='ocrx_word' id='word_1_14' title='bbox 1840 419 1971 472; x_wconf 76' lang='lat' dir='ltr'>opc-</span> <span class='ocrx_word' id='word_1_15' title='bbox 2005 405 2050 468; x_wconf 83' lang='grc' dir='ltr'><strong>Α</strong></span> <span class='ocrx_word' id='word_1_16' title='bbox 2088 401 2335 472; x_wconf 86' lang='lat' dir='ltr'>gratiam</span> <span class='ocrx_word' id='word_1_17' title='bbox 2367 400 2704 468; x_wconf 71' lang='lat' dir='ltr'>custodiret,</span> <span class='ocrx_word' id='word_1_18' title='bbox 2726 403 2783 455; x_wconf 90' lang='lat' dir='ltr'>et</span> <span class='ocrx_word' id='word_1_19' title='bbox 2813 399 3488 458; x_wconf 83' lang='lat' dir='ltr'>sinceritatisinhaereret</span> <span class='ocrx_word' id='word_1_20' title='bbox 3507 402 3738 462; x_wconf 76' lang='lat' dir='ltr'>ofﬁciis.</span> 
     </span>
    </p>
   </div>
   <div class='ocr_carea' id='block_1_5' title="bbox 325 491 1974 564">
    <p class='ocr_par' dir='ltr' id='par_1_5' title="bbox 325 491 1974 564">
     <span class='ocr_line' id='line_1_5' title="bbox 325 491 1974 564; baseline -0.001 -16"><span class='ocrx_word' id='word_1_21' title='bbox 325 494 616 560; x_wconf 84' lang='lat' dir='ltr'>rationem</span> <span class='ocrx_word' id='word_1_22' title='bbox 651 491 813 550; x_wconf 86' lang='lat' dir='ltr'>illam</span> <span class='ocrx_word' id='word_1_23' title='bbox 844 491 1050 550; x_wconf 66' lang='lat' dir='ltr'>divinae</span> <span class='ocrx_word' id='word_1_24' title='bbox 1083 492 1265 550; x_wconf 78' lang='lat' dir='ltr'>fuisse</span> <span class='ocrx_word' id='word_1_25' title='bbox 1293 492 1525 547; x_wconf 79' lang='lat' dir='ltr'>virtutis</span> <span class='ocrx_word' id='word_1_26' title='bbox 1559 511 1572 558; x_wconf 86' lang='lat'><strong>;</strong></span> <span class='ocrx_word' id='word_1_27' title='bbox 1625 493 1763 564; x_wconf 86' lang='lat' dir='ltr'>quia</span> <span class='ocrx_word' id='word_1_28' title='bbox 1821 493 1974 546; x_wconf 79' lang='lat' dir='ltr'>Patri</span> 
     </span>
    </p>
   </div>
   <div class='ocr_carea' id='block_1_6' title="bbox 326 580 1974 653">
    <p class='ocr_par' dir='ltr' id='par_1_6' title="bbox 326 580 1974 653">
     <span class='ocr_line' id='line_1_6' title="bbox 326 580 1974 653; baseline -0.002 -15"><span class='ocrx_word' id='word_1_29' title='bbox 326 587 386 642; x_wconf 89' lang='lat' dir='ltr'>et</span> <span class='ocrx_word' id='word_1_30' title='bbox 413 582 559 640; x_wconf 79' lang='lat' dir='ltr'>Filio</span> <span class='ocrx_word' id='word_1_31' title='bbox 591 598 710 638; x_wconf 85' lang='lat' dir='ltr'>una</span> <span class='ocrx_word' id='word_1_32' title='bbox 738 582 944 648; x_wconf 89' lang='lat' dir='ltr'>virtus,</span> <span class='ocrx_word' id='word_1_33' title='bbox 975 582 1307 637; x_wconf 86' lang='lat' dir='ltr'>communis</span> <span class='ocrx_word' id='word_1_34' title='bbox 1350 581 1606 653; x_wconf 80' lang='lat' dir='ltr'>operatio</span> <span class='ocrx_word' id='word_1_35' title='bbox 1639 599 1652 644; x_wconf 87' lang='lat'><strong>;</strong></span> <span class='ocrx_word' id='word_1_36' title='bbox 1713 580 1974 651; x_wconf 87' lang='lat' dir='ltr'>quando-</span> 
     </span>
    </p>
   </div>
   <div class='ocr_carea' id='block_1_7' title="bbox 325 668 1979 742">
    <p class='ocr_par' dir='ltr' id='par_1_7' title="bbox 325 668 1979 742">
     <span class='ocr_line' id='line_1_7' title="bbox 325 668 1979 742; baseline -0.002 -16"><span class='ocrx_word' id='word_1_37' title='bbox 325 671 566 742; x_wconf 83' lang='lat' dir='ltr'>quidem</span> <span class='ocrx_word' id='word_1_38' title='bbox 595 687 714 726; x_wconf 90' lang='lat' dir='ltr'>una</span> <span class='ocrx_word' id='word_1_39' title='bbox 743 673 919 742; x_wconf 89' lang='lat' dir='ltr'>atque</span> <span class='ocrx_word' id='word_1_40' title='bbox 951 670 1155 726; x_wconf 87' lang='lat' dir='ltr'>eadem</span> <span class='ocrx_word' id='word_1_41' title='bbox 1185 670 1516 726; x_wconf 75' lang='lat' dir='ltr'>substantia</span> <span class='ocrx_word' id='word_1_42' title='bbox 1555 668 1860 724; x_wconf 79' lang='lat' dir='ltr'>Trinitatis</span> <span class='ocrx_word' id='word_1_43' title='bbox 1890 671 1979 724; x_wconf 91' lang='lat' dir='ltr'>est</span> 
     </span>
    </p>
   </div>
   <div class='ocr_carea' id='block_1_8' title="bbox 393 757 1980 831">
    <p class='ocr_par' dir='ltr' id='par_1_8' title="bbox 393 757 1980 831">
     <span class='ocr_line' id='line_1_8' title="bbox 393 757 1980 831; baseline -0.001 -19"><span class='ocrx_word' id='word_1_44' title='bbox 393 757 485 814; x_wconf 73' lang='lat' dir='ltr'>2L</span> <span class='ocrx_word' id='word_1_45' title='bbox 520 758 705 828; x_wconf 78' lang='lat' dir='ltr'>(Vere.</span> <span class='ocrx_word' id='word_1_46' title='bbox 742 759 851 830; x_wconf 79' lang='lat' dir='ltr'>ltl.)</span> <span class='ocrx_word' id='word_1_47' title='bbox 885 758 996 814; x_wconf 87' lang='lat' dir='ltr'>Sed</span> <span class='ocrx_word' id='word_1_48' title='bbox 1028 757 1171 830; x_wconf 91' lang='lat' dir='ltr'>quid</span> <span class='ocrx_word' id='word_1_49' title='bbox 1201 774 1307 831; x_wconf 88' lang='lat' dir='ltr'>ego</span> <span class='ocrx_word' id='word_1_50' title='bbox 1338 762 1574 814; x_wconf 66' lang='lat' dir='ltr'>caeteros</span> <span class='ocrx_word' id='word_1_51' title='bbox 1605 773 1784 829; x_wconf 81' lang='lat' dir='ltr'><strong>arguo</strong></span> <span class='ocrx_word' id='word_1_52' title='bbox 1816 757 1980 828; x_wconf 90' lang='lat' dir='ltr'>(dicit</span> 
     </span>
    </p>
   </div>
   <div class='ocr_carea' id='block_1_9' title="bbox 324 843 1976 919">
    <p class='ocr_par' dir='ltr' id='par_1_9' title="bbox 324 843 1976 919">
     <span class='ocr_line' id='line_1_9' title="bbox 324 843 1976 919; baseline -0.002 -16"><span class='ocrx_word' id='word_1_53' title='bbox 324 846 614 912; x_wconf 85' lang='lat' dir='ltr'>Dominus</span> <span class='ocrx_word' id='word_1_54' title='bbox 643 843 840 916; x_wconf 88' lang='lat' dir='ltr'>Jesus)</span> <span class='ocrx_word' id='word_1_55' title='bbox 871 845 898 900; x_wconf 85' lang='lat'><strong>?</strong></span> <span class='ocrx_word' id='word_1_56' title='bbox 955 846 1096 919; x_wconf 89' lang='lat' dir='ltr'>quid</span> <span class='ocrx_word' id='word_1_57' title='bbox 1128 847 1345 902; x_wconf 90' lang='lat' dir='ltr'>mirum</span> <span class='ocrx_word' id='word_1_58' title='bbox 1377 846 1426 904; x_wconf 89' lang='lat' dir='ltr'>si</span> <span class='ocrx_word' id='word_1_59' title='bbox 1454 846 1709 918; x_wconf 89' lang='lat' dir='ltr'>populus</span> <span class='ocrx_word' id='word_1_60' title='bbox 1737 860 1829 901; x_wconf 89' lang='lat' dir='ltr'>me</span> <span class='ocrx_word' id='word_1_61' title='bbox 1860 861 1976 900; x_wconf 90' lang='lat' dir='ltr'>non</span> 
     </span>
    </p>
   </div>
   <div class='ocr_carea' id='block_1_10' title="bbox 325 932 1978 1008">
    <p class='ocr_par' dir='ltr' id='par_1_10' title="bbox 325 932 1978 1008">
     <span class='ocr_line' id='line_1_10' title="bbox 325 932 1978 1008; baseline -0.001 -17"><span class='ocrx_word' id='word_1_62' title='bbox 325 933 612 1008; x_wconf 83' lang='lat' dir='ltr'>cognovit,</span> <span class='ocrx_word' id='word_1_63' title='bbox 672 939 728 996; x_wconf 89' lang='lat' dir='ltr'>et</span> <span class='ocrx_word' id='word_1_64' title='bbox 797 933 958 992; x_wconf 89' lang='lat' dir='ltr'>cruci</span> <span class='ocrx_word' id='word_1_65' title='bbox 1016 934 1422 1007; x_wconf 81' lang='lat' dir='ltr'>adjudicavit;</span> <span class='ocrx_word' id='word_1_66' title='bbox 1483 951 1618 991; x_wconf 88' lang='lat' dir='ltr'>cum</span> <span class='ocrx_word' id='word_1_67' title='bbox 1677 932 1978 1006; x_wconf 82' lang='lat' dir='ltr'>apostolus</span> 
     </span>
    </p>
   </div>
   <div class='ocr_carea' id='block_1_11' title="bbox 329 1021 1980 1096">
    <p class='ocr_par' dir='ltr' id='par_1_11' title="bbox 329 1021 1980 1096">
     <span class='ocr_line' id='line_1_11' title="bbox 329 1021 1980 1096; baseline -0.001 -18"><span class='ocrx_word' id='word_1_68' title='bbox 329 1040 498 1092; x_wconf 84' lang='lat' dir='ltr'>meus</span> <span class='ocrx_word' id='word_1_69' title='bbox 529 1023 860 1079; x_wconf 84' lang='lat' dir='ltr'>mercedem</span> <span class='ocrx_word' id='word_1_70' title='bbox 891 1023 1242 1094; x_wconf 86' lang='lat' dir='ltr'>proditionis</span> <span class='ocrx_word' id='word_1_71' title='bbox 1274 1024 1548 1096; x_wconf 80' lang='lat' dir='ltr'>exegerit,</span> <span class='ocrx_word' id='word_1_72' title='bbox 1581 1039 1714 1078; x_wconf 93' lang='lat' dir='ltr'>cum</span> <span class='ocrx_word' id='word_1_73' title='bbox 1746 1021 1980 1078; x_wconf 88' lang='lat' dir='ltr'>conviva</span> 
     </span>
    </p>
   </div>
   <div class='ocr_carea' id='block_1_12' title="bbox 325 1111 1977 1170">
    <p class='ocr_par' dir='ltr' id='par_1_12' title="bbox 325 1111 1977 1170">
     <span class='ocr_line' id='line_1_12' title="bbox 325 1111 1977 1170; baseline -0.002 0"><span class='ocrx_word' id='word_1_74' title='bbox 325 1128 494 1170; x_wconf 87' lang='lat' dir='ltr'>meus</span> <span class='ocrx_word' id='word_1_75' title='bbox 526 1115 776 1168; x_wconf 89' lang='lat' dir='ltr'>mortem</span> <span class='ocrx_word' id='word_1_76' title='bbox 807 1127 1002 1168; x_wconf 87' lang='lat' dir='ltr'>meam</span> <span class='ocrx_word' id='word_1_77' title='bbox 1043 1111 1368 1168; x_wconf 81' lang='lat' dir='ltr'>vendiderit</span> <span class='ocrx_word' id='word_1_78' title='bbox 1397 1113 1424 1166; x_wconf 89' lang='lat'><strong>?</strong></span> <span class='ocrx_word' id='word_1_79' title='bbox 1481 1135 1508 1160; x_wconf 86' lang='lat'><strong>«</strong></span> <span class='ocrx_word' id='word_1_80' title='bbox 1544 1111 1770 1166; x_wconf 87' lang='lat' dir='ltr'>Etenim</span> <span class='ocrx_word' id='word_1_81' title='bbox 1801 1111 1977 1167; x_wconf 89' lang='lat' dir='ltr'>homo</span> 
     </span>
    </p>
   </div>
   <div class='ocr_carea' id='block_1_13' title="bbox 323 1199 1978 1273">
    <p class='ocr_par' dir='ltr' id='par_1_13' title="bbox 323 1199 1978 1273">
     <span class='ocr_line' id='line_1_13' title="bbox 323 1199 1978 1273; baseline -0.002 -16"><span class='ocrx_word' id='word_1_82' title='bbox 323 1200 484 1272; x_wconf 90' lang='lat' dir='ltr'>pacis</span> <span class='ocrx_word' id='word_1_83' title='bbox 515 1217 680 1267; x_wconf 69' lang='lat' dir='ltr'>mere,</span> <span class='ocrx_word' id='word_1_84' title='bbox 711 1199 772 1254; x_wconf 91' lang='lat' dir='ltr'>in</span> <span class='ocrx_word' id='word_1_85' title='bbox 833 1217 1009 1272; x_wconf 88' lang='lat' dir='ltr'>quem</span> <span class='ocrx_word' id='word_1_86' title='bbox 1069 1200 1318 1273; x_wconf 85' lang='lat' dir='ltr'>speravi,</span> <span class='ocrx_word' id='word_1_87' title='bbox 1380 1200 1478 1273; x_wconf 91' lang='lat' dir='ltr'>qui</span> <span class='ocrx_word' id='word_1_88' title='bbox 1535 1201 1746 1256; x_wconf 85' lang='lat' dir='ltr'>edebat</span> <span class='ocrx_word' id='word_1_89' title='bbox 1797 1215 1978 1271; x_wconf 88' lang='lat' dir='ltr'>panes</span> 
     </span>
    </p>
   </div>
   <div class='ocr_carea' id='block_1_14' title="bbox 325 1287 1976 1361">
    <p class='ocr_par' dir='ltr' id='par_1_14' title="bbox 325 1287 1976 1361">
     <span class='ocr_line' id='line_1_14' title="bbox 325 1287 1976 1361; baseline -0.002 -17"><span class='ocrx_word' id='word_1_90' title='bbox 325 1303 511 1354; x_wconf 90' lang='lat' dir='ltr'>meos,</span> <span class='ocrx_word' id='word_1_91' title='bbox 540 1287 846 1360; x_wconf 78' lang='lat' dir='ltr'>ampliavit</span> <span class='ocrx_word' id='word_1_92' title='bbox 875 1305 1053 1361; x_wconf 87' lang='lat' dir='ltr'>super</span> <span class='ocrx_word' id='word_1_93' title='bbox 1085 1305 1175 1344; x_wconf 89' lang='lat' dir='ltr'>me</span> <span class='ocrx_word' id='word_1_94' title='bbox 1209 1287 1762 1360; x_wconf 86' lang='lat' dir='ltr'>supplantationem.</span> <span class='ocrx_word' id='word_1_95' title='bbox 1801 1310 1828 1336; x_wconf 83' lang='lat'><em>»</em></span> <span class='ocrx_word' id='word_1_96' title='bbox 1858 1287 1976 1342; x_wconf 86' lang='lat' dir='ltr'>Ali-</span> 
     </span>
    </p>
   </div>
   <div class='ocr_carea' id='block_1_15' title="bbox 323 1375 1977 1450">
    <p class='ocr_par' dir='ltr' id='par_1_15' title="bbox 323 1375 1977 1450">
     <span class='ocr_line' id='line_1_15' title="bbox 323 1375 1977 1450; baseline -0.003 -15"><span class='ocrx_word' id='word_1_97' title='bbox 323 1378 424 1449; x_wconf 85' lang='lat' dir='ltr'>qui</span> <span class='ocrx_word' id='word_1_98' title='bbox 455 1377 672 1434; x_wconf 86' lang='lat' dir='ltr'>Judam</span> <span class='ocrx_word' id='word_1_99' title='bbox 701 1378 1102 1436; x_wconf 83' lang='lat' dir='ltr'>excusandum</span> <span class='ocrx_word' id='word_1_100' title='bbox 1130 1382 1371 1448; x_wconf 85' lang='lat' dir='ltr'>putant;</span> <span class='ocrx_word' id='word_1_101' title='bbox 1401 1377 1538 1449; x_wconf 83' lang='lat' dir='ltr'>quia</span> <span class='ocrx_word' id='word_1_102' title='bbox 1562 1375 1776 1432; x_wconf 82' lang='lat' dir='ltr'>refudit</span> <span class='ocrx_word' id='word_1_103' title='bbox 1804 1391 1977 1450; x_wconf 90' lang='lat' dir='ltr'>pecu-</span> 
     </span>
    </p>
   </div>
   <div class='ocr_carea' id='block_1_16' title="bbox 323 1465 1981 1539">
    <p class='ocr_par' dir='ltr' id='par_1_16' title="bbox 323 1465 1981 1539">
     <span class='ocr_line' id='line_1_16' title="bbox 323 1465 1981 1539; baseline -0.001 -19"><span class='ocrx_word' id='word_1_104' title='bbox 323 1466 489 1524; x_wconf 84' lang='lat' dir='ltr'>niam</span> <span class='ocrx_word' id='word_1_105' title='bbox 557 1482 736 1538; x_wconf 88' lang='lat' dir='ltr'>quam</span> <span class='ocrx_word' id='word_1_106' title='bbox 793 1482 896 1538; x_wconf 88' lang='lat' dir='ltr'>pro</span> <span class='ocrx_word' id='word_1_107' title='bbox 956 1466 1223 1524; x_wconf 85' lang='lat' dir='ltr'>mercede</span> <span class='ocrx_word' id='word_1_108' title='bbox 1280 1465 1624 1539; x_wconf 86' lang='lat' dir='ltr'>proditionis</span> <span class='ocrx_word' id='word_1_109' title='bbox 1679 1468 1981 1537; x_wconf 88' lang='lat' dir='ltr'>acceperat</span> 
     </span>
    </p>
   </div>
   <div class='ocr_carea' id='block_1_17' title="bbox 324 1553 1978 1627">
    <p class='ocr_par' dir='ltr' id='par_1_17' title="bbox 324 1553 1978 1627">
     <span class='ocr_line' id='line_1_17' title="bbox 324 1553 1978 1627; baseline -0.002 -17"><span class='ocrx_word' id='word_1_110' title='bbox 324 1555 567 1626; x_wconf 83' lang='lat' dir='ltr'>(27);sed</span> <span class='ocrx_word' id='word_1_111' title='bbox 590 1570 722 1611; x_wconf 90' lang='lat' dir='ltr'>ecce</span> <span class='ocrx_word' id='word_1_112' title='bbox 753 1554 892 1627; x_wconf 86' lang='lat' dir='ltr'>quia</span> <span class='ocrx_word' id='word_1_113' title='bbox 912 1554 1068 1611; x_wconf 89' lang='lat' dir='ltr'>ultra</span> <span class='ocrx_word' id='word_1_114' title='bbox 1085 1554 1421 1612; x_wconf 77' lang='lat' dir='ltr'>Judzeorum</span> <span class='ocrx_word' id='word_1_115' title='bbox 1446 1554 1870 1610; x_wconf 85' lang='lat' dir='ltr'>condemnatur</span> <span class='ocrx_word' id='word_1_116' title='bbox 1889 1553 1978 1607; x_wconf 89' lang='lat' dir='ltr'>in-</span> 
     </span>
    </p>
   </div>
   <div class='ocr_carea' id='block_1_18' title="bbox 329 1641 1982 1714">
    <p class='ocr_par' dir='ltr' id='par_1_18' title="bbox 329 1641 1982 1714">
     <span class='ocr_line' id='line_1_18' title="bbox 329 1641 1982 1714; baseline 0 -17"><span class='ocrx_word' id='word_1_117' title='bbox 329 1642 699 1712; x_wconf 83' lang='lat' dir='ltr'>ﬁdelitatem;</span> <span class='ocrx_word' id='word_1_118' title='bbox 735 1643 829 1699; x_wconf 89' lang='lat' dir='ltr'>cui</span> <span class='ocrx_word' id='word_1_119' title='bbox 860 1642 1017 1698; x_wconf 88' lang='lat' dir='ltr'>enim</span> <span class='ocrx_word' id='word_1_120' title='bbox 1049 1643 1183 1714; x_wconf 89' lang='lat' dir='ltr'>plus</span> <span class='ocrx_word' id='word_1_121' title='bbox 1212 1644 1414 1700; x_wconf 87' lang='lat' dir='ltr'>datum</span> <span class='ocrx_word' id='word_1_122' title='bbox 1447 1647 1553 1710; x_wconf 89' lang='lat' dir='ltr'>est,</span> <span class='ocrx_word' id='word_1_123' title='bbox 1579 1641 1712 1714; x_wconf 87' lang='lat' dir='ltr'>plus</span> <span class='ocrx_word' id='word_1_124' title='bbox 1730 1642 1982 1712; x_wconf 81' lang='lat' dir='ltr'>exigitur</span> 
     </span>
    </p>
   </div>
   <div class='ocr_carea' id='block_1_19' title="bbox 2091 487 3744 566">
    <p class='ocr_par' dir='ltr' id='par_1_19' title="bbox 2091 487 3744 566">
     <span class='ocr_line' id='line_1_19' title="bbox 2091 487 3744 566; baseline 0.002 -22"><span class='ocrx_word' id='word_1_125' title='bbox 2091 491 2260 556; x_wconf 78' lang='lat' dir='ltr'>Bene,</span> <span class='ocrx_word' id='word_1_126' title='bbox 2294 491 2393 556; x_wconf 81' lang='lat' dir='ltr'>ait,</span> <span class='ocrx_word' id='word_1_127' title='bbox 2434 510 2454 537; x_wconf 77' lang='grc' dir='ltr'>ι</span> <span class='ocrx_word' id='word_1_128' title='bbox 2491 489 2736 563; x_wconf 78' lang='lat' dir='ltr'>speravi,</span> <span class='ocrx_word' id='word_1_129' title='bbox 2773 511 2798 538; x_wconf 84' lang='lat'>»</span> <span class='ocrx_word' id='word_1_130' title='bbox 2833 489 2973 560; x_wconf 86' lang='lat' dir='ltr'>quia</span> <span class='ocrx_word' id='word_1_131' title='bbox 3010 487 3240 546; x_wconf 87' lang='lat' dir='ltr'>homini</span> <span class='ocrx_word' id='word_1_132' title='bbox 3268 489 3430 545; x_wconf 84' lang='lat' dir='ltr'>dedit</span> <span class='ocrx_word' id='word_1_133' title='bbox 3487 490 3744 566; x_wconf 66' lang='lat' dir='ltr'>eligendi</span> 
     </span>
    </p>
   </div>
   <div class='ocr_carea' id='block_1_20' title="bbox 2088 577 3746 654">
    <p class='ocr_par' dir='ltr' id='par_1_20' title="bbox 2088 577 3746 654">
     <span class='ocr_line' id='line_1_20' title="bbox 2088 577 3746 654; baseline 0.003 -21"><span class='ocrx_word' id='word_1_134' title='bbox 2088 578 2397 646; x_wconf 89' lang='lat' dir='ltr'>arbitrum,</span> <span class='ocrx_word' id='word_1_135' title='bbox 2431 577 2531 652; x_wconf 77' lang='lat' dir='ltr'>qui</span> <span class='ocrx_word' id='word_1_136' title='bbox 2567 581 2866 649; x_wconf 87' lang='lat' dir='ltr'>sequatur.</span> <span class='ocrx_word' id='word_1_137' title='bbox 2904 601 2931 628; x_wconf 76' lang='grc' dir='ltr'>(ι</span> <span class='ocrx_word' id='word_1_138' title='bbox 2963 579 3187 644; x_wconf 91' lang='lat' dir='ltr'>Posuit,</span> <span class='ocrx_word' id='word_1_139' title='bbox 3246 578 3462 654; x_wconf 85' lang='lat' dir='ltr'>inquit,</span> <span class='ocrx_word' id='word_1_140' title='bbox 3520 584 3658 652; x_wconf 76' lang='lat' dir='ltr'>ante</span> <span class='ocrx_word' id='word_1_141' title='bbox 3683 585 3746 650; x_wconf 77' lang='lat' dir='ltr'>te</span> 
     </span>
    </p>
   </div>
   <div class='ocr_carea' id='block_1_21' title="bbox 2086 665 3739 742">
    <p class='ocr_par' dir='ltr' id='par_1_21' title="bbox 2086 665 3739 742">
     <span class='ocr_line' id='line_1_21' title="bbox 2086 665 3739 742; baseline 0.004 -22"><span class='ocrx_word' id='word_1_142' title='bbox 2086 666 2306 722; x_wconf 91' lang='lat' dir='ltr'>bonum</span> <span class='ocrx_word' id='word_1_143' title='bbox 2338 670 2394 721; x_wconf 92' lang='lat' dir='ltr'>et</span> <span class='ocrx_word' id='word_1_144' title='bbox 2427 665 2647 722; x_wconf 87' lang='lat' dir='ltr'>malum</span> <span class='ocrx_word' id='word_1_145' title='bbox 2680 668 2855 736; x_wconf 80' lang='lat' dir='ltr'>(Deut.</span> <span class='ocrx_word' id='word_1_146' title='bbox 2890 684 3021 734; x_wconf 88' lang='lat' dir='ltr'>xxx,</span> <span class='ocrx_word' id='word_1_147' title='bbox 3057 668 3163 738; x_wconf 85' lang='grc'>15).</span> <span class='ocrx_word' id='word_1_148' title='bbox 3199 689 3227 716; x_wconf 89' lang='grc'><strong>››</strong></span> <span class='ocrx_word' id='word_1_149' title='bbox 3259 666 3318 723; x_wconf 87' lang='lat' dir='ltr'>Si</span> <span class='ocrx_word' id='word_1_150' title='bbox 3349 667 3572 726; x_wconf 88' lang='lat' dir='ltr'>malum</span> <span class='ocrx_word' id='word_1_151' title='bbox 3630 668 3739 742; x_wconf 84' lang='lat' dir='ltr'>ele-</span> 
     </span>
    </p>
   </div>
   <div class='ocr_carea' id='block_1_22' title="bbox 2086 754 3732 832">
    <p class='ocr_par' dir='ltr' id='par_1_22' title="bbox 2086 754 3732 832">
     <span class='ocr_line' id='line_1_22' title="bbox 2086 754 3732 832; baseline 0.003 -22"><span class='ocrx_word' id='word_1_152' title='bbox 2086 755 2260 826; x_wconf 84' lang='lat' dir='ltr'>geris,</span> <span class='ocrx_word' id='word_1_153' title='bbox 2294 771 2408 810; x_wconf 92' lang='lat' dir='ltr'>non</span> <span class='ocrx_word' id='word_1_154' title='bbox 2442 761 2652 810; x_wconf 85' lang='lat' dir='ltr'>natura</span> <span class='ocrx_word' id='word_1_155' title='bbox 2681 754 2988 827; x_wconf 89' lang='lat' dir='ltr'>delinquit,</span> <span class='ocrx_word' id='word_1_156' title='bbox 3021 756 3122 811; x_wconf 83' lang='lat' dir='ltr'>sed</span> <span class='ocrx_word' id='word_1_157' title='bbox 3155 755 3426 832; x_wconf 83' lang='lat' dir='ltr'>eligentis</span> <span class='ocrx_word' id='word_1_158' title='bbox 3468 757 3732 832; x_wconf 75' lang='lat' dir='ltr'>aﬂ&#39;ectus.</span> 
     </span>
    </p>
   </div>
   <div class='ocr_carea' id='block_1_23' title="bbox 2087 842 3734 920">
    <p class='ocr_par' dir='ltr' id='par_1_23' title="bbox 2087 842 3734 920">
     <span class='ocr_line' id='line_1_23' title="bbox 2087 842 3734 920; baseline 0.004 -22"><span class='ocrx_word' id='word_1_159' title='bbox 2087 843 2148 898; x_wconf 90' lang='lat' dir='ltr'>Si</span> <span class='ocrx_word' id='word_1_160' title='bbox 2183 843 2589 915; x_wconf 89' lang='lat' dir='ltr'>unusquisque</span> <span class='ocrx_word' id='word_1_161' title='bbox 2623 842 2928 918; x_wconf 87' lang='lat' dir='ltr'>hominum</span> <span class='ocrx_word' id='word_1_162' title='bbox 2977 844 3399 901; x_wconf 88' lang='lat' dir='ltr'>condemnatur</span> <span class='ocrx_word' id='word_1_163' title='bbox 3452 847 3553 920; x_wconf 85' lang='lat' dir='ltr'>qui</span> <span class='ocrx_word' id='word_1_164' title='bbox 3609 863 3734 916; x_wconf 83' lang='lat' dir='ltr'>ma-</span> 
     </span>
    </p>
   </div>
   <div class='ocr_carea' id='block_1_24' title="bbox 2087 930 3738 1007">
    <p class='ocr_par' dir='ltr' id='par_1_24' title="bbox 2087 930 3738 1007">
     <span class='ocr_line' id='line_1_24' title="bbox 2087 930 3738 1007; baseline 0.005 -22"><span class='ocrx_word' id='word_1_165' title='bbox 2087 930 2209 986; x_wconf 89' lang='lat' dir='ltr'>lum</span> <span class='ocrx_word' id='word_1_166' title='bbox 2243 931 2481 1003; x_wconf 86' lang='lat' dir='ltr'>elegerit</span> <span class='ocrx_word' id='word_1_167' title='bbox 2514 948 2525 988; x_wconf 94' lang='lat'>:</span> <span class='ocrx_word' id='word_1_168' title='bbox 2562 931 2701 1002; x_wconf 91' lang='lat' dir='ltr'>quid</span> <span class='ocrx_word' id='word_1_169' title='bbox 2734 932 2804 986; x_wconf 92' lang='lat' dir='ltr'>de</span> <span class='ocrx_word' id='word_1_170' title='bbox 2835 932 2988 986; x_wconf 88' lang='lat' dir='ltr'>Juda</span> <span class='ocrx_word' id='word_1_171' title='bbox 3019 932 3291 998; x_wconf 89' lang='lat' dir='ltr'>dicimus,</span> <span class='ocrx_word' id='word_1_172' title='bbox 3328 933 3427 1005; x_wconf 88' lang='lat' dir='ltr'>qui</span> <span class='ocrx_word' id='word_1_173' title='bbox 3479 936 3738 1007; x_wconf 82' lang='lat' dir='ltr'>prodidit</span> 
     </span>
    </p>
   </div>
   <div class='ocr_carea' id='block_1_25' title="bbox 2087 1020 3406 1092">
    <p class='ocr_par' dir='ltr' id='par_1_25' title="bbox 2087 1020 3406 1092">
     <span class='ocr_line' id='line_1_25' title="bbox 2087 1020 3406 1092; baseline 0.001 -17"><span class='ocrx_word' id='word_1_174' title='bbox 2087 1036 2222 1075; x_wconf 90' lang='lat' dir='ltr'>eum</span> <span class='ocrx_word' id='word_1_175' title='bbox 2254 1021 2347 1076; x_wconf 91' lang='lat' dir='ltr'>cui</span> <span class='ocrx_word' id='word_1_176' title='bbox 2380 1020 2765 1092; x_wconf 89' lang='lat' dir='ltr'>copulabatur</span> <span class='ocrx_word' id='word_1_177' title='bbox 2793 1021 3076 1076; x_wconf 86' lang='lat' dir='ltr'>suavitate</span> <span class='ocrx_word' id='word_1_178' title='bbox 3107 1021 3352 1077; x_wconf 90' lang='lat' dir='ltr'>convivii</span> <span class='ocrx_word' id='word_1_179' title='bbox 3379 1021 3406 1076; x_wconf 85' lang='lat'><strong>?</strong></span> 
     </span>
    </p>
   </div>
   <div class='ocr_carea' id='block_1_26' title="bbox 2154 1108 3736 1186">
    <p class='ocr_par' dir='ltr' id='par_1_26' title="bbox 2154 1108 3736 1186">
     <span class='ocr_line' id='line_1_26' title="bbox 2154 1108 3736 1186; baseline 0.006 -24"><span class='ocrx_word' id='word_1_180' title='bbox 2154 1109 2243 1163; x_wconf 86' lang='lat'>23.</span> <span class='ocrx_word' id='word_1_181' title='bbox 2283 1131 2304 1158; x_wconf 73' lang='grc' dir='ltr'><em>α</em></span> <span class='ocrx_word' id='word_1_182' title='bbox 2341 1108 2448 1174; x_wconf 88' lang='lat' dir='ltr'>Qui</span> <span class='ocrx_word' id='word_1_183' title='bbox 2474 1109 2699 1174; x_wconf 83' lang='lat' dir='ltr'>edebat,</span> <span class='ocrx_word' id='word_1_184' title='bbox 2734 1108 2944 1181; x_wconf 89' lang='lat' dir='ltr'>inquit,</span> <span class='ocrx_word' id='word_1_185' title='bbox 2991 1125 3171 1182; x_wconf 89' lang='lat' dir='ltr'>panes</span> <span class='ocrx_word' id='word_1_186' title='bbox 3219 1126 3400 1185; x_wconf 86' lang='lat' dir='ltr'>meos,</span> <span class='ocrx_word' id='word_1_187' title='bbox 3433 1111 3736 1186; x_wconf 84' lang='lat' dir='ltr'>ampliavit</span> 
     </span>
    </p>
   </div>
   <div class='ocr_carea' id='block_1_27' title="bbox 2087 1195 3729 1274">
    <p class='ocr_par' dir='ltr' id='par_1_27' title="bbox 2087 1195 3729 1274">
     <span class='ocr_line' id='line_1_27' title="bbox 2087 1195 3729 1274; baseline 0.004 -24"><span class='ocrx_word' id='word_1_188' title='bbox 2087 1213 2263 1268; x_wconf 90' lang='lat' dir='ltr'>super</span> <span class='ocrx_word' id='word_1_189' title='bbox 2292 1214 2384 1252; x_wconf 91' lang='lat' dir='ltr'>me</span> <span class='ocrx_word' id='word_1_190' title='bbox 2410 1195 2966 1269; x_wconf 87' lang='lat' dir='ltr'>supplantationem.</span> <span class='ocrx_word' id='word_1_191' title='bbox 2995 1220 3022 1247; x_wconf 84' lang='lat'>»</span> <span class='ocrx_word' id='word_1_192' title='bbox 3055 1198 3201 1263; x_wconf 88' lang='lat' dir='ltr'>Quid</span> <span class='ocrx_word' id='word_1_193' title='bbox 3230 1203 3320 1274; x_wconf 85' lang='lat' dir='ltr'>est</span> <span class='ocrx_word' id='word_1_194' title='bbox 3350 1201 3506 1274; x_wconf 88' lang='lat' dir='ltr'>quod</span> <span class='ocrx_word' id='word_1_195' title='bbox 3563 1202 3729 1257; x_wconf 84' lang='lat' dir='ltr'>addi-</span> 
     </span>
    </p>
   </div>
   <div class='ocr_carea' id='block_1_28' title="bbox 2085 1285 3733 1365">
    <p class='ocr_par' dir='ltr' id='par_1_28' title="bbox 2085 1285 3733 1365">
     <span class='ocr_line' id='line_1_28' title="bbox 2085 1285 3733 1365; baseline 0.005 -26"><span class='ocrx_word' id='word_1_196' title='bbox 2085 1285 2189 1340; x_wconf 88' lang='lat' dir='ltr'>dit.</span> <span class='ocrx_word' id='word_1_197' title='bbox 2218 1308 2244 1336; x_wconf 84' lang='lat'>«</span> <span class='ocrx_word' id='word_1_198' title='bbox 2276 1303 2456 1358; x_wconf 88' lang='lat' dir='ltr'>panes</span> <span class='ocrx_word' id='word_1_199' title='bbox 2479 1286 2685 1341; x_wconf 86' lang='lat' dir='ltr'>meos?</span> <span class='ocrx_word' id='word_1_200' title='bbox 2717 1307 2744 1335; x_wconf 83' lang='lat'>»</span> <span class='ocrx_word' id='word_1_201' title='bbox 2778 1285 2970 1342; x_wconf 88' lang='lat' dir='ltr'>Potuit</span> <span class='ocrx_word' id='word_1_202' title='bbox 2999 1287 3189 1344; x_wconf 84' lang='lat' dir='ltr'>dicere</span> <span class='ocrx_word' id='word_1_203' title='bbox 3223 1305 3235 1343; x_wconf 92' lang='lat'>:</span> <span class='ocrx_word' id='word_1_204' title='bbox 3269 1289 3376 1353; x_wconf 88' lang='lat' dir='ltr'>Qui</span> <span class='ocrx_word' id='word_1_205' title='bbox 3407 1289 3616 1365; x_wconf 78' lang='lat' dir='ltr'>edebat</span> <span class='ocrx_word' id='word_1_206' title='bbox 3631 1308 3733 1364; x_wconf 67' lang='lat' dir='ltr'>pa-</span> 
     </span>
    </p>
   </div>
   <div class='ocr_carea' id='block_1_29' title="bbox 2085 1375 3736 1452">
    <p class='ocr_par' dir='ltr' id='par_1_29' title="bbox 2085 1375 3736 1452">
     <span class='ocr_line' id='line_1_29' title="bbox 2085 1375 3736 1452; baseline 0.007 -22"><span class='ocrx_word' id='word_1_207' title='bbox 2085 1391 2185 1431; x_wconf 88' lang='lat' dir='ltr'>nes</span> <span class='ocrx_word' id='word_1_208' title='bbox 2203 1393 2454 1443; x_wconf 89' lang='lat' dir='ltr'>mecum,</span> <span class='ocrx_word' id='word_1_209' title='bbox 2486 1375 2600 1433; x_wconf 89' lang='lat' dir='ltr'>nisi</span> <span class='ocrx_word' id='word_1_210' title='bbox 2629 1376 2790 1431; x_wconf 89' lang='lat' dir='ltr'>illam</span> <span class='ocrx_word' id='word_1_211' title='bbox 2824 1376 3138 1450; x_wconf 87' lang='lat' dir='ltr'>intelligas,</span> <span class='ocrx_word' id='word_1_212' title='bbox 3171 1395 3298 1452; x_wconf 66' lang='lat' dir='ltr'>quae</span> <span class='ocrx_word' id='word_1_213' title='bbox 3344 1380 3616 1451; x_wconf 71' lang='lat' dir='ltr'>specialis</span> <span class='ocrx_word' id='word_1_214' title='bbox 3645 1387 3736 1442; x_wconf 70' lang='lat' dir='ltr'>est</span> 
     </span>
    </p>
   </div>
   <div class='ocr_carea' id='block_1_30' title="bbox 2087 1463 3730 1540">
    <p class='ocr_par' dir='ltr' id='par_1_30' title="bbox 2087 1463 3730 1540">
     <span class='ocr_line' id='line_1_30' title="bbox 2087 1463 3730 1540; baseline 0.006 -22"><span class='ocrx_word' id='word_1_215' title='bbox 2087 1463 2325 1530; x_wconf 85' lang='lat' dir='ltr'>Christi,</span> <span class='ocrx_word' id='word_1_216' title='bbox 2358 1465 2466 1520; x_wconf 88' lang='lat' dir='ltr'>hoc</span> <span class='ocrx_word' id='word_1_217' title='bbox 2492 1470 2599 1532; x_wconf 90' lang='lat' dir='ltr'>est,</span> <span class='ocrx_word' id='word_1_218' title='bbox 2638 1465 2797 1520; x_wconf 86' lang='lat' dir='ltr'>verbi</span> <span class='ocrx_word' id='word_1_219' title='bbox 2830 1466 3079 1522; x_wconf 76' lang='lat' dir='ltr'>caelestis</span> <span class='ocrx_word' id='word_1_220' title='bbox 3133 1466 3493 1538; x_wconf 86' lang='lat' dir='ltr'>alimoniam,</span> <span class='ocrx_word' id='word_1_221' title='bbox 3553 1491 3582 1520; x_wconf 77' lang='grc' dir='ltr'>(ι</span> <span class='ocrx_word' id='word_1_222' title='bbox 3615 1486 3730 1540; x_wconf 84' lang='lat' dir='ltr'>non</span> 
     </span>
    </p>
   </div>
   <div class='ocr_carea' id='block_1_31' title="bbox 2086 1553 3730 1624">
    <p class='ocr_par' dir='ltr' id='par_1_31' title="bbox 2086 1553 3730 1624">
     <span class='ocr_line' id='line_1_31' title="bbox 2086 1553 3730 1624; baseline 0.005 -16"><span class='ocrx_word' id='word_1_223' title='bbox 2086 1553 2242 1608; x_wconf 89' lang='lat' dir='ltr'>enim</span> <span class='ocrx_word' id='word_1_224' title='bbox 2277 1553 2334 1607; x_wconf 89' lang='lat' dir='ltr'>in</span> <span class='ocrx_word' id='word_1_225' title='bbox 2364 1553 2488 1610; x_wconf 91' lang='lat' dir='ltr'>solo</span> <span class='ocrx_word' id='word_1_226' title='bbox 2519 1570 2665 1624; x_wconf 91' lang='lat' dir='ltr'>pane</span> <span class='ocrx_word' id='word_1_227' title='bbox 2693 1554 2831 1608; x_wconf 85' lang='lat' dir='ltr'>vivit</span> <span class='ocrx_word' id='word_1_228' title='bbox 2867 1555 3063 1622; x_wconf 90' lang='lat' dir='ltr'>homo,</span> <span class='ocrx_word' id='word_1_229' title='bbox 3095 1556 3194 1616; x_wconf 85' lang='lat' dir='ltr'>sed</span> <span class='ocrx_word' id='word_1_230' title='bbox 3252 1556 3312 1611; x_wconf 89' lang='lat' dir='ltr'>in</span> <span class='ocrx_word' id='word_1_231' title='bbox 3342 1558 3502 1614; x_wconf 91' lang='lat' dir='ltr'>omni</span> <span class='ocrx_word' id='word_1_232' title='bbox 3557 1559 3730 1616; x_wconf 86' lang='lat' dir='ltr'>verbo</span> 
     </span>
    </p>
   </div>
   <div class='ocr_carea' id='block_1_32' title="bbox 2087 1640 3732 1714">
    <p class='ocr_par' dir='ltr' id='par_1_32' title="bbox 2087 1640 3732 1714">
     <span class='ocr_line' id='line_1_32' title="bbox 2087 1640 3732 1714; baseline 0.006 -20"><span class='ocrx_word' id='word_1_233' title='bbox 2087 1641 2183 1696; x_wconf 88' lang='lat' dir='ltr'>Dei</span> <span class='ocrx_word' id='word_1_234' title='bbox 2216 1640 2421 1707; x_wconf 79' lang='lat' dir='ltr'>(Matth.</span> <span class='ocrx_word' id='word_1_235' title='bbox 2457 1659 2528 1706; x_wconf 87' lang='grc' dir='ltr'>ιν,</span> <span class='ocrx_word' id='word_1_236' title='bbox 2559 1643 2632 1712; x_wconf 77' lang='grc'>4).</span> <span class='ocrx_word' id='word_1_237' title='bbox 2669 1665 2696 1689; x_wconf 86' lang='grc'><strong>››</strong></span> <span class='ocrx_word' id='word_1_238' title='bbox 2730 1641 2990 1714; x_wconf 90' lang='lat' dir='ltr'>Denique</span> <span class='ocrx_word' id='word_1_239' title='bbox 3015 1643 3154 1698; x_wconf 90' lang='lat' dir='ltr'>alibi</span> <span class='ocrx_word' id='word_1_240' title='bbox 3185 1644 3362 1699; x_wconf 90' lang='lat' dir='ltr'>dicit:</span> <span class='ocrx_word' id='word_1_241' title='bbox 3398 1669 3424 1695; x_wconf 83' lang='lat'><strong><em>«</em></strong></span> <span class='ocrx_word' id='word_1_242' title='bbox 3459 1647 3732 1709; x_wconf 84' lang='lat' dir='ltr'>Quisem-</span> 
     </span>
    </p>
   </div>
   <div class='ocr_carea' id='block_1_33' title="bbox 318 1729 3730 1827">
    <p class='ocr_par' dir='ltr' id='par_1_33' title="bbox 318 1729 3730 1827">
     <span class='ocr_line' id='line_1_33' title="bbox 318 1729 3730 1827; baseline 0.001 -41"><span class='ocrx_word' id='word_1_243' title='bbox 318 1731 388 1786; x_wconf 88' lang='lat' dir='ltr'>ab</span> <span class='ocrx_word' id='word_1_244' title='bbox 419 1748 505 1788; x_wconf 90' lang='lat' dir='ltr'>eo.</span> <span class='ocrx_word' id='word_1_245' title='bbox 539 1732 712 1798; x_wconf 85' lang='lat' dir='ltr'>Quid,</span> <span class='ocrx_word' id='word_1_246' title='bbox 744 1731 957 1802; x_wconf 86' lang='lat' dir='ltr'>inquit,</span> <span class='ocrx_word' id='word_1_247' title='bbox 992 1732 1062 1786; x_wconf 89' lang='lat' dir='ltr'>de</span> <span class='ocrx_word' id='word_1_248' title='bbox 1093 1731 1225 1788; x_wconf 87' lang='lat' dir='ltr'>aliis</span> <span class='ocrx_word' id='word_1_249' title='bbox 1258 1731 1515 1803; x_wconf 81' lang='lat' dir='ltr'>querar?</span> <span class='ocrx_word' id='word_1_250' title='bbox 1546 1751 1571 1782; x_wconf 82' lang='grc' dir='ltr'>(ι</span> <span class='ocrx_word' id='word_1_251' title='bbox 1603 1731 1784 1786; x_wconf 84' lang='lat' dir='ltr'>Homo</span> <span class='ocrx_word' id='word_1_252' title='bbox 1815 1730 1975 1801; x_wconf 89' lang='lat' dir='ltr'>pacis</span> <span class='ocrx_word' id='word_1_253' title='bbox 2005 1762 2053 1827; x_wconf 80' lang='grc' dir='ltr'><strong>Β</strong></span> <span class='ocrx_word' id='word_1_254' title='bbox 2086 1745 2446 1827; x_wconf 42' lang='lat' dir='ltr'>per‘mecum</span> <span class='ocrx_word' id='word_1_255' title='bbox 2477 1729 2676 1827; x_wconf 78' lang='lat' dir='ltr'>dulces</span> <span class='ocrx_word' id='word_1_256' title='bbox 2707 1729 2987 1827; x_wconf 32' lang='lat' dir='ltr'>cupiebas.</span> <span class='ocrx_word' id='word_1_257' title='bbox 3004 1730 3164 1787; x_wconf 90' lang='lat' dir='ltr'>cibos</span> <span class='ocrx_word' id='word_1_258' title='bbox 3216 1734 3384 1804; x_wconf 81' lang='lat' dir='ltr'>(Psal.</span> <span class='ocrx_word' id='word_1_259' title='bbox 3419 1751 3527 1802; x_wconf 81' lang='lat' dir='ltr'>LIV,</span> <span class='ocrx_word' id='word_1_260' title='bbox 3584 1737 3663 1807; x_wconf 85' lang='lat'>5).</span> <span class='ocrx_word' id='word_1_261' title='bbox 3701 1759 3730 1786; x_wconf 75' lang='grc' dir='ltr'><strong>υ</strong></span> 
     </span>
    </p>
   </div>
   <div class='ocr_carea' id='block_1_34' title="bbox 320 1819 1968 1890">
    <p class='ocr_par' dir='ltr' id='par_1_34' title="bbox 320 1819 1968 1890">
     <span class='ocr_line' id='line_1_34' title="bbox 320 1819 1968 1890; baseline 0 -16"><span class='ocrx_word' id='word_1_262' title='bbox 320 1836 481 1887; x_wconf 76' lang='lat' dir='ltr'>meae,</span> <span class='ocrx_word' id='word_1_263' title='bbox 511 1843 538 1867; x_wconf 77' lang='grc' dir='ltr'><strong>υ</strong></span> <span class='ocrx_word' id='word_1_264' title='bbox 588 1819 682 1874; x_wconf 91' lang='lat' dir='ltr'>cui</span> <span class='ocrx_word' id='word_1_265' title='bbox 711 1836 914 1890; x_wconf 87' lang='lat' dir='ltr'>pacem</span> <span class='ocrx_word' id='word_1_266' title='bbox 955 1836 1146 1875; x_wconf 89' lang='lat' dir='ltr'>meam</span> <span class='ocrx_word' id='word_1_267' title='bbox 1182 1820 1480 1886; x_wconf 88' lang='lat' dir='ltr'>dederam,</span> <span class='ocrx_word' id='word_1_268' title='bbox 1516 1835 1715 1888; x_wconf 88' lang='lat' dir='ltr'>pacem</span> <span class='ocrx_word' id='word_1_269' title='bbox 1777 1835 1968 1874; x_wconf 89' lang='lat' dir='ltr'>meam</span> 
     </span>
    </p>
   </div>
   <div class='ocr_carea' id='block_1_35' title="bbox 319 1905 1972 1979">
    <p class='ocr_par' dir='ltr' id='par_1_35' title="bbox 319 1905 1972 1979">
     <span class='ocr_line' id='line_1_35' title="bbox 319 1905 1972 1979; baseline 0.001 -18"><span class='ocrx_word' id='word_1_270' title='bbox 319 1906 649 1979; x_wconf 88' lang='lat' dir='ltr'>relinquere</span> <span class='ocrx_word' id='word_1_271' title='bbox 697 1905 1016 1972; x_wconf 84' lang='lat' dir='ltr'>volueram,</span> <span class='ocrx_word' id='word_1_272' title='bbox 1052 1907 1525 1979; x_wconf 86' lang='lat' dir='ltr'>persecutoribus</span> <span class='ocrx_word' id='word_1_273' title='bbox 1581 1907 1848 1962; x_wconf 91' lang='lat' dir='ltr'>deductis</span> <span class='ocrx_word' id='word_1_274' title='bbox 1880 1924 1972 1962; x_wconf 89' lang='lat' dir='ltr'>me</span> 
     </span>
    </p>
   </div>
   <div class='ocr_carea' id='block_1_36' title="bbox 319 1993 1972 2070">
    <p class='ocr_par' dir='ltr' id='par_1_36' title="bbox 319 1993 1972 2070">
     <span class='ocr_line' id='line_1_36' title="bbox 319 1993 1972 2070; baseline 0.002 -22"><span class='ocrx_word' id='word_1_275' title='bbox 319 1995 584 2061; x_wconf 88' lang='lat' dir='ltr'>tradidit,</span> <span class='ocrx_word' id='word_1_276' title='bbox 617 1999 672 2050; x_wconf 89' lang='lat' dir='ltr'>et</span> <span class='ocrx_word' id='word_1_277' title='bbox 704 1993 906 2050; x_wconf 79' lang='lat' dir='ltr'>fefellit</span> <span class='ocrx_word' id='word_1_278' title='bbox 923 2011 1034 2059; x_wconf 90' lang='lat' dir='ltr'>me,</span> <span class='ocrx_word' id='word_1_279' title='bbox 1068 2019 1094 2046; x_wconf 86' lang='grc'>‹‹</span> <span class='ocrx_word' id='word_1_280' title='bbox 1129 1996 1187 2050; x_wconf 92' lang='lat' dir='ltr'>in</span> <span class='ocrx_word' id='word_1_281' title='bbox 1219 2012 1391 2068; x_wconf 91' lang='lat' dir='ltr'>quem</span> <span class='ocrx_word' id='word_1_282' title='bbox 1425 1995 1672 2070; x_wconf 72' lang='lat' dir='ltr'>speravi.</span> <span class='ocrx_word' id='word_1_283' title='bbox 1714 2018 1734 2044; x_wconf 78' lang='grc' dir='ltr'>ι»</span> <span class='ocrx_word' id='word_1_284' title='bbox 1797 1995 1972 2051; x_wconf 89' lang='lat' dir='ltr'>Num-</span> 
     </span>
    </p>
   </div>
   <div class='ocr_carea' id='block_1_37' title="bbox 319 2079 1970 2154">
    <p class='ocr_par' dir='ltr' id='par_1_37' title="bbox 319 2079 1970 2154">
     <span class='ocr_line' id='line_1_37' title="bbox 319 2079 1970 2154; baseline 0.002 -20"><span class='ocrx_word' id='word_1_285' title='bbox 319 2079 460 2150; x_wconf 91' lang='lat' dir='ltr'>quid</span> <span class='ocrx_word' id='word_1_286' title='bbox 493 2080 783 2153; x_wconf 85' lang='lat' dir='ltr'>ignoravit</span> <span class='ocrx_word' id='word_1_287' title='bbox 811 2081 1169 2152; x_wconf 88' lang='lat' dir='ltr'>proditorem</span> <span class='ocrx_word' id='word_1_288' title='bbox 1192 2082 1284 2137; x_wconf 88' lang='lat' dir='ltr'>sui</span> <span class='ocrx_word' id='word_1_289' title='bbox 1317 2083 1683 2148; x_wconf 83' lang='lat' dir='ltr'>futurum,de</span> <span class='ocrx_word' id='word_1_290' title='bbox 1706 2099 1821 2154; x_wconf 91' lang='lat' dir='ltr'>quo</span> <span class='ocrx_word' id='word_1_291' title='bbox 1839 2087 1970 2138; x_wconf 87' lang='lat' dir='ltr'>ante</span> 
     </span>
    </p>
   </div>
   <div class='ocr_carea' id='block_1_38' title="bbox 319 2168 1968 2242">
    <p class='ocr_par' dir='ltr' id='par_1_38' title="bbox 319 2168 1968 2242">
     <span class='ocr_line' id='line_1_38' title="bbox 319 2168 1968 2242; baseline 0.002 -20"><span class='ocrx_word' id='word_1_292' title='bbox 319 2168 619 2240; x_wconf 64' lang='lat' dir='ltr'>pradixit:</span> <span class='ocrx_word' id='word_1_293' title='bbox 644 2191 671 2219; x_wconf 79' lang='grc' dir='ltr'><strong>(ι</strong></span> <span class='ocrx_word' id='word_1_294' title='bbox 697 2168 858 2226; x_wconf 89' lang='lat' dir='ltr'>Unus</span> <span class='ocrx_word' id='word_1_295' title='bbox 879 2186 946 2225; x_wconf 83' lang='lat' dir='ltr'>ex</span> <span class='ocrx_word' id='word_1_296' title='bbox 969 2171 1132 2226; x_wconf 88' lang='lat' dir='ltr'>vobis</span> <span class='ocrx_word' id='word_1_297' title='bbox 1157 2187 1249 2226; x_wconf 90' lang='lat' dir='ltr'>me</span> <span class='ocrx_word' id='word_1_298' title='bbox 1279 2172 1466 2226; x_wconf 88' lang='lat' dir='ltr'>tradet</span> <span class='ocrx_word' id='word_1_299' title='bbox 1486 2172 1644 2241; x_wconf 84' lang='lat' dir='ltr'>(Joan</span> <span class='ocrx_word' id='word_1_300' title='bbox 1667 2189 1792 2236; x_wconf 85' lang='lat' dir='ltr'>xm,</span> <span class='ocrx_word' id='word_1_301' title='bbox 1815 2172 1968 2242; x_wconf 80' lang='lat'>21)?»</span> 
     </span>
    </p>
   </div>
   <div class='ocr_carea' id='block_1_39' title="bbox 321 2257 1966 2331">
    <p class='ocr_par' dir='ltr' id='par_1_39' title="bbox 321 2257 1966 2331">
     <span class='ocr_line' id='line_1_39' title="bbox 321 2257 1966 2331; baseline 0.002 -20"><span class='ocrx_word' id='word_1_302' title='bbox 321 2257 459 2328; x_wconf 86' lang='lat' dir='ltr'>(Hoc</span> <span class='ocrx_word' id='word_1_303' title='bbox 482 2262 678 2312; x_wconf 90' lang='lat' dir='ltr'>autem</span> <span class='ocrx_word' id='word_1_304' title='bbox 703 2258 933 2314; x_wconf 84' lang='lat' dir='ltr'>dicebat</span> <span class='ocrx_word' id='word_1_305' title='bbox 978 2259 1049 2315; x_wconf 91' lang='lat' dir='ltr'>de</span> <span class='ocrx_word' id='word_1_306' title='bbox 1077 2259 1252 2329; x_wconf 85' lang='lat' dir='ltr'>Juda,</span> <span class='ocrx_word' id='word_1_307' title='bbox 1285 2260 1437 2315; x_wconf 90' lang='lat' dir='ltr'>sicut</span> <span class='ocrx_word' id='word_1_308' title='bbox 1465 2260 1757 2331; x_wconf 89' lang='lat' dir='ltr'>scriptum</span> <span class='ocrx_word' id='word_1_309' title='bbox 1789 2265 1880 2315; x_wconf 90' lang='lat' dir='ltr'>est</span> <span class='ocrx_word' id='word_1_310' title='bbox 1909 2260 1966 2315; x_wconf 92' lang='lat' dir='ltr'>in</span> 
     </span>
    </p>
   </div>
   <div class='ocr_carea' id='block_1_40' title="bbox 319 2345 1969 2420">
    <p class='ocr_par' dir='ltr' id='par_1_40' title="bbox 319 2345 1969 2420">
     <span class='ocr_line' id='line_1_40' title="bbox 319 2345 1969 2420; baseline 0.004 -22"><span class='ocrx_word' id='word_1_311' title='bbox 319 2345 678 2418; x_wconf 86' lang='lat' dir='ltr'>Evangelio.)</span> <span class='ocrx_word' id='word_1_312' title='bbox 700 2347 824 2403; x_wconf 89' lang='lat' dir='ltr'>Non</span> <span class='ocrx_word' id='word_1_313' title='bbox 847 2347 1052 2420; x_wconf 90' lang='lat' dir='ltr'>utique</span> <span class='ocrx_word' id='word_1_314' title='bbox 1079 2366 1091 2415; x_wconf 86' lang='lat'><strong>;</strong></span> <span class='ocrx_word' id='word_1_315' title='bbox 1143 2349 1243 2404; x_wconf 90' lang='lat' dir='ltr'>sed</span> <span class='ocrx_word' id='word_1_316' title='bbox 1267 2365 1381 2420; x_wconf 89' lang='lat' dir='ltr'>quo</span> <span class='ocrx_word' id='word_1_317' title='bbox 1411 2348 1665 2420; x_wconf 89' lang='lat' dir='ltr'>amplius</span> <span class='ocrx_word' id='word_1_318' title='bbox 1695 2349 1969 2404; x_wconf 90' lang='lat' dir='ltr'>condem-</span> 
     </span>
    </p>
   </div>
   <div class='ocr_carea' id='block_1_41' title="bbox 318 2436 1968 2510">
    <p class='ocr_par' dir='ltr' id='par_1_41' title="bbox 318 2436 1968 2510">
     <span class='ocr_line' id='line_1_41' title="bbox 318 2436 1968 2510; baseline 0.002 -22"><span class='ocrx_word' id='word_1_319' title='bbox 318 2438 487 2490; x_wconf 86' lang='lat' dir='ltr'>naret</span> <span class='ocrx_word' id='word_1_320' title='bbox 517 2451 676 2499; x_wconf 90' lang='lat' dir='ltr'>eum,</span> <span class='ocrx_word' id='word_1_321' title='bbox 708 2436 778 2492; x_wconf 90' lang='lat' dir='ltr'>de</span> <span class='ocrx_word' id='word_1_322' title='bbox 809 2436 921 2492; x_wconf 83' lang='lat' dir='ltr'>ﬁde</span> <span class='ocrx_word' id='word_1_323' title='bbox 942 2437 1072 2509; x_wconf 87' lang='lat' dir='ltr'>ejus</span> <span class='ocrx_word' id='word_1_324' title='bbox 1121 2453 1389 2508; x_wconf 85' lang='lat' dir='ltr'>sperasse</span> <span class='ocrx_word' id='word_1_325' title='bbox 1422 2454 1481 2492; x_wconf 92' lang='lat' dir='ltr'>se</span> <span class='ocrx_word' id='word_1_326' title='bbox 1511 2437 1673 2493; x_wconf 81' lang='lat' dir='ltr'>dixit.</span> <span class='ocrx_word' id='word_1_327' title='bbox 1734 2438 1968 2510; x_wconf 84' lang='lat' dir='ltr'>Aquila,</span> 
     </span>
    </p>
   </div>
   <div class='ocr_carea' id='block_1_42' title="bbox 319 2522 1969 2598">
    <p class='ocr_par' dir='ltr' id='par_1_42' title="bbox 319 2522 1969 2598">
     <span class='ocr_line' id='line_1_42' title="bbox 319 2522 1969 2598; baseline 0.002 -21"><span class='ocrx_word' id='word_1_328' title='bbox 319 2544 346 2570; x_wconf 91' lang='grc'><strong>‹‹</strong></span> <span class='ocrx_word' id='word_1_329' title='bbox 372 2522 631 2579; x_wconf 76' lang='lat' dir='ltr'>confisus</span> <span class='ocrx_word' id='word_1_330' title='bbox 651 2540 835 2592; x_wconf 90' lang='lat' dir='ltr'>eram,</span> <span class='ocrx_word' id='word_1_331' title='bbox 862 2547 889 2573; x_wconf 85' lang='lat'>»</span> <span class='ocrx_word' id='word_1_332' title='bbox 913 2525 1061 2580; x_wconf 84' lang='lat' dir='ltr'>dixit</span> <span class='ocrx_word' id='word_1_333' title='bbox 1085 2543 1097 2580; x_wconf 89' lang='lat'><strong>:</strong></span> <span class='ocrx_word' id='word_1_334' title='bbox 1124 2525 1512 2598; x_wconf 79' lang='lat' dir='ltr'>Symmachus</span> <span class='ocrx_word' id='word_1_335' title='bbox 1546 2526 1760 2597; x_wconf 86' lang='lat' dir='ltr'>posuit,</span> <span class='ocrx_word' id='word_1_336' title='bbox 1787 2549 1812 2576; x_wconf 90' lang='grc'><strong>‹‹</strong></span> <span class='ocrx_word' id='word_1_337' title='bbox 1834 2543 1969 2582; x_wconf 90' lang='lat' dir='ltr'>con-</span> 
     </span>
    </p>
   </div>
   <div class='ocr_carea' id='block_1_43' title="bbox 319 2610 1970 2686">
    <p class='ocr_par' dir='ltr' id='par_1_43' title="bbox 319 2610 1970 2686">
     <span class='ocr_line' id='line_1_43' title="bbox 319 2610 1970 2686; baseline 0.002 -22"><span class='ocrx_word' id='word_1_338' title='bbox 319 2610 629 2666; x_wconf 80' lang='lat' dir='ltr'>ﬁdebam.»</span> <span class='ocrx_word' id='word_1_339' title='bbox 655 2611 794 2666; x_wconf 91' lang='lat' dir='ltr'>Plus</span> <span class='ocrx_word' id='word_1_340' title='bbox 836 2613 992 2667; x_wconf 89' lang='lat' dir='ltr'>enim</span> <span class='ocrx_word' id='word_1_341' title='bbox 1025 2629 1340 2685; x_wconf 87' lang='lat' dir='ltr'>gravamus</span> <span class='ocrx_word' id='word_1_342' title='bbox 1381 2631 1513 2669; x_wconf 88' lang='lat' dir='ltr'>eum</span> <span class='ocrx_word' id='word_1_343' title='bbox 1548 2615 1605 2669; x_wconf 91' lang='lat' dir='ltr'>in</span> <span class='ocrx_word' id='word_1_344' title='bbox 1638 2631 1754 2686; x_wconf 90' lang='lat' dir='ltr'>quo</span> <span class='ocrx_word' id='word_1_345' title='bbox 1783 2614 1970 2686; x_wconf 91' lang='lat' dir='ltr'>pluri-</span> 
     </span>
    </p>
   </div>
   <div class='ocr_carea' id='block_1_44' title="bbox 325 2699 1971 2780">
    <p class='ocr_par' dir='ltr' id='par_1_44' title="bbox 325 2699 1971 2780">
     <span class='ocr_line' id='line_1_44' title="bbox 325 2699 1971 2780; baseline 0.002 -27"><span class='ocrx_word' id='word_1_346' title='bbox 325 2715 493 2753; x_wconf 91' lang='lat' dir='ltr'>mum</span> <span class='ocrx_word' id='word_1_347' title='bbox 540 2699 663 2772; x_wconf 89' lang='lat' dir='ltr'>spei</span> <span class='ocrx_word' id='word_1_348' title='bbox 694 2700 782 2755; x_wconf 89' lang='lat' dir='ltr'>vel</span> <span class='ocrx_word' id='word_1_349' title='bbox 842 2701 1070 2758; x_wconf 69' lang='lat' dir='ltr'>ﬁducia:</span> <span class='ocrx_word' id='word_1_350' title='bbox 1129 2702 1409 2758; x_wconf 87' lang='lat' dir='ltr'>habuisse</span> <span class='ocrx_word' id='word_1_351' title='bbox 1456 2703 1843 2780; x_wconf 41' lang='lat' dir='ltr'>nos’dicimus</span> <span class='ocrx_word' id='word_1_352' title='bbox 1877 2722 1888 2759; x_wconf 91' lang='lat'>:</span> <span class='ocrx_word' id='word_1_353' title='bbox 1923 2704 1971 2758; x_wconf 90' lang='lat' dir='ltr'>si</span> 
     </span>
    </p>
   </div>
   <div class='ocr_carea' id='block_1_45' title="bbox 322 2787 1808 2863">
    <p class='ocr_par' dir='ltr' id='par_1_45' title="bbox 322 2787 1808 2863">
     <span class='ocr_line' id='line_1_45' title="bbox 322 2787 1808 2863; baseline 0.001 -19"><span class='ocrx_word' id='word_1_354' title='bbox 322 2787 523 2860; x_wconf 89' lang='lat' dir='ltr'>postea</span> <span class='ocrx_word' id='word_1_355' title='bbox 553 2805 716 2862; x_wconf 88' lang='lat' dir='ltr'>spem</span> <span class='ocrx_word' id='word_1_356' title='bbox 750 2796 1011 2846; x_wconf 88' lang='lat' dir='ltr'>nostram</span> <span class='ocrx_word' id='word_1_357' title='bbox 1040 2791 1492 2863; x_wconf 88' lang='lat' dir='ltr'>opinionemque</span> <span class='ocrx_word' id='word_1_358' title='bbox 1525 2791 1808 2847; x_wconf 87' lang='lat' dir='ltr'>destituit.</span> 
     </span>
    </p>
   </div>
   <div class='ocr_carea' id='block_1_46' title="bbox 390 2875 1973 2951">
    <p class='ocr_par' dir='ltr' id='par_1_46' title="bbox 390 2875 1973 2951">
     <span class='ocr_line' id='line_1_46' title="bbox 390 2875 1973 2951; baseline 0.004 -22"><span class='ocrx_word' id='word_1_359' title='bbox 390 2879 482 2931; x_wconf 81' lang='lat'>22.</span> <span class='ocrx_word' id='word_1_360' title='bbox 517 2875 706 2933; x_wconf 89' lang='lat' dir='ltr'>Simul</span> <span class='ocrx_word' id='word_1_361' title='bbox 739 2877 996 2934; x_wconf 86' lang='lat' dir='ltr'>ostendit</span> <span class='ocrx_word' id='word_1_362' title='bbox 1026 2883 1245 2951; x_wconf 90' lang='lat' dir='ltr'>quanta</span> <span class='ocrx_word' id='word_1_363' title='bbox 1275 2879 1361 2935; x_wconf 91' lang='lat' dir='ltr'>vis</span> <span class='ocrx_word' id='word_1_364' title='bbox 1392 2880 1599 2936; x_wconf 67' lang='lat' dir='ltr'>divine:</span> <span class='ocrx_word' id='word_1_365' title='bbox 1644 2880 1973 2936; x_wconf 81' lang='lat' dir='ltr'>sanctiﬁca-</span> 
     </span>
    </p>
   </div>
   <div class='ocr_carea' id='block_1_47' title="bbox 320 2965 1970 3042">
    <p class='ocr_par' dir='ltr' id='par_1_47' title="bbox 320 2965 1970 3042">
     <span class='ocr_line' id='line_1_47' title="bbox 320 2965 1970 3042; baseline 0.002 -22"><span class='ocrx_word' id='word_1_366' title='bbox 320 2965 500 3021; x_wconf 87' lang='lat' dir='ltr'>tionis</span> <span class='ocrx_word' id='word_1_367' title='bbox 530 2965 626 3036; x_wconf 77' lang='lat' dir='ltr'>sit,</span> <span class='ocrx_word' id='word_1_368' title='bbox 662 2983 787 3038; x_wconf 77' lang='lat' dir='ltr'>quae</span> <span class='ocrx_word' id='word_1_369' title='bbox 819 2966 1093 3024; x_wconf 83' lang='lat' dir='ltr'>excludat</span> <span class='ocrx_word' id='word_1_370' title='bbox 1141 2967 1449 3036; x_wconf 88' lang='lat' dir='ltr'>malitiam,</span> <span class='ocrx_word' id='word_1_371' title='bbox 1483 2973 1540 3024; x_wconf 89' lang='lat' dir='ltr'>et</span> <span class='ocrx_word' id='word_1_372' title='bbox 1592 2969 1970 3042; x_wconf 87' lang='lat' dir='ltr'>depravatum</span> 
     </span>
    </p>
   </div>
   <div class='ocr_carea' id='block_1_48' title="bbox 323 3053 1973 3130">
    <p class='ocr_par' dir='ltr' id='par_1_48' title="bbox 323 3053 1973 3130">
     <span class='ocr_line' id='line_1_48' title="bbox 323 3053 1973 3130; baseline 0.002 -21"><span class='ocrx_word' id='word_1_373' title='bbox 323 3053 596 3110; x_wconf 87' lang='lat' dir='ltr'>emendet</span> <span class='ocrx_word' id='word_1_374' title='bbox 625 3054 974 3128; x_wconf 90' lang='lat' dir='ltr'>ingenium;</span> <span class='ocrx_word' id='word_1_375' title='bbox 1029 3055 1078 3111; x_wconf 90' lang='lat' dir='ltr'>si</span> <span class='ocrx_word' id='word_1_376' title='bbox 1136 3056 1323 3112; x_wconf 84' lang='lat' dir='ltr'>forma</span> <span class='ocrx_word' id='word_1_377' title='bbox 1375 3056 1654 3130; x_wconf 88' lang='lat' dir='ltr'>propositi</span> <span class='ocrx_word' id='word_1_378' title='bbox 1713 3053 1973 3114; x_wconf 88' lang='lat' dir='ltr'>melioris</span> 
     </span>
    </p>
   </div>
   <div class='ocr_carea' id='block_1_49' title="bbox 2087 1817 3731 1895">
    <p class='ocr_par' dir='ltr' id='par_1_49' title="bbox 2087 1817 3731 1895">
     <span class='ocr_line' id='line_1_49' title="bbox 2087 1817 3731 1895; baseline 0.005 -24"><span class='ocrx_word' id='word_1_379' title='bbox 2087 1817 2311 1883; x_wconf 90' lang='lat' dir='ltr'>Quibus</span> <span class='ocrx_word' id='word_1_380' title='bbox 2355 1817 2657 1874; x_wconf 87' lang='lat' dir='ltr'>versiculis</span> <span class='ocrx_word' id='word_1_381' title='bbox 2715 1820 2860 1874; x_wconf 89' lang='lat' dir='ltr'>bene</span> <span class='ocrx_word' id='word_1_382' title='bbox 2908 1817 3130 1874; x_wconf 87' lang='lat' dir='ltr'>utimur</span> <span class='ocrx_word' id='word_1_383' title='bbox 3159 1821 3440 1877; x_wconf 85' lang='lat' dir='ltr'>adversus</span> <span class='ocrx_word' id='word_1_384' title='bbox 3470 1839 3570 1879; x_wconf 90' lang='lat' dir='ltr'>eos</span> <span class='ocrx_word' id='word_1_385' title='bbox 3628 1825 3731 1895; x_wconf 86' lang='lat' dir='ltr'>qui</span> 
     </span>
    </p>
   </div>
   <div class='ocr_carea' id='block_1_50' title="bbox 2037 1907 3731 1986">
    <p class='ocr_par' dir='ltr' id='par_1_50' title="bbox 2037 1907 3731 1986">
     <span class='ocr_line' id='line_1_50' title="bbox 2037 1907 3731 1986; baseline 0.004 -25"><span class='ocrx_word' id='word_1_386' title='bbox 2037 1981 2040 1986; x_wconf 82' lang='lat'><strong><em>_</em></strong></span> <span class='ocrx_word' id='word_1_387' title='bbox 2083 1907 2375 1961; x_wconf 89' lang='lat' dir='ltr'>necandos</span> <span class='ocrx_word' id='word_1_388' title='bbox 2406 1923 2534 1962; x_wconf 87' lang='lat' dir='ltr'>esse</span> <span class='ocrx_word' id='word_1_389' title='bbox 2564 1907 2937 1972; x_wconf 88' lang='lat' dir='ltr'>crediderint,</span> <span class='ocrx_word' id='word_1_390' title='bbox 2999 1924 3132 1963; x_wconf 89' lang='lat' dir='ltr'>cum</span> <span class='ocrx_word' id='word_1_391' title='bbox 3190 1909 3407 1980; x_wconf 89' lang='lat' dir='ltr'>quibus</span> <span class='ocrx_word' id='word_1_392' title='bbox 3459 1911 3731 1970; x_wconf 85' lang='lat' dir='ltr'>videntur</span> 
     </span>
    </p>
   </div>
   <div class='ocr_carea' id='block_1_51' title="bbox 2082 1994 3732 2068">
    <p class='ocr_par' dir='ltr' id='par_1_51' title="bbox 2082 1994 3732 2068">
     <span class='ocr_line' id='line_1_51' title="bbox 2082 1994 3732 2068; baseline 0.005 -17"><span class='ocrx_word' id='word_1_393' title='bbox 2082 1994 2320 2066; x_wconf 89' lang='lat' dir='ltr'>epulati.</span> <span class='ocrx_word' id='word_1_394' title='bbox 2353 1995 2608 2051; x_wconf 88' lang='lat' dir='ltr'>Gentiles</span> <span class='ocrx_word' id='word_1_395' title='bbox 2638 1995 2742 2050; x_wconf 90' lang='lat' dir='ltr'>hoc</span> <span class='ocrx_word' id='word_1_396' title='bbox 2774 1996 3066 2051; x_wconf 86' lang='lat' dir='ltr'>custodire</span> <span class='ocrx_word' id='word_1_397' title='bbox 3090 2003 3508 2068; x_wconf 89' lang='lat' dir='ltr'>memorantur,</span> <span class='ocrx_word' id='word_1_398' title='bbox 3533 2000 3732 2061; x_wconf 79' lang='lat' dir='ltr'>hostes</span> 
     </span>
    </p>
   </div>
   <div class='ocr_carea' id='block_1_52' title="bbox 2080 2082 3728 2156">
    <p class='ocr_par' dir='ltr' id='par_1_52' title="bbox 2080 2082 3728 2156">
     <span class='ocr_line' id='line_1_52' title="bbox 2080 2082 3728 2156; baseline 0.005 -18"><span class='ocrx_word' id='word_1_399' title='bbox 2080 2082 2448 2154; x_wconf 87' lang='lat' dir='ltr'>plerumque,</span> <span class='ocrx_word' id='word_1_400' title='bbox 2482 2083 2736 2140; x_wconf 88' lang='lat' dir='ltr'>latrones</span> <span class='ocrx_word' id='word_1_401' title='bbox 2767 2085 2989 2152; x_wconf 88' lang='lat' dir='ltr'>etiam;</span> <span class='ocrx_word' id='word_1_402' title='bbox 3044 2090 3110 2140; x_wconf 91' lang='lat' dir='ltr'>ut</span> <span class='ocrx_word' id='word_1_403' title='bbox 3167 2091 3408 2156; x_wconf 88' lang='lat' dir='ltr'>parcant</span> <span class='ocrx_word' id='word_1_404' title='bbox 3463 2087 3536 2144; x_wconf 90' lang='lat' dir='ltr'>iis</span> <span class='ocrx_word' id='word_1_405' title='bbox 3594 2106 3728 2146; x_wconf 90' lang='lat' dir='ltr'>cum</span> 
     </span>
    </p>
   </div>
   <div class='ocr_carea' id='block_1_53' title="bbox 2081 2171 3728 2249">
    <p class='ocr_par' dir='ltr' id='par_1_53' title="bbox 2081 2171 3728 2249">
     <span class='ocr_line' id='line_1_53' title="bbox 2081 2171 3728 2249; baseline 0.004 -23"><span class='ocrx_word' id='word_1_406' title='bbox 2081 2171 2298 2243; x_wconf 88' lang='lat' dir='ltr'>quibus</span> <span class='ocrx_word' id='word_1_407' title='bbox 2329 2173 2707 2228; x_wconf 89' lang='lat' dir='ltr'>recordentur</span> <span class='ocrx_word' id='word_1_408' title='bbox 2737 2190 2797 2228; x_wconf 91' lang='lat' dir='ltr'>se</span> <span class='ocrx_word' id='word_1_409' title='bbox 2828 2173 3031 2229; x_wconf 90' lang='lat' dir='ltr'>iniisse</span> <span class='ocrx_word' id='word_1_410' title='bbox 3061 2174 3391 2232; x_wconf 89' lang='lat' dir='ltr'>convivium</span> <span class='ocrx_word' id='word_1_411' title='bbox 3425 2178 3568 2249; x_wconf 87' lang='lat'>(29);</span> <span class='ocrx_word' id='word_1_412' title='bbox 3601 2178 3728 2240; x_wconf 66' lang='lat' dir='ltr'>fetae</span> 
     </span>
    </p>
   </div>
   <div class='ocr_carea' id='block_1_54' title="bbox 2081 2259 3728 2333">
    <p class='ocr_par' dir='ltr' id='par_1_54' title="bbox 2081 2259 3728 2333">
     <span class='ocr_line' id='line_1_54' title="bbox 2081 2259 3728 2333; baseline 0.005 -18"><span class='ocrx_word' id='word_1_413' title='bbox 2081 2277 2316 2333; x_wconf 89' lang='lat' dir='ltr'>quoque</span> <span class='ocrx_word' id='word_1_414' title='bbox 2342 2259 2466 2332; x_wconf 92' lang='lat' dir='ltr'>ipse</span> <span class='ocrx_word' id='word_1_415' title='bbox 2497 2261 2843 2333; x_wconf 88' lang='lat' dir='ltr'>pabulorum</span> <span class='ocrx_word' id='word_1_416' title='bbox 2876 2261 3146 2318; x_wconf 88' lang='lat' dir='ltr'>societate</span> <span class='ocrx_word' id='word_1_417' title='bbox 3179 2262 3506 2320; x_wconf 89' lang='lat' dir='ltr'>mitescunt.</span> <span class='ocrx_word' id='word_1_418' title='bbox 3566 2265 3728 2324; x_wconf 84' lang='lat' dir='ltr'>Unde</span> 
     </span>
    </p>
   </div>
   <div class='ocr_carea' id='block_1_55' title="bbox 2080 2348 3730 2428">
    <p class='ocr_par' dir='ltr' id='par_1_55' title="bbox 2080 2348 3730 2428">
     <span class='ocr_line' id='line_1_55' title="bbox 2080 2348 3730 2428; baseline 0.004 -25"><span class='ocrx_word' id='word_1_419' title='bbox 2080 2353 2314 2420; x_wconf 89' lang='lat' dir='ltr'>propter</span> <span class='ocrx_word' id='word_1_420' title='bbox 2356 2348 2692 2418; x_wconf 86' lang='lat' dir='ltr'>hujusmodi</span> <span class='ocrx_word' id='word_1_421' title='bbox 2753 2351 3023 2406; x_wconf 71' lang='lat' dir='ltr'>affectum</span> <span class='ocrx_word' id='word_1_422' title='bbox 3052 2350 3250 2422; x_wconf 62' lang='lat' dir='ltr'>gratias</span> <span class='ocrx_word' id='word_1_423' title='bbox 3293 2353 3628 2422; x_wconf 83' lang='lat' dir='ltr'>convivalis,</span> <span class='ocrx_word' id='word_1_424' title='bbox 3679 2356 3730 2428; x_wconf 77' lang='lat' dir='ltr'>si</span> 
     </span>
    </p>
   </div>
   <div class='ocr_carea' id='block_1_56' title="bbox 2084 2437 3728 2504">
    <p class='ocr_par' dir='ltr' id='par_1_56' title="bbox 2084 2437 3728 2504">
     <span class='ocr_line' id='line_1_56' title="bbox 2084 2437 3728 2504; baseline 0.006 -14"><span class='ocrx_word' id='word_1_425' title='bbox 2084 2437 2259 2492; x_wconf 90' lang='lat' dir='ltr'>verba</span> <span class='ocrx_word' id='word_1_426' title='bbox 2288 2438 2751 2504; x_wconf 88' lang='lat' dir='ltr'>consideremus,</span> <span class='ocrx_word' id='word_1_427' title='bbox 2783 2455 2896 2492; x_wconf 92' lang='lat' dir='ltr'>non</span> <span class='ocrx_word' id='word_1_428' title='bbox 2924 2439 3110 2495; x_wconf 89' lang='lat' dir='ltr'>otiose</span> <span class='ocrx_word' id='word_1_429' title='bbox 3141 2439 3342 2496; x_wconf 88' lang='lat' dir='ltr'>dulces</span> <span class='ocrx_word' id='word_1_430' title='bbox 3375 2442 3534 2500; x_wconf 87' lang='lat' dir='ltr'>cibos</span> <span class='ocrx_word' id='word_1_431' title='bbox 3565 2443 3728 2500; x_wconf 82' lang='lat' dir='ltr'>dixit.</span> 
     </span>
    </p>
   </div>
   <div class='ocr_carea' id='block_1_57' title="bbox 2081 2524 3732 2604">
    <p class='ocr_par' dir='ltr' id='par_1_57' title="bbox 2081 2524 3732 2604">
     <span class='ocr_line' id='line_1_57' title="bbox 2081 2524 3732 2604; baseline 0.006 -26"><span class='ocrx_word' id='word_1_432' title='bbox 2081 2524 2382 2588; x_wconf 87' lang='lat' dir='ltr'>Quomodo</span> <span class='ocrx_word' id='word_1_433' title='bbox 2429 2525 2585 2579; x_wconf 91' lang='lat' dir='ltr'>enim</span> <span class='ocrx_word' id='word_1_434' title='bbox 2644 2525 2864 2590; x_wconf 80' lang='lat' dir='ltr'>dulces,</span> <span class='ocrx_word' id='word_1_435' title='bbox 2897 2527 2995 2596; x_wconf 86' lang='lat' dir='ltr'>qui</span> <span class='ocrx_word' id='word_1_436' title='bbox 3051 2526 3165 2582; x_wconf 89' lang='lat' dir='ltr'>cito</span> <span class='ocrx_word' id='word_1_437' title='bbox 3218 2536 3676 2604; x_wconf 89' lang='lat' dir='ltr'>corrumpuntur</span> <span class='ocrx_word' id='word_1_438' title='bbox 3705 2532 3732 2587; x_wconf 88' lang='lat'><strong>?</strong></span> 
     </span>
    </p>
   </div>
   <div class='ocr_carea' id='block_1_58' title="bbox 2082 2611 3729 2678">
    <p class='ocr_par' dir='ltr' id='par_1_58' title="bbox 2082 2611 3729 2678">
     <span class='ocr_line' id='line_1_58' title="bbox 2082 2611 3729 2678; baseline 0.005 -11"><span class='ocrx_word' id='word_1_439' title='bbox 2082 2613 2194 2668; x_wconf 91' lang='lat' dir='ltr'>Sed</span> <span class='ocrx_word' id='word_1_440' title='bbox 2226 2613 2358 2668; x_wconf 90' lang='lat' dir='ltr'>vide</span> <span class='ocrx_word' id='word_1_441' title='bbox 2390 2629 2459 2666; x_wconf 92' lang='lat' dir='ltr'>ne</span> <span class='ocrx_word' id='word_1_442' title='bbox 2489 2611 2708 2678; x_wconf 91' lang='lat' dir='ltr'>dulces,</span> <span class='ocrx_word' id='word_1_443' title='bbox 2759 2613 2918 2668; x_wconf 88' lang='lat' dir='ltr'>cibos</span> <span class='ocrx_word' id='word_1_444' title='bbox 2945 2614 3154 2669; x_wconf 83' lang='lat' dir='ltr'>dixerit</span> <span class='ocrx_word' id='word_1_445' title='bbox 3207 2618 3382 2672; x_wconf 89' lang='lat' dir='ltr'>verba</span> <span class='ocrx_word' id='word_1_446' title='bbox 3431 2617 3581 2675; x_wconf 73' lang='lat' dir='ltr'>vitae.</span> <span class='ocrx_word' id='word_1_447' title='bbox 3613 2619 3729 2676; x_wconf 88' lang='lat' dir='ltr'>Hos</span> 
     </span>
    </p>
   </div>
   <div class='ocr_carea' id='block_1_59' title="bbox 2081 2699 3732 2779">
    <p class='ocr_par' dir='ltr' id='par_1_59' title="bbox 2081 2699 3732 2779">
     <span class='ocr_line' id='line_1_59' title="bbox 2081 2699 3732 2779; baseline 0.006 -23"><span class='ocrx_word' id='word_1_448' title='bbox 2081 2701 2236 2756; x_wconf 92' lang='lat' dir='ltr'>enim</span> <span class='ocrx_word' id='word_1_449' title='bbox 2323 2699 2484 2756; x_wconf 93' lang='lat' dir='ltr'>cibos</span> <span class='ocrx_word' id='word_1_450' title='bbox 2541 2700 2701 2756; x_wconf 86' lang='lat' dir='ltr'>nulla</span> <span class='ocrx_word' id='word_1_451' title='bbox 2785 2701 3113 2758; x_wconf 91' lang='lat' dir='ltr'>amaritudo</span> <span class='ocrx_word' id='word_1_452' title='bbox 3170 2704 3512 2779; x_wconf 88' lang='lat' dir='ltr'>corrumpit,</span> <span class='ocrx_word' id='word_1_453' title='bbox 3569 2705 3732 2768; x_wconf 86' lang='lat' dir='ltr'>nulla</span> 
     </span>
    </p>
   </div>
   <div class='ocr_carea' id='block_1_60' title="bbox 2082 2789 3729 2869">
    <p class='ocr_par' dir='ltr' id='par_1_60' title="bbox 2082 2789 3729 2869">
     <span class='ocr_line' id='line_1_60' title="bbox 2082 2789 3729 2869; baseline 0.004 -25"><span class='ocrx_word' id='word_1_454' title='bbox 2082 2790 2287 2844; x_wconf 86' lang='lat' dir='ltr'>mortis</span> <span class='ocrx_word' id='word_1_455' title='bbox 2319 2789 2647 2861; x_wconf 87' lang='lat' dir='ltr'>corruptela</span> <span class='ocrx_word' id='word_1_456' title='bbox 2678 2790 3055 2848; x_wconf 87' lang='lat' dir='ltr'>contaminat.</span> <span class='ocrx_word' id='word_1_457' title='bbox 3092 2791 3253 2848; x_wconf 92' lang='lat' dir='ltr'>Unde</span> <span class='ocrx_word' id='word_1_458' title='bbox 3283 2798 3341 2850; x_wconf 92' lang='lat' dir='ltr'>et</span> <span class='ocrx_word' id='word_1_459' title='bbox 3378 2811 3609 2869; x_wconf 90' lang='lat' dir='ltr'>semper</span> <span class='ocrx_word' id='word_1_460' title='bbox 3638 2797 3729 2853; x_wconf 91' lang='lat' dir='ltr'>di-</span> 
     </span>
    </p>
   </div>
   <div class='ocr_carea' id='block_1_61' title="bbox 2081 2878 3726 2954">
    <p class='ocr_par' dir='ltr' id='par_1_61' title="bbox 2081 2878 3726 2954">
     <span class='ocr_line' id='line_1_61' title="bbox 2081 2878 3726 2954; baseline 0.007 -22"><span class='ocrx_word' id='word_1_461' title='bbox 2081 2879 2181 2932; x_wconf 86' lang='lat' dir='ltr'>xit.</span> <span class='ocrx_word' id='word_1_462' title='bbox 2215 2878 2338 2932; x_wconf 83' lang='lat' dir='ltr'>Non</span> <span class='ocrx_word' id='word_1_463' title='bbox 2372 2878 2527 2933; x_wconf 90' lang='lat' dir='ltr'>enim</span> <span class='ocrx_word' id='word_1_464' title='bbox 2563 2893 2792 2950; x_wconf 89' lang='lat' dir='ltr'>semper</span> <span class='ocrx_word' id='word_1_465' title='bbox 2848 2879 3016 2935; x_wconf 90' lang='lat' dir='ltr'>edere</span> <span class='ocrx_word' id='word_1_466' title='bbox 3076 2881 3208 2953; x_wconf 90' lang='lat' dir='ltr'>quis</span> <span class='ocrx_word' id='word_1_467' title='bbox 3255 2886 3501 2954; x_wconf 88' lang='lat' dir='ltr'>poterat.</span> <span class='ocrx_word' id='word_1_468' title='bbox 3562 2881 3726 2942; x_wconf 89' lang='lat' dir='ltr'>Sem-</span> 
     </span>
    </p>
   </div>
   <div class='ocr_carea' id='block_1_62' title="bbox 2082 2966 3729 3043">
    <p class='ocr_par' dir='ltr' id='par_1_62' title="bbox 2082 2966 3729 3043">
     <span class='ocr_line' id='line_1_62' title="bbox 2082 2966 3729 3043; baseline 0.006 -23"><span class='ocrx_word' id='word_1_469' title='bbox 2082 2982 2184 3036; x_wconf 90' lang='lat' dir='ltr'>per</span> <span class='ocrx_word' id='word_1_470' title='bbox 2215 2970 2411 3020; x_wconf 89' lang='lat' dir='ltr'>autem</span> <span class='ocrx_word' id='word_1_471' title='bbox 2444 2966 2616 3021; x_wconf 91' lang='lat' dir='ltr'>verbo</span> <span class='ocrx_word' id='word_1_472' title='bbox 2646 2966 2744 3022; x_wconf 92' lang='lat' dir='ltr'>Dei</span> <span class='ocrx_word' id='word_1_473' title='bbox 2781 2983 3100 3038; x_wconf 89' lang='lat' dir='ltr'>possumus</span> <span class='ocrx_word' id='word_1_474' title='bbox 3140 2969 3440 3043; x_wconf 74' lang='lat' dir='ltr'>inhaerere,</span> <span class='ocrx_word' id='word_1_475' title='bbox 3473 2976 3530 3028; x_wconf 89' lang='lat' dir='ltr'>et</span> <span class='ocrx_word' id='word_1_476' title='bbox 3585 2990 3729 3030; x_wconf 92' lang='lat' dir='ltr'>noc-</span> 
     </span>
    </p>
   </div>
   <div class='ocr_carea' id='block_1_63' title="bbox 2081 3053 3728 3128">
    <p class='ocr_par' dir='ltr' id='par_1_63' title="bbox 2081 3053 3728 3128">
     <span class='ocr_line' id='line_1_63' title="bbox 2081 3053 3728 3128; baseline 0.005 -19"><span class='ocrx_word' id='word_1_477' title='bbox 2081 3055 2241 3109; x_wconf 91' lang='lat' dir='ltr'>tibus</span> <span class='ocrx_word' id='word_1_478' title='bbox 2271 3059 2326 3109; x_wconf 90' lang='lat' dir='ltr'>et</span> <span class='ocrx_word' id='word_1_479' title='bbox 2358 3053 2584 3121; x_wconf 90' lang='lat' dir='ltr'>diebus,</span> <span class='ocrx_word' id='word_1_480' title='bbox 2618 3054 2666 3110; x_wconf 90' lang='lat' dir='ltr'>si</span> <span class='ocrx_word' id='word_1_481' title='bbox 2695 3055 2754 3110; x_wconf 93' lang='lat' dir='ltr'>in</span> <span class='ocrx_word' id='word_1_482' title='bbox 2789 3054 2913 3128; x_wconf 86' lang='lat' dir='ltr'>lege</span> <span class='ocrx_word' id='word_1_483' title='bbox 2949 3057 3045 3112; x_wconf 89' lang='lat' dir='ltr'>Dei</span> <span class='ocrx_word' id='word_1_484' title='bbox 3077 3057 3170 3113; x_wconf 89' lang='lat' dir='ltr'>die</span> <span class='ocrx_word' id='word_1_485' title='bbox 3201 3062 3258 3114; x_wconf 87' lang='lat' dir='ltr'>et</span> <span class='ocrx_word' id='word_1_486' title='bbox 3288 3064 3455 3116; x_wconf 91' lang='lat' dir='ltr'>nocte</span> <span class='ocrx_word' id='word_1_487' title='bbox 3485 3062 3728 3118; x_wconf 87' lang='lat' dir='ltr'>medite-</span> 
     </span>
    </p>
   </div>
   <div class='ocr_carea' id='block_1_64' title="bbox 324 3123 2233 3208">
    <p class='ocr_par' dir='ltr' id='par_1_64' title="bbox 324 3123 2233 3208">
     <span class='ocr_line' id='line_1_64' title="bbox 324 3123 2233 3208; baseline 0.001 -11"><span class='ocrx_word' id='word_1_488' title='bbox 324 3143 577 3198; x_wconf 85' lang='lat' dir='ltr'>accedat.</span> <span class='ocrx_word' id='word_1_489' title='bbox 614 3144 874 3208; x_wconf 90' lang='lat' dir='ltr'>Quantos</span> <span class='ocrx_word' id='word_1_490' title='bbox 906 3142 1128 3200; x_wconf 89' lang='lat' dir='ltr'>scimus</span> <span class='ocrx_word' id='word_1_491' title='bbox 1154 3161 1282 3200; x_wconf 88' lang='lat' dir='ltr'>esse</span> <span class='ocrx_word' id='word_1_492' title='bbox 1315 3162 1619 3201; x_wconf 89' lang='lat' dir='ltr'>conversos</span> <span class='ocrx_word' id='word_1_493' title='bbox 1648 3146 1675 3202; x_wconf 86' lang='lat'><strong>?</strong></span> <span class='ocrx_word' id='word_1_494' title='bbox 1713 3146 1972 3203; x_wconf 88' lang='lat' dir='ltr'>Mutatus</span> <span class='ocrx_word' id='word_1_495' title='bbox 2001 3123 2044 3190; x_wconf 60' lang='grc' dir='ltr'><strong>(ἶ</strong></span> <span class='ocrx_word' id='word_1_496' title='bbox 2081 3159 2233 3198; x_wconf 89' lang='lat' dir='ltr'>mur.</span> 
     </span>
    </p>
   </div>
   <div class='ocr_carea' id='block_1_65' title="bbox 323 3231 1968 3305">
    <p class='ocr_par' dir='ltr' id='par_1_65' title="bbox 323 3231 1968 3305">
     <span class='ocr_line' id='line_1_65' title="bbox 323 3231 1968 3305; baseline 0.003 -18"><span class='ocrx_word' id='word_1_497' title='bbox 323 3234 413 3287; x_wconf 90' lang='lat' dir='ltr'>est</span> <span class='ocrx_word' id='word_1_498' title='bbox 438 3231 713 3288; x_wconf 60' lang='lat' dir='ltr'>Zachwus</span> <span class='ocrx_word' id='word_1_499' title='bbox 742 3231 840 3287; x_wconf 91' lang='lat' dir='ltr'>ille</span> <span class='ocrx_word' id='word_1_500' title='bbox 870 3232 1244 3304; x_wconf 90' lang='lat' dir='ltr'>publicanus,</span> <span class='ocrx_word' id='word_1_501' title='bbox 1277 3238 1334 3288; x_wconf 88' lang='lat' dir='ltr'>et</span> <span class='ocrx_word' id='word_1_502' title='bbox 1363 3235 1431 3288; x_wconf 89' lang='lat' dir='ltr'>ad</span> <span class='ocrx_word' id='word_1_503' title='bbox 1466 3239 1754 3305; x_wconf 70' lang='lat' dir='ltr'>quaestum</span> <span class='ocrx_word' id='word_1_504' title='bbox 1797 3253 1968 3292; x_wconf 89' lang='lat' dir='ltr'>avaro</span> 
     </span>
    </p>
   </div>
   <div class='ocr_carea' id='block_1_66' title="bbox 324 3320 1970 3393">
    <p class='ocr_par' dir='ltr' id='par_1_66' title="bbox 324 3320 1970 3393">
     <span class='ocr_line' id='line_1_66' title="bbox 324 3320 1970 3393; baseline 0.002 -18"><span class='ocrx_word' id='word_1_505' title='bbox 324 3321 586 3376; x_wconf 86' lang='lat' dir='ltr'>intentus</span> <span class='ocrx_word' id='word_1_506' title='bbox 616 3321 846 3388; x_wconf 72' lang='lat' dir='ltr'>affectu,</span> <span class='ocrx_word' id='word_1_507' title='bbox 880 3320 982 3392; x_wconf 91' lang='lat' dir='ltr'>qui</span> <span class='ocrx_word' id='word_1_508' title='bbox 1015 3325 1218 3392; x_wconf 87' lang='lat' dir='ltr'>postea</span> <span class='ocrx_word' id='word_1_509' title='bbox 1248 3322 1577 3393; x_wconf 87' lang='lat' dir='ltr'>quadrupla</span> <span class='ocrx_word' id='word_1_510' title='bbox 1631 3324 1970 3379; x_wconf 83' lang='lat' dir='ltr'>redhibitio—</span> 
     </span>
    </p>
   </div>
   <div class='ocr_carea' id='block_1_67' title="bbox 325 3408 1970 3479">
    <p class='ocr_par' dir='ltr' id='par_1_67' title="bbox 325 3408 1970 3479">
     <span class='ocr_line' id='line_1_67' title="bbox 325 3408 1970 3479; baseline 0.001 -15"><span class='ocrx_word' id='word_1_511' title='bbox 325 3426 395 3464; x_wconf 92' lang='lat' dir='ltr'>ne</span> <span class='ocrx_word' id='word_1_512' title='bbox 426 3408 600 3465; x_wconf 91' lang='lat' dir='ltr'>solvit</span> <span class='ocrx_word' id='word_1_513' title='bbox 630 3423 908 3472; x_wconf 86' lang='lat' dir='ltr'>errorem,</span> <span class='ocrx_word' id='word_1_514' title='bbox 955 3409 1362 3464; x_wconf 90' lang='lat' dir='ltr'>condemnavit</span> <span class='ocrx_word' id='word_1_515' title='bbox 1417 3410 1475 3465; x_wconf 93' lang='lat' dir='ltr'>in</span> <span class='ocrx_word' id='word_1_516' title='bbox 1534 3426 1596 3465; x_wconf 90' lang='lat' dir='ltr'>se</span> <span class='ocrx_word' id='word_1_517' title='bbox 1648 3412 1970 3479; x_wconf 87' lang='lat' dir='ltr'>avaritiam,</span> 
     </span>
    </p>
   </div>
   <div class='ocr_carea' id='block_1_68' title="bbox 328 3496 1978 3573">
    <p class='ocr_par' dir='ltr' id='par_1_68' title="bbox 328 3496 1978 3573">
     <span class='ocr_line' id='line_1_68' title="bbox 328 3496 1978 3573; baseline 0.001 -20"><span class='ocrx_word' id='word_1_518' title='bbox 328 3497 614 3569; x_wconf 88' lang='lat' dir='ltr'>temporis</span> <span class='ocrx_word' id='word_1_519' title='bbox 643 3497 966 3568; x_wconf 91' lang='lat' dir='ltr'>superioris</span> <span class='ocrx_word' id='word_1_520' title='bbox 997 3496 1289 3568; x_wconf 88' lang='lat' dir='ltr'>abjuravit</span> <span class='ocrx_word' id='word_1_521' title='bbox 1337 3496 1522 3565; x_wconf 89' lang='lat' dir='ltr'>lucra,</span> <span class='ocrx_word' id='word_1_522' title='bbox 1582 3502 1978 3573; x_wconf 87' lang='lat' dir='ltr'>compensavit</span> 
     </span>
    </p>
   </div>
   <div class='ocr_carea' id='block_1_69' title="bbox 324 3584 1976 3660">
    <p class='ocr_par' dir='ltr' id='par_1_69' title="bbox 324 3584 1976 3660">
     <span class='ocr_line' id='line_1_69' title="bbox 324 3584 1976 3660; baseline 0.002 -20"><span class='ocrx_word' id='word_1_523' title='bbox 324 3585 383 3640; x_wconf 88' lang='lat' dir='ltr'>in</span> <span class='ocrx_word' id='word_1_524' title='bbox 409 3600 717 3657; x_wconf 90' lang='lat' dir='ltr'>pauperes,</span> <span class='ocrx_word' id='word_1_525' title='bbox 748 3585 796 3638; x_wconf 88' lang='lat' dir='ltr'>si</span> <span class='ocrx_word' id='word_1_526' title='bbox 829 3584 1058 3640; x_wconf 86' lang='lat' dir='ltr'>deesset</span> <span class='ocrx_word' id='word_1_527' title='bbox 1090 3589 1338 3642; x_wconf 83' lang='lat' dir='ltr'>exactor.</span> <span class='ocrx_word' id='word_1_528' title='bbox 1395 3588 1561 3642; x_wconf 88' lang='lat' dir='ltr'>Latro</span> <span class='ocrx_word' id='word_1_529' title='bbox 1592 3587 1714 3659; x_wconf 87' lang='lat' dir='ltr'>ipse</span> <span class='ocrx_word' id='word_1_530' title='bbox 1773 3589 1976 3660; x_wconf 89' lang='lat' dir='ltr'>nequi-</span> 
     </span>
    </p>
   </div>
   <div class='ocr_carea' id='block_1_70' title="bbox 325 3673 1976 3748">
    <p class='ocr_par' dir='ltr' id='par_1_70' title="bbox 325 3673 1976 3748">
     <span class='ocr_line' id='line_1_70' title="bbox 325 3673 1976 3748; baseline 0.001 -19"><span class='ocrx_word' id='word_1_531' title='bbox 325 3675 469 3729; x_wconf 88' lang='lat' dir='ltr'>tiam</span> <span class='ocrx_word' id='word_1_532' title='bbox 493 3689 660 3728; x_wconf 89' lang='lat' dir='ltr'>suam</span> <span class='ocrx_word' id='word_1_533' title='bbox 687 3674 981 3746; x_wconf 89' lang='lat' dir='ltr'>proposito</span> <span class='ocrx_word' id='word_1_534' title='bbox 1017 3673 1254 3730; x_wconf 88' lang='lat' dir='ltr'>meliore</span> <span class='ocrx_word' id='word_1_535' title='bbox 1311 3675 1580 3740; x_wconf 89' lang='lat' dir='ltr'>mutavit,</span> <span class='ocrx_word' id='word_1_536' title='bbox 1640 3677 1873 3748; x_wconf 85' lang='lat' dir='ltr'>agnovit</span> <span class='ocrx_word' id='word_1_537' title='bbox 1920 3678 1976 3731; x_wconf 90' lang='lat' dir='ltr'>in</span> 
     </span>
    </p>
   </div>
   <div class='ocr_carea' id='block_1_71' title="bbox 328 3761 1979 3834">
    <p class='ocr_par' dir='ltr' id='par_1_71' title="bbox 328 3761 1979 3834">
     <span class='ocr_line' id='line_1_71' title="bbox 328 3761 1979 3834; baseline 0.002 -16"><span class='ocrx_word' id='word_1_538' title='bbox 328 3779 499 3818; x_wconf 91' lang='lat' dir='ltr'>cruce</span> <span class='ocrx_word' id='word_1_539' title='bbox 519 3761 836 3829; x_wconf 89' lang='lat' dir='ltr'>Christum,</span> <span class='ocrx_word' id='word_1_540' title='bbox 860 3763 1163 3818; x_wconf 83' lang='lat' dir='ltr'>confessus</span> <span class='ocrx_word' id='word_1_541' title='bbox 1187 3769 1273 3820; x_wconf 90' lang='lat' dir='ltr'>est</span> <span class='ocrx_word' id='word_1_542' title='bbox 1304 3765 1456 3820; x_wconf 76' lang='lat'>870</span> <span class='ocrx_word' id='word_1_543' title='bbox 1490 3765 1590 3819; x_wconf 92' lang='lat' dir='ltr'>Dei</span> <span class='ocrx_word' id='word_1_544' title='bbox 1618 3765 1850 3834; x_wconf 84' lang='lat' dir='ltr'>Filium,</span> <span class='ocrx_word' id='word_1_545' title='bbox 1893 3784 1979 3822; x_wconf 89' lang='lat' dir='ltr'>re-</span> 
     </span>
    </p>
   </div>
   <div class='ocr_carea' id='block_1_72' title="bbox 331 3851 1983 3928">
    <p class='ocr_par' dir='ltr' id='par_1_72' title="bbox 331 3851 1983 3928">
     <span class='ocr_line' id='line_1_72' title="bbox 331 3851 1983 3928; baseline 0.003 -22"><span class='ocrx_word' id='word_1_546' title='bbox 331 3868 461 3924; x_wconf 87' lang='lat' dir='ltr'>gem</span> <span class='ocrx_word' id='word_1_547' title='bbox 483 3867 621 3906; x_wconf 93' lang='lat' dir='ltr'>voce</span> <span class='ocrx_word' id='word_1_548' title='bbox 640 3851 876 3924; x_wconf 89' lang='lat' dir='ltr'>propria</span> <span class='ocrx_word' id='word_1_549' title='bbox 898 3852 1407 3925; x_wconf 88' lang='lat' dir='ltr'>nuncupavit.Quo</span> <span class='ocrx_word' id='word_1_550' title='bbox 1429 3857 1848 3927; x_wconf 87' lang='lat' dir='ltr'>temporejusti</span> <span class='ocrx_word' id='word_1_551' title='bbox 1868 3855 1983 3928; x_wconf 91' lang='lat' dir='ltr'>ple-</span> 
     </span>
    </p>
   </div>
   <div class='ocr_carea' id='block_1_73' title="bbox 331 3939 1981 4014">
    <p class='ocr_par' dir='ltr' id='par_1_73' title="bbox 331 3939 1981 4014">
     <span class='ocr_line' id='line_1_73' title="bbox 331 3939 1981 4014; baseline 0.003 -20"><span class='ocrx_word' id='word_1_552' title='bbox 331 3940 496 4011; x_wconf 89' lang='lat' dir='ltr'>rique</span> <span class='ocrx_word' id='word_1_553' title='bbox 515 3940 822 4006; x_wconf 88' lang='lat' dir='ltr'>nutabant,</span> <span class='ocrx_word' id='word_1_554' title='bbox 849 3939 961 4012; x_wconf 89' lang='lat' dir='ltr'>ipsi</span> <span class='ocrx_word' id='word_1_555' title='bbox 985 3945 1141 3996; x_wconf 89' lang='lat' dir='ltr'>certe</span> <span class='ocrx_word' id='word_1_556' title='bbox 1168 3940 1430 3998; x_wconf 86' lang='lat' dir='ltr'>latebant</span> <span class='ocrx_word' id='word_1_557' title='bbox 1455 3941 1702 4014; x_wconf 84' lang='lat' dir='ltr'>apostoli</span> <span class='ocrx_word' id='word_1_558' title='bbox 1729 3961 1740 3999; x_wconf 90' lang='lat'><strong>:</strong></span> <span class='ocrx_word' id='word_1_559' title='bbox 1795 3944 1981 3999; x_wconf 90' lang='lat' dir='ltr'>carni-</span> 
     </span>
    </p>
   </div>
   <div class='ocr_carea' id='block_1_74' title="bbox 333 4026 1985 4106">
    <p class='ocr_par' dir='ltr' id='par_1_74' title="bbox 333 4026 1985 4106">
     <span class='ocr_line' id='line_1_74' title="bbox 333 4026 1985 4106; baseline 0.004 -23"><span class='ocrx_word' id='word_1_560' title='bbox 333 4026 421 4084; x_wconf 86' lang='lat' dir='ltr'>fex</span> <span class='ocrx_word' id='word_1_561' title='bbox 453 4029 579 4099; x_wconf 89' lang='lat' dir='ltr'>ipse</span> <span class='ocrx_word' id='word_1_562' title='bbox 611 4028 872 4084; x_wconf 89' lang='lat' dir='ltr'>centurio</span> <span class='ocrx_word' id='word_1_563' title='bbox 905 4047 1020 4086; x_wconf 89' lang='lat' dir='ltr'>non</span> <span class='ocrx_word' id='word_1_564' title='bbox 1082 4031 1332 4103; x_wconf 88' lang='lat' dir='ltr'>negavit.</span> <span class='ocrx_word' id='word_1_565' title='bbox 1392 4031 1540 4096; x_wconf 91' lang='lat' dir='ltr'>Quid</span> <span class='ocrx_word' id='word_1_566' title='bbox 1599 4033 1669 4088; x_wconf 90' lang='lat' dir='ltr'>de</span> <span class='ocrx_word' id='word_1_567' title='bbox 1725 4037 1985 4106; x_wconf 90' lang='lat' dir='ltr'>tempore</span> 
     </span>
    </p>
   </div>
   <div class='ocr_carea' id='block_1_75' title="bbox 333 4115 1984 4194">
    <p class='ocr_par' dir='ltr' id='par_1_75' title="bbox 333 4115 1984 4194">
     <span class='ocr_line' id='line_1_75' title="bbox 333 4115 1984 4194; baseline 0.004 -22"><span class='ocrx_word' id='word_1_568' title='bbox 333 4116 629 4188; x_wconf 89' lang='lat' dir='ltr'>Evangelii</span> <span class='ocrx_word' id='word_1_569' title='bbox 663 4115 870 4189; x_wconf 90' lang='lat' dir='ltr'>loquor</span> <span class='ocrx_word' id='word_1_570' title='bbox 897 4118 925 4172; x_wconf 75' lang='lat' dir='ltr'>‘I</span> <span class='ocrx_word' id='word_1_571' title='bbox 957 4119 1159 4173; x_wconf 83' lang='lat' dir='ltr'>Rahab</span> <span class='ocrx_word' id='word_1_572' title='bbox 1191 4120 1462 4176; x_wconf 82' lang='lat' dir='ltr'>meretrix</span> <span class='ocrx_word' id='word_1_573' title='bbox 1491 4125 1631 4189; x_wconf 90' lang='lat' dir='ltr'>erat,</span> <span class='ocrx_word' id='word_1_574' title='bbox 1657 4138 1782 4194; x_wconf 69' lang='lat' dir='ltr'>quae</span> <span class='ocrx_word' id='word_1_575' title='bbox 1816 4123 1984 4194; x_wconf 84' lang='lat' dir='ltr'>perﬁ-</span> 
     </span>
    </p>
   </div>
   <div class='ocr_carea' id='block_1_76' title="bbox 335 4197 1986 4281">
    <p class='ocr_par' dir='ltr' id='par_1_76' title="bbox 335 4197 1986 4281">
     <span class='ocr_line' id='line_1_76' title="bbox 335 4197 1986 4281; baseline 0.004 -21"><span class='ocrx_word' id='word_1_576' title='bbox 335 4206 443 4260; x_wconf 71' lang='lat' dir='ltr'>dia:</span> <span class='ocrx_word' id='word_1_577' title='bbox 475 4207 652 4276; x_wconf 90' lang='lat' dir='ltr'>atque</span> <span class='ocrx_word' id='word_1_578' title='bbox 683 4203 1146 4277; x_wconf 82' lang='lat' dir='ltr'>intemperantiae</span> <span class='ocrx_word' id='word_1_579' title='bbox 1175 4223 1235 4262; x_wconf 91' lang='lat' dir='ltr'>se</span> <span class='ocrx_word' id='word_1_580' title='bbox 1268 4206 1460 4263; x_wconf 90' lang='lat' dir='ltr'>alebat</span> <span class='ocrx_word' id='word_1_581' title='bbox 1491 4197 1801 4281; x_wconf 84' lang='lat' dir='ltr'>stipendiis</span> <span class='ocrx_word' id='word_1_582' title='bbox 1835 4228 1846 4264; x_wconf 88' lang='lat'>:</span> <span class='ocrx_word' id='word_1_583' title='bbox 1901 4215 1986 4266; x_wconf 87' lang='lat' dir='ltr'>ta-</span> 
     </span>
    </p>
   </div>
   <div class='ocr_carea' id='block_1_77' title="bbox 343 4292 1988 4367">
    <p class='ocr_par' dir='ltr' id='par_1_77' title="bbox 343 4292 1988 4367">
     <span class='ocr_line' id='line_1_77' title="bbox 343 4292 1988 4367; baseline 0.006 -22"><span class='ocrx_word' id='word_1_584' title='bbox 343 4305 477 4346; x_wconf 89' lang='lat' dir='ltr'>men</span> <span class='ocrx_word' id='word_1_585' title='bbox 537 4293 634 4347; x_wconf 92' lang='lat' dir='ltr'>ubi</span> <span class='ocrx_word' id='word_1_586' title='bbox 695 4292 1067 4364; x_wconf 88' lang='lat' dir='ltr'>explorantes</span> <span class='ocrx_word' id='word_1_587' title='bbox 1119 4294 1265 4349; x_wconf 90' lang='lat' dir='ltr'>vidit</span> <span class='ocrx_word' id='word_1_588' title='bbox 1322 4313 1471 4367; x_wconf 88' lang='lat' dir='ltr'>quos</span> <span class='ocrx_word' id='word_1_589' title='bbox 1529 4297 1772 4353; x_wconf 87' lang='lat' dir='ltr'>miserat</span> <span class='ocrx_word' id='word_1_590' title='bbox 1817 4301 1988 4355; x_wconf 87' lang='lat' dir='ltr'>Jesus</span> 
     </span>
    </p>
   </div>
   <div class='ocr_carea' id='block_1_78' title="bbox 343 4378 1991 4459">
    <p class='ocr_par' dir='ltr' id='par_1_78' title="bbox 343 4378 1991 4459">
     <span class='ocr_line' id='line_1_78' title="bbox 343 4378 1991 4459; baseline 0.005 -24"><span class='ocrx_word' id='word_1_591' title='bbox 343 4381 515 4447; x_wconf 87' lang='lat' dir='ltr'>Nave,</span> <span class='ocrx_word' id='word_1_592' title='bbox 551 4378 726 4436; x_wconf 77' lang='lat' dir='ltr'>fidem</span> <span class='ocrx_word' id='word_1_593' title='bbox 758 4381 970 4448; x_wconf 90' lang='lat' dir='ltr'>induit,</span> <span class='ocrx_word' id='word_1_594' title='bbox 1003 4388 1060 4438; x_wconf 91' lang='lat' dir='ltr'>et</span> <span class='ocrx_word' id='word_1_595' title='bbox 1091 4383 1346 4454; x_wconf 86' lang='lat' dir='ltr'>periculo</span> <span class='ocrx_word' id='word_1_596' title='bbox 1394 4384 1757 4455; x_wconf 88' lang='lat' dir='ltr'>imminente,</span> <span class='ocrx_word' id='word_1_597' title='bbox 1812 4389 1991 4459; x_wconf 88' lang='lat' dir='ltr'>justi-</span> 
     </span>
    </p>
   </div>
   <div class='ocr_carea' id='block_1_79' title="bbox 2146 3230 3710 3303">
    <p class='ocr_par' dir='ltr' id='par_1_79' title="bbox 2146 3230 3710 3303">
     <span class='ocr_line' id='line_1_79' title="bbox 2146 3230 3710 3303; baseline 0.006 -19"><span class='ocrx_word' id='word_1_598' title='bbox 2146 3232 2236 3285; x_wconf 82' lang='grc'>24.</span> <span class='ocrx_word' id='word_1_599' title='bbox 2271 3230 2416 3296; x_wconf 89' lang='lat' dir='ltr'>Quid</span> <span class='ocrx_word' id='word_1_600' title='bbox 2449 3235 2537 3288; x_wconf 89' lang='lat' dir='ltr'>est</span> <span class='ocrx_word' id='word_1_601' title='bbox 2565 3231 2742 3287; x_wconf 87' lang='lat' dir='ltr'>etiam</span> <span class='ocrx_word' id='word_1_602' title='bbox 2790 3233 3079 3303; x_wconf 76' lang='lat' dir='ltr'>ampliavit</span> <span class='ocrx_word' id='word_1_603' title='bbox 3114 3239 3138 3287; x_wconf 68' lang='lat'>.9</span> <span class='ocrx_word' id='word_1_604' title='bbox 3192 3235 3426 3294; x_wconf 61' lang='lat' dir='ltr'>Graecus</span> <span class='ocrx_word' id='word_1_605' title='bbox 3470 3239 3710 3303; x_wconf 60' lang='grc' dir='ltr'>ἐμεγάλυ-</span> 
     </span>
    </p>
   </div>
   <div class='ocr_carea' id='block_1_80' title="bbox 2081 3319 3728 3397">
    <p class='ocr_par' dir='ltr' id='par_1_80' title="bbox 2081 3319 3728 3397">
     <span class='ocr_line' id='line_1_80' title="bbox 2081 3319 3728 3397; baseline 0.01 -30"><span class='ocrx_word' id='word_1_606' title='bbox 2081 3336 2162 3366; x_wconf 85' lang='grc' dir='ltr'>νεν</span> <span class='ocrx_word' id='word_1_607' title='bbox 2221 3319 2382 3387; x_wconf 84' lang='lat' dir='ltr'>dixit,</span> <span class='ocrx_word' id='word_1_608' title='bbox 2418 3320 2523 3374; x_wconf 91' lang='lat' dir='ltr'>hoc</span> <span class='ocrx_word' id='word_1_609' title='bbox 2555 3325 2663 3387; x_wconf 87' lang='lat' dir='ltr'>est,</span> <span class='ocrx_word' id='word_1_610' title='bbox 2698 3322 3110 3394; x_wconf 84' lang='lat' dir='ltr'>magniﬁcavit.</span> <span class='ocrx_word' id='word_1_611' title='bbox 3175 3323 3498 3397; x_wconf 90' lang='lat' dir='ltr'>Utrumque</span> <span class='ocrx_word' id='word_1_612' title='bbox 3555 3328 3728 3390; x_wconf 87' lang='lat' dir='ltr'>nobis</span> 
     </span>
    </p>
   </div>
   <div class='ocr_carea' id='block_1_81' title="bbox 2081 3407 3727 3486">
    <p class='ocr_par' dir='ltr' id='par_1_81' title="bbox 2081 3407 3727 3486">
     <span class='ocr_line' id='line_1_81' title="bbox 2081 3407 3727 3486; baseline 0.005 -23"><span class='ocrx_word' id='word_1_613' title='bbox 2081 3407 2347 3480; x_wconf 79' lang='lat' dir='ltr'>exposuit</span> <span class='ocrx_word' id='word_1_614' title='bbox 2375 3407 2661 3464; x_wconf 88' lang='lat' dir='ltr'>Dominus</span> <span class='ocrx_word' id='word_1_615' title='bbox 2693 3410 2847 3480; x_wconf 90' lang='lat' dir='ltr'>quod</span> <span class='ocrx_word' id='word_1_616' title='bbox 2881 3426 3109 3466; x_wconf 88' lang='lat' dir='ltr'>movere</span> <span class='ocrx_word' id='word_1_617' title='bbox 3143 3429 3246 3468; x_wconf 93' lang='lat' dir='ltr'>nos</span> <span class='ocrx_word' id='word_1_618' title='bbox 3275 3417 3493 3486; x_wconf 89' lang='lat' dir='ltr'>posset,</span> <span class='ocrx_word' id='word_1_619' title='bbox 3525 3415 3727 3480; x_wconf 86' lang='lat' dir='ltr'>dicens</span> 
     </span>
    </p>
   </div>
   <div class='ocr_carea' id='block_1_82' title="bbox 2084 3495 3727 3576">
    <p class='ocr_par' dir='ltr' id='par_1_82' title="bbox 2084 3495 3727 3576">
     <span class='ocr_line' id='line_1_82' title="bbox 2084 3495 3727 3576; baseline 0.007 -25"><span class='ocrx_word' id='word_1_620' title='bbox 2084 3498 2143 3551; x_wconf 90' lang='lat' dir='ltr'>in</span> <span class='ocrx_word' id='word_1_621' title='bbox 2204 3495 2552 3567; x_wconf 69' lang='lat' dir='ltr'>Evangelio:</span> <span class='ocrx_word' id='word_1_622' title='bbox 2617 3521 2642 3546; x_wconf 88' lang='grc'><strong>‹‹</strong></span> <span class='ocrx_word' id='word_1_623' title='bbox 2669 3498 2774 3560; x_wconf 90' lang='lat' dir='ltr'>Qui</span> <span class='ocrx_word' id='word_1_624' title='bbox 2830 3499 3148 3555; x_wconf 80' lang='lat' dir='ltr'>manducet</span> <span class='ocrx_word' id='word_1_625' title='bbox 3209 3518 3442 3558; x_wconf 88' lang='lat' dir='ltr'>mecum</span> <span class='ocrx_word' id='word_1_626' title='bbox 3485 3503 3727 3576; x_wconf 84' lang='lat' dir='ltr'>panem,</span> 
     </span>
    </p>
   </div>
   <div class='ocr_carea' id='block_1_83' title="bbox 2085 3585 3733 3664">
    <p class='ocr_par' dir='ltr' id='par_1_83' title="bbox 2085 3585 3733 3664">
     <span class='ocr_line' id='line_1_83' title="bbox 2085 3585 3733 3664; baseline 0.007 -26"><span class='ocrx_word' id='word_1_627' title='bbox 2085 3585 2293 3640; x_wconf 88' lang='lat' dir='ltr'>levavit</span> <span class='ocrx_word' id='word_1_628' title='bbox 2322 3601 2498 3656; x_wconf 90' lang='lat' dir='ltr'>super</span> <span class='ocrx_word' id='word_1_629' title='bbox 2528 3601 2622 3640; x_wconf 90' lang='lat' dir='ltr'>me</span> <span class='ocrx_word' id='word_1_630' title='bbox 2669 3585 3003 3642; x_wconf 86' lang='lat' dir='ltr'>ealcaneum</span> <span class='ocrx_word' id='word_1_631' title='bbox 3038 3589 3210 3658; x_wconf 81' lang='lat' dir='ltr'>(Joan.</span> <span class='ocrx_word' id='word_1_632' title='bbox 3243 3607 3369 3659; x_wconf 87' lang='lat' dir='ltr'>xm,</span> <span class='ocrx_word' id='word_1_633' title='bbox 3417 3591 3522 3664; x_wconf 75' lang='lat'>18).</span> <span class='ocrx_word' id='word_1_634' title='bbox 3560 3615 3588 3643; x_wconf 85' lang='grc'><strong>››</strong></span> <span class='ocrx_word' id='word_1_635' title='bbox 3623 3593 3733 3652; x_wconf 87' lang='lat' dir='ltr'>Un-</span> 
     </span>
    </p>
   </div>
   <div class='ocr_carea' id='block_1_84' title="bbox 2089 3674 3736 3745">
    <p class='ocr_par' dir='ltr' id='par_1_84' title="bbox 2089 3674 3736 3745">
     <span class='ocr_line' id='line_1_84' title="bbox 2089 3674 3736 3745; baseline 0.007 -17"><span class='ocrx_word' id='word_1_636' title='bbox 2089 3676 2159 3730; x_wconf 90' lang='lat' dir='ltr'>de</span> <span class='ocrx_word' id='word_1_637' title='bbox 2189 3677 2532 3745; x_wconf 88' lang='lat' dir='ltr'>assumptus</span> <span class='ocrx_word' id='word_1_638' title='bbox 2561 3674 2653 3729; x_wconf 91' lang='lat' dir='ltr'>hic</span> <span class='ocrx_word' id='word_1_639' title='bbox 2681 3692 2870 3730; x_wconf 90' lang='lat' dir='ltr'>sermo</span> <span class='ocrx_word' id='word_1_640' title='bbox 2903 3676 3001 3742; x_wconf 80' lang='lat' dir='ltr'>sit,</span> <span class='ocrx_word' id='word_1_641' title='bbox 3031 3677 3489 3736; x_wconf 87' lang='lat' dir='ltr'>consideremus.</span> <span class='ocrx_word' id='word_1_642' title='bbox 3542 3706 3570 3732; x_wconf 92' lang='grc'>‹‹</span> <span class='ocrx_word' id='word_1_643' title='bbox 3605 3683 3736 3739; x_wconf 90' lang='lat' dir='ltr'>Fui-</span> 
     </span>
    </p>
   </div>
   <div class='ocr_carea' id='block_1_85' title="bbox 2089 3761 3733 3833">
    <p class='ocr_par' dir='ltr' id='par_1_85' title="bbox 2089 3761 3733 3833">
     <span class='ocr_line' id='line_1_85' title="bbox 2089 3761 3733 3833; baseline 0.005 -16"><span class='ocrx_word' id='word_1_644' title='bbox 2089 3778 2244 3830; x_wconf 90' lang='lat' dir='ltr'>mus,</span> <span class='ocrx_word' id='word_1_645' title='bbox 2275 3761 2486 3833; x_wconf 90' lang='lat' dir='ltr'>inquit,</span> <span class='ocrx_word' id='word_1_646' title='bbox 2533 3761 2817 3817; x_wconf 87' lang='lat' dir='ltr'>increduli</span> <span class='ocrx_word' id='word_1_647' title='bbox 2875 3770 3158 3826; x_wconf 88' lang='lat' dir='ltr'>errantes,</span> <span class='ocrx_word' id='word_1_648' title='bbox 3215 3768 3529 3826; x_wconf 89' lang='lat' dir='ltr'>servientes</span> <span class='ocrx_word' id='word_1_649' title='bbox 3581 3771 3733 3828; x_wconf 84' lang='lat' dir='ltr'>desi-</span> 
     </span>
    </p>
   </div>
   <div class='ocr_carea' id='block_1_86' title="bbox 2091 3850 3738 3926">
    <p class='ocr_par' dir='ltr' id='par_1_86' title="bbox 2091 3850 3738 3926">
     <span class='ocr_line' id='line_1_86' title="bbox 2091 3850 3738 3926; baseline 0.007 -22"><span class='ocrx_word' id='word_1_650' title='bbox 2091 3851 2268 3906; x_wconf 83' lang='lat' dir='ltr'>deriis</span> <span class='ocrx_word' id='word_1_651' title='bbox 2300 3856 2357 3907; x_wconf 89' lang='lat' dir='ltr'>et</span> <span class='ocrx_word' id='word_1_652' title='bbox 2384 3850 2786 3922; x_wconf 87' lang='lat' dir='ltr'>voluptatibus</span> <span class='ocrx_word' id='word_1_653' title='bbox 2813 3853 2937 3922; x_wconf 87' lang='lat' dir='ltr'>(Tit.</span> <span class='ocrx_word' id='word_1_654' title='bbox 2973 3871 3055 3918; x_wconf 85' lang='lat'><strong>111,</strong></span> <span class='ocrx_word' id='word_1_655' title='bbox 3101 3855 3174 3926; x_wconf 90' lang='lat'>3).</span> <span class='ocrx_word' id='word_1_656' title='bbox 3205 3877 3232 3905; x_wconf 88' lang='lat'>»</span> <span class='ocrx_word' id='word_1_657' title='bbox 3290 3855 3599 3916; x_wconf 82' lang='lat' dir='ltr'>Fateamur</span> <span class='ocrx_word' id='word_1_658' title='bbox 3652 3878 3738 3918; x_wconf 89' lang='lat' dir='ltr'>er-</span> 
     </span>
    </p>
   </div>
   <div class='ocr_carea' id='block_1_87' title="bbox 2093 3939 3736 4022">
    <p class='ocr_par' dir='ltr' id='par_1_87' title="bbox 2093 3939 3736 4022">
     <span class='ocr_line' id='line_1_87' title="bbox 2093 3939 3736 4022; baseline 0.007 -27"><span class='ocrx_word' id='word_1_659' title='bbox 2093 3956 2306 4006; x_wconf 91' lang='lat' dir='ltr'>rorem,</span> <span class='ocrx_word' id='word_1_660' title='bbox 2341 3943 2407 3994; x_wconf 91' lang='lat' dir='ltr'>ut</span> <span class='ocrx_word' id='word_1_661' title='bbox 2446 3939 2761 3995; x_wconf 88' lang='lat' dir='ltr'>diluamur.</span> <span class='ocrx_word' id='word_1_662' title='bbox 2822 3942 2892 3996; x_wconf 88' lang='lat' dir='ltr'>Et</span> <span class='ocrx_word' id='word_1_663' title='bbox 2947 3959 3051 4014; x_wconf 85' lang='lat' dir='ltr'>ego</span> <span class='ocrx_word' id='word_1_664' title='bbox 3101 3943 3218 3998; x_wconf 90' lang='lat' dir='ltr'>vidi</span> <span class='ocrx_word' id='word_1_665' title='bbox 3275 3943 3529 4019; x_wconf 89' lang='lat' dir='ltr'>aliquem</span> <span class='ocrx_word' id='word_1_666' title='bbox 3591 3968 3736 4022; x_wconf 90' lang='lat' dir='ltr'>puer</span> 
     </span>
    </p>
   </div>
   <div class='ocr_carea' id='block_1_88' title="bbox 2094 4028 3737 4103">
    <p class='ocr_par' dir='ltr' id='par_1_88' title="bbox 2094 4028 3737 4103">
     <span class='ocr_line' id='line_1_88' title="bbox 2094 4028 3737 4103; baseline 0.008 -19"><span class='ocrx_word' id='word_1_667' title='bbox 2094 4028 2396 4097; x_wconf 88' lang='lat' dir='ltr'>athletam,</span> <span class='ocrx_word' id='word_1_668' title='bbox 2429 4043 2560 4083; x_wconf 91' lang='lat' dir='ltr'>cum</span> <span class='ocrx_word' id='word_1_669' title='bbox 2593 4028 2846 4086; x_wconf 88' lang='lat' dir='ltr'>elisisset</span> <span class='ocrx_word' id='word_1_670' title='bbox 2899 4031 3318 4103; x_wconf 88' lang='lat' dir='ltr'>adversarium,</span> <span class='ocrx_word' id='word_1_671' title='bbox 3377 4037 3625 4095; x_wconf 72' lang='lat' dir='ltr'>frontem</span> <span class='ocrx_word' id='word_1_672' title='bbox 3683 4040 3737 4096; x_wconf 89' lang='lat' dir='ltr'>ei</span> 
     </span>
    </p>
   </div>
   <div class='ocr_carea' id='block_1_89' title="bbox 2097 4117 3738 4198">
    <p class='ocr_par' dir='ltr' id='par_1_89' title="bbox 2097 4117 3738 4198">
     <span class='ocr_line' id='line_1_89' title="bbox 2097 4117 3738 4198; baseline 0.007 -26"><span class='ocrx_word' id='word_1_673' title='bbox 2097 4117 2457 4189; x_wconf 90' lang='lat' dir='ltr'>percussisse</span> <span class='ocrx_word' id='word_1_674' title='bbox 2489 4117 2757 4174; x_wconf 89' lang='lat' dir='ltr'>calcaneo</span> <span class='ocrx_word' id='word_1_675' title='bbox 2792 4136 2804 4172; x_wconf 90' lang='lat'><strong>:</strong></span> <span class='ocrx_word' id='word_1_676' title='bbox 2839 4120 2994 4190; x_wconf 91' lang='lat' dir='ltr'>quod</span> <span class='ocrx_word' id='word_1_677' title='bbox 3026 4120 3260 4193; x_wconf 89' lang='lat' dir='ltr'>signum</span> <span class='ocrx_word' id='word_1_678' title='bbox 3294 4124 3424 4192; x_wconf 78' lang='lat' dir='ltr'>fuit,</span> <span class='ocrx_word' id='word_1_679' title='bbox 3459 4142 3524 4181; x_wconf 90' lang='lat' dir='ltr'>eo</span> <span class='ocrx_word' id='word_1_680' title='bbox 3581 4127 3738 4198; x_wconf 91' lang='lat' dir='ltr'>quod</span> 
     </span>
    </p>
   </div>
   <div class='ocr_carea' id='block_1_90' title="bbox 2099 4205 3734 4288">
    <p class='ocr_par' dir='ltr' id='par_1_90' title="bbox 2099 4205 3734 4288">
     <span class='ocr_line' id='line_1_90' title="bbox 2099 4205 3734 4288; baseline 0.009 -30"><span class='ocrx_word' id='word_1_681' title='bbox 2099 4205 2661 4274; x_wconf 60' lang='lat' dir='ltr'>insultaveritvicto.</span> <span class='ocrx_word' id='word_1_682' title='bbox 2699 4207 2813 4262; x_wconf 86' lang='lat' dir='ltr'>Hoc</span> <span class='ocrx_word' id='word_1_683' title='bbox 2844 4213 2932 4263; x_wconf 88' lang='lat' dir='ltr'>est</span> <span class='ocrx_word' id='word_1_684' title='bbox 2962 4211 3118 4280; x_wconf 92' lang='lat' dir='ltr'>quod</span> <span class='ocrx_word' id='word_1_685' title='bbox 3151 4211 3232 4266; x_wconf 90' lang='lat' dir='ltr'>ait</span> <span class='ocrx_word' id='word_1_686' title='bbox 3264 4229 3275 4266; x_wconf 92' lang='lat'><strong>:</strong></span> <span class='ocrx_word' id='word_1_687' title='bbox 3341 4237 3367 4262; x_wconf 86' lang='grc'>‹‹</span> <span class='ocrx_word' id='word_1_688' title='bbox 3402 4212 3734 4288; x_wconf 77' lang='lat' dir='ltr'>Magnifica-</span> 
     </span>
    </p>
   </div>
   <div class='ocr_carea' id='block_1_91' title="bbox 2096 4294 3739 4372">
    <p class='ocr_par' dir='ltr' id='par_1_91' title="bbox 2096 4294 3739 4372">
     <span class='ocr_line' id='line_1_91' title="bbox 2096 4294 3739 4372; baseline 0.007 -23"><span class='ocrx_word' id='word_1_689' title='bbox 2096 4295 2176 4349; x_wconf 91' lang='lat' dir='ltr'>vit</span> <span class='ocrx_word' id='word_1_690' title='bbox 2198 4311 2374 4366; x_wconf 87' lang='lat' dir='ltr'>super</span> <span class='ocrx_word' id='word_1_691' title='bbox 2394 4311 2486 4350; x_wconf 89' lang='lat' dir='ltr'>me</span> <span class='ocrx_word' id='word_1_692' title='bbox 2508 4294 3043 4367; x_wconf 88' lang='lat' dir='ltr'>supplantationem</span> <span class='ocrx_word' id='word_1_693' title='bbox 3078 4315 3091 4367; x_wconf 91' lang='lat'><strong>;</strong></span> <span class='ocrx_word' id='word_1_694' title='bbox 3139 4321 3166 4349; x_wconf 83' lang='lat'><strong>»</strong></span> <span class='ocrx_word' id='word_1_695' title='bbox 3204 4317 3318 4372; x_wconf 91' lang='lat' dir='ltr'>quo</span> <span class='ocrx_word' id='word_1_696' title='bbox 3348 4303 3521 4359; x_wconf 89' lang='lat' dir='ltr'>verbo</span> <span class='ocrx_word' id='word_1_697' title='bbox 3551 4303 3739 4361; x_wconf 84' lang='lat' dir='ltr'>insul-</span> 
     </span>
    </p>
   </div>
   <div class='ocr_carea' id='block_1_92' title="bbox 2100 4382 3743 4465">
    <p class='ocr_par' dir='ltr' id='par_1_92' title="bbox 2100 4382 3743 4465">
     <span class='ocr_line' id='line_1_92' title="bbox 2100 4382 3743 4465; baseline 0.009 -28"><span class='ocrx_word' id='word_1_698' title='bbox 2100 4384 2280 4438; x_wconf 88' lang='lat' dir='ltr'>tantis</span> <span class='ocrx_word' id='word_1_699' title='bbox 2303 4382 2650 4453; x_wconf 88' lang='lat' dir='ltr'>jactantiam</span> <span class='ocrx_word' id='word_1_700' title='bbox 2681 4383 3015 4441; x_wconf 85' lang='lat' dir='ltr'>declaravit.</span> <span class='ocrx_word' id='word_1_701' title='bbox 3041 4387 3270 4444; x_wconf 89' lang='lat' dir='ltr'>Levavit</span> <span class='ocrx_word' id='word_1_702' title='bbox 3303 4407 3436 4465; x_wconf 90' lang='lat' dir='ltr'>ergo</span> <span class='ocrx_word' id='word_1_703' title='bbox 3460 4396 3515 4449; x_wconf 91' lang='lat' dir='ltr'>et</span> <span class='ocrx_word' id='word_1_704' title='bbox 3555 4391 3743 4451; x_wconf 85' lang='lat' dir='ltr'>Judas</span> 
     </span>
    </p>
   </div>
   <div class='ocr_carea' id='block_1_93' title="bbox 341 4466 3745 4555">
    <p class='ocr_par' dir='ltr' id='par_1_93' title="bbox 341 4466 3745 4555">
     <span class='ocr_line' id='line_1_93' title="bbox 341 4466 3745 4555; baseline 0.005 -34"><span class='ocrx_word' id='word_1_705' title='bbox 341 4466 486 4521; x_wconf 88' lang='lat' dir='ltr'>tiam</span> <span class='ocrx_word' id='word_1_706' title='bbox 519 4469 854 4536; x_wconf 88' lang='lat' dir='ltr'>reservavit,</span> <span class='ocrx_word' id='word_1_707' title='bbox 890 4485 993 4524; x_wconf 88' lang='lat' dir='ltr'>nec</span> <span class='ocrx_word' id='word_1_708' title='bbox 1025 4475 1332 4541; x_wconf 89' lang='lat' dir='ltr'>susceptos</span> <span class='ocrx_word' id='word_1_709' title='bbox 1363 4472 1642 4543; x_wconf 88' lang='lat' dir='ltr'>prodidit,</span> <span class='ocrx_word' id='word_1_710' title='bbox 1678 4476 1779 4530; x_wconf 88' lang='lat' dir='ltr'>sed</span> <span class='ocrx_word' id='word_1_711' title='bbox 1838 4476 1990 4532; x_wconf 82' lang='lat' dir='ltr'>ﬁdeli</span> <span class='ocrx_word' id='word_1_712' title='bbox 2024 4489 2070 4554; x_wconf 76' lang='grc' dir='ltr'>ι)</span> <span class='ocrx_word' id='word_1_713' title='bbox 2101 4489 2277 4542; x_wconf 87' lang='lat' dir='ltr'>super</span> <span class='ocrx_word' id='word_1_714' title='bbox 2313 4471 2608 4526; x_wconf 87' lang='lat' dir='ltr'>Christum</span> <span class='ocrx_word' id='word_1_715' title='bbox 2655 4471 2992 4528; x_wconf 88' lang='lat' dir='ltr'>calcaneum</span> <span class='ocrx_word' id='word_1_716' title='bbox 3042 4493 3238 4544; x_wconf 90' lang='lat' dir='ltr'>suum,</span> <span class='ocrx_word' id='word_1_717' title='bbox 3291 4497 3424 4537; x_wconf 89' lang='lat' dir='ltr'>cum</span> <span class='ocrx_word' id='word_1_718' title='bbox 3474 4484 3745 4555; x_wconf 89' lang='lat' dir='ltr'>proderet</span> 
     </span>
    </p>
   </div>
   <div class='ocr_carea' id='block_1_94' title="bbox 339 4553 1990 4632">
    <p class='ocr_par' dir='ltr' id='par_1_94' title="bbox 339 4553 1990 4632">
     <span class='ocr_line' id='line_1_94' title="bbox 339 4553 1990 4632; baseline 0.008 -25"><span class='ocrx_word' id='word_1_719' title='bbox 339 4553 708 4610; x_wconf 87' lang='lat' dir='ltr'>humanitate</span> <span class='ocrx_word' id='word_1_720' title='bbox 765 4556 1034 4626; x_wconf 84' lang='lat' dir='ltr'>protexit.</span> <span class='ocrx_word' id='word_1_721' title='bbox 1071 4557 1203 4612; x_wconf 87' lang='lat' dir='ltr'>Ideo</span> <span class='ocrx_word' id='word_1_722' title='bbox 1243 4573 1379 4631; x_wconf 87' lang='lat' dir='ltr'>ergo</span> <span class='ocrx_word' id='word_1_723' title='bbox 1411 4576 1678 4632; x_wconf 87' lang='lat' dir='ltr'>sperasse</span> <span class='ocrx_word' id='word_1_724' title='bbox 1709 4579 1770 4618; x_wconf 90' lang='lat' dir='ltr'>se</span> <span class='ocrx_word' id='word_1_725' title='bbox 1829 4565 1990 4632; x_wconf 89' lang='lat' dir='ltr'>dicit,</span> 
     </span>
    </p>
   </div>
   <div class='ocr_carea' id='block_1_95' title="bbox 340 4642 1995 4724">
    <p class='ocr_par' dir='ltr' id='par_1_95' title="bbox 340 4642 1995 4724">
     <span class='ocr_line' id='line_1_95' title="bbox 340 4642 1995 4724; baseline 0.009 -29"><span class='ocrx_word' id='word_1_726' title='bbox 340 4642 506 4712; x_wconf 86' lang='lat' dir='ltr'>quasi</span> <span class='ocrx_word' id='word_1_727' title='bbox 533 4643 667 4714; x_wconf 88' lang='lat' dir='ltr'>jure</span> <span class='ocrx_word' id='word_1_728' title='bbox 710 4646 1173 4718; x_wconf 66' lang='lat' dir='ltr'>praesumpserit,</span> <span class='ocrx_word' id='word_1_729' title='bbox 1210 4652 1275 4702; x_wconf 92' lang='lat' dir='ltr'>ut</span> <span class='ocrx_word' id='word_1_730' title='bbox 1332 4649 1634 4720; x_wconf 84' lang='lat' dir='ltr'>apostolus</span> <span class='ocrx_word' id='word_1_731' title='bbox 1691 4654 1995 4724; x_wconf 88' lang='lat' dir='ltr'>superiora</span> 
     </span>
    </p>
   </div>
   <div class='ocr_carea' id='block_1_96' title="bbox 339 4730 1998 4810">
    <p class='ocr_par' dir='ltr' id='par_1_96' title="bbox 339 4730 1998 4810">
     <span class='ocr_line' id='line_1_96' title="bbox 339 4730 1998 4810; baseline 0.008 -25"><span class='ocrx_word' id='word_1_732' title='bbox 339 4730 672 4801; x_wconf 87' lang='lat' dir='ltr'>deponeret,</span> <span class='ocrx_word' id='word_1_733' title='bbox 708 4732 950 4789; x_wconf 88' lang='lat' dir='ltr'>meliora</span> <span class='ocrx_word' id='word_1_734' title='bbox 981 4740 1326 4807; x_wconf 88' lang='lat' dir='ltr'>sequeretur</span> <span class='ocrx_word' id='word_1_735' title='bbox 1357 4738 1489 4809; x_wconf 88' lang='lat'>(28),</span> <span class='ocrx_word' id='word_1_736' title='bbox 1517 4743 1573 4794; x_wconf 86' lang='lat' dir='ltr'>et</span> <span class='ocrx_word' id='word_1_737' title='bbox 1612 4741 1709 4810; x_wconf 92' lang='lat' dir='ltr'>qui</span> <span class='ocrx_word' id='word_1_738' title='bbox 1745 4743 1998 4798; x_wconf 82' lang='lat' dir='ltr'>sanctifi-</span> 
     </span>
    </p>
   </div>
   <div class='ocr_carea' id='block_1_97' title="bbox 342 4819 1998 4898">
    <p class='ocr_par' dir='ltr' id='par_1_97' title="bbox 342 4819 1998 4898">
     <span class='ocr_line' id='line_1_97' title="bbox 342 4819 1998 4898; baseline 0.01 -26"><span class='ocrx_word' id='word_1_739' title='bbox 342 4819 511 4873; x_wconf 88' lang='lat' dir='ltr'>candi</span> <span class='ocrx_word' id='word_1_740' title='bbox 543 4820 690 4876; x_wconf 89' lang='lat' dir='ltr'>alios</span> <span class='ocrx_word' id='word_1_741' title='bbox 721 4838 940 4878; x_wconf 89' lang='lat' dir='ltr'>munus</span> <span class='ocrx_word' id='word_1_742' title='bbox 971 4828 1294 4897; x_wconf 87' lang='lat' dir='ltr'>acceperat,</span> <span class='ocrx_word' id='word_1_743' title='bbox 1328 4826 1453 4898; x_wconf 87' lang='lat' dir='ltr'>ipse</span> <span class='ocrx_word' id='word_1_744' title='bbox 1484 4827 1542 4882; x_wconf 88' lang='lat' dir='ltr'>in</span> <span class='ocrx_word' id='word_1_745' title='bbox 1575 4845 1636 4884; x_wconf 91' lang='lat' dir='ltr'>se</span> <span class='ocrx_word' id='word_1_746' title='bbox 1668 4831 1998 4888; x_wconf 85' lang='lat' dir='ltr'>sanctitatis</span> 
     </span>
    </p>
   </div>
   <div class='ocr_carea' id='block_1_98' title="bbox 380 4978 2000 5104">
    <p class='ocr_par' dir='ltr' id='par_1_98' title="bbox 380 4978 2000 5104">
     <span class='ocr_line' id='line_1_98' title="bbox 380 4978 2000 5104; baseline 0.012 -74"><span class='ocrx_word' id='word_1_747' title='bbox 380 4978 528 5104; x_wconf 57' lang='lat'>“(‘27)</span> <span class='ocrx_word' id='word_1_748' title='bbox 557 4979 762 5036; x_wconf 91' lang='lat' dir='ltr'>Plures</span> <span class='ocrx_word' id='word_1_749' title='bbox 795 4999 964 5051; x_wconf 90' lang='lat' dir='ltr'>mss.,</span> <span class='ocrx_word' id='word_1_750' title='bbox 994 5001 1096 5055; x_wconf 83' lang='lat' dir='ltr'>pro</span> <span class='ocrx_word' id='word_1_751' title='bbox 1126 4987 1376 5042; x_wconf 84' lang='lat' dir='ltr'>mercede</span> <span class='ocrx_word' id='word_1_752' title='bbox 1432 4991 1723 5060; x_wconf 74' lang='lat' dir='ltr'>emptionis</span> <span class='ocrx_word' id='word_1_753' title='bbox 1779 5009 2000 5065; x_wconf 74' lang='lat' dir='ltr'>accepe-</span> 
     </span>
    </p>
   </div>
   <div class='ocr_carea' id='block_1_99' title="bbox 346 5066 458 5103">
    <p class='ocr_par' dir='ltr' id='par_1_99' title="bbox 346 5066 458 5103">
     <span class='ocr_line' id='line_1_99' title="bbox 346 5066 458 5103; baseline 0 0"><span class='ocrx_word' id='word_1_754' title='bbox 346 5066 458 5103; x_wconf 80' lang='grc' dir='ltr'>ναι.</span> 
     </span>
    </p>
   </div>
   <div class='ocr_carea' id='block_1_100' title="bbox 418 5120 1604 5199">
    <p class='ocr_par' dir='ltr' id='par_1_100' title="bbox 418 5120 1604 5199">
     <span class='ocr_line' id='line_1_100' title="bbox 418 5120 1604 5199; baseline 0.008 -23"><span class='ocrx_word' id='word_1_755' title='bbox 567 5121 733 5199; x_wconf 52' lang='lat' dir='ltr'>Rom.</span> <span class='ocrx_word' id='word_1_756' title='bbox 769 5125 931 5199; x_wconf 63' lang='lat' dir='ltr'>edit,</span> <span class='ocrx_word' id='word_1_757' title='bbox 959 5129 1237 5199; x_wconf 71' lang='lat' dir='ltr'>anteriora</span> <span class='ocrx_word' id='word_1_758' title='bbox 1267 5137 1604 5199; x_wconf 76' lang='lat' dir='ltr'>sequeretur.</span> 
     </span>
    </p>
   </div>
   <div class='ocr_carea' id='block_1_101' title="bbox 402 5191 1999 5272">
    <p class='ocr_par' dir='ltr' id='par_1_101' title="bbox 402 5191 1999 5272">
     <span class='ocr_line' id='line_1_101' title="bbox 402 5191 1999 5272; baseline 0.011 -29"><span class='ocrx_word' id='word_1_759' title='bbox 402 5191 1010 5272; x_wconf 19' lang='lat' dir='ltr'>.(2’9).M_an‘uscri_ptus</span> <span class='ocrx_word' id='word_1_760' title='bbox 1043 5197 1284 5272; x_wconf 86' lang='lat' dir='ltr'>aliquot,</span> <span class='ocrx_word' id='word_1_761' title='bbox 1314 5191 1667 5257; x_wconf 53' lang='lat' dir='ltr'>recordentur</span> <span class='ocrx_word' id='word_1_762' title='bbox 1720 5207 1999 5263; x_wconf 72' lang='lat' dir='ltr'>contuber-</span> 
     </span>
    </p>
   </div>
   <div class='ocr_carea' id='block_1_102' title="bbox 345 5263 2000 5333">
    <p class='ocr_par' dir='ltr' id='par_1_102' title="bbox 345 5263 2000 5333">
     <span class='ocr_line' id='line_1_102' title="bbox 345 5263 2000 5333; baseline 0.011 -19"><span class='ocrx_word' id='word_1_763' title='bbox 345 5263 510 5316; x_wconf 75' lang='lat' dir='ltr'>nium</span> <span class='ocrx_word' id='word_1_764' title='bbox 539 5263 810 5320; x_wconf 75' lang='lat' dir='ltr'>habuisse.</span> <span class='ocrx_word' id='word_1_765' title='bbox 847 5263 1215 5325; x_wconf 42' lang='lat' dir='ltr'>Caeterum‘in</span> <span class='ocrx_word' id='word_1_766' title='bbox 1273 5263 1546 5328; x_wconf 84' lang='lat' dir='ltr'>confesso</span> <span class='ocrx_word' id='word_1_767' title='bbox 1577 5279 1665 5328; x_wconf 90' lang='lat' dir='ltr'>est</span> <span class='ocrx_word' id='word_1_768' title='bbox 1685 5275 1826 5331; x_wconf 92' lang='lat' dir='ltr'>olim</span> <span class='ocrx_word' id='word_1_769' title='bbox 1885 5296 2000 5333; x_wconf 90' lang='lat' dir='ltr'>non</span> 
     </span>
    </p>
   </div>
   <div class='ocr_carea' id='block_1_103' title="bbox 347 5335 2003 5418">
    <p class='ocr_par' dir='ltr' id='par_1_103' title="bbox 347 5335 2003 5418">
     <span class='ocr_line' id='line_1_103' title="bbox 347 5335 2003 5418; baseline 0.011 -31"><span class='ocrx_word' id='word_1_770' title='bbox 347 5335 581 5418; x_wconf 63' lang='lat' dir='ltr'>tantum</span> <span class='ocrx_word' id='word_1_771' title='bbox 609 5336 763 5408; x_wconf 85' lang='lat' dir='ltr'>apud</span> <span class='ocrx_word' id='word_1_772' title='bbox 799 5338 1028 5418; x_wconf 65' lang='lat' dir='ltr'>Graecos</span> <span class='ocrx_word' id='word_1_773' title='bbox 1059 5357 1125 5397; x_wconf 85' lang='lat' dir='ltr'>ac</span> <span class='ocrx_word' id='word_1_774' title='bbox 1158 5339 1414 5409; x_wconf 88' lang='lat' dir='ltr'>Latinos,</span> <span class='ocrx_word' id='word_1_775' title='bbox 1451 5345 1550 5418; x_wconf 88' lang='lat' dir='ltr'>sed</span> <span class='ocrx_word' id='word_1_776' title='bbox 1580 5350 1636 5400; x_wconf 92' lang='lat' dir='ltr'>et</span> <span class='ocrx_word' id='word_1_777' title='bbox 1663 5349 1818 5418; x_wconf 84' lang='lat' dir='ltr'>apud</span> <span class='ocrx_word' id='word_1_778' title='bbox 1862 5350 2003 5404; x_wconf 88' lang='lat' dir='ltr'>Bar-</span> 
     </span>
    </p>
   </div>
   <div class='ocr_carea' id='block_1_104' title="bbox 347 5404 2006 5482">
    <p class='ocr_par' dir='ltr' id='par_1_104' title="bbox 347 5404 2006 5482">
     <span class='ocr_line' id='line_1_104' title="bbox 347 5404 2006 5482; baseline 0.01 -22"><span class='ocrx_word' id='word_1_779' title='bbox 347 5404 525 5460; x_wconf 89' lang='lat' dir='ltr'>baros</span> <span class='ocrx_word' id='word_1_780' title='bbox 559 5404 784 5479; x_wconf 75' lang='lat' dir='ltr'>magna</span> <span class='ocrx_word' id='word_1_781' title='bbox 809 5410 1088 5482; x_wconf 88' lang='lat' dir='ltr'>religione</span> <span class='ocrx_word' id='word_1_782' title='bbox 1119 5430 1185 5469; x_wconf 87' lang='lat' dir='ltr'>ac</span> <span class='ocrx_word' id='word_1_783' title='bbox 1217 5404 1539 5471; x_wconf 84' lang='lat' dir='ltr'>reverentia</span> <span class='ocrx_word' id='word_1_784' title='bbox 1603 5404 1820 5474; x_wconf 76' lang='lat' dir='ltr'>cultam</span> <span class='ocrx_word' id='word_1_785' title='bbox 1879 5438 2006 5476; x_wconf 88' lang='lat' dir='ltr'>esse</span> 
     </span>
    </p>
   </div>
   <div class='ocr_carea' id='block_1_105' title="bbox 351 5484 2002 5554">
    <p class='ocr_par' dir='ltr' id='par_1_105' title="bbox 351 5484 2002 5554">
     <span class='ocr_line' id='line_1_105' title="bbox 351 5484 2002 5554; baseline 0.012 -23"><span class='ocrx_word' id='word_1_786' title='bbox 351 5491 615 5554; x_wconf 39' lang='lat' dir='ltr'>mensae‘</span> <span class='ocrx_word' id='word_1_787' title='bbox 658 5485 834 5554; x_wconf 83' lang='lat' dir='ltr'>atque</span> <span class='ocrx_word' id='word_1_788' title='bbox 891 5484 1286 5542; x_wconf 87' lang='lat' dir='ltr'>conviviorum</span> <span class='ocrx_word' id='word_1_789' title='bbox 1344 5487 1703 5544; x_wconf 88' lang='lat' dir='ltr'>societatem.</span> <span class='ocrx_word' id='word_1_790' title='bbox 1777 5491 2002 5550; x_wconf 87' lang='lat' dir='ltr'>Etenim</span> 
     </span>
    </p>
   </div>
   <div class='ocr_carea' id='block_1_106' title="bbox 350 5547 2008 5643">
    <p class='ocr_par' dir='ltr' id='par_1_106' title="bbox 350 5547 2008 5643">
     <span class='ocr_line' id='line_1_106' title="bbox 350 5547 2008 5643; baseline 0.013 -40"><span class='ocrx_word' id='word_1_791' title='bbox 350 5551 557 5626; x_wconf 84' lang='lat' dir='ltr'>gentes</span> <span class='ocrx_word' id='word_1_792' title='bbox 588 5547 707 5608; x_wconf 82' lang='lat' dir='ltr'>fere</span> <span class='ocrx_word' id='word_1_793' title='bbox 736 5547 939 5610; x_wconf 78' lang='lat' dir='ltr'>omnes</span> <span class='ocrx_word' id='word_1_794' title='bbox 971 5572 1105 5612; x_wconf 90' lang='lat' dir='ltr'>cum</span> <span class='ocrx_word' id='word_1_795' title='bbox 1137 5557 1360 5632; x_wconf 86' lang='lat' dir='ltr'>privata</span> <span class='ocrx_word' id='word_1_796' title='bbox 1376 5558 1750 5643; x_wconf 78' lang='lat' dir='ltr'>foedera,tum</span> <span class='ocrx_word' id='word_1_797' title='bbox 1773 5547 2008 5638; x_wconf 64' lang='lat' dir='ltr'>publica</span> 
     </span>
    </p>
   </div>
   <div class='ocr_carea' id='block_1_107' title="bbox 672 5679 1146 5752">
    <p class='ocr_par' dir='ltr' id='par_1_107' title="bbox 672 5679 1146 5752">
     <span class='ocr_line' id='line_1_107' title="bbox 672 5679 1146 5752; baseline 0.008 -8"><span class='ocrx_word' id='word_1_798' title='bbox 672 5679 940 5747; x_wconf 71' lang='lat' dir='ltr'>PATBOL.</span> <span class='ocrx_word' id='word_1_799' title='bbox 983 5682 1146 5752; x_wconf 82' lang='lat' dir='ltr'><strong>XIV.</strong></span> 
     </span>
    </p>
   </div>
   <div class='ocr_carea' id='block_1_108' title="bbox 2101 4559 3748 4633">
    <p class='ocr_par' dir='ltr' id='par_1_108' title="bbox 2101 4559 3748 4633">
     <span class='ocr_line' id='line_1_108' title="bbox 2101 4559 3748 4633; baseline 0.007 -18"><span class='ocrx_word' id='word_1_800' title='bbox 2101 4578 2233 4616; x_wconf 90' lang='lat' dir='ltr'>eum</span> <span class='ocrx_word' id='word_1_801' title='bbox 2257 4578 2268 4626; x_wconf 92' lang='lat'><strong>;</strong></span> <span class='ocrx_word' id='word_1_802' title='bbox 2294 4561 2394 4614; x_wconf 88' lang='lat' dir='ltr'>sed</span> <span class='ocrx_word' id='word_1_803' title='bbox 2408 4577 2521 4614; x_wconf 93' lang='lat' dir='ltr'>non</span> <span class='ocrx_word' id='word_1_804' title='bbox 2547 4560 2751 4616; x_wconf 89' lang='lat' dir='ltr'>levavit</span> <span class='ocrx_word' id='word_1_805' title='bbox 2777 4559 3031 4633; x_wconf 88' lang='lat' dir='ltr'>impune.</span> <span class='ocrx_word' id='word_1_806' title='bbox 3048 4565 3252 4622; x_wconf 91' lang='lat' dir='ltr'>Adhuc</span> <span class='ocrx_word' id='word_1_807' title='bbox 3275 4570 3459 4625; x_wconf 84' lang='lat' dir='ltr'>Adam</span> <span class='ocrx_word' id='word_1_808' title='bbox 3488 4571 3748 4628; x_wconf 88' lang='lat' dir='ltr'>calcane-</span> 
     </span>
    </p>
   </div>
   <div class='ocr_carea' id='block_1_109' title="bbox 2105 4648 3748 4721">
    <p class='ocr_par' dir='ltr' id='par_1_109' title="bbox 2105 4648 3748 4721">
     <span class='ocr_line' id='line_1_109' title="bbox 2105 4648 3748 4721; baseline 0.008 -19"><span class='ocrx_word' id='word_1_809' title='bbox 2105 4665 2203 4703; x_wconf 90' lang='lat' dir='ltr'>um</span> <span class='ocrx_word' id='word_1_810' title='bbox 2228 4648 2398 4715; x_wconf 84' lang='lat' dir='ltr'>levat,</span> <span class='ocrx_word' id='word_1_811' title='bbox 2420 4650 2572 4718; x_wconf 86' lang='lat' dir='ltr'>quod</span> <span class='ocrx_word' id='word_1_812' title='bbox 2606 4668 2638 4704; x_wconf 92' lang='lat' dir='ltr'>a</span> <span class='ocrx_word' id='word_1_813' title='bbox 2657 4657 2925 4721; x_wconf 87' lang='lat' dir='ltr'>serpente</span> <span class='ocrx_word' id='word_1_814' title='bbox 2945 4658 3033 4707; x_wconf 90' lang='lat' dir='ltr'>est</span> <span class='ocrx_word' id='word_1_815' title='bbox 3050 4653 3438 4714; x_wconf 89' lang='lat' dir='ltr'>vulneratum.</span> <span class='ocrx_word' id='word_1_816' title='bbox 3476 4659 3568 4714; x_wconf 71' lang='lat'>81</span> <span class='ocrx_word' id='word_1_817' title='bbox 3584 4663 3624 4714; x_wconf 80' lang='grc'>7</span> <span class='ocrx_word' id='word_1_818' title='bbox 3675 4661 3748 4715; x_wconf 85' lang='lat' dir='ltr'>Et</span> 
     </span>
    </p>
   </div>
   <div class='ocr_carea' id='block_1_110' title="bbox 2106 4736 3744 4807">
    <p class='ocr_par' dir='ltr' id='par_1_110' title="bbox 2106 4736 3744 4807">
     <span class='ocr_line' id='line_1_110' title="bbox 2106 4736 3744 4807; baseline 0.007 -17"><span class='ocrx_word' id='word_1_819' title='bbox 2106 4737 2306 4807; x_wconf 88' lang='lat' dir='ltr'>utique</span> <span class='ocrx_word' id='word_1_820' title='bbox 2330 4736 2379 4790; x_wconf 92' lang='lat' dir='ltr'>ei</span> <span class='ocrx_word' id='word_1_821' title='bbox 2412 4737 2588 4807; x_wconf 90' lang='lat' dir='ltr'>pedes</span> <span class='ocrx_word' id='word_1_822' title='bbox 2621 4736 2837 4793; x_wconf 83' lang='lat' dir='ltr'>laverat</span> <span class='ocrx_word' id='word_1_823' title='bbox 2865 4739 3153 4798; x_wconf 88' lang='lat' dir='ltr'>Christus.</span> <span class='ocrx_word' id='word_1_824' title='bbox 3214 4745 3494 4799; x_wconf 87' lang='lat' dir='ltr'>Audierat</span> <span class='ocrx_word' id='word_1_825' title='bbox 3548 4745 3744 4802; x_wconf 87' lang='lat' dir='ltr'>dicen-</span> 
     </span>
    </p>
   </div>
   <div class='ocr_carea' id='block_1_111' title="bbox 2103 4825 3750 4906">
    <p class='ocr_par' dir='ltr' id='par_1_111' title="bbox 2103 4825 3750 4906">
     <span class='ocr_line' id='line_1_111' title="bbox 2103 4825 3750 4906; baseline 0.008 -28"><span class='ocrx_word' id='word_1_826' title='bbox 2103 4829 2222 4879; x_wconf 85' lang='lat' dir='ltr'>tem</span> <span class='ocrx_word' id='word_1_827' title='bbox 2259 4842 2270 4880; x_wconf 92' lang='lat'>:</span> <span class='ocrx_word' id='word_1_828' title='bbox 2307 4847 2333 4874; x_wconf 90' lang='grc'>‹‹</span> <span class='ocrx_word' id='word_1_829' title='bbox 2369 4825 2474 4889; x_wconf 90' lang='lat' dir='ltr'>Qui</span> <span class='ocrx_word' id='word_1_830' title='bbox 2507 4825 2664 4880; x_wconf 86' lang='lat' dir='ltr'>lotus</span> <span class='ocrx_word' id='word_1_831' title='bbox 2693 4831 2801 4893; x_wconf 87' lang='lat' dir='ltr'>est,</span> <span class='ocrx_word' id='word_1_832' title='bbox 2837 4845 2953 4884; x_wconf 90' lang='lat' dir='ltr'>non</span> <span class='ocrx_word' id='word_1_833' title='bbox 3003 4831 3244 4902; x_wconf 81' lang='lat' dir='ltr'>indiget,</span> <span class='ocrx_word' id='word_1_834' title='bbox 3279 4831 3391 4887; x_wconf 91' lang='lat' dir='ltr'>nisi</span> <span class='ocrx_word' id='word_1_835' title='bbox 3451 4838 3515 4888; x_wconf 86' lang='lat' dir='ltr'>ut</span> <span class='ocrx_word' id='word_1_836' title='bbox 3571 4835 3750 4906; x_wconf 77' lang='lat' dir='ltr'>pedes</span> 
     </span>
    </p>
   </div>
   <div class='ocr_carea' id='block_1_112' title="bbox 2108 5001 3751 5092">
    <p class='ocr_par' dir='ltr' id='par_1_112' title="bbox 2108 5001 3751 5092">
     <span class='ocr_line' id='line_1_112' title="bbox 2108 5001 3751 5092; baseline 0.008 -36"><span class='ocrx_word' id='word_1_837' title='bbox 2108 5018 2208 5072; x_wconf 90' lang='lat' dir='ltr'>per</span> <span class='ocrx_word' id='word_1_838' title='bbox 2238 5001 2379 5092; x_wconf 62' lang='lat' dir='ltr'>salis</span> <span class='ocrx_word' id='word_1_839' title='bbox 2410 5019 2475 5092; x_wconf 67' lang='lat' dir='ltr'>ap</span> <span class='ocrx_word' id='word_1_840' title='bbox 2501 5002 2675 5092; x_wconf 83' lang='lat' dir='ltr'>panis</span> <span class='ocrx_word' id='word_1_841' title='bbox 2705 5005 3180 5092; x_wconf 73' lang='lat' dir='ltr'>communionem</span> <span class='ocrx_word' id='word_1_842' title='bbox 3223 5009 3552 5092; x_wconf 74' lang='lat' dir='ltr'>jungebant</span> <span class='ocrx_word' id='word_1_843' title='bbox 3583 5027 3596 5067; x_wconf 91' lang='lat'><strong>:</strong></span> <span class='ocrx_word' id='word_1_844' title='bbox 3653 5013 3751 5069; x_wconf 86' lang='lat' dir='ltr'>Jo-</span> 
     </span>
    </p>
   </div>
   <div class='ocr_carea' id='block_1_113' title="bbox 2108 5073 3753 5147">
    <p class='ocr_par' dir='ltr' id='par_1_113' title="bbox 2108 5073 3753 5147">
     <span class='ocr_line' id='line_1_113' title="bbox 2108 5073 3753 5147; baseline 0.007 -19"><span class='ocrx_word' id='word_1_845' title='bbox 2108 5089 2235 5147; x_wconf 87' lang='lat' dir='ltr'>vem</span> <span class='ocrx_word' id='word_1_846' title='bbox 2266 5073 2609 5147; x_wconf 83' lang='lat' dir='ltr'>hospitalem</span> <span class='ocrx_word' id='word_1_847' title='bbox 2652 5091 2870 5147; x_wconf 70' lang='lat' dir='ltr'>mensae</span> <span class='ocrx_word' id='word_1_848' title='bbox 2899 5077 3201 5147; x_wconf 66' lang='lat' dir='ltr'>praesidem</span> <span class='ocrx_word' id='word_1_849' title='bbox 3223 5073 3292 5136; x_wconf 63' lang='lat' dir='ltr'>&#39;et</span> <span class='ocrx_word' id='word_1_850' title='bbox 3318 5073 3605 5138; x_wconf 59' lang='lat' dir='ltr'>ﬁndicem</span> <span class='ocrx_word' id='word_1_851' title='bbox 3633 5086 3753 5140; x_wconf 79' lang='lat' dir='ltr'>exi-</span> 
     </span>
    </p>
   </div>
   <div class='ocr_carea' id='block_1_114' title="bbox 2111 5144 3748 5226">
    <p class='ocr_par' dir='ltr' id='par_1_114' title="bbox 2111 5144 3748 5226">
     <span class='ocr_line' id='line_1_114' title="bbox 2111 5144 3748 5226; baseline 0.009 -27"><span class='ocrx_word' id='word_1_852' title='bbox 2111 5144 2430 5226; x_wconf 72' lang='lat' dir='ltr'>stimabant</span> <span class='ocrx_word' id='word_1_853' title='bbox 2464 5164 2506 5226; x_wconf 80' lang='lat'>:_</span> <span class='ocrx_word' id='word_1_854' title='bbox 2527 5146 2810 5226; x_wconf 77' lang='lat' dir='ltr'>jurabant</span> <span class='ocrx_word' id='word_1_855' title='bbox 2852 5144 2962 5226; x_wconf 79' lang='lat' dir='ltr'>per</span> <span class='ocrx_word' id='word_1_856' title='bbox 3019 5165 3298 5226; x_wconf 18' lang='lat' dir='ltr'>mensam”</span> <span class='ocrx_word' id='word_1_857' title='bbox 3339 5152 3691 5226; x_wconf 82' lang='lat' dir='ltr'>hospitalem</span> <span class='ocrx_word' id='word_1_858' title='bbox 3722 5173 3748 5225; x_wconf 63' lang='grc' dir='ltr'><strong>ς</strong></span> 
     </span>
    </p>
   </div>
   <div class='ocr_carea' id='block_1_115' title="bbox 2107 5215 3748 5296">
    <p class='ocr_par' dir='ltr' id='par_1_115' title="bbox 2107 5215 3748 5296">
     <span class='ocr_line' id='line_1_115' title="bbox 2107 5215 3748 5296; baseline 0.007 -25"><span class='ocrx_word' id='word_1_859' title='bbox 2107 5215 2240 5272; x_wconf 86' lang='lat' dir='ltr'>etsi</span> <span class='ocrx_word' id='word_1_860' title='bbox 2303 5215 2781 5296; x_wconf 81' lang='lat' dir='ltr'>qu_is_hospites_</span> <span class='ocrx_word' id='word_1_861' title='bbox 2811 5215 2986 5296; x_wconf 68' lang='lat' dir='ltr'>atque</span> <span class='ocrx_word' id='word_1_862' title='bbox 3037 5224 3397 5296; x_wconf 66' lang='grc' dir='ltr'>ομοτρᾳπέζους</span> <span class='ocrx_word' id='word_1_863' title='bbox 3452 5215 3748 5296; x_wconf 63' lang='lat' dir='ltr'>violasset,</span> 
     </span>
    </p>
   </div>
   <div class='ocr_carea' id='block_1_116' title="bbox 2109 5287 3754 5365">
    <p class='ocr_par' dir='ltr' id='par_1_116' title="bbox 2109 5287 3754 5365">
     <span class='ocr_line' id='line_1_116' title="bbox 2109 5287 3754 5365; baseline 0.009 -24"><span class='ocrx_word' id='word_1_864' title='bbox 2109 5303 2222 5365; x_wconf 75' lang='lat' dir='ltr'>nep</span> <span class='ocrx_word' id='word_1_865' title='bbox 2244 5288 2430 5365; x_wconf 89' lang='lat' dir='ltr'>_modo</span> <span class='ocrx_word' id='word_1_866' title='bbox 2463 5287 2586 5365; x_wconf 81' lang='lat' dir='ltr'>ipse</span> <span class='ocrx_word' id='word_1_867' title='bbox 2607 5287 2941 5365; x_wconf 80' lang='lat' dir='ltr'>habebatur</span> <span class='ocrx_word' id='word_1_868' title='bbox 2967 5295 3359 5365; x_wconf 85' lang='lat' dir='ltr'>exsecrabilis,</span> <span class='ocrx_word' id='word_1_869' title='bbox 3394 5297 3492 5353; x_wconf 89' lang='lat' dir='ltr'>sed</span> <span class='ocrx_word' id='word_1_870' title='bbox 3527 5299 3583 5353; x_wconf 89' lang='lat' dir='ltr'>et</span> <span class='ocrx_word' id='word_1_871' title='bbox 3601 5287 3754 5356; x_wconf 70' lang='lat' dir='ltr'>aedes</span> 
     </span>
    </p>
   </div>
   <div class='ocr_carea' id='block_1_117' title="bbox 2112 5358 3754 5439">
    <p class='ocr_par' dir='ltr' id='par_1_117' title="bbox 2112 5358 3754 5439">
     <span class='ocr_line' id='line_1_117' title="bbox 2112 5358 3754 5439; baseline 0.01 -29"><span class='ocrx_word' id='word_1_872' title='bbox 2112 5358 2210 5439; x_wconf 77' lang='lat' dir='ltr'>ubi</span> <span class='ocrx_word' id='word_1_873' title='bbox 2244 5358 2351 5439; x_wconf 73' lang='lat' dir='ltr'>hoc</span> <span class='ocrx_word' id='word_1_874' title='bbox 2381 5358 2616 5439; x_wconf 66' lang='lat' dir='ltr'>sceleris</span> <span class='ocrx_word' id='word_1_875' title='bbox 2643 5364 2941 5439; x_wconf 76' lang='lat' dir='ltr'>patratum</span> <span class='ocrx_word' id='word_1_876' title='bbox 2973 5369 3148 5432; x_wconf 86' lang='lat' dir='ltr'>esset,</span> <span class='ocrx_word' id='word_1_877' title='bbox 3178 5358 3456 5439; x_wconf 86' lang='lat' dir='ltr'>tanquam</span> <span class='ocrx_word' id='word_1_878' title='bbox 3491 5369 3754 5438; x_wconf 66' lang='lat' dir='ltr'>funeste,</span> 
     </span>
    </p>
   </div>
   <div class='ocr_carea' id='block_1_118' title="bbox 2110 5429 3754 5500">
    <p class='ocr_par' dir='ltr' id='par_1_118' title="bbox 2110 5429 3754 5500">
     <span class='ocr_line' id='line_1_118' title="bbox 2110 5429 3754 5500; baseline 0.01 -16"><span class='ocrx_word' id='word_1_879' title='bbox 2110 5429 2406 5484; x_wconf 89' lang='lat' dir='ltr'>interdum</span> <span class='ocrx_word' id='word_1_880' title='bbox 2436 5429 2865 5487; x_wconf 84' lang='lat' dir='ltr'>habitatoribus</span> <span class='ocrx_word' id='word_1_881' title='bbox 2896 5429 3144 5490; x_wconf 79' lang='lat' dir='ltr'>desertae</span> <span class='ocrx_word' id='word_1_882' title='bbox 3164 5429 3565 5499; x_wconf 76' lang='lat' dir='ltr'>remanebant.</span> <span class='ocrx_word' id='word_1_883' title='bbox 3608 5429 3754 5500; x_wconf 60' lang='lat' dir='ltr'>Vidi</span> 
     </span>
    </p>
   </div>
   <div class='ocr_carea' id='block_1_119' title="bbox 2110 5501 3272 5583">
    <p class='ocr_par' dir='ltr' id='par_1_119' title="bbox 2110 5501 3272 5583">
     <span class='ocr_line' id='line_1_119' title="bbox 2110 5501 3272 5583; baseline 0.008 -26"><span class='ocrx_word' id='word_1_884' title='bbox 2110 5501 2434 5574; x_wconf 81' lang='lat' dir='ltr'>Strukium,</span> <span class='ocrx_word' id='word_1_885' title='bbox 2465 5502 2589 5558; x_wconf 81' lang='lat' dir='ltr'>Ant.</span> <span class='ocrx_word' id='word_1_886' title='bbox 2621 5504 2831 5560; x_wconf 76' lang='grc' dir='ltr'>σοηυιύ.</span> <span class='ocrx_word' id='word_1_887' title='bbox 2856 5502 2956 5564; x_wconf 91' lang='lat' dir='ltr'>lib.</span> <span class='ocrx_word' id='word_1_888' title='bbox 2990 5523 3032 5576; x_wconf 80' lang='grc' dir='ltr'>ι,</span> <span class='ocrx_word' id='word_1_889' title='bbox 3061 5522 3188 5583; x_wconf 89' lang='lat' dir='ltr'>cap.</span> <span class='ocrx_word' id='word_1_890' title='bbox 3219 5511 3272 5567; x_wconf 92' lang='lat'>3.</span> 
     </span>
    </p>
   </div>
   <div class='ocr_carea' id='block_1_120' title="bbox 3359 5710 3437 5799">
    <p class='ocr_par' dir='ltr' id='par_1_120' title="bbox 3359 5710 3437 5799">
     <span class='ocr_line' id='line_1_120' title="bbox 3359 5710 3437 5799; baseline -0.128 0"><span class='ocrx_word' id='word_1_891' title='bbox 3359 5710 3437 5799; x_wconf 62' lang='grc' dir='ltr'>ἕο</span> 
     </span>
    </p>
   </div>
  </div>
