  <div class='ocr_page' id='page_1' title='image "/cluster/home/n/w/nwhite01/storage/ocr_20150623/14/hvd.32044048207138/571.png"; bbox 0 0 4112 6190; ppageno 0'>
   <div class='ocr_carea' id='block_1_1' title="bbox 485 286 632 349">
    <p class='ocr_par' dir='ltr' id='par_1_1' title="bbox 485 286 632 349">
     <span class='ocr_line' id='line_1_1' title="bbox 485 286 632 349; baseline 0 0"><span class='ocrx_word' id='word_1_1' title='bbox 485 286 632 349; x_wconf 88' lang='grc'><strong>1131</strong></span> 
     </span>
    </p>
   </div>
   <div class='ocr_carea' id='block_1_2' title="bbox 1947 279 2430 348">
    <p class='ocr_par' dir='ltr' id='par_1_2' title="bbox 1947 279 2430 348">
     <span class='ocr_line' id='line_1_2' title="bbox 1947 279 2430 348; baseline -0.002 -1"><span class='ocrx_word' id='word_1_2' title='bbox 1947 280 2012 347; x_wconf 88' lang='lat' dir='ltr'>S.</span> <span class='ocrx_word' id='word_1_3' title='bbox 2056 279 2430 348; x_wconf 80' lang='lat' dir='ltr'>AMBROSII</span> 
     </span>
    </p>
   </div>
   <div class='ocr_carea' id='block_1_3' title="bbox 3662 278 3789 355">
    <p class='ocr_par' dir='ltr' id='par_1_3' title="bbox 3662 278 3789 355">
     <span class='ocr_line' id='line_1_3' title="bbox 3662 278 3789 355; baseline 0.047 -5"><span class='ocrx_word' id='word_1_4' title='bbox 3662 278 3789 355; x_wconf 64' lang='lat' dir='ltr'>me?</span> 
     </span>
    </p>
   </div>
   <div class='ocr_carea' id='block_1_4' title="bbox 483 412 3773 493">
    <p class='ocr_par' dir='ltr' id='par_1_4' title="bbox 483 412 3773 493">
     <span class='ocr_line' id='line_1_4' title="bbox 483 412 3773 493; baseline 0.001 -20"><span class='ocrx_word' id='word_1_5' title='bbox 483 419 670 487; x_wconf 88' lang='lat' dir='ltr'>lavet;</span> <span class='ocrx_word' id='word_1_6' title='bbox 700 417 802 474; x_wconf 89' lang='lat' dir='ltr'>sed</span> <span class='ocrx_word' id='word_1_7' title='bbox 832 419 921 472; x_wconf 91' lang='lat' dir='ltr'>est</span> <span class='ocrx_word' id='word_1_8' title='bbox 951 415 1210 472; x_wconf 89' lang='lat' dir='ltr'>mundus</span> <span class='ocrx_word' id='word_1_9' title='bbox 1241 420 1398 472; x_wconf 90' lang='lat' dir='ltr'>totus</span> <span class='ocrx_word' id='word_1_10' title='bbox 1430 417 1605 487; x_wconf 86' lang='lat' dir='ltr'>(Joan.</span> <span class='ocrx_word' id='word_1_11' title='bbox 1640 433 1760 486; x_wconf 85' lang='lat' dir='ltr'>xm,</span> <span class='ocrx_word' id='word_1_12' title='bbox 1808 418 1913 487; x_wconf 87' lang='grc'><strong>10).</strong></span> <span class='ocrx_word' id='word_1_13' title='bbox 1954 440 1979 465; x_wconf 83' lang='grc'><strong>))</strong></span> <span class='ocrx_word' id='word_1_14' title='bbox 2010 417 2121 472; x_wconf 86' lang='lat' dir='ltr'>Sed</span> <span class='ocrx_word' id='word_1_15' title='bbox 2152 419 2207 484; x_wconf 78' lang='grc' dir='ltr'>Α</span> <span class='ocrx_word' id='word_1_16' title='bbox 2235 417 2455 472; x_wconf 88' lang='lat' dir='ltr'>dictum</span> <span class='ocrx_word' id='word_1_17' title='bbox 2479 420 2602 473; x_wconf 78' lang='lat' dir='ltr'>est:</span> <span class='ocrx_word' id='word_1_18' title='bbox 2633 436 2653 463; x_wconf 76' lang='grc' dir='ltr'><strong><em>α</em></strong></span> <span class='ocrx_word' id='word_1_19' title='bbox 2680 412 2982 488; x_wconf 81' lang='lat' dir='ltr'>Equitatus</span> <span class='ocrx_word' id='word_1_20' title='bbox 3004 418 3142 472; x_wconf 92' lang='lat' dir='ltr'>tuus</span> <span class='ocrx_word' id='word_1_21' title='bbox 3159 414 3368 487; x_wconf 83' lang='lat' dir='ltr'>(Habac.</span> <span class='ocrx_word' id='word_1_22' title='bbox 3393 433 3470 486; x_wconf 85' lang='lat' dir='ltr'>IIl,</span> <span class='ocrx_word' id='word_1_23' title='bbox 3495 419 3543 490; x_wconf 91' lang='lat'>8)</span> <span class='ocrx_word' id='word_1_24' title='bbox 3566 441 3577 486; x_wconf 76' lang='lat'>,</span> <span class='ocrx_word' id='word_1_25' title='bbox 3600 443 3621 468; x_wconf 83' lang='lat'><strong>»</strong></span> <span class='ocrx_word' id='word_1_26' title='bbox 3661 426 3773 493; x_wconf 86' lang='lat' dir='ltr'>quod</span> 
     </span>
    </p>
   </div>
   <div class='ocr_carea' id='block_1_5' title="bbox 483 505 2129 579">
    <p class='ocr_par' dir='ltr' id='par_1_5' title="bbox 483 505 2129 579">
     <span class='ocr_line' id='line_1_5' title="bbox 483 505 2129 579; baseline -0.002 -17"><span class='ocrx_word' id='word_1_27' title='bbox 483 507 638 579; x_wconf 88' lang='lat' dir='ltr'>quod</span> <span class='ocrx_word' id='word_1_28' title='bbox 669 505 808 562; x_wconf 82' lang='lat' dir='ltr'>lavit</span> <span class='ocrx_word' id='word_1_29' title='bbox 836 505 1045 577; x_wconf 91' lang='lat' dir='ltr'>gratia,</span> <span class='ocrx_word' id='word_1_30' title='bbox 1081 505 1488 578; x_wconf 82' lang='lat' dir='ltr'>inquinaverat</span> <span class='ocrx_word' id='word_1_31' title='bbox 1518 505 1779 578; x_wconf 90' lang='lat' dir='ltr'>perﬁdia.</span> <span class='ocrx_word' id='word_1_32' title='bbox 1821 505 2004 560; x_wconf 87' lang='lat' dir='ltr'>Judas</span> <span class='ocrx_word' id='word_1_33' title='bbox 2034 521 2129 561; x_wconf 83' lang='lat' dir='ltr'>er-</span> 
     </span>
    </p>
   </div>
   <div class='ocr_carea' id='block_1_6' title="bbox 480 593 2131 668">
    <p class='ocr_par' dir='ltr' id='par_1_6' title="bbox 480 593 2131 668">
     <span class='ocr_line' id='line_1_6' title="bbox 480 593 2131 668; baseline -0.001 -18"><span class='ocrx_word' id='word_1_34' title='bbox 480 612 553 668; x_wconf 90' lang='lat' dir='ltr'>go</span> <span class='ocrx_word' id='word_1_35' title='bbox 577 594 921 651; x_wconf 89' lang='lat' dir='ltr'>calcaneum</span> <span class='ocrx_word' id='word_1_36' title='bbox 951 593 1162 650; x_wconf 84' lang='lat' dir='ltr'>levavit</span> <span class='ocrx_word' id='word_1_37' title='bbox 1193 595 1264 650; x_wconf 91' lang='lat' dir='ltr'>ad</span> <span class='ocrx_word' id='word_1_38' title='bbox 1308 594 1542 651; x_wconf 83' lang='lat' dir='ltr'>vulnus.</span> <span class='ocrx_word' id='word_1_39' title='bbox 1574 594 1719 650; x_wconf 80' lang='lat' dir='ltr'>Vere</span> <span class='ocrx_word' id='word_1_40' title='bbox 1775 610 1890 649; x_wconf 93' lang='lat' dir='ltr'>non</span> <span class='ocrx_word' id='word_1_41' title='bbox 1944 593 2131 649; x_wconf 82' lang='lat' dir='ltr'>tenuit</span> 
     </span>
    </p>
   </div>
   <div class='ocr_carea' id='block_1_7' title="bbox 480 681 2123 756">
    <p class='ocr_par' dir='ltr' id='par_1_7' title="bbox 480 681 2123 756">
     <span class='ocr_line' id='line_1_7' title="bbox 480 681 2123 756; baseline -0.002 -16"><span class='ocrx_word' id='word_1_42' title='bbox 480 687 678 756; x_wconf 78' lang='lat' dir='ltr'>caput,</span> <span class='ocrx_word' id='word_1_43' title='bbox 740 683 841 756; x_wconf 89' lang='lat' dir='ltr'>qui</span> <span class='ocrx_word' id='word_1_44' title='bbox 900 681 1239 754; x_wconf 88' lang='lat' dir='ltr'>calcaneum</span> <span class='ocrx_word' id='word_1_45' title='bbox 1299 700 1477 755; x_wconf 84' lang='lat' dir='ltr'>super</span> <span class='ocrx_word' id='word_1_46' title='bbox 1531 682 1828 739; x_wconf 81' lang='lat' dir='ltr'>Christum</span> <span class='ocrx_word' id='word_1_47' title='bbox 1899 681 2123 737; x_wconf 91' lang='lat' dir='ltr'>levavit.</span> 
     </span>
    </p>
   </div>
   <div class='ocr_carea' id='block_1_8' title="bbox 476 771 2131 845">
    <p class='ocr_par' dir='ltr' id='par_1_8' title="bbox 476 771 2131 845">
     <span class='ocr_line' id='line_1_8' title="bbox 476 771 2131 845; baseline -0.002 -16"><span class='ocrx_word' id='word_1_48' title='bbox 476 773 665 830; x_wconf 85' lang='lat' dir='ltr'>Adam</span> <span class='ocrx_word' id='word_1_49' title='bbox 696 789 876 845; x_wconf 85' lang='lat' dir='ltr'><strong>super</strong></span> <span class='ocrx_word' id='word_1_50' title='bbox 914 790 975 828; x_wconf 90' lang='lat' dir='ltr'>se</span> <span class='ocrx_word' id='word_1_51' title='bbox 1031 772 1259 837; x_wconf 85' lang='lat' dir='ltr'>levavit,</span> <span class='ocrx_word' id='word_1_52' title='bbox 1295 773 1388 827; x_wconf 90' lang='lat' dir='ltr'>hic</span> <span class='ocrx_word' id='word_1_53' title='bbox 1444 790 1622 844; x_wconf 93' lang='lat' dir='ltr'>super</span> <span class='ocrx_word' id='word_1_54' title='bbox 1671 771 1967 826; x_wconf 85' lang='lat' dir='ltr'>Christum</span> <span class='ocrx_word' id='word_1_55' title='bbox 2003 789 2015 838; x_wconf 91' lang='lat'>;</span> <span class='ocrx_word' id='word_1_56' title='bbox 2075 775 2131 826; x_wconf 90' lang='lat' dir='ltr'>et</span> 
     </span>
    </p>
   </div>
   <div class='ocr_carea' id='block_1_9' title="bbox 479 859 2123 934">
    <p class='ocr_par' dir='ltr' id='par_1_9' title="bbox 479 859 2123 934">
     <span class='ocr_line' id='line_1_9' title="bbox 479 859 2123 934; baseline -0.001 -17"><span class='ocrx_word' id='word_1_57' title='bbox 479 862 610 918; x_wconf 90' lang='lat' dir='ltr'>ideo</span> <span class='ocrx_word' id='word_1_58' title='bbox 639 877 774 917; x_wconf 90' lang='lat' dir='ltr'>eum</span> <span class='ocrx_word' id='word_1_59' title='bbox 803 878 1042 934; x_wconf 88' lang='lat' dir='ltr'>serpens</span> <span class='ocrx_word' id='word_1_60' title='bbox 1065 861 1300 932; x_wconf 84' lang='lat' dir='ltr'>gravius</span> <span class='ocrx_word' id='word_1_61' title='bbox 1322 878 1497 932; x_wconf 92' lang='lat' dir='ltr'>quam</span> <span class='ocrx_word' id='word_1_62' title='bbox 1521 867 1757 916; x_wconf 75' lang='lat' dir='ltr'>czeteros</span> <span class='ocrx_word' id='word_1_63' title='bbox 1781 859 2123 915; x_wconf 85' lang='lat' dir='ltr'>vulneravit.</span> 
     </span>
    </p>
   </div>
   <div class='ocr_carea' id='block_1_10' title="bbox 481 949 2128 1022">
    <p class='ocr_par' dir='ltr' id='par_1_10' title="bbox 481 949 2128 1022">
     <span class='ocr_line' id='line_1_10' title="bbox 481 949 2128 1022; baseline -0.002 -15"><span class='ocrx_word' id='word_1_64' title='bbox 481 950 715 1007; x_wconf 89' lang='lat' dir='ltr'>Levavit</span> <span class='ocrx_word' id='word_1_65' title='bbox 730 949 1064 1006; x_wconf 86' lang='lat' dir='ltr'>calcaneum</span> <span class='ocrx_word' id='word_1_66' title='bbox 1087 951 1388 1022; x_wconf 89' lang='lat' dir='ltr'>suum,qui</span> <span class='ocrx_word' id='word_1_67' title='bbox 1410 949 1845 1005; x_wconf 88' lang='lat' dir='ltr'>fraudulentum</span> <span class='ocrx_word' id='word_1_68' title='bbox 1863 949 2128 1005; x_wconf 82' lang='lat' dir='ltr'>osculum</span> 
     </span>
    </p>
   </div>
   <div class='ocr_carea' id='block_1_11' title="bbox 481 1037 2131 1111">
    <p class='ocr_par' dir='ltr' id='par_1_11' title="bbox 481 1037 2131 1111">
     <span class='ocr_line' id='line_1_11' title="bbox 481 1037 2131 1111; baseline 0 -17"><span class='ocrx_word' id='word_1_69' title='bbox 481 1037 838 1111; x_wconf 84' lang='lat' dir='ltr'>porrigebat,</span> <span class='ocrx_word' id='word_1_70' title='bbox 872 1055 987 1108; x_wconf 91' lang='lat' dir='ltr'>quo</span> <span class='ocrx_word' id='word_1_71' title='bbox 1019 1039 1422 1110; x_wconf 82' lang='lat' dir='ltr'>supplantaret</span> <span class='ocrx_word' id='word_1_72' title='bbox 1477 1043 1773 1094; x_wconf 85' lang='lat' dir='ltr'>auctorem</span> <span class='ocrx_word' id='word_1_73' title='bbox 1809 1057 1821 1106; x_wconf 92' lang='lat'><strong>;</strong></span> <span class='ocrx_word' id='word_1_74' title='bbox 1884 1039 2131 1110; x_wconf 86' lang='lat' dir='ltr'>ideoque</span> 
     </span>
    </p>
   </div>
   <div class='ocr_carea' id='block_1_12' title="bbox 481 1127 2130 1200">
    <p class='ocr_par' dir='ltr' id='par_1_12' title="bbox 481 1127 2130 1200">
     <span class='ocr_line' id='line_1_12' title="bbox 481 1127 2130 1200; baseline -0.001 -16"><span class='ocrx_word' id='word_1_75' title='bbox 481 1127 768 1198; x_wconf 88' lang='lat' dir='ltr'>scriptum</span> <span class='ocrx_word' id='word_1_76' title='bbox 800 1130 889 1183; x_wconf 88' lang='lat' dir='ltr'>est</span> <span class='ocrx_word' id='word_1_77' title='bbox 919 1128 977 1181; x_wconf 90' lang='lat' dir='ltr'>in</span> <span class='ocrx_word' id='word_1_78' title='bbox 1008 1127 1298 1200; x_wconf 88' lang='lat' dir='ltr'>Propheta</span> <span class='ocrx_word' id='word_1_79' title='bbox 1338 1145 1350 1183; x_wconf 76' lang='grc' dir='ltr'>ε</span> <span class='ocrx_word' id='word_1_80' title='bbox 1410 1151 1436 1177; x_wconf 90' lang='grc'>‹‹</span> <span class='ocrx_word' id='word_1_81' title='bbox 1471 1127 1788 1198; x_wconf 89' lang='lat' dir='ltr'>Ampliavit</span> <span class='ocrx_word' id='word_1_82' title='bbox 1832 1144 2008 1199; x_wconf 91' lang='lat' dir='ltr'>super</span> <span class='ocrx_word' id='word_1_83' title='bbox 2039 1144 2130 1183; x_wconf 89' lang='lat' dir='ltr'>me</span> 
     </span>
    </p>
   </div>
   <div class='ocr_carea' id='block_1_13' title="bbox 483 1215 2128 1288">
    <p class='ocr_par' dir='ltr' id='par_1_13' title="bbox 483 1215 2128 1288">
     <span class='ocr_line' id='line_1_13' title="bbox 483 1215 2128 1288; baseline 0 -16"><span class='ocrx_word' id='word_1_84' title='bbox 483 1215 1040 1288; x_wconf 84' lang='lat' dir='ltr'>supplantationem.</span> <span class='ocrx_word' id='word_1_85' title='bbox 1074 1235 1106 1267; x_wconf 71' lang='grc' dir='ltr'>ι</span> <span class='ocrx_word' id='word_1_86' title='bbox 1132 1217 1284 1272; x_wconf 88' lang='lat' dir='ltr'>Esau</span> <span class='ocrx_word' id='word_1_87' title='bbox 1317 1233 1549 1288; x_wconf 87' lang='lat' dir='ltr'>quoque</span> <span class='ocrx_word' id='word_1_88' title='bbox 1581 1217 1661 1270; x_wconf 86' lang='lat' dir='ltr'>ait</span> <span class='ocrx_word' id='word_1_89' title='bbox 1691 1216 1761 1271; x_wconf 90' lang='lat' dir='ltr'>de</span> <span class='ocrx_word' id='word_1_90' title='bbox 1794 1217 1970 1272; x_wconf 90' lang='lat' dir='ltr'>fratre</span> <span class='ocrx_word' id='word_1_91' title='bbox 2000 1233 2128 1272; x_wconf 88' lang='lat' dir='ltr'>suo:</span> 
     </span>
    </p>
   </div>
   <div class='ocr_carea' id='block_1_14' title="bbox 485 1303 2131 1376">
    <p class='ocr_par' dir='ltr' id='par_1_14' title="bbox 485 1303 2131 1376">
     <span class='ocr_line' id='line_1_14' title="bbox 485 1303 2131 1376; baseline 0.001 -18"><span class='ocrx_word' id='word_1_92' title='bbox 485 1303 644 1360; x_wconf 83' lang='lat' dir='ltr'>«&#39;Bis</span> <span class='ocrx_word' id='word_1_93' title='bbox 676 1305 914 1373; x_wconf 89' lang='lat' dir='ltr'>mejam</span> <span class='ocrx_word' id='word_1_94' title='bbox 947 1305 1346 1376; x_wconf 87' lang='lat' dir='ltr'>supplantavit</span> <span class='ocrx_word' id='word_1_95' title='bbox 1377 1305 1528 1376; x_wconf 81' lang='lat' dir='ltr'>(Gen.</span> <span class='ocrx_word' id='word_1_96' title='bbox 1563 1323 1736 1372; x_wconf 82' lang='lat' dir='ltr'>xxvn,</span> <span class='ocrx_word' id='word_1_97' title='bbox 1789 1306 1902 1376; x_wconf 83' lang='lat'>36).</span> <span class='ocrx_word' id='word_1_98' title='bbox 1937 1327 1964 1354; x_wconf 87' lang='lat'>»</span> <span class='ocrx_word' id='word_1_99' title='bbox 2025 1306 2131 1368; x_wconf 90' lang='lat' dir='ltr'>Qui</span> 
     </span>
    </p>
   </div>
   <div class='ocr_carea' id='block_1_15' title="bbox 486 1391 2130 1465">
    <p class='ocr_par' dir='ltr' id='par_1_15' title="bbox 486 1391 2130 1465">
     <span class='ocr_line' id='line_1_15' title="bbox 486 1391 2130 1465; baseline 0.001 -19"><span class='ocrx_word' id='word_1_100' title='bbox 486 1391 847 1464; x_wconf 87' lang='lat' dir='ltr'>supplantat,</span> <span class='ocrx_word' id='word_1_101' title='bbox 898 1391 1099 1449; x_wconf 87' lang='lat' dir='ltr'>dolum</span> <span class='ocrx_word' id='word_1_102' title='bbox 1129 1393 1287 1462; x_wconf 83' lang='lat' dir='ltr'>facit,</span> <span class='ocrx_word' id='word_1_103' title='bbox 1322 1410 1438 1465; x_wconf 91' lang='lat' dir='ltr'>quo</span> <span class='ocrx_word' id='word_1_104' title='bbox 1491 1394 1889 1449; x_wconf 87' lang='lat' dir='ltr'>adversarium</span> <span class='ocrx_word' id='word_1_105' title='bbox 1947 1393 2130 1460; x_wconf 88' lang='lat' dir='ltr'>elidit,</span> 
     </span>
    </p>
   </div>
   <div class='ocr_carea' id='block_1_16' title="bbox 487 1481 2132 1555">
    <p class='ocr_par' dir='ltr' id='par_1_16' title="bbox 487 1481 2132 1555">
     <span class='ocr_line' id='line_1_16' title="bbox 487 1481 2132 1555; baseline 0 -19"><span class='ocrx_word' id='word_1_106' title='bbox 487 1487 587 1536; x_wconf 90' lang='lat' dir='ltr'>aut</span> <span class='ocrx_word' id='word_1_107' title='bbox 615 1481 898 1538; x_wconf 89' lang='lat' dir='ltr'>vulnerat.</span> <span class='ocrx_word' id='word_1_108' title='bbox 933 1482 1065 1538; x_wconf 89' lang='lat' dir='ltr'>Ideo</span> <span class='ocrx_word' id='word_1_109' title='bbox 1096 1487 1152 1537; x_wconf 93' lang='lat' dir='ltr'>et</span> <span class='ocrx_word' id='word_1_110' title='bbox 1180 1483 1366 1539; x_wconf 90' lang='lat' dir='ltr'>Judas</span> <span class='ocrx_word' id='word_1_111' title='bbox 1404 1481 1814 1555; x_wconf 82' lang='lat' dir='ltr'>supplantasse</span> <span class='ocrx_word' id='word_1_112' title='bbox 1873 1483 2085 1538; x_wconf 89' lang='lat' dir='ltr'>dicitur</span> <span class='ocrx_word' id='word_1_113' title='bbox 2114 1504 2132 1549; x_wconf 88' lang='lat'>,-</span> 
     </span>
    </p>
   </div>
   <div class='ocr_carea' id='block_1_17' title="bbox 484 1569 2134 1642">
    <p class='ocr_par' dir='ltr' id='par_1_17' title="bbox 484 1569 2134 1642">
     <span class='ocr_line' id='line_1_17' title="bbox 484 1569 2134 1642; baseline 0.001 -18"><span class='ocrx_word' id='word_1_114' title='bbox 484 1570 622 1641; x_wconf 90' lang='lat' dir='ltr'>quia</span> <span class='ocrx_word' id='word_1_115' title='bbox 652 1569 849 1627; x_wconf 92' lang='lat' dir='ltr'>osculo</span> <span class='ocrx_word' id='word_1_116' title='bbox 881 1587 986 1628; x_wconf 91' lang='lat' dir='ltr'>suo</span> <span class='ocrx_word' id='word_1_117' title='bbox 1018 1571 1232 1626; x_wconf 90' lang='lat' dir='ltr'>vulnus</span> <span class='ocrx_word' id='word_1_118' title='bbox 1273 1571 1479 1638; x_wconf 89' lang='lat' dir='ltr'>inﬁxit,</span> <span class='ocrx_word' id='word_1_119' title='bbox 1516 1589 1628 1642; x_wconf 93' lang='lat' dir='ltr'>quo</span> <span class='ocrx_word' id='word_1_120' title='bbox 1671 1571 1980 1626; x_wconf 85' lang='lat' dir='ltr'>invadendi</span> <span class='ocrx_word' id='word_1_121' title='bbox 2009 1571 2134 1627; x_wconf 89' lang='lat' dir='ltr'>Sal-</span> 
     </span>
    </p>
   </div>
   <div class='ocr_carea' id='block_1_18' title="bbox 485 1659 2134 1732">
    <p class='ocr_par' dir='ltr' id='par_1_18' title="bbox 485 1659 2134 1732">
     <span class='ocr_line' id='line_1_18' title="bbox 485 1659 2134 1732; baseline 0.002 -20"><span class='ocrx_word' id='word_1_122' title='bbox 485 1659 699 1715; x_wconf 84' lang='lat' dir='ltr'>vatoris</span> <span class='ocrx_word' id='word_1_123' title='bbox 732 1661 967 1732; x_wconf 89' lang='lat' dir='ltr'>signum</span> <span class='ocrx_word' id='word_1_124' title='bbox 1001 1660 1473 1732; x_wconf 76' lang='lat' dir='ltr'>persecutoribus</span> <span class='ocrx_word' id='word_1_125' title='bbox 1505 1661 1946 1716; x_wconf 85' lang='lat' dir='ltr'>demonstravit.</span> <span class='ocrx_word' id='word_1_126' title='bbox 1979 1662 2134 1732; x_wconf 89' lang='lat' dir='ltr'>Sup-</span> 
     </span>
    </p>
   </div>
   <div class='ocr_carea' id='block_1_19' title="bbox 482 1747 2213 1850">
    <p class='ocr_par' dir='ltr' id='par_1_19' title="bbox 482 1747 2213 1850">
     <span class='ocr_line' id='line_1_19' title="bbox 482 1747 2213 1850; baseline 0.002 -49"><span class='ocrx_word' id='word_1_127' title='bbox 482 1747 767 1820; x_wconf 84' lang='lat' dir='ltr'>plantavit</span> <span class='ocrx_word' id='word_1_128' title='bbox 798 1765 932 1820; x_wconf 89' lang='lat' dir='ltr'>ergo</span> <span class='ocrx_word' id='word_1_129' title='bbox 964 1750 1134 1819; x_wconf 91' lang='lat' dir='ltr'>quasi</span> <span class='ocrx_word' id='word_1_130' title='bbox 1167 1766 1444 1822; x_wconf 88' lang='lat' dir='ltr'>serpens:</span> <span class='ocrx_word' id='word_1_131' title='bbox 1480 1750 1617 1820; x_wconf 87' lang='lat' dir='ltr'>quia</span> <span class='ocrx_word' id='word_1_132' title='bbox 1648 1767 1890 1822; x_wconf 89' lang='lat' dir='ltr'>serpens</span> <span class='ocrx_word' id='word_1_133' title='bbox 1911 1767 2016 1804; x_wconf 89' lang='lat' dir='ltr'>suo</span> <span class='ocrx_word' id='word_1_134' title='bbox 2039 1766 2135 1804; x_wconf 91' lang='lat' dir='ltr'>ore</span> <span class='ocrx_word' id='word_1_135' title='bbox 2166 1785 2213 1850; x_wconf 81' lang='grc' dir='ltr'><strong>Β</strong></span> 
     </span>
    </p>
   </div>
   <div class='ocr_carea' id='block_1_20' title="bbox 485 1837 2132 1905">
    <p class='ocr_par' dir='ltr' id='par_1_20' title="bbox 485 1837 2132 1905">
     <span class='ocr_line' id='line_1_20' title="bbox 485 1837 2132 1905; baseline 0 -13"><span class='ocrx_word' id='word_1_136' title='bbox 485 1853 776 1894; x_wconf 87' lang='lat' dir='ltr'>venenum</span> <span class='ocrx_word' id='word_1_137' title='bbox 809 1837 1085 1905; x_wconf 79' lang='lat' dir='ltr'>infundit,</span> <span class='ocrx_word' id='word_1_138' title='bbox 1118 1842 1175 1894; x_wconf 92' lang='lat' dir='ltr'>et</span> <span class='ocrx_word' id='word_1_139' title='bbox 1225 1837 1490 1893; x_wconf 88' lang='lat' dir='ltr'>vulnerat</span> <span class='ocrx_word' id='word_1_140' title='bbox 1522 1839 1691 1894; x_wconf 88' lang='lat' dir='ltr'>dente</span> <span class='ocrx_word' id='word_1_141' title='bbox 1746 1838 2081 1894; x_wconf 88' lang='lat' dir='ltr'>calcaneum</span> <span class='ocrx_word' id='word_1_142' title='bbox 2119 1857 2132 1905; x_wconf 90' lang='lat'><strong>;</strong></span> 
     </span>
    </p>
   </div>
   <div class='ocr_carea' id='block_1_21' title="bbox 490 1925 2136 2000">
    <p class='ocr_par' dir='ltr' id='par_1_21' title="bbox 490 1925 2136 2000">
     <span class='ocr_line' id='line_1_21' title="bbox 490 1925 2136 2000; baseline 0.001 -19"><span class='ocrx_word' id='word_1_143' title='bbox 490 1932 546 1982; x_wconf 85' lang='lat' dir='ltr'>et</span> <span class='ocrx_word' id='word_1_144' title='bbox 577 1926 670 1982; x_wconf 90' lang='lat' dir='ltr'>hic</span> <span class='ocrx_word' id='word_1_145' title='bbox 701 1925 856 1983; x_wconf 90' lang='lat' dir='ltr'>enim</span> <span class='ocrx_word' id='word_1_146' title='bbox 890 1944 1006 1983; x_wconf 91' lang='lat' dir='ltr'>non</span> <span class='ocrx_word' id='word_1_147' title='bbox 1038 1927 1403 1984; x_wconf 88' lang='lat' dir='ltr'>divinitatem</span> <span class='ocrx_word' id='word_1_148' title='bbox 1447 1927 1682 1996; x_wconf 87' lang='lat' dir='ltr'>Christi,</span> <span class='ocrx_word' id='word_1_149' title='bbox 1718 1928 1817 1984; x_wconf 91' lang='lat' dir='ltr'>sed</span> <span class='ocrx_word' id='word_1_150' title='bbox 1878 1928 2136 2000; x_wconf 90' lang='lat' dir='ltr'>corporis</span> 
     </span>
    </p>
   </div>
   <div class='ocr_carea' id='block_1_22' title="bbox 488 2015 2139 2073">
    <p class='ocr_par' dir='ltr' id='par_1_22' title="bbox 488 2015 2139 2073">
     <span class='ocr_line' id='line_1_22' title="bbox 488 2015 2139 2073; baseline 0 -3"><span class='ocrx_word' id='word_1_151' title='bbox 488 2019 812 2072; x_wconf 85' lang='lat' dir='ltr'>extremum</span> <span class='ocrx_word' id='word_1_152' title='bbox 843 2015 1180 2073; x_wconf 89' lang='lat' dir='ltr'>calcaneum</span> <span class='ocrx_word' id='word_1_153' title='bbox 1211 2016 1553 2072; x_wconf 89' lang='lat' dir='ltr'>vulneravit.</span> <span class='ocrx_word' id='word_1_154' title='bbox 1585 2017 1812 2073; x_wconf 90' lang='lat' dir='ltr'>Levavit</span> <span class='ocrx_word' id='word_1_155' title='bbox 1842 2017 2017 2073; x_wconf 89' lang='lat' dir='ltr'>etiam</span> <span class='ocrx_word' id='word_1_156' title='bbox 2041 2016 2139 2071; x_wconf 87' lang='lat' dir='ltr'>Ju-</span> 
     </span>
    </p>
   </div>
   <div class='ocr_carea' id='block_1_23' title="bbox 489 2105 2138 2178">
    <p class='ocr_par' dir='ltr' id='par_1_23' title="bbox 489 2105 2138 2178">
     <span class='ocr_line' id='line_1_23' title="bbox 489 2105 2138 2178; baseline 0.001 -19"><span class='ocrx_word' id='word_1_157' title='bbox 489 2105 596 2160; x_wconf 82' lang='lat' dir='ltr'>das</span> <span class='ocrx_word' id='word_1_158' title='bbox 633 2105 970 2162; x_wconf 90' lang='lat' dir='ltr'>calcaneum</span> <span class='ocrx_word' id='word_1_159' title='bbox 1003 2108 1173 2178; x_wconf 89' lang='lat' dir='ltr'>quasi</span> <span class='ocrx_word' id='word_1_160' title='bbox 1206 2106 1454 2162; x_wconf 88' lang='lat' dir='ltr'>luctator</span> <span class='ocrx_word' id='word_1_161' title='bbox 1479 2105 1734 2160; x_wconf 88' lang='lat' dir='ltr'>insolens</span> <span class='ocrx_word' id='word_1_162' title='bbox 1766 2110 1821 2160; x_wconf 89' lang='lat' dir='ltr'>et</span> <span class='ocrx_word' id='word_1_163' title='bbox 1849 2106 2138 2176; x_wconf 90' lang='lat' dir='ltr'>superbus</span> 
     </span>
    </p>
   </div>
   <div class='ocr_carea' id='block_1_24' title="bbox 492 2191 2141 2264">
    <p class='ocr_par' dir='ltr' id='par_1_24' title="bbox 492 2191 2141 2264">
     <span class='ocr_line' id='line_1_24' title="bbox 492 2191 2141 2264; baseline 0.002 -19"><span class='ocrx_word' id='word_1_164' title='bbox 492 2191 552 2245; x_wconf 92' lang='lat' dir='ltr'>in</span> <span class='ocrx_word' id='word_1_165' title='bbox 595 2207 710 2262; x_wconf 91' lang='lat' dir='ltr'>quo</span> <span class='ocrx_word' id='word_1_166' title='bbox 769 2198 945 2263; x_wconf 89' lang='lat' dir='ltr'>caput</span> <span class='ocrx_word' id='word_1_167' title='bbox 998 2198 1330 2264; x_wconf 86' lang='lat' dir='ltr'>percuteret</span> <span class='ocrx_word' id='word_1_168' title='bbox 1385 2193 1744 2248; x_wconf 87' lang='lat' dir='ltr'>Salvatoris:</span> <span class='ocrx_word' id='word_1_169' title='bbox 1808 2194 1909 2247; x_wconf 78' lang='lat' dir='ltr'>sed</span> <span class='ocrx_word' id='word_1_170' title='bbox 1967 2197 2141 2264; x_wconf 89' lang='lat' dir='ltr'>caput</span> 
     </span>
    </p>
   </div>
   <div class='ocr_carea' id='block_1_25' title="bbox 493 2277 2137 2352">
    <p class='ocr_par' dir='ltr' id='par_1_25' title="bbox 493 2277 2137 2352">
     <span class='ocr_line' id='line_1_25' title="bbox 493 2277 2137 2352; baseline 0.002 -18"><span class='ocrx_word' id='word_1_171' title='bbox 493 2277 708 2336; x_wconf 87' lang='lat' dir='ltr'>Christi</span> <span class='ocrx_word' id='word_1_172' title='bbox 739 2279 911 2336; x_wconf 86' lang='lat' dir='ltr'>ferire</span> <span class='ocrx_word' id='word_1_173' title='bbox 933 2297 1047 2335; x_wconf 91' lang='lat' dir='ltr'>non</span> <span class='ocrx_word' id='word_1_174' title='bbox 1082 2281 1270 2352; x_wconf 90' lang='lat' dir='ltr'>potuit</span> <span class='ocrx_word' id='word_1_175' title='bbox 1302 2298 1314 2336; x_wconf 95' lang='lat'>:</span> <span class='ocrx_word' id='word_1_176' title='bbox 1356 2282 1493 2351; x_wconf 89' lang='lat' dir='ltr'>quia</span> <span class='ocrx_word' id='word_1_177' title='bbox 1515 2287 1689 2352; x_wconf 89' lang='lat' dir='ltr'>caput</span> <span class='ocrx_word' id='word_1_178' title='bbox 1719 2281 1932 2336; x_wconf 85' lang='lat' dir='ltr'>Christi</span> <span class='ocrx_word' id='word_1_179' title='bbox 1965 2281 2137 2349; x_wconf 89' lang='lat' dir='ltr'>Deus,</span> 
     </span>
    </p>
   </div>
   <div class='ocr_carea' id='block_1_26' title="bbox 493 2369 2143 2444">
    <p class='ocr_par' dir='ltr' id='par_1_26' title="bbox 493 2369 2143 2444">
     <span class='ocr_line' id='line_1_26' title="bbox 493 2369 2143 2444; baseline 0.002 -23"><span class='ocrx_word' id='word_1_180' title='bbox 493 2370 679 2422; x_wconf 90' lang='lat' dir='ltr'>Suum</span> <span class='ocrx_word' id='word_1_181' title='bbox 712 2383 853 2424; x_wconf 89' lang='lat' dir='ltr'>sane</span> <span class='ocrx_word' id='word_1_182' title='bbox 885 2373 1062 2440; x_wconf 87' lang='lat' dir='ltr'>caput</span> <span class='ocrx_word' id='word_1_183' title='bbox 1092 2369 1360 2425; x_wconf 87' lang='lat' dir='ltr'>informis</span> <span class='ocrx_word' id='word_1_184' title='bbox 1391 2369 1584 2441; x_wconf 90' lang='lat' dir='ltr'>laquei</span> <span class='ocrx_word' id='word_1_185' title='bbox 1617 2371 1766 2426; x_wconf 92' lang='lat' dir='ltr'>nodo</span> <span class='ocrx_word' id='word_1_186' title='bbox 1825 2370 2043 2444; x_wconf 83' lang='lat' dir='ltr'>ligavit,</span> <span class='ocrx_word' id='word_1_187' title='bbox 2079 2374 2143 2425; x_wconf 91' lang='lat' dir='ltr'>ut</span> 
     </span>
    </p>
   </div>
   <div class='ocr_carea' id='block_1_27' title="bbox 495 2455 1510 2514">
    <p class='ocr_par' dir='ltr' id='par_1_27' title="bbox 495 2455 1510 2514">
     <span class='ocr_line' id='line_1_27' title="bbox 495 2455 1510 2514; baseline 0.002 -4"><span class='ocrx_word' id='word_1_188' title='bbox 495 2455 821 2513; x_wconf 88' lang='lat' dir='ltr'>remedium</span> <span class='ocrx_word' id='word_1_189' title='bbox 851 2456 964 2514; x_wconf 90' lang='lat' dir='ltr'>sibi</span> <span class='ocrx_word' id='word_1_190' title='bbox 997 2457 1206 2514; x_wconf 88' lang='lat' dir='ltr'>salutis</span> <span class='ocrx_word' id='word_1_191' title='bbox 1237 2459 1510 2514; x_wconf 85' lang='lat' dir='ltr'>auferret.</span> 
     </span>
    </p>
   </div>
   <div class='ocr_carea' id='block_1_28' title="bbox 565 2563 2143 2636">
    <p class='ocr_par' dir='ltr' id='par_1_28' title="bbox 565 2563 2143 2636">
     <span class='ocr_line' id='line_1_28' title="bbox 565 2563 2143 2636; baseline 0.004 -20"><span class='ocrx_word' id='word_1_192' title='bbox 565 2563 654 2616; x_wconf 89' lang='lat'>25.</span> <span class='ocrx_word' id='word_1_193' title='bbox 687 2563 833 2618; x_wconf 88' lang='lat' dir='ltr'>Vide</span> <span class='ocrx_word' id='word_1_194' title='bbox 865 2564 914 2619; x_wconf 88' lang='lat' dir='ltr'>si</span> <span class='ocrx_word' id='word_1_195' title='bbox 944 2564 1036 2634; x_wconf 78' lang='lat' dir='ltr'>pie</span> <span class='ocrx_word' id='word_1_196' title='bbox 1069 2569 1234 2636; x_wconf 89' lang='lat' dir='ltr'>potes</span> <span class='ocrx_word' id='word_1_197' title='bbox 1263 2563 1409 2620; x_wconf 91' lang='lat' dir='ltr'>illud</span> <span class='ocrx_word' id='word_1_198' title='bbox 1456 2569 1674 2636; x_wconf 89' lang='lat' dir='ltr'>aptare,</span> <span class='ocrx_word' id='word_1_199' title='bbox 1709 2566 1862 2636; x_wconf 91' lang='lat' dir='ltr'>quod</span> <span class='ocrx_word' id='word_1_200' title='bbox 1922 2566 1979 2622; x_wconf 92' lang='lat' dir='ltr'>in</span> <span class='ocrx_word' id='word_1_201' title='bbox 2038 2566 2143 2622; x_wconf 89' lang='lat' dir='ltr'>Ge-</span> 
     </span>
    </p>
   </div>
   <div class='ocr_carea' id='block_1_29' title="bbox 495 2648 2142 2722">
    <p class='ocr_par' dir='ltr' id='par_1_29' title="bbox 495 2648 2142 2722">
     <span class='ocr_line' id='line_1_29' title="bbox 495 2648 2142 2722; baseline 0.004 -18"><span class='ocrx_word' id='word_1_202' title='bbox 495 2649 619 2705; x_wconf 88' lang='lat' dir='ltr'>nesi</span> <span class='ocrx_word' id='word_1_203' title='bbox 651 2648 798 2706; x_wconf 86' lang='lat' dir='ltr'>dixit</span> <span class='ocrx_word' id='word_1_204' title='bbox 827 2658 1067 2707; x_wconf 81' lang='lat' dir='ltr'>sanctus</span> <span class='ocrx_word' id='word_1_205' title='bbox 1101 2652 1430 2722; x_wconf 88' lang='lat' dir='ltr'>patriarcha</span> <span class='ocrx_word' id='word_1_206' title='bbox 1457 2653 1660 2721; x_wconf 88' lang='lat' dir='ltr'>Jac-ob,</span> <span class='ocrx_word' id='word_1_207' title='bbox 1719 2671 1852 2709; x_wconf 92' lang='lat' dir='ltr'>cum</span> <span class='ocrx_word' id='word_1_208' title='bbox 1885 2655 1953 2710; x_wconf 93' lang='lat' dir='ltr'>de</span> <span class='ocrx_word' id='word_1_209' title='bbox 2006 2655 2142 2712; x_wconf 90' lang='lat' dir='ltr'>ﬁliis</span> 
     </span>
    </p>
   </div>
   <div class='ocr_carea' id='block_1_30' title="bbox 494 2736 2141 2812">
    <p class='ocr_par' dir='ltr' id='par_1_30' title="bbox 494 2736 2141 2812">
     <span class='ocr_line' id='line_1_30' title="bbox 494 2736 2141 2812; baseline 0.004 -21"><span class='ocrx_word' id='word_1_210' title='bbox 494 2736 868 2809; x_wconf 89' lang='lat' dir='ltr'>prophetaret</span> <span class='ocrx_word' id='word_1_211' title='bbox 901 2755 912 2794; x_wconf 95' lang='lat'>:</span> <span class='ocrx_word' id='word_1_212' title='bbox 964 2761 992 2788; x_wconf 88' lang='lat'><strong>«</strong></span> <span class='ocrx_word' id='word_1_213' title='bbox 1025 2738 1148 2794; x_wconf 89' lang='lat' dir='ltr'>Dan</span> <span class='ocrx_word' id='word_1_214' title='bbox 1174 2738 1464 2809; x_wconf 85' lang='lat' dir='ltr'>judicabit</span> <span class='ocrx_word' id='word_1_215' title='bbox 1493 2740 1777 2812; x_wconf 88' lang='lat' dir='ltr'>populum</span> <span class='ocrx_word' id='word_1_216' title='bbox 1810 2759 1983 2797; x_wconf 90' lang='lat' dir='ltr'>suum</span> <span class='ocrx_word' id='word_1_217' title='bbox 2015 2748 2141 2798; x_wconf 87' lang='lat' dir='ltr'>tan-</span> 
     </span>
    </p>
   </div>
   <div class='ocr_carea' id='block_1_31' title="bbox 495 2827 2140 2902">
    <p class='ocr_par' dir='ltr' id='par_1_31' title="bbox 495 2827 2140 2902">
     <span class='ocr_line' id='line_1_31' title="bbox 495 2827 2140 2902; baseline 0.004 -21"><span class='ocrx_word' id='word_1_218' title='bbox 495 2841 674 2898; x_wconf 89' lang='lat' dir='ltr'>quam</span> <span class='ocrx_word' id='word_1_219' title='bbox 707 2843 886 2882; x_wconf 86' lang='lat' dir='ltr'>unam</span> <span class='ocrx_word' id='word_1_220' title='bbox 915 2827 1136 2883; x_wconf 91' lang='lat' dir='ltr'>tribum</span> <span class='ocrx_word' id='word_1_221' title='bbox 1162 2829 1223 2882; x_wconf 90' lang='lat' dir='ltr'>in</span> <span class='ocrx_word' id='word_1_222' title='bbox 1253 2828 1428 2884; x_wconf 89' lang='lat' dir='ltr'>Israel</span> <span class='ocrx_word' id='word_1_223' title='bbox 1452 2828 1602 2899; x_wconf 84' lang='lat' dir='ltr'>(Gen.</span> <span class='ocrx_word' id='word_1_224' title='bbox 1638 2847 1787 2898; x_wconf 78' lang='lat' dir='ltr'>xmx,</span> <span class='ocrx_word' id='word_1_225' title='bbox 1822 2832 1909 2902; x_wconf 87' lang='grc'><strong>16)</strong></span> <span class='ocrx_word' id='word_1_226' title='bbox 1945 2850 1956 2898; x_wconf 94' lang='grc'><strong>;</strong></span> <span class='ocrx_word' id='word_1_227' title='bbox 1996 2852 2023 2881; x_wconf 73' lang='grc' dir='ltr'>ι›</span> <span class='ocrx_word' id='word_1_228' title='bbox 2049 2836 2140 2887; x_wconf 90' lang='lat' dir='ltr'>et:</span> 
     </span>
    </p>
   </div>
   <div class='ocr_carea' id='block_1_32' title="bbox 495 2914 2140 2990">
    <p class='ocr_par' dir='ltr' id='par_1_32' title="bbox 495 2914 2140 2990">
     <span class='ocr_line' id='line_1_32' title="bbox 495 2914 2140 2990; baseline 0.004 -20"><span class='ocrx_word' id='word_1_229' title='bbox 495 2936 524 2964; x_wconf 88' lang='grc'>‹‹</span> <span class='ocrx_word' id='word_1_230' title='bbox 560 2914 684 2972; x_wconf 86' lang='lat' dir='ltr'>Fiat</span> <span class='ocrx_word' id='word_1_231' title='bbox 713 2915 833 2972; x_wconf 91' lang='lat' dir='ltr'>Dan</span> <span class='ocrx_word' id='word_1_232' title='bbox 865 2915 1019 2973; x_wconf 90' lang='lat' dir='ltr'>sicut</span> <span class='ocrx_word' id='word_1_233' title='bbox 1048 2933 1288 2988; x_wconf 90' lang='lat' dir='ltr'>serpens</span> <span class='ocrx_word' id='word_1_234' title='bbox 1305 2919 1514 2974; x_wconf 90' lang='lat' dir='ltr'>sedens</span> <span class='ocrx_word' id='word_1_235' title='bbox 1535 2918 1587 2972; x_wconf 92' lang='lat' dir='ltr'>in</span> <span class='ocrx_word' id='word_1_236' title='bbox 1612 2919 1724 2986; x_wconf 91' lang='lat' dir='ltr'>via,</span> <span class='ocrx_word' id='word_1_237' title='bbox 1754 2925 1810 2974; x_wconf 90' lang='lat' dir='ltr'>et</span> <span class='ocrx_word' id='word_1_238' title='bbox 1832 2920 1889 2974; x_wconf 91' lang='lat' dir='ltr'>in</span> <span class='ocrx_word' id='word_1_239' title='bbox 1913 2921 2140 2990; x_wconf 89' lang='lat' dir='ltr'>semita,</span> 
     </span>
    </p>
   </div>
   <div class='ocr_carea' id='block_1_33' title="bbox 499 3004 2142 3078">
    <p class='ocr_par' dir='ltr' id='par_1_33' title="bbox 499 3004 2142 3078">
     <span class='ocr_line' id='line_1_33' title="bbox 499 3004 2142 3078; baseline 0.004 -20"><span class='ocrx_word' id='word_1_240' title='bbox 499 3004 775 3061; x_wconf 91' lang='lat' dir='ltr'>mordens</span> <span class='ocrx_word' id='word_1_241' title='bbox 805 3004 1143 3062; x_wconf 88' lang='lat' dir='ltr'>calcaneum</span> <span class='ocrx_word' id='word_1_242' title='bbox 1165 3007 1301 3078; x_wconf 89' lang='lat' dir='ltr'>equi</span> <span class='ocrx_word' id='word_1_243' title='bbox 1336 3025 1348 3062; x_wconf 88' lang='lat'><strong>:</strong></span> <span class='ocrx_word' id='word_1_244' title='bbox 1416 3011 1471 3061; x_wconf 90' lang='lat' dir='ltr'>et</span> <span class='ocrx_word' id='word_1_245' title='bbox 1501 3008 1667 3062; x_wconf 88' lang='lat' dir='ltr'>cadet</span> <span class='ocrx_word' id='word_1_246' title='bbox 1697 3025 1874 3078; x_wconf 90' lang='lat' dir='ltr'>eques</span> <span class='ocrx_word' id='word_1_247' title='bbox 1932 3014 2142 3064; x_wconf 89' lang='lat' dir='ltr'>retror-</span> 
     </span>
    </p>
   </div>
   <div class='ocr_carea' id='block_1_34' title="bbox 499 3090 2141 3167">
    <p class='ocr_par' dir='ltr' id='par_1_34' title="bbox 499 3090 2141 3167">
     <span class='ocr_line' id='line_1_34' title="bbox 499 3090 2141 3167; baseline 0.002 -21"><span class='ocrx_word' id='word_1_248' title='bbox 499 3106 655 3157; x_wconf 87' lang='lat' dir='ltr'>sum,</span> <span class='ocrx_word' id='word_1_249' title='bbox 686 3090 936 3148; x_wconf 87' lang='lat' dir='ltr'>salutem</span> <span class='ocrx_word' id='word_1_250' title='bbox 986 3097 1331 3165; x_wconf 84' lang='lat' dir='ltr'>exspectans</span> <span class='ocrx_word' id='word_1_251' title='bbox 1361 3111 1394 3148; x_wconf 91' lang='lat' dir='ltr'>a</span> <span class='ocrx_word' id='word_1_252' title='bbox 1449 3093 1694 3150; x_wconf 91' lang='lat' dir='ltr'>Domino</span> <span class='ocrx_word' id='word_1_253' title='bbox 1754 3096 1910 3164; x_wconf 76' lang='lat' dir='ltr'>(Ibid.</span> <span class='ocrx_word' id='word_1_254' title='bbox 1968 3098 2141 3167; x_wconf 83' lang='lat'>17).»</span> 
     </span>
    </p>
   </div>
   <div class='ocr_carea' id='block_1_35' title="bbox 503 3179 2145 3255">
    <p class='ocr_par' dir='ltr' id='par_1_35' title="bbox 503 3179 2145 3255">
     <span class='ocr_line' id='line_1_35' title="bbox 503 3179 2145 3255; baseline 0.004 -21"><span class='ocrx_word' id='word_1_255' title='bbox 503 3179 778 3251; x_wconf 87' lang='lat' dir='ltr'>Legimus</span> <span class='ocrx_word' id='word_1_256' title='bbox 810 3181 1046 3253; x_wconf 90' lang='lat' dir='ltr'>quidem</span> <span class='ocrx_word' id='word_1_257' title='bbox 1071 3183 1276 3253; x_wconf 67' lang='lat' dir='ltr'>(ludio.</span> <span class='ocrx_word' id='word_1_258' title='bbox 1308 3200 1431 3248; x_wconf 86' lang='lat' dir='ltr'>xm,</span> <span class='ocrx_word' id='word_1_259' title='bbox 1462 3184 1552 3253; x_wconf 86' lang='lat'>25)</span> <span class='ocrx_word' id='word_1_260' title='bbox 1613 3184 1765 3255; x_wconf 92' lang='lat' dir='ltr'>quod</span> <span class='ocrx_word' id='word_1_261' title='bbox 1799 3185 2044 3240; x_wconf 90' lang='lat' dir='ltr'>Samson</span> <span class='ocrx_word' id='word_1_262' title='bbox 2076 3187 2145 3241; x_wconf 91' lang='lat' dir='ltr'>de</span> 
     </span>
    </p>
   </div>
   <div class='ocr_carea' id='block_1_36' title="bbox 503 3268 2148 3342">
    <p class='ocr_par' dir='ltr' id='par_1_36' title="bbox 503 3268 2148 3342">
     <span class='ocr_line' id='line_1_36' title="bbox 503 3268 2148 3342; baseline 0.004 -18"><span class='ocrx_word' id='word_1_263' title='bbox 503 3268 662 3324; x_wconf 87' lang='lat' dir='ltr'>tribu</span> <span class='ocrx_word' id='word_1_264' title='bbox 694 3269 817 3326; x_wconf 89' lang='lat' dir='ltr'>Dan</span> <span class='ocrx_word' id='word_1_265' title='bbox 841 3271 1025 3342; x_wconf 86' lang='lat' dir='ltr'>judex</span> <span class='ocrx_word' id='word_1_266' title='bbox 1056 3270 1230 3327; x_wconf 89' lang='lat' dir='ltr'>fuerit</span> <span class='ocrx_word' id='word_1_267' title='bbox 1259 3272 1318 3326; x_wconf 91' lang='lat' dir='ltr'>in</span> <span class='ocrx_word' id='word_1_268' title='bbox 1351 3272 1526 3328; x_wconf 86' lang='lat' dir='ltr'>Israel</span> <span class='ocrx_word' id='word_1_269' title='bbox 1561 3289 1573 3325; x_wconf 91' lang='lat'><strong>:</strong></span> <span class='ocrx_word' id='word_1_270' title='bbox 1607 3273 1707 3328; x_wconf 91' lang='lat' dir='ltr'>sed</span> <span class='ocrx_word' id='word_1_271' title='bbox 1740 3272 1889 3329; x_wconf 91' lang='lat' dir='ltr'>alius</span> <span class='ocrx_word' id='word_1_272' title='bbox 1922 3274 2011 3328; x_wconf 92' lang='lat' dir='ltr'>hic</span> <span class='ocrx_word' id='word_1_273' title='bbox 2071 3275 2148 3330; x_wconf 85' lang='lat' dir='ltr'>si-</span> 
     </span>
    </p>
   </div>
   <div class='ocr_carea' id='block_1_37' title="bbox 501 3358 2150 3437">
    <p class='ocr_par' dir='ltr' id='par_1_37' title="bbox 501 3358 2150 3437">
     <span class='ocr_line' id='line_1_37' title="bbox 501 3358 2150 3437; baseline 0.006 -26"><span class='ocrx_word' id='word_1_274' title='bbox 501 3358 814 3429; x_wconf 83' lang='lat' dir='ltr'>gniﬁcatur</span> <span class='ocrx_word' id='word_1_275' title='bbox 844 3360 1099 3428; x_wconf 85' lang='lat' dir='ltr'>futurus,</span> <span class='ocrx_word' id='word_1_276' title='bbox 1133 3361 1232 3432; x_wconf 91' lang='lat' dir='ltr'>qui</span> <span class='ocrx_word' id='word_1_277' title='bbox 1263 3378 1331 3416; x_wconf 85' lang='lat' dir='ltr'>ex</span> <span class='ocrx_word' id='word_1_278' title='bbox 1361 3379 1428 3417; x_wconf 91' lang='lat' dir='ltr'>ea</span> <span class='ocrx_word' id='word_1_279' title='bbox 1457 3362 1612 3418; x_wconf 90' lang='lat' dir='ltr'>tribu</span> <span class='ocrx_word' id='word_1_280' title='bbox 1669 3380 2012 3435; x_wconf 87' lang='lat' dir='ltr'>progressus</span> <span class='ocrx_word' id='word_1_281' title='bbox 2044 3381 2150 3437; x_wconf 91' lang='lat' dir='ltr'>po-</span> 
     </span>
    </p>
   </div>
   <div class='ocr_carea' id='block_1_38' title="bbox 504 3445 2148 3525">
    <p class='ocr_par' dir='ltr' id='par_1_38' title="bbox 504 3445 2148 3525">
     <span class='ocr_line' id='line_1_38' title="bbox 504 3445 2148 3525; baseline 0.005 -25"><span class='ocrx_word' id='word_1_282' title='bbox 504 3445 712 3516; x_wconf 88' lang='lat' dir='ltr'>pulum</span> <span class='ocrx_word' id='word_1_283' title='bbox 743 3448 1047 3520; x_wconf 88' lang='lat' dir='ltr'>suppliciis</span> <span class='ocrx_word' id='word_1_284' title='bbox 1077 3447 1368 3521; x_wconf 67' lang='lat' dir='ltr'>sacrilegaa</span> <span class='ocrx_word' id='word_1_285' title='bbox 1398 3450 1716 3522; x_wconf 85' lang='lat' dir='ltr'>impietatis</span> <span class='ocrx_word' id='word_1_286' title='bbox 1762 3452 1997 3525; x_wconf 75' lang='lat' dir='ltr'>affliget.</span> <span class='ocrx_word' id='word_1_287' title='bbox 2031 3460 2148 3508; x_wconf 82' lang='lat' dir='ltr'>An-</span> 
     </span>
    </p>
   </div>
   <div class='ocr_carea' id='block_1_39' title="bbox 507 3533 2150 3614">
    <p class='ocr_par' dir='ltr' id='par_1_39' title="bbox 507 3533 2150 3614">
     <span class='ocr_line' id='line_1_39' title="bbox 507 3533 2150 3614; baseline 0.007 -25"><span class='ocrx_word' id='word_1_288' title='bbox 507 3533 953 3606; x_wconf 22' lang='lat' dir='ltr'>tichristus‘ille,</span> <span class='ocrx_word' id='word_1_289' title='bbox 987 3538 1087 3609; x_wconf 90' lang='lat' dir='ltr'>qui</span> <span class='ocrx_word' id='word_1_290' title='bbox 1119 3539 1344 3595; x_wconf 88' lang='lat' dir='ltr'>sedebit</span> <span class='ocrx_word' id='word_1_291' title='bbox 1373 3539 1430 3594; x_wconf 91' lang='lat' dir='ltr'>in</span> <span class='ocrx_word' id='word_1_292' title='bbox 1483 3540 1700 3612; x_wconf 90' lang='lat' dir='ltr'>templo</span> <span class='ocrx_word' id='word_1_293' title='bbox 1731 3546 2013 3614; x_wconf 89' lang='lat' dir='ltr'>tanquam</span> <span class='ocrx_word' id='word_1_294' title='bbox 2073 3545 2150 3601; x_wconf 88' lang='lat' dir='ltr'>sit</span> 
     </span>
    </p>
   </div>
   <div class='ocr_carea' id='block_1_40' title="bbox 505 3626 2142 3702">
    <p class='ocr_par' dir='ltr' id='par_1_40' title="bbox 505 3626 2142 3702">
     <span class='ocr_line' id='line_1_40' title="bbox 505 3626 2142 3702; baseline 0.007 -25"><span class='ocrx_word' id='word_1_295' title='bbox 505 3627 678 3690; x_wconf 90' lang='lat' dir='ltr'>Deus,</span> <span class='ocrx_word' id='word_1_296' title='bbox 723 3641 854 3680; x_wconf 88' lang='lat' dir='ltr'>vere</span> <span class='ocrx_word' id='word_1_297' title='bbox 898 3626 1192 3696; x_wconf 90' lang='lat' dir='ltr'>judicium</span> <span class='ocrx_word' id='word_1_298' title='bbox 1250 3628 1405 3699; x_wconf 92' lang='lat' dir='ltr'>quod</span> <span class='ocrx_word' id='word_1_299' title='bbox 1463 3629 1640 3684; x_wconf 90' lang='lat' dir='ltr'>habet</span> <span class='ocrx_word' id='word_1_300' title='bbox 1694 3629 2142 3702; x_wconf 88' lang='lat' dir='ltr'>interpretatio;</span> 
     </span>
    </p>
   </div>
   <div class='ocr_carea' id='block_1_41' title="bbox 503 3709 2143 3793">
    <p class='ocr_par' dir='ltr' id='par_1_41' title="bbox 503 3709 2143 3793">
     <span class='ocr_line' id='line_1_41' title="bbox 503 3709 2143 3793; baseline 0.006 -26"><span class='ocrx_word' id='word_1_301' title='bbox 503 3709 628 3768; x_wconf 89' lang='lat' dir='ltr'>Dan</span> <span class='ocrx_word' id='word_1_302' title='bbox 659 3713 815 3770; x_wconf 90' lang='lat' dir='ltr'>enim</span> <span class='ocrx_word' id='word_1_303' title='bbox 837 3714 1129 3785; x_wconf 88' lang='lat' dir='ltr'>judicium</span> <span class='ocrx_word' id='word_1_304' title='bbox 1161 3717 1545 3790; x_wconf 87' lang='lat' dir='ltr'>signiﬁcatur.</span> <span class='ocrx_word' id='word_1_305' title='bbox 1603 3719 1672 3773; x_wconf 90' lang='lat' dir='ltr'>Et</span> <span class='ocrx_word' id='word_1_306' title='bbox 1702 3719 1942 3791; x_wconf 88' lang='lat' dir='ltr'>pulchre</span> <span class='ocrx_word' id='word_1_307' title='bbox 1981 3721 2143 3793; x_wconf 84' lang='lat' dir='ltr'>dixit,</span> 
     </span>
    </p>
   </div>
   <div class='ocr_carea' id='block_1_42' title="bbox 501 3799 2174 3882">
    <p class='ocr_par' dir='ltr' id='par_1_42' title="bbox 501 3799 2174 3882">
     <span class='ocr_line' id='line_1_42' title="bbox 501 3799 2174 3882; baseline 0.007 -26"><span class='ocrx_word' id='word_1_308' title='bbox 501 3802 641 3873; x_wconf 88' lang='lat' dir='ltr'>quia</span> <span class='ocrx_word' id='word_1_309' title='bbox 669 3803 950 3876; x_wconf 90' lang='lat' dir='ltr'>populum</span> <span class='ocrx_word' id='word_1_310' title='bbox 984 3807 1486 3877; x_wconf 89' lang='lat' dir='ltr'>suumjudicabit,</span> <span class='ocrx_word' id='word_1_311' title='bbox 1521 3807 1615 3878; x_wconf 92' lang='lat' dir='ltr'>qui</span> <span class='ocrx_word' id='word_1_312' title='bbox 1649 3814 1940 3878; x_wconf 68' lang='lat' dir='ltr'>perpetuae</span> <span class='ocrx_word' id='word_1_313' title='bbox 1963 3799 2174 3882; x_wconf 42' lang='lat' dir='ltr'>poenae&#39;</span> 
     </span>
    </p>
   </div>
   <div class='ocr_carea' id='block_1_43' title="bbox 498 3888 2144 3968">
    <p class='ocr_par' dir='ltr' id='par_1_43' title="bbox 498 3888 2144 3968">
     <span class='ocr_line' id='line_1_43' title="bbox 498 3888 2144 3968; baseline 0.007 -24"><span class='ocrx_word' id='word_1_314' title='bbox 498 3888 598 3946; x_wconf 81' lang='lat' dir='ltr'>fiet</span> <span class='ocrx_word' id='word_1_315' title='bbox 628 3892 915 3949; x_wconf 82' lang='lat' dir='ltr'>obnoxius</span> <span class='ocrx_word' id='word_1_316' title='bbox 951 3911 962 3948; x_wconf 94' lang='lat'>:</span> <span class='ocrx_word' id='word_1_317' title='bbox 999 3895 1099 3967; x_wconf 92' lang='lat' dir='ltr'>qui</span> <span class='ocrx_word' id='word_1_318' title='bbox 1131 3894 1288 3950; x_wconf 91' lang='lat' dir='ltr'>enim</span> <span class='ocrx_word' id='word_1_319' title='bbox 1320 3912 1434 3950; x_wconf 91' lang='lat' dir='ltr'>non</span> <span class='ocrx_word' id='word_1_320' title='bbox 1467 3895 1666 3963; x_wconf 90' lang='lat' dir='ltr'>credit,</span> <span class='ocrx_word' id='word_1_321' title='bbox 1691 3897 1816 3966; x_wconf 90' lang='lat' dir='ltr'>jam</span> <span class='ocrx_word' id='word_1_322' title='bbox 1841 3898 2144 3968; x_wconf 86' lang='lat' dir='ltr'>judicatus</span> 
     </span>
    </p>
   </div>
   <div class='ocr_carea' id='block_1_44' title="bbox 497 3982 2141 4058">
    <p class='ocr_par' dir='ltr' id='par_1_44' title="bbox 497 3982 2141 4058">
     <span class='ocr_line' id='line_1_44' title="bbox 497 3982 2141 4058; baseline 0.006 -24"><span class='ocrx_word' id='word_1_323' title='bbox 497 3984 589 4035; x_wconf 89' lang='lat' dir='ltr'>est</span> <span class='ocrx_word' id='word_1_324' title='bbox 619 3997 633 4035; x_wconf 88' lang='lat'><strong>:</strong></span> <span class='ocrx_word' id='word_1_325' title='bbox 666 3982 768 4053; x_wconf 89' lang='lat' dir='ltr'>qui</span> <span class='ocrx_word' id='word_1_326' title='bbox 800 3985 997 4039; x_wconf 88' lang='lat' dir='ltr'>autem</span> <span class='ocrx_word' id='word_1_327' title='bbox 1029 3983 1234 4051; x_wconf 79' lang='lat' dir='ltr'>credit,</span> <span class='ocrx_word' id='word_1_328' title='bbox 1261 4001 1375 4039; x_wconf 88' lang='lat' dir='ltr'>non</span> <span class='ocrx_word' id='word_1_329' title='bbox 1400 3984 1765 4052; x_wconf 84' lang='lat' dir='ltr'>judicabitur</span> <span class='ocrx_word' id='word_1_330' title='bbox 1798 4003 1808 4042; x_wconf 95' lang='lat'>:</span> <span class='ocrx_word' id='word_1_331' title='bbox 1859 3987 1995 4058; x_wconf 90' lang='lat' dir='ltr'>quia</span> <span class='ocrx_word' id='word_1_332' title='bbox 2020 4004 2141 4044; x_wconf 89' lang='lat' dir='ltr'>cre-</span> 
     </span>
    </p>
   </div>
   <div class='ocr_carea' id='block_1_45' title="bbox 496 4069 2145 4145">
    <p class='ocr_par' dir='ltr' id='par_1_45' title="bbox 496 4069 2145 4145">
     <span class='ocr_line' id='line_1_45' title="bbox 496 4069 2145 4145; baseline 0.006 -22"><span class='ocrx_word' id='word_1_333' title='bbox 496 4069 583 4124; x_wconf 90' lang='lat' dir='ltr'>dit</span> <span class='ocrx_word' id='word_1_334' title='bbox 611 4069 671 4124; x_wconf 92' lang='lat' dir='ltr'>in</span> <span class='ocrx_word' id='word_1_335' title='bbox 702 4070 802 4126; x_wconf 90' lang='lat' dir='ltr'>Dei</span> <span class='ocrx_word' id='word_1_336' title='bbox 859 4071 1072 4127; x_wconf 90' lang='lat' dir='ltr'>Filium</span> <span class='ocrx_word' id='word_1_337' title='bbox 1125 4071 1336 4128; x_wconf 67' lang='lat' dir='ltr'>anima</span> <span class='ocrx_word' id='word_1_338' title='bbox 1392 4089 1509 4128; x_wconf 73' lang='lat' dir='ltr'>suae</span> <span class='ocrx_word' id='word_1_339' title='bbox 1568 4073 2014 4145; x_wconf 87' lang='lat' dir='ltr'>redemptorem.</span> <span class='ocrx_word' id='word_1_340' title='bbox 2075 4078 2145 4132; x_wconf 90' lang='lat' dir='ltr'>Et</span> 
     </span>
    </p>
   </div>
   <div class='ocr_carea' id='block_1_46' title="bbox 495 4157 2142 4235">
    <p class='ocr_par' dir='ltr' id='par_1_46' title="bbox 495 4157 2142 4235">
     <span class='ocr_line' id='line_1_46' title="bbox 495 4157 2142 4235; baseline 0.005 -23"><span class='ocrx_word' id='word_1_341' title='bbox 495 4157 624 4215; x_wconf 90' lang='lat' dir='ltr'>ideo</span> <span class='ocrx_word' id='word_1_342' title='bbox 647 4163 929 4233; x_wconf 88' lang='lat' dir='ltr'>tanquam</span> <span class='ocrx_word' id='word_1_343' title='bbox 953 4161 1163 4232; x_wconf 89' lang='lat' dir='ltr'>judicii</span> <span class='ocrx_word' id='word_1_344' title='bbox 1193 4161 1341 4216; x_wconf 90' lang='lat' dir='ltr'>liber</span> <span class='ocrx_word' id='word_1_345' title='bbox 1369 4161 1510 4216; x_wconf 89' lang='lat' dir='ltr'>dicit</span> <span class='ocrx_word' id='word_1_346' title='bbox 1542 4177 1555 4216; x_wconf 85' lang='lat'><strong>:</strong></span> <span class='ocrx_word' id='word_1_347' title='bbox 1597 4181 1618 4209; x_wconf 74' lang='grc' dir='ltr'><strong><em>α</em></strong></span> <span class='ocrx_word' id='word_1_348' title='bbox 1652 4163 1796 4227; x_wconf 89' lang='lat' dir='ltr'>Quid</span> <span class='ocrx_word' id='word_1_349' title='bbox 1858 4164 2142 4235; x_wconf 86' lang='lat' dir='ltr'>dijudicat</span> 
     </span>
    </p>
   </div>
   <div class='ocr_carea' id='block_1_47' title="bbox 496 4241 2143 4322">
    <p class='ocr_par' dir='ltr' id='par_1_47' title="bbox 496 4241 2143 4322">
     <span class='ocr_line' id='line_1_47' title="bbox 496 4241 2143 4322; baseline 0.004 -20"><span class='ocrx_word' id='word_1_350' title='bbox 496 4241 610 4317; x_wconf 86' lang='lat' dir='ltr'>me,</span> <span class='ocrx_word' id='word_1_351' title='bbox 644 4249 930 4306; x_wconf 88' lang='lat' dir='ltr'>Dominus</span> <span class='ocrx_word' id='word_1_352' title='bbox 961 4255 1050 4306; x_wconf 91' lang='lat' dir='ltr'>est</span> <span class='ocrx_word' id='word_1_353' title='bbox 1079 4252 1126 4321; x_wconf 94' lang='lat' dir='ltr'>(I</span> <span class='ocrx_word' id='word_1_354' title='bbox 1155 4250 1275 4306; x_wconf 83' lang='lat' dir='ltr'>Cor.</span> <span class='ocrx_word' id='word_1_355' title='bbox 1313 4268 1386 4317; x_wconf 86' lang='grc' dir='ltr'>ιν,</span> <span class='ocrx_word' id='word_1_356' title='bbox 1443 4252 1515 4322; x_wconf 89' lang='grc'>4).</span> <span class='ocrx_word' id='word_1_357' title='bbox 1553 4275 1573 4303; x_wconf 74' lang='grc' dir='ltr'>ι)</span> <span class='ocrx_word' id='word_1_358' title='bbox 1617 4251 1997 4307; x_wconf 90' lang='lat' dir='ltr'>Judicaturus</span> <span class='ocrx_word' id='word_1_359' title='bbox 2053 4258 2143 4309; x_wconf 88' lang='lat' dir='ltr'>est</span> 
     </span>
    </p>
   </div>
   <div class='ocr_carea' id='block_1_48' title="bbox 495 4338 2139 4413">
    <p class='ocr_par' dir='ltr' id='par_1_48' title="bbox 495 4338 2139 4413">
     <span class='ocr_line' id='line_1_48' title="bbox 495 4338 2139 4413; baseline 0.004 -22"><span class='ocrx_word' id='word_1_360' title='bbox 495 4352 631 4407; x_wconf 88' lang='lat' dir='ltr'>ergo</span> <span class='ocrx_word' id='word_1_361' title='bbox 664 4338 946 4410; x_wconf 90' lang='lat' dir='ltr'>populum</span> <span class='ocrx_word' id='word_1_362' title='bbox 978 4340 1316 4413; x_wconf 89' lang='lat' dir='ltr'>impietatis,</span> <span class='ocrx_word' id='word_1_363' title='bbox 1353 4358 1467 4396; x_wconf 89' lang='lat' dir='ltr'>non</span> <span class='ocrx_word' id='word_1_364' title='bbox 1507 4339 1736 4412; x_wconf 88' lang='lat' dir='ltr'>plebem</span> <span class='ocrx_word' id='word_1_365' title='bbox 1771 4359 1783 4409; x_wconf 94' lang='lat'>;</span> <span class='ocrx_word' id='word_1_366' title='bbox 1843 4340 1926 4395; x_wconf 92' lang='lat' dir='ltr'>illi</span> <span class='ocrx_word' id='word_1_367' title='bbox 1982 4342 2139 4398; x_wconf 89' lang='lat' dir='ltr'>enim</span> 
     </span>
    </p>
   </div>
   <div class='ocr_carea' id='block_1_49' title="bbox 491 4423 2136 4502">
    <p class='ocr_par' dir='ltr' id='par_1_49' title="bbox 491 4423 2136 4502">
     <span class='ocr_line' id='line_1_49' title="bbox 491 4423 2136 4502; baseline 0.006 -26"><span class='ocrx_word' id='word_1_368' title='bbox 491 4423 838 4493; x_wconf 91' lang='lat' dir='ltr'>judicantur</span> <span class='ocrx_word' id='word_1_369' title='bbox 868 4429 966 4497; x_wconf 90' lang='lat' dir='ltr'>qui</span> <span class='ocrx_word' id='word_1_370' title='bbox 997 4430 1213 4486; x_wconf 87' lang='lat' dir='ltr'>cadunt</span> <span class='ocrx_word' id='word_1_371' title='bbox 1240 4429 1411 4485; x_wconf 89' lang='lat' dir='ltr'>ruina</span> <span class='ocrx_word' id='word_1_372' title='bbox 1436 4429 1710 4502; x_wconf 77' lang='lat' dir='ltr'>perﬁdiae,</span> <span class='ocrx_word' id='word_1_373' title='bbox 1746 4447 1856 4485; x_wconf 91' lang='lat' dir='ltr'>non</span> <span class='ocrx_word' id='word_1_374' title='bbox 1893 4429 1992 4502; x_wconf 88' lang='lat' dir='ltr'>qui</span> <span class='ocrx_word' id='word_1_375' title='bbox 2051 4448 2136 4486; x_wconf 89' lang='lat' dir='ltr'>re-</span> 
     </span>
    </p>
   </div>
   <div class='ocr_carea' id='block_1_50' title="bbox 494 4513 1221 4585">
    <p class='ocr_par' dir='ltr' id='par_1_50' title="bbox 494 4513 1221 4585">
     <span class='ocr_line' id='line_1_50' title="bbox 494 4513 1221 4585; baseline 0.01 -19"><span class='ocrx_word' id='word_1_376' title='bbox 494 4516 747 4585; x_wconf 90' lang='lat' dir='ltr'>surgunt</span> <span class='ocrx_word' id='word_1_377' title='bbox 776 4513 908 4568; x_wconf 86' lang='lat' dir='ltr'>ﬁdei</span> <span class='ocrx_word' id='word_1_378' title='bbox 939 4515 1221 4573; x_wconf 86' lang='lat' dir='ltr'>libertate.</span> 
     </span>
    </p>
   </div>
   <div class='ocr_carea' id='block_1_51' title="bbox 559 4617 2138 4692">
    <p class='ocr_par' dir='ltr' id='par_1_51' title="bbox 559 4617 2138 4692">
     <span class='ocr_line' id='line_1_51' title="bbox 559 4617 2138 4692; baseline 0.005 -18"><span class='ocrx_word' id='word_1_379' title='bbox 559 4620 651 4675; x_wconf 86' lang='lat'>26.</span> <span class='ocrx_word' id='word_1_380' title='bbox 687 4617 925 4674; x_wconf 89' lang='lat' dir='ltr'>Sedebit</span> <span class='ocrx_word' id='word_1_381' title='bbox 951 4619 1128 4692; x_wconf 90' lang='lat' dir='ltr'>igitur</span> <span class='ocrx_word' id='word_1_382' title='bbox 1159 4622 1216 4676; x_wconf 93' lang='lat' dir='ltr'>in</span> <span class='ocrx_word' id='word_1_383' title='bbox 1247 4624 1359 4689; x_wconf 89' lang='lat' dir='ltr'>via,</span> <span class='ocrx_word' id='word_1_384' title='bbox 1394 4629 1451 4678; x_wconf 87' lang='lat' dir='ltr'>et</span> <span class='ocrx_word' id='word_1_385' title='bbox 1480 4623 1854 4681; x_wconf 80' lang='lat' dir='ltr'>insidiabitur</span> <span class='ocrx_word' id='word_1_386' title='bbox 1887 4626 1944 4682; x_wconf 92' lang='lat' dir='ltr'>in</span> <span class='ocrx_word' id='word_1_387' title='bbox 1969 4627 2138 4682; x_wconf 88' lang='lat' dir='ltr'>semi-</span> 
     </span>
    </p>
   </div>
   <div class='ocr_carea' id='block_1_52' title="bbox 489 4708 2135 4783">
    <p class='ocr_par' dir='ltr' id='par_1_52' title="bbox 489 4708 2135 4783">
     <span class='ocr_line' id='line_1_52' title="bbox 489 4708 2135 4783; baseline 0.006 -21"><span class='ocrx_word' id='word_1_388' title='bbox 489 4713 570 4775; x_wconf 93' lang='lat' dir='ltr'>ta,</span> <span class='ocrx_word' id='word_1_389' title='bbox 603 4708 756 4765; x_wconf 91' lang='lat' dir='ltr'>sicut</span> <span class='ocrx_word' id='word_1_390' title='bbox 785 4725 1047 4780; x_wconf 85' lang='lat' dir='ltr'>serpens,</span> <span class='ocrx_word' id='word_1_391' title='bbox 1083 4714 1147 4764; x_wconf 92' lang='lat' dir='ltr'>ut</span> <span class='ocrx_word' id='word_1_392' title='bbox 1175 4709 1436 4766; x_wconf 88' lang='lat' dir='ltr'>vulneret</span> <span class='ocrx_word' id='word_1_393' title='bbox 1467 4715 1853 4783; x_wconf 84' lang='lat' dir='ltr'>transeuntes,</span> <span class='ocrx_word' id='word_1_394' title='bbox 1889 4720 1944 4770; x_wconf 90' lang='lat' dir='ltr'>et</span> <span class='ocrx_word' id='word_1_395' title='bbox 1982 4733 2135 4772; x_wconf 91' lang='lat' dir='ltr'>mor-</span> 
     </span>
    </p>
   </div>
   <div class='ocr_carea' id='block_1_53' title="bbox 493 4797 2135 4870">
    <p class='ocr_par' dir='ltr' id='par_1_53' title="bbox 493 4797 2135 4870">
     <span class='ocr_line' id='line_1_53' title="bbox 493 4797 2135 4870; baseline 0.004 -16"><span class='ocrx_word' id='word_1_396' title='bbox 493 4799 627 4854; x_wconf 90' lang='lat' dir='ltr'>deat</span> <span class='ocrx_word' id='word_1_397' title='bbox 656 4797 791 4870; x_wconf 91' lang='lat' dir='ltr'>equi</span> <span class='ocrx_word' id='word_1_398' title='bbox 822 4799 1007 4854; x_wconf 89' lang='lat' dir='ltr'>nostri</span> <span class='ocrx_word' id='word_1_399' title='bbox 1038 4799 1376 4855; x_wconf 88' lang='lat' dir='ltr'>calcaneum</span> <span class='ocrx_word' id='word_1_400' title='bbox 1414 4819 1425 4868; x_wconf 91' lang='lat'>;</span> <span class='ocrx_word' id='word_1_401' title='bbox 1486 4802 1743 4857; x_wconf 89' lang='lat' dir='ltr'>animam</span> <span class='ocrx_word' id='word_1_402' title='bbox 1774 4804 1930 4859; x_wconf 90' lang='lat' dir='ltr'>enim</span> <span class='ocrx_word' id='word_1_403' title='bbox 1991 4805 2135 4861; x_wconf 86' lang='lat' dir='ltr'>ﬁde-</span> 
     </span>
    </p>
   </div>
   <div class='ocr_carea' id='block_1_54' title="bbox 490 4884 2138 4960">
    <p class='ocr_par' dir='ltr' id='par_1_54' title="bbox 490 4884 2138 4960">
     <span class='ocr_line' id='line_1_54' title="bbox 490 4884 2138 4960; baseline 0.007 -21"><span class='ocrx_word' id='word_1_404' title='bbox 490 4884 638 4943; x_wconf 91' lang='lat' dir='ltr'>lium</span> <span class='ocrx_word' id='word_1_405' title='bbox 671 4904 786 4943; x_wconf 91' lang='lat' dir='ltr'>non</span> <span class='ocrx_word' id='word_1_406' title='bbox 819 4887 1031 4960; x_wconf 90' lang='lat' dir='ltr'>poterit</span> <span class='ocrx_word' id='word_1_407' title='bbox 1057 4888 1382 4945; x_wconf 82' lang='lat' dir='ltr'>vulnerare.</span> <span class='ocrx_word' id='word_1_408' title='bbox 1418 4891 1479 4943; x_wconf 89' lang='lat' dir='ltr'>In</span> <span class='ocrx_word' id='word_1_409' title='bbox 1513 4906 1630 4960; x_wconf 89' lang='lat' dir='ltr'>qua</span> <span class='ocrx_word' id='word_1_410' title='bbox 1661 4895 1854 4946; x_wconf 90' lang='lat' dir='ltr'>autem</span> <span class='ocrx_word' id='word_1_411' title='bbox 1903 4894 1996 4949; x_wconf 90' lang='lat' dir='ltr'>via</span> <span class='ocrx_word' id='word_1_412' title='bbox 2053 4912 2138 4950; x_wconf 89' lang='lat' dir='ltr'>se-</span> 
     </span>
    </p>
   </div>
   <div class='ocr_carea' id='block_1_55' title="bbox 490 4975 2136 5050">
    <p class='ocr_par' dir='ltr' id='par_1_55' title="bbox 490 4975 2136 5050">
     <span class='ocr_line' id='line_1_55' title="bbox 490 4975 2136 5050; baseline 0.004 -20"><span class='ocrx_word' id='word_1_413' title='bbox 490 4975 669 5044; x_wconf 82' lang='lat' dir='ltr'>debit,</span> <span class='ocrx_word' id='word_1_414' title='bbox 702 4980 759 5032; x_wconf 90' lang='lat' dir='ltr'>et</span> <span class='ocrx_word' id='word_1_415' title='bbox 787 4976 846 5032; x_wconf 88' lang='lat' dir='ltr'>in</span> <span class='ocrx_word' id='word_1_416' title='bbox 889 4994 1006 5050; x_wconf 91' lang='lat' dir='ltr'>qua</span> <span class='ocrx_word' id='word_1_417' title='bbox 1035 4978 1267 5047; x_wconf 87' lang='lat' dir='ltr'>semita,</span> <span class='ocrx_word' id='word_1_418' title='bbox 1329 4977 1441 5033; x_wconf 89' lang='lat' dir='ltr'>nisi</span> <span class='ocrx_word' id='word_1_419' title='bbox 1498 4995 1565 5034; x_wconf 83' lang='lat' dir='ltr'>ex</span> <span class='ocrx_word' id='word_1_420' title='bbox 1595 4979 1812 5050; x_wconf 88' lang='lat' dir='ltr'>quibus</span> <span class='ocrx_word' id='word_1_421' title='bbox 1870 4982 2136 5037; x_wconf 89' lang='lat' dir='ltr'>Christus</span> 
     </span>
    </p>
   </div>
   <div class='ocr_carea' id='block_1_56' title="bbox 489 5063 2139 5140">
    <p class='ocr_par' dir='ltr' id='par_1_56' title="bbox 489 5063 2139 5140">
     <span class='ocr_line' id='line_1_56' title="bbox 489 5063 2139 5140; baseline 0.005 -22"><span class='ocrx_word' id='word_1_422' title='bbox 489 5063 794 5134; x_wconf 89' lang='lat' dir='ltr'>Dominus,</span> <span class='ocrx_word' id='word_1_423' title='bbox 819 5070 884 5121; x_wconf 92' lang='lat' dir='ltr'>ut</span> <span class='ocrx_word' id='word_1_424' title='bbox 913 5065 1187 5140; x_wconf 89' lang='lat' dir='ltr'>legimus,</span> <span class='ocrx_word' id='word_1_425' title='bbox 1223 5067 1526 5123; x_wconf 89' lang='lat' dir='ltr'>nationum</span> <span class='ocrx_word' id='word_1_426' title='bbox 1585 5068 1868 5139; x_wconf 88' lang='lat' dir='ltr'>populum</span> <span class='ocrx_word' id='word_1_427' title='bbox 1918 5071 2139 5126; x_wconf 92' lang='lat' dir='ltr'>vocavit</span> 
     </span>
    </p>
   </div>
   <div class='ocr_carea' id='block_1_57' title="bbox 486 5153 2134 5230">
    <p class='ocr_par' dir='ltr' id='par_1_57' title="bbox 486 5153 2134 5230">
     <span class='ocr_line' id='line_1_57' title="bbox 486 5153 2134 5230; baseline 0.004 -22"><span class='ocrx_word' id='word_1_428' title='bbox 486 5153 558 5208; x_wconf 86' lang='lat' dir='ltr'>ad</span> <span class='ocrx_word' id='word_1_429' title='bbox 582 5171 807 5210; x_wconf 78' lang='lat' dir='ltr'>ccenam</span> <span class='ocrx_word' id='word_1_430' title='bbox 829 5172 997 5211; x_wconf 88' lang='lat' dir='ltr'>suam</span> <span class='ocrx_word' id='word_1_431' title='bbox 1023 5157 1221 5212; x_wconf 90' lang='lat' dir='ltr'>diccns</span> <span class='ocrx_word' id='word_1_432' title='bbox 1248 5175 1260 5224; x_wconf 92' lang='lat'>;</span> <span class='ocrx_word' id='word_1_433' title='bbox 1283 5180 1308 5206; x_wconf 89' lang='grc'><em>‹‹</em></span> <span class='ocrx_word' id='word_1_434' title='bbox 1335 5157 1433 5211; x_wconf 79' lang='lat' dir='ltr'>Exi</span> <span class='ocrx_word' id='word_1_435' title='bbox 1457 5157 1514 5212; x_wconf 92' lang='lat' dir='ltr'>in</span> <span class='ocrx_word' id='word_1_436' title='bbox 1536 5156 1680 5225; x_wconf 89' lang='lat' dir='ltr'>vias,</span> <span class='ocrx_word' id='word_1_437' title='bbox 1703 5163 1758 5212; x_wconf 88' lang='lat' dir='ltr'>et</span> <span class='ocrx_word' id='word_1_438' title='bbox 1774 5157 1926 5212; x_wconf 87' lang='lat' dir='ltr'>circa</span> <span class='ocrx_word' id='word_1_439' title='bbox 1947 5175 2134 5230; x_wconf 89' lang='lat' dir='ltr'>sepes,</span> 
     </span>
    </p>
   </div>
   <div class='ocr_carea' id='block_1_58' title="bbox 487 5243 2139 5318">
    <p class='ocr_par' dir='ltr' id='par_1_58' title="bbox 487 5243 2139 5318">
     <span class='ocr_line' id='line_1_58' title="bbox 487 5243 2139 5318; baseline 0.006 -24"><span class='ocrx_word' id='word_1_440' title='bbox 487 5245 544 5295; x_wconf 90' lang='lat' dir='ltr'>et</span> <span class='ocrx_word' id='word_1_441' title='bbox 564 5243 846 5316; x_wconf 92' lang='lat' dir='ltr'>compelle</span> <span class='ocrx_word' id='word_1_442' title='bbox 873 5250 939 5300; x_wconf 92' lang='lat' dir='ltr'>ut</span> <span class='ocrx_word' id='word_1_443' title='bbox 983 5245 1246 5301; x_wconf 87' lang='lat' dir='ltr'>intrent:</span> <span class='ocrx_word' id='word_1_444' title='bbox 1301 5244 1701 5318; x_wconf 88' lang='lat' dir='ltr'>utimpleatur</span> <span class='ocrx_word' id='word_1_445' title='bbox 1749 5247 1958 5302; x_wconf 89' lang='lat' dir='ltr'>domus</span> <span class='ocrx_word' id='word_1_446' title='bbox 2009 5263 2139 5304; x_wconf 89' lang='lat' dir='ltr'>mea</span> 
     </span>
    </p>
   </div>
   <div class='ocr_carea' id='block_1_59' title="bbox 489 5329 2137 5406">
    <p class='ocr_par' dir='ltr' id='par_1_59' title="bbox 489 5329 2137 5406">
     <span class='ocr_line' id='line_1_59' title="bbox 489 5329 2137 5406; baseline 0.007 -25"><span class='ocrx_word' id='word_1_447' title='bbox 489 5329 639 5394; x_wconf 84' lang='lat' dir='ltr'>(Luc.</span> <span class='ocrx_word' id='word_1_448' title='bbox 663 5349 776 5400; x_wconf 75' lang='lat' dir='ltr'>xxv,</span> <span class='ocrx_word' id='word_1_449' title='bbox 795 5334 908 5402; x_wconf 88' lang='lat'>23).</span> <span class='ocrx_word' id='word_1_450' title='bbox 941 5357 968 5382; x_wconf 86' lang='grc'>››</span> <span class='ocrx_word' id='word_1_451' title='bbox 996 5335 1064 5389; x_wconf 88' lang='lat' dir='ltr'>Et</span> <span class='ocrx_word' id='word_1_452' title='bbox 1085 5335 1223 5406; x_wconf 88' lang='lat' dir='ltr'>quia</span> <span class='ocrx_word' id='word_1_453' title='bbox 1246 5335 1514 5390; x_wconf 82' lang='lat' dir='ltr'>similiter</span> <span class='ocrx_word' id='word_1_454' title='bbox 1532 5335 1717 5390; x_wconf 85' lang='lat' dir='ltr'>Judas</span> <span class='ocrx_word' id='word_1_455' title='bbox 1744 5333 2137 5406; x_wconf 87' lang='lat' dir='ltr'>ampliﬁcasse</span> 
     </span>
    </p>
   </div>
   <div class='ocr_carea' id='block_1_60' title="bbox 487 5420 2138 5496">
    <p class='ocr_par' dir='ltr' id='par_1_60' title="bbox 487 5420 2138 5496">
     <span class='ocr_line' id='line_1_60' title="bbox 487 5420 2138 5496; baseline 0.005 -26"><span class='ocrx_word' id='word_1_456' title='bbox 487 5432 664 5487; x_wconf 87' lang='lat' dir='ltr'>super</span> <span class='ocrx_word' id='word_1_457' title='bbox 697 5420 991 5477; x_wconf 90' lang='lat' dir='ltr'>Christum</span> <span class='ocrx_word' id='word_1_458' title='bbox 1047 5423 1261 5495; x_wconf 86' lang='lat' dir='ltr'>legitur</span> <span class='ocrx_word' id='word_1_459' title='bbox 1306 5423 1864 5496; x_wconf 85' lang='lat' dir='ltr'>supplantationem,</span> <span class='ocrx_word' id='word_1_460' title='bbox 1906 5424 2138 5480; x_wconf 88' lang='lat' dir='ltr'>videtur</span> 
     </span>
    </p>
   </div>
   <div class='ocr_carea' id='block_1_61' title="bbox 487 5503 2133 5584">
    <p class='ocr_par' dir='ltr' id='par_1_61' title="bbox 487 5503 2133 5584">
     <span class='ocr_line' id='line_1_61' title="bbox 487 5503 2133 5584; baseline 0.008 -27"><span class='ocrx_word' id='word_1_461' title='bbox 487 5503 596 5558; x_wconf 88' lang='lat' dir='ltr'>hoc</span> <span class='ocrx_word' id='word_1_462' title='bbox 619 5503 742 5560; x_wconf 94' lang='lat' dir='ltr'>loco</span> <span class='ocrx_word' id='word_1_463' title='bbox 765 5507 889 5579; x_wconf 92' lang='lat' dir='ltr'>ipse</span> <span class='ocrx_word' id='word_1_464' title='bbox 910 5511 1150 5582; x_wconf 84' lang='lat' dir='ltr'>signari,</span> <span class='ocrx_word' id='word_1_465' title='bbox 1174 5513 1329 5584; x_wconf 92' lang='lat' dir='ltr'>quod</span> <span class='ocrx_word' id='word_1_466' title='bbox 1373 5513 1638 5569; x_wconf 88' lang='lat' dir='ltr'>mordere</span> <span class='ocrx_word' id='word_1_467' title='bbox 1663 5511 1903 5569; x_wconf 87' lang='lat' dir='ltr'>haberet</span> <span class='ocrx_word' id='word_1_468' title='bbox 1946 5513 2133 5570; x_wconf 84' lang='lat' dir='ltr'>calca-</span> 
     </span>
    </p>
   </div>
   <div class='ocr_carea' id='block_1_62' title="bbox 487 5594 2136 5673">
    <p class='ocr_par' dir='ltr' id='par_1_62' title="bbox 487 5594 2136 5673">
     <span class='ocr_line' id='line_1_62' title="bbox 487 5594 2136 5673; baseline 0.009 -21"><span class='ocrx_word' id='word_1_469' title='bbox 487 5607 665 5656; x_wconf 83' lang='lat' dir='ltr'>neum</span> <span class='ocrx_word' id='word_1_470' title='bbox 688 5594 820 5673; x_wconf 82' lang='lat' dir='ltr'>equi</span> <span class='ocrx_word' id='word_1_471' title='bbox 846 5611 959 5669; x_wconf 89' lang='lat' dir='ltr'>quo</span> <span class='ocrx_word' id='word_1_472' title='bbox 983 5598 1248 5659; x_wconf 86' lang='lat' dir='ltr'>Christus</span> <span class='ocrx_word' id='word_1_473' title='bbox 1271 5599 1554 5661; x_wconf 89' lang='lat' dir='ltr'>Dominus</span> <span class='ocrx_word' id='word_1_474' title='bbox 1585 5601 1922 5667; x_wconf 82' lang='lat' dir='ltr'>vehebatur.</span> <span class='ocrx_word' id='word_1_475' title='bbox 1975 5601 2136 5667; x_wconf 78' lang='lat' dir='ltr'>Unde</span> 
     </span>
    </p>
   </div>
   <div class='ocr_carea' id='block_1_63' title="bbox 2239 505 3775 578">
    <p class='ocr_par' dir='ltr' id='par_1_63' title="bbox 2239 505 3775 578">
     <span class='ocr_line' id='line_1_63' title="bbox 2239 505 3775 578; baseline 0.003 -17"><span class='ocrx_word' id='word_1_476' title='bbox 2239 523 2370 561; x_wconf 89' lang='lat' dir='ltr'>caro</span> <span class='ocrx_word' id='word_1_477' title='bbox 2393 507 2520 577; x_wconf 90' lang='lat' dir='ltr'>ejus</span> <span class='ocrx_word' id='word_1_478' title='bbox 2543 505 2747 560; x_wconf 90' lang='lat' dir='ltr'>mundi</span> <span class='ocrx_word' id='word_1_479' title='bbox 2779 505 2960 560; x_wconf 90' lang='lat' dir='ltr'>totius</span> <span class='ocrx_word' id='word_1_480' title='bbox 2983 510 3108 561; x_wconf 88' lang='lat' dir='ltr'>erat</span> <span class='ocrx_word' id='word_1_481' title='bbox 3141 512 3466 577; x_wconf 87' lang='lat' dir='ltr'>susceptura</span> <span class='ocrx_word' id='word_1_482' title='bbox 3502 514 3775 578; x_wconf 84' lang='lat' dir='ltr'>peccatum:</span> 
     </span>
    </p>
   </div>
   <div class='ocr_carea' id='block_1_64' title="bbox 2239 593 3782 666">
    <p class='ocr_par' dir='ltr' id='par_1_64' title="bbox 2239 593 3782 666">
     <span class='ocr_line' id='line_1_64' title="bbox 2239 593 3782 666; baseline 0.004 -18"><span class='ocrx_word' id='word_1_483' title='bbox 2239 598 2303 648; x_wconf 91' lang='lat' dir='ltr'>ut</span> <span class='ocrx_word' id='word_1_484' title='bbox 2324 593 2485 649; x_wconf 87' lang='lat' dir='ltr'>salus</span> <span class='ocrx_word' id='word_1_485' title='bbox 2503 610 2606 665; x_wconf 90' lang='lat' dir='ltr'>pro</span> <span class='ocrx_word' id='word_1_486' title='bbox 2629 593 2822 661; x_wconf 82' lang='lat' dir='ltr'>exitio,</span> <span class='ocrx_word' id='word_1_487' title='bbox 2847 599 2905 649; x_wconf 91' lang='lat' dir='ltr'>et</span> <span class='ocrx_word' id='word_1_488' title='bbox 2926 594 3042 648; x_wconf 91' lang='lat' dir='ltr'>vita</span> <span class='ocrx_word' id='word_1_489' title='bbox 3060 597 3270 649; x_wconf 68' lang='lat' dir='ltr'>aeterna</span> <span class='ocrx_word' id='word_1_490' title='bbox 3310 610 3406 666; x_wconf 91' lang='lat' dir='ltr'>pro</span> <span class='ocrx_word' id='word_1_491' title='bbox 3438 599 3597 651; x_wconf 87' lang='lat' dir='ltr'>morte</span> <span class='ocrx_word' id='word_1_492' title='bbox 3636 613 3782 654; x_wconf 85' lang='lat' dir='ltr'>succe-</span> 
     </span>
    </p>
   </div>
   <div class='ocr_carea' id='block_1_65' title="bbox 2238 681 3784 754">
    <p class='ocr_par' dir='ltr' id='par_1_65' title="bbox 2238 681 3784 754">
     <span class='ocr_line' id='line_1_65' title="bbox 2238 681 3784 754; baseline 0.004 -18"><span class='ocrx_word' id='word_1_493' title='bbox 2238 682 2420 736; x_wconf 87' lang='lat' dir='ltr'>deret.</span> <span class='ocrx_word' id='word_1_494' title='bbox 2460 681 2812 737; x_wconf 90' lang='lat' dir='ltr'>Vulneratus</span> <span class='ocrx_word' id='word_1_495' title='bbox 2837 685 3080 753; x_wconf 89' lang='lat' dir='ltr'>estergo</span> <span class='ocrx_word' id='word_1_496' title='bbox 3105 699 3289 754; x_wconf 91' lang='lat' dir='ltr'>equus</span> <span class='ocrx_word' id='word_1_497' title='bbox 3332 699 3439 737; x_wconf 92' lang='lat' dir='ltr'>non</span> <span class='ocrx_word' id='word_1_498' title='bbox 3483 685 3686 740; x_wconf 78' lang='lat' dir='ltr'>mendax</span> <span class='ocrx_word' id='word_1_499' title='bbox 3719 704 3784 742; x_wconf 89' lang='lat' dir='ltr'>so-</span> 
     </span>
    </p>
   </div>
   <div class='ocr_carea' id='block_1_66' title="bbox 2238 769 3783 843">
    <p class='ocr_par' dir='ltr' id='par_1_66' title="bbox 2238 769 3783 843">
     <span class='ocr_line' id='line_1_66' title="bbox 2238 769 3783 843; baseline 0.005 -20"><span class='ocrx_word' id='word_1_500' title='bbox 2238 769 2331 824; x_wconf 90' lang='lat' dir='ltr'>lus</span> <span class='ocrx_word' id='word_1_501' title='bbox 2363 770 2431 823; x_wconf 90' lang='lat' dir='ltr'>ad</span> <span class='ocrx_word' id='word_1_502' title='bbox 2464 769 2712 825; x_wconf 89' lang='lat' dir='ltr'>salutem</span> <span class='ocrx_word' id='word_1_503' title='bbox 2739 787 2752 836; x_wconf 91' lang='lat'>;</span> <span class='ocrx_word' id='word_1_504' title='bbox 2808 770 3145 825; x_wconf 87' lang='lat' dir='ltr'>vulneratus</span> <span class='ocrx_word' id='word_1_505' title='bbox 3177 775 3264 824; x_wconf 89' lang='lat' dir='ltr'>est</span> <span class='ocrx_word' id='word_1_506' title='bbox 3301 787 3492 842; x_wconf 89' lang='lat' dir='ltr'>equus,</span> <span class='ocrx_word' id='word_1_507' title='bbox 3521 772 3602 843; x_wconf 88' lang='lat' dir='ltr'>qui</span> <span class='ocrx_word' id='word_1_508' title='bbox 3629 776 3783 830; x_wconf 87' lang='lat' dir='ltr'>mundi</span> 
     </span>
    </p>
   </div>
   <div class='ocr_carea' id='block_1_67' title="bbox 2241 857 3783 931">
    <p class='ocr_par' dir='ltr' id='par_1_67' title="bbox 2241 857 3783 931">
     <span class='ocr_line' id='line_1_67' title="bbox 2241 857 3783 931; baseline 0.005 -21"><span class='ocrx_word' id='word_1_509' title='bbox 2241 857 2418 913; x_wconf 88' lang='lat' dir='ltr'>totius</span> <span class='ocrx_word' id='word_1_510' title='bbox 2450 862 2683 928; x_wconf 87' lang='lat' dir='ltr'>peccata</span> <span class='ocrx_word' id='word_1_511' title='bbox 2713 857 2993 929; x_wconf 86' lang='lat' dir='ltr'>suscepit,</span> <span class='ocrx_word' id='word_1_512' title='bbox 3024 863 3079 913; x_wconf 90' lang='lat' dir='ltr'>et</span> <span class='ocrx_word' id='word_1_513' title='bbox 3108 875 3282 913; x_wconf 90' lang='lat' dir='ltr'>onera</span> <span class='ocrx_word' id='word_1_514' title='bbox 3311 863 3495 913; x_wconf 88' lang='lat' dir='ltr'>nostra</span> <span class='ocrx_word' id='word_1_515' title='bbox 3522 862 3730 931; x_wconf 83' lang='lat' dir='ltr'>portavit,</span> <span class='ocrx_word' id='word_1_516' title='bbox 3744 868 3783 918; x_wconf 85' lang='lat' dir='ltr'>et</span> 
     </span>
    </p>
   </div>
   <div class='ocr_carea' id='block_1_68' title="bbox 2241 946 3784 1021">
    <p class='ocr_par' dir='ltr' id='par_1_68' title="bbox 2241 946 3784 1021">
     <span class='ocr_line' id='line_1_68' title="bbox 2241 946 3784 1021; baseline 0.003 -21"><span class='ocrx_word' id='word_1_517' title='bbox 2241 963 2355 1000; x_wconf 90' lang='lat' dir='ltr'>non</span> <span class='ocrx_word' id='word_1_518' title='bbox 2389 947 2540 1002; x_wconf 71' lang='lat'>878</span> <span class='ocrx_word' id='word_1_519' title='bbox 2572 947 2681 1001; x_wconf 90' lang='lat' dir='ltr'>fuit</span> <span class='ocrx_word' id='word_1_520' title='bbox 2706 946 2987 1019; x_wconf 86' lang='lat' dir='ltr'>fatigatus</span> <span class='ocrx_word' id='word_1_521' title='bbox 3021 964 3032 1000; x_wconf 92' lang='lat'><strong>:</strong></span> <span class='ocrx_word' id='word_1_522' title='bbox 3068 946 3398 1002; x_wconf 88' lang='lat' dir='ltr'>vulneratus</span> <span class='ocrx_word' id='word_1_523' title='bbox 3425 953 3506 1002; x_wconf 88' lang='lat' dir='ltr'>est</span> <span class='ocrx_word' id='word_1_524' title='bbox 3530 964 3692 1020; x_wconf 88' lang='lat' dir='ltr'>equus,</span> <span class='ocrx_word' id='word_1_525' title='bbox 3710 951 3784 1021; x_wconf 89' lang='lat' dir='ltr'>qui</span> 
     </span>
    </p>
   </div>
   <div class='ocr_carea' id='block_1_69' title="bbox 2241 1035 3782 1094">
    <p class='ocr_par' dir='ltr' id='par_1_69' title="bbox 2241 1035 3782 1094">
     <span class='ocr_line' id='line_1_69' title="bbox 2241 1035 3782 1094; baseline 0.003 -5"><span class='ocrx_word' id='word_1_526' title='bbox 2241 1036 2311 1089; x_wconf 91' lang='lat' dir='ltr'>ad</span> <span class='ocrx_word' id='word_1_527' title='bbox 2345 1035 2601 1091; x_wconf 91' lang='lat' dir='ltr'>furorem</span> <span class='ocrx_word' id='word_1_528' title='bbox 2631 1035 2979 1091; x_wconf 91' lang='lat' dir='ltr'>concubitus</span> <span class='ocrx_word' id='word_1_529' title='bbox 3012 1035 3318 1091; x_wconf 87' lang='lat' dir='ltr'>adhinnire</span> <span class='ocrx_word' id='word_1_530' title='bbox 3356 1035 3582 1090; x_wconf 89' lang='lat' dir='ltr'>nescivit.</span> <span class='ocrx_word' id='word_1_531' title='bbox 3609 1037 3662 1091; x_wconf 89' lang='lat' dir='ltr'>Et</span> <span class='ocrx_word' id='word_1_532' title='bbox 3685 1038 3782 1094; x_wconf 87' lang='lat' dir='ltr'>ideo</span> 
     </span>
    </p>
   </div>
   <div class='ocr_carea' id='block_1_70' title="bbox 2241 1123 3781 1197">
    <p class='ocr_par' dir='ltr' id='par_1_70' title="bbox 2241 1123 3781 1197">
     <span class='ocr_line' id='line_1_70' title="bbox 2241 1123 3781 1197; baseline 0.003 -19"><span class='ocrx_word' id='word_1_533' title='bbox 2241 1124 2508 1179; x_wconf 88' lang='lat' dir='ltr'>fortassis</span> <span class='ocrx_word' id='word_1_534' title='bbox 2536 1124 2744 1180; x_wconf 90' lang='lat' dir='ltr'>Joanni</span> <span class='ocrx_word' id='word_1_535' title='bbox 2782 1123 3151 1197; x_wconf 69' lang='lat' dir='ltr'>evangelista</span> <span class='ocrx_word' id='word_1_536' title='bbox 3211 1123 3415 1179; x_wconf 87' lang='lat' dir='ltr'>coelum</span> <span class='ocrx_word' id='word_1_537' title='bbox 3469 1129 3690 1195; x_wconf 87' lang='lat' dir='ltr'>apertum,</span> <span class='ocrx_word' id='word_1_538' title='bbox 3739 1131 3781 1182; x_wconf 84' lang='lat' dir='ltr'>et</span> 
     </span>
    </p>
   </div>
   <div class='ocr_carea' id='block_1_71' title="bbox 2241 1211 3776 1284">
    <p class='ocr_par' dir='ltr' id='par_1_71' title="bbox 2241 1211 3776 1284">
     <span class='ocr_line' id='line_1_71' title="bbox 2241 1211 3776 1284; baseline 0.001 -18"><span class='ocrx_word' id='word_1_539' title='bbox 2241 1211 2412 1268; x_wconf 89' lang='lat' dir='ltr'>albus</span> <span class='ocrx_word' id='word_1_540' title='bbox 2441 1229 2630 1283; x_wconf 88' lang='lat' dir='ltr'>equus</span> <span class='ocrx_word' id='word_1_541' title='bbox 2659 1217 2747 1268; x_wconf 86' lang='lat' dir='ltr'>est</span> <span class='ocrx_word' id='word_1_542' title='bbox 2785 1213 3243 1280; x_wconf 89' lang='lat' dir='ltr'>demonstratus,</span> <span class='ocrx_word' id='word_1_543' title='bbox 3277 1227 3446 1284; x_wconf 89' lang='lat' dir='ltr'>super</span> <span class='ocrx_word' id='word_1_544' title='bbox 3494 1229 3630 1283; x_wconf 86' lang='lat' dir='ltr'>quem</span> <span class='ocrx_word' id='word_1_545' title='bbox 3653 1213 3776 1268; x_wconf 84' lang='lat' dir='ltr'>sede-</span> 
     </span>
    </p>
   </div>
   <div class='ocr_carea' id='block_1_72' title="bbox 2243 1299 3782 1372">
    <p class='ocr_par' dir='ltr' id='par_1_72' title="bbox 2243 1299 3782 1372">
     <span class='ocr_line' id='line_1_72' title="bbox 2243 1299 3782 1372; baseline 0.001 -17"><span class='ocrx_word' id='word_1_546' title='bbox 2243 1301 2341 1355; x_wconf 87' lang='lat' dir='ltr'>bat</span> <span class='ocrx_word' id='word_1_547' title='bbox 2369 1300 2592 1356; x_wconf 89' lang='lat' dir='ltr'>habens</span> <span class='ocrx_word' id='word_1_548' title='bbox 2623 1300 2681 1354; x_wconf 91' lang='lat' dir='ltr'>in</span> <span class='ocrx_word' id='word_1_549' title='bbox 2713 1300 2901 1372; x_wconf 88' lang='lat' dir='ltr'>capite</span> <span class='ocrx_word' id='word_1_550' title='bbox 2941 1300 3293 1365; x_wconf 88' lang='lat' dir='ltr'>diademata,</span> <span class='ocrx_word' id='word_1_551' title='bbox 3324 1304 3378 1354; x_wconf 91' lang='lat' dir='ltr'>et</span> <span class='ocrx_word' id='word_1_552' title='bbox 3429 1299 3480 1352; x_wconf 91' lang='lat' dir='ltr'>in</span> <span class='ocrx_word' id='word_1_553' title='bbox 3512 1300 3679 1354; x_wconf 85' lang='lat' dir='ltr'>femore</span> <span class='ocrx_word' id='word_1_554' title='bbox 3701 1316 3782 1356; x_wconf 81' lang='lat' dir='ltr'>suo</span> 
     </span>
    </p>
   </div>
   <div class='ocr_carea' id='block_1_73' title="bbox 2242 1386 3787 1461">
    <p class='ocr_par' dir='ltr' id='par_1_73' title="bbox 2242 1386 3787 1461">
     <span class='ocr_line' id='line_1_73' title="bbox 2242 1386 3787 1461; baseline 0 -19"><span class='ocrx_word' id='word_1_555' title='bbox 2242 1406 2454 1445; x_wconf 90' lang='lat' dir='ltr'>nomen</span> <span class='ocrx_word' id='word_1_556' title='bbox 2485 1388 2770 1461; x_wconf 90' lang='lat' dir='ltr'>scriptum</span> <span class='ocrx_word' id='word_1_557' title='bbox 2805 1405 2816 1442; x_wconf 92' lang='lat'><strong>:</strong></span> <span class='ocrx_word' id='word_1_558' title='bbox 2877 1412 2904 1437; x_wconf 89' lang='grc'><strong>‹‹</strong></span> <span class='ocrx_word' id='word_1_559' title='bbox 2939 1389 3056 1443; x_wconf 84' lang='lat' dir='ltr'>Rex</span> <span class='ocrx_word' id='word_1_560' title='bbox 3079 1403 3346 1460; x_wconf 90' lang='lat' dir='ltr'>regnum,</span> <span class='ocrx_word' id='word_1_561' title='bbox 3379 1391 3431 1440; x_wconf 84' lang='lat' dir='ltr'>et</span> <span class='ocrx_word' id='word_1_562' title='bbox 3456 1386 3690 1442; x_wconf 87' lang='lat' dir='ltr'>Dominus</span> <span class='ocrx_word' id='word_1_563' title='bbox 3715 1388 3787 1442; x_wconf 88' lang='lat' dir='ltr'>do-</span> 
     </span>
    </p>
   </div>
   <div class='ocr_carea' id='block_1_74' title="bbox 2245 1475 3789 1549">
    <p class='ocr_par' dir='ltr' id='par_1_74' title="bbox 2245 1475 3789 1549">
     <span class='ocr_line' id='line_1_74' title="bbox 2245 1475 3789 1549; baseline -0.001 -18"><span class='ocrx_word' id='word_1_564' title='bbox 2245 1477 2598 1532; x_wconf 87' lang='lat' dir='ltr'>minantium</span> <span class='ocrx_word' id='word_1_565' title='bbox 2631 1478 2810 1549; x_wconf 81' lang='lat' dir='ltr'>(Apoc.</span> <span class='ocrx_word' id='word_1_566' title='bbox 2844 1494 2957 1544; x_wconf 79' lang='lat' dir='ltr'>XIX,</span> <span class='ocrx_word' id='word_1_567' title='bbox 2992 1477 3099 1548; x_wconf 88' lang='grc'><strong>16).</strong></span> <span class='ocrx_word' id='word_1_568' title='bbox 3134 1499 3159 1525; x_wconf 80' lang='grc'><strong>››</strong></span> <span class='ocrx_word' id='word_1_569' title='bbox 3191 1475 3372 1532; x_wconf 85' lang='lat' dir='ltr'>Albus</span> <span class='ocrx_word' id='word_1_570' title='bbox 3400 1480 3527 1542; x_wconf 87' lang='lat' dir='ltr'>erat,</span> <span class='ocrx_word' id='word_1_571' title='bbox 3557 1476 3667 1547; x_wconf 88' lang='lat' dir='ltr'>quia</span> <span class='ocrx_word' id='word_1_572' title='bbox 3701 1481 3789 1530; x_wconf 80' lang='lat' dir='ltr'>erat</span> 
     </span>
    </p>
   </div>
   <div class='ocr_carea' id='block_1_75' title="bbox 2247 1563 3789 1636">
    <p class='ocr_par' dir='ltr' id='par_1_75' title="bbox 2247 1563 3789 1636">
     <span class='ocr_line' id='line_1_75' title="bbox 2247 1563 3789 1636; baseline 0 -18"><span class='ocrx_word' id='word_1_573' title='bbox 2247 1565 2676 1631; x_wconf 84' lang='lat' dir='ltr'>immaculatus,</span> <span class='ocrx_word' id='word_1_574' title='bbox 2719 1565 2818 1635; x_wconf 91' lang='lat' dir='ltr'>qui</span> <span class='ocrx_word' id='word_1_575' title='bbox 2851 1563 3012 1619; x_wconf 89' lang='lat' dir='ltr'>nulla</span> <span class='ocrx_word' id='word_1_576' title='bbox 3042 1564 3261 1636; x_wconf 88' lang='lat' dir='ltr'>peccati</span> <span class='ocrx_word' id='word_1_577' title='bbox 3321 1564 3702 1635; x_wconf 83' lang='lat' dir='ltr'>inquinamenta</span> <span class='ocrx_word' id='word_1_578' title='bbox 3723 1581 3789 1618; x_wconf 87' lang='lat' dir='ltr'>co-</span> 
     </span>
    </p>
   </div>
   <div class='ocr_carea' id='block_1_76' title="bbox 2244 1653 3789 1725">
    <p class='ocr_par' dir='ltr' id='par_1_76' title="bbox 2244 1653 3789 1725">
     <span class='ocr_line' id='line_1_76' title="bbox 2244 1653 3789 1725; baseline -0.001 -18"><span class='ocrx_word' id='word_1_579' title='bbox 2244 1660 2538 1725; x_wconf 84' lang='lat' dir='ltr'>gnoverat.</span> <span class='ocrx_word' id='word_1_580' title='bbox 2575 1654 2718 1710; x_wconf 86' lang='lat' dir='ltr'>Nam</span> <span class='ocrx_word' id='word_1_581' title='bbox 2753 1655 2800 1707; x_wconf 91' lang='lat' dir='ltr'>si</span> <span class='ocrx_word' id='word_1_582' title='bbox 2835 1653 3014 1708; x_wconf 90' lang='lat' dir='ltr'>libido</span> <span class='ocrx_word' id='word_1_583' title='bbox 3047 1653 3353 1708; x_wconf 88' lang='lat' dir='ltr'>tenebrosa</span> <span class='ocrx_word' id='word_1_584' title='bbox 3402 1657 3498 1720; x_wconf 90' lang='lat' dir='ltr'>est,</span> <span class='ocrx_word' id='word_1_585' title='bbox 3529 1657 3652 1707; x_wconf 86' lang='lat' dir='ltr'>recte</span> <span class='ocrx_word' id='word_1_586' title='bbox 3696 1669 3789 1707; x_wconf 83' lang='lat' dir='ltr'>sau-</span> 
     </span>
    </p>
   </div>
   <div class='ocr_carea' id='block_1_77' title="bbox 2248 1740 3792 1813">
    <p class='ocr_par' dir='ltr' id='par_1_77' title="bbox 2248 1740 3792 1813">
     <span class='ocr_line' id='line_1_77' title="bbox 2248 1740 3792 1813; baseline -0.001 -17"><span class='ocrx_word' id='word_1_587' title='bbox 2248 1741 2522 1797; x_wconf 84' lang='lat' dir='ltr'>ctimonia</span> <span class='ocrx_word' id='word_1_588' title='bbox 2552 1741 2765 1797; x_wconf 88' lang='lat' dir='ltr'>relucet</span> <span class='ocrx_word' id='word_1_589' title='bbox 2795 1747 2851 1796; x_wconf 91' lang='lat' dir='ltr'>et</span> <span class='ocrx_word' id='word_1_590' title='bbox 2880 1740 3166 1813; x_wconf 89' lang='lat' dir='ltr'>splendet.</span> <span class='ocrx_word' id='word_1_591' title='bbox 3231 1741 3331 1796; x_wconf 86' lang='lat' dir='ltr'>Hic</span> <span class='ocrx_word' id='word_1_592' title='bbox 3380 1757 3503 1813; x_wconf 84' lang='lat' dir='ltr'>ergo</span> <span class='ocrx_word' id='word_1_593' title='bbox 3545 1757 3694 1812; x_wconf 85' lang='lat' dir='ltr'>equus</span> <span class='ocrx_word' id='word_1_594' title='bbox 3732 1744 3792 1796; x_wconf 88' lang='lat' dir='ltr'>est</span> 
     </span>
    </p>
   </div>
   <div class='ocr_carea' id='block_1_78' title="bbox 2247 1829 3791 1901">
    <p class='ocr_par' dir='ltr' id='par_1_78' title="bbox 2247 1829 3791 1901">
     <span class='ocr_line' id='line_1_78' title="bbox 2247 1829 3791 1901; baseline -0.001 -17"><span class='ocrx_word' id='word_1_595' title='bbox 2247 1829 2604 1896; x_wconf 82' lang='lat' dir='ltr'>vulneratus,</span> <span class='ocrx_word' id='word_1_596' title='bbox 2641 1830 2740 1884; x_wconf 89' lang='lat' dir='ltr'>sed</span> <span class='ocrx_word' id='word_1_597' title='bbox 2777 1847 2888 1884; x_wconf 91' lang='lat' dir='ltr'>non</span> <span class='ocrx_word' id='word_1_598' title='bbox 2922 1830 3269 1885; x_wconf 86' lang='lat' dir='ltr'>retardatus.</span> <span class='ocrx_word' id='word_1_599' title='bbox 3300 1830 3539 1901; x_wconf 90' lang='lat' dir='ltr'>Denique</span> <span class='ocrx_word' id='word_1_600' title='bbox 3566 1845 3670 1884; x_wconf 88' lang='lat' dir='ltr'>cum</span> <span class='ocrx_word' id='word_1_601' title='bbox 3706 1829 3791 1900; x_wconf 82' lang='lat' dir='ltr'>ipso</span> 
     </span>
    </p>
   </div>
   <div class='ocr_carea' id='block_1_79' title="bbox 2247 1915 3794 1985">
    <p class='ocr_par' dir='ltr' id='par_1_79' title="bbox 2247 1915 3794 1985">
     <span class='ocr_line' id='line_1_79' title="bbox 2247 1915 3794 1985; baseline -0.003 -11"><span class='ocrx_word' id='word_1_602' title='bbox 2247 1919 2482 1974; x_wconf 82' lang='lat' dir='ltr'>vulnere</span> <span class='ocrx_word' id='word_1_603' title='bbox 2512 1921 2582 1974; x_wconf 90' lang='lat' dir='ltr'>de</span> <span class='ocrx_word' id='word_1_604' title='bbox 2615 1919 2840 1974; x_wconf 86' lang='lat' dir='ltr'>tumulo</span> <span class='ocrx_word' id='word_1_605' title='bbox 2872 1919 3212 1985; x_wconf 82' lang='lat' dir='ltr'>resurrexit,</span> <span class='ocrx_word' id='word_1_606' title='bbox 3241 1919 3489 1973; x_wconf 87' lang='lat' dir='ltr'>cucurrit</span> <span class='ocrx_word' id='word_1_607' title='bbox 3539 1918 3598 1972; x_wconf 92' lang='lat' dir='ltr'>ad</span> <span class='ocrx_word' id='word_1_608' title='bbox 3643 1915 3794 1972; x_wconf 69' lang='lat' dir='ltr'>colum</span> 
     </span>
    </p>
   </div>
   <div class='ocr_carea' id='block_1_80' title="bbox 2249 2005 3792 2080">
    <p class='ocr_par' dir='ltr' id='par_1_80' title="bbox 2249 2005 3792 2080">
     <span class='ocr_line' id='line_1_80' title="bbox 2249 2005 3792 2080; baseline -0.005 -16"><span class='ocrx_word' id='word_1_609' title='bbox 2249 2025 2427 2079; x_wconf 88' lang='lat' dir='ltr'>supra</span> <span class='ocrx_word' id='word_1_610' title='bbox 2458 2025 2659 2063; x_wconf 87' lang='lat' dir='ltr'>omnes</span> <span class='ocrx_word' id='word_1_611' title='bbox 2692 2008 2930 2080; x_wconf 88' lang='lat' dir='ltr'>angelos</span> <span class='ocrx_word' id='word_1_612' title='bbox 2961 2012 3016 2063; x_wconf 89' lang='lat' dir='ltr'>et</span> <span class='ocrx_word' id='word_1_613' title='bbox 3046 2006 3443 2079; x_wconf 86' lang='lat' dir='ltr'>archangelos,</span> <span class='ocrx_word' id='word_1_614' title='bbox 3475 2005 3676 2061; x_wconf 84' lang='lat' dir='ltr'>velocior</span> <span class='ocrx_word' id='word_1_615' title='bbox 3704 2020 3792 2058; x_wconf 89' lang='lat' dir='ltr'>om-</span> 
     </span>
    </p>
   </div>
   <div class='ocr_carea' id='block_1_81' title="bbox 2251 2095 3787 2168">
    <p class='ocr_par' dir='ltr' id='par_1_81' title="bbox 2251 2095 3787 2168">
     <span class='ocr_line' id='line_1_81' title="bbox 2251 2095 3787 2168; baseline -0.004 -16"><span class='ocrx_word' id='word_1_616' title='bbox 2251 2099 2308 2152; x_wconf 90' lang='lat' dir='ltr'>ni</span> <span class='ocrx_word' id='word_1_617' title='bbox 2333 2097 2590 2168; x_wconf 86' lang='lat' dir='ltr'>cquitatu</span> <span class='ocrx_word' id='word_1_618' title='bbox 2628 2096 2846 2151; x_wconf 68' lang='lat' dir='ltr'>militia:</span> <span class='ocrx_word' id='word_1_619' title='bbox 2876 2095 3126 2152; x_wconf 80' lang='lat' dir='ltr'>ccelestis</span> <span class='ocrx_word' id='word_1_620' title='bbox 3157 2096 3449 2161; x_wconf 90' lang='lat' dir='ltr'>inventus,</span> <span class='ocrx_word' id='word_1_621' title='bbox 3480 2110 3627 2167; x_wconf 83' lang='lat' dir='ltr'>supra</span> <span class='ocrx_word' id='word_1_622' title='bbox 3655 2107 3787 2164; x_wconf 82' lang='lat' dir='ltr'>equos</span> 
     </span>
    </p>
   </div>
   <div class='ocr_carea' id='block_1_82' title="bbox 2251 2183 3794 2258">
    <p class='ocr_par' dir='ltr' id='par_1_82' title="bbox 2251 2183 3794 2258">
     <span class='ocr_line' id='line_1_82' title="bbox 2251 2183 3794 2258; baseline -0.005 -17"><span class='ocrx_word' id='word_1_623' title='bbox 2251 2187 2424 2242; x_wconf 89' lang='lat' dir='ltr'>etiam</span> <span class='ocrx_word' id='word_1_624' title='bbox 2460 2186 2590 2240; x_wconf 87' lang='lat' dir='ltr'>illos</span> <span class='ocrx_word' id='word_1_625' title='bbox 2622 2186 2823 2258; x_wconf 85' lang='lat' dir='ltr'>igneos</span> <span class='ocrx_word' id='word_1_626' title='bbox 2856 2185 3070 2257; x_wconf 92' lang='lat' dir='ltr'>quibus</span> <span class='ocrx_word' id='word_1_627' title='bbox 3100 2185 3258 2240; x_wconf 86' lang='lat' dir='ltr'>Elias</span> <span class='ocrx_word' id='word_1_628' title='bbox 3289 2190 3483 2256; x_wconf 89' lang='lat' dir='ltr'>raptus</span> <span class='ocrx_word' id='word_1_629' title='bbox 3510 2188 3600 2239; x_wconf 78' lang='lat' dir='ltr'>est.</span> <span class='ocrx_word' id='word_1_630' title='bbox 3623 2183 3674 2236; x_wconf 83' lang='lat' dir='ltr'>Et</span> <span class='ocrx_word' id='word_1_631' title='bbox 3711 2196 3794 2235; x_wconf 86' lang='lat' dir='ltr'>me-</span> 
     </span>
    </p>
   </div>
   <div class='ocr_carea' id='block_1_83' title="bbox 2253 2272 3800 2346">
    <p class='ocr_par' dir='ltr' id='par_1_83' title="bbox 2253 2272 3800 2346">
     <span class='ocr_line' id='line_1_83' title="bbox 2253 2272 3800 2346; baseline -0.005 -16"><span class='ocrx_word' id='word_1_632' title='bbox 2253 2275 2362 2330; x_wconf 90' lang='lat' dir='ltr'>rito</span> <span class='ocrx_word' id='word_1_633' title='bbox 2393 2274 2662 2341; x_wconf 82' lang='lat' dir='ltr'>velocior,</span> <span class='ocrx_word' id='word_1_634' title='bbox 2697 2275 2796 2346; x_wconf 92' lang='lat' dir='ltr'>qui</span> <span class='ocrx_word' id='word_1_635' title='bbox 2829 2291 3007 2346; x_wconf 91' lang='lat' dir='ltr'>super</span> <span class='ocrx_word' id='word_1_636' title='bbox 3036 2290 3243 2330; x_wconf 90' lang='lat' dir='ltr'>omnes</span> <span class='ocrx_word' id='word_1_637' title='bbox 3274 2272 3463 2342; x_wconf 82' lang='lat' dir='ltr'>ccelos,</span> <span class='ocrx_word' id='word_1_638' title='bbox 3493 2277 3543 2327; x_wconf 90' lang='lat' dir='ltr'>et</span> <span class='ocrx_word' id='word_1_639' title='bbox 3568 2285 3706 2341; x_wconf 84' lang='lat' dir='ltr'>supra</span> <span class='ocrx_word' id='word_1_640' title='bbox 3725 2284 3800 2323; x_wconf 72' lang='lat' dir='ltr'>co:-</span> 
     </span>
    </p>
   </div>
   <div class='ocr_carea' id='block_1_84' title="bbox 2251 2356 3797 2435">
    <p class='ocr_par' dir='ltr' id='par_1_84' title="bbox 2251 2356 3797 2435">
     <span class='ocr_line' id='line_1_84' title="bbox 2251 2356 3797 2435; baseline -0.005 -17"><span class='ocrx_word' id='word_1_641' title='bbox 2251 2365 2375 2420; x_wconf 91' lang='lat' dir='ltr'>lum</span> <span class='ocrx_word' id='word_1_642' title='bbox 2408 2363 2682 2420; x_wconf 69' lang='lat' dir='ltr'>caelorum</span> <span class='ocrx_word' id='word_1_643' title='bbox 2716 2364 2784 2418; x_wconf 93' lang='lat' dir='ltr'>ad</span> <span class='ocrx_word' id='word_1_644' title='bbox 2821 2363 3017 2418; x_wconf 90' lang='lat' dir='ltr'>sedem</span> <span class='ocrx_word' id='word_1_645' title='bbox 3049 2363 3148 2418; x_wconf 92' lang='lat' dir='ltr'>Dei</span> <span class='ocrx_word' id='word_1_646' title='bbox 3182 2356 3797 2435; x_wconf 84' lang='lat' dir='ltr'>omnipotentisascendit,</span> 
     </span>
    </p>
   </div>
   <div class='ocr_carea' id='block_1_85' title="bbox 2252 2443 3801 2523">
    <p class='ocr_par' dir='ltr' id='par_1_85' title="bbox 2252 2443 3801 2523">
     <span class='ocr_line' id='line_1_85' title="bbox 2252 2443 3801 2523; baseline -0.007 -14"><span class='ocrx_word' id='word_1_647' title='bbox 2252 2459 2311 2509; x_wconf 90' lang='lat' dir='ltr'>et</span> <span class='ocrx_word' id='word_1_648' title='bbox 2341 2453 2501 2508; x_wconf 91' lang='lat' dir='ltr'>sedet</span> <span class='ocrx_word' id='word_1_649' title='bbox 2533 2470 2544 2506; x_wconf 88' lang='lat'>:</span> <span class='ocrx_word' id='word_1_650' title='bbox 2581 2457 2644 2507; x_wconf 90' lang='lat' dir='ltr'>ut</span> <span class='ocrx_word' id='word_1_651' title='bbox 2674 2451 2964 2523; x_wconf 88' lang='lat' dir='ltr'>scriptura</span> <span class='ocrx_word' id='word_1_652' title='bbox 2993 2467 3099 2506; x_wconf 88' lang='lat' dir='ltr'>nos</span> <span class='ocrx_word' id='word_1_653' title='bbox 3133 2450 3336 2506; x_wconf 90' lang='lat' dir='ltr'>docuit</span> <span class='ocrx_word' id='word_1_654' title='bbox 3380 2450 3562 2506; x_wconf 90' lang='lat' dir='ltr'>dicens</span> <span class='ocrx_word' id='word_1_655' title='bbox 3591 2465 3602 2503; x_wconf 88' lang='lat'>:</span> <span class='ocrx_word' id='word_1_656' title='bbox 3629 2470 3651 2495; x_wconf 89' lang='grc'><strong><em>‹‹</em></strong></span> <span class='ocrx_word' id='word_1_657' title='bbox 3677 2443 3801 2499; x_wconf 81' lang='lat' dir='ltr'>Vide-</span> 
     </span>
    </p>
   </div>
   <div class='ocr_carea' id='block_1_86' title="bbox 2255 2538 3801 2600">
    <p class='ocr_par' dir='ltr' id='par_1_86' title="bbox 2255 2538 3801 2600">
     <span class='ocr_line' id='line_1_86' title="bbox 2255 2538 3801 2600; baseline -0.006 -2"><span class='ocrx_word' id='word_1_658' title='bbox 2255 2543 2392 2600; x_wconf 90' lang='lat' dir='ltr'>bitis</span> <span class='ocrx_word' id='word_1_659' title='bbox 2423 2542 2636 2598; x_wconf 88' lang='lat' dir='ltr'>abhinc</span> <span class='ocrx_word' id='word_1_660' title='bbox 2662 2541 2870 2596; x_wconf 87' lang='lat' dir='ltr'>Filium</span> <span class='ocrx_word' id='word_1_661' title='bbox 2903 2539 3158 2596; x_wconf 90' lang='lat' dir='ltr'>hominis</span> <span class='ocrx_word' id='word_1_662' title='bbox 3191 2542 3483 2597; x_wconf 88' lang='lat' dir='ltr'>sedentem</span> <span class='ocrx_word' id='word_1_663' title='bbox 3505 2539 3568 2595; x_wconf 90' lang='lat' dir='ltr'>ad</span> <span class='ocrx_word' id='word_1_664' title='bbox 3586 2538 3801 2593; x_wconf 81' lang='lat' dir='ltr'>dexteram</span> 
     </span>
    </p>
   </div>
   <div class='ocr_carea' id='block_1_87' title="bbox 2253 2630 3054 2703">
    <p class='ocr_par' dir='ltr' id='par_1_87' title="bbox 2253 2630 3054 2703">
     <span class='ocr_line' id='line_1_87' title="bbox 2253 2630 3054 2703; baseline -0.012 -14"><span class='ocrx_word' id='word_1_665' title='bbox 2253 2633 2487 2689; x_wconf 87' lang='lat' dir='ltr'>virtutis</span> <span class='ocrx_word' id='word_1_666' title='bbox 2519 2631 2701 2703; x_wconf 82' lang='lat' dir='ltr'>(Marc.</span> <span class='ocrx_word' id='word_1_667' title='bbox 2737 2647 2851 2701; x_wconf 69' lang='lat' dir='ltr'>xxv,</span> <span class='ocrx_word' id='word_1_668' title='bbox 2882 2630 2993 2699; x_wconf 83' lang='lat'>6&#39;2).</span> <span class='ocrx_word' id='word_1_669' title='bbox 3035 2653 3054 2679; x_wconf 75' lang='grc' dir='ltr'>ι</span> 
     </span>
    </p>
   </div>
   <div class='ocr_carea' id='block_1_88' title="bbox 2323 2732 3804 2810">
    <p class='ocr_par' dir='ltr' id='par_1_88' title="bbox 2323 2732 3804 2810">
     <span class='ocr_line' id='line_1_88' title="bbox 2323 2732 3804 2810; baseline -0.009 -15"><span class='ocrx_word' id='word_1_670' title='bbox 2323 2743 2411 2795; x_wconf 87' lang='lat'>27.</span> <span class='ocrx_word' id='word_1_671' title='bbox 2445 2740 2548 2794; x_wconf 88' lang='lat' dir='ltr'>Hic</span> <span class='ocrx_word' id='word_1_672' title='bbox 2579 2740 2773 2810; x_wconf 75' lang='lat' dir='ltr'>itaque</span> <span class='ocrx_word' id='word_1_673' title='bbox 2804 2754 2991 2810; x_wconf 84' lang='lat' dir='ltr'>equus</span> <span class='ocrx_word' id='word_1_674' title='bbox 3015 2738 3073 2792; x_wconf 94' lang='lat' dir='ltr'>in</span> <span class='ocrx_word' id='word_1_675' title='bbox 3109 2739 3299 2810; x_wconf 87' lang='lat' dir='ltr'>ﬁgura</span> <span class='ocrx_word' id='word_1_676' title='bbox 3323 2740 3379 2792; x_wconf 89' lang='lat' dir='ltr'>et</span> <span class='ocrx_word' id='word_1_677' title='bbox 3403 2741 3522 2791; x_wconf 88' lang='lat' dir='ltr'>ante</span> <span class='ocrx_word' id='word_1_678' title='bbox 3541 2738 3616 2790; x_wconf 91' lang='lat' dir='ltr'>est</span> <span class='ocrx_word' id='word_1_679' title='bbox 3637 2732 3804 2786; x_wconf 87' lang='lat' dir='ltr'>demou-</span> 
     </span>
    </p>
   </div>
   <div class='ocr_carea' id='block_1_89' title="bbox 2255 2818 3805 2898">
    <p class='ocr_par' dir='ltr' id='par_1_89' title="bbox 2255 2818 3805 2898">
     <span class='ocr_line' id='line_1_89' title="bbox 2255 2818 3805 2898; baseline -0.01 -14"><span class='ocrx_word' id='word_1_680' title='bbox 2255 2833 2474 2884; x_wconf 89' lang='lat' dir='ltr'>stratus</span> <span class='ocrx_word' id='word_1_681' title='bbox 2505 2833 2762 2898; x_wconf 90' lang='lat' dir='ltr'>tempore</span> <span class='ocrx_word' id='word_1_682' title='bbox 2795 2826 3287 2898; x_wconf 66' lang='lat' dir='ltr'>Machabeeorum,</span> <span class='ocrx_word' id='word_1_683' title='bbox 3314 2841 3482 2898; x_wconf 89' lang='lat' dir='ltr'>quem</span> <span class='ocrx_word' id='word_1_684' title='bbox 3509 2820 3706 2878; x_wconf 86' lang='lat' dir='ltr'>sedebat</span> <span class='ocrx_word' id='word_1_685' title='bbox 3727 2818 3805 2873; x_wconf 82' lang='lat' dir='ltr'>dux</span> 
     </span>
    </p>
   </div>
   <div class='ocr_carea' id='block_1_90' title="bbox 2255 2901 3804 2982">
    <p class='ocr_par' dir='ltr' id='par_1_90' title="bbox 2255 2901 3804 2982">
     <span class='ocr_line' id='line_1_90' title="bbox 2255 2901 3804 2982; baseline -0.009 -11"><span class='ocrx_word' id='word_1_686' title='bbox 2255 2917 2349 2972; x_wconf 90' lang='lat' dir='ltr'>ille</span> <span class='ocrx_word' id='word_1_687' title='bbox 2383 2916 2600 2970; x_wconf 66' lang='lat' dir='ltr'>militiae</span> <span class='ocrx_word' id='word_1_688' title='bbox 2648 2914 2899 2970; x_wconf 78' lang='lat' dir='ltr'>ccelcstis</span> <span class='ocrx_word' id='word_1_689' title='bbox 2960 2915 3152 2970; x_wconf 90' lang='lat' dir='ltr'>aureis</span> <span class='ocrx_word' id='word_1_690' title='bbox 3185 2915 3367 2970; x_wconf 88' lang='lat' dir='ltr'>armis</span> <span class='ocrx_word' id='word_1_691' title='bbox 3423 2910 3694 2982; x_wconf 86' lang='lat' dir='ltr'>refulgens,</span> <span class='ocrx_word' id='word_1_692' title='bbox 3738 2901 3804 2975; x_wconf 87' lang='lat' dir='ltr'>qui</span> 
     </span>
    </p>
   </div>
   <div class='ocr_carea' id='block_1_91' title="bbox 2258 2991 3804 3075">
    <p class='ocr_par' dir='ltr' id='par_1_91' title="bbox 2258 2991 3804 3075">
     <span class='ocr_line' id='line_1_91' title="bbox 2258 2991 3804 3075; baseline -0.01 -15"><span class='ocrx_word' id='word_1_693' title='bbox 2258 3005 2626 3060; x_wconf 89' lang='lat' dir='ltr'>lleliodorum</span> <span class='ocrx_word' id='word_1_694' title='bbox 2660 3002 3129 3075; x_wconf 89' lang='lat' dir='ltr'>depeculatorem</span> <span class='ocrx_word' id='word_1_695' title='bbox 3158 3001 3329 3057; x_wconf 88' lang='lat' dir='ltr'>illum</span> <span class='ocrx_word' id='word_1_696' title='bbox 3361 2997 3588 3072; x_wconf 88' lang='lat' dir='ltr'>depositi</span> <span class='ocrx_word' id='word_1_697' title='bbox 3607 2991 3804 3056; x_wconf 84' lang='lat' dir='ltr'>vidualis,</span> 
     </span>
    </p>
   </div>
   <div class='ocr_carea' id='block_1_92' title="bbox 2258 3086 3810 3163">
    <p class='ocr_par' dir='ltr' id='par_1_92' title="bbox 2258 3086 3810 3163">
     <span class='ocr_line' id='line_1_92' title="bbox 2258 3086 3810 3163; baseline -0.012 -13"><span class='ocrx_word' id='word_1_698' title='bbox 2258 3098 2714 3163; x_wconf 62' lang='lat' dir='ltr'>ceterorumque</span> <span class='ocrx_word' id='word_1_699' title='bbox 2745 3109 2870 3162; x_wconf 67' lang='lat' dir='ltr'>qua:</span> <span class='ocrx_word' id='word_1_700' title='bbox 2902 3108 3077 3146; x_wconf 69' lang='lat' dir='ltr'>sacrae</span> <span class='ocrx_word' id='word_1_701' title='bbox 3098 3092 3334 3148; x_wconf 85' lang='lat' dir='ltr'>fuerant</span> <span class='ocrx_word' id='word_1_702' title='bbox 3354 3086 3810 3146; x_wconf 73' lang='lat' dir='ltr'>commendamus-</span> 
     </span>
    </p>
   </div>
   <div class='ocr_carea' id='block_1_93' title="bbox 2262 3172 3806 3252">
    <p class='ocr_par' dir='ltr' id='par_1_93' title="bbox 2262 3172 3806 3252">
     <span class='ocr_line' id='line_1_93' title="bbox 2262 3172 3806 3252; baseline -0.012 -14"><span class='ocrx_word' id='word_1_703' title='bbox 2262 3183 2452 3251; x_wconf 84' lang='lat' dir='ltr'>todiae,</span> <span class='ocrx_word' id='word_1_704' title='bbox 2486 3186 2542 3236; x_wconf 89' lang='lat' dir='ltr'>et</span> <span class='ocrx_word' id='word_1_705' title='bbox 2572 3180 2795 3247; x_wconf 88' lang='lat' dir='ltr'>stravit,</span> <span class='ocrx_word' id='word_1_706' title='bbox 2829 3184 2884 3235; x_wconf 91' lang='lat' dir='ltr'>et</span> <span class='ocrx_word' id='word_1_707' title='bbox 2939 3179 3211 3252; x_wconf 89' lang='lat' dir='ltr'>perculit,</span> <span class='ocrx_word' id='word_1_708' title='bbox 3271 3185 3328 3236; x_wconf 93' lang='lat' dir='ltr'>et</span> <span class='ocrx_word' id='word_1_709' title='bbox 3385 3183 3568 3250; x_wconf 88' lang='lat' dir='ltr'>postea</span> <span class='ocrx_word' id='word_1_710' title='bbox 3611 3172 3806 3228; x_wconf 75' lang='lat' dir='ltr'>exoratus</span> 
     </span>
    </p>
   </div>
   <div class='ocr_carea' id='block_1_94' title="bbox 2260 3256 3806 3342">
    <p class='ocr_par' dir='ltr' id='par_1_94' title="bbox 2260 3256 3806 3342">
     <span class='ocr_line' id='line_1_94' title="bbox 2260 3256 3806 3342; baseline -0.012 -14"><span class='ocrx_word' id='word_1_711' title='bbox 2260 3273 2414 3328; x_wconf 70' lang='lat' dir='ltr'>Onia:</span> <span class='ocrx_word' id='word_1_712' title='bbox 2447 3270 2718 3342; x_wconf 86' lang='lat' dir='ltr'>precibus</span> <span class='ocrx_word' id='word_1_713' title='bbox 2743 3269 3059 3324; x_wconf 89' lang='lat' dir='ltr'>sacerdotis</span> <span class='ocrx_word' id='word_1_714' title='bbox 3090 3267 3253 3324; x_wconf 90' lang='lat' dir='ltr'>vitali</span> <span class='ocrx_word' id='word_1_715' title='bbox 3275 3267 3406 3325; x_wconf 91' lang='lat' dir='ltr'>usui</span> <span class='ocrx_word' id='word_1_716' title='bbox 3426 3256 3806 3322; x_wconf 66' lang='lat' dir='ltr'>reformavitlln-</span> 
     </span>
    </p>
   </div>
   <div class='ocr_carea' id='block_1_95' title="bbox 2260 3344 3804 3424">
    <p class='ocr_par' dir='ltr' id='par_1_95' title="bbox 2260 3344 3804 3424">
     <span class='ocr_line' id='line_1_95' title="bbox 2260 3344 3804 3424; baseline -0.013 -8"><span class='ocrx_word' id='word_1_717' title='bbox 2260 3363 2330 3417; x_wconf 93' lang='lat' dir='ltr'>de</span> <span class='ocrx_word' id='word_1_718' title='bbox 2357 3377 2486 3415; x_wconf 89' lang='lat' dir='ltr'>vere</span> <span class='ocrx_word' id='word_1_719' title='bbox 2516 3360 2574 3414; x_wconf 91' lang='lat' dir='ltr'>in</span> <span class='ocrx_word' id='word_1_720' title='bbox 2598 3375 2662 3414; x_wconf 91' lang='lat' dir='ltr'>eo</span> <span class='ocrx_word' id='word_1_721' title='bbox 2693 3375 2855 3413; x_wconf 89' lang='lat' dir='ltr'>arma</span> <span class='ocrx_word' id='word_1_722' title='bbox 2885 3374 3061 3412; x_wconf 90' lang='lat' dir='ltr'>aurea</span> <span class='ocrx_word' id='word_1_723' title='bbox 3119 3356 3489 3419; x_wconf 84' lang='lat' dir='ltr'>refulserunt,</span> <span class='ocrx_word' id='word_1_724' title='bbox 3541 3351 3658 3424; x_wconf 84' lang='lat' dir='ltr'>quia</span> <span class='ocrx_word' id='word_1_725' title='bbox 3693 3344 3804 3402; x_wconf 87' lang='lat' dir='ltr'>solus</span> 
     </span>
    </p>
   </div>
   <div class='ocr_carea' id='block_1_96' title="bbox 2258 3435 3800 3524">
    <p class='ocr_par' dir='ltr' id='par_1_96' title="bbox 2258 3435 3800 3524">
     <span class='ocr_line' id='line_1_96' title="bbox 2258 3435 3800 3524; baseline -0.012 -18"><span class='ocrx_word' id='word_1_726' title='bbox 2258 3467 2476 3524; x_wconf 88' lang='lat' dir='ltr'>equum</span> <span class='ocrx_word' id='word_1_727' title='bbox 2509 3448 2665 3503; x_wconf 90' lang='lat' dir='ltr'>hunc</span> <span class='ocrx_word' id='word_1_728' title='bbox 2697 3447 2870 3512; x_wconf 85' lang='lat' dir='ltr'>sedit,</span> <span class='ocrx_word' id='word_1_729' title='bbox 2901 3450 2958 3502; x_wconf 88' lang='lat' dir='ltr'>et</span> <span class='ocrx_word' id='word_1_730' title='bbox 2985 3445 3143 3514; x_wconf 87' lang='lat' dir='ltr'>vicit,</span> <span class='ocrx_word' id='word_1_731' title='bbox 3177 3447 3239 3501; x_wconf 91' lang='lat' dir='ltr'>in</span> <span class='ocrx_word' id='word_1_732' title='bbox 3294 3462 3409 3518; x_wconf 92' lang='lat' dir='ltr'>quo</span> <span class='ocrx_word' id='word_1_733' title='bbox 3463 3440 3636 3500; x_wconf 89' lang='lat' dir='ltr'>nullus</span> <span class='ocrx_word' id='word_1_734' title='bbox 3675 3435 3800 3505; x_wconf 71' lang='lat' dir='ltr'>culpa</span> 
     </span>
    </p>
   </div>
   <div class='ocr_carea' id='block_1_97' title="bbox 2257 3532 3802 3607">
    <p class='ocr_par' dir='ltr' id='par_1_97' title="bbox 2257 3532 3802 3607">
     <span class='ocr_line' id='line_1_97' title="bbox 2257 3532 3802 3607; baseline -0.01 -12"><span class='ocrx_word' id='word_1_735' title='bbox 2257 3538 2542 3595; x_wconf 89' lang='lat' dir='ltr'>immunis</span> <span class='ocrx_word' id='word_1_736' title='bbox 2573 3536 2776 3592; x_wconf 87' lang='lat' dir='ltr'>evasit.</span> <span class='ocrx_word' id='word_1_737' title='bbox 2810 3536 2933 3591; x_wconf 76' lang='lat' dir='ltr'>Non</span> <span class='ocrx_word' id='word_1_738' title='bbox 2983 3534 3204 3602; x_wconf 89' lang='lat' dir='ltr'>Enoch,</span> <span class='ocrx_word' id='word_1_739' title='bbox 3241 3535 3340 3607; x_wconf 90' lang='lat' dir='ltr'>qui</span> <span class='ocrx_word' id='word_1_740' title='bbox 3399 3537 3582 3605; x_wconf 89' lang='lat' dir='ltr'>raptus</span> <span class='ocrx_word' id='word_1_741' title='bbox 3630 3532 3712 3594; x_wconf 88' lang='lat' dir='ltr'>est,</span> <span class='ocrx_word' id='word_1_742' title='bbox 3755 3535 3802 3574; x_wconf 80' lang='lat' dir='ltr'>ne</span> 
     </span>
    </p>
   </div>
   <div class='ocr_carea' id='block_1_98' title="bbox 2259 3610 3802 3696">
    <p class='ocr_par' dir='ltr' id='par_1_98' title="bbox 2259 3610 3802 3696">
     <span class='ocr_line' id='line_1_98' title="bbox 2259 3610 3802 3696; baseline -0.014 -12"><span class='ocrx_word' id='word_1_743' title='bbox 2259 3627 2481 3685; x_wconf 89' lang='lat' dir='ltr'>malitia</span> <span class='ocrx_word' id='word_1_744' title='bbox 2511 3629 2763 3681; x_wconf 88' lang='lat' dir='ltr'>mutaret</span> <span class='ocrx_word' id='word_1_745' title='bbox 2791 3641 2889 3678; x_wconf 90' lang='lat' dir='ltr'>cor</span> <span class='ocrx_word' id='word_1_746' title='bbox 2918 3625 3046 3696; x_wconf 88' lang='lat' dir='ltr'>ejus</span> <span class='ocrx_word' id='word_1_747' title='bbox 3077 3641 3090 3690; x_wconf 92' lang='lat'><strong>;</strong></span> <span class='ocrx_word' id='word_1_748' title='bbox 3125 3639 3244 3679; x_wconf 89' lang='lat' dir='ltr'>non</span> <span class='ocrx_word' id='word_1_749' title='bbox 3275 3621 3572 3685; x_wconf 87' lang='lat' dir='ltr'>Abraham,</span> <span class='ocrx_word' id='word_1_750' title='bbox 3598 3631 3688 3671; x_wconf 90' lang='lat' dir='ltr'>non</span> <span class='ocrx_word' id='word_1_751' title='bbox 3727 3610 3802 3664; x_wconf 82' lang='lat' dir='ltr'>Isa-</span> 
     </span>
    </p>
   </div>
   <div class='ocr_carea' id='block_1_99' title="bbox 2257 3707 3804 3787">
    <p class='ocr_par' dir='ltr' id='par_1_99' title="bbox 2257 3707 3804 3787">
     <span class='ocr_line' id='line_1_99' title="bbox 2257 3707 3804 3787; baseline -0.012 -15"><span class='ocrx_word' id='word_1_752' title='bbox 2257 3735 2342 3787; x_wconf 90' lang='lat' dir='ltr'>ac,</span> <span class='ocrx_word' id='word_1_753' title='bbox 2369 3734 2482 3772; x_wconf 92' lang='lat' dir='ltr'>non</span> <span class='ocrx_word' id='word_1_754' title='bbox 2505 3715 2701 3780; x_wconf 88' lang='lat' dir='ltr'>Jacob,</span> <span class='ocrx_word' id='word_1_755' title='bbox 2730 3730 2842 3768; x_wconf 90' lang='lat' dir='ltr'>non</span> <span class='ocrx_word' id='word_1_756' title='bbox 2862 3714 3107 3785; x_wconf 81' lang='lat' dir='ltr'>Moyses.</span> <span class='ocrx_word' id='word_1_757' title='bbox 3133 3712 3354 3767; x_wconf 79' lang='lat' dir='ltr'>Omnes</span> <span class='ocrx_word' id='word_1_758' title='bbox 3375 3711 3522 3766; x_wconf 88' lang='lat' dir='ltr'>enim</span> <span class='ocrx_word' id='word_1_759' title='bbox 3543 3707 3634 3762; x_wconf 85' lang='lat' dir='ltr'>sub</span> <span class='ocrx_word' id='word_1_760' title='bbox 3669 3712 3804 3787; x_wconf 69' lang='lat' dir='ltr'>pecca-</span> 
     </span>
    </p>
   </div>
   <div class='ocr_carea' id='block_1_100' title="bbox 2255 3782 3798 3874">
    <p class='ocr_par' dir='ltr' id='par_1_100' title="bbox 2255 3782 3798 3874">
     <span class='ocr_line' id='line_1_100' title="bbox 2255 3782 3798 3874; baseline -0.012 -12"><span class='ocrx_word' id='word_1_761' title='bbox 2255 3813 2561 3874; x_wconf 90' lang='lat' dir='ltr'>to,omnes</span> <span class='ocrx_word' id='word_1_762' title='bbox 2585 3804 2694 3860; x_wconf 88' lang='lat' dir='ltr'>sub</span> <span class='ocrx_word' id='word_1_763' title='bbox 2741 3806 2946 3858; x_wconf 88' lang='lat' dir='ltr'>morte.</span> <span class='ocrx_word' id='word_1_764' title='bbox 3001 3801 3261 3872; x_wconf 91' lang='lat' dir='ltr'>Denique</span> <span class='ocrx_word' id='word_1_765' title='bbox 3310 3798 3557 3873; x_wconf 88' lang='lat' dir='ltr'>regnavit</span> <span class='ocrx_word' id='word_1_766' title='bbox 3597 3805 3711 3849; x_wconf 88' lang='lat' dir='ltr'>mors</span> <span class='ocrx_word' id='word_1_767' title='bbox 3747 3782 3798 3838; x_wconf 82' lang='lat' dir='ltr'>ab</span> 
     </span>
    </p>
   </div>
   <div class='ocr_carea' id='block_1_101' title="bbox 2254 3881 3799 3968">
    <p class='ocr_par' dir='ltr' id='par_1_101' title="bbox 2254 3881 3799 3968">
     <span class='ocr_line' id='line_1_101' title="bbox 2254 3881 3799 3968; baseline -0.016 -15"><span class='ocrx_word' id='word_1_768' title='bbox 2254 3898 2438 3952; x_wconf 89' lang='lat' dir='ltr'>Adam</span> <span class='ocrx_word' id='word_1_769' title='bbox 2461 3910 2646 3965; x_wconf 90' lang='lat' dir='ltr'>usque</span> <span class='ocrx_word' id='word_1_770' title='bbox 2669 3893 2740 3947; x_wconf 87' lang='lat' dir='ltr'>ad</span> <span class='ocrx_word' id='word_1_771' title='bbox 2764 3892 3020 3963; x_wconf 83' lang='lat' dir='ltr'>Moysen.</span> <span class='ocrx_word' id='word_1_772' title='bbox 3044 3888 3217 3945; x_wconf 89' lang='lat' dir='ltr'>Solus</span> <span class='ocrx_word' id='word_1_773' title='bbox 3241 3890 3348 3946; x_wconf 91' lang='lat' dir='ltr'>iste</span> <span class='ocrx_word' id='word_1_774' title='bbox 3369 3893 3454 3945; x_wconf 89' lang='lat' dir='ltr'>est</span> <span class='ocrx_word' id='word_1_775' title='bbox 3473 3885 3562 3958; x_wconf 89' lang='lat' dir='ltr'>qui</span> <span class='ocrx_word' id='word_1_776' title='bbox 3584 3881 3799 3968; x_wconf 52' lang='lat' dir='ltr'>peccatum</span> 
     </span>
    </p>
   </div>
   <div class='ocr_carea' id='block_1_102' title="bbox 2255 3959 3803 4050">
    <p class='ocr_par' dir='ltr' id='par_1_102' title="bbox 2255 3959 3803 4050">
     <span class='ocr_line' id='line_1_102' title="bbox 2255 3959 3803 4050; baseline -0.017 -9"><span class='ocrx_word' id='word_1_777' title='bbox 2255 4003 2369 4041; x_wconf 92' lang='lat' dir='ltr'>non</span> <span class='ocrx_word' id='word_1_778' title='bbox 2399 3959 2570 4040; x_wconf 53' lang='lat' dir='ltr'>iecit;</span> <span class='ocrx_word' id='word_1_779' title='bbox 2587 3982 2748 4038; x_wconf 91' lang='lat' dir='ltr'>solus</span> <span class='ocrx_word' id='word_1_780' title='bbox 2769 3959 3139 4035; x_wconf 39' lang='lat' dir='ltr'>est&#39;ChriStus</span> <span class='ocrx_word' id='word_1_781' title='bbox 3167 3979 3270 4050; x_wconf 90' lang='lat' dir='ltr'>qui</span> <span class='ocrx_word' id='word_1_782' title='bbox 3312 3982 3590 4050; x_wconf 85' lang='lat' dir='ltr'>peccatum</span> <span class='ocrx_word' id='word_1_783' title='bbox 3630 3959 3803 4050; x_wconf 72' lang='lat' dir='ltr'>abstulit</span> 
     </span>
    </p>
   </div>
   <div class='ocr_carea' id='block_1_103' title="bbox 2253 4047 3827 4143">
    <p class='ocr_par' dir='ltr' id='par_1_103' title="bbox 2253 4047 3827 4143">
     <span class='ocr_line' id='line_1_103' title="bbox 2253 4047 3827 4143; baseline -0.01 -14"><span class='ocrx_word' id='word_1_784' title='bbox 2253 4073 2480 4138; x_wconf 84' lang='lat' dir='ltr'>mundi,</span> <span class='ocrx_word' id='word_1_785' title='bbox 2501 4071 2599 4143; x_wconf 90' lang='lat' dir='ltr'>qui</span> <span class='ocrx_word' id='word_1_786' title='bbox 2623 4071 2767 4126; x_wconf 83' lang='lat' dir='ltr'>dixit</span> <span class='ocrx_word' id='word_1_787' title='bbox 2788 4068 2990 4124; x_wconf 87' lang='lat' dir='ltr'>morti:</span> <span class='ocrx_word' id='word_1_788' title='bbox 3015 4091 3041 4119; x_wconf 83' lang='lat'><strong>«</strong></span> <span class='ocrx_word' id='word_1_789' title='bbox 3067 4067 3173 4124; x_wconf 92' lang='lat' dir='ltr'>Ubi</span> <span class='ocrx_word' id='word_1_790' title='bbox 3188 4072 3297 4136; x_wconf 89' lang='lat' dir='ltr'>est,</span> <span class='ocrx_word' id='word_1_791' title='bbox 3324 4058 3694 4134; x_wconf 82' lang='lat' dir='ltr'>mors,victoria</span> <span class='ocrx_word' id='word_1_792' title='bbox 3711 4047 3803 4107; x_wconf 69' lang='lat' dir='ltr'>tua?</span> <span class='ocrx_word' id='word_1_793' title='bbox 3825 4110 3827 4113; x_wconf 89' lang='lat'>.</span> 
     </span>
    </p>
   </div>
   <div class='ocr_carea' id='block_1_104' title="bbox 2252 4147 3686 4228">
    <p class='ocr_par' dir='ltr' id='par_1_104' title="bbox 2252 4147 3686 4228">
     <span class='ocr_line' id='line_1_104' title="bbox 2252 4147 3686 4228; baseline -0.009 -10"><span class='ocrx_word' id='word_1_794' title='bbox 2252 4163 2352 4219; x_wconf 92' lang='lat' dir='ltr'>ubi</span> <span class='ocrx_word' id='word_1_795' title='bbox 2383 4167 2492 4227; x_wconf 84' lang='lat' dir='ltr'>est,</span> <span class='ocrx_word' id='word_1_796' title='bbox 2525 4176 2706 4228; x_wconf 89' lang='lat' dir='ltr'>mors,</span> <span class='ocrx_word' id='word_1_797' title='bbox 2741 4157 2980 4214; x_wconf 88' lang='lat' dir='ltr'>aculeus</span> <span class='ocrx_word' id='word_1_798' title='bbox 3013 4162 3153 4212; x_wconf 87' lang='lat' dir='ltr'>tuus</span> <span class='ocrx_word' id='word_1_799' title='bbox 3183 4157 3232 4227; x_wconf 94' lang='lat' dir='ltr'>(I</span> <span class='ocrx_word' id='word_1_800' title='bbox 3262 4157 3382 4213; x_wconf 85' lang='lat' dir='ltr'>Cor.</span> <span class='ocrx_word' id='word_1_801' title='bbox 3415 4172 3498 4222; x_wconf 86' lang='lat' dir='ltr'>xv,</span> <span class='ocrx_word' id='word_1_802' title='bbox 3525 4147 3644 4220; x_wconf 81' lang='lat'>55)?</span> <span class='ocrx_word' id='word_1_803' title='bbox 3671 4169 3686 4192; x_wconf 79' lang='grc' dir='ltr'>ι</span> 
     </span>
    </p>
   </div>
   <div class='ocr_carea' id='block_1_105' title="bbox 2319 4259 3800 4338">
    <p class='ocr_par' dir='ltr' id='par_1_105' title="bbox 2319 4259 3800 4338">
     <span class='ocr_line' id='line_1_105' title="bbox 2319 4259 3800 4338; baseline -0.015 -14"><span class='ocrx_word' id='word_1_804' title='bbox 2319 4271 2410 4324; x_wconf 88' lang='lat'>28.</span> <span class='ocrx_word' id='word_1_805' title='bbox 2442 4267 2740 4333; x_wconf 88' lang='lat' dir='ltr'>Quomodo</span> <span class='ocrx_word' id='word_1_806' title='bbox 2768 4282 2904 4338; x_wconf 87' lang='lat' dir='ltr'>ergo</span> <span class='ocrx_word' id='word_1_807' title='bbox 2937 4264 3316 4337; x_wconf 89' lang='lat' dir='ltr'>ampliﬁcavit</span> <span class='ocrx_word' id='word_1_808' title='bbox 3346 4279 3514 4336; x_wconf 90' lang='lat' dir='ltr'>super</span> <span class='ocrx_word' id='word_1_809' title='bbox 3537 4259 3658 4314; x_wconf 88' lang='lat' dir='ltr'>hunc</span> <span class='ocrx_word' id='word_1_810' title='bbox 3694 4263 3800 4318; x_wconf 84' lang='lat' dir='ltr'>sup-</span> 
     </span>
    </p>
   </div>
   <div class='ocr_carea' id='block_1_106' title="bbox 2250 4344 3802 4434">
    <p class='ocr_par' dir='ltr' id='par_1_106' title="bbox 2250 4344 3802 4434">
     <span class='ocr_line' id='line_1_106' title="bbox 2250 4344 3802 4434; baseline -0.014 -19"><span class='ocrx_word' id='word_1_811' title='bbox 2250 4358 2673 4432; x_wconf 87' lang='lat' dir='ltr'>plantationem</span> <span class='ocrx_word' id='word_1_812' title='bbox 2705 4372 2872 4411; x_wconf 88' lang='lat' dir='ltr'>suam</span> <span class='ocrx_word' id='word_1_813' title='bbox 2903 4355 3110 4422; x_wconf 90' lang='lat' dir='ltr'>Judas,</span> <span class='ocrx_word' id='word_1_814' title='bbox 3145 4358 3202 4410; x_wconf 90' lang='lat' dir='ltr'>et</span> <span class='ocrx_word' id='word_1_815' title='bbox 3233 4353 3438 4409; x_wconf 89' lang='lat' dir='ltr'>cecidit</span> <span class='ocrx_word' id='word_1_816' title='bbox 3467 4362 3617 4421; x_wconf 85' lang='lat' dir='ltr'>eques</span> <span class='ocrx_word' id='word_1_817' title='bbox 3641 4344 3802 4434; x_wconf 55' lang='lat' dir='ltr'>retror-</span> 
     </span>
    </p>
   </div>
   <div class='ocr_carea' id='block_1_107' title="bbox 2252 4427 3802 4510">
    <p class='ocr_par' dir='ltr' id='par_1_107' title="bbox 2252 4427 3802 4510">
     <span class='ocr_line' id='line_1_107' title="bbox 2252 4427 3802 4510; baseline -0.014 -6"><span class='ocrx_word' id='word_1_818' title='bbox 2252 4427 2386 4505; x_wconf 76' lang='lat' dir='ltr'>sum</span> <span class='ocrx_word' id='word_1_819' title='bbox 2415 4447 2441 4500; x_wconf 76' lang='lat' dir='ltr'>‘l</span> <span class='ocrx_word' id='word_1_820' title='bbox 2500 4444 2662 4510; x_wconf 92' lang='lat' dir='ltr'>Quod</span> <span class='ocrx_word' id='word_1_821' title='bbox 2724 4443 2782 4499; x_wconf 91' lang='lat' dir='ltr'>in</span> <span class='ocrx_word' id='word_1_822' title='bbox 2829 4443 2986 4498; x_wconf 88' lang='lat' dir='ltr'>Juda</span> <span class='ocrx_word' id='word_1_823' title='bbox 3017 4448 3127 4510; x_wconf 88' lang='lat' dir='ltr'>est,</span> <span class='ocrx_word' id='word_1_824' title='bbox 3162 4441 3361 4498; x_wconf 89' lang='lat' dir='ltr'>dolum</span> <span class='ocrx_word' id='word_1_825' title='bbox 3419 4427 3724 4504; x_wconf 84' lang='lat' dir='ltr'>fecitzquod</span> <span class='ocrx_word' id='word_1_826' title='bbox 3761 4427 3802 4477; x_wconf 87' lang='lat' dir='ltr'>in</span> 
     </span>
    </p>
   </div>
   <div class='ocr_carea' id='block_1_108' title="bbox 2167 4513 3804 4604">
    <p class='ocr_par' dir='ltr' id='par_1_108' title="bbox 2167 4513 3804 4604">
     <span class='ocr_line' id='line_1_108' title="bbox 2167 4513 3804 4604; baseline -0.016 -11"><span class='ocrx_word' id='word_1_827' title='bbox 2167 4518 2215 4581; x_wconf 82' lang='lat' dir='ltr'>D</span> <span class='ocrx_word' id='word_1_828' title='bbox 2247 4535 2496 4602; x_wconf 89' lang='lat' dir='ltr'>Christo,</span> <span class='ocrx_word' id='word_1_829' title='bbox 2527 4532 2725 4588; x_wconf 91' lang='lat' dir='ltr'>volens</span> <span class='ocrx_word' id='word_1_830' title='bbox 2762 4548 2974 4604; x_wconf 91' lang='lat' dir='ltr'>passus</span> <span class='ocrx_word' id='word_1_831' title='bbox 3036 4535 3143 4586; x_wconf 90' lang='lat' dir='ltr'>est.</span> <span class='ocrx_word' id='word_1_832' title='bbox 3177 4531 3342 4603; x_wconf 71' lang='lat' dir='ltr'>Saepe</span> <span class='ocrx_word' id='word_1_833' title='bbox 3371 4528 3610 4585; x_wconf 87' lang='lat' dir='ltr'>videmus</span> <span class='ocrx_word' id='word_1_834' title='bbox 3654 4513 3804 4572; x_wconf 85' lang='lat' dir='ltr'>fortio-</span> 
     </span>
    </p>
   </div>
   <div class='ocr_carea' id='block_1_109' title="bbox 2247 4604 3804 4694">
    <p class='ocr_par' dir='ltr' id='par_1_109' title="bbox 2247 4604 3804 4694">
     <span class='ocr_line' id='line_1_109' title="bbox 2247 4604 3804 4694; baseline -0.004 -14"><span class='ocrx_word' id='word_1_835' title='bbox 2247 4642 2369 4681; x_wconf 89' lang='lat' dir='ltr'>rem</span> <span class='ocrx_word' id='word_1_836' title='bbox 2399 4622 2543 4680; x_wconf 87' lang='lat' dir='ltr'>velle</span> <span class='ocrx_word' id='word_1_837' title='bbox 2575 4622 2819 4694; x_wconf 87' lang='lat' dir='ltr'>percuti,</span> <span class='ocrx_word' id='word_1_838' title='bbox 2864 4625 2929 4675; x_wconf 92' lang='lat' dir='ltr'>ut</span> <span class='ocrx_word' id='word_1_839' title='bbox 2988 4620 3175 4676; x_wconf 91' lang='lat' dir='ltr'>acrior</span> <span class='ocrx_word' id='word_1_840' title='bbox 3233 4617 3537 4675; x_wconf 87' lang='lat' dir='ltr'>lacessitus</span> <span class='ocrx_word' id='word_1_841' title='bbox 3586 4604 3804 4694; x_wconf 46' lang='lat' dir='ltr'>insumi?</span> 
     </span>
    </p>
   </div>
   <div class='ocr_carea' id='block_1_110' title="bbox 2245 4687 3804 4778">
    <p class='ocr_par' dir='ltr' id='par_1_110' title="bbox 2245 4687 3804 4778">
     <span class='ocr_line' id='line_1_110' title="bbox 2245 4687 3804 4778; baseline -0.013 -10"><span class='ocrx_word' id='word_1_842' title='bbox 2245 4687 2652 4769; x_wconf 72' lang='lat' dir='ltr'>vehementius</span> <span class='ocrx_word' id='word_1_843' title='bbox 2681 4687 2983 4766; x_wconf 80' lang='lat' dir='ltr'>excitetur.</span> <span class='ocrx_word' id='word_1_844' title='bbox 3006 4708 3320 4764; x_wconf 90' lang='lat' dir='ltr'>Momordit</span> <span class='ocrx_word' id='word_1_845' title='bbox 3351 4722 3478 4778; x_wconf 88' lang='lat' dir='ltr'>ergo</span> <span class='ocrx_word' id='word_1_846' title='bbox 3507 4711 3706 4771; x_wconf 86' lang='lat' dir='ltr'>serpens</span> <span class='ocrx_word' id='word_1_847' title='bbox 3721 4687 3804 4746; x_wconf 78' lang='lat' dir='ltr'>cal-</span> 
     </span>
    </p>
   </div>
   <div class='ocr_carea' id='block_1_111' title="bbox 2246 4779 3802 4871">
    <p class='ocr_par' dir='ltr' id='par_1_111' title="bbox 2246 4779 3802 4871">
     <span class='ocr_line' id='line_1_111' title="bbox 2246 4779 3802 4871; baseline -0.015 -13"><span class='ocrx_word' id='word_1_848' title='bbox 2246 4818 2491 4859; x_wconf 91' lang='lat' dir='ltr'>caneum</span> <span class='ocrx_word' id='word_1_849' title='bbox 2523 4800 2681 4871; x_wconf 86' lang='lat' dir='ltr'>equi.</span> <span class='ocrx_word' id='word_1_850' title='bbox 2714 4798 2874 4853; x_wconf 89' lang='lat' dir='ltr'>virus</span> <span class='ocrx_word' id='word_1_851' title='bbox 2901 4814 3017 4853; x_wconf 65' lang='lat' dir='ltr'>suae</span> <span class='ocrx_word' id='word_1_852' title='bbox 3051 4797 3274 4853; x_wconf 88' lang='lat' dir='ltr'>fraudis</span> <span class='ocrx_word' id='word_1_853' title='bbox 3332 4790 3570 4851; x_wconf 89' lang='lat' dir='ltr'>evomuit</span> <span class='ocrx_word' id='word_1_854' title='bbox 3599 4805 3609 4842; x_wconf 87' lang='lat'>:</span> <span class='ocrx_word' id='word_1_855' title='bbox 3657 4779 3802 4871; x_wconf 74' lang='lat' dir='ltr'>voleui</span> 
     </span>
    </p>
   </div>
   <div class='ocr_carea' id='block_1_112' title="bbox 2245 4866 3799 4963">
    <p class='ocr_par' dir='ltr' id='par_1_112' title="bbox 2245 4866 3799 4963">
     <span class='ocr_line' id='line_1_112' title="bbox 2245 4866 3799 4963; baseline -0.016 -15"><span class='ocrx_word' id='word_1_856' title='bbox 2245 4908 2423 4963; x_wconf 90' lang='lat' dir='ltr'>eques</span> <span class='ocrx_word' id='word_1_857' title='bbox 2455 4907 2517 4946; x_wconf 91' lang='lat' dir='ltr'>se</span> <span class='ocrx_word' id='word_1_858' title='bbox 2548 4866 2671 4960; x_wconf 85' lang='lat' dir='ltr'>ipse</span> <span class='ocrx_word' id='word_1_859' title='bbox 2699 4887 2926 4958; x_wconf 85' lang='lat' dir='ltr'>dejecit,</span> <span class='ocrx_word' id='word_1_860' title='bbox 2961 4885 3161 4941; x_wconf 90' lang='lat' dir='ltr'>volens</span> <span class='ocrx_word' id='word_1_861' title='bbox 3195 4885 3488 4951; x_wconf 87' lang='lat' dir='ltr'>cecidit,ut</span> <span class='ocrx_word' id='word_1_862' title='bbox 3513 4893 3609 4934; x_wconf 87' lang='lat' dir='ltr'>nos</span> <span class='ocrx_word' id='word_1_863' title='bbox 3627 4866 3799 4963; x_wconf 54' lang='lat' dir='ltr'>levaret:</span> 
     </span>
    </p>
   </div>
   <div class='ocr_carea' id='block_1_113' title="bbox 2247 4953 3802 5047">
    <p class='ocr_par' dir='ltr' id='par_1_113' title="bbox 2247 4953 3802 5047">
     <span class='ocr_line' id='line_1_113' title="bbox 2247 4953 3802 5047; baseline -0.018 -11"><span class='ocrx_word' id='word_1_864' title='bbox 2247 4953 2388 5047; x_wconf 73' lang='lat' dir='ltr'>Quid</span> <span class='ocrx_word' id='word_1_865' title='bbox 2423 4985 2512 5034; x_wconf 85' lang='lat' dir='ltr'>cst</span> <span class='ocrx_word' id='word_1_866' title='bbox 2541 4953 2783 5042; x_wconf 45' lang='lat' dir='ltr'>tamen;</span> <span class='ocrx_word' id='word_1_867' title='bbox 2815 4976 2969 5047; x_wconf 89' lang='lat' dir='ltr'>quod</span> <span class='ocrx_word' id='word_1_868' title='bbox 3004 4975 3085 5030; x_wconf 89' lang='lat' dir='ltr'>ait</span> <span class='ocrx_word' id='word_1_869' title='bbox 3139 4976 3435 5047; x_wconf 89' lang='lat' dir='ltr'>Scriptura</span> <span class='ocrx_word' id='word_1_870' title='bbox 3465 4989 3476 5026; x_wconf 89' lang='lat'><strong>:</strong></span> <span class='ocrx_word' id='word_1_871' title='bbox 3529 4990 3552 5016; x_wconf 82' lang='lat'><strong>«</strong></span> <span class='ocrx_word' id='word_1_872' title='bbox 3582 4965 3641 5019; x_wconf 84' lang='lat' dir='ltr'>Et</span> <span class='ocrx_word' id='word_1_873' title='bbox 3685 4953 3802 5013; x_wconf 67' lang='lat' dir='ltr'>cadet</span> 
     </span>
    </p>
   </div>
   <div class='ocr_carea' id='block_1_114' title="bbox 2245 5053 3802 5140">
    <p class='ocr_par' dir='ltr' id='par_1_114' title="bbox 2245 5053 3802 5140">
     <span class='ocr_line' id='line_1_114' title="bbox 2245 5053 3802 5140; baseline -0.017 -16"><span class='ocrx_word' id='word_1_874' title='bbox 2245 5085 2421 5140; x_wconf 89' lang='lat' dir='ltr'>eques</span> <span class='ocrx_word' id='word_1_875' title='bbox 2455 5070 2772 5122; x_wconf 90' lang='lat' dir='ltr'>retrorsum</span> <span class='ocrx_word' id='word_1_876' title='bbox 2807 5063 2962 5135; x_wconf 86' lang='lat' dir='ltr'>(Gen.</span> <span class='ocrx_word' id='word_1_877' title='bbox 2995 5079 3148 5134; x_wconf 77' lang='lat' dir='ltr'>xux,</span> <span class='ocrx_word' id='word_1_878' title='bbox 3179 5062 3269 5132; x_wconf 81' lang='grc'><strong>17)</strong></span> <span class='ocrx_word' id='word_1_879' title='bbox 3299 5061 3326 5117; x_wconf 90' lang='lat'><strong>?</strong></span> <span class='ocrx_word' id='word_1_880' title='bbox 3359 5083 3386 5110; x_wconf 86' lang='grc'>››</span> <span class='ocrx_word' id='word_1_881' title='bbox 3409 5059 3515 5114; x_wconf 92' lang='lat' dir='ltr'>Cur</span> <span class='ocrx_word' id='word_1_882' title='bbox 3534 5053 3802 5140; x_wconf 52' lang='lat' dir='ltr'>retrorsum,</span> 
     </span>
    </p>
   </div>
   <div class='ocr_carea' id='block_1_115' title="bbox 2233 5129 3801 5227">
    <p class='ocr_par' dir='ltr' id='par_1_115' title="bbox 2233 5129 3801 5227">
     <span class='ocr_line' id='line_1_115' title="bbox 2233 5129 3801 5227; baseline -0.015 -13"><span class='ocrx_word' id='word_1_883' title='bbox 2233 5129 2358 5213; x_wconf 11' lang='lat' dir='ltr'>[nisi</span> <span class='ocrx_word' id='word_1_884' title='bbox 2391 5162 2455 5212; x_wconf 90' lang='lat' dir='ltr'>ut</span> <span class='ocrx_word' id='word_1_885' title='bbox 2484 5157 2707 5227; x_wconf 84' lang='lat' dir='ltr'>regeret</span> <span class='ocrx_word' id='word_1_886' title='bbox 2736 5129 2887 5208; x_wconf 82' lang='lat' dir='ltr'>retro</span> <span class='ocrx_word' id='word_1_887' title='bbox 2920 5169 2980 5208; x_wconf 87' lang='lat' dir='ltr'>se</span> <span class='ocrx_word' id='word_1_888' title='bbox 3011 5129 3323 5224; x_wconf 79' lang='lat' dir='ltr'>sequentes</span> <span class='ocrx_word' id='word_1_889' title='bbox 3348 5149 3374 5203; x_wconf 67' lang='grc' dir='ltr'>’ἶ</span> <span class='ocrx_word' id='word_1_890' title='bbox 3403 5148 3699 5203; x_wconf 81' lang='lat' dir='ltr'>Retrorsum</span> <span class='ocrx_word' id='word_1_891' title='bbox 3717 5129 3801 5187; x_wconf 61' lang='lat' dir='ltr'>eritt</span> 
     </span>
    </p>
   </div>
   <div class='ocr_carea' id='block_1_116' title="bbox 2244 5229 3797 5320">
    <p class='ocr_par' dir='ltr' id='par_1_116' title="bbox 2244 5229 3797 5320">
     <span class='ocr_line' id='line_1_116' title="bbox 2244 5229 3797 5320; baseline -0.015 -17"><span class='ocrx_word' id='word_1_892' title='bbox 2244 5249 2450 5303; x_wconf 89' lang='lat' dir='ltr'>Petrus</span> <span class='ocrx_word' id='word_1_893' title='bbox 2478 5243 2569 5299; x_wconf 93' lang='lat' dir='ltr'>cui</span> <span class='ocrx_word' id='word_1_894' title='bbox 2603 5241 2747 5297; x_wconf 88' lang='lat' dir='ltr'>dixit</span> <span class='ocrx_word' id='word_1_895' title='bbox 2777 5259 2788 5296; x_wconf 93' lang='lat'><strong>:</strong></span> <span class='ocrx_word' id='word_1_896' title='bbox 2820 5265 2845 5292; x_wconf 89' lang='grc'><em>‹‹</em></span> <span class='ocrx_word' id='word_1_897' title='bbox 2881 5241 3036 5297; x_wconf 89' lang='lat' dir='ltr'>Vade</span> <span class='ocrx_word' id='word_1_898' title='bbox 3067 5245 3220 5297; x_wconf 88' lang='lat' dir='ltr'>retro</span> <span class='ocrx_word' id='word_1_899' title='bbox 3251 5241 3382 5312; x_wconf 91' lang='lat' dir='ltr'>post</span> <span class='ocrx_word' id='word_1_900' title='bbox 3409 5250 3496 5291; x_wconf 90' lang='lat' dir='ltr'>me</span> <span class='ocrx_word' id='word_1_901' title='bbox 3523 5229 3679 5320; x_wconf 53' lang='lat' dir='ltr'>(Maro.</span> 
     </span>
    </p>
   </div>
   <div class='ocr_carea' id='block_1_117' title="bbox 2243 5305 3798 5406">
    <p class='ocr_par' dir='ltr' id='par_1_117' title="bbox 2243 5305 3798 5406">
     <span class='ocr_line' id='line_1_117' title="bbox 2243 5305 3798 5406; baseline -0.019 -13"><span class='ocrx_word' id='word_1_902' title='bbox 2243 5337 2354 5406; x_wconf 91' lang='lat'>33).</span> <span class='ocrx_word' id='word_1_903' title='bbox 2391 5358 2418 5384; x_wconf 84' lang='lat'>»</span> <span class='ocrx_word' id='word_1_904' title='bbox 2444 5334 2615 5389; x_wconf 82' lang='lat' dir='ltr'>Retro</span> <span class='ocrx_word' id='word_1_905' title='bbox 2646 5334 2812 5386; x_wconf 89' lang='lat' dir='ltr'>erant</span> <span class='ocrx_word' id='word_1_906' title='bbox 2841 5327 3112 5402; x_wconf 88' lang='lat' dir='ltr'>apostoli,</span> <span class='ocrx_word' id='word_1_907' title='bbox 3143 5334 3198 5385; x_wconf 90' lang='lat' dir='ltr'>et</span> <span class='ocrx_word' id='word_1_908' title='bbox 3227 5305 3408 5383; x_wconf 54' lang='lat' dir='ltr'>cisteri</span> <span class='ocrx_word' id='word_1_909' title='bbox 3439 5311 3693 5389; x_wconf 88' lang='lat' dir='ltr'>discipuli.</span> <span class='ocrx_word' id='word_1_910' title='bbox 3703 5305 3798 5406; x_wconf 41' lang='lat' dir='ltr'>‘lde‘o</span> 
     </span>
    </p>
   </div>
   <div class='ocr_carea' id='block_1_118' title="bbox 2244 5393 3795 5498">
    <p class='ocr_par' dir='ltr' id='par_1_118' title="bbox 2244 5393 3795 5498">
     <span class='ocr_line' id='line_1_118' title="bbox 2244 5393 3795 5498; baseline -0.014 -19"><span class='ocrx_word' id='word_1_911' title='bbox 2244 5393 2565 5480; x_wconf 78' lang='lat' dir='ltr'>retrorsum</span> <span class='ocrx_word' id='word_1_912' title='bbox 2596 5419 2821 5485; x_wconf 88' lang='lat' dir='ltr'>cecidit,</span> <span class='ocrx_word' id='word_1_913' title='bbox 2855 5393 2992 5491; x_wconf 75' lang='lat' dir='ltr'>quia</span> <span class='ocrx_word' id='word_1_914' title='bbox 3039 5393 3217 5491; x_wconf 80' lang='lat' dir='ltr'>super</span> <span class='ocrx_word' id='word_1_915' title='bbox 3243 5431 3389 5489; x_wconf 88' lang='lat' dir='ltr'>quos</span> <span class='ocrx_word' id='word_1_916' title='bbox 3443 5407 3600 5498; x_wconf 84' lang='lat' dir='ltr'>cadit,</span> 
     </span>
    </p>
   </div>
   <div class='ocr_carea' id='block_1_119' title="bbox 2251 5490 3796 5581">
    <p class='ocr_par' dir='ltr' id='par_1_119' title="bbox 2251 5490 3796 5581">
     <span class='ocr_line' id='line_1_119' title="bbox 2251 5490 3796 5581; baseline -0.009 -14"><span class='ocrx_word' id='word_1_917' title='bbox 2251 5535 2278 5567; x_wconf 70' lang='grc' dir='ltr'><strong><em>α</em></strong></span> <span class='ocrx_word' id='word_1_918' title='bbox 2308 5511 2510 5568; x_wconf 90' lang='lat' dir='ltr'>Omnis</span> <span class='ocrx_word' id='word_1_919' title='bbox 2539 5510 2697 5566; x_wconf 92' lang='lat' dir='ltr'>enim</span> <span class='ocrx_word' id='word_1_920' title='bbox 2730 5507 2830 5581; x_wconf 92' lang='lat' dir='ltr'>qui</span> <span class='ocrx_word' id='word_1_921' title='bbox 2859 5490 3036 5580; x_wconf 90' lang='lat' dir='ltr'>super</span> <span class='ocrx_word' id='word_1_922' title='bbox 3065 5490 3220 5563; x_wconf 90' lang='lat' dir='ltr'>hunc</span> <span class='ocrx_word' id='word_1_923' title='bbox 3249 5503 3514 5578; x_wconf 88' lang='lat' dir='ltr'>lapidem,</span> <span class='ocrx_word' id='word_1_924' title='bbox 3536 5490 3711 5565; x_wconf 53' lang='lat' dir='ltr'>inquit,</span> <span class='ocrx_word' id='word_1_925' title='bbox 3733 5492 3796 5536; x_wconf 71' lang='grc' dir='ltr'>σθ’</span> 
     </span>
    </p>
   </div>
   <div class='ocr_carea' id='block_1_120' title="bbox 2243 5581 3794 5682">
    <p class='ocr_par' dir='ltr' id='par_1_120' title="bbox 2243 5581 3794 5682">
     <span class='ocr_line' id='line_1_120' title="bbox 2243 5581 3794 5682; baseline -0.016 -19"><span class='ocrx_word' id='word_1_926' title='bbox 2243 5602 2469 5678; x_wconf 80' lang='lat' dir='ltr'>uiderit,</span> <span class='ocrx_word' id='word_1_927' title='bbox 2513 5598 3050 5682; x_wconf 81' lang='lat' dir='ltr'>oonquassabitur:</span> <span class='ocrx_word' id='word_1_928' title='bbox 3112 5611 3287 5679; x_wconf 86' lang='lat' dir='ltr'>supra</span> <span class='ocrx_word' id='word_1_929' title='bbox 3315 5607 3480 5676; x_wconf 85' lang='lat' dir='ltr'>quem</span> <span class='ocrx_word' id='word_1_930' title='bbox 3529 5587 3692 5670; x_wconf 77' lang='lat' dir='ltr'>autem</span> <span class='ocrx_word' id='word_1_931' title='bbox 3732 5581 3794 5630; x_wconf 71' lang='grc' dir='ltr'>σε’</span> 
     </span>
    </p>
   </div>
  </div>
