4146 6190
349 292 510 361 1133

1488 289 1938 358 ENARRATIO
1981 290 2063 355 ΙΝ
2109 285 2488 355 PSALMUM
2530 290 2655 355 XL.

3617 289 3789 368 1134.

354 430 587 497 ciderit,
612 422 973 483 emundabit
1003 439 1139 483 eum
1167 426 1432 496 (Luaxx,
1460 429 1615 497 18).»
1645 429 1752 483 Alii
1784 430 2024 494 habent,
2054 426 2110 494 Α
2139 425 2386 480 habetur
2419 443 2482 479 zu
2516 426 2797 482 Abierant
2848 430 3188 494 retrorsum,
3221 430 3279 489 et
3330 428 3663 484 ceciderunt
3718 425 3775 477 in

339 544 367 570 ‹‹
402 514 721 576 ventilabit
773 530 940 582 eum,
971 536 997 563 ››
1035 513 1157 581 alii,
1184 536 1211 565 «
1248 515 1621 572 comminuet.
1651 540 1677 567 ››
1712 518 1817 583 Qui
1867 516 2025 572 enim

343 608 599 667 ventilat
634 607 901 678 frugem,
935 603 1195 658 mundat
1223 621 1257 659 a
1284 603 1499 677 paleis;
1534 605 1634 675 qui
1678 604 2032 661 comminuit

339 697 594 771 aliquid,
627 695 687 751 in
739 692 1050 766 pulverem
1084 691 1327 765 redigit;
1362 698 1425 749 ut
1456 693 1701 750 mollitia
1746 693 2027 766 pulveris,

337 787 428 842 vel
462 784 676 858 poculo
710 779 967 852 salubri,
1001 779 1093 836 vel
1146 780 1373 853 reliquo
1404 782 1704 838 medicinae
1736 783 1868 839 usui
1900 782 2030 839 sine

334 874 461 931 ulla
486 871 936 948 perturbatione
967 867 1261 941 proﬁciat.
1291 870 1452 926 Unde
1472 870 1803 944 colligimus
1824 887 2027 928 caven-

333 965 506 1032 dum,
539 981 613 1020 ne
646 960 781 1035 quis
834 955 1023 1015 semel
1079 973 1188 1029 per
1238 958 1601 1031 baptismum
1650 965 1962 1033 susceptus
1994 975 2029 1015 a

334 1052 595 1119 Christo,
629 1068 698 1108 ex
728 1049 859 1121 ejus
911 1045 1156 1103 decidat
1200 1061 1460 1119 corpore,
1491 1047 1600 1104 hoc
1631 1054 1738 1117 est,
1771 1047 2026 1105 excutia-

328 1146 431 1197 tur
461 1142 539 1197 ab
573 1138 869 1205 Ecclesia;
906 1137 1043 1208 ipsa
1073 1137 1167 1190 est
1196 1136 1354 1190 enim
1389 1136 1596 1192 mortis
1628 1138 1797 1192 ruina
1829 1152 2028 1208 perpe-

324 1233 466 1286 tuae.
515 1228 693 1284 Illum
747 1231 948 1283 autem
1002 1224 1105 1297 qui
1164 1224 1325 1280 venit
1373 1224 1705 1281 crediturus
1752 1226 1810 1280 in
1860 1225 2026 1280 Chri-

323 1324 518 1390 stum,
554 1322 626 1373 ut
657 1332 792 1373 eum
826 1330 993 1370 mors
1031 1315 1166 1383 ejus
1212 1312 1493 1382 inveniat,
1526 1330 1668 1369 crux
1701 1315 1829 1385 ejus
1858 1330 2026 1369 assu-

320 1411 473 1474 mat,
530 1405 739 1464 clavus
789 1403 1022 1475 inﬁgat,
1078 1401 1326 1472 sanguis
1372 1401 1670 1469 infundat,
1725 1402 2031 1474 sepultura

326 1509 584 1567 quoque
609 1494 741 1564 ejus
772 1489 1053 1555 involvat,
1078 1487 1269 1561 gratia
1290 1489 1749 1545 resurrectionis
1778 1489 2027 1557 attollat,

329 1584 497 1640 εἴθ
530 1583 607 1638 de
640 1595 846 1637 somno
899 1576 1164 1641 suscitet,
1193 1593 1229 1631 a
1259 1579 1455 1632 morte
1503 1575 1784 1645 viviﬁcet;
1834 1577 2026 1646 illum,

318 1673 616 1745 inquam,
651 1687 685 1725 a
715 1665 926 1724 saculo
958 1664 1183 1732 liberat,
1212 1682 1247 1721 a
1277 1668 1527 1738 peccato
1561 1667 1835 1733 mundat,
1860 1671 2031 1722 sanat

330 1779 364 1816 a
395 1760 676 1824 vulnere,
708 1774 742 1812 a
779 1753 992 1809 duritia
1044 1750 1382 1823 impietatis
1431 1749 1707 1819 inflectit,
1739 1752 1812 1806 ad
1862 1768 2027 1807 man-

337 1848 730 1908 suetudinem
762 1840 987 1917 pietatis
1035 1839 1282 1908 emollit,
1323 1843 1393 1895 ut
1442 1839 1801 1895 circumciso
1833 1842 2024 1910 corde,

339 1932 928 2004 incircumscriptum
997 1928 1159 1983 illum
1229 1934 1290 1984 et
1357 1927 2026 2000 incomprehensibilem

343 2027 591 2084 hauriat
622 2022 919 2097 spiritum,
950 2019 1109 2074 bibat
1156 2016 1444 2090 poculum
1503 2016 1721 2072 salutis
1777 2021 2026 2072 aeternae.

347 2114 576 2174 Cecidit
606 2128 743 2186 ergo
774 2125 949 2183 eques
983 2112 1330 2164 retrorsum.

420 2205 513 2259 29.
550 2200 758 2273 Accipe
789 2204 846 2255 et
873 2196 1055 2263 aliud,
1086 2212 1192 2276 cur
1243 2201 1575 2251 retrorsum
1633 2200 1692 2251 et
1746 2211 1863 2251 non
1895 2198 2031 2250 ante

359 2290 655 2350 ceciderit.
690 2289 826 2345 Post
877 2287 1073 2360 ipsum
1129 2300 1356 2351 omnes,
1387 2300 1560 2339 nemo
1616 2289 1758 2340 ante
1810 2283 2027 2354 ipsum.

363 2379 586 2437 Cecidit
615 2394 751 2452 ergo
801 2394 916 2433 non
973 2374 1108 2440 sibi,
1143 2374 1245 2428 sed
1287 2372 1591 2437 omnibus;
1628 2379 1695 2428 ut
1751 2371 2031 2427 duritiam

365 2469 565 2526 cordis
594 2466 779 2523 nostri
825 2481 1004 2538 super
1032 2479 1141 2518 nos
1193 2461 1452 2517 cadendo
1497 2459 1777 2517 molliret.
1812 2460 2035 2517 Cecidit

372 2566 556 2631 super
583 2557 789 2623 Adam,
820 2570 993 2627 quem
1050 2550 1367 2624 quaerebat,
1400 2553 1465 2603 ut
1518 2549 1825 2606 inveniret.
1858 2549 2035 2606 Retro

371 2663 512 2703 eum
545 2643 837 2717 quaesivit;
874 2646 936 2697 ut
985 2656 1168 2711 supra
1196 2637 1475 2693 humeros
1521 2654 1661 2693 suos
1708 2639 1899 2694 bonus
1931 2656 2032 2710 pa-

372 2740 500 2792 stor
551 2734 898 2806 imponeret,
927 2743 1249 2799 secumque
1280 2725 1550 2798 paradiso
1609 2727 1666 2781 in
1730 2727 1890 2782 illius
1946 2744 2036 2783 re-

373 2824 710 2896 demptione
739 2820 985 2877 latronis
1018 2816 1333 2874 inveheret.

438 2914 529 2969 30.
563 2912 673 2967 Sed
727 2910 894 2978 forte,
923 2908 1086 2965 dicas
1116 2923 1130 2961 :
1160 2906 1231 2961 Et
1268 2907 1669 2986 persecutores
1701 2905 2037 2961 ceciderunt

369 3006 715 3057 retrorsum.
738 2999 833 3056 Sic
883 2997 1037 3055 enim
1096 2993 1378 3066 scripturn
1412 2996 1501 3049 est
1551 2993 1727 3064 (Joan.
1760 3012 1921 3061 xvm,
1951 2995 2030 3066 6).

366 3089 512 3162 quia
565 3088 857 3161 principes
918 3082 1291 3143 sacerdotum
1326 3083 1459 3154 (30),
1508 3099 1654 3154 quos
1712 3084 2035 3139 adduxerat

2058 1796 2105 1860 B

2135 520 2349 571 terram
2382 515 2566 585 (Joan.
2600 533 2761 582 xvm,
2792 516 2869 587 6).
2900 538 2920 565 ι»
2958 517 3065 581 Qui
3097 521 3361 574 terrenus
3392 523 3501 587 est,
3551 518 3609 571 in
3660 518 3778 569 ter-

2136 619 2260 657 ram
2306 602 2462 658 cadit
2493 622 2505 659 :
2539 604 2638 675 qui
2692 603 2962 671 caelestis,
2996 604 3136 661 coelo
3165 605 3425 663 inhaeret.
3459 608 3528 662 Et
3558 605 3609 660 si
3652 617 3780 657 cor-

2135 707 2273 764 pore
2320 691 2495 761 cadit,
2530 691 2739 748 virtute
2791 710 2905 749 non
2966 695 3167 751 cadit:
3201 710 3305 750 nec
3360 695 3433 751 iis
3489 711 3621 767 quae
3674 706 3786 745 sua

2136 783 2292 846 sunt,
2326 780 2426 836 sed
2458 797 2583 852 quae
2617 799 2853 837 sursum
2896 799 3127 856 semper
3167 784 3414 840 intendit
3444 784 3591 855 (31);
3624 796 3786 837 sem-

2135 885 2238 941 per
2265 869 2420 924 enim
2447 870 2517 924 ad
2550 870 2778 926 Patrem
2811 871 3065 943 respicit,
3099 876 3161 927 ut
3190 873 3317 944 ejus
3348 873 3504 929 circa
3536 887 3643 928 nos
3674 870 3788 925 im-

2136 956 2292 1030 pleat
2320 957 2701 1013 voluntatem.
2737 960 2965 1017 Utinam
2997 966 3054 1015 et
3090 960 3189 1016 isti
3227 977 3341 1016 non
3376 961 3668 1016 abiissent
3698 974 3791 1014 re-

2136 1051 2415 1114 trorsum,
2471 1047 2571 1102 sed
2614 1047 2910 1104 Christum
2942 1050 3344 1121 excepissent!
3405 1050 3568 1106 sicut
3626 1064 3794 1104 exce-

2136 1134 2219 1206 pit
2246 1134 2487 1206 Joseph,
2519 1138 2577 1189 et
2605 1135 2870 1207 sepelivit
2897 1153 3031 1192 eum
3070 1138 3130 1192 in
3180 1143 3571 1194 monumento
3622 1152 3791 1193 novo.

2138 1222 2242 1286 Qui
2275 1221 2462 1278 ﬁdelis
2493 1228 2601 1294 est,
2640 1225 2697 1278 in
2737 1230 2954 1280 terram
2985 1242 3099 1281 non
3133 1225 3325 1282 cadit:
3360 1226 3465 1299 qui
3511 1226 3794 1292 inﬁdelis,

2138 1310 2292 1365 cadit
2343 1315 2399 1366 et
2454 1312 2755 1367 descendit
2808 1313 2867 1368 in
2925 1314 3204 1372 inferiora
3252 1319 3601 1371 terrarum:
3643 1314 3801 1372 sicut

2138 1399 2421 1470 scriptum
2453 1404 2542 1454 est
2574 1416 2586 1454 :
2618 1424 2638 1450 α
2674 1401 3038 1459 Descendant
3075 1404 3136 1458 in
3184 1403 3485 1460 infernum
3534 1403 3799 1464 viventes

2139 1488 2308 1554 (Psal.
2344 1503 2458 1553 uv,
2495 1489 2601 1556 16).
2630 1510 2651 1540 ι
2689 1490 2836 1561 Ergo
2867 1495 3203 1562 persecutor
3243 1509 3424 1565 super
3460 1497 3707 1563 terram,
3743 1499 3803 1551 et

2138 1574 2197 1629 in
2230 1574 2524 1630 infernum
2570 1577 2724 1631 cadit
2757 1594 2769 1631 :
2804 1577 3070 1651 Christus
3114 1597 3291 1652 super
3330 1587 3798 1653 resurrecturos,

2138 1662 2405 1717 Christus
2435 1679 2611 1735 super
2641 1670 2887 1736 petram,
2920 1666 3188 1724 Christus
3236 1687 3413 1741 super
3444 1670 3796 1731 Ecclesiam.

2139 1750 2284 1805 Audi
2317 1753 2608 1821 quomodo
2640 1770 2814 1825 super
2863 1754 3181 1812 Ecclesiam
3216 1758 3407 1813 cadat.
3444 1759 3625 1817 Retro
3674 1767 3802 1819 erat

2138 1839 2363 1905 Petrus,
2392 1843 2450 1894 et
2477 1841 2832 1912 sequebatur
2880 1860 3014 1899 eum
3067 1861 3201 1900 cum
3234 1863 3270 1902 a
3295 1847 3526 1919 Judaeis
3558 1850 3631 1905 ad
3664 1851 3800 1906 Cai-

2140 1926 2265 1998 phae
2299 1928 2536 1984 domum
2588 1931 2904 2003 Synagogae
2959 1932 3244 2005 principis
3291 1936 3634 1994 duceretur.
3669 1941 3801 2012 Ipse

2139 2020 2228 2070 est
2257 2014 2463 2071 Petrus
2493 2017 2584 2072 cui
2616 2018 2761 2073 dixit
2784 2035 2833 2073 ;‹‹
2866 2019 2951 2074 Tu
2984 2038 3046 2076 es
3075 2022 3300 2092 Petrus,
3333 2029 3391 2079 et
3429 2042 3617 2098 super
3646 2029 3800 2085 hanc

2139 2107 2360 2189 petram
2395 2104 2689 2160 aediﬁcabo
2712 2102 3023 2163 Ecclesium
3051 2126 3238 2165 meam
3265 2112 3476 2183 (Matth.
3504 2134 3624 2186 xvr,
3651 2119 3800 2189 18).»

2143 2188 2249 2244 Ubi
2299 2207 2434 2264 ergo
2486 2193 2710 2260 Petrus,
2764 2193 2845 2250 ibi
2894 2196 3193 2253 Ecclesia:
3241 2200 3337 2254 ubi
3392 2202 3680 2274 Ecclesia,
3717 2188 3800 2263 ibi

2143 2277 2305 2333 nulla
2335 2297 2514 2348 mors,
2548 2282 2649 2337 sed
2681 2282 2797 2338 vita
2826 2288 3058 2342 (eterna.
3093 2287 3161 2342 Et
3198 2287 3328 2345 ideo
3360 2292 3599 2351 addidit
3632 2315 3696 2351 ;‹‹
3730 2297 3801 2352 Et

2142 2372 2318 2439 porta:
2350 2369 2516 2425 inferi
2550 2389 2663 2426 non
2697 2373 3089 2443 praevalebunt
3131 2376 3183 2431 ei
3217 2396 3228 2433 :
3261 2383 3317 2434 et
3351 2381 3461 2437 tibi
3494 2384 3648 2441 dabo
3679 2387 3796 2442 cla-

2141 2473 2239 2513 ves
2271 2458 2424 2513 880
2454 2460 2613 2532 regni
2647 2461 2922 2517 cmlorum
2956 2464 3113 2533 (Ibid.
3139 2466 3225 2535 18,
3258 2469 3365 2540 19).
3387 2494 3414 2519 ››
3442 2472 3662 2531 Beatus
3694 2476 3798 2541 Pe:

2142 2550 2288 2618 trus,
2322 2548 2414 2602 cui
2444 2565 2558 2602 non
2598 2549 2917 2606 inferorum
2960 2558 3128 2624 porta
3156 2557 3480 2629 praevaluit,
3518 2579 3632 2619 non
3667 2566 3795 2633 cgnli

2142 2641 2307 2708 porta
2342 2653 2404 2691 se
2454 2636 2691 2705 clausit;
2727 2639 2826 2695 sed
2858 2655 2887 2694 e
2918 2644 3209 2700 contrario
3263 2646 3554 2706 destruxit
3583 2652 3796 2709 inferni

2141 2724 2454 2795 vestibula,
2488 2727 2758 2797 patefecit
2800 2726 3076 2785 coelestia.
3114 2733 3173 2787 ln
3204 2735 3376 2792 terris
3405 2737 3607 2811 itaque
3637 2742 3794 2814 posi-

2141 2819 2238 2869 tus
2268 2814 2476 2869 cmlum
2509 2815 2753 2887 aperuit,
2787 2816 3003 2889 inferos
3034 2819 3263 2879 clausit.

2213 2904 2300 2957 31.
2334 2903 2527 2992 Potest
2579 2908 2635 2959 et
2689 2903 2834 2959 illud
2892 2909 3199 2967 convenire
3255 2911 3395 2971 huic
3453 2915 3603 2989 loco,
3636 2922 3791 2992 quod

2143 2990 2545 3047 Samaritanus
2601 2992 3051 3051 descendentem
3090 2999 3161 3054 de
3203 3001 3432 3060 Iericho
3487 2990 3791 3068 hominem

2141 3079 2511 3136 vulneratum
2559 3079 2726 3136 illum
2775 3100 2808 3136 a
2867 3082 3197 3144 latronibus
3258 3108 3373 3147 non
3439 3098 3786 3171 praeterivit;

368 3177 636 3250 proditor
662 3178 871 3244 Judas,
905 3180 962 3231 et
1022 3171 1209 3229 ceteri
1242 3172 1339 3243 qui
1399 3171 1471 3226 ad
1528 3172 2023 3244 comprehenden-
2053 3161 2096 3228 C
2143 3170 2241 3226 sed
2276 3169 2535 3241 suscepit
2576 3185 2731 3236 eum,
2765 3176 2822 3226 et
2856 3170 3095 3230 vulnera
3142 3178 3270 3248 ejus
3319 3161 3564 3256 curavit,
3598 3161 3791 3245 infun;

378 3267 527 3322 dum
565 3267 921 3321 advenerant
976 3260 1291 3317 Dominum
1347 3259 1574 3328 Jesum,
1617 3261 1886 3315 abierunt
1940 3278 2029 3317 re-

2140 3259 2284 3314 dens
2330 3257 2525 3313 oleum
2557 3263 2614 3313 et
2641 3258 2840 3315 vinum
2879 3278 2890 3315 :
2925 3265 2980 3316 ct
3010 3263 3292 3337 imposuit
3329 3288 3509 3344 supra
3548 3276 3786 3347 jumen-

375 3360 661 3422 trorsum,
696 3358 753 3409 et
783 3352 1124 3409 ceciderunt
1151 3347 1210 3402 in
1242 3351 1480 3402 terram.
1514 3340 1631 3402 Hoc
1675 3351 1762 3402 est
1791 3349 1945 3418 quod
1979 3356 2037 3405 et
2142 3352 2269 3400 tum
2302 3363 2502 3415 suum,
2534 3351 2590 3401 et
2621 3349 2786 3403 duxit
2816 3350 2885 3404 ad
2920 3352 3239 3412 stabulum.
3274 3340 3422 3423 Quid
3451 3340 3687 3423 duﬁjtas
3719 3370 3791 3425 de

383 3460 491 3515 ego
525 3443 674 3508 dico,
702 3441 842 3514 quia
881 3455 1060 3511 super
1103 3439 1432 3509 peccatores
1455 3433 1639 3490 voluit
1665 3435 1891 3501 cadere,
1921 3451 2037 3491 non
2147 3450 2296 3526 equo
2327 3436 2499 3526 bono,
2523 3451 2654 3526 cum
2691 3438 2908 3526 bonum
2932 3444 2989 3495 et
3010 3442 3347 3512 jumentum
3375 3451 3627 3526 legeris?
3648 3461 3795 3519 cum

388 3548 570 3602 super
592 3531 822 3600 justos;
847 3529 1047 3599 justus
1078 3525 1237 3581 enim
1269 3522 1492 3579 medico
1523 3540 1638 3578 non
1669 3522 1910 3596 indiget.
1940 3525 2042 3579 sed
2151 3521 2385 3611 legeris,
2416 3522 2475 3575 in
2532 3522 2857 3579 Jerusalem
2916 3527 3075 3584 illam
3095 3572 3108 3596 ,
3167 3539 3225 3589 et
3291 3521 3520 3611 equites
3578 3549 3800 3607 multos

383 3622 751 3692 peccatores.
777 3616 832 3671 Si
861 3613 1260 3687 apostolorum
1285 3613 1495 3668 umbra
1524 3613 1799 3681 sanabat;
1826 3617 2046 3684 quanto
2155 3614 2213 3666 et
2241 3610 2528 3683 plurimos
2573 3627 2707 3665 cum
2740 3614 3043 3687 quadrigis
3100 3625 3158 3675 et
3208 3610 3482 3687 curribus
3512 3635 3754 3696 introire
3775 3641 3802 3695 εξ

390 3705 589 3778 magis
618 3722 751 3761 caro
783 3704 997 3759 Christi
1029 3719 1177 3776 quos
1219 3700 1425 3774 tangit,
1458 3718 1491 3756 a
1520 3706 1703 3756 morte
1749 3700 2046 3758 defendit!
2159 3700 2274 3755 Nec
2306 3702 2621 3792 temoveat
2651 3701 2803 3770 quod
2838 3700 3027 3792 legisti
3064 3722 3115 3760 zu
3148 3707 3217 3762 Hi
3248 3711 3307 3766 in
3338 3719 3630 3792 curribus,
3664 3730 3718 3781 et
3745 3728 3805 3782 hi

380 3793 658 3865 Denique
691 3792 994 3866 leprosum
1025 3790 1234 3865 tetigit,
1258 3795 1316 3846 et
1345 3790 1472 3846 sine
1492 3788 1782 3845 delatione
1812 3790 2056 3846 munda-
2160 3789 2222 3844 in
2253 3788 2422 3860 equis
2454 3804 2466 3841 :
2505 3804 2610 3842 nos
2642 3793 2837 3842 autem
2871 3789 2930 3843 in
2962 3794 3196 3850 nomine
3247 3800 3475 3859 Domini
3503 3788 3815 3869 Dei'nostri

386 3884 495 3940 vit.
522 3882 595 3939 Ut
623 3882 778 3939 scias
810 3887 1008 3937 autem
1056 3881 1155 3954 qui
1204 3878 1371 3953 legis,
1406 3878 1544 3951 quia
1573 3883 1629 3934 et
1659 3881 2057 3950 persecutores
2167 3875 2699 3950 magniﬁcabimur.
2750 3876 2865 3948 Ipsi
2907 3878 3145 3952 obligati
3193 3893 3352 3955 sunt,
3384 3895 3437 3947 et
3482 3897 3819 3959 ceciderunt

388 3988 533 4028 suos
564 3971 751 4027 voluit
780 3970 1055 4039 liberare,
1080 3973 1290 4025 testem
1319 3966 1531 4023 Christi
1562 3967 1877 4041 interroga.
1911 3967 2058 4024 Nam
2170 3968 2340 4038 (Psal.
2374 3983 2490 4056 xix,
2523 3966 2683 4056 8,9).
2710 3988 2738 4056 ξ)
2770 3966 2877 4056 Sed
2907 3967 3061 4025 Elias
3111 3989 3224 4029 non
3257 3978 3483 4049 cecidit,
3518 3987 3620 4056 qui
3646 4003 3821 4046 curru

394 4077 534 4116 cum
566 4060 943 4117 inveheretur
987 4059 1195 4114 Petrus
1244 4057 1303 4112 in
1353 4056 1607 4126 Judazos,
1641 4057 1795 4130 quod
1845 4056 2059 4128 princi-
2174 4055 2461 4122 introivit;
2497 4054 2595 4109 ubi
2629 4055 2784 4110 enim
2816 4055 2918 4111 Dei
2950 4074 3162 4117 nomen
3194 4070 3301 4133 est,
3335 4067 3415 4124 ibi
3448 4054 3650 4131 nullus
3681 4078 3826 4136 obli-

408 4166 543 4223 pem
576 4149 708 4206 vitae
739 4149 1196 4213 interfecissent,
1241 4146 1562 4201 remedium
1594 4145 2017 4202 demonstravit
2050 4152 2063 4189 ε
2174 4150 2365 4218 gatur,
2401 4144 2500 4200 sed
2533 4143 2916 4200 absolvuntur
2956 4147 3231 4207 universi.
3268 4155 3328 4210 In
3363 4161 3598 4219 nomine
3629 4170 3823 4225 autem

413 4242 476 4293 ut
511 4242 751 4311 agerent
771 4232 1430 4309 pmnitentiam,remitti
1452 4234 1561 4289 sibi
1584 4239 1887 4306 peccatum
1911 4236 2067 4306 quod
2179 4236 2278 4291 Dei
2314 4234 2499 4322 nostri
2530 4236 2585 4288 et
2615 4250 2837 4322 pauper
2865 4239 2953 4290 est
2990 4240 3154 4295 tutus
3186 4241 3294 4315 (32)
3326 4251 3383 4301 et
3411 4248 3600 4322 dives;
3632 4259 3689 4311 et
3720 4274 3824 4315 no-

419 4326 818 4393 admiserant,
891 4328 1273 4382 mererentur.
1326 4322 1470 4385 Quid
1540 4326 1734 4378 autem
1815 4322 2069 4393 dubitas,
2183 4324 2342 4393 bilis,
2375 4326 2432 4378 et
2459 4321 2763 4394 ignobilis;
2825 4328 2882 4378 et
2938 4326 3229 4399 inﬁrmus,
3286 4339 3343 4389 et
3398 4341 3625 4408 potens,
3668 4343 3827 4403 Fidei

2182 4430 2298 4469 non
2352 4411 2733 4484 praejudicant
2765 4428 2930 4483 opes;
2982 4414 3029 4470 si
3061 4419 3257 4475 tamen
3291 4424 3376 4479 uti
3414 4428 3625 4499 opibus
3657 4450 3826 4493 nove-

2105 4525 2155 4591 Ι)
2184 4502 2388 4559 rimus.

2259 4594 2348 4647 32.
2379 4591 2562 4663 (Vers.
2601 4591 2710 4661 ll.)
2740 4591 2811 4646 Et
2838 4591 2967 4648 ideo
3018 4611 3229 4654 nomen
3260 4601 3360 4658 Dei
3390 4604 3449 4662 in
3498 4626 3560 4665 se
3607 4610 3830 4670 habens

2192 4682 2335 4737 dicit
2369 4698 2380 4735 :
2410 4703 2435 4728 ‹‹
2471 4681 2558 4734 'l‘u
2611 4684 2827 4745 autem,
2860 4681 3123 4753 Domine,
3159 4690 3436 4751 miserere
3468 4699 3603 4764 mei,
3638 4705 3695 4754 et
3745 4718 3831 4757 re-

2194 4769 2415 4826 suscita
2441 4784 2556 4839 me,
2589 4774 2643 4823 et
2695 4769 3012 4827 retribuam
3046 4771 3235 4831 illis.»
3269 4780 3429 4843 Quod
3486 4785 3686 4856 utique
3717 4806 3833 4846 non

2193 4858 2359 4930 quasi
2394 4858 2463 4911 de
2514 4864 2935 4915 resurrectione
2973 4862 3250 4921 dubitans
3281 4869 3439 4940 dicit,
3475 4873 3575 4943 qui
3624 4875 3681 4931 in
3732 4895 3833 4949 po-

2195 4951 2404 5003 testate
2458 4945 2709 5002 habebat
2740 4949 2930 5004 dicere
2964 4966 3012 5003 :«
3042 4950 3253 5008 Solvite
3292 4957 3579 5029 templum
3619 4945 3752 5033 hoc,
3778 4971 3837 5023 et

2198 5039 2256 5092 in
2315 5035 2510 5091 triduo
2568 5037 2928 5092 resuscitabo
2982 5036 3126 5092 illud
3187 5042 3362 5112 (Joan.
3414 5049 3696 5121 11,19);»
3734 5056 3836 5111 sed

408 4415 566 4487 quod
601 4416 734 4471 ideo
768 4415 1012 4483 cedidit,
1044 4417 1110 4469 ut
1156 4411 1548 4479 resuscitaret,
1581 4428 1714 4466 cum
1760 4411 1885 4483 ipse
1912 4412 2073 4469 dixe-

404 4503 581 4562 rit:«
631 4504 970 4560 Percutiam
1032 4507 1090 4557 et
1146 4499 1366 4556 sanabo
1423 4501 1594 4571 (Deut.
1655 4517 1831 4567 xxxn,
1891 4501 2075 4573 39)?»

409 4592 742 4650 Verborum
814 4597 1012 4648 tamen
1068 4589 1263 4646 videto
1325 4586 1684 4644 distantiam.
1747 4588 1807 4643 In
1869 4588 2081 4647 Genesi

358 4696 363 4700 '
426 4681 723 4738 habetur:
759 4702 781 4730 α
845 4681 1023 4737 Cadet
1060 4695 1240 4752 eques
1289 4682 1634 4744 retrorsum,
1682 4677 1931 4734 salutem
1981 4697 2082 4737 ex-

425 4776 701 4843 spectans
748 4788 781 4826 a
832 4770 1079 4826 Domino
1127 4768 1278 4840 (Gen.
1310 4784 1457 4833 XLIX,
1490 4768 1664 4837 17);»
1698 4766 1807 4823 hoc
1862 4773 1970 4837 est,
2019 4776 2084 4827 ut

411 4859 613 4916 oculos
661 4877 775 4915 non
846 4863 1090 4926 avertat,
1124 4856 1274 4913 actio
1306 4861 1558 4911 mentem
1614 4857 1906 4929 prepriam
1965 4877 2081 4916 non

411 4949 694 5016 reflectat,
736 4949 1194 5005 resurrectionis
1241 4963 1357 5001 suae
1409 4947 1845 5017 praerogativam
1896 4948 2082 5005 vindi-

414 5042 529 5104 cet,
579 5044 634 5095 et
671 5039 869 5095 divina
918 5055 978 5095 se
1034 5035 1343 5092 resuscitet
1399 5040 1705 5107 potestate.
1741 5035 1843 5090 Hic
1891 5042 2083 5095 autem

489 5178 614 5250 (30)
647 5180 815 5236 Rom.
848 5180 1010 5244 edit.,
1046 5179 1178 5250 quia
1214 5176 1488 5248 principis
1532 5176 1866 5233 sacerdotum
1916 5182 2089 5236 mini-

416 5251 553 5327 atri1
579 5256 891 5327 _qugs,_et_c_._
1065 5324 1072 5327 _
1142 5319 1174 5327 Α
1216 5317 1252 5327 “
1671 5318 1681 5327 _

502 5317 621 5403 (31)
653 5317 794 5378 Cod.
1024 5324 1082 5376 et
1125 5317 1294 5403 .Colb.
1358 5332 1624 5403 cumque.
1668 5318 1783 5403 illis
1841 5321 2091 5403 antiquae

421 5391 733 5459 edit.,non
764 5393 932 5461 cadit,
963 5408 1063 5448 nec
1111 5392 1181 5445 iis
1214 5403 1334 5459 qua!
1363 5405 1465 5443 sua
1493 5392 1644 5463 sunt,
1678 5391 1779 5463 sed
1825 5391 2091 5463 operi—in-

2196 5180 2426 5236 videtur
2446 5180 2890 5269 contemnenda.
2908 5178 3205 5269 Etenim‘si
3228 5183 3404 5243 homo
3430 5190 3681 5269 ccelestis
3711 5212 3838 5269 quae

2200 5269 2307 5333 sua
2338 5256 2478 5333 sunt
2506 5266 2736 5333 semper
2769 5250 3051 5333 ‘int‘endit,
3083 5253 3293 5333 utique
3333 5275 3566 5333 semper
3595 5250 3845 5325 inteﬁaft

2199 5322 2476 5379 cmlestia.
2510 5321 2822 5396 Commode
2853 5324 3047 5396 tamen
3079 5321 3222 5396 edit.
3259 5327 3423 5386 Rom.
3462 5321 3521 5388 et
3551 5321 3837 5396 cod—vat.

2200 5409 2463 5469 q_uos_eo
2487 5392 2827 5469 _sequimur,
2854 5393 3006 5463 quod
3066 5394 3277 5454 melius
3337 5410 3543 5461 sonent
3600 5392 3844 5469 auribus

421 5464 627 5519 tendit.
664 5460 925 5527 Quatuor
956 5463 1053 5519 alii
1100 5476 1412 5533 mss.,_non
1458 5460 1625 5533 cadit,
1658 5462 1752 5518 sed
1799 5460 1924 5533 quae
1967 5482 2091 5522 sur-
2201 5460 2552 5523 christianis.

422 5550 551 5589 sum
588 5539 720 5589 sunt
749 5549 959 5613 semper
989 5532 1243 5613 intendit.
1266 5530 1419 5613 Reg.
1457 5530 1776 5613 solusnnon
1804 5530 1973 5605 uadit,
2005 5538 2094 5596 sed
2273 5536 2386 5613 (32)
2418 5534 2585 5589 Rom.
2618 5533 2780 5606 edit.,
2812 5536 2870 5592 In
2921 5536 3145 5602 nomine
3164 5539 3384 5601 Domini
3426 5548 3524 5609 Dei
3551 5555 3730 5612 nostri
3758 5555 3844 5613 in.

423 5550 551 5589 sum
588 5547 720 5589 sum
749 5549 959 5605 semper
989 5547 1243 5588 mtenau.
1280 5547 1359 5586 ne
1408 5573 1419 5585 .
1457 5547 1639 5598 soms,
1666 5549 1776 5588 non
1804 5547 1973 5605 vaazt,
2005 5547 2093 5596 sed
2273 5547 2386 5606 (32)
2419 5547 2527 5589 hor

423 5618 556 5686 qua
588 5621 690 5664 sua
711 5609 840 5664 sunt
859 5619 1069 5680 semper
1090 5601 1343 5665 intendit.
1364 5547 1500 5672 sua
1522 5602 1695 5665 lectio
1717 5620 2091 5684 nequaquam
2199 5606 2527 5671 vocabimus.
