4112 6190
502 325 661 398 “35

1980 331 2046 397 S.
2093 326 2472 397 AMBROSII

3615 417 3626 428 _
3690 329 3808 405 1136'

495 457 747 522 formam
779 463 878 520 dat
924 459 1169 534 homini,
1210 465 1275 520 ut
1325 463 1785 522 misericordiam
1840 483 1872 521 a
1919 466 2057 532 Deo,
2091 470 2147 521 et
2174 451 2231 532 Α
2261 467 2541 522 Dominus
2601 472 2750 522 Deus
2811 458 2985 522 Israel
3017 484 3052 523 a
3089 457 3294 522 saeculo
3347 466 3400 522 et
3445 464 3497 521 in
3549 469 3804 529 saculum:

499 549 988 612 resurrectiOnem
1024 553 1094 611 de
1141 558 1256 610 Deo
1311 558 1521 626 speret.
1557 553 1773 610 Deinde
1824 571 1938 610 non
1993 572 2160 610 resu-

500 642 702 716 scitari
734 641 796 700 se
828 643 974 716 petit
1007 662 1020 700 :
1053 645 1152 700 sed
1200 642 1539 700 resuscitari
1571 643 1682 698 sibi
1723 642 1984 715 postulat
2014 643 2158 699 Mat-

500 713 692 788 thiam
747 713 1061 790 inilocum
1117 728 1309 800 Judae;
1345 735 1412 788 ut
1468 713 1821 804 apostolicus
1879 749 2160 788 numerus

507 819 849 900 impleatUr.
907 821 1132 878 Etenim
1183 821 1322 893 quia
1379 836 1612 877 necesse
1666 821 1918 876 habebat
1974 821 2163 893 perire

511 908 673 968 filius
720 909 1090 984 perditionis,
1123 914 1190 966 ut
1241 910 1544 983 Scriptura
1592 909 1961 981 impleretur;
1995 926 2162 982 opor-

505 995 666 1076 tebat
708 995 769 1053 in
821 995 1022 1054 locum
1083 997 1270 1070 ipsius
1326 999 1630 1071 subrogari
1685 996 1872 1053 ﬁlium
1933 998 2160 1054 salutis.

503 1084 767 1142 Tertium
832 1087 1046 1160 accipe.
1109 1087 1463 1143 Resuscitari
1521 1105 1603 1153 se,
1644 1087 1754 1144 hoc
1811 1091 1919 1154 est,
1953 1104 2164 1158 corpus

509 1173 708 1242 suum,
744 1174 934 1246 poscit
968 1191 980 1229 :
1013 1193 1224 1248 corpus
1266 1180 1463 1232 autem
1496 1175 1732 1242 Christi,
1763 1175 2022 1231 Ecclesia
2051 1179 2159 1231 est.

507 1260 576 1318 Et
609 1260 748 1332 quia
776 1261 961 1318 Judas
1004 1263 1193 1335 figura
1223 1268 1347 1319 erat
1398 1263 1652 1318 infidelis
1687 1263 1881 1335 populi
1931 1263 2162 1317 Judcco-

513 1365 666 1418 rum,
701 1349 802 1422 qui
848 1351 1096 1422 pecunia
1124 1351 1212 1407 vel
1269 1350 1429 1420 emit,
1462 1351 1548 1407 vel
1581 1352 1841 1406 vendidit
1870 1351 2163 1407 Christum

508 1437 686 1508 (quod
719 1435 941 1494 faciunt
973 1439 1072 1512 qui
1123 1437 1311 1512 pluris
1344 1439 1566 1495 ducunt
1618 1441 1949 1512 pecuniam,
1986 1455 2166 1510 quam

508 1525 873 1600 religionem)
905 1544 1007 1600 pro
1050 1528 1290 1584 interitu
1346 1528 1532 1601 plebis
1586 1527 1643 1582 in
1701 1529 1812 1583 fide
1845 1530 1953 1599 (33)
1986 1528 2164 1600 signi-

509 1615 644 1671 ﬁcat
695 1615 962 1672 Ecclesiae
1017 1617 1128 1672 sibi
1182 1615 1430 1690 gratiam
1487 1621 1967 1672 resurrecturum.
2005 1616 2167 1671 Unde

513 1707 568 1758 et
601 1705 728 1776 ipsa
774 1705 913 1760 dicit
947 1705 1005 1759 in
1038 1705 1288 1760 Canticis
1325 1725 1336 1760 :
1367 1727 1392 1755 «
1428 1706 1486 1761 Si
1545 1705 1964 1760 suscitaveritis
1995 1708 2050 1759 et
2082 1721 2168 1760 re-

513 1793 938 1848 suscitaveritis
977 1791 1320 1850 charitatem
1354 1794 1532 1864 (Cant.
1571 1812 1632 1860 11,
1663 1796 1752 1861 '7);
1787 1817 1805 1841 »
1845 1809 1976 1849 cum
2010 1793 2167 1864 quae-

514 1886 668 1937 reret
696 1881 767 1937 de
790 1875 1126 1952 juvenculis
1156 1882 1475 1951 Christum,
1512 1884 1648 1954 quia
1679 1883 1946 1939 Christus
1977 1883 2164 1937 chari-

514 1975 605 2026 tas
632 1969 738 2027 est.

585 2059 677 2116 33.
710 2057 874 2124 Quod
907 2064 1103 2117 autem
1137 2061 1217 2118 ait
1251 2078 1302 2116 ;‹‹
1334 2062 1673 2118 Retribuam
1705 2060 1852 2130 illis;
1881 2084 1906 2110 »
1939 2061 2049 2117 hoc
2081 2061 2166 2116 in-

514 2143 874 2221 telligimus,
934 2149 1073 2222 quia
1143 2149 1403 2207 florentis
1470 2151 1737 2206 Ecclesiae
1799 2151 2171 2222 processibus

517 2235 938 2294 cruciabuntur
973 2256 985 2292 :
1021 2244 1077 2294 et
1107 2232 1247 2294 tunc
1291 2245 1642 2312 cognoscent
1673 2256 1799 2311 quas
1844 2257 2015 2311 poena
2045 2256 2170 2310 per-

520 2320 672 2379 fidiae
700 2323 805 2393 sit;
839 2341 972 2379 cum
1027 2325 1382 2381 adverterint
1413 2327 1511 2398 qui
1546 2325 1680 2380 ﬁdei
1739 2326 1819 2381 sit
1875 2325 2172 2397 splendor,

520 2413 576 2468 et
605 2409 826 2486 gratiae.
859 2410 960 2467 Vel
1011 2413 1151 2484 quia
1181 2413 1372 2470 bonus
1405 2413 1693 2469 Dominus
1724 2418 1831 2480 est,
1864 2413 1961 2485 qui
2011 2417 2176 2484 pote-

520 2494 612 2557 rat
636 2495 825 2556 dieere
860 2518 916 2559 :«
952 2501 1374 2558 Retribuebant
1435 2502 1579 2558 mihi
1635 2501 1791 2558 mala
1849 2519 1953 2575 pro
2008 2501 2178 2558 bonis

523 2585 702 2664 (Psdl.
735 2587 924 2662 xXxiv,
961 2585 1068 2662 l2).
1095 2613 1122 2640 »
1147 2592 1217 2646 Et
1249 2589 1508 2648 medium
1539 2593 1780 2647 verbum
1814 2596 1902 2647 est
1929 2590 2177 2647 retribu-

525 2678 729 2747 tionis,
757 2677 845 2734 vel
879 2679 938 2734 i'n
970 2679 1143 2745 bono,
1172 2680 1257 2735 vel
1314 2681 1372 2734 in
1426 2679 1579 2736 malo
1614 2698 1626 2735 :
1662 2680 2086 2736 retributurum
2119 2680 2177 2734 in

525 2759 678 2825 bono
710 2771 840 2825 esse
874 2785 936 2824 se
968 2769 1110 2825 dicit
1145 2788 1156 2824 :
1191 2767 1330 2841 quia
1377 2770 1488 2826 etsi
1537 2769 1764 2826 cacitas
1796 2769 1853 2824 in
1904 2769 2079 2825 Israel
2115 2786 2183 2824 ex

529 2861 694 2934 parte
724 2857 1045 2931 continget,
1076 2862 1273 2915 tamen
1304 2875 1438 2914 cum
1474 2858 1775 2932 plenitudo
1807 2859 2068 2931 gentium
2102 2858 2184 2913 in-

527 2942 788 3016 traverit,
811 2949 952 3002 tunc
982 2947 1176 3004 omnis
1210 2946 1386 3003 Israel
1413 2947 1628 3003 Christi
1662 2947 2036 3004 miseratione
2067 2946 2182 3004 sal-

528 3031 776 3093 vabitUr.

605 3123 694 3181 34.
731 3125 919 3196 (Vers.
947 3127 1057 3198 12.)
1084 3127 1153 3182 Et
1183 3127 1450 3198 subjecit.
1477 3150 1504 3176 «
1541 3127 1603 3181 In
1638 3128 1744 3182 hoc
1776 3126 2013 3198 cognovi
2047 3143 2187 3197 quo-

533 3213 693 3270 niam
725 3213 959 3271 voluisti
993 3231 1116 3283 me;
1151 3216 1431 3286 quoniam
1491 3232 1606 3271 non
1663 3215 1942 3286 gaudebit
1987 3214 2182 3268 inimi-
2219 3200 2261 3266 C

533 3298 640 3359 cus
695 3320 860 3359 meus
917 3321 1093 3375 super
1138 3319 1250 3359 me.
1279 3326 1307 3352 ››
1339 3303 1622 3376 Superius
1653 3304 1723 3358 de
1755 3303 2025 3375 passione
2079 3321 2187 3360 sua

531 3391 770 3446 locutus
801 3396 890 3446 est
922 3390 1090 3462 quasi
1123 3390 1297 3446 homo
1332 3409 1344 3447 :
1378 3391 1515 3447 hinc
1539 3393 1664 3462 jam
1697 3393 1881 3464 aperit
1912 3395 2184 3464 majesta-

533 3484 654 3533 tem
685 3489 876 3545 suam,
905 3478 1062 3550 quod
1093 3481 1254 3536 solus
1287 3480 1432 3536 88]
1471 3481 1598 3536 sine
1627 3485 1882 3553 peccato,
1907 3482 2068 3537 solus
2091 3482 2182 3537 cui

531 3569 802 3639 peccator
853 3567 1178 3640 inequitare
1232 3586 1346 3624 non
1401 3570 1590 3641 potuit
1619 3571 1753 3642 (34),
1797 3571 1960 3626 solus
2009 3588 2181 3642 quem

530 3655 701 3710 Pater
729 3659 792 3711 ut
823 3655 1062 3712 unicum
1091 3656 1300 3712 Filium
1333 3658 1615 3715 dilexerit.
1640 3660 1762 3723 Qua
1793 3660 2016 3716 ratione
2047 3676 2183 3732 ergo

530 3742 806 3801 inimicus
839 3762 954 3801 non
1003 3751 1091 3802 est
1141 3744 1372 3802 lmtatus
1431 3765 1608 3821 super
1660 3750 1840 3804 eum?
1873 3749 2017 3814 Quia
2074 3748 2182 3804 etsi

528 3836 773 3890 mortem
807 3835 1066 3908 suscepit
1106 3852 1210 3907 pro
1241 3837 1430 3904 nobis,
1492 3838 1809 3893 resurrexit
1867 3842 2094 3905 tamen;
2127 3843 2184 3893 et

526 3921 651 3994 ipse
682 3921 988 3982 insultavit
1018 3924 1276 3992 inimico,
1317 3927 1490 3996 cujus
1535 3927 1838 3982 victoriam
1870 3927 2179 3994 destruxit,

528 4017 585 4068 et
615 4009 883 4068 aculeum
915 4013 1122 4068 mortis
1164 4012 1416 4085 infregit.
1454 4015 1518 4068 Et
1549 4032 1674 4080 nos,
1699 4014 1842 4070 'licet
1882 4015 1938 4070 in
1972 4013 2180 4071 saeculo

532 4099 723 4158 maesti
776 4099 985 4171 simus,
1020 4106 1196 4174 atque
1241 4102 1302 4158 in
1350 4119 1593 4159 mcerore
1643 4109 1843 4160 nostro
1873 4109 1928 4160 et
1966 4104 2182 4159 contri-

523 4187 682 4247 tione
713 4189 905 4248 cordis
937 4191 1239 4264 animique
1272 4193 1456 4248 nostri
1491 4192 1716 4248 laetetur
1747 4193 2060 4248 inimicus:
2095 4197 2181 4248 ta-

523 4294 657 4335 men
690 4279 1064 4353 resurgentes
1109 4282 1237 4352 ejus
1286 4282 1568 4354 gaudium
1602 4281 1986 4336 destruimus.
2018 4281 2181 4337 Unde

529 4371 585 4420 et
615 4367 884 4425 Michasas
930 4368 1076 4424 dixit
1104 4388 1164 4425 :«
1198 4370 1326 4426 Noli
1381 4388 1558 4442 super
1615 4387 1707 4426 me
1761 4372 2036 4442 gaudere,
2070 4370 2179 4425 ini-

535 4453 685 4510 mica
716 4472 864 4523 mea,
890 4458 1027 4528 quia
1048 4459 1259 4525 cecidi;
1294 4457 1394 4513 sed
1431 4475 1730 4531 resurgam
1753 4461 2046 4530 (Michwn,
2066 4460 2178 4529 8).»

2270 556 2389 622 fiat,
2422 555 2542 611 ﬁat.
2571 577 2597 604 »
2625 556 2906 613 Innocens
2945 555 3091 612 nulli
3143 559 3324 621 nocet,
3355 555 3410 610 in
3439 555 3689 614 neminem
3713 576 3808 632 pec-

2268 647 2380 700 cat.
2433 644 2560 700 Ideo
2618 645 2745 700 sine
2798 649 3057 717 peccato,
3090 645 3217 700 sine
3271 643 3396 700 dolo
3425 643 3656 702 Christus
3701 647 3810 704 Scri-

2269 734 2451 803 ptura;
2496 731 2700 787 divinae
2757 732 3104 789 auctoritate
3162 732 3437 805 signatur.
3468 733 3570 788 Hoc
3617 733 3756 808 igitur
3774 742 3812 792 et

2271 819 2365 875 hic
2421 819 2770 885 declaratur,
2803 821 2904 876 ubi
2962 821 3104 877 dicit
3136 839 3199 876 :«
3231 821 3457 893 Propter
3503 821 3812 880 innocentiam

2271 912 2466 965 autem
2500 925 2689 966 meam
2731 909 3044 981 suscepisti
3078 925 3190 964 me.
3218 931 3244 958 »
3276 910 3404 976 Quae
3445 913 3612 964 autem
3640 927 3812 984 suscep-

2270 998 2352 1053 tio
2407 997 2814 1072 signiﬁcatur?
2872 998 3018 1054 Nam
3075 1002 3131 1054 et
3187 997 3322 1052 alibi
3377 997 3681 1069 legimus:«
3721 999 3816 1055 Sus-

2272 1086 2476 1158 cepisti
2517 1103 2608 1142 me
2657 1103 2726 1142 ex
2784 1091 2951 1142 utero
3011 1084 3215 1142 matris
3272 1101 3406 1140 mem
3437 1085 3588 1156 (Psal.
3617 1101 3814 1154 cxxxvm,

2276 1177 2430 1244 13.)»
2462 1175 2612 1247 Ergo
2645 1175 2784 1247 quia
2841 1175 2913 1230 ab
2973 1175 3133 1231 omni
3177 1173 3526 1230 concretione
3576 1177 3810 1247 generatio-

2275 1264 2365 1318 nis
2396 1264 2507 1335 (35)
2540 1263 2808 1318 humanas
2862 1264 3118 1318 mundus
3151 1267 3238 1318 est
3277 1266 3464 1326 natus.
3496 1261 3584 1332 qui
3627 1263 3676 1317 de
3713 1260 3809 1334 Spi-

2275 1351 2396 1423 pitu
2431 1356 2517 1406 est
2547 1356 2722 1407 natus
2753 1356 2808 1406 et
2829 1351 3096 1422 Virgine;
3130 1351 3255 1405 ideo
3281 1365 3410 1406 eum
3441 1349 3589 1404 Pater
3613 1349 3814 1422 suscepit,

2276 1441 2413 1512 quia
2443 1445 2634 1495 ortum
2669 1439 2828 1495 illius
2863 1439 3023 1494 nulla
3053 1456 3339 1511 corporeae
3373 1438 3706 1510 generationis
3731 1454 3819 1492 con~

2277 1530 2453 1584 cretio
2486 1529 2702 1584 usitata
2735 1529 2998 1584 fuscavit.
3035 1528 3304 1600 Suscepit
3333 1543 3460 1583 eum
3488 1530 3816 1599 resurgentem,

2278 1619 2417 1690 quia
2486 1617 2642 1672 nulla
2700 1634 2831 1673 eum
2893 1616 3133 1673 offensio
3199 1615 3566 1689 prolapsionis
3621 1615 3816 1688 aspersit.

2281 1706 2700 1762 Immaculatus
2749 1707 2818 1762 ad
2864 1707 3092 1762 Patrem
3137 1705 3330 1771 rediit,
3365 1722 3397 1760 a
3423 1721 3525 1777 quo
3563 1702 3820 1758 immacula-

2280 1801 2377 1851 tus
2408 1795 2600 1860 exivit,
2634 1796 2867 1867 quando
2909 1793 3211 1850 descendit
3256 1794 3315 1848 in
3360 1798 3543 1850 terras.
3569 1791 3702 1847 Unde
3727 1791 3822 1846 dicit

2278 1884 2328 1940 ei
2365 1884 2532 1940 Pater
2565 1901 2577 1938 :
2605 1907 2631 1931 ‹‹
2669 1883 2847 1938 Filius
2881 1900 3049 1939 meus
3083 1901 3145 1939 es
3186 1887 3275 1950 tu,
3309 1898 3410 1954 ego
3451 1881 3601 1937 hodie
3638 1881 3823 1953 genuite

2279 1975 2451 2045 (Psal.
2511 1991 2574 2039 II,
2619 1973 2757 2043 7);»
2794 1971 2903 2028 hoc
2962 1977 3072 2039 est,
3106 1971 3498 2044 generationis
3549 1987 3664 2025 mea
3708 1970 3748 2023 in
3789 1974 3826 2023 te

2278 2061 2646 2134 privilegium
2679 2077 3052 2133 recognosco,
3087 2077 3264 2133 quem
3300 2058 3456 2116 nulla
3483 2057 3668 2114 macula
3689 2056 3825 2128 potuit

2281 2151 2586 2222 inquinare
2646 2150 2881 2221 peccati.
2917 2152 3071 2206 Inter
3137 2153 3469 2222 peccatores
3521 2151 3722 2203 versatus
3761 2161 3824 2211 es,

2283 2243 2518 2312 peccata
2550 2239 2812 2293 omnium
2839 2237 3173 2310 suscepisti,
3200 2242 3498 2309 peccatum
3525 2253 3612 2308 pro
3633 2233 3827 2290 omnibus

2286 2329 2474 2382 factus
2508 2343 2591 2393 es,
2627 2326 3004 2381 maledictum
3039 2344 3141 2398 pro
3173 2326 3450 2382 omnibus
3479 2325 3640 2380 factus
3664 2339 3736 2388 es;
3760 2313 3827 2375 sed

2285 2415 2487 2472 nullus
2518 2432 2662 2471 usus
2694 2416 2884 2488 potuit
2915 2416 2986 2470 ad
3015 2419 3069 2470 te
3098 2415 3354 2471 transire
3401 2411 3614 2486 peccati.
3645 2412 3710 2465 Ita
3732 2410 3832 2463 inter

2287 2510 2623 2576 peccatores
2653 2510 2919 2560 versatus
2953 2520 3034 2571 es,
3071 2503 3246 2575 quasi
3289 2503 3437 2559 inter
3476 2499 3678 2574 angelos
3700 2512 3830 2553 versa-

2289 2593 2455 2648 reris.
2493 2593 2698 2648 Fecisti
2751 2597 2965 2647 terram
2999 2608 3126 2648 esse
3157 2593 3319 2664 quod
3377 2589 3568 2648 coelum
3619 2593 3708 2655 est;
3734 2588 3778 2641 ut
3797 2589 3832 2638 et

2289 2682 2369 2737 ibi
2431 2687 2735 2754 peccatum
2794 2681 3046 2737 tolleres.
3105 2681 3293 2738 Hodie
3350 2685 3404 2736 te
3455 2677 3627 2752 genui,
3671 2677 3715 2731 in
3756 2689 3832 2745 quo

2291 2770 2637 2843 complacui.
2675 2771 2932 2826 Probasti
2967 2776 3024 2826 te
3056 2769 3298 2836 Filium,
3323 2770 3421 2843 qui
3449 2767 3674 2840 implesti
3697 2764 3741 2819 in
3759 2777 3835 2819 om-

2292 2859 2468 2915 nibus
2509 2859 2700 2914 Patris
2749 2859 3125 2914 voluntatem.
3160 2858 3347 2914 Hodie
3391 2862 3445 2913 te
3488 2855 3658 2929 genui,
3682 2854 3726 2908 in
3759 2864 3834 2922 quo

2290 2948 2483 3003 lucem
2515 2947 2908 3002 immaculata:
2969 2947 3147 3020 prolis
3208 2963 3477 3020 agnosco.
3509 2943 3624 3000 Heri
3671 2938 3777 2996 mihi
3801 2941 3836 2991 et

2291 3035 2464 3092 hodie
2495 3036 2619 3108 ipse
2648 3053 2730 3103 es,
2765 3040 2821 3091 et
2851 3036 2907 3090 in
2942 3035 3248 3092 saeculum.
3282 3037 3402 3092 Nox
3430 3035 3484 3090 in
3531 3037 3580 3088 te
3619 3029 3745 3088 nulla
3765 3029 3835 3091 est.

2296 3126 2435 3198 quia
2463 3129 2620 3180 totus
2652 3142 2710 3181 es
2743 3125 2888 3180 dies.
2923 3126 3073 3182 Bene
3121 3126 3501 3181 confirmatus
3530 3123 3581 3177 in
3609 3120 3835 3190 conspectu

2295 3213 2481 3269 Patris
2515 3212 2728 3268 dicitur
2759 3213 2814 3268 in
2841 3219 3155 3280 internum;
3194 3213 3339 3285 quia
3363 3211 3509 3285 apud
3532 3211 3718 3266 Patrem
3740 3217 3836 3260 sem-

2295 3320 2398 3377 per
2427 3309 2513 3360 est
2547 3321 2558 3359 :
2592 3311 2650 3358 et
2679 3321 2807 3360 vere
2836 3305 2896 3358 in
2927 3307 3244 3375 conspectu
3280 3291 3430 3374 ejus,
3458 3301 3610 3372 cujus
3641 3293 3838 3369 splendor

2294 3398 2382 3450 est
2411 3392 2629 3465 glorias,
2663 3397 2720 3448 et
2762 3393 2953 3466 imago
3003 3393 3371 3448 substantia.
3407 3391 3510 3446 Sed
3551 3383 3836 3459 quemadmo-

2293 3484 2436 3538 dum
2468 3481 2789 3554 complacet
2821 3483 2878 3537 in
2913 3480 3052 3536 Filio
3085 3481 3277 3548 Pater,
3312 3482 3392 3536 ita
3415 3482 3467 3536 et
3497 3476 3653 3534 Filius
3677 3466 3838 3528 benedi-

2294 3571 2372 3626 cit
2402 3572 2661 3639 Patrem;
2687 3572 2857 3627 Pater
2875 3569 3030 3626 enim
3055 3569 3407 3626 honorificat
3425 3566 3634 3632 Filium,
3652 3567 3696 3618 et
3715 3556 3836 3614 Filius

2291 3660 2640 3716 honoriﬁcat
2671 3661 2920 3715 Patrem.

2362 3752 2449 3804 36.
2501 3772 2527 3800 ‹‹
2587 3749 2957 3816 Benedictus,
3020 3749 3241 3820 inquit,
3301 3747 3572 3803 Dominus
3631 3745 3744 3795 Deus
3789 3733 3840 3787 ls-

2293 3838 2443 3906 rael;
2493 3861 2520 3887 ››
2568 3838 2677 3894 hoc
2736 3843 2843 3907 est,
2905 3837 3105 3911 populi
3163 3842 3348 3893 Deum
3404 3832 3646 3895 videntis,
3689 3821 3771 3918 qui
3797 3823 3838 3918 ξι

2290 3927 2606 3983 Dominum
2639 3945 2814 3983 suum
2847 3933 2903 3983 et
2937 3933 3117 3982 Deum
3163 3927 3354 3982 credit
3384 3943 3396 3980 :
3423 3948 3447 3974 ‹‹
3481 3926 3521 3978 Α
3550 3917 3712 3978 seculo
3739 3916 3840 3966 etin

2291 4016 2567 4072 saeculum
2604 4034 2616 4072 :
2653 4017 2772 4082 fiat,
2820 4016 2940 4071 ﬁat.
2970 4039 2996 4064 ››
3030 4001 3182 4071 882
3237 4016 3301 4071 In
3358 4013 3580 4069 Hebraeo
3627 4004 3838 4061 habetur!

2293 4127 2320 4154 ‹‹
2367 4107 2572 4171 Amen,
2629 4121 2800 4159 amen
2845 4121 2858 4158 :
2905 4127 2931 4152 ››
2964 4110 3029 4158 ut
3097 4106 3498 4169 asseruerunt,
3552 4097 3634 4169 qui
3686 4091 3839 4146 librum

2290 4193 2555 4266 legerunt
2608 4192 2666 4248 in
2722 4193 3020 4248 Hebraicis
3079 4191 3293 4248 litteris
3353 4179 3842 4270 scriptum.

2290 4263 2398 4338 hac
2456 4282 2582 4338 loco
2630 4291 2840 4350 Γένοιτο,
2897 4291 3085 4352 γένοιτο
3119 4281 3307 4351 dixit;
3369 4280 3517 4354 quod
3561 4277 3630 4331 est
3679 4286 3688 4322 Σ
3734 4263 3844 4354 Ῑῗίεζι

2292 4373 2412 4427 fiat.
2447 4372 2608 4437 Quod
2643 4371 2884 4426 verbum
2910 4351 3202 4428 diversas
3259 4351 3675 4444 significationes
3695 4351 3843 4450 habet,

2291 4467 2356 4516 ut
2397 4460 2473 4516 sit
2521 4461 2815 4516 interdum
2867 4459 3238 4532 imperantis,
3273 4459 3558 4515 interdum
3608 4444 3839 4532 precantis.

531 4543 902 4600 Resurrectio
933 4549 1021 4599 est
1067 4561 1202 4618 ergo
1233 4547 1371 4617 quia
1417 4529 1638 4602 inimici
1695 4529 1892 4604 omnia
1948 4547 2180 4603 vincula
2212 4573 2257 4637 Ι)
2288 4550 2581 4606 interdum
2651 4529 3053 4605 conﬁrmantis
3117 4547 3367 4621 aliquid.
3427 4535 3727 4637 Imperantis

529 4633 856 4699 solvuntur,
889 4634 1226 4705 triumphus
1259 4636 1450 4691 omnis
1481 4637 1766 4692 aboletur.

594 4724 683 4777 35.
720 4721 906 4794 (Vers.
945 4723 1031 4789 13,
1068 4723 1174 4795 14.)
1207 4725 1520 4795 Sequitur:
1552 4746 1577 4778 α
1618 4727 1853 4797 Propter
1900 4728 2175 4782 innocen-

522 4813 669 4868 tiam
714 4817 909 4869 autem
958 4829 1149 4868 meam
1199 4814 1506 4886 suscepisti
1557 4832 1695 4870 me:
1731 4820 1786 4871 et
1815 4817 2179 4888 conﬁrmasti

531 4919 624 4958 me
683 4902 741 4958 in
803 4906 1119 4976 conspectu
1186 4907 1286 4958 tuo
1352 4903 1409 4958 in
1477 4908 1779 4960 aeternum.
1831 4906 2178 4961 Benedictus

590 5081 705 5164 (33)
738 5083 822 5164 Ita
848 5100 994 5164 mss.
1029 5083 1288 5164 quinque
1317 5082 1486 5164 Gali,
1523 5082 1651 5164 ubin
1675 5083 2002 5164 fortehloco
2047 5085 2164 5164 pte-

523 5155 608 5227 bis‘
667 5157 729 5210 in
782 5155 908 5226 ﬁde,
953 5155 1266 5227 legendum
1323 5155 1496 5227 plebis
1554 5155 1767 5223 inﬁdae;
1826 5155 1958 5227 licet
2016 5156 2174 5227 prior

520 5225 691 5288 lectio
733 5225 972 5307 sensum
1007 5225 1282 5307 :prasbcat
1332 5226 1572 5280 minime
1626 5225 2172 5307 rejicie‘nd'uui...-\_lii

520 5313 652 5358 Vero
687 5299 829 5354 mSS.
864 5304 919 5354 et
957 5297 1093 5354 edit.
1126 5304 1235 5352 vet.
1273 5297 1326 5350 in
1376 5313 1585 5368 marg,
1617 5313 1712 5367 pro
1745 5298 1971 5352 interitu
2000 5297 2174 5368 plebis

518 5370 757 5444 inﬁdelis
812 5370 1091 5444 signiﬁcat
1148 5370 1444 5444 EcclesiaIn
1480 5370 1611 5444 sibi
1666 5372 1882 5444 gratam
1934 5368 2172 5444 (easdem

519 5440 656 5499 edit.
690 5456 754 5494 ac
785 5444 946 5496 Rom.
981 5443 1038 5495 in
1070 5456 1333 5512 corpore,
1368 5440 1614 5494 Ecclesia?
1645 5440 1753 5494 sibi
1795 5441 2054 5510 gratiam)
2087 5456 2175 5494 re-

521 5519 912 5571 surrecturam.

588 5583 700 5654 (34)
733 5581 872 5654 Mss.
906 5582 1052 5636 Vict.
1087 5587 1142 5637 et
1172 5581 1331 5637 Colb.
1379 5588 1552 5654 atque
1601 5583 1738 5639 edit.
1775 5587 1886 5640 vet.
1925 5581 1980 5638 in
2015 5598 2169 5637 mar-

518 5653 674 5744 gine,
704 5653 850 5709 solus
880 5654 973 5726 qui
998 5662 1211 5726 peccato
1245 5653 1535 5728 inquinari
1563 5670 1672 5716 non
1697 5657 1899 5729 potuit.
1936 5655 2166 5714 Eaedem

2288 4655 2420 4693 cum
2453 4637 2720 4709 superior
2752 4637 3010 4692 inferiori
3041 4637 3252 4692 statuit
3299 4634 3439 4707 quid
3486 4616 3844 4709 faciendumjﬂ:

2283 4727 2370 4782 vel
2399 4702 2763 4798 sequendum
2799 4743 2811 4780 :
2844 4726 3136 4796 precantis
3185 4730 3297 4794 est,
3315 4702 3481 4779 sicut
3525 4713 3652 4772 illud
3681 4728 3692 4764 :
3717 4729 3739 4756 ‹‹
3761 4702 3844 4794 Fiat

2284 4816 2555 4871 voluntas
2587 4820 2688 4870 tua
2731 4815 2940 4884 (Matth.
2974 4832 3050 4885 v1,
3085 4815 3208 4885 10);
3239 4836 3266 4863 ››
3302 4829 3416 4868 non
3463 4805 3605 4864 enim
3647 4799 3738 4894 Βῆ0
3761 4801 3846 4894 fill?

2287 4899 2556 4977 imperat,
2618 4879 2744 4959 sed‘
2782 4879 3045 4975 precem-
3073 4879 3266 4957 fundit
3304 4918 3318 4957 :
3368 4885 3737 4956 conﬁrmantis
3776 4879 3842 4932 est

2288 5085 2433 5158 edit.
2461 5084 2518 5138 in
2547 5100 2809 5155 corpore,
2842 5101 2908 5158 ac
2939 5083 3112 5158 etiam
3161 5082 3354 5158 R_om_._,
3385 5078 3527 5158 solus

2289 5157 2580 5219 insultare,
2614 5139 2722 5210 etc.
2751 5139 2859 5210 Sed
2905 5154 3099 5226 aptius
3149 5154 3221 5209 ad
3272 5139 3596 5226 allegoriam
3622 5139 3822 5226 ειξρξιξιίξ

2290 5197 2799 5307 siitutamjreliqui
2824 5197 2985 5281 mser.
3015 5269 3025 5279 .
3059 5268 3070 5279 .
3099 5269 3112 5280 .
3147 5197 3454 5307 inequitaci'e
3477 5233 3576 5273 non
3599 5197 3839 5307 {013553;

2291 5279 3007 5386 autem‘ob‘ite‘rrobse‘rva,
3049 5296 3201 5386 quod
3229 5279 3372 5376 jam
3410 5304 3578 5371 supra
3599 5279 3837 5386 333313;;

2291 5347 2919 5439 Hdéfdiiiidl‘um—iib
2935 5347 2942 5350 ’
2961 5347 3551 5436 Ἇηῖιῖιῖόείῖᾗαεεῖω
3605 5347 3818 5426 peccato"

2292 5439 3008 5515 nuncupationssisnari:
3203 5511 3210 5515 _
3457 5506 3494 5515 ..

2361 5491 3020 5586 (iis;aestimantes
3061 5511 3210 5569 omni
3253 5506 3587 5580 corruptione
3609 5491 3818 5569 gmw”

2290 5586 2398 5654 nis,
2433 5587 2544 5640 etc.
