4146 6190
311 307 473 386 1137

1450 301 1911 372 ENARRATIO
1954 299 2040 367 IN
2085 298 2462 368 PSALMUM
2505 303 2657 368 XL.’

309 445 451 511 cum
479 434 784 516 benedicit
808 434 1116 510 prapheta,
1146 433 1235 494 vel
1265 438 1555 509 sacerdos,
1597 440 1687 510 vel
1742 445 1986 498 sanctus
2015 437 2073 504 Α
2099 440 2182 496 ris
2211 456 2518 497 ascensum
2551 454 2562 494 :
2597 440 2656 493 et
2685 435 3204 502 sanctiﬁcationem
3236 429 3516 510 propositi
3571 420 3747 516 virgi‘

311 532 573 609 aliquis;
615 532 674 587 et
713 526 973 602 populus
1034 527 1384 598 respondet:
1437 528 1581 594 Fiat,
1634 531 1752 587 ﬁat.
1789 554 1816 580 «
1876 530 1985 586 Hic

311 640 453 698 ergo
483 617 678 692 magis
706 615 1076 672 conﬁrmatio
1109 615 1255 671 mihi
1285 617 1510 674 videtur
1542 619 1983 686 benedictionis,

311 730 495 790 quam
529 708 738 775 oratio,
770 706 863 762 vel
897 706 1226 778 deprecatio
1254 726 1266 762 :
1320 709 1570 764 maxime
1627 711 1766 782 quia
1822 725 1986 781 repe-

309 804 442 861 titio
475 799 669 874 ipsius
699 798 854 853 facta
881 795 1174 852 sermonis
1209 801 1314 851 est.
1350 798 1416 852 Et
1445 798 1676 855 videtur
1713 799 1988 854 Hebraeus

310 892 557 966 quidem
592 902 788 944 sermo
823 887 1132 953 mutatus;
1168 885 1268 940 sed
1302 885 1458 942 idem
1490 904 1700 944 sensus
1753 902 1988 960 expres-

309 1000 439 1040 sus.
475 980 642 1035 Sicut
670 973 830 1030 enim
864 989 1001 1029 cum
1035 974 1310 1029 sacerdos
1359 976 1670 1044 benedicit,
1735 976 1992 1048 populus

310 1067 655 1142 respondet,
699 1080 895 1131 amen,
929 1062 1320 1119 conﬁrmatus
1346 1064 1814 1121 benedictionem
1856 1063 1990 1130 sibi,

310 1175 492 1234 quam
547 1152 704 1228 plebi
752 1151 1094 1207 sacerdosa
1151 1151 1398 1207 Domino
1457 1154 1852 1224 deprecatur;
1911 1150 1996 1207 ita

308 1251 370 1306 in
420 1244 658 1320 psalmo
716 1255 1070 1312 responsum
1128 1244 1256 1295 est:
1293 1264 1319 1290 ‹‹
1369 1241 1513 1308 Fiat,
1545 1243 1649 1297 ﬁat
1679 1261 1693 1309 ;
1721 1263 1750 1291 »
1783 1241 1951 1312 quasi
1981 1255 1993 1293 :

311 1339 525 1404 Amen,
558 1347 752 1389 amen.
787 1333 973 1386 Amen
1005 1332 1205 1385 autem
1237 1330 1715 1387 conﬁrmationis
1746 1331 1996 1386 verbum

312 1426 620 1484 evidenter
649 1418 976 1476 ostenditur
1029 1417 1088 1472 in
1151 1418 1483 1489 Evangelio,
1544 1419 1645 1472 ubi
1713 1418 1999 1474 Dominus

314 1515 681 1572 conﬁrmans
712 1523 1046 1563 sermonem
1086 1523 1262 1561 suum
1320 1505 1498 1560 dicit:
1537 1529 1564 1555 «
1616 1508 1812 1561 Amen
1869 1507 2000 1562 dico

312 1603 503 1662 vobis.
543 1622 571 1649 ››
607 1598 791 1668 Major
818 1598 1018 1650 autem
1051 1593 1138 1649 vis
1167 1598 1276 1662 est,
1312 1594 1415 1648 ubi
1446 1594 1849 1666 repetitusest
1878 1610 2002 1649 ser-

313 1709 453 1760 mo;
498 1686 657 1761 quod
690 1685 748 1740 in
777 1683 931 1738 libro
963 1682 1260 1754 Evangelii
1315 1683 1653 1738 secundum
1717 1682 2005 1739 Joannem

2097 529 2268 586 nalis.
2303 530 2409 596 Qui
2440 529 2587 586 liber
2618 527 2824 584 ﬁnitur
2847 527 2904 585 in
2928 527 3154 600 psalmo
3177 522 3608 598 septuagesimo
3639 514 3754 592 pri-

2096 635 2211 687 mo,
2248 636 2362 692 quo
2394 635 2640 691 regnum
2671 617 2886 674 Christi
2921 618 3228 690 paciﬁcum
3269 618 3390 670 toto
3415 613 3555 668 orbe
3587 605 3762 664 diffu-

2098 726 2228 766 sum
2259 708 2594 782 prophetico
2625 723 2894 764 sermone
2921 705 3322 771 annuntiatur,
3365 697 3765 782 remissioque

2099 802 2467 872 peccatorum
2500 815 2512 864 ;
2546 796 2698 852 888
2732 796 2832 852 ubi
2857 813 2990 852 cum
3021 793 3485 852 benedictionem
3525 781 3766 856 Domini

2099 887 2433 961 premissit,
2475 885 2806 941 subtexuit:
2857 905 2880 933 ι
2939 887 3007 941 Et
3072 883 3392 954 replebitur
3448 875 3768 956 majestate

2100 977 2227 1046 ejus
2289 975 2480 1030 omnis
2529 978 2718 1029 terra:
2765 974 2910 1039 Fiat,
2966 974 3069 1028 fiat
3125 972 3291 1044 (Psal.
3356 986 3514 1034 LXXI,
3589 965 3702 1034 19).
3735 983 3764 1014 ι)

2103 1065 2335 1121 Tertius
2389 1080 2624 1135 quoque
2680 1063 2829 1120 liber
2883 1063 3089 1120 ﬁnitur
3136 1059 3498 1133 octogesimo
3560 1057 3770 1133 octavo

2105 1153 2364 1226 psalmo;
2436 1157 2494 1208 et
2552 1152 2632 1206 ibi
2692 1152 2902 1209 habet:
2962 1151 3304 1208 benedictus
3363 1146 3655 1224 Dominus
3709 1143 3772 1223 in

2105 1246 2429 1298 aeternum:
2466 1241 2611 1308 Fiat,
2644 1242 2745 1296 ﬁat
2765 1242 2935 1312 (Psal.
2969 1256 3236 1308 Lxxxvm,
3287 1237 3401 1308 53).
3438 1258 3469 1285 ››
3510 1235 3772 1300 Quartus

2107 1330 2256 1386 liber
2295 1330 2497 1386 ﬁnitur
2525 1330 2752 1403 psalmo
2779 1330 3094 1386 centesimo
3126 1327 3353 1400 quinto,
3387 1325 3494 1381 ubi
3553 1322 3769 1381 habet:

2109 1442 2136 1469 α
2170 1419 2519 1475 Benedictus
2572 1420 2854 1475 Dominus
2909 1423 3061 1474 Deus
3118 1414 3294 1472 Israel
3350 1431 3387 1471 a
3447 1411 3662 1471 saeculo
3718 1416 3782 1491 et

2110 1523 2299 1580 usque
2329 1509 2387 1562 in
2422 1509 2738 1575 saeculum;
2771 1513 2830 1564 et
2874 1507 3030 1563 dicet
3067 1506 3257 1562 omnis
3288 1503 3590 1578 populus:
3625 1503 3778 1572 Fiat,

2111 1597 2216 1652 ﬁat
2247 1597 2413 1667 (Psal.
2439 1614 2528 1664 cv,
2568 1597 2681 1668 48).
2705 1620 2733 1648 »
2768 1597 3016 1661 Quintus
3064 1595 3210 1652 liber
3240 1611 3434 1666 usque
3490 1593 3567 1648 ad
3598 1593 3780 1675 ﬁnem

2116 1689 2240 1740 est:
2277 1685 2376 1740 ubi
2408 1702 2512 1756 pro
2570 1685 2678 1742 hoc
2706 1686 2880 1740 verbo
2911 1684 3203 1754 Propheta
3239 1683 3412 1749 dicit:
3480 1704 3511 1732 (τ
3572 1681 3784 1741 Omnis

315 1777 685 1854 frequentius
736 1771 1096 1841 invenimus,
1128 1771 1270 1843 quia
1317 1771 1445 1844 ipse
1476 1769 1745 1869 maxime
1775 1771 1845 1827 de
1896 1789 2007 1828 cce-
2036 1804 2084 1869 B
2119 1773 2363 1846 spiritus
2394 1773 2592 1831 laudet
2621 1774 2933 1831 Dominum
2965 1774 3141 1843 (Psal.
3176 1789 3261 1838 CL,
3294 1773 3373 1842 6).
3422 1793 3451 1820 »

314 1870 572 1929 lestibus
603 1869 660 1920 et
686 1860 997 1935 profundis
1025 1859 1325 1934 mysteriis
1355 1863 1450 1920 est
1503 1858 1752 1916 locutus
1777 1879 1789 1928 ;
1851 1860 2006 1918 sicut

321 1959 612 2034 scriptum
644 1956 762 2021 est;
794 1975 820 2001 ‹‹
856 1951 1064 2017 Amen,
1098 1965 1270 2006 amen
1305 1949 1437 2012 dico
1485 1947 1591 2004 tibi
1620 1968 1633 2018 ;
1693 1949 1809 2006 nisi
1871 1951 2004 2023 quis

320 2051 564 2108 renatus
595 2041 769 2104 fuerit
797 2058 868 2097 ex
892 2056 1046 2112 aqua
1074 2041 1130 2095 et
1159 2040 1372 2111 spiritu
1432 2042 1660 2110 sancto,
1723 2056 1838 2097 non
1895 2056 2002 2111 po-

323 2143 442 2198 test
469 2133 714 2202 introire
735 2133 790 2187 in
823 2145 1075 2203 regnum
1106 2127 1206 2184 Dei
1230 2131 1411 2201 (Joan.
1450 2144 1532 2194 111,
1560 2130 1638 2199 5).
1679 2151 1708 2178 »
1739 2129 1810 2185 Et
1839 2129 1999 2186 alibi;

329 2252 356 2280 «
420 2230 629 2292 Amen,
689 2237 857 2278 amen
917 2218 1044 2274 dico
1104 2217 1309 2285 vobis;
1344 2217 1397 2274 si
1431 2217 1569 2288 quid
1623 2217 1911 2290 petieritis
1971 2236 2006 2274 a

329 2319 500 2375 Patre
556 2313 616 2368 in
672 2308 908 2366 nomine
967 2323 1116 2377 meo,
1172 2307 1337 2362 dabit
1394 2304 1562 2362 vobis
1633 2307 1824 2377 (Joan.
1883 2324 2000 2375 xvx,

329 2407 448 2478 23).
490 2428 510 2453 ι
563 2399 881 2460 Abundant
937 2397 1052 2451 duo
1110 2398 1418 2468 exempla;
1479 2394 1702 2466 reliqua
1758 2411 1893 2451 vero
1951 2396 2001 2452 si

345 2493 482 2568 quis
516 2486 831 2563 quesierit,
865 2483 1139 2541 inveniet.

409 2576 832 2638 37.1ndicium
896 2589 1132 2646 quoque
1187 2577 1276 2628 est
1335 2572 1470 2627 libri
1530 2571 1709 2627 ﬁniti:
1766 2595 1793 2621 «
1857 2572 2002 2640 Fiat,

337 2673 460 2729 ﬁat.
493 2692 519 2719 ››
543 2668 691 2724 Nam
740 2665 799 2720 in
849 2663 1114 2735 quinque
1139 2661 1320 2717 libros
1343 2661 1839 2716 divisumvidetur
1874 2677 2005 2717 esse

339 2757 692 2817 Psalterium
724 2754 858 2824 (36).
890 2751 1122 2807 Primus
1153 2750 1300 2806 liber
1356 2751 1465 2806 hoc
1522 2749 1748 2821 psalmo
1780 2748 2002 2818 ﬁnitur,

337 2849 451 2904 hoc
472 2853 580 2912 est,
611 2839 1088 2914 quadragesimo.
1122 2839 1192 2894 Et
1224 2837 1467 2911 pulchre
1527 2854 1715 2909 usqv‘e
1748 2838 1819 2892 ad
1882 2856 2008 2910 pas-

342 2937 569 2993 sionem
631 2927 946 2986 Salvaloris
1028 2929 1517 3000 quadragesimus
1573 2927 1839 3000 psalmus
1919 2932 2009 2983 est

344 3021 828 3096 comprehensus,
893 3017 992 3090 qui
1043 3018 1219 3073 ﬁnem
1279 3016 1428 3073 libro
1487 3018 1670 3087 daret,
1727 3015 2006 3088 quoniam

348 3111 548 3186 passio
583 3107 809 3164 Domini
845 3107 982 3161 ﬁnis
1013 3108 1100 3162 est
1132 3105 1592 3178 quadragésimae
1621 3123 1632 3160 :
1677 3108 1741 3160 ut
1799 3120 2006 3162 secun-

2185 1863 2276 1917 38.
2328 1864 2438 1919 Sed
2499 1864 2712 1920 iterum
2765 1863 3010 1920 forsitan
3057 1865 3113 1918 te
3169 1863 3420 1932 moveat,
3478 1861 3781 1933 quomodo

2114 1951 2376 2024 quinque
2416 1952 2596 2008 libros
2654 1969 2938 2020 asseram,
2992 1967 3128 2006 cum
3181 1966 3368 2005 unum
3421 1949 3784 2028 Psalterium

2114 2040 2210 2096 sit.
2242 2041 2353 2095 Sed
2386 2041 2563 2096 etiam
2593 2039 2976 2112 Evangelium
3011 2055 3196 2095 unum
3243 2042 3354 2106 est,
3414 2043 3475 2094 et
3521 2043 3786 2112 quatuor

2115 2127 2297 2185 libros
2323 2145 2450 2187 ese
2479 2145 2690 2202 negare
2743 2145 2859 2184 non
2911 2143 3253 2200 possumus.
3315 2127 3518 2184 Unum
3580 2132 3783 2190 autem

2114 2218 2490 2290 Evangelium
2521 2235 2670 2283 esse,
2703 2221 2759 2273 et
2779 2216 2918 2272 alibi
2951 2216 3074 2288 (lib.
3118 2234 3135 2271 1
3176 2219 3237 2272 in
3269 2217 3497 2285 Lucam,
3521 2216 3583 2284 in
3601 2233 3787 2292 prom-

2115 2308 2274 2377 mio),
2305 2308 2364 2363 ni
2396 2307 2583 2372 fallor,
2633 2306 3077 2375 intimavimus;
3128 2309 3185 2366 et
3231 2305 3279 2363 si
3338 2305 3560 2366 iterum
3595 2307 3784 2382 exigi-

2113 2399 2233 2463 tur,
2268 2395 2436 2452 facile
2466 2413 2786 2468 possumus
2816 2398 3074 2464 edocere,
3115 2414 3251 2453 cum
3307 2396 3578 2455 Salvator
3631 2397 3789 2464 dixe-

2113 2484 2223 2539 rit:
2261 2506 2289 2534 «
2335 2487 2520 2541 Amen
2580 2487 2710 2541 dico
2767 2485 2952 2551 vobis,
3002 2486 3340 2558 ubicunque
3397 2487 3786 2560 praedicatum

2114 2572 2291 2628 fuerit
2320 2573 2429 2628 hoc
2468 2574 2848 2646 Evangelium
2878 2573 3087 2644 (Matth.
3119 2591 3270 2639 xxvx,
3297 2574 3413 2645 23).
3437 2597 3466 2626 ››
3499 2577 3572 2632 Et
3617 2581 3780 2652 :Apo-

2116 2659 2335 2716 stolus:
2372 2685 2399 2710 ‹‹
2435 2662 2614 2716 Miror
2653 2663 2808 2733 quod
2851 2661 2934 2717 sic
2962 2666 3084 2717 tam
3115 2662 3231 2717 cito
3260 2664 3689 2720 transferimini
3723 2666 3785 2722 in

2117 2749 2275 2804 aliud
2305 2748 2710 2821 Evangelium,
2743 2750 2898 2821 quod
2930 2767 3046 2805 non
3101 2754 3190 2807 est
3221 2750 3403 2816 aliud,
3440 2752 3556 2809 nisi
3593 2753 3785 2832 aliqui

2117 2842 2258 2893 sunt
2287 2837 2388 2908 qui
2412 2855 2513 2893 vos
2545 2842 2888 2910 pervertunt
2918 2838 3117 2908 (Gala-1.
3155 2857 3192 2903 1,
3225 2842 3260 2894 6
3289 2843 3344 2895 et
3363 2840 3442 2912 7).
3463 2863 3494 2894 »
3525 2843 3595 2897 Et
3617 2842 3780 2900 alibi:

2119 2949 2146 2976 «
2179 2926 2392 2981 Notum
2433 2928 2587 2982 enim
2649 2928 2798 2982 facio
2853 2927 3041 2993 vobis,
3100 2927 3330 2992 fratres,
3389 2930 3777 3004 Evangelium

2115 3018 2160 3084 (ι
2189 3015 2310 3070 Cor.
2344 3017 2552 3080 xv,.1.n
2588 3018 2702 3072 Nec
2733 3032 2988 3086 usquam
3020 3016 3204 3076 habes
3234 3017 3404 3073 aliter
3434 3019 3504 3074 de
3539 3009 3781 3092 corpore

2119 3104 2232 3160 isto
2265 3108 2522 3174 quatuor
2555 3104 2866 3169 librorum,
2926 3104 3042 3159 nisi
3072 3105 3450 3179 Evangelium
3483 3095 3776 3180 signiﬁca-

349 3171 463 3257 dus
493 3198 640 3254 liber
669 3214 702 3252 a
739 3194 1035 3267 mysteriis
1094 3193 1485 3249 renovationis
1543 3194 1845 3265 inciperet,
1907 3195 2008 3264 qui
2041 3171 2082 3238 CI
2121 3197 2270 3248 tum.
2314 3193 2575 3264 Denique
2607 3195 2747 3266 quia
2767 3210 2954 3249 unum
2977 3211 3190 3266 corpus
3209 3199 3299 3251 est
3319 3196 3499 3253 etiam
3528 3183 3783 3272 psalmo-

351 3289 522 3356 Iiber,
550 3290 752 3360 utpote
774 3284 924 3357 quad
937 3280 1257 3354 ragesimaz,
1282 3281 1622 3352 perfectiora
1643 3285 2010 3337 sacramenta

352 3373 782 3448 complectitur.
802 3372 949 3426 Nam
972 3374 1029 3425 et
1054 3369 1428 3441 baptismatis
1450 3367 1804 3441 praenuntiat
1825 3385 2013 3424 sacra-

351 3469 570 3533 menta,
621 3477 756 3516 cum
799 3457 976 3514 dicit:
1021 3480 1048 3506 ‹‹
1110 3456 1274 3513 Sicut
1328 3472 1532 3513 cervus
1590 3455 1885 3512 desiderat
1940 3459 2011 3511 ad

351 3555 545 3611 fontes
578 3564 866 3620 aquarum
898 3546 1205 3617 (Psal.x1.1,
1236 3547 1291 3616 2)
1317 3562 1330 3600 :
1353 3567 1382 3595 »
1413 3550 1470 3601 et
1498 3543 1760 3616 requiem
1791 3549 2016 3600 sancto-

351 3656 487 3695 rum
521 3631 620 3708 qui
652 3633 724 3688 ad
756 3623 1201 3688 tabernaculum
1232 3631 1462 3688 caeleste
1502 3631 1895 3704 pervenerint:
1960 3637 2018 3688 et

352 3725 616 3799 Spiritus
645 3721 834 3778 sancti
865 3721 1330 3784 descensionem,
1376 3721 1609 3792 quando
1678 3719 1864 3774 effusa
1927 3724 2018 3776 est

357 3813 548 3887 gratia
577 3809 860 3884 spiritalis
891 3809 950 3864 in
984 3810 1240 3881 quadam
1296 3825 1432 3864 voce
1491 3807 1814 3864 caelestium
1862 3813 2017 3863 cata-

358 3907 696 3962 ractarum:
730 3899 871 3971 quia
900 3899 1111 3954 virtute
1143 3913 1358 3969 magna
1395 3898 1647 3970 Spiritus
1706 3897 2017 3964 ferebatur,

360 3997 430 4048 ut
456 3991 713 4063 legimus
751 3988 809 4042 in
841 3987 1088 4042 Actibus
1118 3985 1515 4058 apostolorum
1547 3987 1680 4056 (Act.
1732 3999 1806 4049 ‘11,
1837 3988 1927 4052 2):
1964 3990 2022 4040 et

363 4082 701 4154 ingressum
733 4074 993 4132 renovati
1023 4074 1283 4131 hominis
1311 4075 1383 4130 ad
1418 4073 1634 4130 altare:
1669 4077 1725 4129 et
1763 4073 2020 4129 Salvato-

439 4201 552 4277 (36)
585 4199 838 4277 Celebris
864 4201 952 4254 est
965 4197 1082 4277 illa
1103 4196 1554 4277 psalmorumin
1589 4197 2017 4277 quinque__par-

366 4268 458 4329 tes
490 4268 718 4336 divisio,
761 4286 894 4326 cum
926 4269 1056 4339 ejus
1104 4268 1490 4324 meminerint
1517 4285 1548 4322 e
1594 4268 1807 4323 Graecis
1848 4269 2022 4323 Euse-

367 4344 504 4400 bius
533 4342 766 4408 Cineam,
803 4349 1029 4412 Argum.
1069 4340 1138 4412 in,
1175 4339 1382 4412 psalm.
1409 4355 1666 4404 enumer;
1709 4339 2024 4412 Gregorius

371 4415 567 4488 Nysa,
602 4431 628 4488 1_
652 4415 825 4488 Τναιξιζ
848 4408 903 4488 _1'
927 4408 1325 4488 ii_2__l_’sa_l.'cap._
1354 4411 1389 4488 5
1418 4414 1472 4464 et
1501 4425 1622 4488 seq.
1678 4427 1691 4488 ξ
1749 4408 2023 4488 llierony_-

374 4426 567 4488 Nysa,
602 4431 620 4469 1
652 4426 822 4468 'I'ract.
876 4430 892 4466 1
927 4428 982 4466 in
1015 4426 1161 4464 rsai.
1197 4426 1321 4533 cap.
1354 4426 1389 4462 ε)
1418 4426 1472 4464 et
1501 4426 1622 4480 seq.
1679 4427 1691 4475 ;
1749 4426 2023 4481 merony-

373 4502 509 4543 mus
540 4485 716 4557 epist.
765 4483 907 4557 4311',
938 4480 1245 4557 _Hilarius_
1313 4479 1709 4557 ictav.;_Pr_ol.
1772 4481 1829 4534 in
1885 4481 2023 4557 psal.

371 4551 600 4624 Quibus
626 4554 816 4629 polest
841 4553 976 4629 addi
1009 4551 1390 4629 Qassiodorus
1421 4551 1479 4604 in
1513 4552 2030 4629 Prol._§u.per_psal.

376 4621 504 4700 cap.
538 4621 645 4694 41,-
660 4631 836 4698 atque
867 4625 986 4680 alii.
1021 4623 1185 4689 Quod
1215 4627 1410 4678 autem
1446 4621 1798 4700 eam‘rejicit
1825 4623 2032 4700 Ἠίθεο-

377 4693 591 4773 ny'mus
613 4693 823 4773 etpost
852 4713 985 4773 eum
1011 4710 1282 4773 nuperus
1313 4698 1760 4773 commentator,
1783 4693 1872 4748 vir
1899 4693 2038 4751 alio-

466 4771 521 4825 in
556 4764 845 4835 eruditus,
887 4766 1046 4823 ducti
1073 4764 1569 4838 Hebraeorum,_ac
1597 4764 1855 4838 maxime
1900 4782 2035 4838 apo-

381 4835 669 4899 stolorum
703 4840 1050 4897 auctoritate
1082 4853 1313 4908 semper
1369 4835 1738 4908 Psalmorum
1798 4835 2036 4905 librum,

383 4929 504 4969 non
534 4918 730 4969 autem
765 4911 946 4967 libros
967 4907 1428 4966 nominantium:
1453 4925 1580 4963 eam
1606 4907 1842 4979 quidem
1866 4909 2039 4963 ratio-

385 5001 524 5044 nem
556 5001 673 5042 non
705 4983 857 5040 male
887 4983 1062 5047 infra,
1093 4997 1258 5036 num.
1284 4980 1375 5043 37,
1434 4979 1607 5035 diluit
1655 4984 1852 5034 noster
1904 4982 2039 5034 Am-

987 5053 1140 5124 quod
1191 5051 1466 5105 laudatus
1525 5053 1728 5124 auctor
1777 5052 2041 5105 eamdem

391 5129 740 5187 divisionem
783 5121 1021 5188 Christo
1057 5125 1229 5194 negat
1279 5137 1406 5177 esse
1436 5121 1848 5247 antiﬂuiorem,
1909 5139 2046 5193 prae-

393 5205 663 5247 tarmmm
698 5197 850 5247 nuod
893 5195 1305 5247 Hieronvmum
1335 5197 1509 5247 atoue
1609 5192 1838 5247 ilarium
1897 5191 2046 5247 inter

1609 5192 1838 5247 ilarium
1897 5191 2048 5247 inter

398 5287 460 5328 se
483 5262 817 5334 c‘ommit'tit,
848 5266 948 5338 qui
980 5262 1146 5338 facile
1198 5262 1489 5338 conciliari
1549 5267 1816 5334 possunt,
1875 5264 2047 5338 modo

396 5334 916 5414 Hieronymianum
959 5334 1360 5414 testimonium
1411 5350 1527 5388 non
1557 5350 1761 5414 omnes
1811 5335 2047 5414 omnino

401 5404 672 5472 Hebraeos
690 5410 985 5465 includere
998 5404 1460 5470 consentiamus;
1491 5408 1642 5459 certe
1671 5405 2047 5461 manifestum

401 5477 492 5540 est
522 5499 658 5539 eum
691 5498 805 5536 non
835 5479 1049 5533 vidisse
1079 5474 1311 5531 Eusebii
1341 5474 1766 5530 testimonium.
1803 5478 1855 5532 Is
1894 5477 2049 5532 enim

405 5555 791 5611 memoratam
823 5547 1163 5618 divisionem
1192 5545 1462 5618 Haabraeis
1492 5547 1706 5603 diserte
1763 5548 2048 5618 attribuit,

407 5629 582 5696 atque
637 5622 697 5678 in
783 5617 1238 5690 accuratissimis
1294 5618 1722 5693 exemplaribus
1807 5617 2051 5680 inveniri

379 4766 521 4843 quin
556 4766 845 4835 eruditus,
887 4766 1046 4843 ducti

386 5056 648 5113 brosius.
680 5057 751 5110 At
798 5071 931 5109 vero

393 5205 664 5272 terquem
682 5197 851 5272 quod
891 5195 1305 5272 Hieronymum
1335 5197 1509 5272 atque

2120 3291 2588 3362 rum,Scriptura
2617 3292 2788 3347 dixit:
2829 3311 2850 3340 ι
2872 3292 2934 3346 In
2967 3292 3330 3349 decachordo
3359 3294 3638 3366 psalterio
3659 3298 3775 3370 (37)

2122 3394 2258 3432 cum
2288 3379 2513 3433 cantico
2539 3379 2597 3433 in
2628 3380 2852 3435 cithara
2883 3379 3051 3451 (Psal.
3076 3398 3190 3448 XCi,
3222 3383 3300 3452 li).
3337 3405 3364 3431 ››
3397 3384 3510 3441 Sed
3560 3384 3776 3454 iterum

2123 3464 2261 3536 quia
2308 3467 2568 3536 quinque
2610 3467 2743 3522 libri
2777 3472 2935 3529 sunt.
3000 3469 3147 3525 dixit
3191 3469 3368 3527 alibi:
3418 3495 3448 3522 ‹‹
3493 3473 3562 3528 ~In
3620 3474 3776 3532 vasis

2125 3551 2487 3624 psalmorum
2527 3555 2700 3623 (Psal.
2735 3572 2861 3620 Lxx,
2892 3556 3005 3626 22).
3037 3578 3065 3605 »

2195 3640 2284 3696 39.
2318 3633 2564 3696 Pulchre
2592 3647 2787 3696 autem
2821 3643 3084 3715 quinque
3114 3645 3247 3700 libri
3280 3651 3337 3701 et
3366 3664 3552 3703 unum
3609 3649 3781 3705 Psala

2124 3728 2338 3784 torium
2366 3747 2378 3795 ;
2407 3729 2685 3799 quoniam
2718 3729 2980 3801 quinque
3012 3733 3286 3789 sensibus
3316 3734 3492 3790 homo
3533 3736 3784 3792 exterior

2125 3816 2451 3872 viviﬁcatur
2479 3833 2492 3871 :
2528 3821 2584 3872 et
2611 3835 2819 3874 rursus
2851 3819 3113 3891 quinque
3160 3821 3528 3893 spiritalibus
3595 3823 3784 3877 sensi-

2129 3906 2240 3960 bus
2269 3905 2368 3961 ille
2425 3905 2805 3961 absconditus
2847 3907 3040 3963 cordis
3081 3909 3254 3964 homo
3282 3911 3484 3964 noster
3510 3919 3787 3965 consum-

2130 3998 2327 4048 matur
2354 3993 2614 4061 interior,
2649 3994 2748 4066 qui
2780 3993 2940 4050 solus
2970 4000 3103 4052 ante
3135 4002 3315 4052 Deum
3346 3996 3604 4069 locuples
3635 3996 3788 4052 Petri

2130 4081 2379 4154 apostoli
2402 4082 2738 4140 testimonio
2779 4084 3069 4155 reperitur
3099 4085 3147 4156 (Ι
3181 4088 3327 4141 Petr.
3361 4102 3447 4152 111,
3481 4086 3556 4157 4).
3593 4107 3621 4134 ‹‹
3681 4085 3790 4150 Qui

2134 4206 2344 4261 asserit
2373 4205 2465 4260 his
2495 4207 2719 4261 verbis:
2791 4218 2882 4274 Τῆς
2943 4217 3110 4279 βίϐλου
3167 4216 3264 4266 τῶν
3319 4216 3527 4281 adadv
3587 4217 3673 4277 ἥδε
3729 4219 3790 4265 ἂν

2135 4285 2210 4342 εἴη
2257 4284 2291 4343 ἡ
2362 4284 2583 4348 διαίρεσις
2647 4287 2707 4340 ὡς
2763 4289 2822 4333 τὰ
2887 4286 3067 4352 ἀκριϐῆ
3120 4288 3217 4336 τῶν
3299 4289 3622 4352 ἀντιγράφων,
3708 4288 3794 4336 αὐ-

2133 4353 2189 4401 τό
2237 4370 2288 4401 τε
2345 4354 2400 4400 τό
2457 4354 2706 4416 Ἐϐραῖκὸν
2760 4355 2993 4418 π‹‹ριέχει⁸
3050 4372 3115 4410 οις
3171 4358 3255 4412 πές
3311 4358 3454 4405 πέντε
3505 4359 3598 4420 γὰρ
3665 4359 3792 4420 μέρη

2135 4427 2228 4489 τὴν
2331 4428 2492 4489 πίας(
2517 4486 2530 4489 _
2572 4422 2668 4471 τῶν
2751 4424 2959 4487 ψαλμῶν
3049 4427 3214 4489 βίϐλον
3294 4429 3457 4486 παῖδες
3560 4429 3792 4489 Ἑϐρκίων

2142 4487 2393 4565 Sim-pauca.
2419 4486 2571 4565 _Vide
2594 4504 2727 4565 quae
2760 4486 3091 4565 sequuntur
3132 4491 3189 4546 in
3234 4493 3589 4565 [depositione
3621 4486 3788 4565 Grato.

2144 4559 2373 4611 Patrum
2405 4559 2462 4611 in
2489 4559 2744 4626 psalmos,
2770 4559 2897 4684 ZEam
2932 4565 3066 4616 ante
3095 4578 3126 4615 a
3157 4559 3335 4618 nobis
3385 4561 3579 4620 citata.
3642 4563 3790 4629 Quin

2145 4627 2322 4682 etiam
2372 4627 2527 4683 haud
2588 4629 2768 4684 absur
2812 4645 2911 4684 um
2970 4632 3148 4684 fuerit
3205 4634 3539 4684 existimare
3577 4634 3790 4684 neritos

2145 4627 2532 4704 etiam__haud_
2588 4627 2911 4704 absurdum
2970 4632 3148 4687 fuerit
3205 4634 3539 4690 existimare
3577 4627 3796 4704 peritos

2147 4698 2279 4753 illos
2328 4699 2617 4774 Hebraicae
2667 4700 2902 4774 linguae,
2960 4720 3106 4774 quos
3166 4698 3797 4774 Ambrosiustutipse

2150 4785 2392 4845 numero
2425 4770 2710 4842 superiori
2756 4770 3070 4845 signiﬁcat,
3121 4775 3192 4831 de
3231 4775 3497 4832 clausula
3545 4770 3799 4845 hujusce

2151 4839 2361 4913 psalmi
2409 4839 2841 4915 percunctatus?
2872 4849 2982 4912 est,
3016 4839 3088 4901 ab
3128 4863 3193 4902 eo

2151 4928 2381 4968 morum
2413 4913 2566 4985 apud
2601 4914 2870 4971 Hebraeos
2900 4915 3183 4972 divisione

2151 4989 2264 5039 tos.

2226 5054 2338 5127 (3’7)
2379 5055 2502 5109 Vet.
2538 5055 2674 5112 edit.
2711 5073 2844 5111 cum
2874 5058 3066 5112 tribus
3097 5071 3268 5122 mss.,
3301 5055 3800 5127 Smpturaidixit.

2157 5125 2258 5180 Sed
2288 5127 2487 5181 iterum
2528 5128 2659 5197 quia
2688 5130 2928 5198 quinque
2957 5129 3092 5182 libri
3123 5130 3266 5192 sunt,
3321 5125 3466 5198 dixit
3517 5126 3686 5198 alibi:
3742 5126 3806 5180 in

2155 5199 2298 5279 vasis
2344 5197 2708 5279 patinarium.
2754 5197 2945 5279 119111.,
2998 5198 3282 5279 Scriptura
3333 5197 3478 5254 dixit
3530 5197 3807 5279 Scriptum

2156 5271 2232 5322 est
2265 5257 2412 5352 enim
2442 5269 2500 5322 in.
2525 5269 2669 5352 libro
2695 5257 3054 5352 psalmorum.
3194 5270 3416 5352 iterum,
3455 5270 3585 5352 quia
3610 5257 3806 5352 plures

2155 5339 2361 5409 psalmi
2414 5343 2559 5404 sunt,
2583 5343 2843 5410 tanquam
2891 5340 3042 5404 libri,
3097 5340 3240 5394 dixit
3265 5341 3431 5395 etiam
3460 5339 3653 5410 alibi:
3695 5339 3807 5410 ,Νε-

2158 5397 2301 5482 cosse
2348 5413 2424 5465 est
2483 5397 2705 5482 iniplcri
2747 5411 2928 5464 omnia
2960 5397 3080 5481 qua:
3133 5412 3337 5482 scripta
3397 5419 3525 5466 sunt
3694 5397 3807 5480 legs

2158 5481 2429 5553 Moysi,_et
2456 5480 2752 5553 prophetis,
2784 5489 2833 5534 et
2883 5480 3117 5553 psalmis
3171 5480 3255 5536 de
3290 5498 3393 5538 me.
3450 5482 3565 5540 Nos
3609 5481 3805 5540 locum

2161 5550 2502 5609 auctoritate
2526 5551 2784 5622 quinque
2811 5567 2952 5610 mss.
2984 5552 3369 5612 restituimus.

3281 4861 3493 4916 uoque_
3529 4842 3600 4916 de
3630 4839 3799 4914 'psal-

3265 4913 3421 4972 uisse
3479 4913 3800 4986 interroga-
