4112 6190
501 301 657 368 1139
1977 311 2042 376 S.
2089 312 2125 374 Α

2177 307 2465 378 IBROSII
3683 320 3801 385 1140

494 431 688 504 habet,
722 431 935 508 inquit,
955 451 1124 495 aures
1155 437 1451 506 audiendi,
1479 441 1677 499 audiat
1697 444 1846 515 (Luc.
1870 463 1994 511 vm,
2030 447 2136 516 4).»
2168 447 2222 513 Α
2251 463 2311 502 se
2346 445 2628 504 meruisse
2659 448 3020 520 cognoverat.
3053 441 3160 511 Qui
3195 443 3403 519 psallit,
3431 445 3484 503 in
3523 447 3687 507 laetitia
3709 462 3800 524 est;

496 527 684 582 Habes
712 543 896 581 unum
928 544 1186 584 sensum.
1222 532 1290 585 Et
1320 532 1472 586 sicut
1509 539 1648 589 sunt
1679 534 1777 605 qui
1809 536 2006 592 oculos
2038 537 2138 592 ha-
2249 536 2348 606 qui
2410 535 2682 603 luctatur,
2744 537 2800 590 in
2863 535 3274 591 sollicitudine.
3322 535 3519 592 Verum
3547 543 3595 594 et
3638 542 3802 599 Paulus

492 614 651 681 bent,
685 619 742 671 et
770 632 884 671 non
917 617 1111 672 vident
1139 638 1150 685 ;
1185 619 1267 674 ita
1297 627 1436 675 sunt
1466 623 1564 692 qui
1589 623 1772 679 oculis
1803 642 1915 680 non
1948 626 2141 680 viden-
2247 625 2468 680 sciebat
2497 625 2764 696 psallere,
2799 626 2898 679 sed
2933 623 3126 679 adhuc
3185 641 3245 678 se
3295 626 3626 696 processibus
3670 647 3804 686 reser-

489 703 671 771 tibus,
715 704 848 776 plus
889 705 1080 762 videre
1138 709 1474 765 creduntur.
1539 711 1699 766 Unde
1731 717 1786 766 et
1842 714 2136 785 propheta
2246 715 2437 780 vabat,
2471 731 2604 768 cum
2640 715 2782 769 foret
2814 713 3043 784 plenius
3075 714 3493 784 comprobatus,
3545 721 3598 769 ut
3646 719 3804 788 psalle-

491 793 838 850 dicebantur
864 795 1145 861 videntes,
1192 797 1366 853 etiam
1416 801 1515 870 qui
1562 800 1749 855 oculis
1797 819 1914 856 non
1974 803 2138 857 vide-
2247 807 2369 868 ret;
2429 807 2486 858 et
2541 803 2670 856 ideo
2731 802 2908 857 dixit:
2975 824 3002 850 «
3059 801 3245 856 Orabo
3304 803 3520 874 spiritu,
3579 807 3719 861 orabo
3759 815 3799 863 et

493 886 640 938 rent.
675 883 868 937 Bonus
899 884 1071 938 etiam
1104 885 1198 939 ille
1231 887 1390 955 odor,
1424 889 1492 942 de
1524 906 1636 960 quo
1688 891 2004 961 Apostolus
2047 892 2133 946 di-
2247 895 2479 958 mente;
2516 889 2764 962 psallam
2797 890 3030 963 spiritu,
3066 888 3311 962 psallam
3359 896 3413 944 et
3457 895 3619 948 mente
3651 896 3688 964 ξι
3709 896 3801 950 Cor.

488 970 610 1039 xit;
645 971 838 1027 Bonus
897 974 1040 1027 odor
1077 975 1293 1030 Christi
1370 994 1576 1033 sumus
1616 979 1727 1034 Deo
1787 981 1856 1050 (II
1904 979 2022 1034 Cor.
2073 998 2135 1046 ιι,
2246 997 2360 1045 xxv;
2396 981 2564 1047 15).»

494 1060 602 1129 15).
642 1082 668 1108 ››
699 1061 863 1116 Unde
891 1065 946 1116 et
967 1063 1075 1117 Job
1108 1064 1286 1120 dicit:
1323 1087 1349 1113 ‹‹
1371 1067 1437 1119 Et
1469 1067 1710 1137 spiritus
1746 1069 2000 1124 divinus.
2034 1070 2134 1140 qui
2315 1069 2403 1123 41.
2438 1070 2507 1123 Et
2536 1068 2675 1139 quia
2704 1068 3009 1140 geminum
3043 1065 3327 1139 psallendi
3361 1067 3583 1123 officium
3615 1069 3800 1126 demon-

489 1152 579 1204 est
611 1149 669 1202 in
701 1151 941 1206 naribus
973 1153 1117 1207 meis
1145 1154 1278 1224 (Job.
1308 1172 1460 1221 xxvi,
1492 1157 1567 1222 3),
1592 1179 1616 1203 ››
1645 1157 1798 1212 Idem
1827 1173 1962 1229 ergo
1995 1159 2138 1212 odor
2243 1157 2466 1221 stravit,
2515 1157 2815 1228 geminam
2875 1171 3108 1227 quoque
3166 1171 3363 1210 vocem
3412 1172 3525 1212 esse
3567 1158 3798 1230 Scriptura

489 1237 727 1303 Christi,
759 1245 816 1294 et
848 1239 1100 1311 Spiritus
1132 1243 1318 1297 sancti
1352 1249 1440 1298 est
1461 1245 1575 1298 Deo
1605 1263 1618 1310 ;
1653 1246 1791 1316 quia
1810 1263 1964 1301 unus
1995 1247 2137 1300 odor
2245 1245 2498 1309 edocuit,
2531 1244 2818 1316 Propheta
2851 1245 3078 1300 dicente
3109 1260 3121 1297 :
3157 1267 3183 1292 ‹‹
3218 1243 3369 1300 Voce
3398 1262 3515 1299 mea
3554 1247 3609 1299 ad
3651 1247 3798 1301 Domi-

495 1331 584 1382 est
611 1328 936 1386 Trinitatis.
971 1333 1067 1385 Est
1097 1336 1152 1386 et
1201 1333 1441 1388 interior
1471 1335 1658 1401 cibus,
1716 1336 1786 1388 de
1819 1352 1932 1406 quo
1991 1336 2135 1391 dixit
2246 1350 2387 1388 num
2441 1333 2704 1399 clamavi,
2737 1339 2794 1387 et
2851 1349 2958 1387 vox
3003 1350 3132 1388 mea
3177 1333 3250 1387 ad
3307 1334 3496 1397 Deum,
3543 1337 3589 1386 et
3619 1333 3805 1390 intendit

488 1415 810 1473 Dominus:
838 1442 864 1467 «
901 1420 1063 1476 Meus
1096 1421 1261 1476 cibus
1292 1426 1401 1486 est,
1435 1428 1498 1476 ut
1538 1423 1744 1478 faciam
1775 1424 2133 1480 voluntatem
2249 1421 2389 1476 mihi
2440 1424 2606 1487 (Psal.
2669 1440 2855 1486 LXXVI,
2915 1425 2992 1490 2).
3046 1444 3070 1468 ››
3105 1421 3255 1487 Quid
3314 1425 3398 1475 est
3450 1437 3563 1475 mea
3605 1421 3627 1474 ?
3664 1423 3805 1476 Potuit

491 1504 677 1562 Patris
709 1508 818 1562 mei
851 1509 950 1580 qui
979 1510 1033 1563 in
1068 1511 1209 1565 coelo
1253 1517 1343 1566 est
1386 1513 1562 1582 (Joan.
1601 1530 1674 1576 IV,
1705 1513 1868 1583 31).»
1930 1515 2025 1567 Est
2082 1517 2138 1567 et
2246 1511 2400 1565 enim
2435 1511 2656 1566 dicere:
2691 1511 2934 1565 clamavi
2967 1510 3037 1564 ad
3073 1509 3407 1564 Dominum.
3462 1510 3556 1564 Sed
3600 1526 3702 1580 quae
3733 1528 3803 1566 no-

486 1595 732 1655 interior
759 1604 966 1664 tactus,
1000 1616 1114 1670 quo
1145 1599 1440 1654 Christum
1474 1599 1662 1668 tetigit
1703 1601 1910 1656 mulier
1949 1599 2048 1656 illa
2077 1600 2134 1654 in
2248 1605 2369 1654 stra
2399 1604 2487 1654 est
2517 1616 2622 1654 vox
2652 1599 2764 1653 nisi
2798 1600 2909 1652 ista
2940 1615 3067 1669 quae
3100 1597 3308 1652 melior
3364 1601 3465 1662 est,
3519 1613 3626 1668 quae
3676 1598 3806 1650 nescit

487 1689 813 1761 Evangelio,
849 1705 975 1759 quae
1035 1705 1136 1759 per
1193 1687 1499 1743 duodecim
1543 1704 1726 1743 annos
1788 1691 2136 1761 sanguinem
2248 1687 2486 1742 errare?
2515 1688 2659 1742 Nam
2686 1704 2754 1742 ex
2784 1685 3154 1758 multiloquio
3192 1691 3487 1756 peccatum
3513 1684 3806 1748 incurrimus,

485 1779 834 1850 proﬂuebat,
867 1794 970 1830 nec
1001 1794 1034 1830 a
1065 1777 1307 1831 medicis
1346 1782 1644 1848 acceperat
1675 1778 2004 1844 sanitatem;
2037 1780 2134 1834 sed
2173 1814 2218 1878 Β
2249 1780 2306 1830 et
2334 1776 2515 1831 vitare
2545 1793 2657 1830 non
2694 1792 3032 1846 possumus.
3069 1773 3172 1828 Illa
3195 1791 3301 1829 vox
3333 1773 3604 1845 Propheta:
3628 1776 3697 1827 est
3721 1789 3805 1842 qua

489 1867 714 1938 accepit
742 1884 775 1921 a
831 1865 1080 1920 Christo.
1139 1865 1293 1920 Fidei
1354 1869 1541 1920 tactus
1595 1872 1700 1928 est,
1735 1883 1849 1937 quo
1880 1868 2142 1938 tangitur
2174 1860 2218 1878 υ
2250 1864 2321 1919 ad
2345 1864 2526 1920 Deum
2559 1865 2854 1936 pervenit;
2901 1880 3051 1934 quae,
3085 1868 3313 1918 tacente
3371 1863 3566 1933 Moyse,
3609 1860 3808 1915 clamavit

488 1956 779 2012 Christus.
837 1954 1099 2024 Denique
1159 1970 1287 2008 eam
1338 1953 1606 2008 homines
1656 1972 1770 2009 non
1819 1955 2134 2023 videbant;
2251 1954 2321 2007 ad
2350 1954 2699 2008 Dominum:
2737 1969 2852 2024 qua
2888 1952 3063 2007 etiam
3096 1952 3151 2005 in
3189 1951 3540 2006 orationibus
3566 1949 3667 2005 suis
3689 1953 3807 2004 Anna

487 2045 639 2102 884
671 2045 770 2099 sed
814 2043 1043 2098 videbat
1073 2042 1264 2107 Jesus,
1297 2047 1353 2096 et
1382 2059 1442 2097 se
1474 2042 1688 2099 vidisse
1747 2048 1995 2099 testatus
2053 2050 2142 2100 est
2251 2041 2561 2102 clamabat.
2591 2059 2726 2096 cum
2758 2042 2875 2096 oris
2907 2040 2996 2095 sui
3031 2039 3184 2097 labia
3218 2057 3334 2094 non
3367 2044 3626 2102 moveret;
3665 2043 3703 2092 et
3728 2037 3805 2090 im-

486 2135 725 2190 dicens:
762 2157 787 2181 ‹‹
823 2132 1037 2202 Tetigit
1067 2148 1160 2186 me
1191 2131 1437 2201 aliquis;
1465 2149 1599 2186 nam
1641 2137 1697 2186 et
1743 2148 1848 2204 ego
1899 2135 2137 2204 cognovi
2252 2131 2498 2202 petravit
2530 2131 2736 2194 tilium,
2772 2147 2946 2201 quem
2980 2135 3112 2184 ante
3143 2129 3249 2183 diu
3299 2145 3410 2183 non
3468 2128 3802 2198 impetraverat,

483 2225 765 2278 virtutem
793 2223 865 2276 de
909 2238 1000 2274 me
1039 2220 1226 2275 exisse
1260 2223 1410 2290 (Luc.
1445 2239 1569 2285 vui,
1631 2223 1740 2288 46).
1779 2246 1805 2270 ››
1874 2223 2139 2294 Cognitio
2249 2235 2382 2273 cum
2415 2219 2672 2290 corporis
2700 2235 2835 2273 voce
2875 2217 3209 2272 clamasset.
3273 2221 3350 2272 De
3405 2216 3506 2271 hac
3556 2230 3666 2269 voce
3707 2213 3810 2266 dixit

485 2311 723 2374 Christi,
754 2309 982 2364 collatio
1015 2307 1284 2363 sanitatis
1313 2313 1420 2362 est.
1444 2310 1591 2379 Ergo
1624 2311 1897 2380 quoniam
1939 2311 2137 2366 decem
2251 2307 2570 2363 Dominus:
2607 2332 2631 2356 ‹‹
2668 2308 2756 2362 ’I‘u
2785 2311 2977 2362 autem
3011 2322 3144 2360 cum
3177 2322 3334 2372 oras,
3369 2305 3512 2360 intra
3549 2303 3598 2357 in
3637 2301 3810 2357 cubicu-

486 2395 922 2455 Sensushomini
953 2395 1140 2450 inesse
1175 2395 1549 2450 manifestum
1567 2397 1808 2460 est,ideo
1832 2397 2137 2468 David,qui
2249 2394 2371 2450 lum
2405 2399 2592 2461 tuum,
2626 2399 2682 2449 et
2714 2394 2911 2450 clauso
2943 2394 3112 2458 ostio,
3147 2409 3254 2448 ora
3292 2393 3513 2447 Patrem
3564 2396 3699 2445 tuum
3743 2388 3809 2457 qui

485 2492 543 2543 et
574 2487 713 2542 foris
739 2489 795 2540 et
825 2485 984 2539 intus
1016 2484 1258 2539 canebat
1284 2503 1296 2550 ;
1322 2484 1465 2538 foris
1481 2502 1736 2556 corpore,
1763 2486 1921 2540 intus
1943 2487 2134 2551 corde,
2246 2489 2336 2539 est
2369 2484 2427 2538 in
2459 2483 2802 2538 abscondito
2828 2501 2840 2549 ;
2875 2487 2931 2537 et
2960 2481 3124 2536 Pater
3154 2487 3296 2537 tuus
3326 2481 3424 2552 qui
3451 2481 3593 2535 videt
3634 2479 3679 2532 in
3721 2476 3811 2531 abs-

483 2575 623 2631 dicit
662 2575 719 2629 in
775 2573 1040 2646 psalmo:
1077 2597 1101 2621 u
1143 2575 1201 2628 In
1237 2573 1596 2628 decachordo
1656 2575 1930 2646 psalterio
1979 2575 2135 2647 psal-
2246 2572 2500 2638 condito,
2551 2573 2749 2627 reddet
2780 2572 2882 2626 tibi
2917 2569 3123 2642 (Matth.
3155 2587 3237 2639 vx,
3269 2571 3346 2641 6).
3386 2592 3412 2619 »
3443 2569 3576 2632 Quid
3620 2574 3691 2622 est
3726 2563 3813 2618 ral-

483 2665 601 2720 lam
627 2663 730 2718 tibi
753 2663 919 2733 (Psal.
955 2662 1245 2731 cxun,9).
1276 2685 1302 2710 ››
2244 2662 2370 2716 det?
2402 2662 2518 2715 Hoc
2565 2666 2672 2727 est,
2735 2661 2888 2732 quod
2943 2660 3296 2731 deprecatus
3353 2675 3436 2725 es,
3484 2656 3621 2729 quod
3668 2652 3812 2710 orasti.

554 2754 641 2807 40.
677 2750 1022 2807 Psalterium
1057 2767 1192 2822 ergo
1233 2755 1321 2805 est
1352 2750 1524 2805 homo
1578 2758 2024 2808 consummatus
2076 2754 2133 2808 in
2248 2750 2412 2806 Sicut
2443 2750 2600 2804 enim
2635 2754 2965 2821 peccatores
2996 2749 3066 2803 de
3112 2765 3295 2802 manu
3326 2745 3546 2802 Domini
3598 2743 3814 2814 recipiunt

482 2841 749 2898 Christo:
783 2840 843 2896 in
877 2856 990 2910 quo
1022 2840 1173 2893 sicut
1199 2842 1319 2893 arte
1359 2839 1786 2895 concinentium
1825 2841 1920 2896 fila
1963 2841 2136 2897 chor-
2245 2843 2481 2911 peccata
2533 2855 2640 2894 sua
2689 2836 2965 2909 duplicia,
3030 2837 3110 2890 ita
3140 2853 3169 2891 e
3233 2835 3515 2891 contrario
3553 2832 3678 2904 justi
3719 2828 3814 2884 rcci-

463 2931 730 3011 ‘darum;
764 2929 846 2982 ita
885 2927 1353 2982 convenientium
1387 2933 1662 2983 resonant
1693 2946 1868 2998 opera
1924 2947 2136 2986 canora
2247 2927 2415 2997 piunt
2444 2943 2578 2982 cum
2636 2927 2840 2981 affectu
2905 2925 3140 2997 propria
3194 2924 3485 2996 postulata
3521 2925 3659 2992 (37').
3704 2916 3806 2973 Audi

481 3019 783 3084 viriutum,
818 3022 880 3071 ut
913 3017 1095 3088 possit
1123 3016 1350 3072 dicere:
1378 3040 1402 3066 ‹‹
1438 3017 1689 3072 Psallam
1716 3017 1840 3086 tibi,
1867 3018 2039 3082 Deus,
2074 3019 2133 3072 in
2243 3015 2534 3086 quomodo
2569 3014 2866 3086 recipiant.
2900 3013 3176 3068 Ascendit
3207 3013 3391 3068 oratio
3423 3017 3518 3067 tua
3553 3011 3616 3066 ad
3665 3008 3810 3063 Deum.

484 3108 729 3172 cithara,
761 3109 999 3160 sanctus
1023 3104 1232 3159 Israel:
1259 3104 1610 3159 Gaudcbunt
1639 3105 1793 3160 labia
1816 3123 1964 3172 mea,
1998 3123 2131 3161 cum
2245 3108 2300 3158 et
2332 3103 2629 3159 descendit
2679 3103 2749 3157 ad
2781 3116 2856 3157 te.
2923 3102 3079 3157 Unde
3111 3107 3167 3156 et
3207 3102 3266 3155 in
3331 3101 3544 3173 psalmo
3596 3098 3812 3168 legimus:

485 3200 790 3251 cantavero
842 3193 984 3259 tibi;
1020 3199 1075 3248 et
1126 3193 1324 3247 anima
1382 3210 1530 3259 mea,
1591 3210 1768 3263 quam
1841 3194 2126 3248 redimisti
2162 3181 2204 3245 C
2242 3215 2269 3240 ‹‹
2314 3194 2381 3247 Et
2411 3192 2594 3247 oratio
2628 3191 2828 3246 meain
2864 3192 3062 3246 sinum
3095 3207 3299 3246 meum
3333 3193 3667 3245 convertatur
3690 3182 3810 3255 (Psal.

485 3284 653 3354 (Psal.
688 3271 840 3346 'Lxx,
881 3285 971 3347 22,
1014 3281 1124 3348 23).
1165 3303 1184 3327 υ
1243 3279 1462 3334 Paulus
1520 3280 1599 3334 ait
1637 3281 1707 3335 de
1753 3297 1850 3336 se:
1910 3304 1937 3332 «
1973 3283 2134 3337 Foris
2243 3299 2432 3346 xxxiv,
2469 3283 2576 3349 13),
2612 3304 2638 3329 »
2671 3286 2736 3335 ut
2765 3281 3020 3335 fructum
3050 3277 3275 3334 scilicet
3308 3279 3510 3334 referat
3549 3268 3810 3348 postulanti.

488 3387 721 3442 pugnae,
754 3370 916 3423 intus
972 3368 1319 3438 timores(lI
1363 3370 1485 3424 Cor.
1551 3386 1646 3434 vn,
1839 3393 1865 3417 ››
1920 3371 2021 3425 Hic
2081 3377 2137 3426 et
2247 3369 2654 3425 «Benedictus
2715 3367 2998 3424 Dominus
3057 3367 3214 3422 Deus
3277 3365 3521 3433 Israel,»
3578 3363 3660 3436 qui
3700 3363 3812 3414 fama

497 3459 655 3512 intus
683 3459 738 3511 et
767 3455 906 3510 foris
944 3456 1193 3526 gaudet;
1227 3457 1327 3510 sed
1363 3456 1458 3511 ille
1489 3457 1676 3511 adhuc
1709 3457 1766 3512 in
1798 3460 2135 3525 certamine,
2249 3459 2418 3514 nobis
2457 3458 2686 3529 aperuit
2716 3456 2993 3530 mysteria
3018 3479 3046 3505 «
3079 3472 3112 3510 a
3134 3455 3373 3524 saeculo,
3399 3455 3526 3511 etin
3545 3449 3811 3508 saeculumzn

496 3546 606 3601 iste
639 3544 696 3598 in
721 3541 1100 3608 remissione;
1144 3542 1280 3614 quia
1311 3543 1768 3615 redemptionem
1795 3545 2000 3602 animae
2020 3564 2138 3602 suae
2251 3546 2308 3600 id
2345 3549 2452 3611 est,
2487 3563 2555 3602 ex
2583 3546 2813 3600 infinito
2845 3547 2901 3598 in
2933 3543 3270 3598 infinitum:
3307 3568 3333 3594 ‹‹
3371 3544 3510 3610 Fiat,
3541 3543 3642 3596 ﬁat.
3673 3561 3693 3585 »

566 3697 702 3765 (37')
753 3697 834 3750 Ita
891 3710 1034 3750 mss.
1065 3709 1288 3750 omnes.
1323 3695 1462 3750 edit.
1495 3711 1649 3758 vero,
1694 3698 1963 3767 recipiunt
2011 3713 2136 3752 cum
2172 3699 2362 3768 effectu
2387 3699 2616 3768 propria
2647 3696 2938 3767 (quaedam
2972 3693 3178 3759 Paris,
3210 3696 3462 3767 proprio)
3487 3692 3738 3765 postulata.

491 3884 3808 3918 ___________________________________.

1273 4065 1385 4148 IN
1443 4064 1986 4152 PSALMUM
2042 4065 2324 4149 XLIII
2392 4064 3100 4150 ENARRATIO.

559 4421 709 4477 885
741 4423 763 4476 1
799 4421 984 4489 (Vers.
1021 4423 1091 4493 1.)
1124 4424 1338 4480 Psalmi
1388 4422 1599 4478 titulus
1653 4428 1776 4479 est:
1848 4423 1911 4478 In
1969 4423 2141 4479 finem
2176 4428 2221 4492 Ι)
2251 4439 2318 4477 ex
2350 4421 2643 4493 operibus,
2678 4421 2777 4476 sed
2809 4437 2877 4476 ex
2907 4421 3020 4477 fide
3051 4438 3153 4493 per
3202 4422 3452 4495 gratiam
3508 4431 3652 4474 suam
3696 4405 3821 4464 nobis

487 4508 624 4564 ﬁliis
656 4510 796 4564 Core
854 4509 1196 4566 intellectus.
1231 4535 1255 4559 ››
1307 4512 1409 4566 Ubi
1473 4512 1762 4583 passionis
1819 4512 2128 4567 Dominicze
2242 4515 2475 4582 peccata
2505 4510 2760 4574 donavit,
2795 4513 2850 4564 et
2875 4511 2943 4564 ad
2973 4527 3197 4566 coronae
3225 4511 3556 4583 petitionem
3582 4497 3821 4567 indulgen'

488 4603 546 4653 et
604 4597 996 4668 baptismatis,
1057 4603 1112 4653 et
1151 4599 1530 4670 ingressionis
1590 4601 1658 4654 ad
1706 4600 1886 4656 altare
1963 4619 2130 4657 sacro
2239 4599 2506 4654 tissimus
2543 4615 2652 4653 nos
2682 4604 2736 4653 et
2778 4597 3064 4670 benignus
3112 4599 3373 4667 admisit,
3426 4613 3523 4652 nec
3577 4585 3816 4662 superiora

483 4691 756 4744 sanctum
814 4687 1061 4742 decursa
1119 4688 1395 4759 mysteria
1451 4695 1611 4756 sunt,
1670 4690 1838 4745 docet
1887 4696 2127 4746 sanctus
2240 4687 2407 4742 nobis
2440 4687 2572 4742 fecit
2600 4688 2804 4754 obesse
2828 4687 3069 4759 ﬂagitia,
3102 4689 3324 4760 Quibus
3369 4691 3519 4742 tanto
3573 4672 3818 4736 certamine

481 4776 764 4848 propheta
831 4776 1009 4831 David
1069 4777 1568 4848 quemadmodum
1621 4778 1899 4834 athletam
1952 4796 2127 4834 suum
2231 4777 2636 4847 judicaremur
2689 4775 2913 4847 indigni
2975 4776 3283 4847 (quaeritur
3333 4776 3483 4832 enim
3539 4770 3690 4828 etiam
3753 4761 3813 4848 inf

482 4846 653 4938 cujus
686 4882 900 4921 nomen
928 4846 1194 4921 teneatur
1221 4867 1279 4920 in
1310 4881 1493 4938 agone
1532 4871 1890 4932 sanctorum,
1940 4867 2130 4923 Chris-
2236 4846 2306 4918 iis
2336 4864 2434 4934 qui
2459 4864 2701 4918 lustrale
2725 4846 3149 4920 certamenhoc
3181 4867 3439 4921 subeunt
3459 4863 3563 4933 (38)
3583 4857 3729 4913 etiam
3761 4846 3820 4899 di-

480 4958 576 5010 tus
623 4959 900 5010 exerceat.
935 4955 1095 5009 Sicut
1124 4955 1280 5010 enim
1317 4953 1441 5010 sine
1484 4954 1679 5010 labore
1737 4961 1953 5023 nostro,
2010 4974 2123 5011 non
2237 4953 2486 5025 sciplina
2518 4952 2801 5022 vivendi),
2831 4952 2914 5006 ita
2944 4970 3149 5009 rursus
3201 4969 3272 5008 ne
3332 4957 3488 5008 tanta
3528 4946 3817 5021 peccatorum

554 5124 665 5195 (38)
724 5123 999 5195 Solebant
1051 5129 1274 5180 veteres
1329 5124 1538 5179 diebus
1598 5123 1878 5186 lustricis,
1940 5125 1996 5179 id
2038 5130 2127 5180 est
2236 5121 2600 5195 significatur
2631 5119 3046 5195 olimseveram
3068 5102 3822 5195 athletarumfui_sse__vi_V6}71‘df1

484 5181 701 5264 quibus
734 5196 874 5251 urbs
905 5194 1099 5266 aliqua
1121 5197 1304 5250 sacris
1336 5196 1626 5264 piabatur,
1661 5195 1827 5249 ludos
1851 5181 1913 5249 ac
1947 5201 2127 5250 certa-
2237 5181 2542 5247 rationem.
2577 5195 2653 5247 Ea
2683 5192 2752 5246 de
2783 5209 2843 5247 re
2892 5197 3081 5248 exstat
3112 5193 3230 5249 haec
3262 5190 3558 5265 praeceptio
3605 5181 3806 5266 Epicteti;

483 5250 645 5336 mina
691 5250 1028 5326 celebrare:
1072 5267 1187 5320 Hoc
1252 5250 1716 5336 intelligitur'ex
1765 5268 1981 5322 Seneca
2067 5267 2107 5320 it

2234 5266 2452 5320 Euchir.
2532 5271 2604 5318 λε’
2683 5286 2694 5318 :
2796 5274 2878 5320 Δεῖ
2944 5271 3187 5332 ὐταχτείν,
3255 5250 3660 5334 ἆναγιοίτροςιείνί
3736 5250 3813 5336 άπξ·

480 5335 691 5408 Ττοαάη
724 5338 824 5392 ubi
869 5337 951 5391 sic
999 5321 1215 5392 habes:
1268 5355 1366 5390 nec
1395 5319 1530 5392 δίῖἶίο
1589 5339 1752 5391 lustri
1788 5338 1940 5392 die...
1987 5354 2104 5407 puez

2232 5344 2404 5408 γεσθαι
2460 5344 2743 5404 πεμμάτων,
2831 5344 3155 5404 γυμνάζεσθαι
3262 5345 3384 5396 ππὸς
3505 5338 3698 5408 ἀνάγκη

477 5391 898 5478 ςιίιαιᾳδίηοὸἰιτέ
929 5418 1138 5462 turmas
1164 5391 1318 5478 ages.
1379 5391 1539 5471 Quod
1571 5413 1763 5463 autem
1795 5391 1866 5463 de
1896 5391 2098 5462 viv‘end

2233 5391 2252 5408 r
2304 5391 2317 5394 “
2525 5391 2532 5404 Ι
2563 5391 2570 5404 ι
2734 5391 2741 5398 '
2842 5391 2850 5404 I
2897 5391 2905 5404 ι
3007 5391 3020 5402 υ
3373 5391 3383 5396 -
3602 5391 3610 5397 ν

2235 5419 2336 5478 ὥρᾳ
2389 5413 2683 5474 τεταγμένη»
2769 5411 2818 5458 δν
2884 5415 3141 5478 κὲἧμιατινγ
3202 5413 3250 5478 δν
3316 5414 3478 5478 ψύχειν
3561 5411 3622 5477 PP

478 5475 793 5556 disciplina
822 5479 1179 5556 adjungitur,
1210 5453 1506 5556 ideod‘em
1542 5481 1810 5556 pertinet,
1845 5478 2122 5552 quoillud
2234 5453 2407 5556 sata,
2457 5453 2549 5544 in?
2571 5453 2730 5556 ρξνξν,
2790 5459 3058 5556 etenNon
3090 5453 3420 5556 dissimili;
3447 5453 3804 5556 reperiesf‘lggg

479 5538 649 5631 Pauli
680 5548 702 5600 1
733 5548 858 5631 Cor.
891 5538 967 5613 ix,
1136 5538 1322 5631 dumis
1351 5538 1649 5631 autemqui
1690 5554 1747 5631 in_
1779 5538 1968 5631 itione
1996 5568 2122 5631 con-
2232 5538 2544 5631 arrialnum
2571 5545 2668 5602 lib.
2706 5538 2789 5631 in,
2827 5547 3040 5631 quibus
3071 5549 3248 5605 addas
3283 5538 3564 5631 licetquaa
3593 5538 3799 5596 Horatius

481 5615 670 5683 tendit,
718 5618 782 5670 ab
842 5619 1093 5671 omnibus
1150 5636 1208 5674 se
1268 5621 1538 5681 abstinet;
1564 5615 1576 5622 ’
1601 5615 1907 5694 utrobique
1934 5623 2121 5679 .enim
2233 5621 2335 5677 lib.
2370 5621 2443 5675 De
2473 5629 2586 5674 arte
2610 5619 2822 5690 poetica
2842 5615 2910 5675 in
2943 5619 3091 5676 hanc
3124 5637 3240 5677 rem
3271 5615 3491 5676 scribit.
