4112 6190
343 357 492 424 illi

1439 345 1894 417 ENABBATIO
1938 344 2018 410 IN
2061 341 2441 412 PSALMUM
2483 341 2692 407 XLIII.

3527 369 3534 372 ν
3589 331 3747 420 ills

341 491 652 553 donatione
681 484 942 566 resoluti,
973 487 1033 549 in
1063 485 1386 564 superioria
1424 486 1644 560 flagitia
1691 484 1778 542 vel
1826 483 1979 541 desi-
2011 481 2066 547 Α
2096 486 2269 542 etiam
2302 482 2638 542 testimonia
2665 478 2990 554 disciplinae
3026 491 3039 534 ε
3075 500 3103 529 ‹‹
3135 474 3263 547 Fili,
3298 489 3371 534 ne
3419 474 3747 552 neglexeris

339 585 500 642 diam
531 581 1176 656 revertamur,psalmus
1207 581 1315 637 iste
1351 596 1458 635 nos
1489 579 1766 634 admonet
1801 573 1986 631 multa

339 674 510 731 nobis
542 679 598 730 et
628 673 824 746 gravia
855 671 1175 728 certamina
1204 687 1334 726 esse
1374 667 1688 740 proposita,
1723 670 1785 720 ut
1819 681 1984 720 nemo

337 763 452 818 nisi
485 763 586 834 qui
616 762 875 834 legitime
903 761 1224 824 certaverit,
1257 762 1583 814 conoretur.
1618 755 1984 811 Luctandum

336 857 428 908 est
456 851 636 924 igitur
663 852 940 906 adversus
970 850 1162 906 carnis
1195 849 1373 920 hujus
1419 847 1743 909 illecebras,
1775 848 1830 898 et
1877 843 1983 897 fer-

331 955 529 996 vorem
564 938 871 1012 sanguinis
907 957 919 994 :
952 939 1300 993 luctandum
1331 944 1422 992 est
1451 937 1732 991 adversus
1775 931 1985 1005 nequi-

338 1029 446 1086 tias
479 1027 797 1101 spiritales.
821 1029 1002 1084 Nemo
1025 1027 1258 1100 gravior
1279 1025 1600 1083 domestico
1632 1022 1982 1085 adversario,

340 1135 511 1174 nemo
542 1117 842 1173 nocentior
890 1117 1057 1172 hoste
1105 1133 1192 1180 eo,
1226 1116 1319 1172 cui
1364 1115 1614 1170 cmlestis
1646 1111 1985 1168 substantia:

339 1207 601 1281 potentia
649 1207 1003 1278 suffragatur
1047 1207 1181 1277 (39).
1228 1207 1371 1261 Cum
1407 1205 1534 1259 dico
1565 1218 1758 1266 nemo,
1805 1191 1985 1255 divini

338 1300 632 1352 memento
676 1295 985 1358 sermonis,
1033 1311 1149 1365 quo
1196 1294 1342 1349 dixit
1393 1291 1675 1348 Dominus
1718 1305 1792 1346 ;‹‹
1842 1287 1986 1354 Quia

342 1385 529 1455 major
589 1400 656 1439 ex
705 1383 857 1438 natis
913 1382 1179 1438 mulieris
1232 1383 1457 1437 Joanne
1509 1379 1770 1450 Baptista
1816 1393 1984 1432 nemo

339 1474 547 1543 (Matth.
580 1489 661 1539 x1,
698 1472 989 1542 ll).»Nam
1024 1471 1123 1543 qui
1155 1475 1327 1526 natus
1366 1474 1454 1524 est
1482 1485 1551 1524 ex
1578 1467 1837 1539 Virgine,
1862 1466 1985 1537 ipse

341 1578 519 1634 super
548 1577 748 1617 omnes
779 1565 887 1616 est.
922 1561 990 1615 Et
1019 1560 1148 1614 ideo
1182 1559 1475 1614 neminem
1525 1572 1849 1623 vereamur,
1884 1555 1984 1626 qui

340 1649 638 1706 Christum
718 1647 1030 1714 habemus,
1090 1646 1368 1718 quoniam
1428 1645 1477 1700 si
1546 1642 1814 1698 Christus
1882 1657 1984 1712 pro

341 1739 530 1804 nobis,
564 1736 697 1810 quis
727 1740 930 1791 contra
963 1735 1110 1790 nos?
1161 1736 1465 1791 Certemus
1510 1749 1647 1804 ergo
1694 1745 1880 1801 usque
1913 1730 1981 1783 ad

340 1828 540 1892 finem,
575 1830 641 1880 ut
669 1823 960 1903 evacuatis
985 1823 1280 1890 omnibus,
1314 1839 1440 1893 qua:
1473 1821 1752 1876 adversus
1779 1819 1980 1874 Jesum
2016 1850 2064 1914 B

340 1921 399 1972 et
429 1913 658 1970 Domini
692 1901 1045 1968 voluntatem
1079 1911 1135 1966 in
1168 1914 1369 1966 nostro
1400 1913 1534 1965 ante
1565 1924 1805 1980 corpore
1828 1907 1984 1962 mili-

339 2004 562 2070 tabant,
621 2019 766 2057 verre
815 1999 1102 2056 exercitiis
1151 1998 1381 2054 virtutis
1426 1997 1656 2065 intenti,
1716 1996 1823 2053 soli
1875 2001 1986 2051 Deo

342 2096 542 2148 nostro
598 2096 654 2147 et
701 2090 947 2146 Domino
996 2089 1341 2145 serviamus.
1375 2088 1476 2144 Hic
1523 2088 1678 2144 enim
1730 2086 1882 2155 ﬁnis,
1925 2090 1990 2139 ut

339 2181 628 2254 scriptum
659 2183 748 2235 est
780 2196 846 2234 ;‹‹
881 2179 1154 2234 Primitiae
1185 2179 1471 2235 Christus.
1519 2219 1530 2232 .
1577 2221 1589 2233 .
1636 2218 1648 2231 .
1682 2176 1890 2232 deinde
1921 2176 1986 2229 fi-

344 2270 462 2339 nis,
493 2285 626 2324 cum
675 2267 978 2323 tradiderit
1025 2284 1271 2340 regnum
1324 2271 1434 2321 Deo
1481 2270 1538 2322 et
1587 2265 1738 2320 Patri
1792 2282 1803 2319 :
1852 2280 1986 2320 cum

351 2357 716 2414 evacuaverit
744 2372 977 2413 omnem
1006 2355 1402 2428 Principatum
1449 2360 1506 2409 et
1552 2355 1901 2410 Potestatem
1933 2357 1989 2407 et

344 2448 654 2502 Virtutem.
706 2488 716 2499 .
765 2487 776 2500 .
825 2487 836 2499 .
883 2490 894 2500 .
936 2484 951 2501 .
997 2450 1062 2500 ut
1093 2462 1250 2500 mors
1297 2445 1613 2500 novissima
1653 2443 1989 2498 destruatur

342 2536 390 2607 (Ι
417 2535 537 2590 Cor.
571 2553 661 2600 xv,
690 2537 780 2598 23,
811 2536 924 2602 26),
961 2556 987 2582 »
1021 2533 1371 2605 incipiamus
1402 2534 1516 2588 Deo
1547 2549 1674 2588 esse
1713 2530 2008 2610 subjectis

341 2640 587 2696 regnum
620 2623 679 2678 in
731 2623 897 2678 nobis
941 2621 1173 2678 cmlestc
1219 2625 1536 2688 servantes,
1571 2619 1669 2674 ubi
1699 2625 1823 2676 erat
1851 2623 1986 2674 ante

341 2713 586 2770 colluvio
615 2716 1004 2784 peccatorum.

408 2805 462 2856 2.
498 2799 866 2872 Meritoergo
908 2817 920 2854 :
955 2822 984 2850 ‹‹
1022 2799 1084 2854 In
1127 2800 1302 2855 finem
1357 2799 1494 2854 filiis
1537 2800 1676 2854 Core
1723 2797 1985 2853 intellec-

339 2895 458 2955 tus,
494 2912 520 2938 »
555 2887 821 2961 psalmus
850 2887 1210 2954 inscribitur,
1246 2891 1310 2942 ut
1358 2889 1417 2942 in
1470 2905 1535 2942 eo
1587 2885 1986 2959 cognoscendo

341 2995 456 3034 non
513 2977 771 3050 vulgaris
828 2976 1084 3044 auditus,
1143 2977 1243 3031 sed
1305 2976 1633 3032 intellectus
1683 2974 1984 3047 spiritalis,

341 3070 628 3140 operetur.
661 3065 923 3136 Denique
949 3064 1158 3136 Aquila
1190 3088 1216 3113 ‹‹
1252 3065 1545 3136 psalmum
1601 3063 1924 3136 disciplina:
1959 3086 1985 3111 »

340 3156 556 3229 posuit.
592 3156 658 3208 Et
687 3153 817 3208 ideo
850 3153 955 3207 tibi
987 3153 1129 3207 dicit
1153 3154 1453 3226 Scriptura
1487 3171 1499 3208 :
1535 3178 1561 3203 ‹‹
1597 3153 1680 3209 Da
1710 3153 1767 3208 in
1810 3152 1984 3209 disci-

341 3243 565 3316 plinam
596 3259 694 3298 cor
722 3247 890 3296 tuum
918 3259 931 3305 ;
966 3257 1137 3296 aures
1168 3245 1364 3296 autem
1396 3241 1528 3297 tuas
1574 3259 1833 3313 praepara
1865 3259 1981 3297 ser-
2015 3220 2058 3286 ο

341 3333 616 3388 monibus
673 3328 1002 3385 intellectus
1049 3330 1229 3396 (Prov.
1280 3347 1442 3397 xxm,
1485 3331 1584 3399 I2).
1621 3352 1645 3377 ››
1682 3334 1747 3383 Et
1792 3329 1928 3384 alibi
1966 3345 1977 3382 :

343 3445 370 3473 «
407 3421 588 3492 Dilige
637 3416 985 3490 sapientiam
1031 3421 1087 3471 et
1131 3416 1504 3487 disciplinam
1537 3417 1715 3487 (Prov.
1769 3435 1808 3483 ι,
1840 3418 1917 3486 3).
1954 3439 1980 3463 n

341 3508 640 3581 Sapientia
685 3511 775 3562 est
821 3522 948 3577 quae
999 3521 1211 3561 sensus
1259 3505 1547 3560 scaturit:
1585 3504 1894 3576 disciplina
1923 3504 1982 3560 in

339 3595 743 3653 habitudinem
776 3593 1093 3665 quamdam
1127 3597 1345 3648 natura:
1382 3593 1590 3648 coalita
1639 3593 1827 3648 forma
1868 3593 1982 3646 vir-

343 3686 620 3750 tutum,et
649 3682 865 3738 mentis
896 3682 1241 3737 confirmata
1272 3681 1562 3737 sententia
1610 3681 1864 3737 scientiae
1897 3681 1983 3736 di-

339 3771 609 3846 sciplinis
629 3771 762 3843 (40).
799 3769 1124 3842 Intelligere
1153 3785 1386 3842 quoque
1416 3771 1732 3826 obscurum
1765 3786 1984 3826 sermo-

343 3878 477 3919 nem
539 3865 715 3932 atque
761 3859 1086 3915 dictionum
1145 3859 1515 3931 prudentiam
1575 3864 1630 3915 et
1678 3858 1989 3932 aenigmata

341 3949 779 4007 Proverbiorum
807 3948 1104 4021 Scriptura
1135 3965 1240 4004 nos
1270 3947 1486 4015 docuit,
1516 3949 1684 4020 cujus
1737 3949 1985 4004 auctori-

343 4044 461 4095 tate
519 4037 851 4111 colligimus
899 4038 1008 4093 has
1059 4037 1379 4110 prudentiae
1432 4037 1783 4109 principales
1835 4039 1988 4094 886

345 4144 472 4184 esse
500 4128 777 4195 virtutes;
811 4143 876 4182 eo
909 4128 1064 4198 quod
1097 4127 1384 4200 sapientia
1415 4143 1648 4199 semper
1675 4127 1842 4198 quasi
1874 4143 1991 4182 ma-

345 4221 432 4273 ter
478 4216 727 4272 fecunda
776 4214 1080 4288 parturiat,
1131 4215 1462 4287 disciplina,
1513 4216 1680 4287 quasi
1738 4214 1992 4270 severior

347 4305 632 4378 magistra
659 4304 994 4375 distringat,
1014 4303 1342 4360 intellectus
1364 4303 1532 4374 quasi
1563 4304 1812 4376 diligens
1841 4321 1992 4376 qua:-

349 4395 493 4449 sitor
522 4391 801 4461 inveniat,
833 4397 889 4447 et
917 4409 1110 4448 veram
1135 4393 1452 4462 justitiam,
1479 4392 1890 4463 judiciumque
1923 4391 1992 4446 ri-

352 4487 562 4539 mctur.

2095 575 2466 648 disciplinam
2524 574 2646 639 Dei,
2703 589 2808 628 nec
2863 569 3144 627 defeceris
3203 569 3275 625 ab
3325 585 3391 625 eo
3443 573 3745 641 correptus

2096 669 2274 738 (Prov.
2309 683 2392 732 ιιι,
2430 665 2516 732 11,
2550 664 2673 732 l2);
2712 686 2738 711 ››
2771 677 2942 733 quem
2975 661 3132 716 enim
3180 658 3371 731 diligit
3409 659 3585 725 Deus,
3619 675 3743 714 cor-

2097 757 2252 829 ripit.
2288 756 2497 811 Severa
2528 753 2766 826 quidem
2800 752 2858 806 in
2892 750 3280 822 corripiendo,
3315 749 3417 805 sed
3467 747 3655 804 dulcis
3686 747 3746 803 in

2097 845 2438 916 corrigendo
2490 847 2578 898 est
2627 841 2966 912 disciplina;
3022 857 3093 896 ne
3141 839 3439 896 ﬂuitemus
3471 843 3528 894 et
3572 853 3744 910 vage-

2096 952 2232 990 mur
2289 936 2572 997 errantes,
2623 932 2723 987 sed
2775 931 3129 1002 recipiamur
3175 947 3210 985 a
3255 928 3507 985 Christo.
3561 926 3746 984 Disci-

2096 1023 2256 1096 plina
2281 1023 2437 1076 enim
2488 1038 2603 1077 non
2655 1021 2986 1076 examinata
3031 1022 3296 1092 vagatur,
3344 1022 3411 1073 ut
3459 1016 3743 1089 scriptum

2095 1117 2202 1168 est.
2236 1113 2347 1166 Sed
2382 1128 2482 1182 pro
2533 1110 2970 1165 conservatione
2991 1109 3086 1163 hic
3119 1108 3315 1179 posuit
3345 1104 3742 1178 disciplinam.

2097 1203 2315 1256 Tamen
2349 1200 2503 1254 sicut
2535 1197 2840 1270 sapientia,
2873 1198 2955 1253 ita
3002 1201 3058 1252 et
3104 1195 3436 1269 disciplina,
3468 1199 3526 1250 et
3557 1195 3742 1266 perfe-

2096 1294 2189 1345 cta
2243 1293 2298 1343 et
2353 1288 2693 1359 imperfecta
2749 1288 2952 1343 eodem
3012 1285 3268 1350 nomine,
3311 1287 3740 1355 nuncupatur:

2096 1379 2196 1434 sed
2231 1377 2330 1432 ubi
2362 1377 2488 1432 sine
2519 1375 2966 1446 adjectione,vel
2996 1375 3308 1447 disciplina
3337 1373 3426 1430 vel
3457 1372 3744 1445 sapientia

2095 1472 2530 1540 nuncupantur,
2565 1466 2962 1522 definitionem
3005 1463 3376 1536 perfectionis
3424 1463 3739 1534 accipiunt.

2095 1556 2495 1613 Inexaminata
2525 1571 2662 1625 ergo
2694 1555 2885 1609 fluitat
2914 1553 3243 1626 disciplina,
3279 1553 3380 1609 sed
3411 1551 3743 1608 examinata

2095 1663 2209 1700 non
2243 1644 2451 1699 fluitat.
2487 1644 2565 1698 De
2598 1643 2898 1698 intellectu
2929 1658 3159 1713 quoque
3185 1643 3389 1697 eadem
3439 1641 3742 1713 Scriptura

2095 1733 2319 1798 definit,
2353 1732 2492 1804 quia
2525 1755 2552 1782 ‹‹
2583 1731 2912 1786 intellectus
2961 1732 3154 1786 bonus
3187 1735 3275 1786 est
3304 1730 3580 1786 omnibus
3639 1729 3738 1802 qui

2095 1838 2229 1878 eum
2288 1821 2510 1876 faciunt
2557 1821 2729 1890 (Psal.
2776 1820 3033 1889 cx,10):
3088 1842 3112 1865 ››
3161 1819 3493 1874 intellectus
3545 1822 3739 1874 autem

2099 1928 2234 1968 cum
2284 1910 2342 1965 in
2391 1925 2454 1965 se
2499 1912 2555 1964 et
2602 1907 2898 1979 sapientiae
2945 1907 3196 1979 gratiam
3247 1907 3478 1976 habeat,
3509 1909 3568 1963 et
3592 1906 3744 1963 ordi-

2098 2016 2232 2057 nem
2264 1997 2613 2069 disciplinae;
2651 1997 2851 2068 utique
2879 1997 3158 2051 docemur
3201 1996 3355 2068 quod
3404 1999 3462 2051 et
3509 1995 3741 2067 sapien-

2096 2089 2176 2144 tia
2203 2091 2259 2144 et
2287 2085 2597 2157 disciplina
2622 2086 2785 2140 homo
2817 2085 2936 2140 sint
2973 2084 3057 2140 eis
3088 2083 3186 2156 qui
3219 2100 3421 2140 earum
3469 2083 3742 2140 instituta

2098 2176 2221 2235 suis
2261 2174 2602 2232 ministeriis
2647 2176 3064 2246 exsequuntur.
3116 2172 3380 2229 Diximus
3427 2174 3499 2228 de
3547 2171 3736 2238 titulo,

2099 2267 2392 2340 psalmum
2416 2265 2771 2322 adoriamur.

2167 2356 2409 2422 4.(Vcrs.
2441 2355 2519 2426 2.)
2555 2376 2582 2403 ‹‹
2617 2359 2785 2421 Deus,
2822 2353 3065 2409 auribus
3094 2350 3311 2408 nostris
3341 2351 3736 2420 audivimus;»

2096 2446 2181 2502 sic
2237 2444 2625 2518 Symmachus
2675 2461 2687 2498 ε
2739 2443 3124 2508 Theodotion,
3159 2465 3187 2493 «
3236 2443 3295 2498 in
3345 2443 3587 2500 auribus
3643 2460 3740 2498 no-

2097 2535 2234 2592 stris
2268 2558 2294 2582 ››
2326 2533 2499 2600 dixit;
2533 2533 2688 2589 sicut
2744 2536 2800 2587 et
2857 2531 3242 2604 Septuaginta
3288 2531 3418 2586 viri.
3471 2532 3618 2597 Quid
3651 2534 3740 2588 est

2097 2623 2250 2695 quod
2301 2623 2400 2686 ait,
2435 2645 2461 2671 «
2515 2621 2757 2676 auribus
2805 2619 3063 2676 nostris?
3094 2642 3121 2670 »
3155 2620 3316 2684 Quod
3347 2619 3394 2674 si
3429 2636 3545 2675 non
3592 2621 3738 2676 satis

2096 2715 2272 2778 esset,
2305 2734 2331 2760 ‹‹
2365 2709 2718 2774 audivimus,
2757 2733 2782 2757 ››
2815 2712 2966 2764 certe
2997 2707 3046 2764 si
3078 2707 3186 2764 hoc
3215 2708 3518 2779 placuerat
3550 2710 3738 2764 :«Au-

2095 2803 2260 2858 ribus
2291 2800 2645 2863 audivimus,
2685 2822 2710 2846 ››
2741 2798 2977 2870 plenum
3026 2801 3167 2854 erat.
3203 2801 3346 2852 Cum
3390 2813 3526 2870 ergo
3575 2797 3736 2853 addi-

2096 2896 2222 2947 tum
2253 2893 2361 2959 est,
2395 2913 2421 2938 ‹‹
2456 2888 2693 2953 nostris,
2731 2911 2758 2936 ››
2789 2887 2929 2959 quid
2989 2886 3099 2942 sibi
3158 2887 3265 2942 hoc
3323 2886 3465 2953 vult,
3517 2885 3631 2942 nisi
3674 2890 3740 2942 ut

2095 2979 2390 3051 intelligas
2447 2977 2550 3032 illa
2596 2993 2722 3033 esse
2770 2980 2988 3046 nostra,
3024 2991 3150 3047 quae
3200 2976 3412 3032 mentis
3461 2979 3632 3042 sunt;
3683 2980 3740 3032 et

2095 3087 2163 3126 ea
2193 3085 2320 3125 esse
2369 3066 2612 3122 meliora
2663 3083 2838 3138 quam
2895 3082 3020 3137 quae
3072 3065 3243 3121 istius
3291 3065 3551 3137 corporis
3602 3083 3614 3120 :
3671 3065 3740 3120 Et

2096 3159 2223 3213 ideo
2255 3156 2425 3228 quasi
2456 3156 2526 3210 de
2557 3155 2667 3210 alio
2698 3155 2838 3209 dicit
2870 3154 2963 3208 hic
2994 3155 3118 3226 ipse
3149 3153 3438 3226 Propheta
3487 3171 3500 3208 :
3539 3176 3560 3203 α
3611 3153 3734 3210 Νοη

2092 3247 2310 3303 timebo
2342 3245 2486 3317 quid
2523 3244 2696 3299 faciat
2725 3243 2868 3298 mihi
2903 3260 3036 3298 caro
3067 3244 3237 3314 (Psal.
3272 3259 3358 3312 LV,
3388 3242 3498 3313 5).»
3535 3244 3606 3298 Et
3630 3242 3735 3298 ali-

2091 3336 2149 3390 bi
2182 3353 2193 3390 :
2231 3357 2257 3383 «
2289 3334 2441 3389 Voce
2475 3349 2603 3389 mea
2633 3333 2702 3388 ad
2735 3331 3048 3388 Dominum
3075 3330 3341 3398 clamavi,
3374 3335 3432 3386 et
3454 3347 3564 3387 vox
3605 3347 3737 3387 mea

2093 3425 2164 3477 ad
2237 3427 2439 3484 Deum,
2497 3425 2553 3478 et
2606 3421 2858 3492 respexit
2926 3436 3020 3476 me
3083 3421 3254 3490 (Psal.
3323 3437 3508 3487 LXXVI,
3564 3420 3640 3491 2).
3702 3441 3729 3469 »

2093 3510 2197 3565 Illa
2224 3526 2332 3564 vox
2365 3525 2511 3576 mea,
2545 3526 2672 3580 quae
2697 3510 2937 3564 auditur
2966 3527 2998 3564 a
3023 3509 3276 3577 Christo,
3307 3525 3422 3565 non
3473 3525 3600 3582 quae
3641 3524 3736 3565 re-

2093 3597 2275 3654 sultat
2305 3597 2360 3651 in
2390 3595 2773 3667 publico.Non
2804 3597 2928 3652 vult
2956 3597 3134 3669 igitur
3171 3614 3347 3653 suum
3397 3613 3546 3669 esse,
3580 3597 3736 3669 quod

2094 3683 2470 3757 corruptibile
2502 3687 2675 3756 atque
2706 3690 3001 3741 terrenum
3033 3689 3141 3749 est,
3176 3685 3274 3756 qui
3308 3686 3378 3740 ad
3421 3686 3737 3758 imaginem

2093 3776 2192 3832 Dei
2225 3779 2281 3829 et
2309 3772 2754 3830 similitudinem
2781 3773 3051 3828 meminit
3079 3789 3141 3828 se
3173 3776 3453 3828 creatum.
3487 3773 3742 3845 Denique

2094 3864 2395 3936 Scriptura
2429 3879 2533 3918 nos
2562 3862 2781 3929 edocet,
2816 3861 2981 3932 prius
3005 3861 3076 3916 ad
3117 3859 3434 3931 imaginem
3486 3860 3586 3916 Dei
3638 3861 3742 3916 ho-

2097 3954 2314 4008 minem
2337 3968 2465 4006 esse
2489 3950 2802 4005 formatum
2852 3949 3002 4021 (Gen.
3055 3967 3093 4016 1,
3132 3949 3247 4020 27),
3277 3952 3479 4020 postea
3521 3949 3593 4004 de
3622 3948 3744 4004 luto

2098 4042 2316 4097 factum
2349 4040 2500 4109 (Gen.
2536 4053 2598 4103 Il,
2631 4040 2707 4104 7).
2741 4038 2917 4102 Quasi
2957 4038 3224 4111 superior
3269 4053 3405 4110 ergo
3453 4037 3748 4110 (superior

2096 4131 2252 4187 enim
2285 4129 2384 4200 qui
2417 4127 2732 4198 antiquior)
2765 4131 2821 4182 et
2869 4128 3226 4200 gubernator
3262 4131 3319 4182 et
3348 4129 3536 4182 rector
3564 4125 3746 4196 hujus

2098 4217 2358 4290 corporis
2414 4216 2622 4270 animis
2679 4215 2843 4288 vigor
2894 4216 3036 4272 dicit
3082 4234 3094 4271 :
3145 4237 3173 4265 «
3221 4214 3476 4271 Auribus
3529 4212 3746 4270 nostris

2080 4305 2450 4368 audivimus.
2489 4329 2514 4354 »
2547 4305 2688 4370 Quis
2720 4304 2828 4359 iste
2859 4309 2967 4371 est,
3003 4304 3115 4360 nisi
3149 4303 3242 4358 cui
3275 4302 3488 4359 dicitur
3523 4321 3535 4358 :
3570 4325 3598 4353 «
3639 4302 3746 4366 Qui

2098 4397 2276 4452 habet
2332 4410 2503 4450 aures
2559 4393 2853 4459 audiendi,
2909 4394 3112 4448 audiat
3167 4393 3315 4463 (Luc.
3376 4409 3499 4461 vm,
3561 4393 3660 4463 8)?
3716 4414 3743 4442 »

2099 4487 2252 4541 Sunt
2280 4483 2434 4539 enim
2468 4481 2611 4537 887
2649 4481 2748 4552 qui
2781 4497 2952 4537 aures
2984 4481 3220 4546 habent,
3273 4485 3330 4537 et
3373 4481 3574 4538 audire
3623 4498 3747 4553 my-

421 4572 472 4625 3.
515 4575 835 4626 Doceamus
893 4568 1014 4624 haec
1074 4585 1250 4624 sacrae
1309 4568 1660 4624 testimoniis
1706 4567 1988 4624 lectionis.
2027 4589 2071 4651 ι)
2104 4573 2280 4629 ater-ia
2305 4587 2418 4625 non
2450 4573 2718 4640 possunt,
2747 4569 2817 4623 de
2849 4569 3066 4640 quibus
3096 4568 3239 4626 dicit
3267 4570 3443 4626 Jesus
3475 4570 3534 4624 in
3584 4584 3746 4625 reve-

353 4659 652 4732 Sapientia
679 4658 821 4712 dicit
855 4675 866 4712 :
901 4681 926 4707 (ι
955 4658 1072 4730 Ego
1105 4659 1272 4729 quasi
1304 4658 1435 4713 fons
1467 4675 1499 4712 a
1528 4657 1993 4729 paradiso,dixi:

354 4749 576 4823 Rigabo
599 4764 795 4803 meum
818 4747 1072 4803 hortum.
1120 4791 1130 4802 .
1179 4790 1190 4802 .
1232 4753 1288 4803 et
1309 4747 1500 4803 adhuc
1517 4747 1839 4802 doctrinam
1861 4764 1998 4818 qua-

353 4839 400 4894 si
430 4837 796 4912 prophetiam
829 4837 1121 4892 effundam
1151 4838 1336 4908 (Eccli.
1369 4854 1519 4904 xxxv,
1553 4837 1764 4905 41-46).
1793 4859 1819 4884 ››
1852 4837 1998 4891 Nam

354 4927 757 5000 generationes
787 4943 927 4983 suas
960 4926 1139 4983 menti
1173 4926 1428 4982 hominis
1458 4927 1592 4997 (41),
1627 4926 1810 4982 bonos
1840 4926 1996 4981 vide-

353 5016 488 5073 licet
547 5033 778 5083 sensus,
836 5017 1003 5088 quasi
1062 5015 1158 5088 pia
1215 5019 1400 5072 mater
1453 5015 1730 5070 infundit.
1793 5015 2000 5086 Accipe

429 5179 540 5248 (39)
573 5176 914 5232 Substantia
944 5174 1298 5248 spiritalium
1333 5175 1727 5248 nequitiarum
1753 5173 2000 5229 cmlestis

357 5246 452 5304 hic
492 5246 706 5303 dicitur
752 5263 854 5318 per
900 5246 1326 5318 oppositionem
1382 5263 1529 5318 cum;
1565 5246 1843 5318 humana,
1873 5262 2003 5317 qua:

358 5319 653 5376 terrestris
684 5317 806 5386 est;
841 5317 954 5373 ista
981 5317 1271 5389 siquidem
1303 5319 1492 5372 fuerat
1518 5317 1575 5371 in
1615 5317 1754 5373 cmlo
1785 5321 1997 5382 creata,

360 5391 517 5448 unde
546 5389 772 5446 cecidit.

433 5461 863 5534 (liO)Quinque
917 5458 1068 5534 Gali.
1138 5461 1303 5534 cod.,g
1341 5461 1662 5530 conﬁrmata
1708 5463 1998 5534 sententia,

363 5530 608 5587 Scienlia
662 5540 739 5584 est
769 5530 1097 5601 disciplinis
1145 5533 1460 5600 intelligere
1507 5535 1670 5586 etiam
1719 5533 2002 5587 obscurum

362 5617 687 5673 sermonem,
714 5605 821 5656 etc.
859 5601 1087 5673 Reliqui
1122 5619 1264 5658 mss.
1315 5609 1372 5658 et
1417 5609 1636 5658 cuncta:
1673 5604 1812 5657 edit.
1847 5608 1910 5657 ut
1943 5604 1998 5657 in

362 5677 548 5740 textu,
581 5671 690 5730 nisi
725 5673 878 5746 quod
911 5671 1074 5730 Rom.
1110 5673 1246 5730 LXX
1277 5674 1488 5747 Interp.
1526 5675 2000 5749 reposuit,diclio-

2105 4663 2321 4719 latione
2349 4659 2592 4715 Joannis
2628 4677 2639 4713 :
2674 4683 2700 4707 ‹‹
2740 4659 2914 4714 Foras
2938 4677 3112 4716 canes
3143 4664 3200 4715 et
3231 4661 3518 4716 veneficos
3549 4661 3607 4713 et
3636 4656 3745 4711 im-

2108 4750 2350 4823 pudicos
2381 4749 2559 4819 (Apoc.
2593 4765 2732 4816 xxu,
2774 4748 2887 4814 15);
2918 4770 2944 4799 »
2981 4749 3197 4820 quibus
3248 4748 3600 4820 ﬂagitiorum
3647 4761 3748 4799 cu-

2107 4840 2347 4913 piditas,
2378 4841 2433 4892 et
2463 4853 2655 4909 aerugo
2687 4837 2944 4907 pecuniae
2978 4853 3178 4892 aurem
3209 4835 3463 4891 obstruit
3508 4832 3747 4888 audien-

2109 4929 2188 4983 di.
2239 4927 2687 4983 Consideremus
2737 4926 2916 4997 igitur
2963 4942 3089 4996 quae
3139 4923 3376 4980 audisse
3423 4939 3486 4978 se
3533 4921 3750 4985 dicant,

2107 5017 2193 5072 vel
2227 5036 2260 5073 a
2289 5016 2504 5089 quibus
2537 5014 2831 5070 audivisse
2862 5015 3339 5069 commemorent.

2108 5192 2204 5230 nes
2248 5176 2576 5244 prudentiaz,
2613 5175 2709 5229 ubi
2753 5178 2966 5228 cmterae
3016 5177 3189 5244 atque
3237 5188 3404 5244 mss.,
3454 5170 3752 5244 dictionum

2108 5243 2487 5320 prudentiam.
2521 5246 2765 5320 Adverfe
2789 5249 2982 5320 autem
3008 5243 3294 5310 dictiones,
3329 5243 3622 5320 interdum
3667 5243 3754 5320 (ot

2110 5315 2255 5375 forte
2287 5319 2395 5373 hoc
2422 5319 2547 5388 ipso
2575 5316 2720 5388 loco)
2743 5316 2906 5388 fidem
2941 5332 3146 5388 sonare
3176 5332 3243 5371 ac
3271 5315 3514 5380 oracula,
3549 5319 3611 5369 ut
3651 5315 3750 5369 do-

2111 5395 2200 5446 cet
2229 5389 2370 5444 illud
2406 5387 2697 5442 e’Pacuvii
2734 5387 3076 5458 fragmentis
3110 5405 3122 5442 :

2206 5495 2377 5552 Flexa,
2410 5506 2517 5541 non
2550 5492 2700 5549 falsa,
2732 5497 3011 5542 autumare
3042 5493 3204 5543 dictio
3235 5493 3447 5558 Delphis
3477 5492 3626 5541 solet.

2183 5603 2293 5671 (41)
2328 5601 2492 5654 Rom.
2521 5599 2656 5654 edit.
2691 5598 2834 5664 sola,
2869 5600 3005 5655 Nam
3035 5603 3385 5671 cogitationes
3413 5617 3542 5657 suas
3585 5597 3758 5653 menti

2113 5674 2368 5740 hominis,
2401 5675 2508 5727 etc.
