4146 6190
343 297 354 312 ’
451 318 613 390 ius

1916 323 1983 389 S.
2026 311 2400 388 AMBROSII

3699 307 3854 381 «an

513 460 573 516 5.
622 479 653 509 «
710 457 779 515 Et
834 457 1044 529 patres,
1095 457 1310 532 inquit,
1363 459 1544 516 nostri
1597 460 2095 516 annuntiaverunt
2122 457 2177 523 Α
2206 457 2563 532 principium
2609 456 2837 512 viarum
2885 470 3129 514 suarum
3175 454 3236 511 in
3291 469 3464 529 opera
3513 471 3625 512 sua
3669 456 3849 526 (Prov.

442 544 639 604 nobis.
702 570 730 597 »
789 545 895 612 Qui
954 551 1094 603 sunt
1151 548 1245 604 isti
1308 554 1500 620 patres
1571 549 1800 605 nostri?
1857 549 2090 604 Titulus

448 635 626 691 habet
654 636 796 705 quia
823 636 1089 707 psalmus
1122 637 1256 692 filiis
1305 641 1445 694 Core
1491 639 1745 710 scriptus
1775 639 1883 703 sit;
1917 645 1983 694 ut
2019 640 2092 695 ab

441 723 591 795 ipsis
633 729 876 780 canatur
921 725 1023 796 qui
1074 727 1360 797 psallendi
1399 743 1614 783 munus
1644 731 2002 798 receperant,
2035 732 2094 782 et

439 813 503 868 in
531 813 874 884 hujusmodi
897 815 1155 870 ofﬁcium
1182 816 1411 871 fuerant
1430 816 1863 887 deputati.Core
1894 821 2091 872 autem

442 906 501 958 et
529 901 756 958 Dathan
787 907 843 957 et
872 903 1087 958 Abiron
1120 920 1255 959 cum
1287 904 1416 960 aliis
1443 905 1542 976 qui
1576 906 1888 960 adversum
1933 904 2091 976 Moy-

425 1003 549 1046 sen
599 995 665 1046 et
718 991 908 1046 Aaron
965 993 1403 1048 insurrexerunt
1473 995 1667 1049 studio
1737 994 2089 1060 contumaci,

439 1077 615 1135 terra
649 1075 811 1134 hiatu
843 1080 903 1134 in
934 1081 1162 1137 deserto
1190 1082 1373 1136 vorati
1422 1087 1561 1137 sunt
1603 1087 1659 1138 et
1705 1083 1915 1137 necati.
1951 1082 2092 1146 Qui-

447 1166 560 1224 bus
591 1167 826 1233 mortui,
862 1169 960 1240 qui
991 1169 1086 1226 alii
1120 1175 1314 1240 patres
1361 1188 1562 1226 eorum
1615 1171 1751 1226 filiis
1803 1171 2095 1226 mirabilia

451 1270 628 1326 opera
649 1257 879 1312 Domini
905 1258 1256 1314 annuntiare
1289 1261 1644 1328 potuerunt?
1665 1262 1721 1316 in
1749 1259 2091 1315 malevolam

451 1342 610 1400 enim
642 1341 902 1402 animam
934 1363 1050 1401 non
1083 1347 1409 1419 ingreditur
1441 1347 1817 1420 sapientia.Si
1844 1350 1932 1404 sui
1957 1365 2093 1421 ergo

453 1432 649 1506 patres
722 1449 838 1490 non
910 1436 1381 1492 annuniaverunt
1447 1435 1605 1502 filiis,
1666 1437 1836 1492 alieni
1909 1437 2094 1493 multo

453 1523 672 1591 minus,
703 1524 804 1596 qui
835 1524 1203 1580 declinarunt
1250 1525 1507 1580 sobolem
1559 1527 1934 1597 perfidorum.
1987 1527 2094 1592 Qui

448 1615 592 1672 sunt
630 1613 839 1685 itaque
889 1613 986 1668 isti
1033 1614 1271 1684 patres?
1295 1614 1439 1668 Vide
1487 1631 1560 1669 ne
1606 1614 1713 1680 illi,
1765 1615 1835 1669 de
1881 1615 2096 1686 quibus

361 1755 366 1758 .
447 1703 674 1759 dictum
732 1705 821 1758 est
853 1719 865 1756 :
903 1704 1264 1774 «Interroga
1310 1708 1533 1773 patrem
1579 1711 1766 1771 tuum,
1815 1704 1940 1776 ipse
1991 1704 2096 1760 tibi

449 1790 605 1845 dicet
633 1792 808 1855 (Deut.
849 1807 1030 1853 xxxn,
1085 1791 1161 1860 7).
1224 1812 1250 1838 »

451 1873 699 1932 Paulum
733 1893 747 1930 :
779 1878 868 1933 vel
917 1878 965 1933 si
1015 1893 1130 1933 non
1179 1878 1342 1950 legis,
1396 1883 1452 1934 et
1510 1885 1700 1936 movet
1751 1888 1801 1935 le
1849 1881 2093 1953 aliquid,

453 1966 512 2021 in
544 1966 672 2036 ipso
714 1966 966 2037 require.
1014 1967 1144 2038 Ipse
1199 1972 1288 2022 est
1334 1967 1492 2022 enim
1543 1970 1730 2024 bonus
1779 1973 1960 2040 pater,
1997 1970 2097 2041 qui

452 2058 646 2127 potest
673 2056 879 2110 docere
928 2059 984 2111 et
1027 2057 1279 2110 formare
1318 2056 1378 2111 in
1433 2055 1604 2112 nobis
1654 2046 1967 2114 Dominum
1998 2059 2097 2114 Je-

451 2141 620 2212 sum;
649 2141 807 2199 sicut
837 2143 962 2215 ipse
991 2147 1241 2200 testatus
1271 2150 1360 2200 est
1387 2145 1588 2200 dicens
1621 2164 1632 2201 :
1667 2169 1694 2195 «
1728 2145 1913 2202 Filioli
1963 2149 2097 2212 mei,

2199 565 2323 615 vni,
2353 548 2464 615 22).
2509 570 2534 595 ››
2566 546 2728 602 Sicut
2757 545 2912 601 enim
2945 545 3001 600 in
3035 546 3247 601 diebus
3278 544 3421 602 Ozize
3455 545 3637 617 regis,
3696 550 3754 600 et
3797 546 3853 601 in

2201 637 2409 692 diebus
2433 635 2972 690 Nabuchodonosor
2999 639 3198 690 exorta
3229 634 3470 706 perfidia
3499 639 3614 698 est,
3666 635 3855 689 domi-

2200 731 2338 779 nata
2368 724 2710 795 captivitas;
2746 723 2829 778 sic
2860 723 2919 778 in
2952 724 3159 779 diebus
3191 723 3419 778 Domini
3468 722 3613 778 Jesu
3664 730 3861 778 exorta

2201 819 2294 870 est
2318 814 2484 880 fides,
2519 829 2646 884 quae
2679 813 3050 884 splendorem
3103 829 3225 868 sua;
3269 812 3556 868 claritatis
3585 816 3649 867 et
3679 811 3858 867 lumi-

2201 903 2294 957 nis
2325 907 2444 958 toto
2483 902 2620 957 orbe
2660 901 2956 956 diffundit.
3015 901 3124 965 Qui
3169 901 3324 956 enim
3374 900 3656 956 meliores
3709 901 3858 958 888

2201 992 2349 1056 dies,
2381 1007 2555 1063 quam
2591 991 2806 1062 quibus
2855 989 3083 1045 refulsit
3138 989 3304 1045 nobis
3351 989 3496 1046 visio
3521 989 3671 1051 'Dei;
3707 991 3858 1046 sicut

2201 1081 2348 1135 dixit
2377 1080 2597 1135 Jacob‘?
2627 1079 2722 1134 Sic
2753 1079 2910 1134 enim
2945 1079 3230 1151 scriptum
3262 1084 3350 1134 est
3382 1096 3394 1132 :
3432 1101 3461 1128 «
3505 1079 3634 1134 Vidi
3668 1079 3856 1136 Deum

2202 1169 2349 1224 facie
2379 1169 2450 1224 ad
2484 1169 2714 1233 faciem,
2748 1172 2808 1224 et
2837 1167 2994 1223 salva
3048 1169 3198 1223 facta
3229 1173 3315 1223 est
3346 1168 3542 1222 anima
3579 1185 3734 1224 mea.
3785 1169 3856 1225 Et

2202 1258 2480 1312 continuo
2532 1263 2768 1312 exortus
2821 1262 2908 1312 est
2955 1257 3039 1311 scl
3085 1257 3238 1327 (Gen.
3287 1271 3466 1323 xxvn,
3496 1257 3786 1327 309131).
3830 1284 3850 1310 ι

2200 1345 2341 1409 Quis
2372 1346 2481 1401 iste
2514 1346 2620 1410 sol,
2665 1345 2778 1401 nisi
2829 1345 2924 1417 qui
2977 1345 3101 1400 dies
3144 1344 3277 1399 fecit
3321 1345 3544 1417 fulgere
3586 1345 3858 1414 justitiae,

2204 1435 2418 1506 quibus
2477 1434 2536 1488 in
2587 1437 2741 1489 terra
2791 1436 2965 1489 natus
3021 1437 3114 1489 est
3161 1433 3430 1490 Christus
3459 1450 3529 1489 ex
3570 1433 3858 1507 Virgine?

2207 1525 2268 1579 In
2295 1523 2489 1594 specie
2535 1523 2681 1592 vidit
2726 1522 2930 1588 Jacob,
2983 1527 3041 1577 et
3087 1522 3269 1578 Deum
3319 1522 3539 1578 vidisse
3572 1539 3639 1579 se
3673 1524 3854 1580 dixit:

2204 1611 2264 1667 in
2313 1611 2550 1667 veritate
2597 1611 2870 1667 viderunt
2924 1610 3129 1675 Judaei,
3182 1616 3238 1666 et
3286 1628 3398 1666 non
3460 1611 3855 1670 crediderunt.

2205 1701 2336 1756 Ideo
2387 1699 2504 1755 illis
2561 1699 2801 1755 breviati
2853 1702 2991 1755 sunt
3041 1699 3186 1766 dies,
3252 1701 3423 1756 nobis
3496 1700 3854 1770 illuminati;

1311 1792 1605 1862 Interroga
1663 1791 1895 1864 quando
1951 1793 2097 1864 legis
2126 1822 2175 1887 B
2206 1787 2621 1887 quoniam-illis
2643 1788 2954 1844 deficiebat
2976 1788 3856 1887 dies,npbis‘appmpinquabat.

2205 1878 2367 1934 Unde
2397 1877 2704 1934 Judaicam
2737 1881 2978 1933 sanctus
3010 1877 3188 1932 David
3225 1877 3520 1951 refugiens
3541 1879 3856 1936 caecitatem

2207 1967 2288 2021 ait
2320 1984 2333 2022 :
2369 1990 2396 2015 «
2429 1968 2510 2022 Ne
2541 1967 2796 2022 deducas
2829 1982 2924 2022 me
2966 1967 3025 2021 in
3073 1966 3385 2021 dimidium
3433 1967 3663 2022 dierum
3714 1985 3858 2024 meo.

2208 2073 2339 2111 rum
2371 2057 2546 2127 (Psal.
2578 2072 2652 2122 cr,
2686 2057 2797 2122 25).
2855 2078 2882 2102 ι)
2933 2055 3031 2111 Sic
3079 2057 3236 2110 enim
3287 2055 3415 2112 dies
3465 2057 3689 2112 Domini
3720 2073 3856 2114 ma-

2209 2161 2362 2216 gnus
2383 2149 2439 2199 et
2468 2143 2716 2200 illustris
2728 2143 3048 2216 est,utique
3072 2161 3183 2199 non
3205 2143 3540 2218 (prolixitate
3553 2147 3851 2216 temporis,

453 2249 602 2304 quos
630 2248 736 2304 ego
769 2232 1028 2304 parturio
1051 2233 1235 2288 donec
1255 2233 1539 2289 formetur
1557 2233 1825 2290 Christus
1859 2238 1916 2290 in
1937 2239 2101 2294 vobis
2209 2233 2311 2288 sed
2333 2232 2578 2304 justitia
2607 2233 2693 2287 vel
2725 2233 2923 2304 gratia:
2955 2232 3241 2288 claritate.
3279 2233 3430 2305 Ergo
3461 2239 3603 2288 sunt
3632 2234 3855 2290 dimidii

455 2321 657 2391 ('Gatat.
710 2338 784 2387 1v,
831 2321 940 2390 49).
978 2343 1004 2368 υ
1041 2322 1311 2377 Ostendit
1356 2323 1460 2377 tibi
1513 2322 1618 2378 hos
1670 2329 1865 2395 patres
1913 2326 2098 2382 Evan-

453 2408 670 2482 gelista
721 2409 996 2474 Joannes,
1046 2409 1145 2482 qui
1203 2411 1328 2466 ait:
1365 2432 1386 2460 ι
1440 2411 1578 2467 Dico
1636 2413 1819 2478 vobis,
1881 2419 2096 2486 patres,

459 2497 562 2569 qui
593 2497 945 2567 cognovislis
993 2513 1126 2552 eum
1179 2499 1280 2570 qui
1328 2504 1416 2554 est
1463 2500 1534 2554 ab
1585 2500 1750 2555 initio
1776 2501 1820 2570 (I
1846 2505 2002 2558 Joan.
2037 2521 2099 2574 ιι,

465 2587 572 2658 15).
608 2607 637 2636 ››
669 2585 768 2642 isti
813 2591 954 2642 sunt
1000 2590 1215 2658 patres,
1248 2604 1500 2658 quorum
1545 2596 1818 2646 senectus
1846 2591 1963 2647 vita
1994 2593 2101 2648 im-

2211 2322 2356 2386 dies,
2399 2323 2614 2394 quibus
2659 2321 2995 2377 breviantur
3041 2321 3166 2377 dies
3215 2321 3539 2394 impietatis
3585 2321 3854 2395 caligine,

2210 2416 2269 2466 et
2317 2410 2587 2483 squalore
2634 2410 2912 2482 perﬁdiae,
2959 2411 3181 2483 quibus
3232 2434 3262 2460 «
3313 2412 3527 2467 occidit
3557 2411 3643 2468 sol
3693 2429 3858 2486 super

2211 2499 2525 2571 prOphetas
2555 2500 2732 2568 (Mich.
2768 2516 2853 2564 III,
2882 2500 2960 2565 6),
2998 2522 3024 2548 »
3057 2498 3207 2554 sicut
3229 2499 3518 2571 scriptum
3551 2506 3661 2556 est.
3694 2502 3855 2556 Nam-

2211 2605 2326 2659 que
2375 2591 2440 2643 ut
2479 2587 2661 2659 justis
2692 2589 2878 2643 oritur
2923 2586 3307 2658 soljustitize;
3341 2587 3428 2644 sic
3473 2589 3685 2645 occidit
3737 2589 3855 2644 infi-

457 2673 753 2731 maculata
775 2680 884 2731 est.
917 2676 1052 2732 ideo
1100 2675 1157 2730 in
1207 2682 1493 2732 conventu
1547 2679 1842 2735 seniorum
1878 2697 2104 2754 appone
2214 2675 2465 2731 delibus.

444 2763 708 2836 digitum
740 2765 825 2820 ori
855 2769 977 2832 tuo,
1011 2769 1078 2820 ut
1105 2765 1313 2820 audias
1343 2766 1498 2836 quod
1531 2766 1638 2822 tibi
1671 2769 1872 2839 prosit,
1888 2773 1945 2825 et
1973 2771 2102 2826 vitae

457 2855 682 2909 internae
709 2859 1078 2910 sacramenta
1103 2869 1423 2926 cognoscas
1456 2872 1469 2910 :
1504 2870 1576 2910 ne
1606 2856 1985 2930 interstrepas
2016 2859 2103 2914 in-

455 2941 657 2997 solens
704 2941 813 2997 tiro
861 2942 1233 3008 doctoribus;
1267 2947 1324 2997 et
1368 2942 1469 3014 qui
1517 2944 1711 2999 adhuc
1756 2946 1977 3002 discere
2005 2949 2105 3003 de-

2282 2766 2336 2819 7.
2371 2765 2482 2820 Sed
2515 2766 2767 2821 occurrit
2797 2765 2941 2821 illud
2975 2767 3116 2838 quia
3147 2765 3288 2821 dicit
3327 2766 3619 2823 Dominus
3649 2785 3704 2823 :«
3729 2768 3860 2824 Pro-

2213 2856 2344 2923 pter
2385 2852 2597 2909 electos
2648 2854 3072 2910 breviabuntur
3100 2854 3226 2909 dies
3257 2854 3466 2924 (Matth.
3501 2872 3658 2922 XXIX,
3691 2859 3800 2926 22).
3831 2881 3856 2907 η

2216 2941 2286 2996 Et
2314 2941 2544 2997 videtur
2573 2942 2954 3007 contrarium,
2988 2943 3105 2998 nisi
3134 2942 3445 3016 diligenter
3469 2945 3761 3012 advertas,
3811 2953 3864 3002 et

455 3030 621 3096 beas,
653 3030 844 3086 dicere
878 3046 1198 3101 praesumus
1228 3032 1360 3100 (42).
1395 3033 1541 3096 Quid
1572 3032 1752 3102 igitur
1788 3033 1883 3089 isti
1916 3040 2107 3106 patres
2217 3030 2519 3102 superiora
2547 3035 2776 3102 repetas
2803 3049 2815 3098 ;
2853 3032 2995 3088 dicit.
3019 3032 3175 3087 enim
3211 3033 3494 3088 Dominus
3531 3051 3544 3088 :
3581 3057 3611 3082 η
3635 3038 3788 3090 Tunc
3814 3036 3864 3091 si

459 3118 938 3175 annuntiaverint
965 3120 1108 3175 Core
1143 3119 1279 3174 filiis
1308 3119 1642 3175 audiamus.

2221 3119 2354 3189 quis
2384 3119 2547 3174 vobis
2578 3120 2792 3175 dixerit
2825 3138 2837 3174 :
2873 3121 3015 3176 Ecce
3037 3119 3131 3175 hic
3151 3119 3550 3186 Christus,aut
3572 3138 3705 3178 ecce
3727 3122 3862 3191 illic,

539 3207 594 3260 6.
630 3229 658 3256 ‹‹
688 3207 870 3278 Opus,
902 3207 1113 3278 inquit,
1161 3206 1315 3276 quod
1365 3211 1638 3277 operatus
1686 3223 1748 3262 es
1796 3207 1855 3262 in
1904 3209 2109 3267 diebus
2133 3184 2184 3251 (ἶ
2223 3184 2403 3262 nolite
2433 3208 2944 3281 credere.Surgent
2964 3209 3119 3264 enim
3147 3184 3576 3280 pseudochristi
3610 3215 3666 3265 et
3696 3184 3870 3283 pseu-

469 3295 788 3367 antiquis.»
815 3294 923 3358 Qui
953 3294 1073 3348 sint
1102 3293 1200 3348 isti
1227 3293 1351 3348 dies
1381 3292 1440 3347 in
1475 3293 1689 3364 quibus
1720 3299 1872 3352 Deus
1902 3314 2118 3372 magna
2224 3295 2616 3367 doprophetaa,
2640 3302 2697 3351 et
2716 3297 2944 3352 dabunt
2973 3297 3140 3369 signa
3173 3313 3388 3370 magna
3416 3301 3473 3352 et
3501 3297 3874 3370 prodigia;ita

470 3387 531 3438 et
580 3382 1194 3452 mirabiliaoperalus
1245 3382 1340 3448 sit,
1383 3382 1771 3453 requiramus.
1827 3387 1896 3441 Et
1950 3389 2116 3444 docet
2225 3386 2378 3438 utin
2410 3401 2660 3440 errorem
2684 3386 3113 3450 inducantur,si
3141 3387 3265 3441 fieri
3285 3387 3666 3457 potest,etiam
3691 3387 3872 3444 electi

473 3486 581 3524 nos
611 3470 913 3541 Scriptura
940 3479 1069 3526 esse
1094 3469 1323 3541 aliquos
1345 3470 1652 3542 praeclaros
1671 3472 1796 3528 dies
1819 3473 1874 3528 in
1899 3476 2114 3545 quibus

2224 3473 2382 3542 (Ibid.
2413 3476 2484 3527 23
2509 3480 2562 3528 et
2589 3475 2700 3546 24).
2749 3497 2798 3522 »-
2824 3475 2893 3529 Et
2946 3475 3072 3529 ideo
3122 3491 3193 3530 ne
3252 3475 3610 3547 decipiantur
3664 3474 3876 3546 electi,

465 3557 807 3614 refulsarint
857 3559 1014 3614 facta
1070 3558 1302 3625 divina;
1361 3576 1496 3614 cum
1553 3559 1768 3616 lectum
1825 3563 1921 3628 sit,
1975 3566 2113 3636 quia
2221 3563 2497 3618 admonet
2546 3563 2830 3618 Dominus
2879 3562 3019 3634 quid
3069 3565 3438 3634 sequendum
3471 3566 3582 3626 sit;
3633 3569 3700 3618 ut
3754 3582 3874 3621 non

469 3646 705 3704 «solin
733 3648 1006 3704 tenebras
1035 3652 1422 3712 convertetur,
1472 3654 1526 3703 et
1573 3649 1714 3704 luna
1759 3651 1817 3704 in
1866 3654 2109 3724 sangui-

2222 3648 2500 3705 falsorum
2531 3651 2947 3722 prophetarum
2998 3667 3269 3706 sermone
3319 3656 3642 3724 capiamur,
3679 3671 3872 3724 neque

465 3739 624 3802 nem,
674 3736 1017 3808 priusquam
1063 3735 1258 3791 veniat
1299 3737 1424 3792 dies
1475 3737 1704 3792 Domini
1755 3755 2007 3810 magnus
2051 3748 2110 3799 et
2220 3755 2326 3793 nos
2354 3755 2557 3794 eorum
2589 3738 2788 3810 aliqua
2816 3739 3149 3812 prodigiosa
3191 3740 3344 3796 facta
3388 3741 3736 3812 decipiant:
3771 3743 3874 3797 sed

460 3824 732 3881 illustris.
783 3826 851 3880 Et
891 3825 1028 3891 erit,
1088 3824 1424 3896 quicunque
1462 3827 1834 3881 .invocaverit
1892 3846 2105 3886 nomen
2216 3833 2356 3882 tunc
2376 3828 2684 3884 credamus
2713 3828 3011 3883 Christum
3043 3845 3172 3883 esse
3202 3833 3539 3895 venturum,
3574 3846 3713 3886 cum
3743 3831 3874 3886 dies

457 3913 943 3981 Bomini,saivus
986 3914 1096 3969 erit
1141 3914 1292 3983 (Joel.
1344 3932 1405 3979 ιι,
1455 3915 1516 3969 31
1569 3924 1619 3969 ει
1664 3915 1776 3985 32).
1814 3938 1841 3965 ››
1875 3918 1936 3971 lu
1978 3918 2104 3990 ipso
2215 3916 2372 3987 pleni
2425 3917 2665 3987 justitiw
2724 3917 3002 3988 cmperint
3050 3916 3355 3989 refulgere.
3387 3917 3663 3973 Christus
3713 3920 3873 3975 enim

447 4004 616 4061 enim
665 4003 762 4058 die
797 4003 1076 4058 Christus
1123 4003 1464 4059 hominibus
1507 4005 1846 4070 resurrexit,
1875 4012 1932 4060 et
1975 4007 2103 4063 ideo
2211 4005 2382 4075 pleno
2418 4006 2740 4075 majestatis
2770 4021 2888 4061 eum
2940 4005 3162 4060 lumine
3191 4005 3585 4069 revelabitur;
3619 4013 3678 4062 et
3712 4007 3870 4063 sicut

452 4092 787 4165 specialiter
815 4093 885 4147 de
917 4092 1044 4163 ipso
1073 4091 1294 4146 dictum
1323 4098 1412 4147 est
1448 4108 1458 4145 :
1491 4091 1594 4148 Hic
1623 4097 1713 4148 est
1752 4093 1877 4149 dies
1926 4111 2100 4165 quem

451 4181 591 4238 fecit
617 4181 904 4238 Dominus
939 4199 952 4236 :
983 4179 1345 4236 exsultemus
1376 4186 1432 4236 et
1465 4180 1727 4236 lzetemur
1756 4181 1814 4235 in
1842 4185 2096 4253 eo(Psal.

442 4287 588 4334 om,
620 4271 731 4341 24').
759 4292 789 4320 »
817 4271 964 4324 Cum
1003 4269 1186 4341 igitur
1243 4286 1446 4324 omnes
1503 4270 1628 4325 dies
1677 4271 1830 4325 Deus
1879 4272 2096 4342 fecerit,

452 4357 590 4413 huic
621 4361 816 4412 tamen
849 4357 963 4412 diei
997 4374 1110 4430 pra)
1145 4358 1372 4414 'caeteris
1420 4357 1599 4412 divini
1647 4360 1841 4429 operis
1885 4377 2099 4432 praero-

443 4445 648 4518 gativa
675 4445 866 4501 delata
895 4450 1002 4512 est,
1036 4463 1153 4518 quo
1201 4451 1502 4518 peceatum
1563 4463 1738 4502 omne
1795 4448 2095 4504 sublatum

2212 4093 2408 4165 fulgur
2435 4095 2551 4149 exit
2580 4094 2652 4148 ab
2679 4095 2918 4159 oriente,
2953 4099 3010 4148 et
3040 4098 3160 4150 toto
3199 4093 3400 4149 lumen
3447 4112 3627 4151 suum
3677 4113 3869 4169 usque

2210 4182 2268 4237 in
2301 4182 2657 4238 occidentem
2702 4184 2842 4238 orbe
2891 4182 3202 4247 diffundit;
3243 4181 3330 4237 sic
3361 4187 3420 4238 et
3449 4182 3634 4240 Filius
3669 4185 3872 4240 homi-

2211 4272 2302 4326 nis
2359 4287 2492 4326 cum
2543 4271 2667 4327 suis
2725 4270 2950 4343 angelis
2995 4271 3233 4326 veniens
3282 4270 3646 4327 illuminabit
3703 4272 3870 4328 hunc

2209 4361 2525 4425 mundum;
2579 4365 2646 4415 ut
2690 4359 2888 4415 credat
2933 4359 3127 4414 omnis
3174 4359 3372 4424 homo,
3432 4365 3492 4415 et
3545 4360 3709 4416 salva
3759 4361 3875 4416 ﬁat

2207 4449 2400 4504 omnis
2447 4465 2599 4504 caro.
2651 4448 2775 4503 Non
2828 4464 2964 4519 ergo
3015 4448 3326 4503 credamus
3374 4448 3765 4515 Antichristo,
3801 4449 3874 4505 de

449 4533 726 4590 estuDies
756 4539 950 4590 autem
985 4534 1083 4590 alii
1117 4540 1485 4606 peccatorum
1519 4541 1674 4590 sunt.
1713 4537 1814 4591 llic
1842 4550 1978 4609 ergo
2009 4543 2098 4593 est
2126 4547 2173 4612 Ι)
2207 4555 2321 4609 quo
2347 4538 2540 4593 dicent
2570 4536 2698 4592 falsi
2729 4537 3025 4608 prophetae
3060 4535 3206 4592 :-Hic
3255 4540 3346 4591 est
3371 4536 3687 4602 Christus;
3742 4540 3875 4595 dies

423 4621 573 4679 dies
601 4638 777 4694 quem
807 4622 1165 4678 illuminavit
1192 4622 1289 4678 Sol
1320 4623 1416 4677 ille
1439 4623 1855 4693 justitiae.Nam
1885 4631 1944 4680 et
1967 4626 2094 4697 ipsa

446 4716 614 4768 ortus
628 4728 769 4769 suos
788 4717 850 4768 et
864 4728 1110 4767 occasus
1131 4711 1344 4767 habere
1374 4713 1863 4769 consuevit.Unde
1883 4719 1939 4770 et
1961 4716 2091 4770 scri-

421 4805 611 4872 ptum
641 4806 734 4856 est
765 4818 778 4856 :
811 4825 832 4849 ι
863 4800 1095 4856 Orietur
1141 4801 1200 4854 in
1251 4800 1457 4855 diebus
1489 4801 1616 4871 ejus
1652 4802 1887 4870 justitia
1916 4805 2086 4873 (Paul.

443 4903 595 4956 m1,
627 4889 896 4960 7).»Sunt
921 4903 1060 4959 ergo
1080 4887 1215 4944 dies
1245 4887 1459 4943 Christi
1483 4889 1698 4960 quibus
1719 4891 2090 4960 brtajustitia

442 4983 702 5034 estzsunt
731 4977 854 5032 dies
876 4976 1090 5033 Christi
1113 4977 1329 5048 quibus
1350 4982 1476 5032 orta
1495 4983 1585 5033 est
1606 4979 1766 5049 pacis
1788 4979 2089 5034 abundan-

440 5067 523 5123 tia
551 5085 563 5122 :
599 5071 738 5123 sunt
766 5067 894 5122 dies
924 5065 1135 5122 Christi
1165 5067 1380 5137 quibus
1413 5073 1540 5121 orta
1575 5067 1880 5138 sapientia.
1935 5069 2084 5123 Audi

431 5157 731 5227 quomodo
764 5155 1070 5210 exoriatur
1117 5155 1404 5228 sapientia
1438 5174 1449 5210 :
1487 5179 1512 5205 ‹‹
1566 5156 1625 5210 Si
1676 5156 1809 5228 quis
1858 5157 2086 5212 videtur

438 5245 672 5317 sapiens
701 5261 827 5302 esse
859 5245 1010 5299 inter
1037 5260 1138 5300 vos
1162 5244 1219 5299 in
1257 5245 1360 5301 hoc
1391 5243 1851 5310 saeculo,stultus
1885 5246 2084 5312 fiat,ut

437 5333 513 5386 sit
541 5334 776 5405 sapiens
809 5335 853 5403 (I
882 5334 1001 5388 Cor.
1039 5352 1119 5388 ιιι.
1160 5335 1264 5404 13).
1303 5335 1405 5389 »Ει
1438 5335 1563 5390 ideo
1593 5335 1737 5389 dicit
1764 5335 2078 5406 Sapientia,

2203 4626 2358 4681 enim
2390 4625 2665 4696 perﬁdiae,
2695 4628 2870 4680 erunt
2897 4623 3241 4679 Antichristi
3290 4623 3436 4679 dies.
3481 4625 3607 4680 Non
3664 4628 3873 4683 creda~

2202 4730 2336 4769 mus
2367 4714 2439 4769 iis
2467 4714 2565 4785 qui
2597 4714 2794 4768 dicent
2825 4730 2836 4768 :
2870 4711 3139 4769 Christus
3185 4713 3244 4766 in
3296 4713 3556 4781 deserto,
3590 4713 3872 4772 Christus

2197 4803 2258 4857 in
2291 4802 2717 4875 penetralibus;
2743 4803 2869 4872 jam
2901 4801 3057 4857 enim
3089 4801 3287 4857 omnia
3307 4801 3482 4873 plena
3505 4808 3648 4859 sunt
3667 4804 3877 4861 Chris-

2197 4893 2261 4958 ti,
2299 4891 2393 4946 ubi
2444 4890 2916 4963 appropinquare
2962 4891 3203 4962 cceperi-t
3245 4889 3540 4947 Christus.
3577 4893 3694 4948 Sed
3729 4909 3871 4949 cum

2196 4981 2514 5036 viderimus
2562 4980 2714 5034 facta
2763 4996 2892 5050 qua;
2943 4978 3210 5034 Christus
3259 4980 3318 5034 in
3371 4980 3697 5053 Evangelio
3761 5001 3872 5039 suo

2195 5075 2329 5124 aute
2360 5069 2641 5140 praedixit,
2671 5073 2810 5122 tunc
2850 5067 3160 5123 credamus
3212 5069 3342 5139 ejus
3389 5068 3762 5139 adventum;
3801 5087 3872 5127 ne

2194 5159 2335 5212 dum
2363 5173 2566 5212 verum
2599 5155 2919 5228 querimus
2949 5153 3551 5226 lumen,intidelitatis
3581 5161 3868 5218 tenebras

2199 5246 2552 5302 incidamus.

2261 5337 2313 5389 8.
2347 5334 2611 5390 Cavenda
2640 5349 2776 5405 ergo
2807 5333 2975 5406 signa
3007 5333 3280 5405 perfidiae,
3315 5335 3541 5405 quibus
3573 5337 3855 5393 breviari-

435 5422 763 5491 quaestulla
783 5422 954 5477 istius
978 5423 1180 5478 mundi
1203 5423 1732 5494 elegitzubominus
1753 5423 1966 5480 creavit
1986 5440 2080 5481 me
2190 5428 2287 5478 tur
2324 5424 2450 5478 dies
2479 5427 2652 5494 atque
2695 5422 3062 5477 minuuntur.
3096 5421 3188 5476 Sol
3211 5421 3376 5477 enim
3407 5423 3858 5488 obseurabitur,

505 5653 616 5724 (42)
649 5652 816 5711 Rom.
848 5653 1011 5721 edit.,
1044 5654 1228 5713 docere
1253 5668 1580 5727 praesumas.
