4112 6190
323 269 480 338 ius

1392 261 1848 330 ENARRA'I‘IO
1881 258 1970 322 -ΙΝ
2007 255 2393 322 PSALMUM
2439 255 2645 322 XLIII.

3562 249 3717 318 1146

319 405 502 464 stellis
534 403 764 472 cadent,
793 404 903 462 hoc
941 407 1048 473 est,
1100 402 1250 476 justi
1306 399 1407 458 Dei
1434 418 1447 467 ;
1479 402 1618 456 sunt
1643 397 1801 454 enim
1862 392 1964 467 qui
1990 389 2047 458 Α
2076 408 2329 448 scamus.
2361 392 2568 448 Vetera
2593 391 2720 449 dico
2748 389 3048 456 vocabula,
3099 389 3200 449 sed
3249 390 3528 464 mysteria
3549 408 3714 449 nova.

317 494 584 567 fulgeant
641 494 793 551 sicut
845 492 1022 549 stellis
1079 487 1141 549 in
1168 491 1332 548 ccelo.
1363 491 1508 546 Cum
1567 488 1688 544 haec
1725 482 1958 547 videris,

316 585 488 640 crede
520 584 711 639 adhuc
739 581 968 638 tardare
994 581 1332 648 Christum;
1365 580 1464 635 ubi
1498 579 1655 634 enim
1671 577 1960 640 Christus,

310 672 394 727 ibi
425 672 573 727 fides
603 670 847 727 clarior:
880 670 978 724 ubi
1009 670 1220 725 Antich
1235 670 1434 732 ristus,
1470 667 1549 722 ibi
1569 667 1692 722 dies
1711 664 1960 730 dimidii;

313 761 388 816 de
427 761 646 832 quibus
675 760 877 830 utique
907 776 1023 814 non
1054 763 1395 831 quereretur
1423 756 1602 812 David
1659 754 1961 827 propheta,

316 849 366 904 si
423 851 498 904 ad
555 847 834 918 temporis
883 848 1223 903 brevitatem
1282 847 1576 902 videretur
1629 861 1758 900 esse
1818 843 1962 898 refe-

314 937 596 1002 rendum;
631 951 763 991 curn
795 935 930 1007 ipse.
948 935 1084 991 alibi
1117 935 1361 991 dixerit:
1396 957 1425 984 «
1474 935 1596 990 Heu
1654 950 1766 1001 me,
1826 933 1965 1000 quia

317 1026 608 1081 incolatus
639 1039 806 1079 meus
838 1024 1218 1096 prolongatus
1256 1028 1345 1080 est
1373 1025 1544 1094 (Paul.
1604 1040 1755 1089 xxxx,
1812 1021 1901 1092 5)!
1940 1044 1966 1070 ››

320 1113 634 1179 Quomodo
653 1113 812 1168 enim
842 1118 944 1168 aut
964 1112 1132 1170 illum
1161 1113 1408 1168 dilatum
1442 1111 1762 1168 incolatum
1801 1111 1968 1165 coele-

319 1208 492 1271 stem,
517 1205 618 1256 aut
641 1201 793 1256 hunc
817 1205 1112 1257 terrenum
1127 1202 1709 1272 comperendinatum
1724 1200 1965 1265 doleret,

320 1292 422 1363 qui
471 1295 606 1346 ante
638 1294 1092 1362 peposcerat,ne
1140 1291 1198 1345 in
1238 1290 1550 1346 dimidium
1573 1289 1800 1344 dierum
1829 1305 1968 1344 suo-

318 1396 450 1434 rum
483 1379 906 1444 deduceretur;
938 1395 1073 1436 cum
1104 1380 1332 1435 dierum
1377 1378 1627 1434 brevitas
1681 1377 1969 1434 celerandi

319 1481 528 1524 cursus
559 1467 732 1522 istius
768 1468 1182 1538 compendium
1210 1469 1506 1522 videretur
1536 1469 1738 1522 afferre
1761 1467 1788 1521 ‘I
1810 1466 1972 1521 Unde

318 1556 616 1629 colligitur
650 1561 709 1610 et
739 1555 886 1610 illud
917 1552 1070 1626 quod
1106 1556 1228 1612 ait:
1265 1578 1292 1606 «
1349 1557 1580 1611 Honora
1635 1560 1859 1626 patrem
1918 1559 1975 1610 et

321 1649 595 1711 matrem,
627 1647 694 1698 ut
723 1642 1018 1716 longaevus
1055 1645 1135 1700 sis
1167 1661 1344 1718 super
1372 1650 1589 1700 terram
1623 1644 1813 1714 (Exod.
1877 1661 1973 1710 xx,

315 1736 408 1803 12)
434 1750 463 1822 ;7
486 1756 512 1782 »
545 1733 848 1822 quomodo
872 1732 1199 1804 intelligere
1229 1733 1565 1822 debeamus.
1599 1733 1766 1822 Multi
1817 1734 1970 1789 enim
2001 1757 2052 1822 B

321 1822 422 1893 qui
453 1821 767 1886 honorant,
802 1820 915 1876 cito
947 1836 1100 1892 saepe
1143 1821 1474 1892 rapiuntur,
1535 1825 1600 1876 ut
1661 1821 1977 1876 immatura

322 1912 488 1965 atate
526 1909 681 1966 889
747 1908 1110 1975 moriantur;
1161 1908 1332 1964 multi
1382 1909 1567 1965 etiam
1629 1910 1727 1980 qui
1781 1910 1977 1966 minus

323 1998 592 2054 deferunt
623 1995 964 2069 parentibus
995 1997 1138 2064 suis,
1172 1997 1441 2070 longaevae
1461 1999 1738 2054 fruuntur
1755 2000 1976 2070 stipen-

323 2085 436 2142 diis
463 2085 913 2151 senectutis;et
968 2086 1082 2140 nisi
1143 2085 1573 2158 longaevitatem
1631 2087 1793 2143 illam
1849 2088 1979 2142 vita:

327 2173 687 2245 accipiamus
728 2179 972 2239 aeterna,
1032 2174 1329 2230 invenitur
1383 2175 1685 2247 Scriptura
1739 2176 1978 2232 destitui

324 2259 592 2317 subsidio
621 2259 902 2315 veritatis.
939 2260 1103 2317 Unde
1130 2262 1372 2318 Graecus
1420 2266 1754 2336 expressius
1797 2265 1976 2320 dixit:

327 2370 358 2399 ιι
389 2348 464 2404 Ut
489 2348 576 2404 sis
632 2347 957 2404 multorum
1013 2350 1248 2405 dierum
1287 2370 1300 2417 ;
1336 2374 1364 2400 »
1423 2352 1534 2408 hoc
1565 2357 1672 2420 est,
1729 2362 1982 2425 πολυὴμε-

328 2459 424 2506 ρος.
457 2433 843 2504 Quincunque
900 2434 1056 2490 enim
1115 2437 1308 2493 cultus
1365 2438 1494 2510 pios
1523 2440 1732 2496 sedulo
1792 2447 1984 2497 servat

327 2521 539 2591 ofﬁcio,
564 2539 598 2577 a
625 2523 883 2578 tenebris
914 2524 1102 2579 noctis
1144 2524 1395 2592 alienus,
1453 2528 1513 2582 in
1566 2529 1797 2586 dierum
1855 2530 1982 2586 luce

326 2611 687 2668 versatur.Et
707 2610 834 2666 ideo
857 2611 955 2683 qui
982 2611 1123 2684 legit
1150 2615 1663 2672 Deuteronomium
1693 2633 1704 2673 :
1739 2640 1767 2668 «
1789 2619 1982 2691 Leget,

329 2700 544 2772 inquit,
577 2698 723 2754 illud
756 2698 1034 2756 omnibus
1065 2702 1270 2758 diebus
1299 2703 1428 2759 vitae
1461 2721 1580 2760 suae
1610 2707 1786 2776 (Deut.
1846 2725 1981 2773 xvn,

333 2788 461 2858 19);
493 2810 521 2838 »
554 2804 673 2844 non
708 2787 906 2858 utique
937 2790 1228 2858 noctibus,
1262 2793 1362 2847 sed
1395 2792 1603 2850 diebus
1631 2812 1644 2861 ;
1680 2795 1818 2867 quia
1859 2796 1986 2852 dies

327 2874 517 2948 fulget
537 2873 754 2946 legenti
785 2876 1061 2948 mysteria
1089 2877 1370 2946 veritatis,
1399 2884 1460 2936 et
1487 2881 1694 2937 divinas
1751 2884 1985 2954 pietatis

342 2963 596 3019 oracula.
627 2963 1077 3021 Consideremus
1105 2967 1432 3037 sequentia.

397 3052 456 3106 9.
492 3051 678 3123 (Vcrs.
739 3052 821 3120 3.)
845 3077 870 3103 ‹‹
923 3053 1130 3110 Manus
1186 3061 1288 3111 tua
1368 3062 1568 3129 gentes
1612 3060 1982 3133 disperdidit,

2071 483 2383 539 Chananaai
2413 487 2573 546 sunt,
2605 481 2863 549 Chettaei,
2905 486 2962 537 et
3013 480 3356 544 Amorrhmi,
3416 480 3719 545 Pherezeei,

2070 573 2159 628 vel
2189 573 2459 629 Ceretbaai
2489 573 2624 644 (53),
2656 587 2906 643 quorum
2956 571 3108 626 infra
3163 569 3446 627 vocabula
3495 569 3720 640 digere-

2073 679 2228 718 mus.
2264 663 2392 718 Haec
2420 667 2615 717 autem
2655 661 3002 733 populorum
3059 665 3195 716 sunt
3227 661 3465 716 nomina
3491 679 3503 728 ;
3534 660 3635 716 sed
3667 663 3724 714 et

2074 753 2415 824 passionum
2447 752 2839 815 inﬁrmitates,
2874 756 2932 806 et
2986 751 3382 806 humanorum
3433 748 3724 808 incentiva

2074 845 2131 898 et
2160 841 2470 913 opprobria
2501 845 2888 912 peccatorum.
2915 840 3078 906 Quod
3119 840 3377 912 primum
3407 843 3497 894 est
3523 838 3720 908 igitur,

2075 931 2249 985 homo
2282 930 2341 984 in
2370 930 2600 985 Christo
2632 930 2755 999 ipse
2783 947 2847 984 se
2875 929 3123 994 domuit,
3156 933 3214 984 et
3258 928 3394 998 ipse
3451 944 3512 983 se
3565 927 3721 992 vicit,

2077 1025 2144 1074 ut
2170 1020 2279 1075 sibi
2314 1019 2545 1074 viveret.
2577 1018 2696 1074 Sibi
2728 1019 2883 1073 enim
2915 1018 3072 1086 vivit,
3103 1018 3201 1087 qui
3261 1018 3376 1072 Deo
3423 1016 3600 1083 vivit;
3661 1021 3727 1070 ut

2074 1109 2253 1164 vitam
2284 1108 2500 1164 Christi
2559 1109 2710 1163 vivat
2759 1113 3056 1163 aeternam.
3090 1107 3215 1162 Non
3255 1123 3390 1177 ergo
3449 1105 3727 1178 pugnavit

2077 1197 2432 1253 militaribus
2457 1198 2658 1263 armis,
2719 1201 2776 1253 et
2821 1196 3021 1252 ferreis
3053 1195 3182 1250 telis
3230 1194 3478 1266 populus
3536 1193 3727 1249 Eccle-

2080 1290 2201 1353 sia,
2233 1288 2387 1343 sicut
2419 1286 2698 1359 pugnavit
2715 1287 2971 1358 populus
2988 1286 3342 1342 Judaaorum.
3379 1283 3478 1340 Ille
3498 1283 3558 1338 in
3582 1283 3727 1354 figu-

2081 1393 2146 1432 ra
2172 1377 2473 1448 pugnavit,
2524 1392 2631 1431 nos
2662 1391 2993 1447 pugnamus
3024 1375 3081 1428 in
3106 1373 3315 1446 spiritu
3345 1390 3358 1426 :
3403 1372 3498 1428 ille
3530 1372 3727 1427 adver-

2081 1483 2213 1522 sum
2243 1465 2599 1535 alienigenas
2637 1465 2936 1536 pugnavit,
2971 1480 3077 1518 nos
3106 1462 3216 1533 ipsi
3276 1461 3496 1518 bellum
3551 1460 3729 1516 babe-

2083 1571 2218 1610 mus
2245 1554 2305 1608 in
2337 1553 2506 1609 nobis
2540 1571 2552 1616 ;
2587 1558 2644 1607 et
2671 1553 2800 1608 ideo
2830 1553 2995 1622 prius
3025 1553 3196 1608 nobis
3239 1552 3533 1607 vincenda
3595 1553 3734 1607 sunt

2085 1640 2304 1712 proprii
2334 1639 2595 1710 corporis
2627 1639 2949 1710 passiones.

2155 1817 2244 1872 lO.
2278 1814 2422 1871 Audi
2454 1822 2808 1887 pugnantem
2857 1813 3191 1886 apostolum
3241 1811 3485 1869 Paulum
3540 1812 3738 1868 adver-

2086 1922 2190 1962 sus
2217 1908 2448 1976 gentem
2477 1904 2935 1961 Cbananaeorum
2967 1922 2978 1959 :
3013 1926 3040 1953 ‹‹
3072 1903 3271 1968 Video,
3306 1902 3517 1973 inquit,
3548 1901 3735 1974 legem

2087 1993 2281 2050 carnis
2314 2009 2455 2048 meae
2486 1996 2909 2064 repugnantem
2945 1991 3056 2062 legi
3090 1991 3304 2046 mentis
3333 2006 3494 2056 meae,
3526 1995 3583 2045 et
3611 2006 3740 2061 cap-

2085 2085 2368 2138 tivantem
2416 2098 2508 2137 me
2562 2082 2622 2136 in
2675 2081 2799 2152 lege
2860 2079 3081 2152 peccati
3137 2081 3314 2146 (Rom.
3375 2093 3478 2143 νη,
3533 2079 3646 2148 23).
3710 2100 3737 2126 ››

2089 2171 2255 2226 Nunc
2286 2186 2348 2226 se
2377 2169 2547 2241 erigit
2562 2186 2694 2224 caro
2713 2174 3093 2234 nostra,nunc
3110 2167 3516 2240 dejicit.Erigit
3532 2167 3737 2232 menti,

2089 2260 2291 2328 dejicit
2338 2259 2642 2331 potestati:
2703 2263 2760 2313 et
2817 2258 2914 2314 ubi
2947 2275 3009 2313 se
3067 2257 3262 2330 urgeri
3314 2255 3544 2323 viderit,
3604 2273 3739 2313 con-

2092 2348 2369 2405 stantiam
2399 2348 2635 2412 deserit,
2667 2351 2722 2403 et
2751 2348 2822 2403 ad
2857 2347 3279 2416 subiectionem
3329 2349 3532 2418 parata
3577 2345 3740 2400 duci-

2091 2441 2188 2491 tur
2217 2437 2273 2490 in
2326 2437 2511 2508 legem
2544 2437 2800 2508 peccati;
2863 2441 2926 2490 ut
2967 2435 3143 2490 ﬁdem
3173 2435 3424 2502 deserat,
3487 2434 3740 2504 perﬁdim

2094 2526 2476 2588 succumbat;
2507 2530 2563 2580 et
2591 2525 2854 2581 Cbettaare
2895 2522 3258 2579 infirmitatis
3289 2523 3348 2577 in
3379 2522 3598 2578 ditione
3629 2523 3742 2594 (44)

2092 2614 2374 2670 destituta
2394 2615 2548 2672 890
2560 2614 2890 2676 vero,cedat
2911 2612 3236 2678 mendacio,
3255 2611 3472 2667 serviat
3489 2609 3743 2677 crimini,

2093 2703 2426 2774 acquiescat
2454 2703 2633 2759 errori
2660 2721 2673 2768 ;
2707 2708 2762 2757 et
2808 2708 3090 2772 tanquam
3140 2699 3510 2756 Amorrhsus
3541 2699 3742 2771 loqua-

2094 2796 2192 2848 tur
2222 2809 2422 2847 amara
2449 2809 2550 2862 pro
2584 2790 2876 2846 dulcibus.
2911 2790 3078 2846 Fides
3113 2790 3271 2845 enim
3302 2789 3514 2855 dulcis,
3545 2805 3747 2845 amara

2095 2881 2340 2952 perﬁdia
2363 2886 2477 2936 est.
2510 2881 2672 2936 Unde
2716 2879 2988 2951 pmclare
3020 2882 3226 2934 Petrus
3258 2879 3400 2949 quid
3458 2878 3603 2938 fides
3653 2894 3743 2933 es-

2095 2975 2204 3037 et,
2249 2969 2539 3042 expressit
2595 2970 2844 3026 dicens:
2907 2991 2934 3018 ‹‹
2992 2967 3254 3035 Domine,
3287 2968 3360 3022 ad
3409 2982 3583 3038 quem
3643 2966 3746 3022 ibi-

2096 3074 2229 3113 mus
2250 3058 2278 3112 ?
2303 3058 2479 3113 verba
2507 3056 2890 3120 vitateternaa
2923 3055 3127 3120 habes,
3176 3059 3232 3110 et
3290 3071 3396 3110 nos
3451 3053 3746 3116 credimus

345 3145 404 3196 et
431 3122 710 3212 plantas-ti
769 3157 900 3197 eos:
960 3142 1215 3199 afﬂixisti
1273 3122 1543 3216 populos,
1601 3154 1660 3203 et
1711 3122 1985 3222 expulisti
2015 3122 2058 3188 C
2097 3147 2273 3215 (Joan.
2307 3163 2384 3210 vr,
2417 3145 2487 3200 60
2537 3149 2589 3200 et
2639 3145 2825 3214 70);»
2865 3142 3164 3206 Quomodo
3222 3141 3402 3212 igitur
3447 3141 3624 3212 jubes
3683 3146 3747 3196 ut

334 3246 455 3285 eos.
489 3252 516 3280 »
553 3230 786 3286 Scimus
819 3228 1054 3301 quidem
1087 3232 1242 3301 quod
1274 3233 1493 3289 multas
1541 3240 1743 3305 gentes
1799 3241 1986 3295 eradi-

341 3319 554 3375 caverit
614 3317 896 3373 Deminus
960 3322 1018 3372 et
1074 3320 1384 3388 everterit;
1436 3325 1501 3376 ut
1557 3325 1987 3393 possessionem

341 3408 455 3464 sibi
483 3408 819 3462 Judaaorum
843 3406 1419 3478 populus'inveniret,
1439 3427 1693 3481 quarum
1720 3417 1987 3485 gentium

333 3501 524 3552 terras
551 3494 795 3550 Abrahae
826 3495 1038 3550 semini
1066 3497 1345 3552 daturum
1379 3514 1440 3553 se
1471 3499 1755 3557 Dominus
1797 3504 1988 3561 decla-

327 3583 518 3639 ravit:
552 3582 653 3638 sed
685 3599 817 3637 cum
848 3582 1115 3654 psalmus
1171 3585 1284 3640 iste
1309 3587 1690 3660 Even-getiam
1730 3591 1985 3658 Domini,

331 3677 396 3728 et
449 3676 719 3744 tempora
775 3671 1058 3727 adventus
1114 3674 1243 3744 ejus
1302 3677 1633 3742 annuntiat,
1687 3696 1800 3735 non
1843 3683 1986 3737 mihi

333 3761 567 3820 videtur
582 3774 722 3831 quae
751 3759 1022 3832 superius
1042 3761 1332 3832 ;a.Judaais
1361 3767 1528 3835 gesta
1585 3771 1742 3833 sunt,
1793 3785 1989 3825 recen-

331 3865 486 3915 sere,
547 3848 649 3904 sed
699 3865 824 3920 quae
880 3849 1079 3905 futura
1133 3850 1398 3922 signare:
1488 3856 1986 3924 quemadmodum

321 3937 667 3995 crediturus
725 3942 881 3994 esset
935 3937 1188 4011 populus
1258 3941 1584 4022 nationum.
1665 3944 1989 4004 Confirmat

337 4026 520 4099 igitur
541 4026 724 4082 ﬁdem
756 4026 1041 4094 Ecclesiae,
1075 4031 1391 4099 antequam
1421 4031 1668 4095 nuntiet,
1701 4039 1760 4089 et
1803 4034 1987 4093 victo-

335 4114 452 4170 rias
479 4113 868 4186 pietatis-ejus
897 4120 1201 4171 enumerat
1227 4133 1239 4170 :
1265 4133 1401 4188 quas
1433 4134 1550 4174 non
1611 4120 1670 4175 in
1725 4123 1984 4192 brachio,

331 4218 525 4275 neque
554 4203 612 4258 in
637 4202 838 4276 gladio
867 4220 976 4259 suo
1007 4203 1161 4259 feras
1199 4204 1423 4275 expulit
1475 4212 1698 4278 gentes,
1757 4215 1815 4266 et
1871 4231 1985 4270 non

329 4291 652 4347 certamine
712 4290 918 4346 bellico
973 4297 1203 4347 turmas
1253 4292 1482 4365 fugavit
1536 4294 1824 4367 hostiles;
1887 4304 1986 4359 sed

2097 3233 2470 3293 discedamus
2499 3233 2662 3289 ate?
2692 3236 2906 3304 Captus
2956 3230 3111 3286 enim
3171 3228 3492 3285 caelestium
3553 3228 3744 3286 suavi-

2098 3325 2214 3375 tate
2264 3322 2596 3385 verborum,
2657 3320 2954 3376 discedere
3013 3317 3246 3374 nolebat
3275 3334 3308 3372 a
3339 3316 3590 3387 Christo,
3638 3317 3744 3384 Qui

2097 3413 2291 3464 autem
2325 3412 2493 3477 negat
2523 3408 2840 3469 Christum,
2875 3408 3000 3478 ipse
3030 3425 3092 3464 se
3131 3411 3364 3479 separat
3393 3407 3476 3462 vel
3510 3423 3744 3480 separa-

2097 3501 2193 3551 tur
2224 3497 2335 3566 (45)
2367 3513 2400 3550 a
2429 3495 2674 3552 Christo.
2708 3497 2817 3552 Sed
2866 3512 3054 3566 neque
3101 3500 3335 3551 versuta
3383 3496 3746 3553 Amorrhzeo-

2097 3601 2229 3640 rum
2258 3583 2598 3655 disputatio,
2639 3600 2766 3654 quae
2814 3600 2916 3654 per
2946 3582 3375 3656 philosophiam
3431 3585 3746 3642 nonnullos

2099 3689 2133 3728 a
2164 3672 2410 3728 veritate
2441 3670 2804 3728 transducit:
2867 3687 3056 3741 neque
3103 3670 3505 3726 Jebusaeorum
3559 3673 3746 3744 turpis

2096 3760 2368 3830 abjectio,
2402 3777 2531 3831 quas
2563 3777 2624 3816 se
2654 3759 2893 3830 subjicit
2921 3764 3095 3830 atque
3119 3758 3449 3813 .substernit
3505 3775 3743 3815 cursum

2097 3850 2469 3910 currentibus
2501 3849 2861 3915 saecularem,
2924 3847 3023 3920 qui
3078 3863 3191 3902 non
3234 3849 3425 3918 potest
3453 3862 3582 3906 esse
3611 3863 3745 3919 per-

2097 3943 2342 4009 petuus;
2387 3939 2486 3994 sed
2542 3937 2602 3994 in
2649 3939 2834 4010 portis
2882 3936 3077 3992 deficit
3125 3934 3349 3999 mortis,
3411 3935 3480 3990 de
3525 3935 3744 4007 quibus

2095 4025 2414 4083 exaltatum
2447 4027 2624 4083 David
2655 4027 2937 4099 propheta
2966 4042 3028 4080 se
3055 4025 3268 4098 gaudet
3299 4025 3468 4092 (Psal.
3503 4041 3576 4093 ιχ,
3611 4025 3702 4096 15)
3728 4043 3739 4080 :

2093 4131 2285 4187 neque
2310 4116 2558 4180 Cinaaus,
2593 4116 2694 4186 qui
2725 4131 2826 4187 per
2847 4131 3015 4170 suam
3048 4111 3355 4184 pecuniam
3390 4111 3742 4182 possidetur:

2092 4205 2250 4261 sicut
2280 4204 2598 4262 insatiabili
2633 4220 2844 4259 avarus
2879 4201 3108 4258 'ail‘ectu
3137 4219 3148 4269 ;
3193 4217 3380 4271 neque
3431 4201 3740 4268 Cenezeus,

2087 4293 2196 4365 qui
2222 4297 2396 4365 putat
2424 4293 2483 4348 in
2515 4293 2735 4349 divitiis
2767 4289 3198 4362 possessionem
3231 4305 3359 4344 esse
3377 4293 3740 4361 perpetuam,

335 4379 790 4436 mansuetudine
813 4396 879 4435 ac
909 4380 1022 4435 fide
1050 4383 1237 4436 terras
1267 4380 1641 4439 inimicorum
1679 4385 1807 4443 sine
1865 4390 1985 4447 ullo
2085 4387 2150 4437 .et
2181 4398 2389 4438 vanam
2422 4398 2586 4453 spem
2620 4379 2924 4437 constituit
2951 4378 3010 4434 in
3043 4376 3298 4442 caducis,
3344 4381 3523 4449 atque
3580 4379 3739 4434 inani

333 4478 540 4523 erucae
561 4467 830 4539 possedit
862 4485 875 4535 ;
909 4467 1054 4524 fides
1082 4467 1240 4523 enim
1271 4468 1396 4525 sola
1427 4473 1724 4543 pugnavit.
1749 4475 1826 4531 Et
1854 4476 1983 4535 ideo
2010 4485 2060 4550 Β
2095 4470 2368 4542 Opinione
2400 4487 2462 4526 se
2485 4471 2707 4541 iactati
2763 4485 2950 4540 neque
3010 4465 3322 4539 Raphaim.
3375 4465 3474 4539 qui
3507 4469 3736 4540 proﬁte-

329 4554 668 4627 triumphos
699 4555 934 4626 meruit,
991 4572 1140 4627 quos
1198 4573 1310 4612 non
1367 4565 1661 4618 revocaret
1714 4565 1982 4635 perﬁdia,
2035 4583 2055 4602 ε
2088 4563 2186 4614 tur
2229 4558 2360 4615 aliis
2416 4575 2479 4614 se
2511 4559 2658 4616 ferre
2710 4557 3086 4624 medicinam,
3144 4573 3279 4614 cum
3337 4557 3579 4614 vulnera
3631 4573 3739 4611 sua

325 4645 724 4716 sedaugcret,
752 4644 897 4716 quia
923 4644 1430 4717 .persecutionibus
1453 4648 1587 4704 suis
1629 4665 1744 4707 non
1801 4654 1982 4711 vinci-
2090 4664 2294 4703 curare
2322 4664 2436 4703 non
2484 4647 2778 4720 possit,,et
2829 4647 2956 4702 ideo
2988 4647 3037 4702 si
3095 4645 3230 4717 quis
3259 4646 3330 4700 ad
3390 4643 3735 4714 hujusmodi

334 4738 432 4788 tur
479 4731 746 4790 Ecclesia
791 4733 1044 4802 Domini,
1119 4735 1220 4791 sed
1277 4735 1576 4806 probatur.
1629 4740 1768 4806 Quae
1843 4749 1984 4801 sunt
2092 4735 2383 4793 medicum
2423 4737 2765 4810 confugerit,
2808 4751 3042 4793 necesse
3099 4741 3190 4790 est
3239 4732 3401 4804 prius
3448 4731 3734 4801 patrimo-

330 4821 514 4894 igitur
550 4821 674 4884 istae
730 4826 933 4895 gentes
973 4840 1130 4895 quas
1183 4824 1386 4881 vicerit
1436 4826 1713 4898 Ecclesia,
1771 4847 1982 4905 cogno-

396 4998 515 5070 μθ)
573 4999 737 5080 ῃρφ.
794 4999 931 5055 edit.
975 5017 1057 5080 ea
1099 5001 1521 5080 Yat.__cod.,_et
1571 5009 1802 5063 caeteris.
1839 5010 1977 5066 Alia

331 5084 465 5126 cum
489 5070 773 5128 omnibus
805 5086 974 5140 mss.,
1002 5075 1057 5126 et
1089 5070 1374 5134 Caret/uri.
1402 5070 1638 5131 Eorum
1684 5080 1887 5136 crebra
1916 5084 1982 5138 ﬁt

305 5141 548 5212 _mﬁentio
582 5140 640 5194 in
698 5140 798 5196 lib.
835 5142 986 5212 Reg.,
1025 5157 1193 5212 quos
1249 5144 1484 5198 eosdem
1517 5162 1644 5202 esse
1701 5167 1765 5204 ac
1799 5151 1979 5208 Phili-

331 5211 753 5295 sthaiosntradit
784 5209 990 5295 Lyram.
1019 5209 1123 5267 lib.
1156 5213 1622 5295 ϋὶᾒίίξζςεηιίαντι-γηζ

395 5283 513 5407 (Η)
544 5282 928 5366 anes_edit.
950 5355 958 5365 ⁸
980 5299 1060 5368 ac.
1075 5282 1340 5366 nonnulli
1373 5302 1542 5356 mss.,
1588 5290 1840 5350 Chettaeae
1868 5293 1976 5363 (vel

313 5354 392 5407 Et
413 5353 905 5435 twaecnﬁrnglaus
937 5353 1162 5435 indicio.
1199 5355 1341 5435 Pteg.
1381 5373 1538 5435 cum
1570 5360 1794 5435 aliquot
1821 5365 1975 5432 aliis,

333 5424 462 5478 ...ἰη
483 5423 725 5506 ἀίιίοηεε..
741 5423 903 5503 Quod
926 5425 1154 5479 videtur
1175 5427 1244 5480 ad
1278 5423 1607 5486 institutam
1639 5423 1976 5506 allegoriam

329 5493 849 5552 accommodatius.

401 5564 513 5636 (45)
551 5561 637 5623 Vel
665 5573 975 5638 separatur,
1007 5567 1208 5628 aberat
1254 5585 1323 5626 ex
1379 5571 1654 5637 omnibus
1710 5578 1848 5637 edit.
1909 5597 1977 5638 ac

2090 4825 2255 4884 nium
2311 4842 2484 4883 suum
2541 4843 2713 4884 omne
2788 4828 3116 4890 consumat,
3177 4836 3355 4892 quam
3407 4820 3734 4891 profectum

2087 5001 2321 5058 duobus
2354 5018 2496 5057 mss.
2523 5003 2632 5058 Sed
2664 5001 2736 5074 in,
2755 5000 2884 5055 aliis
2911 4998 3170 5074 quinque
3207 4992 3512 5074 reperitur.
3573 4995 3734 5074 Qupd

2090 5079 2283 5130 autem
2320 5078 2447 5145 post
2476 5089 2675 5130 vocem
2704 5065 3122 5145 disputatiq,_in_
3144 5071 3336 5120 cunct.
3375 5065 3528 5145 _edit_.
3571 5065 3734 5120 addi-

2090 5151 2205 5227 tur,
2248 5135 2514 5227 ejusmodi
2547 5161 2724 5227 acum
2758 5135 2879 5227 Haec
2901 5139 3077 5222 nullis
3109 5138 3166 5227 in
3201 5151 3343 5190 mss.
3375 5135 3622 5227 legatur,
3644 5153 3736 5191 ve-

2087 5211 2333 5271 risimile
2378 5220 2466 5270 est
2513 5216 2799 5284 adjectam
2834 5213 3033 5276 fuisse,
3086 5214 3148 5284 ut
3177 5224 3387 5263 sensus
3439 5211 3734 5284 utcunque

2089 5287 2498 5358 compleretur.
2550 5278 2992 5358 _Verumtamen,
3027 5281 3165 5358 etsi_
3196 5295 3323 5333 eam
3365 5278 3732 5358 retinendam

2130 5351 2272 5415 utes.
2312 5374 2418 5411 nec
2437 5356 2519 5410 sic
2549 5356 2711 5409 locus
2743 5355 3046 5410 videbatur
3077 5351 3266 5408 adhuc
3313 5356 3574 5405 sanatus.
3624 5355 3732 5405 Ar-

2130 5376 2272 5415 mes.
2312 5376 2418 5411 nec
2437 5376 2519 5410 SlC
2554 5376 2711 5409 locus
2743 5376 3046 5410 VIGBDuI-ur
3077 5376 3266 5408 auuuu
3313 5376 3574 5405 nauatur.
3624 5376 3732 5405 nr-

2087 5376 2377 5486 Eitramur
2409 5428 2604 5497 itaque
2633 5427 2788 5480 illinc
2819 5428 3104 5483 excidisse
3134 5422 3307 5497 verba
3339 5423 3480 5497 ista,
3546 5429 3738 5497 aposlo

2087 5505 2185 5570 los,
2221 5507 2334 5572 aut
2371 5493 2813 5572 ﬁdelésrseparatr
2845 5515 2886 5572 αῖ
2933 5502 3166 5572 Chrislq,
3220 5493 3308 5572 vel
3339 5493 3730 5572 _h_is__at'lini_a-

2087 5564 2216 5646 quae
2248 5564 2521 5642 deinceps
2552 5571 2610 5629 in
2631 5564 2924 5632 membris
2955 5569 3202 5649 singulis
3219 5564 3731 5638 subintelligenda,
