4146 6190
464 287 644 354 ’1147

1950 291 2018 356 S.
2063 291 2443 361 AMBROSII

3747 299 3887 368 1118

487 431 758 494 sanitatis
788 429 1068 504 accipiat:
1122 429 1275 487 sicut
1303 429 1406 488 illa
1454 428 1666 488 mulier
1721 429 1782 487 in
1819 428 2132 505 Evangelio
2162 428 2212 498 Α
2247 431 2448 490 culum
2481 438 2648 491 tuum
2681 430 2873 507 (Exod.
2905 449 2996 505 xv,
3034 427 3121 508 17)
3150 450 3163 503 ;
3198 454 3225 484 »
3271 434 3476 508 petens
3508 435 3576 492 ut
3608 423 3889 496 induceret

486 543 623 598 quae.
647 541 749 596 per
778 523 1086 579 duodecim
1109 539 1296 579 annos
1327 523 1603 579 ﬂuentem
1635 521 1981 594 sanguinem
2013 539 2138 578 cor-

483 613 773 687 poralium
822 613 1189 684 voluptatum
1247 617 1500 668 statuere
1558 629 1673 667 non
1744 611 1952 684 potuit,
2023 612 2134 666 nisi

483 711 866 777 posteaquam
925 701 1186 772 confugit
1236 703 1308 757 ad
1360 701 1656 756 Christum
1703 701 1856 771 (Luc.
1908 719 2033 766 vm,
2070 701 2136 754 t3

480 799 530 851 et
561 795 672 864 44).
710 791 994 848 lntellexit
1016 791 1172 845 enim
1196 791 1350 862 quod
1385 807 1554 846 nemo
1595 790 1887 863 perfectus
1945 789 2134 845 medi-

481 901 605 951 cus,
640 882 751 938 nisi
787 881 885 953 qui
919 880 1317 935 descendisset
1341 897 1371 934 e
1403 879 1568 947 cmlo,
1602 881 1673 934 de
1739 897 1856 950 quo
1920 895 2130 951 cogno-

476 976 638 1029 verat
657 971 880 1026 dictum
905 987 916 1024 :
953 992 978 1019 «
1016 968 1174 1024 Misit
1203 968 1456 1024 Verbum
1491 972 1757 1034 suum,et
1779 967 2005 1024 sanavit
2033 984 2131 1022 eos

477 1063 647 1130 (Psal.
681 1077 791 1123 ενι,
823 1057 948 1129 28);
980 1081 1006 1107 »
1038 1062 1094 1113 et
1118 1058 1359 1114 advertit
1384 1059 1453 1112 de
1484 1059 1610 1129 ipso
1641 1058 1863 1112 dictum
1891 1073 1903 1112 :
1941 1078 1968 1106 ‹‹
1991 1057 2132 1111 Ecce

478 1151 608 1206 dedi
627 1150 799 1205 verba
819 1163 949 1203 mea
966 1147 1024 1202 in
1043 1163 1106 1202 os
1121 1151 1375 1212 tuum,et
1390 1146 1663 1202 constitui
1687 1151 1741 1202 te
1762 1145 1932 1202 hodie
1954 1161 2131 1217 super

475 1244 676 1312 gentes
725 1243 781 1294 et
811 1253 1005 1308 regna,
1068 1235 1385 1301 eradicare,
1429 1241 1484 1292 et
1531 1237 1854 1302 destruere,
1913 1241 1970 1290 et
1999 1250 2127 1305 per-

476 1329 630 1392 dere,
665 1332 722 1382 et
751 1326 1058 1390 aediﬁcare,
1086 1330 1142 1380 et
1171 1325 1436 1397 plantare
1465 1326 1682 1394 (Jercm.
1718 1344 1755 1393 l,
1786 1327 1821 1379 9
1861 1333 1912 1381 et
1954 1325 2062 1392 l0).
2098 1344 2127 1372 »

473 1417 621 1473 Nam
655 1417 787 1471 licet
815 1416 1146 1486 frequenter
1171 1415 1323 1470 Deus
1377 1415 1605 1472 locutus
1637 1417 1712 1471 sit
1767 1416 1827 1471 in
1884 1418 2132 1488 prophe-

476 1506 571 1563 tis.
606 1505 665 1560 in
697 1522 813 1577 quo
843 1509 1036 1559 tamen
1072 1503 1427 1575 expressius,
1458 1521 1634 1576 quam
1667 1507 1724 1561 in
1759 1507 2127 1566 suolocutus

473 1601 564 1652 est
592 1595 754 1659 Filio,
789 1594 888 1665 qui
935 1593 1209 1648 virtutem
1271 1610 1505 1649 omnem
1564 1595 1894 1665 exprimens
1943 1597 2126 1654 Patris

473 1684 594 1740 ait:
637 1706 666 1734 «
700 1687 823 1738 Mea
852 1682 1118 1737 doctrina
1149 1699 1262 1737 non
1293 1685 1383 1737 est
1416 1699 1564 1752 mea,
1598 1685 1698 1738 sed
1730 1685 1858 1754 ejus
1901 1686 1998 1758 qui
2034 1705 2124 1744 me

2251 523 2538 580 Dominus
2565 523 2848 597 populum
2880 539 3053 580 suum
3076 523 3136 579 in
3178 522 3281 580 illa
3325 523 3610 595 praecelsas
3667 526 3881 584 virtutis

2249 613 2666 685 sapientiaeque
2697 613 3006 686 plantaria,
3043 613 3243 685 ibique
3274 613 3643 686 plantaretur
3684 615 3744 670 in
3775 634 3888 689 ope-

2248 719 2313 756 ra
2343 719 2469 768 sua,
2501 707 2559 758 et
2588 701 2991 758 institueretur
3009 705 3424 774 praeceptorum
3448 701 3779 760 caelestium
3799 706 3891 763 dis-

2247 790 2681 864 ciplinis,atque
2697 791 2755 846 in
2771 808 2837 847 eo
2855 795 3204 864 praepararet
3217 791 3329 846 sibi
3352 809 3471 846 suae
3486 793 3888 851 sanctiﬁcatio-

2247 879 2338 935 nis
2353 879 2756 935 habitaculum
2783 897 2795 934 :
2820 881 2975 951 quod
3001 879 3206 952 utique
3228 896 3344 935 non
3365 879 3887 953 haereditariojure,

2245 985 2350 1024 nec
2382 973 2717 1025 nostrorum
2730 969 3243 1040 comtemplatione
3257 967 3626 1038 meritorum,
3647 971 3754 1026 sed
3776 989 3888 1044 pro-

2243 1075 2352 1114 sua
2396 1059 2586 1131 gratia
2615 1058 2900 1115 Dominus
2929 1058 3191 1115 conferre
3239 1058 3538 1131 dignatur.
3597 1062 3889 1124 Quomodo

2239 1147 2416 1215 enim,
2453 1148 2548 1203 ubi
2579 1164 2880 1204 remanere
2910 1163 3022 1204 non
3055 1146 3354 1220 potuimus
3385 1163 3453 1202 eo
3483 1147 3665 1204 redire
3690 1166 3890 1221 posse-

2241 1251 2395 1302 mus,
2429 1236 2540 1293 nisi
2573 1236 2876 1309 privilegio
2907 1235 3036 1292 fulti
3072 1235 3494 1308 redemptionis
3514 1241 3736 1292 aeternae
3759 1238 3785 1291 τέ

2311 1327 2396 1382 ~l2.
2431 1327 2616 1396 (Vers.
2653 1327 2730 1398 4.)
2765 1327 2836 1382 Et
2882 1325 3008 1382 ideo
3068 1323 3310 1398 pulchre
3358 1325 3505 1380 dixit
3561 1325 3886 1398 Propheta:

2245 1437 2266 1465 ι
2293 1417 2578 1481 Quoniam
2611 1433 2726 1471 non
2754 1416 2811 1470 in
2845 1415 3036 1488 gladio
3066 1431 3174 1470 suo
3209 1415 3602 1486 possederunt
3661 1421 3886 1481 terram,

2237 1509 2295 1562 et
2323 1505 2632 1561 brachium
2665 1521 2842 1560 suum
2872 1521 2986 1560 non
3035 1503 3300 1560 liberavit
3329 1520 3457 1559 eos:
3502 1505 3608 1560 sed
3670 1505 3887 1562 dextera

2234 1598 2358 1660 tua,
2391 1600 2448 1650 et
2477 1595 2784 1650 brachium
2814 1597 3003 1659 tuum,
3037 1597 3096 1648 et
3124 1591 3480 1648 illuminatio
3531 1592 3736 1649 vultus
3789 1596 3880 1662 tui,

2235 1683 2514 1755 quoniam
2541 1681 2893 1755 complacuit
2919 1681 3024 1737 tibi
3056 1681 3116 1736 in
3147 1680 3284 1736 illis.
3308 1703 3337 1731 »
3371 1681 3507 1746 Quas
3539 1681 3732 1754 igitur
3748 1689 3884 1739 terra

473 1772 636 1828 misit
665 1773 842 1842 (Joan.
884 1788 983 1869 vix,
1040 1771 1169 1869 t6)?
1222 1792 1250 1820 »
1282 1771 1406 1869 Non
1468 1788 1604 1869 ergo
1656 1773 1961 1840 Jeremias,
2021 1778 2121 1847 qui
2154 1805 2200 1869 Β
2233 1777 2342 1838 est,
2371 1789 2499 1843 quae
2532 1789 2646 1827 non
2680 1771 2916 1827 brachio
2959 1771 3244 1843 capiatur,
3279 1787 3396 1825 non
3453 1769 3658 1842 gladio
3711 1772 3882 1843 possi-

471 1865 733 1932 tempore
764 1859 1115 1932 captivitatis
1146 1859 1408 1930 suscepit
1434 1859 1726 1929 exsilium,
1761 1863 1860 1917 sed
1922 1864 2122 1919 Domi-

473 1966 586 2005 nus
616 1949 788 2005 Jesus
819 1948 942 2004 suis
971 1947 1162 2004 verbis
1187 1947 1501 2003 eradicavit
1529 1965 1599 2004 ex
1649 1949 1874 2006 intimis
1935 1957 2124 2023 pecto-

471 2038 636 2094 ribus
666 2037 808 2093 vitia
838 2036 1168 2109 gentilium,
1203 2038 1506 2108 perfidiam
1542 2038 1866 2106 nationum,
1912 2046 1968 2096 et
1996 2059 2119 2097 ver-

470 2131 737 2184 sutarum
769 2126 1186 2200 cogitationum
1225 2143 1400 2198 prava
1429 2132 1760 2183 commenta
1813 2130 2120 2197 destruxit,

469 2221 644 2288 atque
675 2215 875 2271 omnia
903 2213 1148 2286 vestigia
1191 2214 1518 2286 iniquitatis
1576 2217 1842 2272 abolevit.
1902 2220 2120 2276 Deinde

468 2305 687 2360 infudit
718 2307 919 2375 postea
950 2304 1146 2372 fidem,
1179 2308 1235 2359 et
1293 2305 1662 2361 continentiae
1722 2306 2115 2379 disciplinam,

467 2411 541 2449 ne
571 2397 849 2464 tanquam
885 2392 941 2446 in
973 2409 1108 2447 vase
1145 2398 1415 2464 corrupto
1450 2395 1789 2451 confusione
1843 2396 2116 2454 vitiorum

467 2485 871 2539 coacescerent
901 2486 1266 2536 sacramenta
1289 2483 1594 2540 virtutum.

538 2572 622 2627 11.
671 2571 834 2626 Unde
891 2569 1132 2643 pulchre
1190 2570 1294 2626 tibi
1356 2573 1665 2644 Apostolus
1729 2575 1906 2631 dicit:
1969 2577 2112 2632 «Sed

461 2661 725 2733 regnavit
757 2676 916 2716 mors
948 2661 1019 2715 ab
1049 2661 1232 2716 Adam
1277 2678 1465 2732 usque
1521 2664 1591 2717 ad
1642 2665 1876 2736 Moysen
1935 2666 2110 2736 (Rom.

459 2768 517 2817 ν,
550 2751 626 2821 4).
663 2772 691 2799 ››
725 2748 871 2813 Quid
903 2753 992 2804 est
1038 2753 1282 2821 Moyses,
1319 2750 1430 2805 nisi
1462 2751 1590 2818 lex;
1652 2754 1928 2824 quoniam
1987 2755 2112 2827 ipse

458 2838 747 2909 interpres
804 2843 892 2894 est
949 2837 1132 2911 legis:
1191 2839 1326 2894 finis
1381 2844 1576 2894 autem
1625 2839 1770 2912 legis
1844 2842 2109 2899 Christus

457 2927 674 2984 Jesus?
717 2925 998 2999 Regnavit
1025 2943 1159 2998 ergo
1191 2930 1492 2998 peccatum
1523 2929 1580 2982 in
1635 2929 1744 2984 hoc
1771 2931 2011 3000 mundo,
2054 2936 2112 2987 et

457 3015 517 3071 in
551 3019 786 3088 peccato
844 3031 1002 3070 mors
1051 3031 1221 3080 saeva,
1279 3019 1454 3087 atque
1510 3017 1920 3073 intollerabilis
1951 3036 2105 3091 quas-

2236 1861 2444 1916 deatur
2475 1879 2487 1928 ;
2517 1860 2624 1916 nisi
2654 1864 2811 1916 terra
2855 1858 3282 1932 promissionis,
3315 1859 3386 1914 de
3446 1875 3569 1930 qua
3624 1858 3720 1914 hic
3771 1859 3878 1931 ipse

2233 1948 2381 2005 dixit
2418 1949 2740 2021 Propheta:
2778 1972 2806 1999 «
2863 1949 3044 2005 Credo
3099 1948 3292 2003 videre
3350 1948 3507 2003 bona
3549 1947 3780 2004 Domini
3826 1949 3876 2004 in

2232 2041 2387 2094 terra
2407 2037 2724 2094 viventium
2758 2039 2926 2107 (Psal.
2958 2055 3114 2108 xxxx,
3149 2037 3234 2107 13)
3256 2037 3284 2090 ?
3326 2058 3353 2085 ››
3411 2037 3541 2092 Non
3595 2037 3878 2094 immerito

2230 2127 2411 2200 igitur
2462 2128 2588 2198 ejus
2640 2130 2761 2184 tam
2812 2126 3088 2200 praclara
3145 2124 3442 2198 possessio
3498 2129 3602 2194 est,
3647 2126 3704 2180 in
3760 2143 3876 2197 qua

2231 2233 2346 2272 non
2379 2216 2574 2272 saeculi
2621 2217 2868 2273 adversa
2897 2216 3298 2282 dominantur,
3334 2215 3440 2271 sed
3477 2215 3707 2271 Domini
3724 2215 3876 2272 bona

2229 2309 2444 2362 aeterna
2469 2304 2838 2361 fructiﬁcant.
2875 2305 3123 2376 Ideoque
3149 2321 3264 2361 non
3303 2303 3503 2376 gladio
3543 2303 3871 2376 acquiritur,

2227 2396 2328 2451 sed
2351 2394 2803 2452 mansuetudine
2831 2393 3186 2466 possidetur,
3217 2392 3368 2448 sicut
3402 2392 3689 2448 Dominus
3711 2393 3744 2448 J
3750 2410 3872 2449 esus

2223 2484 2570 2541 testiﬁcatus
2598 2487 2689 2540 est
2729 2483 2968 2540 dicens:
3003 2506 3031 2533 ‹‹
3066 2482 3227 2538 Beati
3285 2483 3499 2549 mites;
3559 2481 3673 2554 ipsi
3731 2483 3873 2538 enim

2225 2573 2614 2646 possidebunt
2667 2577 2887 2629 terram
2943 2572 3148 2644 (Matth.
3196 2589 3250 2638 ν,
3311 2571 3386 2642 4).
3451 2591 3482 2618 ››
3525 2570 3706 2625 Nemo
3751 2587 3872 2642 ergo

2222 2662 2608 2734 impacificus,
2663 2677 2835 2716 nemo
2893 2676 3175 2733 arrogans
3229 2663 3331 2716 aut
3372 2659 3724 2732 superbus;
3782 2659 3874 2714 sed

2221 2754 2570 2806 mansuetus
2599 2753 2656 2806 et
2686 2748 2931 2806 humilis
2960 2749 3170 2805 corde:
3207 2747 3309 2820 qui
3340 2746 3490 2802 nihil
3553 2747 3668 2803 sibi
3727 2764 3874 2803 arro-

2219 2843 2337 2912 get,
2372 2839 2472 2895 sed
2505 2842 2694 2895 totum
2753 2838 2827 2894 ad
2885 2837 3134 2911 gratiam
3191 2836 3440 2892 referat:
3504 2853 3624 2891 non
3675 2835 3738 2890 in
3779 2852 3879 2891 sua

2219 2927 2559 2985 fortitudine
2587 2927 2892 3000 glorietur,
2923 2927 3024 2982 sed
3057 2927 3292 2982 dextera
3307 2924 3410 2981 Dei
3442 2925 3646 2980 credat
3666 2941 3731 2980 se
3757 2940 3880 2981 esse

2217 3020 2546 3089 protectum
2579 3015 2781 3072 dicens
2816 3033 2830 3071 :
2867 3039 2895 3066 «
2925 3019 3173 3071 Dextera
3223 3013 3459 3070 Domini
3511 3014 3651 3070 fecit
3705 3013 3879 3068 virtu-

456 3105 594 3160 dam
646 3121 817 3176 poena
878 3103 1120 3174 peccati.
1174 3104 1380 3159 Docuit
1436 3105 1673 3176 quidem
1723 3123 1830 3161 nos
1878 3107 2106 3181 Moyses
2142 3170 2176 3181 ﬂ
2215 3109 2358 3172 tem,
2388 3107 2622 3161 dextera
2648 3103 2881 3160 Domini
2908 3103 3182 3160 exaltavit
3209 3120 3302 3159 me
3332 3103 3701 3174 (Psal.cxvn,
3733 3103 3879 3174 ὣς.»

453 3193 643 3248 levare
672 3193 743 3248 ad
805 3193 1114 3247 Dominum
1166 3208 1398 3256 manus,
1434 3193 1513 3264 pii
1555 3192 1746 3249 cultus
1789 3170 2104 3253 instituens
2135 3170 2177 3236 (ἶ
2217 3193 2422 3250 Gladio
2469 3209 2701 3264 quoque
2759 3192 2862 3248 Dei
2900 3196 3184 3249 memoret
3254 3208 3317 3248 se
3373 3207 3505 3247 esse
3555 3195 3874 3260 servatum,

453 3280 846 3352 disciplinam.
881 3280 1088 3336 Docuit
1118 3281 1613 3350 quemadmodum
1651 3281 1928 3339 Amalech
1987 3303 2108 3342 ver-

456 3370 795 3440 sutiloquus
823 3368 1155 3423 vinceretur
1212 3368 1364 3438 (46);
1399 3373 1461 3422 ut
1519 3386 1712 3426 mores
1772 3376 2003 3429 nostros
2051 3379 2107 3430 et

454 3473 633 3528 opera
663 3457 809 3513 891
855 3455 1183 3511 levaremus
1241 3458 1312 3511 ad
1369 3457 1692 3526 Christum,
1750 3461 1834 3516 sic
1883 3463 2104 3519 destrui

454 3561 626 3617 posse
657 3544 997 3617 perﬁdiam:
1050 3545 1139 3600 sin
1197 3562 1331 3601 vero
1383 3547 1766 3617 dejiceremus
1824 3550 2103 3622 animam,

451 3633 870 3690 inclinaremus
919 3634 1210 3702 affectum,
1251 3639 1308 3689 et
1364 3653 1397 3690 a
1457 3637 1830 3693 continentiae
1911 3641 2104 3697 studio

452 3727 844 3779 averteremus
872 3723 1195 3796 ingenium,
1229 3726 1293 3778 ut
1323 3726 1625 3796 persuasio
1657 3743 1763 3782 nos
1809 3745 1958 3784 vana
2013 3747 2106 3785 su-

453 3816 719 3884 peraret;
753 3811 981 3868 nullum
1030 3813 1355 3868 remedium
1416 3813 1703 3878 futurum,
1763 3815 1878 3872 nisi
1931 3817 2103 3874 Jesus

451 3901 730 3973 depressa
744 3901 868 3971 jam
899 3898 1138 3954 brachia
1167 3900 1372 3972 Moysi,
1395 3904 1677 3971 tanquam
1700 3901 2102 3960 inﬁrmitatem

450 3987 593 4058 legis
624 3987 933 4052 attolleret,
963 3991 1021 4041 et
1050 4004 1157 4042 sua
1177 3987 1579 4043 misericordia
1607 3990 1940 4046 sustineret.
1989 3993 2100 4048 Sed

451 4077 753 4131 infirmum
787 4076 976 4131 adhuc
1005 4075 1215 4131 fuisset
1240 4075 1384 4149 legis
1415 4077 1700 4134 auxilium
1730 4097 1742 4146 ;
1803 4079 1915 4135 nisi
1976 4080 2101 4152 ipse

448 4166 622 4223 Jesus
668 4165 926 4221 venisset
982 4165 1041 4219 in
1075 4169 1280 4234 terras,
1337 4167 1436 4237 qui
1471 4166 1527 4220 in
1560 4182 1620 4222 se
1653 4171 1882 4223 nostras
1914 4169 2096 4224 susci-

449 4259 611 4327 peret
640 4253 1031 4318 infirmitates,
1063 4271 1235 4326 quem
1259 4255 1449 4310 solum
1475 4259 1668 4311 nostra
1704 4261 1939 4328 peccata
1967 4275 2097 4330 gra-

449 4359 582 4398 vare
614 4359 728 4397 non
760 4347 1020 4414 possent,
1055 4360 1159 4399 nec
1191 4343 1472 4399 inclinare
1502 4359 1714 4400 manus
1772 4345 1936 4415 ejus:
1997 4347 2098 4418 qui

451 4447 513 4487 se
545 4430 845 4486 inclinavit
887 4447 1073 4502 usque
1131 4432 1202 4486 ad
1264 4435 1531 4498 mortem,
1591 4437 1838 4489 mortem
1897 4438 2096 4490 autem

2215 3281 2616 3338 illuminatum
2666 3297 2901 3353 quoque
2953 3280 3054 3337 Dei
3111 3279 3274 3336 vultu
3327 3279 3754 3352 omnipotentis
3821 3280 3881 3334 in

2215 3372 2434 3444 quibus
2489 3369 2766 3426 omnibus
2822 3368 3090 3426 Christus
3147 3372 3237 3424 est
3291 3372 3598 3441 protector,
3659 3368 3880 3422 dexte-

2215 3477 2298 3528 ra,
2333 3461 2603 3516 defensor
2631 3462 2688 3514 et
2716 3458 2949 3530 gladius
2979 3459 3110 3530 (47).
3145 3457 3309 3513 Unde
3339 3461 3397 3513 et
3427 3458 3650 3513 Simeon
3710 3455 3880 3511 dixit

2215 3550 2288 3605 ad
2320 3549 2600 3605 Mariam:
2636 3569 2664 3599 «
2697 3548 2768 3602 Et
2794 3551 2959 3603 tuam
2989 3546 3177 3620 ipsius
3199 3546 3459 3602 animam
3485 3544 3881 3617 pertransibit

2214 3636 2444 3710 gladius
2473 3638 2623 3710 (Luc.
2658 3654 2721 3703 II,
2746 3637 2856 3708 35).
2891 3658 2920 3685 ››
2951 3635 3193 3691 Gladius
3249 3634 3407 3691 enim
3465 3633 3567 3690 Dei
3622 3634 3876 3691 verbum

2213 3729 2322 3793 est,
2357 3726 2511 3797 quod
2543 3725 2773 3781 acutius
2802 3723 2963 3780 omni
2992 3724 3186 3798 gladio
3217 3738 3404 3796 usque
3430 3723 3504 3778 ad
3551 3721 3878 3778 divisiones

2213 3814 2422 3870 animas
2452 3813 2948 3886 cogitationesque
2978 3812 3311 3886 pertransit,
3346 3815 3411 3866 ut
3459 3809 3630 3866 nulla
3676 3810 3881 3882 cogni-

2213 3903 2434 3959 tionem
2478 3904 2606 3975 ejus
2662 3901 2890 3958 occulta
2945 3905 3306 3973 praetereant.
3365 3898 3584 3955 Vultus
3639 3914 3885 3971 quoque

2213 3991 2440 4063 paterni
2473 3991 2752 4064 splendor
2773 3994 2863 4047 est
2893 3990 3181 4058 Christus,
3214 3993 3271 4044 et
3299 3987 3431 4044 ideo
3460 3988 3643 4043 dicit:
3703 4011 3732 4036 ‹‹
3767 3986 3886 4053 Qui

2215 4096 2308 4136 me
2339 4081 2496 4135 videt
2523 4079 2678 4135 videt
2706 4082 2764 4135 et
2791 4079 3022 4134 Patrem
3053 4078 3230 4150 (Joan.
3263 4093 3381 4142 xxv,
3402 4077 3461 4145 9)
3518 4094 3534 4144 ;
3594 4098 3624 4126 υ
3702 4075 3884 4148 quasi

2215 4168 2492 4241 splendor
2519 4167 2716 4241 gloria:
2747 4168 2897 4239 ejus,
2929 4170 2985 4223 et
3014 4167 3206 4239 imago
3234 4164 3603 4223 substantia.
3649 4165 3736 4220 Ad
3803 4165 3892 4236 ip-

2209 4273 2343 4314 sum
2374 4273 2511 4330 ergo
2543 4256 2741 4312 omnia
2763 4257 2895 4327 jure
2938 4255 3240 4312 referenda
3269 4257 3430 4309 sunt.
3466 4253 3583 4326 Ipsi
3615 4252 3889 4324 Moyses,

2212 4346 2326 4417 ipsi
2381 4347 2591 4411 Aaron,
2667 4345 2781 4417 ipsi
2838 4343 2990 4402 892
3045 4343 3222 4400 etiam
3271 4343 3476 4399 Patres
3557 4341 3892 4398 sacrabant

2211 4435 2487 4490 universa
2543 4450 2671 4505 quae
2727 4435 3049 4507 gesserant,
3082 4436 3148 4488 ut
3202 4431 3274 4487 de
3331 4430 3606 4487 hostibus
3667 4429 3891 4485 trium-

450 4519 644 4574 crucis
667 4519 726 4573 in
756 4536 872 4590 qua
901 4520 1240 4591 cxpandens
1281 4537 1492 4575 manus
1548 4539 1704 4588 suas,
1759 4525 1946 4578 totum
2005 4540 2096 4579 or-
2128 4536 2176 4601 D
2212 4523 2480 4596 pharent.
2513 4523 2712 4594 Neque
2742 4521 2897 4578 enim
2928 4521 2987 4576 in
3020 4538 3129 4578 sua
3157 4519 3516 4576 conﬁdentia
3569 4518 3726 4573 dixit
3787 4518 3888 4574 Je-

451 4609 586 4664 bem
619 4608 718 4680 qui
752 4612 875 4663 erat
906 4608 1223 4678 periturus,
1275 4609 1491 4664 erexit:
1556 4609 1767 4666 levavit
1815 4612 2100 4681 jacentes,

450 4703 624 4770 atque
654 4698 723 4752 ad
758 4713 820 4752 se
852 4697 1117 4752 omnium
1149 4696 1411 4770 gentium
1445 4697 1619 4754 fidem
1650 4700 1842 4768 traxit,
1902 4701 2101 4757 dicens

450 4786 706 4842 homini:
742 4811 770 4837 ‹‹
807 4785 989 4840 Hodie
1045 4802 1273 4840 mecum
1332 4787 1446 4842 eris
1505 4786 1562 4841 in
1623 4789 1891 4860 paradiso
1946 4791 2097 4859 (Luc.

445 4893 606 4942 xxxii,
637 4874 746 4946 44).
781 4897 808 4923 ››
841 4874 960 4929 Ηοο
1003 4879 1091 4930 est
1146 4891 1282 4948 ergo
1339 4874 1673 4946 disperdere
1721 4880 1893 4949 atque
1941 4877 2102 4950 plan-

446 4970 595 5032 tare,
637 4969 702 5018 ut
754 4962 964 5018 vitiosa
1021 4964 1408 5028 eradicentur,
1467 4964 1708 5021 meliora
1761 4965 2102 5038 plantentur

446 5054 506 5109 in
541 5053 870 5125 pectoribus
902 5052 1289 5123 singulorum.
1329 5058 1400 5108 De
1431 5071 1546 5125 quo
1577 5053 1848 5123 praeclare
1875 5057 2100 5129 Moyses

447 5142 507 5197 in
546 5142 722 5197 Exodi
755 5142 981 5197 cantico
1013 5142 1095 5197 ait
1123 5159 1134 5198 :
1166 5163 1192 5192 «
1226 5142 1514 5199 Inducens
1543 5140 1819 5215 plantabo
1883 5161 1982 5200 eos
2039 5146 2098 5200 in

450 5236 707 5286 montem
739 5231 1097 5287 hereditatis
1126 5236 1259 5299 tuae,
1301 5231 1360 5287 in
1419 5236 1812 5305 praeparatum
1871 5232 2098 5291 habita-

497 5406 631 5486 ,(46)
664 5407 879 5486 Omnes
923 5409 1058 5486 edit.
1107 5410 1160 5464 in
1224 5427 1482 5482 corpore,
1543 5412 1798 5486 Amalech
1856 5413 2099 5468 versutia

447 5479 774 5553 vinceretur.
812 5479 950 5534 Mss.
985 5479 1225 5552 aliquot,
1271 5479 1343 5537 ad
1392 5489 1505 5538 vet.
1568 5483 1706 5538 edit.
1768 5484 1823 5537 in
1883 5499 2093 5553 marg,

447 5547 702 5626 Amalech
751 5553 956 5626 versuti
1014 5547 1158 5626 locus
1216 5547 1559 5619 vinceretur,
1620 5554 1744 5626 lege
1808 5547 2096 5611 versutile

450 5633 605 5691 quas,
639 5622 747 5674 etc.
783 5621 930 5676 Nam
962 5624 1115 5690 quod
1148 5625 1294 5682 Vict.
1323 5630 1381 5682 et
1427 5626 1585 5683 Colb.
1623 5621 1859 5695 habent,
1911 5644 2096 5685 versu-

2212 4630 2316 4669 sus
2366 4612 2556 4668 Nave:
2619 4612 2743 4667 Stet
2799 4610 2886 4667 sol
2963 4614 3165 4666 contra
3222 4609 3464 4666 Gabaon
3549 4607 3741 4678 (Iosue
3832 4626 3890 4679 ι,

2217 4702 2300 4773 12)
2328 4719 2384 4769 ;››
2413 4700 2515 4756 sed
2529 4700 2668 4772 quia
2691 4699 3082 4772 praesumebat
3103 4698 3162 4754 in
3177 4696 3431 4765 Christo,
3453 4712 3637 4768 quem
3659 4697 3889 4753 ducem

2209 4789 2432 4846 militia
2465 4788 2718 4845 ccelestis
2747 4787 2998 4861 agnovit,
3021 4791 3078 4844 et
3107 4785 3450 4859 suppliciter
3479 4786 3804 4843 adoravit:
3839 4791 3892 4842 et

2209 4878 2338 4935 ideo
2369 4881 2571 4952 gentes
2601 4877 2753 4934 feras
2778 4877 3072 4934 eradicare
3102 4875 3446 4949 promeruit,
3479 4878 3538 4929 et
3581 4875 3894 4948 populum

2209 4967 2446 5023 Patrum
2478 4966 2540 5023 in
2571 4969 2788 5022 terram
2846 4963 3317 5038 repromissionis
3373 4963 3661 5020 inducere
3691 4983 3705 5030 ;
3749 4962 3896 5036 quia

2209 5056 2356 5111 nihil
2413 5055 2539 5111 suis
2592 5055 2866 5126 operibus
2921 5054 3262 5126 deputabat,
3321 5052 3569 5109 credens
3632 5053 3892 5126 indigna

2209 5161 2338 5202 esse
2368 5160 2545 5217 opera
2574 5143 2882 5199 hominum
2919 5145 3084 5199 tanta
3137 5141 3335 5216 gloria:
3391 5142 3888 5199 remuneratione

2210 5234 2499 5292 caelestis:
2534 5249 2713 5306 quam
2743 5231 3031 5291 Dominus
3088 5248 3158 5289 ex
3215 5248 3325 5288 sua
3382 5230 3582 5304 magis
3645 5230 3890 5289 miseri-

2205 5416 2471 5488 tiloquiis,
2523 5412 2804 5470 mendum
2850 5415 2942 5468 est
2987 5411 3315 5470 scribarum
3353 5409 3717 5483 ignorantiae
3775 5409 3884 5463 im—

2207 5487 2554 5560 putandum.

2279 5559 2392 5630 (47)
2423 5556 2572 5614 Vict.
2598 5553 2759 5630 Colb.
2794 5571 2860 5612 ac
2888 5553 3170 5630 vet._ed_it.
3205 5554 3266 5610 in
3311 5569 3530 5626 marg.,
3575 5557 3880 5628 protector,

2186 5642 2188 5644 '
2207 5637 2268 5687 ut
2287 5626 2516 5688 dextera
2529 5648 2548 5689 :
2577 5628 2848 5700 defensor,
2879 5629 2942 5683 ut
2960 5626 3192 5699 gladius.
