4112 6190
287 331 448 431 ως

288 475 510 573 cordia,
543 517 719 574 quam
752 519 855 575 pro
878 500 1210 559 nostrorum
1241 501 1731 574 contemplatione
1763 502 1935 556 facto-
1969 499 2023 565 Α
2053 504 2119 554 ut
2175 499 2335 555 dicas
2387 517 2399 555 :

289 608 424 647 rum
456 592 663 647 statuit
692 591 750 646 in
783 608 844 647 se
874 590 1243 648 credentibus
1291 591 1722 646 conferendam.
1775 591 1938 646 Unde

290 685 348 736 et
376 679 672 735 Abraham
714 679 959 752 impigre
1003 681 1118 735 Deo
1169 680 1436 747 credidit,
1488 685 1550 736 ut
1598 680 1752 752 apud
1801 697 1934 734 eum

281 768 727 841 justificationis
756 769 1005 839 gratiam
1049 769 1349 841 reperiret,
1384 787 1563 842 quam
1610 771 1934 825 mercedem

289 856 383 914 sui
428 857 621 929 operis
667 855 1011 925 collocaret;
1065 857 1334 915 uberiora
1381 859 1537 914 enim
1586 859 1741 913 dona
1796 864 1936 913 sunt

287 947 615 1021 largientis,
665 963 838 1018 quam
890 965 1112 1003 merces
1160 949 1473 1020 cperantis.
1528 949 1838 1020 Propterea
1881 954 1936 1003 et

289 1037 375 1092 illi
408 1037 506 1108 qui
537 1035 925 1108 aequalitatem
964 1039 1248 1092 mercedis
1280 1037 1585 1103 invideret,
1637 1038 1937 1109 respondit

287 1125 610 1181 Dominus:
648 1147 675 1173 «
707 1123 764 1179 Si
796 1142 899 1197 ego
933 1126 1144 1191 bonus,
1179 1125 1386 1182 oculus
1434 1131 1573 1181 tuus
1605 1143 1784 1198 quare
1836 1143 1933 1181 ne-

289 1231 465 1287 quam
499 1215 718 1285 (Matth.
771 1232 864 1281 xx,
909 1215 1044 1285 15)?
1096 1238 1122 1262 ››
1172 1217 1370 1270 Patres
1421 1233 1557 1287 ergo
1606 1217 1791 1270 nostri
1845 1219 1932 1270 ut-

289 1306 420 1376 pote
450 1301 698 1374 proximi
731 1307 788 1357 et
838 1302 1095 1358 hacredes
1144 1303 1634 1374 patriarcharum,
1686 1304 1932 1374 plantati

288 1393 347 1448 in
378 1396 532 1446 terra
563 1391 1056 1462 repromissionis,
1093 1409 1206 1446 non
1241 1392 1364 1447 suis
1395 1392 1503 1448 hoc
1535 1393 1758 1448 meritis
1808 1394 1934 1447 vin-

289 1479 579 1536 dicabant.
615 1480 746 1534 Ideo
792 1497 893 1535 nec
945 1481 1172 1552 Moyses
1221 1499 1319 1536 eos
1372 1482 1618 1547 induxit,
1671 1499 1741 1536 ne
1790 1482 1935 1554 legis

289 1568 399 1624 hoc
428 1567 793 1623 existimetur
823 1585 972 1631 esse,
1009 1570 1108 1624 sed
1141 1570 1341 1640 gratiae
1369 1589 1380 1632 ;
1415 1570 1503 1624 lex
1533 1571 1691 1625 enim
1726 1571 1936 1625 merita

289 1656 597 1723 examinat,
657 1656 847 1727 gratia
904 1657 1075 1711 ﬁdem
1136 1662 1380 1728 spectat.
1446 1659 1605 1714 Unde
1663 1657 1936 1730 praeclare

285 1743 597 1817 Apostolus
629 1744 801 1799 fidem
828 1748 1058 1815 patrum
1093 1751 1328 1800 secutus
1363 1747 1478 1801 ait:
1516 1771 1541 1795 ‹‹
1594 1747 1702 1801 Sed
1751 1763 1937 1818 neque

287 1834 386 1906 qui
420 1831 664 1904 plantat,
695 1838 783 1888 est
813 1833 1156 1904 quidquam,
1207 1852 1396 1904 neque
1445 1835 1543 1905 qui
1594 1836 1781 1906 rigat;
1835 1835 1935 1891 sed

289 1921 391 1996 qui
423 1921 848 1975 incrementum
881 1921 980 1975 dat
1027 1922 1179 1976 Deus
1213 1924 1258 1993 (Ι
1309 1924 1428 1978 Cor.
1473 1941 1560 1991 ιιι,
1608 1927 1684 1991 7).
1724 1947 1750 1972 ››
1809 1925 1934 1978 Non

289 2006 443 2065 enim
475 2010 647 2065 Jesus
673 2009 824 2064 Nave
855 2009 952 2080 qui
989 2009 1236 2076 induxit,
1271 2028 1459 2082 neque
1501 2013 1600 2084 qui
1654 2011 1937 2084 plantavit

288 2115 386 2154 eos
415 2117 426 2166 ;
462 2099 562 2154 sed
595 2103 744 2154 Deus
769 2098 868 2168 qui
893 2097 1318 2154 incrementum
1337 2101 1551 2171 populo
1575 2101 1937 2167 dedit,habet

288 2187 483 2260 gloria:
517 2187 933 2259 principatum.

365 2276 448 2330 13.
483 2275 598 2330 Nec
628 2281 681 2330 te
714 2280 936 2330 moveat
968 2277 1107 2346 quia
1136 2277 1406 2348 superius
1445 2277 1591 2332 dixit
1621 2297 1631 2333 :
1669 2302 1693 2327 ‹‹
1730 2280 1936 2334 Manus

292 2368 394 2418 tua
449 2368 652 2435 gentes
710 2364 1078 2434 disperdidit,
1141 2369 1196 2420 et
1253 2366 1527 2437 plantasti
1587 2383 1686 2422 eos
1743 2369 1931 2434 (Psal.

288 2470 462 2520 XLXII,
494 2453 570 2522 3).
609 2474 634 2500 ››
667 2452 811 2507 Hinc
842 2452 997 2508 enim
1029 2453 1255 2526 colligis
1287 2455 1423 2527 quia
1454 2473 1570 2510 non
1610 2459 1802 2511 omnis
1835 2458 1932 2528 qui

289 2538 532 2610 plantat,
565 2543 666 2595 aut
695 2540 790 2612 qui
827 2541 992 2613 rigat,
1027 2542 1452 2599 incrementum
1503 2545 1636 2598 dat:
1689 2547 1788 2600 sed
1835 2546 1933 2617 qui

288 2627 714 2684 incrementum
776 2634 965 2700 potest
1010 2632 1169 2695 dare,
1226 2637 1416 2704 potest
1473 2633 1597 2704 ipse
1646 2634 1932 2705 plantare,

285 2715 438 2771 sicut
466 2720 668 2788 gentes
700 2717 994 2788 plantasse
1025 2720 1241 2774 dicitur
1280 2721 1583 2776 Dominus.
1619 2722 1747 2793 Ipse
1779 2723 1934 2778 enim

285 2803 586 2876 plantavit,
621 2806 721 2876 qui
754 2806 1098 2878 plantationi
1140 2809 1379 2864 donavit
1425 2811 1694 2865 affectum
1723 2829 1734 2877 ;
1772 2811 1831 2866 in
1863 2813 1936 2867 iis

286 2896 480 2947 tamen
521 2893 619 2964 qui
653 2911 754 2964 per
785 2895 956 2949 {idem
1005 2895 1220 2950 Christi
1273 2897 1518 2954 Domino
1553 2898 1778 2970 placere
1811 2917 1936 2955 me-

288 2985 552 3047 ruerunt,
595 2982 686 3036 cui
738 2982 843 3038 soli
903 3001 937 3038 a
989 2984 1153 3039 Patre
1210 2986 1427 3042 dicitur
1485 2987 1636 3044 Deo:
1672 3012 1698 3037 ‹‹
1755 2989 1936 3044 Filius

289 3086 456 3126 meus
507 3075 569 3124 tu
630 3086 725 3126 es:
786 3072 843 3127 in
894 3076 948 3128 te
1009 3073 1333 3145 complacui
1395 3077 1579 3147 (Marc,
1637 3096 1674 3143 1,
1736 3079 1845 3149 lt).
1904 3101 1930 3127 »

289 3159 393 3224 Qui
428 3175 564 3230 ergo
596 3158 906 3232 participes
948 3161 1156 3216 Christi
1211 3167 1367 3226 sunt,
1419 3165 1490 3220 ab
1541 3182 1606 3220 eo
1665 3166 1932 3238 placendi

1369 364 1854 467 ENARRATIO‘
1873 360 1951 427 IN
1997 359 2378 430 PSALMUM
2419 362 2629 430 xuu.
2702 331 2705 336 ’

3539 368 3698 434 MBO

2456 520 2484 550 «
2533 501 2618 555 Tu
2652 513 2712 556 es
2761 498 2886 572 ipse
2917 497 3034 556 Rex
3086 515 3271 556 meus.
3313 523 3339 551 »
3391 500 3513 557 Non
3562 503 3696 576 qui-

2045 605 2297 660 cumque
2326 589 2432 644 hoc
2464 589 2625 654 dicit,
2661 590 2759 645 sed
2796 591 2854 645 in
2885 607 3002 662 quo
3035 589 3134 645 Dei
3167 607 3410 663 regnum
3444 596 3531 646 est
3573 609 3585 648 :
3636 593 3692 648 in

2048 696 2162 749 quo
2194 684 2386 732 autem
2423 686 2626 750 regnat
2655 679 2832 746 Deus,
2867 680 3068 751 utique
3107 679 3166 733 iu
3198 696 3264 734 eo
3315 684 3550 751 peccata
3583 698 3694 736 non

2046 773 2340 840 regnant:
2402 785 2516 823 non
2575 768 2730 823 enim
2785 770 2897 824 Deo
2949 785 3195 839 regnum
3251 773 3339 825 cst
3385 787 3696 825 commune

2045 875 2178 912 cum
2211 857 2475 911 crimine.
2512 857 2651 923 Quis
2684 863 2879 912 auten
2914 857 3053 912 dicit
3101 858 3284 913 Deum
3335 875 3530 924 suum,
3585 858 3695 914 nisi

2045 947 2143 1017 qui
2208 946 2314 1018 ipsi
2373 945 2609 1000 exhibet
2666 945 2905 1017 plenum
2967 947 3298 1000 reverentia:
3358 951 3414 1001 et
3463 947 3697 1020 pietatis

2044 1035 2563 1090 aﬂ‘ectum?Justo
2615 1035 2772 1089 enim
2823 1035 3071 1089 dicitur:
3112 1057 3140 1083 «
3189 1037 3306 1106 Ego
3359 1053 3490 1090 sum
3542 1036 3695 1091 Deus

2047 1128 2184 1178 tuus
2217 1124 2366 1194 (Osce
2396 1141 2494 1188 xu,
2527 1125 2602 1189 9).
2641 1147 2665 1171 ››
2704 1122 2962 1195 Denique
2996 1127 3052 1177 et
3082 1124 3340 1178 Thomas
3374 1125 3471 1180 ubi
3507 1124 3698 1197 tetigit

2046 1230 2222 1267 manu
2258 1211 2491 1283 propria
2537 1211 2692 1265 latus
2740 1211 2975 1274 Christi,
3039 1216 3093 1265 et
3140 1213 3430 1268 evidentia
3479 1213 3697 1268 indicia

2046 1301 2386 1356 indubitata:
2464 1301 2907 1356 resurrectionis
2987 1301 3242 1364 invenit,
3327 1302 3692 1373 respondit:

2045 1391 2328 1446 Dominus
2363 1407 2547 1454 meus,
2598 1395 2653 1444 et
2711 1390 2862 1445 Deus
2922 1407 3087 1444 meus
3146 1392 3426 1461 (luamxx,
3490 1392 3598 1460 28}.
3667 1415 3692 1440 »

2044 1478 2350 1542 Dominus,
2385 1479 2522 1549 quia
2554 1479 2798 1533 redemit
2829 1478 3091 1533 servulos
3123 1496 3296 1534 suos:
3326 1480 3500 1544 Deus,
3559 1479 3699 1551 quia

2047 1584 2160 1622 non
2193 1566 2383 1622 solum
2419 1568 2751 1630 resurrexit,
2797 1569 2895 1623 sed
2919 1569 3095 1623 etiam
3118 1569 3242 1640 ipse
3277 1586 3337 1624 se
3370 1571 3694 1625 suscitavit.

2045 1655 2340 1710 Mandavit
2373 1661 2566 1710 autem
2619 1656 2836 1710 salutes
2884 1658 3100 1724 Jacob;
3156 1657 3292 1729 quia
3341 1659 3397 1713 in
3445 1658 3698 1729 singulis

2047 1743 2296 1798 oraculis
2328 1743 2489 1798 salus
2535 1749 2662 1798 est:
2717 1744 2774 1798 in
2826 1745 3073 1814 singulis
3122 1762 3350 1816 quoque
3403 1747 3564 1801 salus
3610 1752 3699 1802 est

1969 1868 2015 1932 Β
2049 1831 2492 1887 mansionibus:
2529 1831 2688 1888 salus
2718 1831 2775 1886 in
2812 1833 3154 1888 ministeriis
3185 1833 3550 1906 angelorum,
3597 1835 3696 1906 qui

2049 1922 2120 1976 ad
2151 1921 2571 1993 protoctionem
2604 1921 2910 1976 hominum
2935 1923 3399 1993 deputantur.Ex
3423 1923 3697 1978 mandato

2044 2027 2180 2081 ergo
2211 2010 2307 2064 Dei
2341 2009 2502 2065 salus
2533 2010 2783 2075 homini,
2821 2028 2934 2064 non
2969 2027 3035 2064 ex
3070 2029 3174 2064 sua
3206 2011 3538 2082 operatione
3565 2029 3698 2067 con-

2047 2100 2248 2153 fertur.
2284 2100 2437 2154 Dens
2467 2099 2623 2153 enim
2657 2098 2860 2154 maluit
2895 2103 2956 2152 ut
2989 2099 3148 2153 salus
3180 2099 3402 2154 homini
3452 2101 3562 2154 fide
3595 2117 3694 2171 po-

2045 2189 2364 2259 tius,quam
2398 2189 2671 2259 operibus
2699 2195 3150 2260 quaerereturme
3183 2189 3315 2259 quis
3344 2187 3696 2260 gloriaretur

2047 2277 2105 2330 in
2134 2277 2256 2331 suis
2289 2276 2477 2336 factis.
2509 2282 2565 2331 et
2597 2282 2897 2348 peccatum
2947 2277 3286 2331 incurreret.
3339 2277 3443 2341 Qui
3495 2280 3692 2332 autem

2045 2365 2330 2437 gloriatur
2361 2366 2414 2419 in
2450 2367 2718 2432 Domino,
2753 2367 3005 2420 fructum
3041 2365 3274 2436 pietatis
3324 2365 3597 2439 acquirit,
3643 2371 3697 2422 ct

2039 2454 2333 2524 jactantim
2367 2455 2585 2509 crimen
2619 2455 2829 2509 evadit.

2122 2544 2204 2596 15.
2240 2542 2424 2614 (Vers.
2477 2545 2554 2606 6.)
2611 2543 2712 2598 Hic
2763 2543 2940 2614 igitur
2985 2548 3071 2598 est
3122 2544 3219 2614 qui
3272 2548 3460 2615 potest
3507 2545 3697 2599 dicere

2046 2654 2072 2680 «
2127 2631 2188 2686 In
2236 2636 2291 2686 te
2344 2631 2614 2686 inimicos
2656 2636 2885 2686 nostros
2937 2632 3350 2687 ventilabimus
3412 2651 3614 2688 cornu.
3668 2657 3694 2682 ››

2047 2719 2194 2783 Quid
2227 2726 2317 2775 est
2345 2720 2622 2776 ventilare
2671 2721 2899 2775 cornu?
2948 2721 3116 2775 Dedit
3151 2720 3428 2776 Dominus
3478 2738 3697 2776 cornua

2047 2807 2316 2880 pluribus
2349 2808 2771 2874 animantibus,
2806 2813 2870 2862 ut
2904 2809 3131 2880 possint
3163 2825 3222 2863 se
3256 2827 3287 2864 a
3322 2810 3574 2864 ferarum
3607 2811 3695 2864 in-

2046 2898 2311 2952 cursione
2343 2899 2671 2953 defendere.
2711 2899 2960 2968 Ideoque
2993 2903 3048 2952 et
3078 2899 3182 2952 bos
3217 2897 3368 2953 leoni
3421 2899 3697 2970 frequen-

2045 2989 2134 3041 ter
2164 2986 2383 3042 resistit
2414 3004 2620 3041 ursum
2655 2987 2934 3058 proterit;
2970 3003 3172 3042 cervus
3205 3002 3440 3059 quoque
3490 3001 3695 3057 quam-

2045 3075 2132 3130 vis
2161 3077 2236 3130 sit
2268 3076 2532 3146 pavidus,
2566 3080 2760 3130 tamen
2795 3083 2845 3130 et
2881 3075 3001 3147 ipse
3043 3076 3316 3130 cornibus
3349 3093 3410 3131 se
3456 3079 3692 3130 tuetur:

2051 3164 2199 3219 aries
2230 3181 2463 3236 quoque
2493 3164 2702 3218 arietat
2734 3164 2959 3235 lupum.
2995 3165 3143 3234 Ergo
3189 3181 3254 3218 ea
3312 3181 3438 3236 quze
3478 3180 3698 3218 cornua

288 3229 537 3318 gratiam
569 3229 1028 3319 consequuntur.
1061 3249 1130 3302 Et
1169 3249 1409 3320 pulchre
1442 3252 1557 3306 ait:
1596 3275 1623 3302 «
1665 3229 1936 3326 Compla-
1971 3229 2014 3296 (ἶ
2051 3229 2267 3307 habent
2292 3229 2881 3317 animalia,ventilare
2911 3229 3537 3306 dicuntur.Sed-homo
3569 3267 3695 3305 cor-

291 3335 410 3390 cuit
439 3335 542 3390 tibi
576 3335 633 3390 in
668 3335 804 3401 illis,
842 3358 869 3384 »
905 3340 967 3390 ut
998 3336 1281 3391 distantia
1328 3339 1594 3392 videatur
1632 3342 1766 3412 jure
1819 3360 1938 3397 ser-

289 3428 440 3480 vata.
485 3425 656 3480 Recte
709 3425 864 3478 enim
915 3425 1068 3478 Deus
1117 3425 1174 3478 in
1225 3425 1368 3481 Filio
1424 3428 1747 3498 complacet
1803 3432 1940 3502 quia

291 3511 532 3583 aequalis
561 3516 650 3566 est
695 3512 870 3581 Patri,
917 3529 1023 3567 nec
1071 3513 1129 3567 in
1181 3513 1300 3570 ullo
1344 3515 1577 3571 decolor
1624 3517 1934 3585 invenitur,

288 3600 429 3672 quia
472 3599 794 3670 complacet
851 3601 1061 3656 divinae
1109 3603 1243 3672 jure
1299 3608 1544 3672 naturae,
1603 3610 1659 3659 et
1713 3607 1936 3664 unitate

286 3686 650 3742 substantia.
714 3688 782 3741 Et
838 3693 988 3744 recte
1038 3690 1362 3762 complacet
1403 3691 1462 3746 in
1526 3692 1663 3750 Filio
1723 3694 1931 3763 Pater;

286 3773 425 3847 quia
455 3774 627 3830 Pater
668 3775 1086 3832 honorificatur
1133 3778 1191 3832 in
1241 3779 1402 3844 Filio,
1457 3779 1608 3836 sicut
1658 3783 1714 3837 in
1766 3784 1934 3839 Patre

284 3863 489 3920 Filius.
524 3865 584 3918 In
619 3864 788 3919 nobis
813 3869 1010 3921 autem
1042 3867 1156 3922 Deo
1182 3867 1557 3940 complacuit,
1593 3871 1732 3943 quia
1763 3873 1931 3928 nobis

276 3953 404 4024 ipse
429 3953 684 4018 donavit,
720 3957 784 4008 ut
811 3955 860 4008 ei
915 3954 1140 4026 placere
1200 3957 1518 4028 possimus.
1582 3959 1675 4014 Pie
1733 3965 1929 4017 autem

275 4046 333 4096 et
361 4031 725 4096 hoc'homini
757 4042 1089 4114 Specialiter
1116 4045 1422 4115 donatum,
1481 4065 1593 4104 non
1647 4066 1924 4122 arrogan-

275 4130 395 4185 tius
428 4136 780 4202 usurpatum
819 4132 1123 4204 Scriptura
1153 4151 1257 4190 nos
1306 4136 1520 4191 docuit.
1566 4137 1738 4194 Decet
1770 4141 1926 4196 enim

278 4218 425 4273 utin
460 4217 533 4274 iis
563 4218 922 4291 complaceat
971 4221 1106 4288 Deo,
1159 4240 1306 4294 quos
1356 4225 1426 4278 ad
1477 4225 1925 4286 similitudinem

278 4323 444 4363 suam
479 4307 632 4376 fecit,
684 4313 740 4363 et
789 4325 937 4379 quos
986 4327 1089 4381 per
1143 4311 1459 4382 imaginem
1515 4331 1684 4372 suam
1743 4316 1925 4373 voluit

277 4394 717 4466 praerogativam
752 4396 948 4466 gratia:
981 4396 1194 4452 habere
1235 4398 1506 4468 cmlestis.
1555 4402 1619 4456 In
1671 4403 1923 4476 imagine

277 4498 413 4554 ergo
445 4500 552 4538 sua
583 4486 734 4538 Deus
766 4483 1125 4555 complacet:
1160 4485 1217 4539 in
1251 4486 1322 4541 iis
1352 4492 1547 4543 autem
1587 4491 1685 4561 qui
1717 4497 1925 4548 secun-

2049 3355 2165 3394 nua
2198 3357 2309 3395 non
2362 3341 2556 3394 habet.
2613 3340 2913 3405 Quomodo
2962 3356 3098 3410 ergo
3149 3339 3438 3394 ventilat?
3487 3339 3699 3393 Unde?

2047 3427 2191 3481 Vide
2221 3428 2518 3497 Scriptura
2549 3427 2686 3499 quid
2721 3427 2910 3482 dicat:
2946 3451 2971 3476 ‹‹
3009 3428 3068 3482 ln
3103 3432 3180 3491 te,
3233 3427 3447 3499 inquit,
3498 3427 3693 3482 inimi-

2048 3529 2146 3568 cos
2179 3519 2406 3569 nostros
2434 3516 2849 3571 ventilabimus
2880 3532 3080 3570 cornu.
3119 3540 3146 3564 ››
3179 3517 3371 3572 Cornu
3424 3521 3689 3572 nostrum

2047 3618 2108 3657 es
2134 3602 2469 3670 tu,Dominc
2499 3603 2724 3669 Jcsu,et
2757 3605 2884 3659 ideo
2912 3605 3064 3659 sicut
3097 3623 3207 3659 non
3242 3607 3298 3661 in
3332 3606 3566 3661 brachio
3593 3623 3692 3662 no-

2046 3695 2166 3745 stro
2196 3689 2628 3763 praesumimus,
2663 3690 2744 3746 ita
2775 3708 2877 3745 nec
2909 3691 2967 3744 in
3001 3691 3276 3747 cornibus
3309 3695 3526 3748 nostris
3557 3711 3694 3749 ven-

2043 3779 2251 3834 tilandi
2279 3779 2565 3834 habemus
2597 3773 2956 3851 praesidium,
2993 3781 3091 3833 sed
3124 3779 3183 3834 in
3214 3780 3463 3835 Christo.
3512 3782 3696 3836 Habet

2041 3869 2194 3924 enim
2223 3869 2364 3923 ﬁdes
2396 3885 2614 3923 cornua
2641 3885 2901 3940 sua,quaa
2938 3873 3243 3922 mutuatur
3272 3885 3304 3922 a
3335 3868 3683 3924 Christo.Si-

2040 3957 2273 4028 quidem
2293 3973 2407 4012 non
2425 3957 2677 4012 otiosein
2694 3956 3196 4012 benedictionibus
3216 3956 3396 4029 Moysi
3412 3955 3687 4028 legimus:

2041 4069 2066 4095 ‹‹
2100 4046 2240 4109 Quis
2273 4046 2432 4101 visus
2453 4050 2539 4101 est
2570 4046 2628 4100 in
2664 4046 3029 4112 rubo,veniat
3061 4061 3238 4117 super
3267 4049 3443 4117 caput
3473 4046 3688 4117 Joseph

2038 4140 2093 4190 et
2115 4151 2290 4207 super
2305 4135 2577 4190 verticem
2601 4135 3119 4208 ejus,glori[icatus
3146 4135 3295 4189 inter
3321 4134 3527 4189 fratres
3551 4151 3689 4190 suos

2037 4223 2464 4296 primogenitus
2493 4240 2506 4278 :
2540 4224 2691 4278 tauri
2720 4223 2899 4278 decus
2956 4222 3180 4294 species
3229 4222 3438 4294 ipsius,
3471 4238 3691 4277 cornua

2035 4306 2343 4368 Unicornui
2378 4328 2595 4367 cornua
2628 4312 2847 4383 ipsius:
2881 4311 2939 4365 in
2971 4311 3118 4381 ipsis
3150 4315 3356 4382 gentes
3388 4310 3693 4365 ventilabit

2035 4401 2210 4456 simul
2242 4418 2429 4472 usque
2462 4402 2530 4455 ad
2566 4405 2892 4456 extremum
2928 4399 3248 4454 terraeHzec
3279 4400 3479 4455 decem
3506 4399 3691 4456 millia

2035 4489 2319 4561 Ephrazm,
2354 4493 2410 4542 et
2445 4489 2563 4543 haec
2627 4488 2812 4542 millia
2872 4489 3181 4543 Mannassc
3214 4490 3686 4559 (Dcut.xxxui,lO,

277 4570 420 4624 dum
479 4570 796 4642 imaginem
847 4571 1035 4643 ipsius
1094 4577 1252 4640 sunt,
1304 4574 1628 4646 complacet
1676 4583 1809 4635 Deo.
1865 4582 1925 4637 In
1963 4597 2005 4660 ι)
2040 4579 2147 4650 l7).
2183 4601 2208 4626 n
2245 4577 2384 4642 Quis
2415 4581 2503 4632 est
2536 4577 2589 4630 in
2637 4577 2783 4631 rubo
2835 4576 2995 4632 visus
3046 4577 3248 4649 Moysi.
3302 4579 3411 4634 nisi
3469 4579 3684 4652 9Ρὶωο-

276 4657 369 4714 his
400 4664 596 4714 autem
628 4677 803 4715 suum
849 4678 1085 4729 munus,
1141 4666 1197 4717 et
1244 4679 1418 4718 suum
1468 4665 1711 4736 donum,
1763 4672 1920 4740 quod

272 4751 414 4804 tunc
446 4747 813 4817 revelabitur,
847 4767 980 4806 cum
1015 4751 1333 4822 perfectum
1385 4752 1527 4808 illud
1579 4757 1916 4826 advenerit;

276 4835 416 4907 quia
449 4860 476 4885 «
511 4853 644 4892 cum
679 4839 1016 4910 apparuerit
1046 4839 1186 4912 quid
1219 4840 1425 4907 simus,
1474 4843 1696 4899 similes
1727 4845 1776 4900 ei
1810 4848 1921 4901 eri-

277 4941 430 4981 mus.
467 4949 494 4974 ‹‹
529 4930 593 4981 ut
623 4926 907 4999 scriptum
942 4932 1031 4984 est
1060 4929 1107 4999 (1
1133 4931 1290 4984 Joan.
1326 4947 1408 4997 III,
1434 4931 1508 5001 2).

341 5014 424 5069 14.
470 5013 657 5083 (Vers.
692 5016 772 5087 5.)
805 5017 954 5088 Ergo
989 5015 1088 5088 qui
1119 5033 1233 5072 non
1265 5017 1323 5072 in
1351 5017 1588 5076 brachio
1636 5039 1762 5089 suo,
1813 5024 1922 5079 hoc

275 5106 383 5166 est,
421 5103 478 5158 in
512 5120 619 5159 sua
645 5106 978 5176 operatione
1010 5105 1330 5176 praesumit,
1362 5108 1460 5162 sed
1493 5108 1550 5164 in
1588 5111 1680 5165 Dei
1713 5113 1918 5183 gratia;

284 5192 528 5248 credens
564 5194 718 5265 quod
750 5211 864 5248 non
899 5193 1049 5249 facta
1079 5211 1187 5247 sua
1215 5201 1924 5270 unumquemquejustifi-

272 5283 428 5348 cant,
462 5281 562 5336 Sed
596 5283 741 5336 fides
772 5286 1064 5353 prompta,
1112 5280 1253 5336 dicit
1298 5285 1581 5340 Domino:
1643 5311 1661 5335 α
1718 5289 1803 5344 Tu
1856 5307 1917 5345 es

272 5367 396 5440 ipse
428 5369 546 5424 Rex
577 5385 764 5434 meus,
797 5374 853 5424 et
881 5371 1034 5425 Deus
1065 5385 1254 5436 meus,
1288 5371 1386 5441 qui
1419 5375 1664 5432 mandas
1696 5376 1918 5435 salutes

271 5456 473 5512 Jacob.
561 5479 587 5504 ››
658 5458 811 5514 893
873 5458 999 5513 Non
1078 5457 1514 5535 perfunctorius
1568 5481 1760 5521 sermo
1835 5472 1924 5524 est

347 5597 457 5666 (.68)
490 5597 640 5652 Edit.
677 5599 864 5666 Rom.,
901 5617 1007 5655 non
1036 5616 1372 5658 consumere.
1410 5604 1522 5660 Sed
1556 5606 1612 5663 in
1663 5608 1911 5667 aliarum

275 5685 340 5726 ac
370 5684 513 5724 mss.
543 5667 788 5726 lectione
820 5671 962 5726 nihil
993 5673 1486 5733 mutandum.Est
1514 5679 1670 5737 enim
1703 5680 1796 5738 hic
1825 5683 1911 5738 el-

2035 4667 2267 4738 genitus
2300 4665 2393 4720 Dei
2429 4664 2633 4730 Filius,
2669 4666 2768 4737 qui
2797 4666 2912 4722 ait:
2954 4689 2980 4716 ‹‹
3022 4667 3138 4737 Ego
3193 4683 3326 4722 sum
3376 4667 3530 4723 Deus
3581 4685 3686 4738 pa-

2034 4760 2187 4808 trum
2220 4759 2478 4818 tuorum,
2513 4753 2667 4809 Deus
2719 4755 3038 4820 Abraham,
3090 4755 3243 4810 Deus
3293 4755 3472 4822 Isaac,
3527 4754 3682 4808 Deus

2029 4842 2208 4896 Jacob
2239 4842 2429 4912 (Exod.
2461 4857 2549 4906 ιιι,
2583 4844 2639 4912 6)
2660 4843 2686 4896 ‘.’
2714 4866 2739 4891 ››
2767 4844 2897 4898 Ideo
2928 4860 2989 4898 se
3021 4842 3441 4897 demonstravit
3475 4841 3682 4895 huma-

2031 4931 2121 4985 nis
2153 4931 2612 5004 aspectibus,qui
2643 4938 2924 4987 venturus
2957 4937 3078 4987 erat
3111 4936 3176 4985 ut
3207 4931 3278 4984 ab
3303 4927 3578 4984 omnibus
3607 4930 3683 4982 vi-

2028 5018 2280 5074 deretur.
2320 5019 2449 5074 Ideo
2483 5022 2666 5075 rubus
2700 5021 2998 5087 urebatur,
3035 5024 3091 5072 et
3123 5036 3236 5073 non
3291 5018 3677 5085 exurebatur;

2027 5111 2127 5179 qui
2159 5113 2371 5164 terram
2407 5111 2577 5164 istam
2611 5127 2738 5182 quae
2767 5109 2935 5164 nobis
2987 5108 3187 5179 spinas
3231 5107 3597 5180 germinabat
3626 5112 3682 5163 et

2027 5204 2244 5262 sentes,
2279 5197 2625 5269 disponebat
2658 5215 2824 5253 urere
2857 5214 2958 5268 per
3005 5195 3376 5250 continentiae
3426 5195 3680 5266 discipli-

2029 5303 2184 5352 nam,
2221 5303 2397 5358 quam
2432 5302 2773 5342 consumere
2799 5285 2910 5356 (.58)
2943 5300 3044 5356 per
3084 5283 3287 5339 mortis
3331 5300 3674 5340 aerumnam.

2026 5375 2188 5430 Unde
2219 5372 2708 5444 dicitPrOphcta:
2748 5395 2775 5421 ‹‹
2836 5378 2948 5428 Ure
3000 5388 3165 5428 renes
3224 5388 3406 5438 meos,
3467 5376 3525 5428 et
3581 5391 3678 5429 cor

2024 5480 2217 5521 meum
2253 5463 2421 5531 (Psal.
2483 5479 2614 5528 xxv,
2677 5462 2750 5528 2).
2811 5460 3158 5516 nRevelavit
3207 5477 3343 5533 ergo
3404 5462 3671 5518 futurum

2022 5607 2190 5680 lipsis
2222 5601 2478 5680 adverbii
2509 5605 2709 5680 magis,
2740 5604 2827 5680 vel
2855 5606 3037 5680 potius
3073 5623 3084 5660 :
3121 5621 3244 5676 qua:
3281 5605 3466 5676 ﬁgura
3502 5605 3669 5659 mini-

2025 5675 2118 5736 me
2144 5675 2405 5733 insolens
2437 5677 2590 5747 apud
2617 5675 3000 5733 Ambrosium
