4112 6190
424 239 575 318 ΗΜ

1882 237 1949 304 s.
1994 237 2370 326 AMBROSII

3671 243 3834 321 1183

329 386 334 390 “
421 377 716 456 quoddam
749 370 1008 448 corporei
1058 370 1386 448 splendori
1434 372 1739 446 indicium,
1792 391 1907 450 quo
1959 393 2061 450 per
2092 379 2146 445 Α
2176 377 2332 433 rium
2360 382 2697 446 statuerunt
2725 394 2798 450 ne
2839 395 3084 439 nervum
3133 375 3564 437 manducarent
3591 376 3699 437 ﬁlii
3745 382 3834 440 Is-

420 466 904 523 resurrectionem
936 481 1066 520 caro
1096 463 1210 520 ista
1241 463 1505 538 fulgeret.
1534 465 1682 529 Quid
1699 464 1852 529 enim
1885 465 2067 538 signi-

418 556 632 612 ﬁcabat
659 554 814 628 ignis
847 554 1139 620 innoxius,
1172 555 1284 610 nisi
1315 553 1544 610 lumina
1575 554 2008 627 resurgentium
2039 555 2067 610 ?

418 645 581 702 Unde
628 643 1001 718 praesumpsit
1043 643 1353 716 Apostolus
1405 644 1615 709 dicere,
1650 644 1788 716 quia
1835 667 1864 695 «
1915 645 2069 700 sicut

418 733 587 791 stella
618 753 650 789 a
682 733 852 789 stella
881 733 1072 788 differt
1103 732 1160 788 in
1195 732 1476 799 claritate,
1505 733 1586 787 ita
1615 737 1670 788 et
1719 734 2066 790 resurrectio

419 828 785 881 mortuorum
820 823 866 892 (l
891 823 1022 878 Cor.
1052 840 1143 877 xv.
1175 822 1265 888 41,
1295 823 1404 892 42).
1443 844 1470 870 ››
1512 822 1614 878 Hic
1664 839 1820 895 ergo,
1871 822 2066 895 inquit

414 913 614 969 veniat
643 929 819 984 super
847 915 1021 982 caput
1052 912 1206 979 894
1236 910 1424 967 tribus
1453 911 1691 983 Josepb,
1743 916 1808 967 ut
1855 911 2065 968 exaltet

416 1007 592 1075 caput
619 1000 818 1072 populi
849 999 972 1055 sui:
1008 1001 1194 1056 veniat
1228 1000 1400 1056 etiam
1434 1017 1610 1072 super
1652 1000 1945 1069 verticem,
2001 1005 2066 1057 ut

413 1092 686 1154 verticem
719 1088 912 1161 capilli
939 1089 1742 1162 perambulet,amputaturus
1763 1077 2062 1162 superflua

415 1181 782 1244 delictorum,
817 1178 1289 1234 sanctiﬁcaturus
1322 1183 1664 1234 ornamenta
1681 1179 1987 1233 virtutum.

483 1271 571 1327 46.
608 1269 709 1324 Hic
740 1273 828 1324 est
857 1267 1217 1341 gloriﬁcatus
1248 1267 1396 1322 inter
1443 1268 1650 1323 fratres
1696 1285 1855 1336 suos,
1911 1267 2061 1324 sicut

411 1360 536 1436 ipse
566 1358 746 1414 dicit:
786 1382 812 1409 «
842 1357 1100 1413 Narrabo
1135 1373 1347 1412 nomen
1380 1362 1545 1412 tuum
1582 1357 1862 1413 fratribus
1913 1357 2059 1413 meis

413 1450 584 1522 (Psal.
623 1448 873 1520 xx1,‘23).
910 1448 1045 1511 Quae
1080 1448 1266 1517 major
1311 1451 1402 1503 est
1451 1446 1657 1520 gloria,
1707 1463 1883 1518 quam
1928 1463 2058 1518 pec-
2101 1503 2104 1506 ,

410 1539 636 1596 toribus
665 1537 968 1594 nationum
1003 1536 1114 1609 (49)
1159 1537 1550 1609 cognitionem
1599 1535 1921 1593 divinitatis
1967 1536 2054 1590 in-

410 1627 696 1684 fundere?
726 1643 899 1698 quem
933 1626 992 1679 in
1040 1624 1262 1680 visione
1304 1625 1449 1680 vidit
1475 1625 1713 1696 Joseph,
1747 1626 1901 1697 quod
1934 1640 2058 1679 ma-

2177 469 2315 532 rael.
2346 471 2412 536 Et
2441 468 2575 552 (ideo
2605 469 2754 548 sacri
2785 469 3092 550 sanguinis
3123 486 3185 526 se
3216 467 3621 542 redemptione
3665 469 3830 527 frau-

2176 559 2408 628 darunt,
2443 558 2756 626 salutiferae
2780 557 3022 632 quoque
3062 557 3356 631 passionis
3406 574 3469 626 se
3524 558 3829 626 beneﬁciis

2175 647 2542 713 abdicarunt,
2589 664 2660 704 ne
2707 647 2888 704 vitam
2919 636 3270 703 (mereantur
3315 650 3637 716 aeternam;
3691 650 3831 721 quia

2176 736 2460 809 scriptum
2492 741 2615 796 est:
2654 759 2680 785 ‹‹
2713 737 2834 792 Nisi
2865 734 3358 792 manducaveritis
3412 752 3655 791 carnem
3703 737 3830 793 Filii

2175 825 2452 894 hominis,
2474 829 2531 882 et
2562 825 2828 892 biberitis
2858 826 2988 895 ejus
3009 824 3509 896 sanguinem,non
3531 825 3826 882 habebitis

2176 913 2231 968 in
2265 913 2426 970 vobis
2458 913 2602 986 ipsis
2633 913 2834 968 vitam.
2869 912 2977 978 Qui
3026 916 3224 968 autem
3273 912 3594 967 manducat
3637 930 3828 986 meam

2171 1019 2426 1066 carnem,
2460 1007 2516 1058 et
2540 1001 2684 1058 bibit
2708 990 2904 1062 meum
2937 1001 3310 1074 sanguinem,
3355 1000 3589 1056 habebit
3638 1002 3824 1057 vitam

2172 1097 2447 1152 aeternam
2488 1077 2662 1162 (Joan.
2722 1108 2799 1159 v1,
2830 1091 2921 1160 5h,
2955 1092 3066 1157 55).
3102 1113 3130 1138 ››
3180 1089 3392 1161 Accipe
3436 1088 3609 1144 aliud.
3654 1091 3818 1154 Quid

2169 1186 2258 1237 est
2285 1197 2519 1248 nervus,
2556 1180 2669 1236 nisi
2702 1197 2818 1252 quo
2858 1196 3071 1252 corpus
3117 1195 3288 1234 omne
3348 1178 3762 1252 constringitur
3784 1179 3817 1233 ?

2169 1270 2392 1343 Corpus
2422 1269 2635 1328 Christi
2666 1268 2924 1330 Ecclesia
2953 1272 3060 1335 est,
3093 1284 3221 1340 quae
3252 1267 3481 1322 vinculo
3506 1267 3826 1340 stringitur

2169 1356 2490 1418 charitatis.
2525 1358 2672 1432 Quid
2699 1358 2858 1414 aliud
2890 1359 2947 1413 in
2980 1355 3207 1413 Christo
3239 1355 3446 1423 Judai,
3480 1355 3593 1410 nisi
3629 1355 3830 1411 chari-

2172 1447 2304 1504 tatis
2334 1447 2632 1503 vinculum
2664 1462 2837 1519 omne
2866 1444 3211 1502 solverunt?
3238 1443 3438 1499 Merito
3489 1443 3700 1499 Petrus
3732 1461 3829 1500 sa-

2169 1536 2371 1592 cerdos
2401 1535 2656 1608 eligitur,
2691 1524 2792 1608 qui
2821 1533 3031 1608 spiritu
3063 1531 3362 1589 charitatis
3397 1531 3611 1588 divina:
3644 1533 3829 1606 tripli-

2168 1625 2219 1682 ci
2252 1641 2312 1680 se
2343 1622 2562 1697 ligavit.

408 1715 681 1789 nipulum
713 1716 840 1785 ejus
871 1714 1178 1768 adorarent
1208 1714 1454 1768 fratrum
1499 1713 1807 1785 manipuli,
1851 1714 2055 1768 adora—
2090 1742 2137 1810 Β
2238 1713 2348 1769 47".
2381 1712 2588 1786 Accipe
2617 1711 2810 1768 adhuc
2841 1711 2979 1810 quia
3023 1709 3218 1792 ipsum
3249 1708 3610 1810 signiﬁcavit
3661 1708 3825 1783 May;

411 1808 496 1861 ret
524 1820 658 1860 eum
691 1801 774 1859 sol
809 1807 865 1858 et
893 1801 1034 1857 luna
1065 1818 1196 1857 cnm
1228 1802 1432 1858 stellis.
1469 1801 1804 1874 Manipulus
1856 1801 1952 1858 ille
1995 1803 2053 1860 in

411 1895 596 1968 ﬁgura
629 1891 824 1948 carnis
851 1891 1172 1964 accipitur;
1206 1892 1400 1948 omnis
1443 1892 1602 1947 enim
1652 1909 1784 1948 caro
1833 1891 2052 1946 fenum.

409 1984 629 2039 Fenum
676 1981 783 2037 hoc
833 1984 1096 2036 nostrum
1147 1980 1425 2053 suscepit,
1469 1984 1536 2035 ut
1587 1997 1759 2036 suum
1815 1980 2056 2036 trticum

407 2071 848 2146 germinaret,et
871 2071 1125 2126 fructum
1158 2069 1606 2126 resurrectionis
1635 2069 2055 2134 oil‘erret.Quae-

407 2161 486 2218 ris
537 2159 994 2216 testimonium?
1041 2159 1194 2213 Audi
1239 2159 1309 2214 de
1366 2175 1428 2215 se
1481 2160 1808 2216 dicentem:
1844 2182 1872 2209 ‹‹
1931 2158 2052 2214 Nisi

405 2265 658 2322 granum
690 2247 865 2308 tritici
895 2247 1112 2303 cadens
1143 2247 1202 2301 in
1237 2251 1452 2303 terram
1503 2247 1807 2318 moriatur,
1854 2247 2052 2320 ipsum

408 2337 599 2394 solum
633 2339 867 2391 manet:
902 2335 950 2391 si
984 2340 1177 2391 autem
1210 2340 1510 2391 mortuum
1549 2335 1743 2407 fuerit,
1797 2335 2051 2392 multum

407 2427 663 2488 fructum
695 2425 894 2480 afferet
940 2425 1116 2495 (Joan.
1163 2443 1264 2492 χιι,
1316 2425 1426 2486 2i).
1477 2425 1740 2498 Denique
1787 2429 1852 2480 ut
1900 2425 2052 2482 scias

407 2515 544 2588 quia
572 2514 643 2569 de
671 2512 772 2572 Dei
806 2511 947 2570 Filio
979 2513 1118 2568 dicit
1151 2513 1400 2585 Moyses,
1432 2513 1550 2569 ait:
1596 2535 1625 2563 «
1678 2513 2051 2570 Gloriﬁcatus

404 2604 557 2660 inter
587 2603 796 2658 fratres
827 2619 968 2658 suos
995 2601 1423 2675 primogenitus
1452 2604 1630 2674 (Deut.
1653 2620 1864 2670 χχχιιι,
1901 2606 2049 2672 17).»

403 2692 615 2764 Utique
645 2709 762 2747 non
790 2691 1008 2764 Joseph
1059 2695 1183 2748 erat
1229 2691 1654 2764 primogenitus
1702 2693 1854 2749 inter
1900 2692 2050 2749 ﬁlios

399 2780 708 2847 Jacob,sed
738 2780 943 2836 Ruben
974 2799 986 2848 ;
1020 2797 1159 2835 nam
1185 2780 1404 2853 Joseph
1439 2785 1570 2852 post
1590 2780 1878 2850 plurimos
1904 2787 2046 2838 erat.

402 2870 512 2926 Sed
541 2868 966 2942 primogenitus
1015 2869 1249 2936 dicitur,
1300 2870 1400 2942 qui
1451 2874 1734 2926 venturus
1784 2874 1926 2938 erat,
1985 2875 2052 2926 ut

403 2957 711 3037 nationum
745 2957 991 3030 populos
1023 2963 1419 3032 congregaret.

479 3048 562 3103 l7.
595 3047 757 3103 Unde
788 3046 1029 3119 pulchre
1056 3048 1136 3104 ait
1163 3049 1504 3120 Scriptura:
1557 3071 1585 3097 «
1640 3049 1817 3104 Tauri
1868 3047 2046 3105 decus

403 3137 531 3206 ejus
560 3135 718 3201 (Ibid.
757 3136 792 3206 ).
830 3159 858 3185 »
889 3135 1053 3193 Sicut
1073 3136 1228 3192 enim
1260 3141 1467 3192 taurus
1498 3137 1662 3193 ducit
1691 3142 2045 3204 armentum,

356 3233 361 3246 '
401 3223 484 3279 ita
507 3223 782 3280 Christus
805 3223 1034 3296 plebem
1075 3226 1336 3297 gentium
1388 3225 1551 3280 duxit
1589 3226 1665 3280 ad
1705 3226 2044 3294 Ecclesiam,

401 3310 633 3368 induxit
660 3312 731 3366 ad
778 3329 1036 3384 pascua;
1087 3317 1151 3368 ut
1190 3317 1387 3383 posset
1446 3313 1672 3370 dicere:
1731 3337 1758 3364 «
1810 3319 1872 3369 In
1921 3314 2047 3372 loco

398 3417 627 3472 pascuae
661 3399 737 3455 ibi
769 3416 861 3455 me
899 3399 1229 3456 collocavit:
1264 3418 1442 3471 super
1471 3418 1683 3472 aquam
1718 3403 2046 3460 refectionis

400 3485 704 3541 constituit
735 3503 826 3541 me
859 3486 1032 3557 (Psal.
1065 3505 1206 3556 χχιι,
1238 3491 1294 3554 2,
1325 3489 1402 3560 3).
1439 3489 1466 3538 ἱ›
1501 3488 1686 3560 Hujus
1711 3489 1863 3546 tauri
1885 3491 2050 3548 deco-

400 3589 521 3629 rem
552 3590 655 3645 pro
681 3579 860 3645 .captu
892 3580 1102 3634 nostrae
1134 3575 1466 3650 fragilitatis
1499 3582 1770 3635 armenta
1800 3579 1908 3652 (50)
1957 3597 2046 3636 se-

399 3666 534 3717 cuta
562 3666 702 3717 sunt
743 3665 1180 3732 praecedentem,
1235 3671 1300 3722 ut
1348 3666 1528 3722 vitam
1585 3667 2050 3740 adipiscerentur

400 3755 695 3808 aeternam.
732 3750 974 3824 Mugivit
1003 3752 1098 3809 hic
1128 3759 1355 3820 taurus,
1387 3759 1444 3810 et
1476 3771 1630 3811 mors
1668 3757 1902 3828 refugit.
1936 3758 2046 3814 Leo

400 3839 641 3912 r.ugit,et
670 3840 804 3910 quis
838 3857 951 3896 non
985 3841 1153 3899 timet
1177 3843 1204 3898 ?
1237 3843 1381 3899 Vere
1409 3844 1670 3900 maxima
1696 3848 1902 3901 taurus
1929 3846 2045 3902 vic-

397 3928 563 3995 time,
623 3932 687 3982 ut
739 3929 811 3983 ab
870 3929 1217 3986 adversariis
1290 3948 1644 3988 assumanus
1712 3934 2046 3994 testimonia

397 4016 577 4088 (Virg.
604 4014 707 4070 lib.
757 4033 796 4071 ιι
857 4015 1087 4088 Georg.).
1148 4018 1281 4083 Quae
1341 4020 1530 4092 major
1581 4020 1739 4077 enim
1786 4021 2043 4092 victima,

399 4121 576 4177 quam
608 4120 735 4176 qua:
769 4105 972 4162 mundi
1001 4107 1182 4162 totius
1204 4112 1505 4180 peccatum
1531 4125 1636 4164 suo
1659 4126 1860 4168 cruore
1883 4128 2048 4166 mun-

397 4190 598 4247 davit?
631 4191 778 4247 Audi
813 4192 953 4264 quia
982 4193 1178 4267 ipsum
1210 4199 1447 4260 taurum
1501 4194 1640 4251 dicit
1687 4197 1861 4253 etiam
1911 4216 2044 4255 san-

401 4284 529 4334 ctus
562 4279 846 4352 propheta
874 4281 1091 4350 Jacob;
1126 4300 1261 4339 cum
1310 4283 1590 4340 revelaret
1632 4285 1863 4340 Domini
1914 4304 2046 4359 pas-

401 4366 648 4432 sionem,
682 4385 854 4438 quem
888 4371 1072 4426 Judaei
1124 4377 1326 4444 postea
1374 4374 1661 4444 persecuti
1710 4379 1869 4430 sunt.
1900 4399 1927 4425 ‹‹
1983 4376 2046 4432 In

2115 1797 2135 1818 "
2167 1819 2280 1860 ses.
2336 1801 2486 1859 895
2528 1801 2758 1872 Adjecit
2797 1817 2811 1855 :
2865 1824 2893 1850 ‹‹
2940 1800 3171 1856 Cornua
3217 1797 3549 1866 unicornui,
3603 1815 3829 1856 cornua

2167 1890 2399 1964 ipsius:
2461 1891 2522 1944 in
2580 1889 2724 1964 ipsis
2754 1891 2959 1961 gentes
3007 1886 3318 1954 ventilabit
3371 1887 3551 1956 (Deut.
3615 1904 3827 1957 χχχιιι,

2165 1980 2273 2052 47).
2308 2002 2335 2030 ››
2369 1978 2481 2036 Sed
2513 1966 2634 2034 noli
2664 1966 2869 2033 timere
2900 1976 3037 2052 quia
3082 1974 3364 2043 ventilat;
3417 1974 3560 2030 dixit
3603 1975 3770 2031 enim
3808 1995 3822 2045 ;

2164 2092 2193 2120 «
2227 2067 2554 2124 Percutiam
2582 2071 2639 2123 et
2681 2066 2898 2122 sanabo
2952 2065 3126 2136 (Deut.
3179 2079 3361 2131 xxvu,
3414 2062 3522 2132 39).
3567 2086 3595 2111 ››
3649 2063 3820 2120 Bona

2163 2174 2401 2226 cornua,
2461 2156 2679 2230 quibus
2724 2154 2966 2210 inclusit
3014 2153 3214 2209 orbem
3268 2154 3590 2207 terrarum:
3651 2152 3820 2209 bona

2164 2263 2400 2312 cornua,
2433 2245 2650 2319 quibus
2705 2243 2934 2314 leonem
2989 2241 3158 2297 illum
3214 2244 3484 2296 nostrum
3534 2241 3822 2298 adversa-

2163 2336 2318 2394 rium
2349 2333 2685 2390 ventilavit:
2720 2332 2872 2389 bona
2902 2347 3142 2399 cornua,
3176 2329 3394 2402 quibus
3426 2329 3559 2385 ferit
3592 2332 3666 2385 ut
3695 2346 3825 2387 cor-

2163 2443 2280 2482 nua
2309 2421 2624 2486 adversarii
2654 2421 2862 2478 timere
2893 2435 3277 2492 nequeamus,
3312 2417 3453 2490 quia
3482 2423 3541 2474 et
3566 2418 3824 2494 satanas

2161 2515 2336 2571 habet
2365 2529 2584 2569 cornua
2613 2528 2743 2580 sua,
2773 2510 2924 2582 sicut
2951 2509 3304 2565 testiﬁcatus
3334 2509 3423 2563 est
3464 2506 3682 2562 Daniel
3735 2509 3829 2563 di-

2161 2618 2334 2660 cens:
2369 2626 2396 2651 ‹‹
2427 2600 2712 2661 Videbam
2769 2603 2827 2655 et
2883 2614 3066 2654 cornu
3127 2596 3296 2661 illud,
3357 2595 3515 2670 quod
3568 2595 3829 2652 faciebat

2159 2707 2419 2765 pugnam
2449 2706 2585 2746 cum
2615 2687 2872 2754 sanctis:
2922 2690 2980 2754 et
3027 2684 3426 2741 invalescebat
3471 2684 3578 2753 eis,
3637 2685 3826 2741 donec

2159 2781 2315 2838 venit
2342 2779 2637 2850 Antiquus
2668 2777 2895 2840 dierum
2955 2779 3122 2845 (Dan.
3173 2791 3276 2841 VII,
3328 2773 3421 2839 2i,
3470 2773 3586 2844 22).
3629 2797 3658 2823 υ
3722 2774 3824 2830 Hic

2158 2874 2246 2926 est
2275 2868 2555 2940 antiquus
2585 2867 2833 2926 dierum.
2868 2863 3007 2936 Quis
3039 2867 3236 2919 autem
3269 2862 3668 2930 unicornuus,
3710 2862 3822 2919 nisi

2160 2957 2499 3030 unigenitus
2539 2954 2639 3012 Dei
2697 2953 2900 3022 Filius,
2960 2957 3016 3008 et
3071 2953 3314 3007 unicum
3366 2950 3465 3006 Dei
3518 2950 3823 3018 Verbum,

2157 3047 2313 3120 quod
2343 3048 2467 3102 erat
2497 3045 2556 3099 in
2588 3042 2870 3118 principio
2893 3041 3046 3114 apud
3067 3041 3298 3096 Patrem
3317 3039 3346 3094 ?
3365 3040 3528 3106 Quod
3551 3039 3824 3098 Verbum

2079 3106 2280 3198 Clsuis
2312 3106 2878 3208 cornibusigentium
2909 3106 3156 3205 pepulos
3200 3128 3591 3197 mortiﬁcavit,
3652 3133 3716 3184 et
3743 3131 3825 3184 vi-

2154 3221 2426 3287 viﬁcavit,
2458 3224 2524 3276 ut
2553 3220 2757 3276 ﬁerent
2785 3219 2843 3274 in
2876 3217 3076 3274 decem
3107 3215 3293 3272 millia
3323 3215 3594 3288 Ephrem
3624 3234 3824 3292 usque

2157 3312 2228 3367 ad
2259 3309 2542 3370 terminos
2573 3312 2758 3376 terrae,
2789 3311 2850 3370 ,et
2879 3321 3066 3386 usque
3098 3306 3158 3361 in
3210 3304 3397 3362 millia
3449 3305 3819 3363 Manassen:

2155 3416 2222 3458 eo
2255 3400 2409 3472 quod
2441 3397 2768 3456 crediturus
2797 3401 2954 3462 esset
2983 3396 3043 3451 in
3065 3411 3198 3452 eum
3221 3393 3475 3467 populus
3499 3394 3817 3463 nationum

2157 3489 2257 3562 qui
2290 3491 2477 3544 totum
2509 3485 2756 3560 repleret
2783 3486 2984 3542 orbem
3009 3488 3300 3541 terrarum
3325 3483 3701 3553 ;crediturus
3725 3500 3815 3540 es-

2157 3581 2246 3634 set
2274 3579 2476 3650 postea
2493 3576 2681 3637 etiam
2713 3573 2966 3648 populus
2986 3573 3348 3638 Judaeorum,
3398 3588 3467 3628 ex
3519 3570 3819 3629 oblivione

2158 3681 2475 3727 conversus
2503 3664 2574 3734 ad
2608 3662 2877 3737 gratiam.
2927 3661 3158 3725 Oblitus
3207 3664 3297 3717 est
3342 3661 3502 3717 enim
3557 3659 3814 3729 salutem

2160 3769 2350 3822 suam,
2386 3753 2487 3826 qui
2525 3755 2646 3812 tam
2695 3767 2824 3825 sero
2879 3745 3313 3814 ocnverteretur
3361 3750 3435 3805 ad
3485 3749 3808 3807 Christum.

2156 3842 2287 3898 Ideo
2317 3841 2458 3898 Saul
2489 3841 2547 3896 in
2584 3839 2864 3911 millibus,
2913 3839 3092 3896 David
3144 3839 3203 3893 in
3249 3839 3452 3895 decem
3514 3838 3797 3906 milibus;

2157 3931 2297 4003 quia
2327 3931 2512 3986 durus
2541 3930 2602 3985 in
2634 3929 2855 4002 paucis,
2887 3927 3318 3998 mansuetusin
3341 3926 3633 4000 pluribus.

2227 4019 2314 4080 l8.
2347 4019 2546 4091 Neque
2575 4023 2774 4081 tamen
2804 4019 3018 4086 abnuo,
3052 4017 3101 4074 si
3134 4017 3268 4088 quis
3300 4017 3466 4089 quasi
3499 4018 3572 4072 ad
3590 4017 3817 4090 Joseph

2157 4109 2380 4165 dictum
2413 4111 2628 4186 putat:
2687 4130 2722 4182 .«
2771 4097 3203 4186 Primogenitus
3252 4105 3406 4162 tauri
3455 4106 3636 4163 decus
3685 4096 3823 4178 ejus

2160 4200 2336 4270 (Deut.
2385 4183 2563 4252 χχχιιι
2611 4196 2735 4264 l7);
2792 4219 2819 4246 ››
2861 4183 2918 4252 et
2957 4196 3040 4251 sic
3084 4195 3560 4268 distinguendum
3607 4202 3819 4268 putat,

2157 4287 2298 4359 quia
2357 4275 2530 4344 dedit
2576 4289 2632 4341 et
2685 4285 2908 4351 sanctis
2959 4284 3086 4342 suis
3143 4300 3400 4340 cornua:
3435 4307 3458 4332 ‹‹
3518 4271 3827 4339 Excitavit

2157 4375 2316 4431 enim
2374 4390 2556 4434 cornu
2613 4373 2816 4452 populi
2873 4374 2965 4431 sui
3023 4373 3196 4448 (Psat.
3257 4389 3487 4441 CXLVIII,
3541 4372 3651 4442 15).
3689 4395 3717 4419 ι»
3751 4377 3829 4428 Et

402 4453 618 4521 furore,
653 4454 863 4526 inquit,
897 4476 1004 4514 suo
1051 4462 1558 4518 subnervaverunt
1604 4467 1840 4518 taurum
1890 4465 2044 4533 (Gen.
2081 4477 2127 4542 Β
2157 4465 2325 4524 Anna
2356 4464 2542 4519 mater
2580 4461 2879 4540 prophetae
2924 4460 3161 4518 Samuel
3210 4460 3390 4516 dicit:
3442 4483 3470 4510 «
3521 4459 3828 4516 Exultavit

403 4560 553 4610 XLIX,
587 4543 665 4614 6).
701 4564 730 4592 »
763 4544 830 4598 Et
861 4551 924 4600 ut
953 4549 1202 4618 aperiret
1233 4551 1373 4622 quia
1422 4552 1493 4606 de
1533 4550 1750 4608 Judaais
1799 4553 2051 4626 dicebat,

401 4631 664 4688 addidit:
699 4654 726 4681 «
760 4632 1022 4689 Dividam
1055 4651 1153 4692 eos
1185 4636 1241 4692 in
1273 4638 1476 4705 Jacob,
1509 4644 1566 4694 et
1595 4639 1894 4714 dipergam
1921 4641 2053 4698 illos

403 4723 460 4778 in
498 4720 671 4780 Israel
705 4721 862 4793 (Ibid.
894 4723 970 4791 7).
1021 4745 1047 4770 ››
1106 4723 1208 4778 Hic
1267 4730 1354 4779 est
1408 4726 1582 4783 homo
1638 4730 1736 4800 qui
1798 4729 2054 4788 luctatus

402 4815 491 4868 est
519 4828 652 4867 cum
684 4810 886 4880 Jacob,
919 4815 975 4868 et
1025 4812 1216 4870 temur
1273 4814 1404 4885 ejus
1464 4815 1674 4888 tetigit,
1723 4835 1837 4890 quo
1897 4823 2053 4877 tactu

401 4900 750 4958 Patriarchae
783 4917 994 4957 nervus
1025 4900 1364 4974 obstupuit:
1419 4903 1757 4976 signiﬁcans
1805 4923 1873 4962 ex
1925 4910 2054 4981 ejus

404 4990 773 5046 successione
803 4991 1128 5046 secundum
1159 5006 1390 5046 carnem
1439 5007 1501 5046 se
1545 5009 1672 5050 esse
1716 5000 2051 5066 venturum,

405 5077 501 5150 qui
535 5079 983 5136 subnervandus
1012 5085 1168 5136 esset
1200 5097 1234 5136 a
1265 5079 1479 5154 populo
1509 5081 1846 5139 Judaaorum
1878 5085 1936 5140 in
1962 5086 2054 5142 sui

405 5166 662 5237 corporis
695 5168 983 5240 passione.
1019 5170 1180 5234 Quod
1211 5186 1326 5226 non
1387 5168 1776 5243 intelligentes
1835 5177 2054 5246 myste-

479 5343 587 5425 (4ος
623 5345 756 5425 Cod.
807 5346 954 5425 Vict.
1014 5353 1064 5402 et
1126 5347 1369 5425 C_o_l_b.ac
1425 5347 1826 5425 edit‘omnes,
1887 5369 2054 5425 quam

404 5416 773 5480 peccatoribus
802 5421 1110 5474 nationum.
1145 5419 1256 5474 Alii
1290 5435 1432 5476 mss.
1469 5423 1533 5474 ut
1563 5420 1622 5475 in
1653 5416 1834 5479 textu.

480 5482 767 5565 (ﬁletlit.
801 5493 913 5565 vet.
946 5507 1012 5544 ac
1045 5491 1208 5545 Rom.
1243 5507 1376 5546 cum
1410 5507 1554 5547 mss.
1589 5492 1737 5548 Vict.
1780 5499 1836 5549 et
1865 5495 2049 5551 Colb..

409 5553 572 5625 hujus
601 5557 750 5608 tauri
778 5558 960 5615 decore
985 5570 1246 5634 perpetuo
1301 5565 1457 5634 capta
1513 5572 1708 5620 nostrw
1766 5568 2051 5639 fragilita-

2164 4568 2263 4610 cor
2295 4566 2489 4606 meum
2531 4549 2590 4604 in
2639 4546 2929 4606 Domino:
2992 4554 3050 4605 et
3106 4549 3426 4606 exaltatum
3483 4553 3577 4605 est
3634 4565 3825 4606 cornu

2167 4657 2341 4698 neum
2374 4639 2432 4694 in
2464 4642 2576 4694 Deo
2610 4655 2737 4702 meo
2769 4639 2818 4713 (Ι
2843 4641 2976 4715 Reg.
3016 4655 3080 4708 ιι,
3136 4641 3208 4709 1).
3265 4662 3285 4688 ο
3339 4635 3556 4695 Habuit
3615 4639 3829 4710 utique

2163 4733 2220 4785 et
2245 4727 2462 4800 Joseph
2495 4725 2554 4784 in
2583 4728 2837 4786 Domino
2867 4743 3086 4786 cornua
3123 4726 3430 4801 spiritalia.
3481 4726 3829 4799 Accipiatur

2163 4818 2362 4889 itaque
2389 4815 2632 4889 Joseph,
2657 4817 2975 4884 dummodo
2999 4817 3066 4880 in
3098 4805 3226 4892 ipso
3258 4817 3446 4890 ﬁgura
3466 4815 3546 4872 sit
3573 4815 3823 4885 Christi,

2167 4904 2531 4974 cuidicitur:
2574 4927 2599 4959 α
2629 4906 2844 4982 Joseph
2876 4905 3032 4963 ﬁlius
3080 4921 3249 4962 meus
3302 4902 3702 4978 ampliﬁcatus
3752 4904 3823 4959 ﬂ-

2163 4993 2279 5054 lius
2311 5009 2478 5054 meus
2499 4994 2705 5066 junior
2732 4995 2804 5051 ad
2838 5012 2929 5051 me
2961 4999 3241 5051 revertere
3271 4993 3422 5066 (Gen.
3452 5009 3607 5061 XLIX,
3641 4992 3757 5063 22).
3791 5015 3818 5038 ιι

2163 5082 2360 5156 Neque
2387 5083 2543 5139 enim
2573 5071 2788 5157 Joseph
2823 5084 2895 5140 ad
2924 5084 3102 5140 Jacob
3138 5083 3478 5150 revertitur;
3505 5071 3615 5137 (sed
3649 5079 3811 5138 Chri-

2168 5175 2296 5229 stus
2330 5189 2364 5230 a
2391 5172 2642 5228 mortuis
2673 5173 3052 5234 resuscitatus
3097 5173 3169 5228 ad
3218 5172 3447 5227 Patrem
3483 5167 3686 5227 Deum
3734 5184 3820 5224 reo

2165 5353 2233 5406 tis
2263 5353 2533 5418 armenta,
2566 5349 2888 5423 etcLParis.
2924 5351 3214 5423 quaedam,
3239 5351 3411 5423 huius
3451 5349 3601 5406 tauri
3629 5347 3815 5423 decore

2156 5437 2261 5495 pro
2291 5429 2470 5497 captu.
2503 5424 2619 5497 etc.
2642 5419 2750 5497 '_His
2778 5421 2906 5497 cod.
2929 5419 3082 5497 Reg.
3114 5426 3172 5481 et
3200 5419 3299 5482 alii
3321 5419 3538 5495 quator
3555 5419 3812 5493 proxime

2162 5492 2502 5556 accedentes
2527 5492 2846 5566 nobiscum,
2865 5492 3110 5566 faciunt.
