4112 6190
313 343 470 412 1153
1383 337 1843 413 ENARRATlO
1885 335 1970 411 ΙΝ
2013 333 2399 411 PSALMUM
2445 344 2690 409 XLIIl.‘
3574 337 3730 412 115‘!

299 482 564 549 vertitur,
597 479 662 539 ut
691 479 974 556 scriptum
1018 481 1132 540 est:
1175 502 1201 537 α
1230 479 1276 538 Α
1315 473 1548 539 summo
1579 481 1720 538 caelo
1751 497 1949 555 cgres-
1979 479 2034 546 Α
2064 479 2347 552 impedire
2379 497 2490 534 non
2527 480 2775 552 possint,
2812 496 2939 552 qua
2973 479 3135 535 ducit
3184 481 3254 535 ad
3287 485 3505 535 secreta
3563 497 3730 553 para-

304 571 392 628 sio
423 571 572 643 ejus,
607 575 664 628 et
693 589 972 630 occursus
1004 573 1131 646 ejus
1161 589 1350 646 usque
1382 572 1453 629 ad
1485 587 1788 630 summum
1825 571 1952 642 ejus
2063 568 2197 623 disi.
2231 568 2527 624 Habemus
2556 586 2691 641 ergo
2724 570 2783 624 in
2828 568 2999 624 nobis
3060 569 3322 626 studium
3376 569 3581 624 divinae
3639 587 3731 624 co-

304 665 452 716 Psat.
485 656 646 728 avni,
677 653 753 731 7).
789 686 809 715 ι
849 659 985 720 Esto
1015 665 1237 728 tamen,
1285 663 1350 716 ut
1404 659 1476 717 de
1531 659 1748 733 Joseph
1805 659 1954 715 acci-
2063 657 2381 729 gnitionis;
2416 657 2704 715 habemus
2738 659 2832 714 Dei
2860 657 2996 714 verb
3023 675 3142 726 um,
3179 659 3332 730 quod
3375 664 3462 713 est
3517 674 3730 714 nomen

308 749 505 822 piatur
534 771 562 800 ‹‹
585 749 887 806 Revertere
910 750 981 806 ad
1005 766 1098 806 me
1123 768 1136 817 ;
1163 771 1192 799 »
1211 747 1348 823 quia
1373 748 1628 822 populus
1650 746 1958 804 revertitur
2067 745 2278 801 Patris.
2312 746 2440 802 Haec
2472 764 2605 803 vere
2636 747 2967 820 proprietas
3000 748 3118 813 Dei,
3152 747 3291 819 quia
3321 748 3490 803 Pater
3518 747 3732 804 Christi

308 835 368 893 in
399 841 616 894 terram
646 838 1124 908 Chananaaorum,
1157 839 1216 894 in
1239 838 1458 911 quibus
1488 841 1622 893 ante
1653 836 1957 892 habitave-
2068 838 2196 890 est:
2231 835 2287 890 et
2319 833 2449 890 ideo
2480 835 2538 890 in
2573 836 2810 892 nomine
2857 836 3045 892 Patris
3091 837 3268 902 venit,
3305 836 3402 908 qui
3455 837 3616 892 venit
3671 841 3736 892 ut

311 930 446 984 rant
475 925 834 1000 patriarchae.
871 927 1032 984 Unde
1064 928 1208 984 dicit
1236 918 1396 985 Isaac
1425 928 1497 983 ad
1519 919 1700 982 Iacob
1728 943 1740 982 :
1777 948 1805 976 ‹‹
1831 917 1956 981 Non
2069 919 2255 978 Patris
2287 923 2502 980 faceret
2532 924 2918 993 voluntatem,
2951 925 3021 980 Et
3053 925 3180 979 ideo
3233 924 3351 979 ait:
3414 947 3443 975 «
3505 925 3568 980 In
3629 943 3734 982 no-

310 1015 563 1089 accipies
619 1032 858 1071 uxorem
917 1034 950 1072 a
1002 1016 1236 1074 filiabus
1321 1011 1784 1073 Chananeorum
1844 1015 1959 1086 (51)
2069 1011 2225 1068 mine
2259 1011 2445 1067 Patris
2474 1011 2630 1080 veni,
2667 1015 2724 1068 et
2755 1032 2868 1068 non
2900 1030 2992 1070 me
3038 1013 3406 1086 suscipietis:
3472 1014 3521 1069 si
3579 1014 3732 1070 alius

307 1103 460 1175 (Gen.
491 1120 668 1171 xxvn,
704 1093 794 1176 1);
829 1108 886 1160 et
916 1105 1097 1162 mittit
1134 1123 1268 1162 eum
1325 1105 1386 1160 in
1448 1101 1957 1177 Mesopotamiam,
2066 1096 2288 1155 venerit
2316 1100 2372 1154 in
2407 1101 2643 1156 nomine
2673 1117 2800 1170 suo,
2835 1100 3000 1156 illum
3048 1101 3384 1174 suscipietis
3443 1102 3620 1173 (Joan.
3675 1121 3731 1170 v,

306 1195 374 1246 ut
401 1189 481 1245 ibi
503 1190 616 1247 sibi
641 1193 951 1266 conjugem
970 1194 1266 1266 reperiret.
1295 1187 1573 1265 Nunquid
1611 1191 1660 1248 ei
1697 1189 1959 1246 insidiati
2068 1187 2193 1261 43);
2228 1211 2256 1238 »
2288 1188 2627 1262 significans
2656 1189 2892 1245 Judaeos
2923 1190 2980 1244 in
3013 1191 3442 1246 Antichristum
3481 1187 3733 1248 creditu-

310 1282 448 1334 sunt
476 1279 699 1336 domini
723 1282 1069 1354 sagittarum
1087 1281 1235 1354 (52)?
1255 1275 1552 1353 Numquid
1582 1281 1706 1353 ipse
1728 1283 1963 1353 propter

312 1359 773 1426 benediCtionem
805 1371 952 1427 uteri
985 1371 1233 1428 materni
1266 1371 1326 1427 in
1358 1374 1479 1426 toto
1538 1367 1676 1428 orbe
1725 1368 1962 1425 benedi-

314 1461 442 1513 ctus
474 1461 580 1527 est,
613 1449 670 1515 et
708 1475 822 1515 non
859 1460 1138 1516 Dominus
1167 1460 1361 1526 Jesus,
1394 1475 1569 1531 quem
1591 1458 1766 1532 Virgo
1789 1474 1962 1530 gene-

314 1545 458 1601 ravit
478 1546 504 1600 ‘P
535 1546 604 1602 Et
633 1546 761 1603 ideo
794 1565 907 1603 non
931 1546 1120 1604 solum
1145 1565 1326 1620 supra
1346 1547 1636 1614 homines,
1658 1548 1758 1603 sed
1788 1546 1962 1602 etiam

317 1651 493 1707 supra
521 1635 759 1708 angelos
789 1640 846 1692 et
884 1635 1286 1709 archangelos,
1319 1641 1374 1692 et
1403 1653 1584 1708 supra
1613 1651 1846 1691 omnem
1867 1652 1964 1691 su-

316 1724 665 1781 blimitatem
693 1724 1014 1781 caelestium
1033 1725 1373 1782 benedictus
1395 1728 1483 1780 est
1508 1723 1969 1796 potestatum,si-

2070 1295 2189 1344 ros,
2223 1277 2321 1350 qui
2348 1278 2404 1333 in
2439 1277 2738 1333 Christum
2771 1279 3003 1334 credere
3039 1279 3371 1334 noluerunt.
3430 1281 3580 1354 Ergo
3635 1281 3734 1354 qui

2071 1365 2132 1421 in
2164 1365 2463 1423 Christum
2498 1367 2701 1434 credit,
2740 1385 2853 1422 non
2887 1367 2944 1422 in
2980 1385 3116 1422 arcu
3149 1385 3276 1430 suo,
3314 1385 3420 1423 nec
3449 1369 3506 1424 in
3541 1368 3736 1442 gladio

2072 1473 2178 1511 suo
2217 1461 2433 1527 sperat,
2495 1458 2595 1511 sed
2657 1457 2716 1510 in
2784 1456 3019 1512 nomine
3079 1459 3207 1528 ejus
3265 1474 3431 1529 spem
3484 1459 3738 1514 victoria!

2074 1544 2249 1599 locat.

2142 1631 2230 1688 20.
2268 1633 2454 1704 (Vere.
2486 1634 2567 1705 7.)
2601 1635 2666 1688 Et
2701 1635 2830 1689 ideo
2863 1635 2976 1690 ait:
3017 1660 3040 1683 ‹‹
3102 1634 3223 1689 Non
3277 1636 3433 1691 enim
3475 1637 3535 1693 in
3595 1654 3733 1694 arcu

2076 1737 2206 1777 meo
2239 1723 2521 1794 sperabo:
2558 1727 2613 1777 et
2636 1721 2868 1795 gladius
2900 1740 3067 1778 meus
3118 1741 3232 1778 non
3291 1725 3540 1781 salvabit
3567 1742 3681 1783 me.
3707 1749 3736 1776 »

317 1816 414 1868 cut
445 1813 748 1884 Scriptura
777 1814 1268 1870 testaturdicens:
1289 1835 1317 1864 ‹‹
1339 1811 1970 1884 Benedictusquivenit
2003 1823 2050 1913 ἡ
2079 1811 2190 1867 Sed
2226 1811 2272 1866 si
2303 1811 2361 1864 in
2396 1828 2533 1866 arcu
2567 1812 2922 1882 sperandum
2953 1816 3062 1878 est,
3123 1812 3178 1866 in
3236 1813 3338 1868 Dei
3395 1819 3548 1870 certe
3600 1832 3739 1870 arcu

316 1902 376 1957 in
407 1901 645 1981 nomine
676 1901 902 1958 Domini
929 1919 942 1955 :
977 1908 1131 1958 Deus
1162 1902 1472 1981 Dominus,
1497 1906 1552 1957 et
1583 1901 1775 1956 illuxit
1805 1900 1973 1957 nobis
2003 1899 2049 1913 ¹¹
2083 1899 2439 1972 sperandum
2472 1905 2580 1966 est,
2618 1913 2793 1972 quem
2822 1900 3017 1972 posuit
3059 1901 3114 1954 in
3149 1901 3326 1970 nube,
3359 1905 3422 1957 ut
3460 1919 3494 1958 a
3522 1902 3740 1959 diluvio

319 1979 494 2061 (Ps‘al.
530 2005 701 2056 cxvn,
733 1990 950 2061 26,27).
981 2012 1001 2038 υ
1039 1979 1327 2045 Dominus
1359 1989 1519 2046 enim
1549 1989 1704 2046 Deus
1732 1987 1857 2062 ipse
1888 1992 1978 2045 est

319 2067 439 2134 Rex
459 2094 686 2151 regum,
707 2081 764 2135 et
778 2078 1060 2134 Dominus
1082 2078 1516 2135 dominantium
1541 2078 1597 2132 in
1621 2075 1714 2133 his
1738 2078 1977 2149 quaeha-

320 2166 535 2224 bentur
561 2168 621 2224 in
661 2167 840 2224 caelis.
861 2167 1102 2240 Propter
1123 2167 1244 2224 haec
1262 2184 1481 2224 cornua
1510 2161 1978 2234 DominiJesu,et

327 2255 506 2312 David
527 2257 587 2311 in
607 2272 742 2329 voce
763 2256 917 2312 tuba:
941 2272 1160 2312 corneae
1183 2273 1398 2313 canens
1421 2253 1593 2327 (Psal.
1615 2257 1977 2335 cxvrx,6,)au-

327 2343 486 2399 ditus
517 2361 552 2400 a
588 2343 815 2400 Christo
847 2350 965 2412 est;
1027 2349 1086 2399 et
1146 2345 1373 2418 Moyses
1430 2345 1628 2401 docuit
1678 2336 1861 2416 (Nam.
1922 2349 1979 2411 x,

330 2433 420 2500 10)
449 2421 870 2490 sacrificiorum
903 2434 1051 2490 ritus
1086 2433 1239 2490 tuba:
1270 2434 1464 2490 sonitu
1505 2450 1633 2491 esse
1685 2432 1982 2489 celebran-

332 2522 456 2590 dos,
490 2521 642 2578 sicut
667 2525 724 2578 et
751 2522 1036 2595 scriptum
1067 2527 1188 2581 est:
1223 2546 1251 2573 «
1278 2523 1477 2580 Canite
1507 2523 1564 2578 in
1596 2522 1762 2578 initio
1820 2539 1982 2578 men-

329 2610 412 2666 sis
445 2611 590 2667 tuba
616 2611 784 2683 (Psal.
821 2629 984 2681 Lxxx,
1018 2613 1093 2684 4),
1121 2634 1149 2663 ››
1181 2611 1285 2668 Cui
1313 2612 1446 2678 hoc,
1473 2612 1586 2668 nisi
1639 2613 1809 2669 nobis
1839 2613 1982 2668 scri-

329 2704 496 2772 ptum
527 2699 658 2756 est?
689 2700 960 2758 Mensens
989 2701 1145 2757 enim
1180 2701 1252 2757 ab
1283 2701 1448 2757 initio
1471 2700 1621 2757 luna:
1645 2705 1862 2758 veteres
1884 2701 1984 2756 ob-

328 2803 556 2846 servare
585 2795 1028 2847 consueverant.
1091 2790 1258 2845 Luna
1314 2794 1510 2846 autem
1568 2790 1822 2846 Ecclesia
1877 2794 1984 2854 est,

331 2895 457 2952 quae
490 2877 855 2950 spiritalibus
869 2884 926 2935 et
938 2878 1288 2952 evangelicis
1309 2878 1820 2951 praedicationibus
1835 2869 1989 2935 896

329 2967 386 3024 in
421 2967 784 3024 abundantia
813 2967 994 3040 pacis,
1027 2971 1093 3022 ut
1126 2967 1415 3040 Propheta
1444 2967 1592 3023 dixit
1631 2969 1802 3039 (Psal.
1841 2986 1990 3045 Lxxx,

2084 2004 2268 2061 genus
2300 1988 2627 2044 humanum
2682 1988 2886 2044 timere
2918 1989 3229 2045 desineret.
3285 1992 3400 2046 lsto
3455 2008 3592 2047 arcu
3635 2009 3743 2048 nos

2087 2076 2359 2149 protegit,
2393 2093 2508 2148 quo
2550 2093 2688 2132 arcu
2723 2081 2778 2133 et
2827 2078 3129 2149 jaculatur
3190 2079 3454 2152 sagittas,
3519 2081 3740 2152 quibus

2089 2165 2373 2236 percutiat
2403 2165 2671 2221 inimicos
2702 2170 2758 2222 et
2786 2167 3147 2222 adversarios
3178 2173 3427 2224 nostros.

2158 2255 2433 2321 21.(Vers.
2467 2257 2520 2322 8,
2573 2255 2653 2325 9.)
2713 2253 2872 2311 Unde
2915 2260 2971 2310 et
3002 2256 3116 2310 ait:
3153 2279 3181 2306 ‹‹
3244 2257 3528 2313 Liberasti
3585 2258 3741 2314 enim

2090 2359 2198 2398 nos
2225 2359 2289 2398 ex
2325 2341 2722 2414 afﬂigentibus
2755 2359 2862 2398 nos
2891 2361 2903 2399 :
2956 2349 3013 2399 et
3041 2360 3140 2398 eos
3171 2346 3270 2416 qui
3331 2343 3583 2402 oderunt
3612 2363 3739 2415 nos,

2092 2431 2428 2487 confudisti.
2454 2432 2516 2487 In
2551 2437 2662 2487 Deo
2696 2431 3074 2488 laudabimur
3101 2437 3221 2488 tota
3252 2433 3380 2490 die:
3419 2438 3475 2490 et
3521 2434 3581 2491 in
3641 2453 3744 2492 no-

2094 2521 2250 2576 mine
2281 2523 2380 2575 tuo
2412 2520 2824 2576 confitebimur
2854 2521 2912 2574 in
2945 2521 3174 2576 saecula.
3211 2544 3238 2570 »
3269 2524 3419 2578 Audi
3451 2521 3744 2596 quomodo

2098 2626 2204 2665 nos
2225 2608 2470 2678 liberet;
2509 2609 2646 2682 quia
2676 2609 2910 2682 sagittis
2943 2626 3092 2681 quas
3139 2610 3442 2680 jaculatur
3490 2629 3520 2668 e
3578 2613 3742 2682 coelo,

2094 2703 2258 2754 terrae
2291 2701 2503 2754 nostra;
2535 2698 2813 2754 interiora
2842 2701 3221 2770 penetrantur
3249 2717 3261 2766 ;
3296 2703 3361 2753 ut
3394 2703 3588 2757 motus
3621 2718 3746 2758 om-

2098 2787 2189 2842 nis
2220 2793 2486 2842 terrenus
2517 2787 2762 2843 intereat
2790 2796 2845 2843 et
2876 2785 3160 2858 quiescat,
3193 2788 3343 2843 sicut
3372 2788 3431 2843 in
3466 2789 3746 2862 posterio-

2098 2871 2261 2932 ribus
2292 2876 2408 2931 ait:
2455 2899 2475 2924 α
2512 2873 2594 2932 De
2625 2875 3077 2947 ccelojaculatus
3108 2894 3169 2933 es
3209 2877 3538 2948 judicium:
3591 2883 3748 2936 terra

2101 2964 2357 3033 tremuit,
2391 2972 2444 3020 et
2476 2964 2694 3036 quievit
2729 2966 2896 3034 (Psal.
2933 2983 3097 3033 Lxxv,
3135 2966 3211 3038 9).
3240 2989 3267 3016 »
3302 2967 3395 3022 Sic
3440 2967 3622 3040 igitur
3684 2965 3748 3023 li-

330 3057 410 3127 7),
444 3055 760 3112 extollitur.
794 3057 854 3111 In
887 3056 1117 3112 Christo
1149 3072 1286 3129 ergo
1336 3073 1515 3113 cornu
1575 3058 1996 3118 ventilabimus
2102 3055 2395 3119 beramur.
2429 3053 2570 3109 dum
2603 3053 3303 3114 confunduntUrinimicae
3321 3060 3376 3110 et
3401 3057 3746 3113 adversariae

331 3144 601 3202 inimicos
633 3147 883 3201 nostros.

2104 3147 2456 3215 potestates;
2489 3141 2577 3198 vel
2601 3141 2886 3215 sapientia
2938 3143 3129 3199 carnis
3177 3143 3350 3200 istius
3401 3151 3600 3202 retusa
3630 3162 3749 3201 roe-

404 3235 488 3290 19.
516 3257 543 3284 ‹‹
569 3234 638 3289 Et
658 3233 979 3303 innomine
1001 3233 1128 3301 ejus
1151 3247 1500 3304 spernemus
1523 3234 1894 3309 insurgentes
1927 3239 1982 3295 in
2015 3211 2056 3280 (ἶ
2097 3230 2342 3289 lestibus
2365 3231 2688 3304 imperatis,
2723 3231 2780 3286 in
2821 3231 2946 3286 suis
2977 3231 3323 3286 criminibus
3353 3234 3660 3303 erubescit,
3693 3239 3750 3290 et

336 3339 462 3379 nos.
499 3345 527 3372 ››
559 3321 708 3386 Quid
740 3324 829 3376 est
854 3337 1066 3375 nomen
1101 3320 1212 3375 nisi
1245 3337 1360 3392 quo
1393 3323 1622 3394 proprie
1663 3327 1984 3397 unusquis-

335 3428 448 3486 que
477 3407 862 3485 significatur,
897 3409 1052 3481 quod
1083 3409 1134 3466 ei
1177 3425 1292 3464 non
1345 3410 1419 3464 sit
1476 3427 1792 3470 commune
1850 3433 1983 3471 cum

334 3499 606 3556 caeteris?
651 3498 838 3553 Homo
893 3497 1049 3553 enim
1108 3512 1420 3552 commune
1475 3499 1820 3555 vocabulum
1855 3506 1981 3570 est;

333 3589 446 3644 nisi
479 3587 662 3643 addas
693 3585 793 3657 qui
846 3589 1100 3651 vocetur,
1163 3601 1277 3640 non
1309 3589 1500 3657 potest
1529 3586 1830 3644 declarari.
1879 3590 1985 3646 No-

336 3691 470 3732 men
501 3690 637 3748 ergo
668 3673 992 3746 preprietas
1022 3673 1486 3746 uniuscujusque
1515 3679 1624 3742 est,
1655 3693 1768 3748 quo
1799 3680 1987 3750 posSit

333 3763 600 3836 intelligi.
650 3763 812 3819 Unde
868 3762 1119 3818 arbitror
1174 3763 1328 3834 quod
1387 3767 1445 3818 et
1501 3764 1728 3837 Moyses
1786 3767 1984 3824 volens

333 3853 636 3927 proprium
667 3851 789 3917 Dei,
823 3857 877 3907 et.
908 3851 1128 3923 aliquid
1163 3852 1232 3906 de
1258 3867 1325 3906 eo
1376 3851 1624 3924 speciale
1681 3871 1984 3927 cognosce-

335 3961 414 4013 re,
447 3943 602 4016 quod
636 3958 752 3998 non
783 3946 937 3997 esset
968 3957 1278 3996 commune
1315 3957 1452 3996 cum
1493 3939 1827 4000 coelestibus
1884 3962 1984 4018 po-

332 4032 664 4097 testatibus,
698 4029 1107 4103 interrogavit:
1144 4050 1171 4077 ‹‹
1205 4029 1366 4095 Quod
1399 4032 1488 4086 est
1542 4047 1754 4088 nomen
1814 4038 1984 4089 tuum

314 4119 524 4195 .(Exod.
560 4137 646 4189 ιιι,
705 4117 850 4189 13)?
910 4141 937 4167 »
996 4117 1256 4191 Denique
1310 4134 1667 4192 cognoscens
1726 4127 1984 4178 mentem

331 4211 459 4281 ejus
490 4208 664 4275 Deus,
699 4223 814 4261 non
845 4207 1146 4278 respondit
1206 4222 1442 4275 nomen,
1495 4209 1598 4264 sed
1659 4211 1982 4282 negotium,

333 4298 440 4353 hoc
470 4299 578 4364 est,
610 4310 734 4352 rem
766 4295 1071 4367 expressit,
1104 4312 1219 4350 non
1250 4293 1725 4368 appellationem,
1749 4299 1946 4356 dicens
1971 4319 1983 4356 :

338 4409 365 4437 α
396 4387 512 4458 Ego
545 4401 678 4440 sum
736 4383 837 4455 qui
890 4399 1022 4439 sum
1081 4383 1236 4454 (Ibid.
1299 4385 1409 4455 14),
1465 4384 1602 4457 quia
1662 4386 1808 4442 nihil
1863 4393 1984 4444 tam

332 4474 633 4547 praprium
665 4472 786 4540 Dei,
822 4489 1000 4544 quam
1031 4488 1262 4544 semper
1290 4488 1437 4527 esse.
1489 4475 1636 4539 Quia
1690 4491 1826 4548 ergo
1883 4494 1982 4532 ne-

2095 3321 2450 3393 ﬂagitiorum
2483 3337 2728 3376 suorum
2781 3320 3003 3392 pudore
3055 3320 3470 3377 confunditur:
3523 3322 3750 3379 adulter

2094 3409 2154 3461 in
2185 3409 2445 3464 libidinis
2479 3426 2597 3464 suae
2615 3409 2892 3481 ﬂammis,
2916 3415 2972 3465 et
2991 3409 3186 3465 vesani
3212 3411 3430 3465 amoris
3454 3410 3743 3467 incendio:

2095 3512 2303 3551 avarus
2331 3497 2390 3550 in
2424 3497 2748 3552 immodicae
2780 3497 3118 3569 cupiditatis
3150 3499 3375 3567 ardore,
3408 3499 3508 3570 qui
3560 3498 3750 3555 aliena

2097 3584 2393 3655 rapiendo,
2430 3601 2544 3655 quo
2577 3583 2747 3654 plura
2785 3586 3086 3650 invaserit,
3141 3602 3206 3640 eo
3265 3589 3491 3658 majora
3522 3586 3747 3644 deside-

2095 3678 2219 3727 rat:
2252 3672 2520 3728 ebriosus
2551 3672 2609 3726 in
2641 3670 3002 3738 temulentis,
3036 3673 3396 3731 facinorosus
3427 3678 3486 3730 in
3512 3677 3744 3736 scelere.

2096 3760 2280 3833 quiet
2338 3760 2430 3815 hic
2491 3760 2936 3816 confunduntur
2993 3760 3136 3816 897
3204 3763 3587 3833 gravissime:
3648 3767 3748 3821 sed

2096 3850 2280 3906 multo
2308 3848 2563 3921 amplius
2593 3849 3055 3918 confundentur;
3089 3867 3221 3905 cum
3241 3851 3491 3907 viderint
3515 3859 3750 3910 sanctos

2096 3939 2326 3995 Domini
2358 3943 2728 4012 resurgentes
2759 3942 2815 3994 et
2844 3937 3241 4010 evangelicum
3291 3938 3435 3995 illud
3494 3940 3748 4014 impleri,

2096 4029 2250 4101 quod
2283 4027 2364 4083 ait
2411 4027 2737 4084 Dominus:
2770 4050 2797 4078 ‹‹
2833 4027 2998 4082 Multi
3032 4028 3446 4083 dormientium
3493 4029 3550 4084 in
3584 4034 3747 4085 terrae

2095 4116 2494 4172 monumentis
2526 4121 2866 4188 resurgent:
2901 4117 2997 4171 isti
3029 4117 3086 4172 in
3131 4117 3310 4173 vitam
3345 4115 3640 4186 eternam,
3693 4125 3751 4174 et

2095 4205 2155 4261 hi
2190 4207 2247 4260 in
2281 4206 2665 4279 opprobrium
2690 4211 2747 4262 et
2769 4211 3108 4278 perpetuam
3142 4206 3541 4263 confusionem
3568 4209 3745 4279 (Joan.

2093 4312 2148 4366 v,
2167 4296 2236 4348 28
2265 4305 2315 4351 et
2342 4297 2457 4366 29).
2481 4319 2508 4343 ››

2165 4386 2253 4438 22.
2286 4385 2430 4440 Cum
2452 4384 2733 4455 cceperint
2761 4399 2898 4455 ergo
2938 4382 3021 4438 illi
3057 4384 3392 4441 resuscitari
3424 4386 3482 4441 in
3543 4387 3746 4444 confu-

2094 4473 2320 4529 sionem
2351 4478 2712 4544 perpetuam,
2743 4477 2984 4528 sanctus
3013 4472 3242 4528 Domini
3264 4472 3406 4530 dicit
3439 4492 3452 4530 :
3484 4497 3505 4526 α
3537 4477 3598 4531 In
3630 4475 3748 4533 Deo

333 4569 475 4636 gant
502 4562 801 4618 Christum
831 4565 1181 4617 coaeternum
1205 4559 1617 4630 Patri,videant
1638 4563 1775 4634 quia
1801 4564 1982 4620 Deum
2016 4577 2061 4642 D
2093 4561 2469 4617 laudabimur
2490 4565 2612 4616 tota
2641 4561 2732 4616 die
2757 4577 2770 4614 :
2807 4565 2860 4616 et
2892 4562 2950 4615 in
3001 4563 3236 4617 nomine
3294 4568 3393 4619 tuo
3446 4563 3747 4622 confitebi-

293 4721 300 4730 I
334 4655 568 4726 negant,
603 4653 771 4730 cujus
801 4655 891 4706 est
920 4665 1152 4721 semper
1180 4665 1331 4717 esse,
1363 4665 1468 4704 nec
1506 4649 1823 4722 aliquando
1866 4671 1980 4710 non

338 4742 543 4798 fuisse.
603 4741 720 4796 Hac
777 4756 912 4812 ergo
959 4738 1291 4812 cognitione
1341 4738 1717 4810 proprietatis
1773 4741 1983 4799 divinis

340 4832 568 4904 Moyses
599 4829 971 4902 insurgentes
1002 4828 1060 4882 in
1092 4844 1155 4883 se
1185 4826 1413 4882 volebat
1429 4844 1705 4900 spernere
1731 4847 1742 4884 :
1773 4831 1885 4897 vel,
1919 4838 1983 4888 ut

335 4919 568 4993 Aquila,
605 4917 1124 4990 aut'Symmachus
1155 4916 1674 4988 dixerunt,calcare
1705 4920 1980 4976 resisten-

334 5015 424 5066 tes
452 5008 564 5066 sibi
606 5011 888 5079 tanquam
944 5010 1243 5078 serpentes
1298 5009 1355 5060 et
1410 5006 1766 5078 scorpiones,
1835 5025 1983 5080 quos

337 5099 514 5154 etiam
546 5096 829 5153 Dominus
859 5095 1003 5150 dicit
1029 5094 1088 5148 in
1121 5093 1428 5166 Evangelia
1460 5096 1608 5164 (Luc.
1644 5113 1698 5164 x,
1740 5097 1794 5168 9)
1855 5114 1984 5155 esse

337 5186 705 5259 spiritalibus
733 5183 993 5256 vestigiis
1023 5181 1421 5254 proterendos,
1453 5187 1519 5239 ut
1546 5184 1699 5240 viam
1721 5189 1982 5242 nostram

431 5311 522 5376 51)
551 5309 795 5374 Quidam
819 5324 984 5375 mss.,
1015 5325 1051 5362 a
1077 5305 1280 5376 ﬁnibus
1311 5305 1768 5364 Chananaearum.

430 5377 522 5452 52)
553 5381 626 5453 Ut
665 5381 1006 5453 ostendatur
1026 5377 1416 5453 Abenedictio
1442 5378 1623 5453 tribui
1677 5380 1915 5453 Jeseph,
1951 5399 1986 5437 a

340 5446 538 5523 Moyse
566 5451 884 5525 impertita,
918 5451 988 5504 de
1017 5446 1246 5525 Christo
1301 5449 1692 5525 potissimum
1735 5446 1981 5525 intelligi

339 5517 569 5594 debere,
593 5517 695 5594 hic
709 5517 1030 5594 afferuntur
1049 5517 1319 5594 quaedam
1356 5537 1426 5578 ex
1444 5522 1636 5583 verbis
1658 5523 1731 5579 iis
1769 5517 1984 5594 quibus

337 5593 520 5682 ἔθοοδ
552 5591 806 5682 φρῗὲἓῐιὲ
828 5591 1050 5682 90.999}!
1077 5591 1649 5682 Eligkanaresatus
1680 5591 1810 5682 est}.
1858 5612 1983 5682 quin

337 5672 536 5732 tamen
567 5667 796 5727 constat
824 5662 1055 5742 proprie
1076 5662 1307 5725 Christo
1338 5662 1666 5732 convenire.
1729 5666 1820 5730 Fit
1873 5662 1982 5752 igi-

2092 4668 2226 4706 mur
2256 4651 2311 4704 in
2344 4647 2577 4705 saecula.
2614 4670 2640 4698 ››
2673 4648 2999 4722 Opulentus
3052 4649 3109 4705 in
3171 4651 3389 4709 divitiis
3449 4653 3744 4721 laudatur,

2092 4739 2427 4794 luxuriosus
2462 4738 2522 4792 in
2574 4737 2876 4805 conviviis,
2911 4745 3196 4795 scortator
3225 4741 3285 4795 in
3319 4746 3503 4809 nocte,
3540 4745 3745 4812 potens

2092 4829 2150 4883 in
2184 4829 2290 4883 hac
2320 4828 2438 4882 vita
2468 4844 2598 4899 quae
2628 4828 2803 4884 habet
2833 4836 3032 4884 noctes
3061 4847 3072 4884 :
3103 4835 3344 4885 sanctus
3392 4833 3586 4884 autem
3627 4845 3745 4883 non

2090 4917 2151 4972 in
2179 4916 2287 4973 hac
2316 4916 2453 4980 vita,
2487 4917 2588 4972 sed
2642 4916 2699 4971 in
2763 4918 2878 4972 Deo
2929 4917 3293 4985 laudabitur;
3357 4919 3457 4988 qui
3501 4916 3744 4972 Domino

2092 5024 2196 5080 per
2243 5007 2443 5062 omnia
2499 5006 2725 5079 placere
2781 5006 3034 5079 gestivit,
3095 5006 3196 5077 qui
3256 5011 3447 5076 potest
3503 5005 3741 5062 dicere:

2093 5120 2118 5145 ‹‹
2158 5095 2454 5150 Fortitudo
2487 5102 2541 5150 et
2572 5095 2832 5150 laudatio
2867 5111 2994 5149 mea
3027 5094 3306 5149 Dominus
3363 5095 3534 5163 (Psal.
3567 5111 3742 5162 cxvn,

2095 5185 2202 5257 14).
2239 5208 2267 5234 ››
2301 5184 2660 5240 Laudabitur
2689 5187 2810 5238 tota
2839 5183 2969 5249 die;
3030 5181 3167 5252 quia
3223 5182 3462 5238 honeste
3518 5185 3656 5254 egit,
3688 5189 3746 5238 et

2092 5314 2189 5365 tur
2209 5309 2420 5366 allusio
2447 5309 2517 5364 ad
2553 5307 2695 5362 illud
2728 5306 2869 5362 Gen.
2903 5323 3054 5376 xux,
3083 5307 3150 5361 23
3181 5325 3193 5362 :
3228 5315 3300 5376 Εἰς
3331 5316 3385 5364 ὄν
3432 5315 3741 5366 διαϐουλευό-

2093 5406 2229 5452 μενοι
2303 5387 2602 5452 ἐλοιδόρουν)
2683 5390 2766 5435 καὶ
2848 5386 3036 5451 ἐνεῖχον
3102 5386 3275 5452 δαύτῷ
3343 5389 3500 5452 κύριοι
3578 5390 3741 5449 τοξευ-

2093 5449 2277 5523 μάτων.
2362 5453 2431 5506 Et
2468 5449 2474 5452 ”
2516 5451 2668 5505 infra
2747 5449 2985 5524 quoque
3062 5449 3134 5505 25
3193 5469 3204 5505 ε
3253 5449 3468 5508 ἽΕῖνειέν
3523 5461 3741 5524 εὐλογίας

2093 5468 2277 5523 μάτων.
2362 5468 2431 5506 ω
2516 5468 2668 5505 lnlra
2747 5468 2981 5576 quove
3062 5468 3134 5505 κο
3193 5469 3204 5505 ε
3276 5468 3468 5534 Εῐγειεν
3523 5468 3739 5524 εὐλογίας

2091 5531 2293 5601 genere!
2349 5532 2431 5601 κᾳί
2487 5533 2690 5601 μῂτρας,
2749 5528 2858 5578 etc.
2933 5523 3027 5579 ide
3054 5539 3180 5596 cap.
3216 5524 3275 5580 11
3311 5524 3412 5582 lib.
3444 5525 3520 5582 De
3577 5526 3739 5582 ben-e-

2092 5594 2222 5654 dici.
2253 5594 2726 5654 Patriarcharum.
