4146 6190
455 290 524 351 1-1
537 286 615 348 35

1917 284 1981 347 S.
2027 280 2401 350 AMBROSII

3728 283 3884 351 H56

454 437 627 494 Opera
659 436 766 475 sua
795 434 909 473 non
943 415 1244 473 abscondil
1277 420 1335 473 et
1364 415 1631 484 crimina,
1663 416 1761 473 sed
1795 419 1912 489 regi
1950 423 2107 489 pate-
2136 422 2192 486 Α
2224 438 2335 475 non
2364 419 2577 491 repulit
2609 418 2862 491 plebem,
2895 418 3034 492 quia
3072 413 3333 503 reliquiae
3392 420 3722 476 secundum
3771 422 3883 477 ele-

458 509 595 565 l‘ecit
626 512 861 575 mterno,
894 506 952 560 in
986 505 1076 562 die
1103 506 1439 572 ambulans,
1472 522 1588 561 non
1622 505 1679 560 in
1738 507 2032 581 tenebris’
2054 512 2109 561 et

450 594 712 652 occultis.
737 594 898 650 Unde
925 598 981 650 et
1010 593 1326 667 Apostolus
1354 612 1366 650 :
1405 616 1433 645 «
1464 595 1625 650 Sicut
1656 594 1713 649 in
1745 594 1837 651 die
1867 593 2111 652 honeste

455 683 834 739 ambulemus
865 683 1038 755 (Rom.
1069 700 1193 751 x111,
1226 684 1314 755 43)
1341 708 1355 750 ;
1388 705 1414 734 »
1451 683 1559 738 hoc
1590 686 1700 753 est,
1731 700 1847 738 non
1887 683 1943 737 in
2003 700 2108 757 ga-

446 772 574 830 neis
608 777 787 845 atque
817 771 1169 845 gurgustiis,
1199 789 1314 827 non
1346 771 1404 827 in
1437 770 1733 828 cubilibus
1763 776 1818 826 et
1845 772 2109 844 impudi-

446 861 699 930 citiis,in
732 860 946 933 quibus
980 859 1309 932 ﬂagitiosus
1341 877 1401 916 se
1432 864 1601 932 putat
1629 859 1951 932 parietibus
1980 877 2110 917 esse

444 955 688 1018 tectum,
723 954 787 1004 ut
809 950 997 1021 possit
1024 948 1127 1004 Dei
1158 949 1467 1005 scientiam
1502 947 1828 1021 praeterire;
1852 966 1985 1005 cum
2018 949 2108 1004 in-

386 1072 394 1081 ~
441 1037 633 1095 velata
657 1038 811 1110 apud
864 1037 1050 1092 Deum
1105 1037 1513 1093 universorum
1578 1036 1799 1108 ﬂagitia
1855 1038 1994 1105 sint,
2054 1042 2111 1093 et

440 1124 673 1183 occulta
702 1125 910 1181 divinae
943 1124 1264 1198 cognitioni
1316 1130 1555 1198 peccata
1612 1125 1917 1181 hominum
1979 1142 2109 1182 esse

440 1232 557 1272 non
583 1214 835 1288 possint.
873 1215 1020 1287 Ergo
1053 1220 1294 1270 sanctus
1345 1213 1684 1270 laudabitur
1709 1214 1766 1268 in
1802 1214 2105 1282 futurum;

440 1303 581 1377 quia
610 1320 726 1359 non
760 1302 1027 1376 quaesivit
1085 1303 1469 1375 praesentium
1526 1301 1782 1370 laudem,
1816 1303 1917 1359 sed
1975 1318 2106 1375 gra-

438 1393 584 1449 tiam
616 1393 972 1449 futurorum.

507 1483 600 1538 23.
632 1481 778 1537 Vide
810 1487 1010 1537 tamen
1043 1480 1412 1537 distantiam.
1460 1480 1559 1537 [lic
1590 1482 1732 1536 dum
1764 1485 1874 1547 est,
1907 1480 1964 1534 in
2000 1485 2107 1536 Do-

439 1572 600 1628 mino
630 1570 955 1644 gloriatur;
990 1569 1111 1626 illic
1142 1572 1201 1624 in
1229 1570 1475 1626 Domino
1501 1568 1855 1635 laudabitur,
1884 1573 1941 1623 et
1970 1585 2108 1640 pro—

438 1661 599 1717 brevi
622 1663 884 1732 tempore
914 1659 1242 1713 mercedem
1261 1656 1606 1713 aeternitatis
1626 1655 2109 1736 accipiet.Aquila

2219 509 2471 563 ctionein
2503 509 2700 582 gratiae
2758 507 2927 564 salvae
2978 507 3138 564 facta
3198 513 3357 564 sunt.
3413 509 3481 564 Et
3531 508 3771 566 videtur
3828 511 3884 567 in

2220 597 2424 669 paucis
2464 614 2579 653 non
2625 595 2915 670 repulisse
2971 597 3211 669 quidem
3273 596 3582 669 populum,
3640 599 3882 655 tametsi

2219 701 2332 739 non
2365 687 2552 739 totum
2585 683 2888 757 populum.
2918 684 3028 740 Sed
3059 702 3128 739 ex
3156 700 3223 740 eo
3255 683 3541 756 plurimos
3591 685 3884 759 repulisse

2218 772 2383 828 Unde
2414 773 2638 829 addidit
2668 773 2936 845 ponendo
2968 789 3317 845 responsum
3354 773 3471 843 Dei,
3532 775 3697 846 quod
3758 791 3878 831 non

2219 860 2412 917 solum
2444 862 2502 917 in
2534 862 2737 933 paucis
2763 862 3078 917 servaverit
3107 861 3358 933 plebem,
3391 863 3493 917 sed
3537 862 3725 918 etiam
3758 880 3862 936 sep

2221 954 2336 1006 tem
2370 949 2559 1005 millia
2585 951 2844 1005 virorum
2886 950 2997 1005 sibi
3030 948 3349 1023 reliquerit,
3379 950 3475 1019 qui
3510 967 3629 1006 non
3679 967 3890 1006 curva-

2215 1044 2424 1094 verunt
2452 1055 2645 1112 genua
2678 1043 2812 1094 ante
2869 1038 3006 1094 Baal
3064 1038 3224 1109 (Ibid.
3289 1039 3363 1110 4).
3421 1039 3642 1095 Verum
3703 1040 3890 1095 fuerit

2217 1126 2328 1182 hoc
2359 1128 2471 1198 (54)
2501 1127 2723 1183 dictum
2745 1127 2820 1182 ab
2841 1126 3113 1199 Apostolo
3135 1127 3463 1183 secundum
3492 1127 3886 1201 Evangelium

2216 1215 2493 1287 quoniam
2526 1216 2808 1272 Dominus
2840 1216 3151 1272 transierat
3186 1216 3260 1271 ad
3292 1220 3490 1288 gentes
3536 1233 3551 1271 :
3596 1216 3884 1289 responsi

2216 1309 2411 1359 autem
2444 1304 2627 1359 divini
2653 1308 2890 1377 tempus
2921 1305 3209 1361 referatur
3240 1304 3315 1359 ad
3350 1304 3537 1360 zelum
3565 1305 3764 1360 adhuc
3808 1305 3890 1360 ﬂ-

2216 1393 2309 1448 dei
2342 1393 2681 1459 ferventem,
2713 1392 2951 1464 quando
2982 1392 3157 1448 etiam
3214 1392 3637 1464 prophetarum
3696 1393 3891 1465 gratia

2216 1479 2586 1536 redundabat
2614 1478 2830 1552 populo
2855 1478 3212 1535 Judaaorum.
3247 1478 3409 1534 Unde
3447 1479 3495 1535 si
3531 1479 3675 1535 Elim
3736 1483 3886 1535 tem-

2217 1584 2356 1640 pore
2412 1567 2648 1641 negavit
2694 1568 2979 1623 Dominus
3033 1585 3068 1622 a
3126 1584 3188 1623 se
3244 1566 3473 1639 plebem
3550 1568 3885 1641 repulsam.

2218 1655 2403 1711 multo
2436 1657 2624 1729 magis
2680 1660 2943 1727 tempore
2997 1655 3200 1725 David,
3260 1655 3348 1711 vel
3390 1655 3656 1711 ﬁliorum
3716 1657 3880 1729 Core,

438 1754 636 1804 tamen
668 1748 865 1820 posuit
892 1765 904 1802 :
947 1771 966 1796 «
1004 1747 1064 1801 In
1097 1746 1345 1802 Domino
1377 1745 1761 1818 gloriabimur
1783 1750 1903 1801 tota
1931 1744 2043 1800 die.
2076 1767 2104 1794 »
2129 1786 2180 1852 B
2214 1761 2330 1817 quo
2362 1744 2553 1800 adhuc
2584 1744 2727 1800 ﬁdes
2759 1744 2925 1801 electi
2959 1743 3160 1816 populi
3192 1744 3558 1817 prmnitebat.

438 1836 830 1905 Symmachus
888 1834 1004 1889 ait:
1084 1858 1111 1884 ‹‹
1175 1834 1291 1889 Deo
1351 1833 1633 1906 hymnum
1683 1834 1948 1889 dicemus
1996 1848 2099 1904 per

439 1941 675 1981 omnem
707 1924 881 1980 diem.
914 1946 940 1972 ››
966 1923 1292 1979 Concordat
1322 1922 1586 1978 omnium
1621 1938 1853 1988 sensus,
1885 1926 1951 1976 ut
1981 1938 2095 1975 non

440 2013 782 2083 desinamus
813 2012 966 2067 circa
1000 2012 1095 2067 Dei
1126 2010 1353 2077 laudes,
1386 2010 1503 2066 sive
1534 2011 1820 2083 hymnum
1852 2010 2095 2065 dicendo

440 2080 573 2173 (53);
621 2101 741 2157 sive
793 2099 1049 2155 divinam
1099 2117 1200 2172 per
1252 2100 1451 2155 omnia
1499 2102 1795 2155 momenta
1849 2097 2091 2171 gloriam

440 2190 824 2246 concinendo.
853 2189 960 2254 Qui
992 2188 1149 2244 enim
1181 2188 1469 2260 hymnum
1500 2188 1661 2255 dicit,
1722 2204 1867 2259 puro
1925 2187 2095 2242 corde

440 2283 498 2334 et
527 2276 868 2349 spiritaliter
901 2277 1062 2345 dicit,
1100 2281 1156 2331 et
1187 2293 1359 2332 omne
1389 2293 1577 2349 genus
1608 2277 1867 2349 passioni
1899 2275 2092 2331 exclu-

441 2368 527 2422 dit
581 2367 894 2433 humanae;
939 2370 1005 2420 ut
1062 2364 1223 2420 nullo
1282 2382 1546 2434 maerore,
1593 2364 1816 2421 nullius
1881 2364 2096 2420 doloris

440 2454 755 2511 acerbitate
785 2453 1142 2526 impediatur
1194 2455 1323 2524 ejus
1379 2454 1658 2519 ofﬁcium,
1721 2458 2096 2526 exasperetur

440 2545 568 2616 ejus
599 2542 842 2599 affectus
870 2559 882 2598 :
920 2543 1020 2598 sed
1054 2542 1337 2614 hymnum
1370 2547 1483 2598 Deo
1515 2543 1783 2610 dicendo,
1819 2542 2094 2598 immobi—

441 2630 512 2687 lis
540 2627 714 2703 atque
744 2629 1141 2707 irrevocabilis
1171 2636 1539 2704 perseveret;
1566 2630 1719 2686 sicut
1747 2631 1871 2703 ipse
1915 2631 2095 2686 David

438 2720 536 2792 qui
570 2720 683 2775 ait:
710 2743 738 2769 ‹‹
762 2719 1111 2775 Benedicam
1144 2719 1458 2774 Dominum
1491 2718 1549 2774 in
1593 2719 1752 2775 omni
1810 2725 2092 2791 tempore,

441 2825 673 2880 semper
702 2807 830 2864 laus
860 2808 988 2879 ejus
1036 2808 1093 2862 in
1129 2824 1226 2864 ore
1281 2824 1409 2863 meo
1461 2808 1630 2877 (Psal.
1684 2826 1881 2875 xxxm,
1934 2810 2029 2879 2);
2064 2831 2091 2858 ››

395 2925 417 2946 ο
441 2898 595 2953 sicut
621 2896 751 2962 Job,
785 2896 885 2967 qui
920 2894 1157 2951 amissis
1190 2896 1351 2963 filiis,
1400 2896 1767 2969 interemptis
1824 2896 2096 2951 omnibus

441 2986 589 3054 suis,
625 2985 871 3057 direptis
902 2984 1280 3040 facultatibus
1312 2985 1425 3040 ait:
1495 3008 1516 3035 α
1570 2985 1857 3041 Dominus
1915 2985 2093 3051 dedit,

439 3074 724 3130 Dominus
758 3073 1067 3130 abstulit...
1102 3073 1178 3129 sit
1207 3090 1421 3129 nomen
1451 3073 1679 3130 Domini
1726 3074 2092 3130 benedictum

439 3166 554 3232 (Job
587 3181 625 3231 1,
647 3163 760 3235 21).
788 3186 815 3211 ››

508 3250 790 3323 24.(Vers.
828 3252 938 3319 10.)
970 3275 995 3301 ‹‹
1031 3251 1196 3305 Nunc
1224 3254 1418 3305 autem
1452 3250 1715 3321 repulisti
1777 3254 1833 3304 et
1890 3250 2090 3305 confu-

440 3340 577 3396 disti
610 3356 736 3395 nos.
771 3340 839 3394 Et
871 3356 983 3394 non
1015 3338 1406 3410 progrodieris
1454 3338 1608 3394 Deus
1666 3340 1722 3392 in
1779 3340 2093 3394 virtutibus

442 3429 679 3484 nostris.
718 3449 745 3477 »
778 3431 920 3482 Cum
954 3427 1080 3499 ipse
1111 3430 1351 3481 sanctus
1392 3427 1567 3481 David
1608 3427 1718 3483 alio
1749 3427 1873 3483 loco
1933 3428 2090 3483 dixe-

441 3517 552 3572 rit:
588 3515 786 3582 «Quia
835 3532 948 3570 non
1010 3516 1249 3586 repellet
1311 3515 1591 3571 Dominus
1648 3516 1874 3588 plebem
1922 3533 2089 3572 suam

440 3606 610 3675 (Psal.
646 3612 806 3668 xciu,
842 3604 993 3676 14);»
1026 3602 1317 3675 quomodo
1339 3603 1447 3659 hoc
1478 3604 1599 3659 loco
1622 3610 1703 3659 ait
1725 3621 1738 3659 :
1758 3627 1784 3654 ‹‹
1809 3604 2090 3677 Repulisti

443 3711 570 3758 nos,
608 3716 633 3742 »
663 3694 985 3765 praesertim
1018 3709 1149 3749 cum
1185 3692 1305 3748 haec
1337 3694 1406 3749 dc
1439 3693 1603 3765 plebe
1634 3693 1807 3759 dicat,
1843 3693 1933 3749 cui
1976 3711 2086 3748 non

442 3782 758 3837 mediocria
816 3780 1071 3853 insignia
1144 3781 1388 3852 propria:
1445 3781 1676 3835 virtutis
1736 3780 2091 3835 enumerct?

423 3858 636 3943 Neque
667 3869 820 3927 enim
853 3870 1142 3925 mediocre
1172 3875 1260 3925 est
1288 3870 1478 3925 dicere
1509 3870 1667 3942 quod
1716 3875 1829 3923 tem
1842 3875 2092 3941 pestatcs

441 3965 495 4015 et
524 3946 694 4016 variae
727 3959 1077 4015 tentationes
1126 3974 1303 4030 super
1360 3975 1420 4015 se
1475 3959 1758 4023 venerint,
1817 3963 1873 4012 et
1926 3957 2090 4013 obliti

438 4065 553 4104 non
586 4049 709 4104 sint
736 4047 1047 4103 Dominum
1081 4045 1263 4102 Deum
1288 4063 1483 4114 suum,
1516 4051 1572 4102 et
1603 4046 1802 4118 inique
1821 4063 1930 4101 non
1965 4063 2092 4118 ege-

438 4138 555 4193 rint
586 4137 645 4192 in
672 4138 1111 4193 Testamentum
1143 4137 1272 4206 ejus
1303 4136 1500 4208 (Infra,
1530 4152 1680 4190 vers.
1738 4136 1844 4207 18),
1898 4140 1955 4189 et
1984 4153 2089 4190 cae-

436 4231 563 4284 tera
601 4243 729 4299 quae
780 4229 1130 4297 sequuntur.
1164 4225 1327 4280 Unde
1356 4225 1555 4295 etiam,
1591 4223 1904 4295 Apostolus
1956 4241 2089 4278 sun-

438 4321 565 4372 ctus
597 4316 1035 4386 interpretatur,
1068 4317 1126 4368 et
1157 4313 1299 4369 dicit
1330 4314 1483 4385 quod
1526 4330 1591 4368 eo
1626 4328 1810 4384 usque
1843 4331 1956 4366 non
2003 4328 2092 4369 rc-

440 4404 653 4477 pulerit
682 4402 910 4475 plebem
937 4420 1104 4458 suam
1140 4403 1443 4470 Dominus,
1479 4406 1542 4456 ut
1572 4401 1828 4474 posuerit
1850 4402 2090 4472 loquen-

2279 1834 2369 1888 25.
2402 1833 2623 1888 Tamen
2656 1836 2719 1887 ut
2746 1837 2803 1887 et
2834 1832 3027 1905 ipsum
3062 1838 3334 1888 sanctum
3386 1832 3569 1888 David
3634 1833 3880 1891 interro-

2204 1938 2433 1995 gemus,
2461 1920 2755 1993 quomodo
2782 1921 3067 1977 Dominus
3102 1920 3331 1993 plebem
3351 1937 3525 1977 suam
3556 1939 3679 1978 non
3700 1940 3872 1996 repu-

2206 2011 2358 2079 lerit,
2391 2009 2760 2082 colligamus.
2785 2009 2930 2064 Nam
2946 2027 3078 2065 cum
3099 2010 3344 2066 sitDeus
3366 2011 3878 2084 appropinquans,

2205 2116 2320 2154 non
2352 2097 2803 2170 elonginquans,
2866 2098 3015 2153 sicut
3075 2098 3253 2154 habet
3300 2098 3591 2171 scriptura
3647 2099 3879 2157 Veteris

2202 2188 2563 2243 Testamenti
2596 2187 2814 2259 (larem.
2863 2204 3024 2253 χχιιι,
3082 2188 3196 2258 23),
3247 2188 3454 2259 utique
3509 2188 3605 2259 qui
3651 2205 3875 2261 appro-

2206 2277 2347 2349 piat,
2381 2292 2495 2331 non
2529 2274 2776 2348 repellit.
2809 2276 2911 2331 Est
2951 2276 3107 2331 enim
3166 2275 3585 2332 misericordia:
3638 2276 3872 2341 divina.

2206 2370 2271 2420 ut
2301 2364 2446 2419 nulli
2479 2381 2657 2421 causa
2687 2365 2765 2420 sit
2796 2365 3003 2420 mortis
3037 2365 3173 2435 (55‘,
3199 2368 3257 2420 et
3284 2381 3493 2421 omnes
3542 2369 3715 2437 putet
3755 2383 3818 2423 es
3842 2382 3872 2422 e

2206 2453 2599 2509 redimendos.
2632 2453 2743 2508 Sed
2790 2452 2921 2507 vide
2970 2468 3040 2507 ne
3093 2452 3191 2507 ille
3246 2444 3588 2524 repellatur,
3652 2454 3755 2525 qui
3816 2470 3871 2510 se

2204 2541 2438 2614 elongat
2467 2559 2501 2596 a
2526 2541 2795 2605 Domino,
2832 2542 2987 2597 sicut
3033 2540 3174 2596 dicit
3204 2541 3382 2597 David
3413 2559 3427 2596 :
3492 2564 3522 2591 «
3582 2543 3867 2608 Quoniam

2204 2647 2335 2686 ecce
2366 2631 2464 2702 qui
2499 2646 2560 2685 se
2593 2629 2831 2701 elongat
2864 2647 2898 2685 a
2926 2636 2984 2685 te
3013 2622 3290 2701 peribunt
3319 2646 3332 2686 :
3378 2631 3693 2702 perdidisti
3752 2649 3867 2688 om-

2206 2735 2310 2775 nes
2340 2719 2439 2790 qui
2472 2718 2834 2774 fornicantur
2853 2720 2962 2774 abs
2992 2724 3046 2773 te
3076 2719 3249 2789 (Psal.
3301 2736 3473 2786 Lxxu,
3499 2721 3615 2791 27).
3661 2743 3691 2770 »
3726 2721 3867 2784 Quid

2204 2812 2314 2878 est,
2347 2808 2449 2863 abs
2480 2811 2535 2862 te
2569 2807 2967 2861 fornicamur?
3012 2806 3158 2871 Quia
3187 2807 3587 2880 turpitudinis
3621 2824 3747 2864 sua
3775 2807 3865 2863 lu-

2194 2895 2413 2951 dibriis
2444 2900 2500 2950 te
2549 2894 2911 2966 relinquunt,
2962 2900 3169 2951 etate
3210 2896 3516 2966 recedunt,
3566 2902 3629 2952 et
3666 2914 3702 2952 a
3730 2913 3869 2969 prae-

2205 2984 2391 3056 ceptis
2424 2985 2540 3039 tuis
2555 2983 2703 3038 devii
2727 2988 2887 3039 sunt.
2917 2983 3171 3056 Denique
3190 2983 3328 3039 alibi
3350 2984 3535 3040 babes
3555 2986 3867 3058 scriptum:

2208 3097 2235 3123 ‹‹
2261 3073 2572 3128 Adulteros
2603 3070 3036 3142 autemjudicat
3062 3072 3237 3140 Deus,
3254 3073 3609 3145 disperdens
3622 3090 3726 3129 eos
3753 3091 3788 3129 a
3805 3090 3869 3130 se

2125 3149 2167 3216 C
2206 3162 2389 3234 (Hebr.
2424 3178 2547 3227 xui,
2581 3161 2655 3230 4).
2691 3182 2718 3209 ››
2755 3160 3041 3233 Repulisti
3062 3176 3220 3233 ergo,
3254 3161 3364 3217 hoc
3384 3167 3494 3230 est,
3548 3162 3867 3219 alienando

2202 3253 2308 3305 abs
2365 3256 2421 3305 te
2481 3248 2786 3321 perdidisti
2840 3266 2961 3306 eos.
3015 3250 3164 3322 Ergo
3223 3250 3325 3322 qui
3374 3266 3437 3306 se
3518 3267 3554 3306 a
3608 3252 3863 3307 Domino

2204 3339 2587 3412 separat,ipse
2618 3353 2651 3390 a
2668 3337 2916 3394 Domino
2944 3343 3284 3411 separatur:
3306 3339 3358 3395 is
3379 3339 3480 3411 qui
3503 3357 3617 3395 non
3638 3353 3868 3412 cogno-

2204 3428 2315 3483 scit
2343 3427 2675 3492 Dominum,
2709 3443 2744 3481 a
2770 3425 3015 3482 Domino
3053 3444 3167 3483 non
3199 3428 3599 3501 cognoscitur:
3627 3432 3688 3483 et
3737 3429 3851 3500 qui

2201 3518 2450 3589 ignorat,
2506 3516 2844 3587 ignoratur;
2905 3517 3057 3572 sicut
3113 3517 3237 3588 ipse
3311 3518 3587 3573 Dominus
3645 3515 3855 3574 dixit:

2202 3631 2229 3657 ‹‹
2295 3604 2576 3660 Discedite
2634 3621 2669 3659 a
2701 3621 2815 3674 me,
2847 3621 3052 3661 omnes
3082 3606 3333 3677 operarii
3365 3604 3717 3677 iniquitatis,
3752 3622 3864 3663 ne—

2202 3695 2321 3749 scio
2354 3710 2455 3748 vos
2479 3692 2685 3761 (Matth.
2716 3710 2818 3759 vn,
2848 3694 2962 3762 23).
2999 3716 3026 3743 »
3058 3694 3183 3750 Non
3214 3695 3375 3749 enim
3432 3695 3585 3750 scire
3642 3695 3865 3767 digna-

2202 3789 2296 3837 tur
2352 3781 2604 3853 injustim
2663 3781 2966 3837 ministros
3021 3787 3079 3837 et
3158 3782 3489 3855 iniquitatis
3563 3789 3860 3840 auctores.

2202 3872 2473 3926 Peccator
2498 3886 2634 3943 ergo
2668 3887 2783 3926 non
2815 3870 3151 3943 repellitur;
3185 3873 3325 3944 quia
3355 3874 3481 3944 ipse
3510 3889 3575 3928 se
3606 3872 3861 3946 repellit.

2204 3960 2321 4016 Iloc
2352 3959 2535 4033 igitur
2563 3975 2773 4031 genere
2795 3959 2973 4016 dicit:
3012 3983 3039 4010 ‹‹
3068 3960 3233 4015 Nunc
3264 3966 3462 4017 autem
3493 3962 3768 4035 repulisti
3808 3965 3869 4017 et

2200 4046 2513 4104 confudisti
2539 4064 2663 4103 nos.
2687 4071 2713 4097 ››

2268 4139 2359 4192 26.
2393 4136 2691 4201 Quomodo
2720 4141 2916 4193 tamen
2947 4136 3188 4211 repellat
3224 4138 3406 4208 Deus,
3436 4140 3541 4212 qui
3592 4140 3875 4212 sequitur

2198 4224 2525 4282 versiculus
2556 4226 2810 4297 exponit.
2834 4226 2979 4290 Quia
3004 4251 3029 4276 (ι
3066 4244 3179 4282 non
3198 4229 3615 4301 progredieris,
3645 4228 3870 4301 inquit,

2205 4320 2373 4381 Deus,
2415 4315 2472 4368 in
2503 4313 2820 4369 virtutibus
2851 4314 3135 4371 nostris.»
3161 4315 3314 4370 Deus
3347 4317 3588 4388 quando
3616 4333 3728 4372 non
3752 4317 3872 4373 ad-

2192 4405 2381 4476 juvat,
2414 4401 2691 4476 repellere
2710 4403 2957 4459 videtur.
2995 4403 3409 4476 Unusquisque
3434 4405 3597 4462 enim
3635 4405 3739 4478 qui
3755 4406 3877 4461 ad-

440 4499 559 4548 tem
590 4508 755 4548 eum:
790 4515 817 4541 ‹‹
848 4493 993 4548 Tota
1022 4492 1115 4547 die
1144 4491 1393 4564 expendi
1426 4508 1636 4545 manus
1668 4507 1827 4546 meas
1854 4491 1924 4545 ad
1977 4489 2091 4562 ple-
2123 4514 2167 4577 υ
2191 4493 2470 4564 jumenta
2526 4508 2640 4547 non
2703 4491 2882 4547 sentit
2931 4491 3254 4549 divinitatis
3304 4494 3423 4549 sibi
3475 4494 3875 4567 opitulatione

438 4583 567 4638 bem
602 4596 717 4635 non
750 4581 1102 4649 credente’m,
1132 4585 1187 4635 et
1233 4578 1724 4636 contradicentem
1779 4580 1905 4651 (lsa.
1967 4596 2089 4646 LXV,

435 4674 491 4737 2,
524 4672 674 4727 Rom.
698 4688 753 4736 κ,
785 4669 896 4741 21).
936 4692 961 4717 ››
995 4669 1175 4739 Cujus
1208 4669 1498 4725 sermonis
1542 4669 1900 4725 auctoritate
1960 4670 2093 4724 sub-

438 4761 608 4817 nixus
638 4759 720 4815 ait
752 4776 764 4815 :
802 4782 828 4810 «
868 4759 999 4814 Dico
1038 4758 1253 4830 igitur:
1310 4757 1462 4813 898
1522 4757 1821 4829 Numquid
1880 4757 2094 4825 repulit

436 4851 591 4907 Deus
622 4849 1019 4904 haereditatem
1054 4864 1221 4902 suam
1245 4846 1484 4901 ?-Absit.
1522 4846 1664 4900 Nam
1703 4850 1757 4900 et
1779 4863 1883 4917 rgo
1917 4847 2092 4902 Israe-

436 4939 540 4994 lita
572 4955 729 5006 sum,
761 4955 828 4993 ex
855 4937 1077 4991 semine
1110 4935 1423 5005 Abraham,
1456 4934 1526 4989 de
1573 4935 1724 4989 tribu
1789 4936 2090 5005 Benjamin

338 5082 345 5088 ,
438 5034 537 5101 (xu,
570 5029 621 5097 l,
647 5028 721 5099 2).
750 5049 779 5076 »
811 5026 935 5081 Non
970 5024 1184 5096 repulit
1219 5034 1365 5079 Deus
1399 5022 1626 5095 plebem
1661 5041 1852 5089 suam,
1915 5041 2091 5096 quam

436 5116 747 5189 praescivit.
782 5115 895 5172 Sed
925 5116 1118 5186 potest
1147 5112 1256 5168 hoc
1293 5111 1419 5168 loco
1471 5110 1584 5165 dici
1642 5111 1919 5183 quoniam
1964 5113 2092 5168 ideo

508 5240 621 5312 (53)
654 5239 917 5312 Hymnus
958 5254 1027 5293 ex
1080 5238 1250 5310 Greg.
1302 5236 1471 5309 Nyss.
1532 5239 1699 5291 tract.
1732 5237 1768 5291 5
1800 5237 1855 5291 in
1917 5236 2091 5306 Psal.,

440 5326 567 5381 cap.
600 5316 635 5365 3
682 5318 793 5379 est,
890 5319 923 5379 ἡ
1008 5321 1085 5366 ἐπὶ
1159 5321 1256 5376 τοῖς
1337 5316 1640 5382 ᾧπᾴρχουσιν
1688 5316 1819 5382 ᾲὴμῖγ
1901 5317 2094 5382 habet;

439 5375 759 5503 ἀῖἆτιθιμένη
781 5375 789 5379 ⁷
813 5392 883 5454 τῷ
915 5375 1041 5454 ’θεῷ
1070 5389 1305 5453 εὐφημία.
1336 5375 1450 5436 Sed
1469 5375 1613 5434 "nos
1669 5375 1749 5435 de'
1796 5380 1905 5435 hoc
1945 5375 2092 5436 alibi

441 5467 477 5508 ι)
504 5468 624 5508 ura.

368 5540 385 5555 .
654 5522 1088 5605 Msg._quinque
1119 5523 1291 5591 Gall.,
1323 5523 1464 5597 quod
1491 5538 1609 5605 non
1637 5522 1812 5579 solum
1842 5523 2088 5605 infau-

438 5595 518 5656 οἰδ
538 5595 859 5673 servaverit,
876 5598 972 5674 qui
994 5595 1111 5657 'non
1137 5595 1504 5657 curvaverant
1547 5610 1727 5677 genua
1755 5601 1884 5655 ante
1908 5595 2049 5657 Baal
2070 5613 2089 5659 .·

2203 4582 2473 4649 conferri,
2508 4580 2810 4653 repulsum
2844 4598 2905 4637 se
2930 4584 3097 4654 putat
3127 4586 3300 4653 atque
3326 4583 3655 4639 desertum.
3717 4584 3876 4650 Quid

2201 4676 2289 4725 est
2319 4675 2515 4725 autem
2546 4671 2700 4740 quod
2735 4670 2854 4725 ait:
2888 4694 2915 4719 «
2949 4670 3075 4726 Non
3120 4673 3536 4744 progredieris,
3596 4673 3814 4729 Deus?
3850 4696 3878 4721 »

2204 4759 2269 4813 Et
2300 4759 2441 4831 quid
2466 4759 2577 4814 sibi
2608 4758 2731 4814 vult
2752 4761 2907 4831 quod
2940 4760 3095 4816 Deus
3125 4760 3425 4816 interdum
3458 4767 3561 4817 aut
3589 4761 3881 4835 progredi

2205 4847 2439 4915 dicitur,
2472 4851 2572 4902 aut
2601 4849 2817 4921 egredi,
2853 4853 2950 4904 aut
2984 4865 3317 4923 exsurgere,
3348 4856 3451 4906 aut
3478 4850 3882 4908 descendere?

2210 4937 2334 4992 Non
2370 4936 2523 4991 enim
2546 4936 2924 5007 corporaliter
2944 4942 3096 4995 Deus
3127 4942 3392 4995 movetur
3421 4945 3524 4995 aut
3543 4941 3619 4996 de
3671 4940 3883 5013 aliquo

2200 5024 2325 5080 loco
2357 5025 2491 5094 exit,
2525 5028 2626 5079 aut
2654 5024 2726 5078 ad
2758 5023 3003 5080 alterum
3038 5028 3271 5095 transit,
3303 5028 3403 5099 qui
3440 5045 3628 5101 supra
3677 5029 3884 5087 omnia

2202 5118 2326 5170 est:
2361 5116 2463 5169 aut
2491 5128 2621 5169 vere
2650 5114 2930 5187 exsurgit,
2963 5117 3132 5187 quasi
3162 5115 3223 5172 in
3270 5116 3465 5190 aliquo
3506 5119 3714 5191 jaceat
3780 5138 3881 5176 cu-

2201 5254 2391 5294 rerum
2418 5237 2590 5309 fuerit
2638 5238 2754 5304 hoc,
2777 5243 2885 5294 etc.
2918 5243 3146 5297 Statuat
3176 5242 3439 5313 prudens
3467 5241 3684 5314 lector,
3730 5263 3880 5303 num

2204 5311 2351 5364 forte
2376 5309 2497 5364 haec
2522 5308 2690 5364 lectio
2721 5309 2819 5364 alii
2845 5311 3201 5364 praeferenda
3220 5313 3317 5364 sit.

2204 5311 2351 5365 forte
2376 5311 2497 5364 haec
2523 5311 2690 5365 lectio
2721 5311 2819 5364 alii
2843 5311 3201 5383 praeferenda
3220 5313 3317 5368 sit.
3668 5311 3675 5314 ’

2273 5382 2385 5454 (55)
2415 5380 2604 5465 Codex
2632 5381 2821 5465 _Beg.,
2869 5386 3069 5465 uterque
3093 5387 3190 5465 qui
3225 5388 3546 5465 appropiat,
3608 5394 3676 5444 ut
3724 5390 3880 5465 nulli

2200 5468 2368 5536 causa
2399 5455 2723 5536 8i!"2:01_'ti8,_
2768 5459 2901 5536 etc”
2962 5454 3073 5536 alii
3099 5454 3311 5513 autem
3353 5454 3644 5530 quatuor,
3679 5464 3875 5536 utique

2204 5526 2300 5598 qui
2324 5526 2633 5600 appropiat,
2664 5529 2725 5581 ut
2742 5526 2904 5594 nulli,
2928 5528 3036 5586 etc.
