4112 6190
257 260 430 350 iisi-

1328 278 1782 347 ENABRATIO
1823 279 1902 346 IN
1947 277 2326 345 PSALMUM
2373 281 2585 344 XLIII.

3499 272 3679 385 1158-

257 419 376 486 bili,
419 417 506 474 vel
561 414 622 474 in
675 411 872 491 aliqua
921 416 1054 473 sede
1105 415 1483 488 corporaliter
1530 419 1764 484 sedeat;
1799 416 1899 474 sed
1929 398 2315 488 A'Scripiura
2347 416 2452 471 hoc
2484 415 2660 470 dicit:
2694 413 2894 485 etjam
2934 417 3071 471 tunc
3115 415 3466 488 signiﬁcabit
3499 423 3652 490 quod

255 508 377 563 haec
408 506 709 577 dicuntur,
744 510 810 563 ut
831 511 894 562 tu
927 504 1222 578 intelligas
1269 506 1503 578 quando
1534 512 1589 562 et
1619 508 1687 562 ad
1723 523 1896 579 quem

255 596 451 670 egredi
491 595 738 664 dicatur,
793 600 850 652 et
895 595 965 651 ad
1018 611 1192 667 quem
1242 612 1571 666 exsurgere.
1625 597 1900 669 Legimus

257 685 414 741 enim
438 686 499 741 in
534 685 641 741 hoc
673 686 798 758 ipso
828 683 1092 757 psalmo:
1129 707 1155 733 «
1191 685 1532 758 Exsurgere,
1584 701 1762 756 quare
1793 685 1898 740 ob-

258 774 502 842 dormis,
538 773 777 830 Domine
826 775 1022 844 (In/ra,
1072 789 1220 828 vers.
1270 773 1469 844 23)?»
1519 773 1587 828 Et
1635 773 1901 829 conside-

258 864 511 919 randum
547 879 616 918 ne
659 862 892 933 quando
941 862 1094 918 899
1144 862 1363 918 nostris
1412 861 1902 934 improbabilibus

259 952 489 1007 actibus
520 950 847 1007 obdormire
887 950 1188 1018 videatur;
1223 955 1288 1004 ut
1332 950 1392 1004 in
1423 950 1728 1022 Evangelio
1760 950 1900 1022 legi-

259 1057 414 1107 mus,
449 1056 580 1094 cum
613 1038 802 1093 adhuc
846 1038 1167 1110 imperfecti
1217 1042 1416 1095 essent
1463 1038 1716 1111 apostoli
1745 1039 1901 1111 quod

259 1127 352 1183 bis
380 1129 556 1184 Jesus
581 1126 850 1183 Christus
883 1126 1211 1183 dormiebat
1239 1128 1456 1196 (Matth.
1495 1145 1615 1196 vxu,
1648 1129 1765 1196 24.)
1794 1128 1903 1183 Ve-

261 1231 390 1270 rum
424 1215 524 1270 ubi
558 1218 716 1270 metu
768 1214 1060 1287 naufragii
1111 1219 1167 1271 et
1203 1215 1412 1271 timore
1457 1215 1712 1288 perculsi
1745 1221 1903 1284 sunt,

262 1303 558 1360 Christum
637 1303 1034 1360 excitaverunt
1110 1304 1497 1360 dormientem
1571 1305 1732 1376 (Ibid.
1790 1306 1902 1376 25).

264 1393 506 1449 Perfidis
531 1409 667 1466 ergo
699 1393 914 1448 dormit
962 1393 1246 1449 Dominus
1294 1393 1488 1461 Jesus,
1521 1393 1794 1449 ﬁdelibus
1824 1393 1906 1449 vi-

265 1482 428 1554 gilat.

335 1573 423 1624 27.
457 1569 716 1642 Denique
746 1574 802 1626 et
833 1570 930 1642 qui
974 1569 1165 1625 ﬁdelis
1195 1575 1302 1635 est,
1356 1570 1533 1626 intrat
1581 1571 1651 1625 ad
1684 1571 1904 1627 Deum:

268 1663 324 1715 et
352 1677 386 1714 a
407 1659 733 1732 negligente
765 1663 914 1714 Deus
941 1659 1170 1713 videtur
1199 1659 1354 1714 exire
1384 1663 1558 1731 atque
1587 1659 1906 1716 discedere.

267 1748 428 1804 Certe
460 1747 831 1848 impertectos
861 1752 916 1846 et
943 1747 1132 1846 adhuc
1176 1747 1444 1804 infirmos
1475 1749 1711 1803 attrahit
1744 1749 1814 1803 ad
1848 1764 1910 1803 se
1942 1785 1988 1848 Β

267 1837 590 1903 Dominus;
623 1835 775 1890 sicut
805 1834 997 1907 legisti
1031 1835 1290 1890 dicentes
1315 1836 1665 1906 juvenculas
1693 1853 1704 1891 :
1744 1859 1770 1886 «
1802 1840 1905 1891 At-

267 1924 435 1980 trahe
465 1940 594 1991 nos,
626 1929 756 1995 post
787 1923 1022 1978 odorem
1052 1929 1489 1996 unguentorum
1518 1930 1753 1980 tuorum
1787 1942 1913 1980 cur-

271 2029 468 2070 remus
498 2012 677 2084 (Cant.
715 2030 750 2080 ι,
784 2012 856 2084 3).
895 2035 921 2062 υ
953 2015 1025 2066 At
1054 2029 1184 2068 vero
1212 2013 1400 2069 Moses
1431 2014 1530 2084 qui
1556 2015 1679 2084 jam
1712 2014 1916 2070 fortior

273 2107 416 2171 erat,
449 2105 505 2158 et
534 2101 751 2158 electus
783 2119 817 2157 a
845 2101 1112 2171 Domino,
1144 2105 1202 2157 et
1247 2103 1560 2158 ascendere
1594 2101 1824 2175 legitur,
1857 2108 1915 2159 et

274 2191 491 2247 intrare
520 2191 592 2245 ad
625 2191 938 2245 Dominum
976 2189 1160 2246 Deum
1205 2207 1402 2257 suum,
1447 2191 1600 2247 sicut
1630 2193 1912 2264 scriptum

275 2284 398 2335 est:
435 2303 462 2330 ‹‹
495 2279 638 2345 Quia
686 2280 947 2334 ascendit
993 2279 1220 2351 Moyses
1271 2281 1330 2334 in
1377 2285 1656 2349 montem,
1707 2286 1765 2336 et
1804 2282 1913 2336 cir-

276 2368 576 2424 cumdedit
605 2366 705 2422 lux
735 2371 992 2422 montem
1023 2368 1157 2440 (36),
1190 2372 1246 2423 et
1291 2369 1592 2425 descendit
1639 2371 1916 2440 majestas

276 2456 509 2513 Domini
543 2457 601 2512 in
635 2460 891 2512 montem
927 2456 1087 2525 Sino,
1121 2459 1178 2512 et
1205 2457 1504 2529 coeperuit
1550 2474 1684 2512 eum
1731 2458 1917 2514 nubes

277 2562 377 2601 sex
408 2545 614 2602 diebus
646 2563 659 2602 :
693 2549 749 2601 et
776 2545 999 2601 vocavit
1032 2545 1318 2602 Dominus
1350 2547 1584 2619 Moysen
1617 2547 1710 2603 die
1740 2547 1916 2620 septi-

283 2651 400 2704 mo,
425 2635 496 2690 de
528 2634 722 2690 media
754 2635 1223 2706 nube.Aspectus
1243 2640 1438 2692 autem
1464 2636 1788 2707 majestatis
1819 2639 1919 2693 Do-

280 2723 425 2779 mini
455 2726 739 2796 tanquam
770 2722 924 2795 ignis
959 2723 1171 2780 ardens
1202 2741 1380 2797 super
1405 2725 1676 2781 verticem
1702 2725 1918 2781 montis

277 2829 472 2868 coram
505 2811 642 2868 ﬁliis
671 2812 864 2868 Israel.
899 2813 967 2866 Et
1012 2812 1252 2868 intravit
1298 2814 1524 2886 Moyses
1572 2814 1631 2869 in
1665 2815 1917 2870 mediam

277 2903 492 2957 nubem
525 2901 714 2973 (Exod.
751 2919 903 2968 xxxv,
942 2902 1007 2956 15
1039 2901 1146 2972 18).
1182 2923 1209 2951 ››
1262 2902 1423 2957 Sicut
1471 2919 1606 2976 ergo
1636 2903 1729 2958 hic
1760 2904 1917 2976 Moy-

277 3008 370 3046 ses
399 2991 656 3046 intrabat
701 2989 760 3044 in
809 2990 1048 3056 nubem,
1099 2989 1198 3045 ubi
1238 2991 1496 3062 primum
1547 2993 1616 3047 ad
1658 2997 1918 3048 montem

278 3082 519 3136 vocatus
554 3096 586 3135 a
610 3078 855 3134 Domino
888 3082 1013 3134 est:
1044 3077 1126 3134 ita
1174 3078 1233 3133 in
1265 3079 1683 3151 posterioribus
1731 3082 1918 3154 perfe-

2011 505 2301 560 desereret
2331 503 2612 576 populum
2644 503 3004 572 Judaeorum,
3028 508 3084 559 et
3116 505 3390 560 transiret
3413 507 3483 560 ad
3514 524 3653 579 gen-

2009 597 2116 649 tes.
2151 592 2412 664 Denique
2443 598 2499 648 et
2529 593 2588 647 in
2620 591 2846 664 psalmo
2897 593 3006 648 hoc
3059 593 3390 650 invenimus
3423 611 3656 667 expres-

2011 700 2166 751 sum,
2199 699 2333 738 cum
2366 681 2508 737 dicit
2543 684 2752 738 David:
2793 705 2820 732 ‹‹
2851 683 2919 738 Et
2943 684 3064 755 ipse
3089 689 3369 756 tanquam
3403 702 3656 756 sponsus

2013 772 2334 843 procedens
2383 772 2452 826 de
2500 771 2762 826 thalamo
2827 789 2953 826 suo.
3006 772 3329 828 Exsultavit
3374 778 3657 846 tanquam

2011 861 2178 933 gigas
2209 862 2281 916 ad
2313 861 2660 916 currendam
2692 860 2842 915 viam
2878 862 3048 930 (Psal.
3082 880 3238 931 xvm,
3267 863 3342 934 6).
3381 886 3408 911 ››

2084 952 2173 1004 29.
2226 948 2326 1005 His
2377 949 2556 1020 igitur
2620 949 2932 1020 generibus
2985 951 3308 1022 reperimus
3355 968 3658 1025 egressum

2015 1037 2135 1105 Dei,
2172 1043 2272 1093 aut
2320 1039 2449 1109 ejus
2500 1038 2857 1110 ingressum,
2909 1039 3060 1094 sicut
3101 1045 3157 1094 et
3205 1040 3490 1099 Dominus
3521 1043 3661 1099 dicit

2014 1127 2185 1183 .Iesus
2218 1127 2356 1198 quia
2386 1127 2456 1181 ad
2491 1126 2679 1182 virum
2723 1127 3025 1182 timentem
3071 1130 3281 1186 veniat.
3316 1153 3342 1180 «
3379 1131 3539 1201 Ecce,
3572 1131 3660 1187 in-

2016 1217 2164 1287 quit,
2198 1221 2286 1271 sto
2319 1216 2680 1287 adjanuam,
2715 1220 2768 1271 et
2800 1217 3005 1287 pulso:
3055 1224 3110 1272 et
3151 1219 3198 1273 si
3249 1220 3382 1291 quis
3413 1221 3663 1277 audierit

2015 1321 2213 1360 vocem
2249 1321 2460 1371 meam,
2483 1309 2539 1359 et
2560 1304 3133 1375 aperueritjanuam,
3159 1307 3386 1364 intrabo
3408 1311 3477 1364 ad
3502 1326 3659 1378 eum,

2017 1397 2075 1448 et
2105 1394 2342 1448 cu—mabo
2370 1409 2503 1448 cum
2539 1391 2656 1459 illo,
2690 1396 2746 1448 et
2769 1393 2891 1465 ipse
2913 1411 3140 1450 mecum
3167 1397 3346 1468 (Apoc.
3374 1415 3458 1465 III,
3483 1398 3592 1470 20).
3633 1421 3661 1448 ››

2020 1481 2149 1536 Haec
2181 1481 2359 1553 igitur
2397 1481 2653 1536 diximus
2684 1487 2988 1553 propterea
3031 1485 3186 1555 quod
3220 1485 3304 1541 ait
3335 1485 3659 1559 PrOpheta:

2021 1594 2046 1618 υ
2085 1569 2368 1640 Repulisti
2402 1585 2529 1637 nos,
2559 1573 2613 1625 et
2645 1587 2758 1625 non
2800 1572 3210 1642 progredicris,
3259 1574 3434 1646 Deus,
3469 1575 3528 1631 in
3558 1576 3667 1632 vir-

2021 1657 2246 1711 tutibus
2281 1656 2514 1712 nostris.
2552 1680 2579 1708 ››

2090 1745 2178 1799 30.
2210 1743 2565 1815 Simpliciter
2597 1751 2792 1800 autem
2827 1751 2882 1801 et
2923 1745 3063 1801 illud
3115 1748 3495 1821 accipiamus,
3529 1733 3668 1822 quia

2024 1834 2176 1888 Deus
2208 1849 2554 1904 progressus
2585 1838 2673 1888 est
2703 1835 2759 1888 in
2793 1835 3106 1891 virtutibus
3136 1837 3473 1893 Judaaorum
3504 1840 3668 1897 900

2024 1923 2258 1994 quando
2287 1922 2424 1977 Jesu
2461 1922 2612 1978 Nave
2661 1924 2867 1978 ducem
2923 1923 3141 1980 militiae
3183 1925 3430 1983 ccelestis
3463 1929 3666 1984 adora-

2024 2011 2143 2065 vit:
2180 2017 2237 2066 et
2269 2011 2394 2065 ideo
2428 2010 2554 2065 sine
2585 2011 2735 2066 ferro
2766 2012 2925 2078 vicit,
2959 2018 3016 2067 et
3059 2013 3183 2069 sine
3217 2014 3336 2070 ulla
3365 2016 3670 2073 obsidione

2027 2100 2539 2155 destruxiturbem
2571 2099 2820 2164 Jericho,
2858 2119 2981 2172 quae
3006 2101 3255 2158 habebat
3275 2103 3670 2163 validissimos

2026 2205 2246 2244 muros.
2279 2189 2520 2253 Quando
2548 2191 2705 2244 enim
2737 2207 3083 2262 progressus
3113 2197 3200 2247 est
3247 2193 3305 2248 in
3351 2194 3669 2251 virtutibus

2027 2293 2325 2332 servorum
2384 2293 2624 2332 suorum
2674 2277 2848 2344 Deus,
2909 2280 3149 2336 victoria
3201 2286 3512 2339 consecuta
3556 2289 3667 2340 est.

2026 2365 2172 2420 Nam
2205 2382 2551 2439 progressus
2582 2373 2670 2422 est
2696 2367 2938 2440 angelus
2969 2369 3042 2423 ad
3073 2370 3325 2426 Ezechiae
3361 2389 3582 2445 preces,
3615 2376 3672 2429 et

2028 2454 2234 2510 stravit
2273 2454 2616 2511 innumeras
2665 2456 2862 2528 copias
2905 2457 3299 2529 Assyriorum.
3345 2461 3453 2515 Sed
3495 2461 3670 2516 inter-

2031 2545 2171 2598 dum
2194 2549 2248 2598 et
2293 2561 2438 2616 quos
2476 2544 2600 2599 vult
2621 2545 2680 2598 in
2702 2546 3016 2600 certamine
3068 2549 3329 2602 coronari
3361 2549 3668 2620 Dominus,

2029 2632 2205 2687 veluti
2240 2632 2590 2704 derelinquit
2621 2633 2693 2689 ad
2725 2637 2983 2705 tempus,
3029 2639 3091 2689 ut
3139 2636 3252 2690 ﬁde
3279 2637 3535 2708 vincant,
3567 2654 3671 2694 nec

2029 2723 2202 2777 rebus
2253 2722 2524 2777 secundis
2574 2725 2630 2777 et
2699 2723 2991 2794 prosperis
3039 2723 3264 2779 devotio
3315 2726 3668 2782 remittatur.

2029 2809 2289 2880 Denique
2319 2827 2469 2882 saepe
2500 2810 2598 2882 qui
2632 2827 3041 2882 prosperorum
3075 2828 3272 2880 cursu,
3307 2818 3362 2869 et
3392 2815 3674 2870 secundo-

2030 2916 2160 2955 rum
2195 2900 2572 2970 usurpatione
2603 2899 2954 2966 ceciderunt,
2987 2901 3362 2973 corriguntur
3393 2905 3670 2961 adversis.

2033 2989 2162 3045 Ideo
2196 2989 2526 3059 frequenter
2554 2988 2889 3044 invenimus
2931 2989 3164 3045 Judzsos
3214 2996 3346 3062 post
3373 2993 3673 3049 victoriam

2033 3079 2248 3151 lapsos,
2284 3082 2415 3150 post
2444 3075 2745 3132 servitium
2791 3082 3099 3144 correctos,
3152 3079 3288 3150 quia
3319 3081 3589 3152 precibus
3620 3088 3677 3138 et

282 3168 445 3237 ctior,
485 3184 618 3224 cum
657 3167 782 3239 ipse
834 3167 1077 3221 intraret
1125 3167 1181 3220 in
1231 3169 1672 3225 tabernaculum
1723 3151 1920 3240 suum,
1954 3151 1995 3216 (ἶ
2035 3166 2534 3241 deplorationibus
2559 3167 2742 3221 Deum
2775 3167 2843 3222 ad
2879 3184 2940 3222 se
2972 3168 3160 3222 redire
3192 3151 3465 3225 fecerunt.

284 3256 674 3315 descendebat
703 3257 772 3310 ad
807 3272 940 3311 eum
973 3255 1245 3310 columna
1293 3257 1488 3321 nubis,
1541 3263 1596 3312 et
1643 3261 1836 3314 stabat
1865 3261 1925 3314 in

286 3346 432 3403 ostio
462 3342 846 3410 tabernaculi,
881 3347 936 3398 et
968 3349 1132 3398 stans
1179 3347 1336 3398 totus
1368 3343 1620 3415 populus
1649 3347 1927 3403 adorave-

287 3440 426 3492 runt
458 3433 866 3505 unusquisque
895 3432 966 3487 ad
989 3431 1204 3488 ostium
1228 3432 1588 3487 tabernaculi
1614 3434 1702 3489 sui
1728 3435 1924 3505 (Exod.

283 3542 488 3591 χχχιιι,
517 3524 552 3577 9
581 3531 630 3578 et
664 3521 787 3591 10):
823 3521 880 3575 in
927 3522 1082 3576 nube
1133 3523 1326 3575 autem
1377 3520 1701 3590 Dominus;
1735 3523 1932 3595 posuit

283 3614 442 3669 enim
475 3611 646 3683 (Psal.
675 3627 817 3675 xvu,
852 3611 936 3682 12)
970 3611 1238 3665 tenebras
1273 3609 1584 3666 latibulum
1629 3629 1824 3667 suum.
1863 3613 1932 3668 Ut

284 3701 440 3758 scias
489 3703 683 3755 autem
739 3698 876 3769 quia
919 3699 989 3752 dc
1036 3697 1280 3753 Domino
1332 3699 1505 3754 dicit:
1540 3724 1566 3749 «
1602 3702 1670 3756 Et
1699 3699 1930 3757 locutus

283 3794 392 3857 est,
427 3788 640 3860 inquit,
673 3787 959 3842 Dominus
989 3787 1061 3842 ad
1087 3785 1319 3859 Moysen
1345 3788 1537 3858 (Exod.
1562 3807 1762 3856 xxxm,
1798 3791 1871 3860 1).
1902 3814 1928 3840 ››

285 3878 448 3946 Quod
480 3881 675 3932 autem
707 3880 868 3930 extra
907 3879 1098 3930 castra
1143 3875 1588 3932 tabernaculum
1620 3879 1802 3952 Moysi
1834 3897 1932 3951 po-

283 3967 466 4023 situm
498 3981 625 4021 esse
655 3970 1166 4033 commemoratur,
1201 3969 1262 4020 ut
1289 3972 1616 4023 occurreret
1645 3968 1780 4040 Deo,
1815 3987 1930 4026 non

281 4056 514 4111 videtur
542 4070 670 4110 esse
700 4053 1096 4120 contrarium;
1131 4054 1230 4126 qui
1283 4055 1440 4110 enim
1485 4059 1669 4113 Deum
1699 4059 1928 4132 qurerit,

282 4144 456 4218 quasi
486 4143 559 4199 ad
592 4142 775 4198 Deum
807 4142 1004 4209 intrat,
1055 4147 1112 4198 et
1159 4147 1277 4198 tota
1318 4149 1510 4200 mente
1540 4147 1610 4200 ad
1645 4148 1929 4220 cognitio-

286 4245 423 4290 n‘em
455 4233 585 4306 ejus
627 4231 975 4304 ingreditur.

355 4325 446 4378 28.
472 4323 678 4378 Justus
709 4337 845 4393 ergo
877 4319 1055 4376 intrat
1083 4321 1154 4376 ad
1179 4320 1512 4391 Dominum,
1535 4323 1690 4380 sicut
1712 4326 1933 4399 Moyses

286 4413 544 4468 intrabat
575 4411 632 4466 in
661 4410 876 4466 nubem
903 4427 915 4465 :
950 4410 1010 4464 in
1046 4410 1198 4464 nube
1219 4416 1412 4466 autem
1437 4411 1609 4468 Deus.
1634 4413 1929 4486 Denique:

2107 3260 2194 3312 31.
2228 3258 2388 3313 Unde
2419 3261 2474 3312 et
2504 3255 2646 3311 illud
2689 3257 2842 3328 quod
2885 3257 3209 3324 secundum
3255 3258 3550 3316 hominem
3585 3261 3676 3315 di—

2037 3350 2196 3400 ctum
2227 3350 2333 3412 est,
2367 3351 2425 3400 et
2454 3345 2713 3400 hominis
2743 3345 3037 3415 affectum,
3070 3345 3207 3401 huic
3231 3348 3527 3402 sententias
3561 3367 3675 3405 non

2040 3439 2343 3505 repugnat,
2406 3433 2543 3504 quia
2613 3433 2758 3488 dixit
2814 3433 3134 3490 Dominus:
3201 3460 3226 3484 ‹‹
3291 3437 3466 3503 Deus,
3524 3438 3678 3495 Deus

2041 3535 2227 3587 meus,
2267 3521 2490 3590 respice
2519 3521 2575 3574 in
2610 3537 2723 3590 me,
2757 3538 2938 3592 quare
2981 3540 3074 3578 me
3105 3524 3471 3596 dereliquisti
3505 3527 3674 3598 (Ρδαι.

2041 3626 2155 3675 xxx,
2189 3608 2243 3679 2)
2275 3607 2302 3661 ?
2337 3630 2362 3655 ››
2393 3607 2519 3661 Νοη
2553 3608 2704 3678 quod
2756 3609 3069 3665 derelictus
3117 3611 3194 3665 sit
3242 3614 3546 3682 Dominus,
3580 3617 3679 3687 qui

2042 3696 2121 3752 ait
2151 3695 2330 3751 alibi:
2368 3718 2395 3744 ‹‹
2446 3695 2730 3757 Quoniam
2782 3696 2941 3751 solus
2992 3715 3102 3751 non
3161 3717 3314 3768 sum,
3345 3703 3483 3771 quia
3515 3704 3686 3759 Pater

2041 3802 2270 3842 mecum
2302 3789 2392 3840 est
2422 3785 2598 3856 (Joan.
2645 3801 2761 3850 xvx,
2790 3786 2901 3855 31),
2941 3808 2966 3832 ››
3017 3787 3116 3849 sed
3167 3790 3306 3858 quia
3354 3793 3680 3847 secundum

2040 3892 2272 3932 carnem
2325 3873 2582 3929 hominis
2629 3879 2687 3929 et
2742 3873 3034 3944 affectum,
3092 3877 3192 3945 qui
3248 3876 3306 3931 in
3367 3880 3683 3936 certamine

2040 3965 2198 4037 gravi
2227 3968 2315 4019 est
2344 3962 2716 4031 constitutus,
2755 3963 3066 4020 derelictus
3097 3965 3326 4021 videtur
3358 3985 3387 4021 a
3415 3967 3679 4024 Domino.

2040 4053 2300 4126 Denique
2332 4070 2444 4108 non
2477 4053 2681 4122 otiose,
2715 4053 2796 4107 ait
2825 4053 3132 4125 scriptura,
3167 4056 3304 4127 quia
3340 4062 3469 4128 post
3499 4063 3682 4114 tenta-

2039 4142 2256 4198 tionem
2317 4142 2566 4214 primam
2600 4142 2870 4198 discessit
2900 4144 2970 4198 ab
3001 4160 3065 4198 eo
3093 4143 3358 4200 diabolus
3392 4163 3578 4218 usque
3610 4147 3683 4202 ad

2044 4237 2276 4303 tempus
2308 4233 2456 4301 (Luc.
2489 4249 2563 4300 1v,
2600 4232 2705 4303 13),
2738 4231 2845 4286 hoc
2877 4235 2986 4298 est,
3021 4249 3206 4304 usque
3239 4234 3310 4289 ad
3348 4239 3638 4291 certamen
3666 4254 3680 4304 ;

2044 4320 2140 4375 ubi
2173 4321 2331 4376 enim
2363 4337 2640 4392 magnum
2686 4324 2980 4375 certamen
3031 4338 3208 4378 sacrae
3256 4323 3548 4394 passionis
3580 4326 3682 4381 ad-

2040 4410 2216 4479 venit,
2245 4410 2458 4465 iterum
2491 4408 2859 4464 adversarius
2881 4409 2952 4463 ad
2989 4413 3339 4467 testamenta
3361 4415 3680 4471 successit:

288 4502 468 4556 «Ecce
500 4499 785 4556 Dominus
816 4499 971 4555 venit
1017 4498 1074 4554 in
1125 4499 1277 4554 nube
1323 4498 1432 4553 levi
1481 4501 1610 4568 (lsa.
1644 4519 1757 4570 xxx,
1793 4505 1865 4574 1).
1902 4527 1930 4554 »
1963 4518 2008 4581 Ι)
2040 4500 2214 4555 homo
2246 4502 2438 4553 autem
2474 4497 2705 4568 quando
2736 4496 2893 4552 velut
2922 4498 2980 4553 in
3013 4500 3288 4573 ambiguo
3331 4502 3684 4560 constitutus

291 4590 358 4646 Et
405 4589 464 4644 in
514 4588 825 4661 Evangelio
875 4587 1055 4643 habes
1102 4587 1427 4660 scriptum:
1464 4611 1493 4638 ‹‹
1539 4589 1683 4645 Cum
1736 4597 1930 4648 autem

287 4695 442 4745 oras,
477 4676 631 4733 intra
677 4677 737 4732 in
787 4675 1122 4732 cubiculum
1173 4680 1362 4746 tuum,
1417 4682 1470 4731 et
1518 4676 1715 4735 clauso
1761 4682 1929 4752 ostio,

289 4761 393 4823 ora
421 4767 649 4822 Patrem
681 4771 851 4822 tuum
883 4766 940 4820 in
974 4765 1346 4822 abscondito:
1384 4769 1440 4821 et
1470 4765 1635 4822 Pater
1663 4772 1800 4825 tuus
1830 4773 1932 4843 qui

286 4855 449 4911 videt
491 4855 549 4910 in
600 4854 961 4924 abscondito,
1012 4855 1214 4911 reddet
1264 4854 1364 4909 tibi
1416 4855 1630 4926 (Matth.
1683 4875 1758 4924 γι,
1791 4860 1866 4931 6).
1904 4884 1931 4910 ››

290 4945 440 5018 Ergo
471 4945 630 5001 intus
663 4944 829 5018 quasi
871 4943 927 4998 in
976 4942 1244 5000 cubicnlo
1291 4949 1392 4998 tuo
1443 4944 1596 5000 Deus
1643 4951 1750 5001 est.
1785 4950 1930 5004 Audi

292 5035 470 5091 etiam
503 5034 663 5103 alibi,
721 5035 858 5106 quia
906 5034 1064 5089 intus
1115 5039 1203 5088 est
1251 5033 1425 5090 Deus.
1463 5055 1490 5083 ‹‹
1523 5035 1686 5104 Ecce,
1719 5036 1931 5108 inquit,

293 5123 579 5180 Dominus
624 5123 895 5195 procedet
942 5123 1012 5178 de
1058 5121 1182 5178 loco
1231 5140 1360 5193 suo,
1416 5127 1474 5179 et
1524 5125 1831 5180 descendet
1878 5131 1936 5183 et

294 5215 568 5271 ascendet
597 5230 774 5286 super
802 5211 1027 5268 excelsa
1056 5216 1244 5280 terrae,
1275 5216 1331 5268 et
1351 5214 1742 5270 movebuntur
1773 5232 1936 5272 mon-

293 5305 381 5358 tes
413 5304 521 5359 sub
553 5318 640 5368 eo,
673 5306 730 5357 et
760 5299 938 5356 valles
988 5299 1314 5372 liquescent
1362 5301 1539 5372 (Mich.
1577 5319 1616 5366 ι,
1648 5302 1681 5356 3
1708 5307 1761 5359 et
1793 5305 1867 5376 4).
1904 5326 1932 5354 ››
1972 5345 1978 5352 ,

366 5459 661 5532 (56)_Edit:
695 5459 882 5532 Rom.,
911 5464 962 5516 et
991 5460 1311 5516 eccundedz’t
1337 5463 1506 5516 nubes
1534 5471 1788 5520 montem.

367 5528 604 5604 (57⁷1100
648 5528 772 5586 loco
819 5531 877 5587 id
926 5531 1218 5604 significat
1261 5532 1608 5591 Ambrosius
1638 5535 1933 5597 Christum

295 5602 513 5684 gradus
562 5617 766 5662 omnes
812 5619 877 5663 ac
924 5602 1093 5664 notas
1150 5602 1548 5664 humanorum
1597 5606 1930 5688 affectuum,

2041 4593 2147 4654 est,
2183 4591 2348 4660 putat
2377 4603 2438 4641 se
2471 4603 2504 4640 a
2533 4586 2647 4640 Deo
2680 4601 2785 4644 suo
2815 4603 2941 4642 esse
2971 4589 3286 4646 desertum.
3334 4593 3443 4648 Sed
3478 4609 3682 4664 quem-

2043 4676 2357 4732 admodum
2393 4675 2500 4730 hoc
2546 4676 2866 4730 secundum
2921 4677 3111 4733 carnis
3166 4680 3435 4736 affectum
3470 4680 3682 4751 accipi-

2045 4784 2215 4833 mus;
2250 4765 2388 4836 quia
2418 4764 2528 4819 sibi
2570 4764 2744 4820 homo
2797 4767 2957 4821 visus
3006 4773 3092 4823 est
3143 4769 3477 4835 derelictus,
3513 4771 3683 4838 cujus

2045 4872 2378 4928 processum
2433 4860 2704 4926 operatus
2749 4861 2838 4912 est
2885 4857 3151 4913 Christus
3199 4857 3255 4910 in
3308 4874 3546 4929 corpore
3577 4875 3683 4914 suo

2045 4945 2153 5013 (57)
2182 4962 2192 4998 :
2229 4944 2308 4998 ita
2336 4943 2506 4998 etiam
2543 4943 2844 4998 divinitate
2875 4945 3093 4999 sciebat
3134 4960 3195 4998 se
3244 4962 3547 5016 nunquam
3579 4948 3684 5002 de-

2044 5033 2294 5104 relinqui
2329 5051 2362 5088 a
2398 5037 2580 5100 Patre,
2615 5034 2754 5103 quia
2785 5033 2906 5103 ipse
2953 5032 3137 5088 dixit:
3173 5055 3200 5081 ‹‹
3255 5034 3368 5104 Ego
3402 5035 3456 5088 in
3491 5036 3682 5104 Patre,

2044 5127 2099 5178 et
2127 5126 2296 5178 Pater
2327 5123 2383 5177 in
2416 5138 2508 5177 me
2547 5124 2723 5192 (Joan.
2771 5137 2888 5189 xw,
2921 5122 3010 5189 10)
3043 5145 3064 5173 ι
3120 5125 3176 5176 et
3217 5123 3405 5178 solum
3457 5141 3518 5180 se
3567 5143 3683 5183 non

2044 5229 2171 5269 esse
2202 5212 2476 5285 signavit.

2114 5304 2202 5356 3'2.
2315 5300 2524 5372 (Vers.)
2625 5298 2944 5355 Substituit
3051 5300 3223 5356 etiam
3331 5303 3682 5363 versiculum

2045 5458 2732 5541 innoxioruvaidelicet,
2766 5459 2824 5515 in
2856 5457 3222 5518 humanitate
3263 5479 3370 5520 sua
3395 5467 3684 5541 suscepis-

2044 5553 2125 5606 se,
2158 5540 2214 5593 et
2245 5550 2359 5608 prae
2388 5529 2450 5588 se
2482 5529 2706 5590 tulisse.
