4146 6190
465 259 620 325 H59

460 395 639 451 istum
672 407 683 444 :
738 413 766 439 α

462 481 698 542 nostris.
729 502 756 529 ››
789 479 913 533 Non
945 481 1034 533 est
1062 476 1230 543 bene,
1281 475 1384 549 qui
1432 479 1753 532 retrorsum
1803 475 2109 543 avertitur,

461 557 599 642 quia
631 590 658 616 «
705 583 875 624 nemo
924 567 1166 622 mittens
1206 582 1448 621 manum
1498 564 1557 620 in
1609 569 1891 631 aratrum,
1921 564 2107 635 respi-

457 659 618 721 ciens
647 661 822 725 retro,
857 655 1070 710 habilis
1117 663 1200 710 est
1256 670 1432 726 regno
1482 653 1584 709 Dei
1633 654 1782 724 (Luc.
1817 671 1893 720 IX,
1925 653 2038 722 62).
2075 674 2102 700 »

459 745 716 822 Denique
749 761 893 802 uxor
919 737 1043 810 Lot,
1080 741 1218 815 quia
1238 749 1392 799 retro
1421 742 1689 814 respexit,
1725 742 1796 796 ad
1827 740 2100 796 verticem

457 835 696 906 montis,
729 834 838 890 hoc
863 837 971 900 est,
1003 833 1073 886 ad
1104 831 1405 903 superiora
1425 831 1724 902 pervenire
1747 847 1859 886 non
1886 830 2093 902 potuit,

458 925 554 980 sed
591 923 651 977 in
677 921 860 978 salem
891 937 1170 976 conserva
1198 925 1305 987 est,
1353 937 1481 992 quae
1526 919 1747 991 species
1777 919 1891 973 cita
1923 917 2102 974 solvi-

457 1018 572 1079 tur,
601 1027 707 1068 nec
737 1013 928 1082 potest
956 1026 1133 1064 usum
1171 1008 1386 1064 habere
1439 1007 1808 1063 diuturnum.
1842 1007 1935 1062 Sic
1965 1011 2108 1062 sunt

458 1100 559 1173 qui
589 1098 935 1172 temporalia
965 1102 1314 1169 sequuntur,
1351 1101 1414 1152 et
1436 1113 1551 1151 non
1585 1100 1913 1167 sequuntur
1943 1100 2103 1150 aeter-

457 1207 572 1244 na:
612 1193 671 1244 et
699 1188 794 1243 hic
834 1187 1201 1241 infatuantur
1247 1203 1282 1240 a
1330 1185 1581 1241 stultitia
1627 1202 1754 1250 sua,
1799 1187 1854 1240 et
1881 1185 2102 1238 futuro-

457 1295 589 1334 rum
619 1277 870 1350 gratiam
903 1275 1116 1330 habere
1148 1291 1262 1329 non
1295 1278 1560 1346 possunt.
1596 1274 1745 1328 Sunt
1773 1279 1966 1328 tamen
2002 1273 2101 1344 qui

457 1373 608 1434 retro
636 1365 809 1440 positi
842 1364 1270 1420 obliviscuntur
1304 1363 1696 1434 superiorum,
1729 1366 1786 1417 et
1806 1362 1877 1420 ad
1908 1361 2103 1433 priora

457 1475 518 1534 se
550 1456 889 1522 extendunt,
915 1457 978 1508 ut
1010 1453 1080 1507 ad
1114 1451 1378 1507 bravium
1406 1451 1636 1506 valeant
1681 1451 1998 1522 pervenire.
2036 1449 2102 1504 Et

456 1548 621 1602 Petro
653 1543 906 1599 dicitur:
943 1566 969 1590 ‹‹
1004 1541 1161 1595 Vade
1191 1545 1344 1595 retro
1377 1556 1487 1605 me,
1521 1540 1736 1594 Satana
1757 1539 1942 1609 (Marc.
1974 1555 2096 1606 vui,

452 1637 564 1707 33),
602 1656 630 1683 »
665 1637 728 1687 ut
759 1633 817 1687 in
847 1629 1057 1686 melius
1089 1633 1449 1700 provocetur.
1497 1629 1562 1682 Et
1603 1627 1663 1682 in
1695 1627 1956 1682 numeris
1987 1628 2098 1697 (58)

451 1724 611 1796 prior
639 1725 747 1792 est,
780 1720 880 1792 qui
903 1724 1033 1790 post
1063 1717 1358 1773 Christum
1393 1719 1501 1770 est.
1529 1717 1660 1770 Ideo
1690 1731 1824 1787 ergo
1843 1730 1964 1786 prae
1993 1717 2098 1769 ini-

448 1814 632 1879 micis,
673 1808 812 1884 quia
861 1805 944 1860 illi
994 1822 1099 1860 nos
1148 1806 1416 1876 al'ligunt,
1467 1809 1523 1858 et
1571 1802 1654 1857 illi
1709 1803 2088 1858 insectantur.

449 1901 792 1956 Retrorsum
825 1913 930 1952 nos
957 1909 1084 1950 esse
1114 1893 1368 1959 voluisti,
1399 1897 1461 1946 ut
1480 1892 1864 1947 extendamus
1895 1908 1999 1947 nos
2019 1892 2090 1946 ad

448 1987 774 2062 superiora,
806 1989 871 2040 ut
896 2000 1126 2055 semper
1157 1986 1290 2036 ante
1323 1998 1430 2037 nos
1460 1981 1856 2048 attendamus,
1887 1995 2088 2051 perse-

444 2081 692 2150 quentes
723 2073 994 2129 inimicos
1023 2075 1275 2139 nostros,
1309 2074 1366 2126 et
1389 2086 1592 2126 eorum
1613 2069 1807 2126 locum
1839 2069 2090 2124 transire

446 2165 770 2238 cupientes.

514 2255 604 2310 33.
652 2251 912 2323 Denique
975 2250 1059 2304 sic
1107 2248 1464 2303 Theodotion
1528 2248 1722 2314 habet,
1794 2247 2085 2318 quomodo

445 2341 831 2416 Septuaginta
876 2337 1003 2405 viri,
1052 2337 1162 2392 hoc
1214 2342 1323 2402 est,
1376 2337 1667 2408 quomodo
1720 2336 1828 2392 iste
1886 2352 2088 2392 versus

443 2430 743 2505 expositus
791 2431 898 2483 est.
949 2425 1161 2497 Aquila
1208 2425 1415 2480 habet:
1467 2424 1738 2505 Avertisti
1781 2441 1887 2480 nos
1935 2431 2087 2480 retro

443 2521 515 2576 ab
548 2517 863 2590 afﬂigente.
898 2537 925 2563 ››
957 2511 1387 2586 Symmachus:
1425 2534 1451 2560 «
1503 2510 1797 2566 Ordinasti
1847 2528 1951 2566 nos
1984 2528 2084 2566 no-

442 2601 716 2666 vissimos
765 2605 836 2660 ab
889 2601 1048 2659 omni
1112 2599 1517 2656 adversario.»
1565 2600 1869 2656 Contraria
1918 2599 2086 2656 nobis

443 2715 570 2770 quae
602 2700 764 2762 sunt,
813 2693 928 2748 nisi
959 2693 1104 2747 901
1144 2689 1514 2763 voluptuaria
1561 2689 1733 2744 istius
1783 2688 2001 2755 saculi,
2033 2693 2089 2744 et

442 2788 618 2860 plena
645 2783 990 2840 deliciarum
1031 2786 1205 2850 atque
1252 2777 1520 2845 lascivias,
1555 2783 1610 2834 et
1661 2795 1786 2850 quae
1829 2783 1969 2834 sunt
1998 2778 2085 2832 in-

442 2875 671 2931 centiva
701 2870 939 2927 luxuriaa
969 2872 990 2924 Ρ
1021 2869 1171 2923 Uxor
1202 2869 1308 2924 Lot
1350 2867 1591 2940 decepta
1635 2872 1742 2934 est,
1789 2867 1928 2938 quia
1957 2872 2089 2938 post

442 2981 504 3020 se
535 2962 791 3018 habebat
817 2957 1113 3014 luxuriam
1164 2956 1697 3023 Sodominatorum,
1748 2959 1805 3010 et
1834 2956 2088 3028 regionis

441 3054 569 3125 ejus
591 3051 916 3107 illecebras.
953 3047 1111 3103 Unde
1139 3048 1381 3118 decepta
1411 3050 1500 3100 est
1519 3045 1545 3099 ?
1577 3045 1723 3110 Quia
1753 3049 1887 3116 post
1915 3062 1977 3100 se
2003 3061 2088 3099 re-

1923 205 1992 316 s.
2033 244 2408 317 sanasse

828 384 1095 444 Avertisti
1144 402 1252 443 nos
1299 388 1620 463 retrorsum
1681 401 1799 457 prae
1845 384 2102 440 inimicis
2133 389 2182 452 Α
2217 386 2366 453 Deus
2393 404 2494 443 nos
2523 385 2814 460 apostolos
2831 386 3183 449 novissimos
3211 391 3490 462 ostendit,
3515 392 3674 464 sicut
3695 392 3866 448 morti

3717 251 3868 334 n69

2220 476 2564 544 destinatos,
2595 481 2657 531 ut
2689 478 3084 549 spectaculum
3118 479 3305 555 simus
3354 475 3494 556 huic
3533 481 3784 545 mundo,
3813 488 3867 537 ct

2219 563 2442 636 angelis
2473 570 2530 620 et
2561 566 2903 623 hominibus
2930 567 2975 638 (Ι
3007 569 3130 624 Cor.
3167 586 3243 637 Iv,
3273 570 3350 642 9).
3388 592 3416 618 ››
3452 559 3864 626 ’Νονίεθίωυω

2219 667 2282 706 se
2314 651 2481 719 dixit,
2515 658 2572 709 et
2603 655 2756 709 idem
2787 659 2984 713 tamen
3025 657 3177 728 quod
3207 658 3436 729 primus
3482 661 3644 714 esset
3676 663 3865 714 osten-

2217 740 2325 808 dit,
2355 758 2487 797 cum
2521 741 2696 798 dicit:
2730 767 2758 794 ‹‹
2788 745 3002 800 Nostra
3029 749 3221 802 autem
3260 746 3628 802 conversatio
3663 745 3730 802 in
3758 763 3866 804 ca:-

2213 830 2286 889 lis
2317 837 2404 888 est
2433 830 2677 903 Philipp.
2714 849 2801 898 11.,
2830 832 2942 903 20).
2978 855 3006 882 »

2283 925 2372 992 34,
2409 924 2592 995 (Vers.
2624 922 2740 989 42.)
2771 921 3082 992 Sequitur:
3120 944 3146 972 ‹‹
3184 923 3252 977 Et
3296 922 3398 994 qni
3451 923 3707 982 oderant
3739 941 3864 992 nos,

2215 1011 2712 1085 diripiebantsibi.
2735 1008 2955 1066 Dedisti
2977 1025 3081 1065 nos
3098 1015 3381 1082 tanquam
3400 1027 3539 1067 oves
3565 1028 3867 1083 escarum,

2215 1102 2353 1157 etin
2403 1102 2674 1156 nationes
2725 1098 3054 1170 dispersisti
3106 1115 3232 1154 nos.
3273 1120 3300 1149 ‹‹
3352 1099 3580 1155 Miraris
3610 1100 3863 1157 forsitan

2212 1191 2369 1262 quod
2399 1207 2532 1246 cum
2565 1188 2624 1243 in
2658 1186 3097 1260 posterioribus,
3130 1193 3194 1242 ut
3225 1186 3506 1255 diximus,
3552 1205 3855 1244 summam

2211 1278 2463 1334 habeant
2479 1277 2613 1332 ﬁdei
2641 1275 3031 1333 constantiam
3053 1275 3150 1346 qui
3168 1274 3517 1347 loquuntur,
3538 1275 3634 1332 hic
3653 1277 3862 1333 dicant

2211 1368 2366 1439 quod
2406 1368 2478 1422 ab
2523 1366 2598 1421 iis
2647 1364 2744 1438 qui
2797 1364 3040 1419 oderant
3088 1377 3208 1432 eos,
3259 1364 3729 1436 diripiebantur:
3761 1367 3864 1422 sed

2210 1473 2322 1511 non
2355 1459 2411 1510 te
2439 1454 2555 1509 ista
2573 1455 2953 1524 perterreant.
2985 1451 3148 1506 Multi
3175 1451 3331 1506 enim
3353 1451 3449 1507 hic
3475 1453 3860 1524 diripiuntur,

2209 1549 2266 1600 et
2294 1549 2488 1599 tamen
2521 1541 2732 1598 merita
2759 1557 2960 1596 eorum
2994 1557 3028 1594 a
3067 1539 3295 1596 Christo
3343 1557 3463 1596 non
3514 1527 3749 1612 queunt
3774 1559 3860 1598 se-

2209 1634 2421 1706 parari.
2457 1631 2858 1704 Rapiebantur
2887 1629 3152 1704 apostoli,
3176 1630 3555 1686 caedebantur
3573 1629 3777 1700 virgis,
3803 1633 3859 1688 in

2207 1737 2497 1778 carcerem
2536 1719 2942 1784 trudebantur,
2974 1717 3398 1789 separabantur
3417 1735 3452 1773 a
3473 1735 3562 1784 se,
3583 1725 3645 1775 et
3665 1723 3858 1777 tamen

2203 1828 2335 1866 cum
2368 1809 2600 1865 Christo
2633 1807 2985 1863 manebant:
3018 1807 3134 1861 imo
3165 1805 3272 1862 hoc
3312 1805 3441 1879 ipso
3472 1808 3637 1878 quod
3670 1808 3854 1882 rapie-

2201 1900 2416 1955 bantur
2461 1915 2494 1952 a
2539 1897 2801 1970 perﬁdis,
2863 1911 3065 1951 eorum
3125 1895 3332 1951 merita
3380 1897 3752 1964 crescebant,
3803 1903 3857 1953 et

2201 1993 2368 2057 grata
2395 1987 2454 2041 in
2497 1985 2833 2040 coelestibus
2880 1983 3219 2056 augebatur.
3269 1983 3396 2038 Non
3446 1983 3611 2040 enim
3655 1985 3855 2042 statim

2201 2076 2301 2148 qui
2335 2076 2405 2131 ab
2438 2073 2780 2130 hominibus
2829 2071 3124 2142 diripitur,
3173 2070 3352 2128 etiam
3399 2071 3672 2127 vincitur.
3707 2072 3853 2130 Vide

2196 2162 2528 2238 apostolum
2562 2160 2807 2216 Paulum
2849 2157 3206 2232 gratulatum
3257 2159 3316 2214 in
3375 2159 3647 2232 periculis
3677 2159 3846 2217 suis:

2196 2253 2328 2308 vide
2356 2251 2727 2324 gloriantem,
2762 2249 2916 2320 quod
2949 2265 3050 2320 per
3080 2247 3395 2304 fenestram
3429 2248 3490 2302 in
3524 2253 3725 2321 sporta
3753 2248 3850 2305 de-

2195 2341 2417 2397 missus
2445 2340 2541 2395 sit.
2575 2338 2716 2393 Vide
2739 2336 3234 2409 quemadmodum
3259 2343 3507 2393 sanctus
3533 2337 3850 2404 Jeremias,

2195 2435 2435 2485 sanctus
2478 2425 2759 2494 Ezechiel,
2810 2431 3048 2480 sanctus
3095 2425 3295 2480 Daniel
3344 2425 3406 2480 in
3445 2425 3849 2497 captivitatem

2194 2517 2453 2585 deducti,
2487 2520 2543 2572 et
2570 2517 2642 2570 ab
2671 2513 2924 2587 Assyriis
2955 2514 3186 2584 direpti,
3220 2513 3446 2569 nullam
3480 2519 3685 2570 tamen
3717 2532 3847 2588 cap-

2195 2607 2478 2662 tivitatem
2511 2605 2755 2677 propriae
2797 2603 2933 2658 ﬁdei
2982 2601 3366 2674 pertulerunt,
3423 2619 3531 2658 nec
3564 2602 3629 2658 in
3660 2595 3850 2659 Testa-

2195 2701 2461 2751 mentum
2493 2692 2723 2750 Domini
2753 2691 3076 2762 deliquere,
3107 2691 3208 2761 qui
3256 2696 3646 2748 servaverunt
3675 2692 3733 2746 in
3766 2709 3850 2749 ca-

2197 2784 2458 2856 ptivitate
2479 2782 2658 2838 etiam
2693 2781 2837 2852 legis
2860 2785 3146 2852 prmcepta
3174 2779 3403 2846 divina},
3439 2795 3551 2836 nec
3580 2781 3655 2836 de
3685 2779 3853 2836 inter-

2194 2873 2366 2928 dictis
2398 2872 2544 2927 cibis
2575 2874 2926 2942 putaverunt
2955 2873 3155 2924 contra
3190 2868 3637 2926 institutionem
3669 2871 3847 2942 majo-

2197 2977 2320 3018 rem
2348 2960 2571 3032 aliquid
2604 2959 3028 3030 usurpandum.

2266 3053 2354 3106 35.
2393 3049 2553 3104 Unde
2588 3049 2733 3104 bene
2770 3045 3129 3102 Theodotion
3180 3045 3363 3102 dixit:
3397 3069 3424 3094 «
3473 3045 3541 3101 Et
3587 3047 3694 3119 qui
3724 3047 3850 3104 ode-

441 3141 648 3214 spexit.
682 3141 752 3194 Et
780 3143 843 3193 tu
886 3152 1022 3208 ergo
1073 3151 1143 3189 ne
1195 3135 1266 3188 ad
1316 3133 1584 3188 inimicos
1615 3137 1748 3188 tuos
1780 3131 2080 3203 respicias,
2113 3124 2156 3187 C
2197 3143 2328 3194 rant
2358 3154 2486 3203 nos,
2517 3135 2856 3192 exultabant
2891 3150 3068 3206 super
3094 3151 3238 3202 nos;
3269 3153 3297 3186 η
3350 3134 3663 3192 insultatio
3696 3136 3852 3192 enim

441 3229 637 3303 posuit
665 3233 722 3284 te
766 3228 921 3283 Deus
977 3223 1363 3279 novissimum
1411 3223 1472 3275 in
1519 3220 1752 3277 szeculo.
1787 3220 1926 3276 Vel:
1974 3221 2081 3284 Qui

442 3318 772 3375 humilitate
804 3331 865 3370 se
892 3313 1159 3368 ultimam
1188 3311 1343 3376 facit,
1369 3326 1483 3364 non
1511 3310 1864 3365 convertitur
1895 3315 2082 3375 retro,-

443 3407 542 3462 sed
575 3420 807 3475 semper
837 3406 971 3456 ante
1003 3398 1258 3470 respicit.
1291 3398 1363 3452 Ut
1401 3398 1552 3453 scias
1605 3402 1799 3454 autem
1833 3398 1932 3470 qui
1966 3397 2084 3452 sint

441 3492 664 3548 inimici
698 3491 806 3557 tui,
840 3489 976 3545 audi
1008 3487 1338 3544 dicentem:
1374 3510 1399 3535 «
1433 3486 1604 3553 Audi,
1658 3487 1898 3543 Israel...
1933 3486 2081 3550 Quid

443 3585 532 3637 est
561 3581 714 3652 quod
745 3579 804 3634 in
837 3583 990 3632 terra
1019 3593 1082 3632 es
1112 3574 1547 3630 inimicorum...
1579 3574 1833 3648 pollutus
1855 3593 1918 3631 es
1948 3593 2081 3630 cum

445 3670 692 3727 mortuis
723 3666 959 3740 (Baruch
992 3683 1075 3730 ιιι,
1119 3665 1307 3734 9-11)?
1339 3688 1367 3714 »
1417 3663 1556 3729 Quis
1588 3669 1782 3719 tamen
1817 3669 1933 3718 tam
1969 3664 2078 3718 ini—

444 3760 633 3816 micus
665 3763 720 3814 et
751 3755 936 3812 hostis
967 3759 1125 3820 tuus,
1160 3771 1333 3825 quam
1361 3753 1629 3824 princeps
1653 3753 1824 3807 istius
1856 3754 2079 3818 mundi,

442 3853 498 3904 et
525 3850 653 3919 ejus
684 3847 846 3908 socii.
882 3844 980 3914 qui
1014 3843 1300 3914 persecuti
1331 3847 1470 3896 sunt
1518 3859 1699 3913 usque
1747 3843 1817 3897 ad
1850 3859 2082 3897 crucem

441 3937 756 3994 Dominum
798 3935 1024 3998 Jesum,
1076 3931 1204 4001 ejus
1250 3930 1571 4002 potentiam
1620 3930 1992 3985 nescientes?
2025 3932 2080 3986 Si

441 4025 596 4081 enim
628 4022 1056 4096 cognovissent,
1090 4035 1391 4091 nunquam
1421 4018 1733 4073 Dominum
1763 4020 2084 4090 majestatis

441 4113 887 4170 cruciﬁxissent.
922 4111 1070 4181 Ergo
1104 4114 1164 4163 tu
1197 4108 1305 4163 etsi
1337 4107 1692 4162 novissimus
1723 4106 1948 4182 es,.noli
1985 4107 2086 4162 ini-

443 4203 625 4260 micos
655 4206 786 4259 tuos
817 4199 1026 4271 sequi;
1075 4197 1175 4252 sed
1224 4212 1466 4267 sequere
1515 4195 1826 4250 Dominum
1859 4195 2083 4257 Jesum,

441 4299 497 4348 et
529 4308 762 4348 crucem
793 4291 921 4362 ejus
942 4305 1074 4343 cum
1099 4285 1320 4353 laetitia,
1345 4290 1401 4341 et
1422 4285 1626 4340 insiste
1657 4285 1916 4357 vestigiis
1935 4287 2082 4356 ejus.

443 4381 549 4447 Qui
581 4379 737 4436 enim
766 4377 1068 4434 Christum
1104 4375 1392 4448 sequitur,
1427 4378 1559 4446 post
1590 4392 1649 4428 se
1679 4391 1793 4430 non
1826 4376 2084 4446 respicit,

2191 3228 2565 3282 inimicorum
2584 3241 2696 3279 non
2722 3224 2886 3279 att'ert
2903 3223 3306 3296 praejudicium
3326 3223 3498 3280 bonis
3520 3220 3850 3294 mentibus,

2194 3315 2295 3370 sed
2330 3331 2431 3368 nec
2463 3312 2709 3384 direptio
2742 3311 3136 3368 inimicorum.
3188 3311 3444 3384 Ideoque
3485 3319 3730 3369 sanctus
3762 3314 3854 3368 di-

2195 3403 2290 3468 cit,
2327 3403 2424 3474 qui
2457 3407 2652 3458 certus
2683 3404 2771 3455 est
2801 3400 2955 3472 quod
2994 3399 3242 3472 direptio
3293 3399 3404 3455 sibi
3453 3399 3652 3455 obesse
3684 3392 3850 3458 902

2197 3508 2309 3546 non
2345 3491 2531 3562 possit
2557 3506 2569 3544 :
2613 3509 2632 3534 α
2666 3487 2806 3552 Quis
2837 3505 2944 3544 nos
2975 3486 3270 3559 separabit
3299 3504 3334 3543 a
3363 3487 3635 3544 obesitate
3662 3487 3852 3543 Chri-

2196 3580 2266 3634 sti
2289 3578 2316 3632 ?
2347 3578 2696 3644 Tribulatio,
2731 3594 2804 3632 an
2849 3575 3167 3649 angustia?
3199 3599 3226 3625 ››
3281 3577 3349 3632 Et
3387 3581 3631 3632 czetera:
3667 3601 3695 3626 ιε
3732 3577 3853 3634 Sed

2196 3669 2252 3722 in
2304 3668 2392 3722 his
2442 3666 2717 3722 omnibus
2760 3681 3109 3736 superamus
3138 3668 3195 3720 et
3233 3664 3710 3737 supervincimus
3753 3684 3858 3739 per

2195 3776 2326 3811 eum
2364 3757 2462 3827 qui
2495 3755 2698 3810 dilexit
2743 3771 2888 3820 nos;
2931 3753 3181 3812 scientes
3211 3754 3370 3825 quod
3420 3771 3615 3826 neque
3666 3773 3848 3822 mors,

2196 3863 2382 3918 neque
2417 3847 2552 3915 vita,
2585 3860 2772 3916 neque
2811 3842 3079 3915 angelus,
3130 3859 3319 3914 neque
3367 3843 3720 3910 Potestatcs,
3748 3861 3852 3899 ne-

2195 3953 2306 4006 quc
2339 3935 2665 4007 praesentia,
2700 3949 2890 4005 neque
2937 3932 3198 3988 futura...
3247 3949 3528 4004 separare
3577 3951 3685 3988 nos
3717 3951 3856 4005 pos-

2197 4025 2314 4080 sint
2345 4040 2378 4078 a
2409 4023 2689 4078 charitate
2719 4019 2839 4088 Dei,
2870 4038 2998 4090 qua:
3049 4024 3137 4076 est
3183 4019 3241 4075 in
3292 4020 3527 4078 Christo
3558 4021 3703 4078 Jesu
3736 4027 3851 4077 Uo-

2201 4113 2358 4167 mino
2387 4116 2587 4167 nostro
2639 4110 2809 4180 (Rom.
2860 4127 2986 4175 VIII,
3035 4103 3240 4178 35-39).
3277 4131 3305 4158 ››
3366 4109 3520 4182 Ergo
3569 4110 3672 4183 qui
3721 4111 3859 4167 talis

2201 4206 2308 4267 est,
2345 4216 2460 4255 non
2493 4202 2798 4270 separatur
2826 4215 2860 4253 a
2888 4198 3136 4253 Christo.
3178 4195 3342 4252 Unde
3384 4197 3621 4254 etiamsi
3651 4216 3864 4272 corpo-

2201 4288 2402 4344 raliter
2433 4287 2765 4359 diripiatur,
2813 4285 3152 4358 spiritaliter
3195 4290 3396 4341 tamen
3449 4285 3600 4344 liber
3635 4292 3760 4343 est:
3799 4291 3864 4344 et

2201 4395 2316 4434 non
2344 4375 2532 4433 solum
2565 4373 2878 4448 direptioni
2909 4373 3191 4430 obnoxius
3224 4391 3339 4429 non
3390 4381 3503 4444 est,
3539 4377 3640 4432 sed
3674 4374 3862 4433 etiam

444 4469 500 4522 id
533 4473 640 4532 est,
671 4468 741 4522 ad
773 4465 1034 4520 luxurias
1067 4469 1241 4536 atque
1275 4462 1576 4518 illecebras
1611 4468 2000 4533 peccatorum,
2034 4468 2089 4519 et
2124 4483 2165 4546 D
2202 4467 2470 4538 rapinam
2502 4461 2610 4520 sibi
2643 4461 2996 4519 laudabilem
3029 4461 3268 4534 quaerit;
3304 4463 3462 4518 sicut
3502 4463 3586 4519 illi
3621 4465 3694 4521 de
3728 4465 3864 4539 qui-

447 4558 572 4612 ideo
605 4560 801 4628 potest
833 4555 1023 4610 dicere
1053 4571 1186 4608 cum
1223 4553 1476 4609 sanctis:
1511 4574 1537 4600 ‹‹
1575 4551 1698 4607 Non
1741 4553 1977 4606 recessit
2007 4569 2090 4607 re-

446 4651 533 4701 tro
565 4661 664 4701 cor
691 4648 956 4700 nostrum
1001 4643 1198 4712 (Infra,
1251 4658 1400 4696 vers.
1450 4641 1558 4708 19).
1594 4664 1623 4690 ››
1671 4640 1834 4695 Unde
1878 4639 2090 4695 intelli-

443 4736 600 4809 gitur
630 4735 784 4806 quod
819 4738 875 4788 et
903 4733 952 4785 is
975 4733 1075 4802 qui
1109 4737 1243 4785 ante
1277 4730 1547 4785 inimicus
1597 4746 1734 4784 suos
1779 4734 1886 4796 est,
1921 4729 2090 4785 corde

444 4825 509 4879 lit
531 4823 888 4880 novissimus
908 4826 1084 4891 atque
1107 4824 1463 4892 postremus,
1485 4817 1532 4872 si
1556 4819 1627 4873 ad
1643 4817 1774 4874 illos
1796 4818 2091 4886 respiciat,

443 4917 500 4968 et
530 4911 866 4968 carnalibus
889 4909 1082 4981 potius
1109 4924 1286 4979 quam
1310 4905 1673 4978 spiritalibus
1696 4908 1899 4961 atl‘ectu
1927 4925 2092 4963 men-

441 5002 519 5058 tis
551 5001 835 5058 intendat.
864 4999 1057 5054 Potest
1083 4999 1257 5053 ctiam
1291 4997 1386 5068 qui
1416 4996 1770 5050 novissimus
1787 5001 1895 5056 est.
1921 4997 2089 5051 corde

445 5093 603 5163 prior
631 5105 782 5154 esse,
819 5089 865 5144 si
891 5104 957 5144 ea
991 5104 1115 5160 quae
1147 5086 1206 5142 in
1253 5085 1395 5141 ccelo
1443 5089 1600 5150 sunt,
1655 5084 2000 5152 consideret,
2035 5089 2092 5140 et

447 5197 557 5234 non
593 5197 720 5252 quae
754 5180 812 5234 in
845 5177 1038 5233 terris.
1072 5176 1220 5232 Audi
1254 5173 1395 5247 quia
1426 5173 1780 5229 novissimus
1810 5173 1869 5228 in
1911 5191 2090 5230 saecu-

447 5269 519 5337 lo,
553 5271 704 5324 inter
753 5267 974 5341 primos
1023 5267 1100 5322 sit
1147 5265 1301 5338 apud
1349 5263 1666 5319 Christum.
1702 5286 1728 5311 ‹‹
1782 5261 1924 5318 Puto
1955 5263 2093 5333 quia

515 5430 630 5496 (58)
658 5429 810 5484 Edit.
849 5428 1038 5495 Rom.,
1088 5427 1152 5481 Et
1198 5429 1256 5482 in
1303 5425 1734 5496 mtmeroiprior
1783 5431 1876 5496 est.
1931 5422 2090 5496 Alias,

447 5493 817 5572 atque_mss.,
850 5499 916 5554 Et
961 5493 1034 5554 ini
1065 5500 1332 5566 numeris,
1386 5501 1495 5554 etc.
1549 5493 1712 5561 Quod
1763 5493 1811 5551 si
1844 5495 2091 5568 conjun-

447 5569 587 5629 ctiin
618 5569 872 5646 legretur
911 5572 1221 5628 innumeri:
1251 5573 1276 5628 ν

2206 4555 2314 4609 bus
2359 4553 2641 4625 scriptum
2693 4557 2811 4606 est:
2857 4575 2883 4602 ‹‹
2916 4555 2962 4606 Α
3014 4551 3218 4607 diebus
3269 4551 3521 4608 Joannis
3582 4554 3866 4627 Baptista

2207 4659 2450 4716 regnum
2500 4640 2775 4697 caelorum
2829 4640 3074 4714 cogitur,
3144 4641 3201 4696 et
3247 4649 3523 4715 cogentes
3564 4644 3868 4718 diripiunt

2207 4731 2349 4787 illud
2385 4729 2598 4802 (i‘llatlh.
2634 4748 2712 4796 x1,
2750 4731 2855 4801 12).
2891 4753 2917 4779 ››
2952 4729 3150 4786 Victor
3178 4735 3265 4786 est
3295 4732 3494 4804 itaque
3528 4733 3720 4805 quiin
3751 4738 3867 4790 ter-

2205 4821 2364 4876 renis
2396 4820 2623 4892 positus
2653 4818 2916 4890 captivus
2945 4819 3198 4890 perﬁdiae
3221 4835 3350 4875 esse
3371 4837 3488 4875 non
3513 4823 3680 4878 novit
3703 4822 3824 4897 (59}
3852 4841 3865 4890 ;

2205 4927 2309 4965 nec
2340 4909 2531 4965 solum
2579 4907 2629 4963 ei
2676 4925 2791 4962 non
2835 4907 3106 4978 diripitur
3153 4910 3307 4980 quod
3357 4910 3717 4981 praclarum
3754 4916 3870 4979 est,

2204 4999 2305 5053 sed
2338 4997 2525 5068 magis
2560 4997 2682 5068 ipse
2715 4995 2915 5068 diripit
2946 4994 3097 5068 quod
3131 5003 3416 5054 aeternum
3449 5004 3565 5055 est.

2269 5087 2359 5142 36.
2393 5087 2541 5142 Sunt
2578 5085 2752 5141 etiam
2800 5083 2900 5155 qui
2948 5084 3092 5140 ﬁant
3139 5102 3271 5141 oves
3320 5103 3620 5143 escarum.
3662 5089 3867 5145 Bonus

2201 5174 2486 5230 Dominus
2511 5177 2706 5229 noster
2733 5172 2906 5228 Jesus
2935 5171 3202 5230 Christus
3230 5173 3367 5246 quia
3391 5174 3587 5232 factus
3619 5184 3710 5234 est
3745 5178 3870 5233 ovis

2203 5263 2555 5337 epulationis
2605 5264 2836 5318 nostras.
2882 5261 3102 5324 Quaris
3149 5263 3444 5334 quomodo
3494 5264 3695 5322 factus
3747 5264 3870 5322 sit?

2273 5424 2385 5550 (51?
2417 5423 2558 5479 Mss.
2594 5421 2834 5494 aliquot,
2865 5429 3112 5494 captivus
3131 5439 3233 5496 per
3261 5424 3427 5496 ﬁdem
3459 5443 3577 5483 esse
3608 5445 3723 5485 non
3765 5444 3866 5484 uc-

2249 5497 2298 5550 ῐι.
2381 5495 2497 5550 aud
2530 5493 2702 5550 male.
2739 5492 2788 5549 si
2839 5494 3011 5550 modo
3060 5510 3155 5550 per
3205 5495 3389 5550 ﬁdem.
3423 5505 3715 5550 sumatur
3743 5515 3865 5550 nm.

2199 5493 2298 5578 τῇς.
2324 5493 2497 5578 ‘Haud
2530 5493 2707 5562 male,
2839 5494 3011 5551 modo
3053 5493 3155 5570 pei-
3202 5493 3389 5569 ﬁdem,
3423 5505 3715 5558 sumatur
3741 5515 3865 5575 pm,

2203 5567 2334 5658 ﬁdei
2360 5582 2458 5646 ope
2487 5581 2551 5625 ac
2571 5565 2853 5658 presidio.
