4146 6190
469 335 626 401 usa
723 408 725 410 η
1920 317 1985 380 s.
2032 305 2404 377 AMBROSII
3711 246 3873 356 mi

469 489 503 527 a
531 485 594 526 se
614 483 728 523 non
752 466 944 538 potest
962 474 1253 534 separare.
1282 457 1444 515 Unde
1472 456 1628 514 904
1669 453 1842 512 etiam
1874 454 1944 509 ad
2001 451 2110 506 Pe-
2139 448 2194 516 Α
2224 447 2365 519 quia
2391 445 2693 518 peccatum
2724 435 2899 496 habet
2926 454 2939 492 :
2971 436 3079 493 iste
3111 433 3171 491 in
3202 429 3386 508 pretio
3411 433 3520 538 est,
3579 427 3676 529 cui
3733 444 3876 538 pec-

469 516 1098 538 “"'—"'l'"'~”".l"
1146 516 1184 517 ”
2240 516 2258 519 _
2393 516 2408 518 _

469 565 626 616 trum
657 556 879 613 dictum
910 555 998 610 est
1029 570 1042 608 :
1103 574 1132 602 «
1162 549 1384 617 Simon,
1447 563 1578 603 ecce
1634 546 1880 600 Satanas
1937 556 2110 612 expo-
2175 580 2177 582 η
2221 539 2418 592 catum
2474 531 2788 588 remissum
2831 532 2938 584 est.
2989 525 3151 582 Unde
3206 527 3362 580 recte
3413 517 3684 576 Ecclesia
3739 516 3876 573 ﬁliis

467 645 726 716 stulavit,
759 646 825 700 ut
851 605 1087 698 ventilet
1117 605 1219 695 vos
1250 605 1403 693 sicut
1434 635 1688 690 triticum
1722 650 1734 688 :
1770 648 1874 705 ego
1918 605 2111 685 autem
2223 623 2438 680 dicitur
2470 639 2482 676 :
2517 643 2544 669 «
2575 618 2765 674 Pretio
2793 615 2973 688 empti
3003 614 3167 677 estis,
3199 612 3378 667 nolite
3411 609 3532 665 fieri
3584 606 3743 664 servi
3773 605 3879 660 ho-

470 701 668 809 rogavi
699 701 929 790 Patrem
961 745 1181 797 meum,
1242 730 1307 782 ut
1364 742 1479 780 non
1529 722 1760 778 deficiat
1808 701 1956 775 fides
2013 722 2115 772 tua
2225 713 2452 768 minum
2484 711 2528 781 (I
2560 709 2679 764 Cor.
2714 725 2812 773 vn,
2839 705 2952 776 23).
2988 727 3014 752 »
3046 703 3104 758 Si
3138 701 3240 757 tibi
3270 701 3502 766 dicitur,
3540 714 3615 752 ne
3676 710 3884 751 servus

2233 802 2256 809 -
2364 801 2376 809 .
2510 798 2520 808 .
2765 799 2773 809 .
2924 793 2939 809 .
3115 808 3124 809 ,
3214 790 3318 809 -__-
3345 789 3679 809 .1L-_.-.-_
3730 783 3880 809 mu.

1097 783 1124 866 έ›
1157 783 1301 870 ίῖἱάθ
1331 814 1471 887 quid
1505 812 1666 877 dicit,
1721 814 1777 865 et
1831 806 2111 877 intellige.
2228 802 2334 856 fias
2364 798 2695 863 hominum,
2727 799 2783 851 et
2804 793 3011 866 perdas
3034 790 3327 864 prOpriam
3345 789 3706 854 libertatem,
3730 783 3883 840 905

470 871 798 970 ‘Ventilatur
827 871 1057 975 Fetrus’,
1083 910 1148 960 ut
1171 871 1468 961 Christum
1500 871 1712 972 negare
1742 902 2002 970 cogatur.
2023 871 2118 950 ln-
2227 890 2412 945 multo
2445 887 2633 960 magis
2665 884 2881 940 dicitur
2908 882 3034 947 tibi,
3066 897 3138 936 ne
3196 895 3399 935 servus
3458 876 3570 932 fias
3631 871 3883 946 peccati.

475 1000 615 1056 cidit
643 997 1017 1063 tentationes,
1051 993 1318 1066 quaedam
1343 991 1576 1046 locutus
1606 993 1695 1044 est
1725 985 1894 1058 quasi
1949 984 2120 1056 plena
2227 980 2297 1034 Et
2326 978 2562 1043 iterum,
2596 991 2666 1030 nc
2719 989 2919 1028 servus
2953 971 3056 1026 ﬁas
3089 966 3373 1042 serpentis
3403 963 3631 1020 inimici
3664 966 3726 1018 et
3781 961 3890 1016 ad-

474 1088 774 1161 palearum
811 1105 823 1144 :
858 1086 957 1142 sed
990 1084 1220 1140 locutus
1249 1085 1336 1136 est
1367 1080 1562 1148 verbo,
1596 1083 1662 1132 ut
1703 1074 1998 1131 fundatior
2029 1090 2120 1128 es-
2228 1065 2466 1122 versarii
2505 1083 2516 1120 :
2552 1064 2652 1119 sed
2687 1061 2902 1118 servias
2933 1057 3040 1116 soli
3094 1057 3364 1122 Domino,
3399 1053 3501 1126 qui
3558 1050 3805 1125 propria
3833 1053 3892 1104 te

2315 1156 2328 1161 -
2437 1153 2471 1161 ..
2543 1153 2557 1161 .
2657 1152 2690 1161 ..
2741 1155 2750 1161 .
2958 1148 2969 1160 ο
3044 1147 3054 1158 ο
3265 1148 3274 1161 ι
3351 1160 3382 1161 κν
3426 1158 3573 1161 -m,___
3641 1139 3848 1161 _-J-_

479 1139 569 1235 get
857 1139 1119 1244 Denique
1150 1169 1324 1241 flevit,
1357 1173 1412 1224 et
1459 1139 1655 1239 paleas
1686 1169 1819 1221 suat
1874 1162 2034 1227 lavit,
2066 1166 2124 1217 et
2233 1153 2481 1210 redemit
2511 1152 2792 1208 charitate
2827 1169 2839 1220 ;
2874 1148 3011 1221 quia
3043 1147 3166 1220 ipse
3195 1148 3284 1202 est
3341 1158 3579 1198 suorum
3639 1139 3891 1194 redem-

481 1265 596 1325 illis
624 1264 1046 1323 tentationibus
1092 1260 1306 1316 meruit
1336 1263 1401 1313 ut
1457 1274 1558 1328 pro
1591 1273 1650 1312 se
1707 1253 1970 1310 Christus
2032 1252 2124 1305 in-

482 1355 812 1413 terveniret.
849 1353 1074 1420 Quanto
1110 1350 1301 1420 majus
1350 1351 1438 1402 est
1496 1343 1906 1416 patrocinium,
1951 1355 2126 1410 quam

483 1442 942 1519 perturbationis
968 1439 1132 1494 illius
1163 1434 1640 1492 tentamentum?
1697 1433 1764 1488 Et
1810 1431 1938 1485 ideo
1999 1427 2129 1500 plus

485 1549 665 1607 quam
686 1548 898 1606 passus
914 1533 1022 1599 est,
1057 1524 1364 1598 acquisivit
1387 1542 1400 1592 ;
1429 1521 1736 1593 acquisivit
1757 1518 1912 1574 enim
1934 1515 2128 1573 Chris-

485 1605 610 1679 tum
637 1605 748 1678 sibi
771 1619 1253 1694 patrocinantem.
1286 1612 1525 1684 Cogitur
1541 1614 1734 1666 autem
1762 1605 2129 1663 adversarius

487 1712 720 1767 sanctos
741 1692 973 1763 Domini
1005 1705 1074 1760 ad
1099 1720 1208 1758 sua
1227 1703 1445 1756 damna
1480 1702 1722 1753 tentare.
1777 1695 1926 1750 Dum
1973 1692 2127 1748 enim

2236 1243 2354 1316 ptio
2386 1240 2773 1298 servulorum.

2309 1361 2395 1414 43.
2432 1359 2555 1413 Non
2586 1357 2784 1412 vendit
2811 1369 2945 1426 ergo
2977 1351 3258 1407 Dominus
3295 1349 3410 1404 nisi
3469 1361 3711 1402 servum
3775 1359 3897 1398 ma-

2237 1448 2362 1503 lum
2398 1464 2409 1500 :
2446 1464 2561 1502 non
2593 1444 2790 1501 vendit
2819 1443 3019 1514 utique
3047 1441 3290 1496 bonum.
3321 1437 3468 1492 Nam
3497 1435 3613 1491 etsi
3669 1431 3898 1503 Joseph

2239 1536 2510 1592 venditus
2541 1537 2651 1600 est,
2679 1549 2794 1588 non
2821 1530 2964 1586 dixit
2990 1533 3186 1586 tamen
3213 1525 3502 1598 Propheta
3529 1539 3542 1578 :
3578 1529 3629 1576 A
3651 1520 3896 1577 Domino

2237 1626 2510 1680 venditus
2540 1628 2630 1678 est
2656 1620 2874 1693 Joseph
2908 1638 2921 1687 ;
2968 1619 3068 1674 sed
3102 1637 3113 1673 :
3153 1639 3175 1666 ι
3207 1617 3272 1672 In
3328 1629 3565 1670 servum
3627 1609 3898 1666 venditus

2242 1719 2332 1770 est
2356 1710 2572 1783 Joseph
2601 1710 2769 1782 (Psal.
2806 1725 2914 1774 CIV,
2940 1708 3049 1777 17),
3086 1727 3114 1754 ››
3172 1719 3346 1775 quem
3405 1701 3622 1756 fratres
3683 1696 3899 1770 proprii

486 1802 694 1867 tentat,
723 1795 990 1851 meliores
1029 1790 1235 1858 reddit,
1261 1794 1326 1844 ut
1373 1788 1473 1860 qui
1522 1789 1797 1852 tentatur,
1847 1782 2033 1871 possit
2077 1785 2133 1871 et
2166 1807 2213 1871 Β
2241 1782 2631 1857 νεηάίάθξωη
2664 1815 2675 1851 ε
2711 1813 2886 1868 quem
2916 1795 3199 1851 Dominus
3221 1796 3420 1847 tamen
3450 1789 3512 1844 in
3545 1789 3746 1861 ﬁgura
3774 1802 3899 1858 pro,

491 1884 979 1950 aliosinstituere,
1004 1880 1105 1952 qui
1140 1878 1250 1935 sibi
1278 1875 1570 1932 invalidus
1610 1874 1930 1928 videbatur.
1963 1869 2132 1925 Deni-

491 1991 603 2049 que
625 1974 830 2029 Petrus
850 1970 1116 2027 Ecclesiaa
1139 1966 1517 2040 praeponitur,
1543 1968 1856 2036 postquam
1879 1961 2136 2015 tentatus

490 2048 785 2120 adiabolo
843 2064 949 2115 est.
1011 2059 1257 2128 Ideoque
1311 2058 1443 2110 ante
1504 2051 1799 2124 significat
1855 2048 2138 2104 Dominus

492 2150 636 2226 quid
667 2149 745 2206 sit
774 2147 939 2214 illud,
987 2145 1141 2218 quod
1173 2147 1375 2216 postea
1430 2156 1563 2196 eum
1619 2142 1913 2212 pastorem
1969 2135 2143 2207 elegit

493 2237 784 2297 Dominici
813 2235 1025 2310 gregis.
1058 2234 1204 2289 Nam
1236 2231 1374 2286 huic
1404 2229 1589 2284 dixit:
1616 2252 1643 2278 «
1678 2229 1765 2282 Tu
1798 2230 1991 2282 autem
2015 2241 2139 2280 con-

494 2343 701 2385 versus
731 2324 1014 2382 confirma
1044 2321 1252 2376 fratres
1282 2324 1415 2374 tuos
1445 2316 1601 2386 (Ibid.
1663 2316 1776 2386 32),
1812 2337 1838 2363 »
1898 2314 2141 2369 Conver-

498 2433 603 2474 sus
631 2418 720 2472 est
749 2429 881 2486 ergo
911 2413 1152 2467 sanctus
1182 2407 1483 2480 apostolus
1539 2397 1744 2460 Petrus
1803 2403 1876 2458 ad
1933 2404 2144 2457 bonam

500 2506 750 2578 frugem,
782 2505 838 2558 et
865 2499 1179 2557 ventilatus
1207 2501 1296 2552 est
1355 2495 1507 2552 sicut
1564 2492 1844 2559 triticum,
1873 2495 1937 2546 ut
1996 2493 2149 2546 esset

501 2577 630 2668 ipse
659 2608 793 2649 cum
823 2590 1043 2647 sanctis
1093 2585 1323 2642 Domini
1354 2601 1510 2640 unus
1568 2581 1762 2654 panis,
1823 2580 1924 2652 qui
1981 2577 2149 2635 nobis

501 2686 656 2741 esset
681 2681 1046 2739 alimentum.
1079 2677 1231 2732 Dum
1255 2673 1413 2729 enim
1444 2672 1599 2728 Petri
1657 2675 1823 2727 actus
1875 2668 2149 2740 legimus,

503 2772 657 2829 Petri
690 2773 976 2844 precepta
1004 2763 1436 2838 cognoscimus,
1469 2761 1534 2815 ﬁt
1563 2760 1734 2815 nobis
1769 2758 1897 2814 vitae
1928 2760 2151 2812 aeternae

503 2866 563 2918 et
593 2859 800 2918 salutis
830 2856 1198 2914 alimentum.

575 3014 664 3069 41.
703 3011 887 3084 (Vers.
936 3008 1071 3078 13.).
1135 3002 1540 3069 «Vendidisti,
1599 3000 1810 3072 inquit,
1872 2997 2154 3070 populum

506 3109 680 3160 tuum
711 3101 840 3158 sine
877 3096 1079 3170 pretio.
1118 3117 1146 3145 »
1204 3092 1448 3149 Emendi
1480 3094 1536 3145 et
1586 3087 1870 3145 vendendi
1929 3088 2158 3141 videtur

509 3189 752 3264 aequalis
791 3187 1035 3259 quidam
1095 3198 1226 3238 esse
1280 3183 1658 3236 contractus:
1720 3177 1820 3232 sed
1876 3179 2074 3230 tamen
2106 3173 2154 3231 si

510 3278 762 3337 ementis
793 3280 850 3333 et
877 3271 1180 3330 vendentis
1231 3269 1502 3324 affectum
1561 3265 1912 3331 consideres,
1975 3281 2154 3319 unus-

513 3369 764 3441 quisque
793 3364 905 3420 sibi
935 3361 1200 3417 viliorem
1233 3357 1448 3422 vendit,
1473 3358 1529 3410 et
1558 3352 1970 3424 complacitum
1994 3352 2154 3407 emit.

521 3440 594 3512 Ut
621 3455 777 3510 enim
806 3453 1013 3522 praeter
1044 3449 1102 3502 id
1131 3461 1317 3517 genus
1346 3442 1652 3499 hominum
1693 3441 2023 3512 loquamur,
2057 3440 2156 3512 qui

522 3540 974 3615 negotiationem
1003 3534 1321 3592 vendendis
1361 3531 1670 3604 mancipiis
1725 3533 2010 3594 exercent,
2043 3547 2159 3584 non

522 3629 689 3688 facile
719 3627 1034 3701 quisquam
1063 3623 1264 3679 vendit
1294 3621 1406 3676 nisi
1438 3637 1593 3686 cum,
1630 3618 1730 3691 qui
1790 3618 1900 3674 sibi
1957 3617 2160 3690 displi-

520 3723 664 3788 ceat,
698 3721 756 3774 et
787 3732 960 3789 quem
991 3712 1126 3770 usui
1158 3727 1264 3767 suo
1309 3708 1628 3765 inhabilem
1682 3710 1846 3779 putet
1878 3724 1888 3762 :
1953 3710 2012 3762 et
2063 3707 2165 3762 ite-

520 3824 674 3874 rum,
719 3803 1128 3876 unusquisque
1158 3816 1349 3856 emere
1405 3797 1699 3852 desiderat
1751 3812 1929 3863 eum;
1990 3812 2162 3867 quem

518 3895 758 3954 utilitati
800 3892 890 3950 vel
940 3888 1267 3946 ministerio
1299 3885 1740 3943 accommodum
1799 3883 2160 3954 iudicaverit.

517 3986 629 4043 Sed
659 3988 716 4040 et
744 3981 858 4055 ipsi
890 3980 989 4053 qui
1021 3979 1080 4034 in
1109 3975 1427 4033 vendendis
1486 3972 1797 4044 mancipiis
1857 3977 2162 4044 sumptum

518 4075 786 4130 exercent
817 4085 1015 4137 suum,
1050 4071 1106 4122 et
1135 4069 1433 4121 sectantur
1463 4062 1644 4128 lucra,
1680 4061 1882 4131 utique
1912 4059 1994 4115 ita
2022 4060 2164 4117 viles

515 4162 734 4219 habent
760 4176 859 4216 eos
890 4174 1037 4230 quos
1065 4155 1345 4221 vendunt,
1379 4157 1444 4207 ut
1472 4151 1557 4206 eis
1583 4150 1816 4206 viliores
1841 4149 1960 4205 sint
1987 4166 2173 4222 quam

517 4249 802 4324 pecunia;
836 4252 893 4304 et
923 4261 1074 4317 saepe
1105 4243 1280 4299 etiam
1315 4241 1428 4314 ipsi
1459 4256 1605 4311 quos
1639 4237 2015 4310 negotiationi
2046 4255 2163 4294 suae

518 4340 708 4411 magis
740 4334 963 4392 habiles
1013 4331 1445 4398 a-stimaverint,
1480 4327 1706 4383 malunt
1737 4332 1932 4382 tenere
1989 4343 2164 4398 quam

518 4427 788 4482 vendere.

590 4577 678 4631 42.
713 4575 799 4630 Ita
818 4590 953 4645 ergo
984 4578 1040 4629 et
1067 4573 1221 4628 Deus
1248 4571 1511 4626 viliorem
1543 4568 1820 4633 vendidit,
1878 4568 2161 4640 potiorem

519 4664 680 4722 emit.
714 4662 986 4718 Vendidit
1013 4660 1294 4733 populum
1323 4658 1682 4719 Judasorum,
1708 4672 1822 4710 non
1850 4654 2162 4711 inclemen-

516 4755 599 4810 tia
628 4752 747 4822 Dei,
780 4752 881 4808 sed
907 4768 1016 4806 sua
1045 4748 1235 4820 culpa,
1270 4746 1485 4818 quibus
1517 4748 1668 4799 recte
1699 4744 1912 4799 dicitur
1946 4763 1957 4800 :
2010 4768 2036 4794 ι(
2061 4749 2159 4799 Ec-

516 4861 580 4900 ce
603 4841 858 4916 peccatis
879 4837 1088 4894 vestris
1117 4834 1336 4891 venditi
1367 4833 1529 4900 estis,
1561 4836 1617 4887 et
1672 4837 1908 4904 propter
1955 4833 2164 4905 iniqui-

512 4936 664 4988 tates
692 4934 916 4986 vestras
946 4925 1149 4981 dimisi
1181 4929 1428 4979 matrem
1472 4926 1724 4976 vestram
1774 4922 1900 4991 (15a.
1939 4939 1986 4988 L,
2021 4923 2094 4992 1).
2135 4945 2161 4970 ››

512 5019 630 5076 Hoc
659 5019 857 5090 itaque
897 5029 1107 5087 genere
1163 5011 1436 5068 venditus
1493 5009 1744 5081 populus
1799 5011 2158 5077 Judaeorum,

509 5111 744 5180 emptus
774 5110 863 5162 est
891 5102 1143 5176 populus
1171 5099 1540 5156 Christianus
1575 5115 1586 5151 :
1618 5097 1714 5152 ille
1745 5102 1978 5168 peccato
2024 5115 2162 5154 ven-

512 5196 692 5264 ditus,
717 5195 812 5251 hic
839 5198 1072 5263 emptus
1096 5188 1570 5263 sanguine.Unde
1597 5187 1799 5240 Petrus
1821 5186 1902 5240 ait
1927 5204 1938 5240 :
1969 5209 1995 5237 «
2025 5187 2162 5242 Pre-

515 5285 596 5340 tio
628 5283 842 5354 emptis
873 5281 1037 5347 estis,
1071 5297 1186 5336 non
1243 5274 1722 5349 corruptibilibus
1782 5278 2018 5346 argento
2071 5273 2159 5330 vel

519 5389 660 5428 auro
689 5371 870 5444 empti
902 5371 1112 5426 estis...
1150 5369 1252 5425 sed
1304 5366 1557 5439 pretioso
1589 5363 1876 5435 sanguine
1935 5363 1984 5433 (Ι
2009 5364 2156 5418 Petr.

523 5477 561 5524 ι,
592 5461 680 5525 18,
715 5459 820 5530 19).
857 5481 884 5508 »
920 5460 1061 5523 Quis
1091 5462 1181 5514 est
1210 5455 1449 5529 sanguis
1498 5452 1812 5526 pretiosus,
1844 5451 1957 5506 nisi
2012 5452 2160 5524 Agni

521 5546 678 5601 illius
709 5546 1091 5615 immaculati,
1118 5547 1224 5602 hoc
1249 5551 1356 5614 est,
1381 5541 1611 5599 Domini
1633 5541 1816 5597 nostri
1835 5539 1867 5596 J
1874 5556 1976 5596 esu
1997 5540 2159 5596 Chri-

522 5634 640 5691 sti?
671 5634 818 5706 Ergo
851 5634 976 5690 sine
1001 5635 1182 5706 pretio
1214 5631 1466 5706 populus
1494 5631 1850 5697 Judasorum,
1873 5629 2160 5701 pretiosus

523 5728 718 5792 autem
751 5721 1005 5798 populus
1019 5721 1407 5781 Christianus.
1432 5719 1531 5779 Ille
1548 5719 1800 5796 pretium
1825 5734 1940 5776 non
1961 5717 2156 5796 habet,

2249 1890 2384 1962 pris:
2418 1887 2710 1960 passionis
2741 1885 2987 1941 redemit
3041 1899 3076 1937 a
3134 1879 3428 1946 servitute,
3492 1875 3803 1932 renovavit
3833 1875 3900 1930 ad

2249 1978 2521 2050 gratiam.
2581 1975 2983 2030 Vendiderunt
3025 1972 3220 2042 itaque
3249 1984 3386 2024 eum
3419 1966 3657 2033 fratres,
3692 1970 3751 2020 et
3809 1979 3903 2019 ac-

2250 2071 2529 2140 ceperunt
2550 2062 2854 2137 pecuniam
2886 2079 2898 2117 :
2936 2060 3038 2116 sed
3070 2057 3356 2114 Dominus
3387 2071 3528 2111 eum
3554 2070 3672 2110 non
3706 2053 3905 2109 solum

2250 2155 2502 2213 libertati
2537 2151 2806 2217 reddidit,
2853 2149 2954 2205 sed
2986 2147 3159 2203 etiam
3216 2144 3504 2218 dignitate
3555 2141 3904 2198 cumulavit.

2252 2246 2524 2317 Figuram
2557 2244 2752 2296 autem
2783 2239 2843 2292 in
2874 2253 2940 2293 eo
2972 2235 3153 2291 fuisse
3182 2231 3416 2289 Domini
3446 2231 3588 2287 Jesu
3647 2229 3910 2285 ostendit

2255 2333 2576 2404 Scriptura,
2607 2345 2733 2400 qum
2763 2327 2903 2381 dicit
2937 2342 2949 2381 :
3009 2347 3037 2374 ‹‹
3070 2322 3250 2378 Filius
3281 2337 3449 2377 meus
3507 2319 3634 2376 zelo
3683 2318 3908 2391 appeti-

2255 2428 2420 2478 tus...
2457 2420 2528 2475 ad
2562 2434 2655 2473 me
2687 2422 2969 2471 revertere
2999 2415 3152 2485 (Gen.
3183 2427 3333 2477 xux,
3363 2409 3480 2479 22).
3516 2431 3545 2457 ››
3596 2409 3670 2464 Et
3725 2407 3904 2463 alibi:

2262 2535 2282 2562 «ι
2319 2507 2753 2580 Primogenitus
2783 2501 2936 2559 tauri
2966 2502 3141 2557 decus
3172 2500 3300 2570 ejus
3331 2499 3513 2569 (Deut.
3544 2499 3904 2565 xxxm,11);a

2260 2617 2326 2656 eo
2409 2598 2565 2670 quod
2623 2591 2960 2650 exaltaverit
3050 2590 3204 2645 Deus
3233 2589 3402 2644 Pater
3457 2602 3649 2642 cornu
3705 2584 3904 2641 Christi

2261 2705 2371 2744 8U].

2333 2804 2419 2855 44.
2455 2800 2563 2864 Qui
2593 2815 2727 2870 ergo
2756 2796 3044 2860 venditur,
3089 2792 3220 2849 vilis
3252 2797 3308 2848 et
3365 2792 3495 2847 sine
3553 2791 3745 2864 pretio
3804 2793 3904 2855 est,

2263 2890 2430 2962 quasi
2466 2889 2567 2961 qui
2595 2887 2783 2960 magis
2815 2901 2931 2940 non
2977 2883 3073 2951 sit,
3106 2898 3283 2955 quam
3343 2880 3447 2953 qui
3507 2880 3609 2947 sit,
3645 2879 3807 2936 Unde
3857 2883 3911 2934 et

2263 2979 2473 3050 Aquila
2498 2977 2644 3033 dixit
2675 2993 2687 3029 :
2731 3000 2757 3024 ‹‹
2793 2972 3111 3029 Tradidisti
3139 2969 3421 3044 populum
3452 2974 3651 3036 tuum,
3683 2973 3752 3024 ut
3802 2985 3910 3024 non

2265 3073 2420 3124 esset
2480 3089 2506 3115 »
2562 3066 2627 3119 Et
2681 3061 3118 3136 Symmachus:
3179 3081 3208 3109 «
3253 3058 3577 3114 Tradidisti
3632 3056 3914 3130 populum

2186 3169 2228 3237 ρ
2266 3163 2434 3212 tuum
2461 3155 2587 3210 sine
2603 3151 2951 3209 substantia.
2981 3172 3008 3198 »
3029 3149 3154 3203 Non
3203 3150 3341 3202 sunt
3382 3145 3563 3214 enim,
3588 3147 3696 3217 qui
3747 3161 3916 3218 repu—

2269 3247 2506 3301 diantur
2534 3259 2567 3298 a
2587 3241 2837 3298 Christo:
2862 3242 3002 3295 sunt
3024 3242 3220 3293 autem
3243 3236 3344 3307 qui
3361 3235 3719 3307 eliguntura
3741 3235 3920 3290 Domi-

2267 3352 2362 3402 no,
2391 3332 2669 3405 quoniam
2707 3328 2994 3384 Dominus
3021 3325 3245 3382 vocavit
3273 3341 3402 3397 quae
3431 3341 3547 3380 non
3606 3328 3748 3379 sunt
3802 3329 3924 3379 tan-

2268 3438 2447 3494 quam
2479 3436 2604 3492 quze
2627 3421 2799 3474 sunt:
2834 3420 2890 3472 et
2927 3413 3119 3470 electa
3140 3417 3278 3469 sunt
3328 3414 3589 3484 gentium
3638 3412 3924 3468 nationes

2267 3517 2334 3567 ut
2355 3512 2684 3566 destruetur
2704 3505 2949 3578 perfidia
2991 3504 3346 3560 Judieorum.
3382 3506 3447 3557 In
3495 3499 3745 3556 nihilum
3776 3516 3924 3574 ergo

2269 3601 2524 3657 traditus
2553 3601 2641 3653 est
2667 3595 2764 3650 ille
2795 3593 3066 3666 populus,
3094 3591 3235 3664 quia
3261 3593 3522 3663 {peccato
3551 3605 3658 3645 suo
3716 3591 3922 3646 vendi-

2269 3694 2369 3745 tus
2397 3693 2506 3753 est,
2548 3685 2769 3740 nullam
2826 3682 2981 3737 enim
3038 3681 3214 3736 habet
3270 3679 3444 3751 culpa
3499 3678 3918 3734 substantiam.

2344 3823 2431 3877 45.
2457 3820 2617 3876 Unde
2647 3817 2872 3872 dictum
2908 3818 3047 3887 puto
3077 3831 3090 3868 :
3125 3837 3151 3864 ‹‹
3183 3813 3253 3868 Et
3283 3829 3400 3868 non
3432 3812 3544 3867 fuit
3609 3811 3920 3868 multitudo

2270 3913 2328 3966 in
2362 3905 2919 3968 commutationibus
2949 3919 3172 3971 eorum,
3208 3926 3228 3955 ι
3267 3901 3379 3957 hoc
3425 3906 3536 3965 est,
3571 3901 3768 3957 Gratis
3819 3916 3922 3954 nos

2275 3997 2602 4071 dispersisti
2633 4012 2735 4068 per
2760 3995 3025 4050 nationes
3059 4011 3070 4060 ;
3105 4007 3292 4063 neque
3323 3989 3483 4046 enim
3515 3993 3580 4044 tu
3602 3988 3920 4061 quidquam

2273 4105 2377 4160 per
2431 4083 2950 4142 commutationem
3000 4080 3236 4152 accipis,
3274 4084 3342 4134 ut
3398 4077 3667 4133 animam
3727 4078 3922 4134 tradas

2273 4173 2530 4232 hominis
2565 4192 2577 4242 ;
2611 4171 2756 4228 nihil
2798 4171 2952 4226 enim
2986 4169 3093 4226 tibi
3123 4167 3348 4242 gratius
3381 4171 3472 4224 est
3521 4166 3737 4223 anima:
3796 4183 3926 4222 con-

2273 4265 2535 4321 versione
2568 4280 2580 4316 :
2615 4262 2713 4318 sed
2749 4261 2798 4317 si
2829 4258 3083 4315 converti
3130 4257 3431 4322 detrectat,
3466 4255 3599 4327 ipsa
3628 4271 3690 4311 se
3747 4255 3924 4310 tradit

2275 4356 2334 4409 in
2367 4352 2617 4408 nihilum
2653 4368 2665 4418 ;
2698 4354 2763 4405 ut
2791 4352 3024 4422 peccato
3056 4351 3112 4402 et
3139 4345 3360 4418 ﬂagitio
3392 4343 3924 4416 mancipetur.ldeo

2274 4447 2339 4498 tu
2373 4443 2499 4499 sine
2530 4439 2712 4513 pretio
2744 4440 2801 4494 et
2829 4437 2956 4493 sine
2986 4433 3442 4493 commutatione
3458 4433 3809 4505 degenerem
3829 4448 3926 4504 po-

2191 4535 2237 4600 Β
2269 4531 2476 4605 pulum
2505 4527 2838 4585 vendidisti.
2873 4526 3036 4585 Unde
3067 4525 3124 4579 in
3158 4522 3584 4596 posterioribus
3617 4523 3740 4577 ait:
3766 4520 3924 4576 «Non

2269 4620 2425 4677 enim
2456 4623 2545 4676 est
2577 4617 2692 4673 illis
2727 4613 3101 4672 commutatio
3133 4610 3312 4684 (Psal.
3354 4628 3463 4678 LIV,
3495 4611 3609 4682 20).
3647 4631 3676 4658 ››
3738 4609 3924 4674 Quare

2272 4725 2387 4764 non
2417 4712 2505 4764 est
2535 4705 2652 4761 illis
2683 4701 3059 4761 commutatio
3088 4703 3115 4756 ?
3149 4723 3178 4751 «
3209 4699 3357 4765 Quia
3403 4716 3521 4755 non
3569 4700 3922 4764 timuerunt,

2271 4797 2482 4868 inquit,
2517 4800 2700 4851 Deum
2732 4793 2918 4864 (lbid.)
2951 4814 2978 4842 ››

2344 4914 2429 4978 46,
2469 4910 2689 4982 Duplex
2720 4912 2913 4963 autem
2940 4905 3266 4962 intellectus
3293 4919 3474 4976 quare
3505 4904 3926 4959 commutatio-

2270 5019 2402 5057 nem
2434 5017 2548 5055 non
2581 4996 2850 5053 habuerit
2885 4994 3136 5067 populus
3165 4995 3400 5060 erroris,
3425 4993 3567 5064 quia
3595 5009 3716 5047 non
3741 4997 3926 5064 potest

2269 5091 2444 5146 homo
2475 5091 2713 5160 argento
2738 5084 2826 5140 vel
2849 5101 3014 5151 auro,
3033 5081 3119 5138 vel
3171 5081 3651 5154 possessionibus
3683 5081 3925 5136 redime-

2271 5197 2329 5234 re
2352 5178 2608 5233 animam
2637 5192 2823 5231 suam.
2877 5175 3062 5239 Quam
3095 5173 3251 5227 enim
3301 5170 3464 5226 dabit
3515 5170 3922 5225 commutatio-

2260 5284 2403 5323 nem
2424 5266 2631 5322 animae
2650 5278 2930 5330 summum
2949 5261 3050 5315 illa
3068 5258 3415 5332 temporalia
3433 5257 3521 5314 vel
3535 5259 3769 5314 caduca
3787 5258 3918 5326 sint,

2269 5357 2469 5412 anima
2499 5361 2692 5410 autem
2724 5354 3062 5423 permaneat
3087 5348 3175 5404 vel
3206 5348 3279 5403 ad
3334 5347 3677 5418 praemium,
3708 5345 3798 5402 vel
3851 5343 3916 5398 ad

2271 5460 2498 5518 poenam
2519 5442 2546 5498 ‘I
2570 5441 2695 5497 Non
2727 5438 2836 5494 fuit
2862 5441 3057 5493 autem
3090 5435 3191 5492 illa
3221 5435 3606 5492 commutatio
3650 5435 3846 5491 etiam‘
3861 5435 3911 5487 in

2273 5533 2489 5605 impiis,
2512 5547 2638 5604 quae
2675 5532 2764 5586 est
2784 5528 2842 5582 in
2877 5526 3317 5592 resurrectione,
3349 5525 3422 5580 de
3452 5539 3573 5596 qua
3597 5523 3747 5580 dicit
3773 5525 3912 5594 Apo-

2269 5622 2456 5678 stolus
2488 5639 2500 5679 :
2538 5643 2567 5672 «
2597 5621 2810 5677 Omnes
2854 5631 3251 5690 resurgemus,
3285 5631 3402 5672 non
3433 5630 3644 5670 omnes
3705 5614 3912 5668 immu-

2266 5711 2590 5790 tabimurﬂ
2619 5711 2738 5769 Cor.
2778 5725 2871 5781 xv,
2897 5707 3062 5785 51).»
3085 5704 3281 5784 Potest
3328 5718 3566 5782 quoque
3623 5707 3685 5764 οι
3713 5703 3797 5762 σία
3829 5701 3920 5760 in.
