4112 6190
292 253 446 350 uss

1362 257 1825 324 ENARRA'I‘IO
1869 260 1949 322 IN
1992 252 2371 326 PSALMUM
2407 257 2622 328 XLIII:

3526 266 3680 328 1166

287 355 488 457 telligi,
515 385 674 458 quia,
707 390 763 443 et
792 388 842 444 si
863 389 1034 461 pauci
1065 389 1347 464 redempti
1370 391 1666 450 immutari
1712 410 1932 452 merue-
1959 392 2013 463 Α
2043 395 2328 469 perfectos
2360 396 2544 464 video,
2582 413 2685 452 nec
2728 395 3020 451 immerito
3075 396 3361 466 perfectos
3410 398 3677 470 dixerim,

286 478 447 542 runt,
482 479 546 530 ut
603 475 916 547 Abraham,
970 480 1146 547 Isaac,
1207 479 1409 551 Jacob,
1467 481 1740 555 Moyses:
1816 501 1929 540 non

291 565 413 620 tam
482 563 554 618 ad
613 581 817 620 omnes
870 567 1249 623 commutatio
1314 568 1443 639 ipsa
1499 572 1777 642 pervenit.
1831 572 1933 627 Est

279 654 458 708 citam
492 651 658 718 illud,
692 658 756 732 ut
787 671 899 709 non
931 653 1007 710 sit
1028 654 1344 712 multitudo
1376 657 1432 712 in
1467 660 1930 715 commutationi-

279 740 394 797 bus
415 741 681 814 gravium
705 747 1098 814 peccatorum,
1122 745 1447 800 secundum
1473 747 1626 818 quod
1642 749 1928 819 scriptum

276 833 388 896 est,
423 829 564 902 quia
585 851 612 880 ‹‹
639 832 1024 902 quorumdam
1049 831 1357 888 hominum
1372 837 1606 906 peccata
1619 835 1930 892 manifesta

279 922 424 973 sunt
456 918 842 991 praecedentia
871 919 929 974 in
944 920 1236 991 judicium
1265 939 1276 976 :
1325 924 1610 993 quosdam
1644 928 1840 980 autem
1872 929 1929 980 et

274 1007 720 1079 subsequuntur
750 1008 798 1080 (I
839 1009 969 1064 Tim.
1007 1028 1058 1066 ν.
1105 1012 1219 1078 24.)
1253 1032 1281 1059 ››
1341 1011 1474 1074 Quae
1533 1014 1731 1084 gravia
1788 1017 1926 1068 sunt

274 1096 430 1152 906
496 1098 669 1167 atque
718 1096 1031 1153 manifesta
1093 1099 1446 1170 praecedunt,
1503 1105 1561 1156 et
1608 1101 1735 1157 sine
1805 1100 1928 1156 ulla

275 1181 642 1238 dubitatione
695 1189 1076 1256 merguntur:
1113 1202 1240 1258 quae
1282 1191 1476 1242 autem
1501 1187 1716 1245 leviora
1763 1193 1922 1255 sunt,

275 1270 446 1326 bonis
468 1272 746 1342 operibus
763 1289 914 1344 saepe
937 1272 1288 1331 relevantur.
1313 1275 1472 1330 Beati
1494 1276 1650 1332 enim
1673 1293 1924 1349 quorum

275 1359 534 1417 remissae
586 1364 726 1416 sunt
773 1361 1136 1432 iniquitates,
1182 1367 1240 1418 et
1279 1380 1531 1435 quorum
1571 1369 1722 1420 tecta
1787 1370 1927 1421 sunt

273 1452 529 1520 peccata.
555 1447 662 1504 Ubi
722 1453 917 1506 autem
968 1450 1250 1523 iniquitas
1282 1453 1620 1524 propendet,
1654 1453 1815 1508 nulla
1830 1455 1926 1509 bo-

271 1553 480 1593 norum
502 1553 744 1610 operum
779 1540 1240 1595 commutatione
1271 1544 1590 1596 revocatur.

341 1627 428 1680 47.
464 1626 608 1697 Ergo
652 1629 710 1681 et
758 1626 806 1682 si
862 1627 996 1698 quis
1047 1629 1388 1700 redemptus
1425 1633 1514 1685 est
1570 1630 1640 1684 de
1700 1629 1916 1700 populo

267 1714 626 1786 Iudaeorum,
655 1732 766 1770 non
801 1715 924 1771 ideo
968 1716 1307 1789 redemptus
1338 1717 1476 1789 quia
1516 1717 1764 1772 multam
1813 1719 1916 1774 ha-

268 1802 394 1856 buit
424 1801 869 1858 aestimationem
902 1803 1014 1868 sui,
1058 1820 1159 1859 nec
1191 1805 1331 1874 quia
1351 1805 1788 1860 multitudinem
1823 1805 1921 1862 ha-

269 1891 399 1946 buit
441 1889 502 1944 in
561 1890 1020 1945 commutatione
1064 1907 1218 1946 sua:
1279 1893 1379 1947 sed
1436 1893 1773 1964 redemptus
1831 1899 1920 1950 est

269 1977 473 2049 gratis,
507 1977 661 2049 quod
692 1982 747 2033 te
777 1978 944 2033 docet
977 1979 1292 2050 Apostolus
1324 1979 1556 2036 dicens:
1596 2005 1622 2030 ‹‹
1643 1981 1918 2054 Reliquiae

270 2065 592 2121 secundum
613 2064 950 2121 electionem
967 2066 1163 2139 gratiae
1195 2066 1364 2122 salvae
1397 2068 1559 2123 factae
1580 2074 1717 2127 sunt
1740 2072 1914 2140 (Rom.

271 2171 353 2221 χι,
402 2153 479 2222 5).
516 2175 544 2202 »
606 2152 711 2208 Ubi
771 2157 964 2208 autem
1020 2154 1228 2226 gratia,
1288 2172 1400 2210 non
1453 2157 1653 2228 utique
1711 2159 1917 2214 merito

270 2241 1089 2314 operum,necjustiﬁcatione
1116 2242 1394 2298 virtutum
1423 2245 1554 2300 :sed
1572 2243 1918 2301 liberalitate

272 2329 566 2396 donantis,
599 2327 877 2386 electione
907 2330 1272 2396 redimentis,
1333 2332 1485 2403 quod
1544 2349 1709 2403 aeque
1765 2333 1913 2388 Scri-

269 2423 444 2490 ptura
515 2425 572 2474 te
627 2418 845 2484 docuit,
906 2419 1132 2474 dicente
1182 2419 1440 2491 apostolo
1498 2419 1710 2476 Paulo:
1747 2443 1774 2469 ‹‹
1857 2421 1916 2476 Si

270 2510 468 2562 autem
539 2506 748 2580 gratia,
799 2508 926 2578 jam
995 2523 1110 2562 non
1160 2523 1227 2562 ex
1284 2507 1594 2579 operibus:
1654 2508 1913 2580 alioquin

268 2594 456 2666 gratia
479 2594 604 2666 jam
636 2611 749 2650 non
801 2600 889 2650 est
947 2595 1104 2665 (Ibid.
1164 2595 1238 2667 6).
1301 2620 1327 2644 ‹‹
1361 2596 1507 2660 Quid
1561 2613 1697 2668 ergo
1757 2597 1912 2668 quod

272 2683 570 2753 quaerebat
600 2683 799 2750 Israel,
835 2683 938 2738 hoc
990 2700 1104 2738 non
1136 2688 1224 2740 est
1276 2686 1672 2741 consecutus?
1727 2687 1915 2750 Quare

265 2787 380 2826 non
412 2771 488 2826 sit
528 2775 903 2842 consecutus,
948 2788 1217 2843 agnosce,
1269 2773 1408 2842 quia
1473 2790 1534 2828 se
1583 2773 1914 2844 justiﬁcare

261 2857 552 2930 cupiebat,
585 2859 725 2931 quia
752 2876 994 2932 operum
1027 2877 1270 2915 suorum
1292 2861 1639 2930 jactantiam
1665 2862 1912 2933 require—

265 2947 365 3002 bat
394 2946 532 3018 quia
561 2946 736 3002 ﬁdem
769 2964 886 3002 non
920 2947 1270 3016 detulit,nec
1285 2948 1532 3020 gratiam
1556 2950 1908 3022 recognovit.

265 3035 332 3089 Et
366 3034 492 3091 ideo
523 3035 726 3092 electio
748 3038 1056 3092 consecuta
1068 3040 1176 3106 est,
1197 3053 1323 3107 qua:
1345 3041 1647 3094 vocantem
1668 3038 1907 3107 audivit,

267 3123 671 3180 advenientem
705 3124 966 3196 suscepit
994 3124 1127 3196 (62).

341 3213 428 3268 48.
461 3213 648 3280 (Vers.
684 3214 798 3281 14.)
829 3212 1034 3267 Merito
1087 3228 1224 3284 ergo
1285 3212 1342 3266 in
1405 3230 1658 3283 persona
1717 3213 1917 3286 populi

268 3300 426 3357 illius
441 3301 686 3356 dicitur:
725 3321 752 3351 ‹‹
783 3299 1039 3355 Posuisti
1071 3315 1179 3354 nos
1205 3299 1264 3353 in
1295 3301 1676 3370 opprobrium
1710 3302 1921 3357 vicinis

285 3389 538 3445 nostris:
571 3388 906 3444 illusionem
942 3391 999 3442 et
1056 3387 1316 3442 derisum
1377 3387 1468 3454 iis,
1520 3388 1617 3458 qui
1673 3392 1813 3443 sunt
1860 3389 1921 3443 in

279 3477 526 3534 circuitu
558 3480 815 3533 nostro.»
870 3474 979 3538 Qui
1035 3479 1174 3530 sunt
1221 3474 1319 3529 isti
1365 3474 1620 3542 ﬁnitimi,
1682 3480 1739 3530 et
1784 3492 1922 3547 que-

281 3567 662 3622 madmodum
693 3565 763 3620 ad
780 3563 1050 3619 viciniam
1068 3562 1341 3619 Israelita
1360 3562 1556 3635 populi
1575 3564 1927 3635 pertinuisse

280 3653 606 3720 videantur,
637 3668 753 3706 non
785 3656 874 3706 est
903 3650 1069 3706 facile
1123 3650 1480 3718 discernere,
1537 3652 1586 3707 si
1645 3651 1926 3724 spiritalis

284 3739 496 3795 vicinia
545 3739 898 3810 requiratur,
921 3739 1145 3794 habens
1176 3738 1469 3810 quoddam
1505 3738 1703 3795 lumen
1735 3740 1928 3812 cogni-

283 3826 462 3883 tionis
493 3825 566 3883 ad
592 3825 1065 3900 investigandum
1100 3826 1445 3898 mysterium
1476 3827 1728 3883 Christi:
1784 3845 1928 3900 prae-

282 3915 482 3972 sertim
505 3931 639 3970 cum
669 3914 727 3969 in
758 3915 886 3987 ipso
916 3914 1066 3970 libro
1125 3913 1456 3971 Salomonis
1501 3916 1601 3987 qui
1658 3916 1932 3973 scribitur

284 4003 682 4071 Ecclesiastes,
717 4002 1102 4059 didicerimus
1123 4003 1264 4075 quia
1295 4020 1412 4075 quo
1449 4004 1636 4077 magis
1654 4005 1933 4077 quaeritur

285 4091 594 4164 sapientia,
625 4108 691 4148 eo
722 4091 1065 4164 profundior
1087 4092 1409 4162 judicetur.
1445 4092 1538 4148 Sic
1569 4093 1725 4149 enim
1785 4094 1930 4150 scri-

287 4184 450 4251 ptum
482 4183 605 4236 est:
647 4203 674 4233 η
712 4177 860 4247 Dixi,
915 4179 1281 4251 Sapientiam
1323 4180 1638 4251 requiram,
1697 4187 1754 4236 et
1808 4183 1936 4254 ipsa

291 4267 460 4340 longe
490 4268 643 4323 facta
661 4271 752 4322 est
779 4283 813 4322 a
843 4266 1156 4338 me,longe
1206 4267 1393 4338 magis
1442 4283 1617 4339 quam
1663 4274 1821 4324 erat:
1881 4273 1938 4326 et

292 4355 348 4410 in
399 4355 688 4426 profundo
719 4353 1094 4410 altitudinem
1123 4355 1256 4425 quis
1288 4355 1538 4410 inveniet
1567 4357 1693 4426 ejus
1742 4357 1934 4425 (Eccle.

2036 502 2169 540 cum
2199 484 2427 540 videam
2487 502 2584 541 vos
2643 501 2851 541 sensus
2907 482 3254 540 exercitatos
3310 484 3546 555 habere,
3607 491 3676 546 ad

2038 572 2447 628 discretionem
2480 574 2615 627 boni
2647 577 2704 628 et
2734 572 2871 628 mali
2899 591 2911 627 :
2946 573 3045 628 sed
3076 575 3132 628 et
3161 572 3284 643 ipse
3314 576 3510 630 tamen
3577 578 3678 646 qui

2038 660 2259 716 sciebat
2297 660 2602 716 solidiores
2631 677 2835 733 capere
2864 660 3043 728 cibos,
3078 660 3420 731 adjumenta
3460 679 3680 733 quaere-

2039 748 2156 815 bat,
2190 752 2256 803 ut
2284 748 2344 802 in
2376 765 2442 805 eo
2492 749 2733 804 verbum
2794 747 3022 803 Domini
3080 751 3335 804 curreret
3375 749 3447 820 (Il
3504 749 3678 809 Thess.

2043 854 2131 904 III,
2164 838 2236 908 1).
2266 837 2381 892 Nec
2413 837 2520 893 iste
2552 854 2784 909 quoque
2815 837 2938 892 sine
2968 836 3296 908 precatione
3327 837 3435 894 hoc
3493 839 3684 911 potuit

2039 930 2416 997 usurpare,ut
2445 925 2578 982 laud
2607 926 2706 981 stio
2735 927 2864 997 ejus
2886 925 3154 996 jucunda
3183 926 3347 982 ﬁeret
3375 931 3488 984 Deo
3505 929 3677 997 (Psal.

2034 1029 2217 1078 cxsvx,
2297 1015 2364 1084 .-'),
2424 1031 2536 1069 non
2596 1013 2752 1069 enim
2803 1014 3166 1085 usurpantis,
3227 1015 3327 1071 sed
3388 1017 3680 1086 precantis

2039 1100 2285 1156 assertio
2317 1107 2424 1157 est.

2109 1189 2195 1242 49.
2279 1189 2498 1244 Tamen
2557 1206 2627 1243 ne
2685 1189 2916 1260 penitus
2995 1189 3280 1263 refugisse
3354 1191 3677 1260 videamur,

2034 1276 2474 1332 consideremus
2506 1277 2604 1349 qui
2656 1277 2826 1332 vicini
2883 1276 3136 1334 tribulus
3184 1277 3400 1334 fuerint
3449 1280 3678 1338 Judao-

2033 1381 2186 1421 rum.
2207 1366 2354 1421 Nam
2380 1371 2648 1422 utvetera
2660 1382 3091 1436 recenseamus,
3118 1366 3473 1424 Philisthiim
3491 1369 3669 1426 tribui

2031 1453 2196 1509 Judae
2239 1453 2471 1509 ﬁnitimi
2524 1454 2928 1510 habebantur:
2979 1460 3037 1510 et
3090 1455 3204 1511 alio
3260 1455 3437 1513 latere
3494 1457 3673 1514 iidem

2032 1541 2207 1595 tribui
2241 1542 2441 1607 Ruben
2474 1542 3039 1614 appropinquabant.
3066 1545 3412 1600 Ammonita
3442 1562 3675 1618 quoque

2035 1627 2093 1682 in
2153 1629 2383 1684 deserto
2424 1636 2625 1684 erant:
2661 1634 2718 1684 et
2748 1630 2848 1700 qui
2877 1634 3043 1686 erant
3073 1631 3130 1686 in
3164 1632 3380 1688 ﬁnibus
3428 1633 3561 1706 Tyri
3617 1637 3674 1689 et

2030 1715 2280 1783 Sidonis,
2343 1716 2589 1772 Galilaeam:
2646 1717 3074 1789 copulabantur
3143 1719 3251 1774 hoc
3308 1726 3414 1788 est,
3483 1721 3664 1777 tribui

2029 1803 2310 1872 Zabulon,
2342 1809 2397 1860 et
2427 1805 2604 1859 tribui
2639 1805 3030 1875 Nephthalim,
3066 1823 3190 1877 quae
3212 1811 3376 1862 erant
3425 1808 3484 1862 in
3553 1808 3670 1864 Ga-

2027 1891 2172 1954 liuea,
2207 1894 2361 1947 sicut
2395 1893 2574 1948 Isaias
2607 1893 2786 1947 dixit:
2821 1917 2847 1942 «
2891 1893 3068 1949 Terra
3095 1893 3372 1963 Zabulon,
3406 1900 3462 1950 et
3513 1899 3667 1952 terra

2027 1980 2420 2052 Nephthalim,
2483 1981 2571 2036 via
2622 1981 2802 2036 maris
2846 1986 3007 2037 trans
3053 1982 3368 2039 Jordanem
3428 1985 3552 2054 (Isa.
3615 2001 3672 2038 Ix

2027 2068 2100 2137 1).
2140 2093 2164 2115 ››
2199 2067 2361 2123 Unde
2395 2073 2583 2140 potest
2631 2069 2762 2140 quis
2819 2069 3108 2140 colligere,
3162 2085 3288 2139 qua:
3340 2071 3668 2142 proprietas

2029 2157 2176 2212 907
2216 2157 2681 2227 uniuscujusque
2729 2156 3097 2228 singularum
3155 2157 3328 2212 fuerit
3385 2157 3666 2227 tribuum,

2030 2250 2092 2298 ut
2121 2245 2292 2300 certis
2307 2244 3345 2317 quibusqueﬁnitimisjungerentur,
3377 2262 3492 2318 quo
3521 2263 3666 2318 pau-

2027 2331 2195 2388 latim
2217 2333 2390 2389 etiam
2415 2334 2685 2405 gentibus
2716 2333 3123 2388 infunderetur
3178 2333 3430 2406 cognitio
3489 2333 3666 2391 cccle-

2024 2419 2204 2475 stium
2236 2427 2755 2477 sacramentorum.
2787 2421 2947 2487 Quod
2981 2420 3183 2492 utique
3209 2425 3398 2493 potest
3415 2421 3661 2494 intelligi

2024 2513 2094 2567 de
2127 2510 2226 2566 illa
2255 2509 2498 2566 muliere
2529 2510 2869 2573 Chananaea,
2918 2526 3044 2582 quas
3101 2509 3274 2564 exivit
3328 2510 3398 2566 de
3447 2510 3665 2567 ﬁnibus

2024 2600 2172 2667 suis,
2234 2603 2298 2653 ut
2339 2598 2578 2654 Domino
2643 2599 2784 2653 Jesu
2828 2601 3157 2653 occurreret
3202 2598 3554 2668 transeunti,
3601 2603 3659 2655 et

2024 2685 2371 2757 posthabitis
2403 2684 2732 2740 simulacris
2763 2685 2909 2752 suis,
2942 2685 3210 2740 adoraret
3227 2699 3430 2740 verum
3452 2685 3661 2742 salutis

2022 2779 2353 2829 auctorem:
2389 2773 2481 2829 cui
2535 2773 2934 2829 testimonium
2967 2772 3126 2829 dedit
3155 2772 3439 2828 Dominus
3461 2777 3659 2830 noster

2019 2863 2190 2918 Jesus
2221 2861 2508 2929 Christus,
2552 2862 2705 2932 quod
2741 2877 2956 2933 magna
2984 2864 3140 2917 esset
3177 2861 3321 2918 ﬁdes
3351 2861 3497 2931 ejus.
3558 2861 3666 2917 Re-

2022 2950 2365 3022 splendebat
2394 2950 2631 3021 quidem
2653 2951 2781 3020 jam
2813 2948 3002 3021 gratia
3032 2948 3346 3020 Evangelii,
3397 2952 3456 3004 et
3510 2965 3660 3022 pras-

2022 3039 2219 3094 sentiae
2252 3037 2452 3093 lumen
2483 3041 2744 3109 augustae
2775 3038 2925 3108 (63):
2961 3038 3062 3092 sed
3095 3037 3662 3110 tamenquiasponte

1944 3112 1986 3179 C
2026 3127 2219 3195 exivit,
2254 3131 2308 3182 et
2340 3125 2799 3181 misericordiam
2829 3124 3171 3196 postulavit,
3229 3129 3288 3180 et
3348 3125 3664 3182 Dominum

2027 3217 2124 3288 pia
2155 3231 2290 3270 voce
2321 3215 2587 3269 confessa
2615 3217 2726 3280 est,
2751 3217 2807 3268 et
2832 3213 3001 3284 quasi
3043 3211 3277 3268 fastidio
3326 3211 3546 3285 habita,
3604 3214 3662 3269 in

2028 3304 2278 3359 clamore
2303 3302 2598 3376 petitionis
2620 3301 2865 3374 propria
2886 3301 3288 3372 perseveravit,
3313 3317 3428 3356 non
3451 3302 3666 3358 medio-

2030 3407 2186 3446 crem
2217 3392 2655 3463 praerogativam
2681 3389 2904 3462 accepit
2930 3390 3268 3446 istiusmodi
3289 3390 3518 3462 mulier,
3537 3405 3666 3462 qua)

2033 3478 2224 3549 prima
2252 3478 2423 3532 exivit
2453 3479 2522 3532 de
2547 3479 2810 3548 gentium
2870 3477 3230 3546 nationibus,
3293 3481 3350 3534 et
3404 3495 3669 3549 perseve-

2034 3565 2189 3620 ranti
2231 3564 2628 3619 obsecratione
2687 3569 2916 3620 tantum
2975 3565 3206 3620 Domini
3264 3565 3671 3623 testimonium

2036 3653 2574 3724 meruitreportare.

2106 3743 2196 3795 50.
2230 3741 2294 3794 In
2326 3758 2438 3811 quo
2471 3739 2706 3811 quidem
2727 3739 2852 3795 loco
2883 3738 3041 3794 velut
3059 3740 3362 3798 dubitasse
3387 3745 3676 3812 quosdam

2045 3828 2307 3902 cognovi,
2345 3828 2483 3900 quid
2545 3827 2622 3881 sit
2652 3827 2806 3897 quod
2865 3826 2984 3880 ait:
3037 3827 3222 3882 «Non
3281 3844 3412 3883 sum
3461 3830 3682 3885 missus

2044 3918 2158 3973 nisi
2190 3918 2257 3972 ad
2293 3932 2425 3972 oves
2476 3933 2598 3987 quae
2649 3914 2944 3986 perierunt
2999 3915 3209 3970 domus
3270 3915 3446 3970 Israel
3476 3915 3682 3986 (Matth.

2045 4023 2136 4074 xv,
2167 4005 2282 4076 24),
2322 4025 2341 4051 α
2378 4005 2545 4075 quasi
2577 4002 2941 4059 nobilitatem
2972 4002 3202 4074 generis
3231 4001 3396 4059 electi
3442 4003 3515 4059 ad
3568 4002 3684 4060 sal-

2041 4095 2263 4150 vandas
2293 4093 2522 4148 animas
2555 4091 2842 4148 Dominus
2899 4091 3180 4162 quaesisse
3243 4091 3527 4161 videatur,
3583 4092 3684 4163 qui

2042 4182 2199 4238 venit
2231 4185 2295 4237 ut
2323 4198 2526 4237 omnes
2557 4180 3005 4237 redimerentur.
3069 4180 3178 4237 Sed
3237 4181 3541 4237 ostendere
3599 4180 3686 4235 di-

2045 4275 2260 4345 gnatus
2289 4273 2378 4326 est
2406 4270 2795 4342 propositum,
2829 4269 2984 4340 quod
3010 4283 3108 4324 eos
3167 4268 3354 4341 primo
3411 4267 3686 4341 elegerat,

2048 4375 2420 4431 nequaquam
2445 4359 2697 4414 refutare
2722 4356 3012 4428 cupiebat,
3062 4359 3120 4412 et
3174 4373 3326 4429 saepe
3376 4357 3576 4414 devios
3632 4360 3691 4412 et

292 4461 390 4507 vn,
426 4446 494 4498 24
553 4453 602 4500 ει
656 4445 748 4512 25)
770 4443 830 4497 ?»
893 4442 1057 4498 Unde
1113 4442 1438 4498 difﬁdentia
1485 4443 1747 4498 oboritur
1799 4445 1942 4500 mihi
1971 4468 2018 4532 D
2048 4455 2308 4504 errantes
2336 4452 2527 4502 tamen
2562 4451 2801 4518 paterno
2823 4445 3076 4516 quodam
3108 4461 3374 4502 revocare
3395 4445 3692 4518 quaerebat

294 4530 538 4587 crutari
569 4530 850 4586 divinitus
881 4530 1165 4602 spirantis
1196 4529 1506 4602 Scriptura:
1541 4531 1838 4603 mysteria,
1887 4538 1944 4590 et
1971 4529 2008 4532 _
2051 4537 2278 4593 at'fectu.
2313 4535 2423 4590 Sed
2457 4533 2557 4588 ubi
2591 4533 2700 4604 ipsi
2747 4537 3040 4588 auctorem
3071 4533 3374 4606 proprium
3437 4533 3659 4606 relique
3681 4559 3695 4581 δ

257 4655 259 4658 ι
292 4620 421 4690 ejus
451 4621 784 4676 examinare
842 4634 1144 4676 sermones
1170 4636 1182 4674 :
1207 4620 1359 4691 quod
1385 4617 1482 4674 ille
1514 4619 1689 4691 digne
1731 4621 1940 4692 potuit,

293 4707 391 4778 qui
433 4707 585 4763 inter
641 4707 927 4780 perfectos
987 4706 1340 4779 sapientiam
1400 4705 1766 4778 loquebatur.
1828 4710 1942 4783 Ego

368 4831 482 4903 (62)
517 4831 684 4903 Rom.
719 4832 856 4887 edit.
914 4830 1060 4903 sola,
1123 4830 1436 4886 audientem
1487 4834 1740 4903 suscepit.
1802 4833 1945 4889 Huic

301 4901 542 4974 quidem
573 4901 699 4958 loco
732 4920 846 4974 non
879 4902 1024 4958 nihil
1085 4903 1340 4958 offusum
1383 4905 1525 4974 (est‘
1548 4901 1942 4974 obscuritatis,

301 4971 403 5028 sed
439 4990 616 5044 quam
650 4973 814 5028 nulla
849 4991 918 5028 ex
972 4979 1135 5046 parte
1183 4972 1431 5028 mutatio
1492 4971 1602 5046 illa
1649 4971 1944 5046 discutiat.

297 5043 588 5100 Putemus
614 5050 811 5101 autem
837 5043 1064 5100 servata
1092 5060 1236 5099 mss.
1272 5049 1328 5098 et
1360 5048 1481 5098 ant.
1515 5044 1653 5099 edit.
1702 5043 1948 5103 lectione

298 5131 428 5188 eam
463 5115 715 5188 facilius
742 5132 918 5188 posse
969 5113 1202 5188 depelli.
1264 5115 1489 5188 Quippe
1545 5132 1612 5170 ex
1669 5118 1948 5188 orationis

300 5186 527 5265 ser_ie_id
553 5186 882 5265 intelligere
908 5186 1062 5265 haud
1077 5201 1228 5265 aegre
1264 5186 1400 5239 licet
1429 5201 1526 5265 eos
1574 5203 1642 5242 ex
1673 5187 1949 5245 Israelitis

301 5257 974 5330 quiqjustiﬁcati'jsunt,
1034 5261 1210 5330 atque
1261 5272 1361 5311 eos
1421 5257 1518 5326 qui
1588 5273 1700 5330 non
1761 5276 1953 5330 perve-

301 5327 499 5402 nerint
529 5329 1097 5402 adjustiﬁcationem
1128 5327 1280 5382 inter
1308 5343 1369 5382 se
1391 5328 1624 5402 opponi,
1645 5327 1954 5402 docerique

301 5399 474 5466 alios,
509 5398 666 5469 quod
698 5416 827 5473 eam
860 5414 1102 5471 operum
1125 5414 1372 5473 suorum
1397 5398 1614 5454 ﬁducia
1631 5400 1788 5472 pleni
1805 5398 1957 5473 quae-

302 5468 536 5547 rerent,’
581 5468 961 5547 repudiatae:
1029 5468 1260 5547 auditos
1336 5474 1590 5547 vero__et_
1631 5468 1956 5547 susceptos

303 5540 473 5608 alios,
507 5539 664 5619 quod
694 5540 1038 5608 electionem
1066 5540 1433 5623 gratiamque
1477 5539 1734 5606 divinam
1793 5539 1954 5607 invo-

2053 4629 2207 4692 runt,
2241 4622 2431 4678 sciens
2478 4637 2542 4676 se
2572 4621 2756 4676 Deum
2787 4621 3077 4676 montium
3106 4638 3254 4690 esse,
3287 4639 3403 4679 non
3430 4621 3692 4688 vallium,

2056 4717 2114 4767 et
2148 4726 2391 4782 regnum
2425 4708 2702 4765 caelorum
2736 4709 2848 4781 (64)
2882 4726 2994 4764 non
3028 4726 3062 4765 a
3085 4710 3542 4778 fastidientibus,
3593 4709 3695 4763 sed

2056 4839 2275 4897 carent,
2309 4836 2482 4903 atque
2515 4833 2587 4887 ad
2621 4849 2719 4887 eas
2750 4835 3109 4902 accederent,
3145 4833 3496 4888 humilitatis
3539 4829 3694 4887 scili-

2057 4912 2167 4971 cet,
2200 4904 2349 4976 grati
2383 4903 2868 4976 animi,iﬁdeique
2890 4905 3235 4976 ministerio.

2130 4973 2242 5047 (63)
2300 4975 2420 5046 Reg
2480 4975 2607 5030 .cod
2659 4973 2792 5030 cum
2858 4975 3214 5046 quibusdam
3265 4974 3403 5030 edit.
3489 4973 3694 5042 Paris.,

2061 5049 2245 5104 lumen
2274 5048 2531 5100 auctoris.

2132 5119 2220 5189 (64
2242 5118 2622 5189 Expunxerat
2653 5115 2791 5189 edit.
2837 5120 3046 5189 Rom";
3076 5131 3186 5170 non
3240 5115 3490 5189 milium,
3545 5113 3700 5185 quod

2062 5184 2286 5244 in'aliis
2318 5184 2492 5244 atque
2523 5187 3224 5242 omnibusmss.habetur.
3255 5184 3478 5241 Alludit
3506 5184 3700 5240 autem

2063 5261 2132 5315 ad
2165 5259 2356 5315 locum
2392 5257 2464 5313 IlI
2524 5258 2662 5327 Reg.
2723 5273 2861 5322 xxn,
2919 5258 3007 5323 28,
3068 5258 3222 5313 unde
3274 5263 3471 5312 tamen
3527 5257 3702 5312 verba

2064 5332 2165 5386 illa
2192 5329 2433 5386 sustulit
2457 5328 2562 5401 lib.
2596 5332 2674 5382 De
2704 5330 2972 5401 Nubat/ie.
3021 5345 3128 5401 cap
3160 5329 3388 5392 ultimo,
3421 5329 3697 5401 num._72.

2065 5417 2238 5475 quem
2271 5398 2528 5475 consule.
2561 5399 2723 5461 Quod
2755 5415 2886 5454 vero
2915 5417 3018 5475 pro
3047 5398 3362 5475 colentibus,
3395 5405 3460 5454 ut
3485 5398 3702 5475 legitur

2068 5471 2126 5530 in
2170 5471 2394 5528 cunctis
2432 5485 2576 5524 mss.
2638 5485 2703 5524 ac
2759 5475 2871 5524 vet.
2923 5471 3065 5526 edit.
3122 5471 3181 5525 in
3238 5477 3416 5537 textu,
3449 5471 3700 5526 restituit

2064 5542 2404 5623 cogentibus,
2434 5540 2492 5597 id
2525 5555 2658 5598 cum
2692 5541 2907 5604 eaedem
2955 5542 3092 5600 edit.
3143 5542 3202 5599 in
3248 5542 3510 5628 margine
3562 5541 3695 5609 exhi
