4146 6190
475 314 626 374 116⁸7
733 373 742 382 .

1891 371 1896 376 ,
1929 307 1993 366 S.
2039 303 2411 370 AMBROSII

3719 303 3873 365 1168

473 463 507 503 a
535 441 873 515 cogentibus
903 438 1079 511 diripi
1109 438 1258 510 5(65),
1320 437 1602 509 paulatim
1665 455 1979 494 conversus
2037 438 2107 494 ad
2139 438 2196 506 Α
2223 411 2471 494 circuitu
2501 437 2709 510 positis
2733 435 2990 492 illusioni
3021 439 3077 491 et
3103 433 3326 491 derisui
3356 432 3540 490 fuisse
3603 433 3872 505 [comme-

471 535 674 605 gentes
703 534 811 598 est,
861 531 927 584 ut
987 532 1044 583 et
1102 527 1406 583 nationum
1464 527 1597 599 plus
1656 528 1999 600 probaretur
2029 528 2114 584 af-

469 619 677 684 fectus,
707 615 1005 672 etillorum
1023 617 1229 672 merito
1255 616 1572 688 pertinacia
1604 618 2111 672 condemnaretur.

538 707 630 762 51.
666 705 815 774 Quid
847 705 1056 761 deinde
1085 705 1196 761 sibi
1224 705 1350 761 vult
1378 705 1532 776 quod
1567 705 1647 760 ait
1679 721 1690 758 :
1725 727 1753 754 «
1795 705 1919 760 Non
1979 704 2116 760 licet

470 794 732 868 accipere
761 811 971 867 panem
1003 793 1279 860 ﬁliorum,
1311 798 1368 849 et
1403 794 1634 850 mittere
1665 793 1874 849 catulis
1905 793 2111 864 (Matth.

472 899 566 952 xv,
597 885 690 955 26)
719 885 747 937 ?
775 905 804 932 »
822 882 1030 953 Utique
1051 881 1360 937 ﬁliosdixit
1381 880 1818 948 Israelitas,hoc
1831 886 2116 953 estp0pu-

474 971 598 1028 lum
623 971 967 1026 Judteorum
990 987 1002 1026 :
1021 969 1245 1027 catulos
1264 974 1459 1026 autem
1481 970 1766 1042 papulum
1787 970 2114 1025 nationum.

474 1059 622 1126 Quid
653 1073 788 1130 ergo
819 1062 842 1114 Ρ
872 1058 1128 1114 Divitum
1158 1063 1259 1113 aut
1288 1058 1573 1113 nobilium
1604 1063 1694 1114 est
1723 1059 1984 1130 accipere
2025 1074 2119 1113 sa-

477 1151 778 1204 cramenta
805 1145 1080 1213 coelestia,
1111 1151 1169 1202 et
1198 1163 1312 1203 non
1344 1163 1548 1203 eorum
1580 1147 1679 1218 qui
1712 1147 1898 1218 magis
1923 1147 1994 1200 ad
2026 1163 2117 1200 co-

477 1237 798 1309 gnitionem
839 1236 1101 1309 mysterii
1158 1235 1409 1291 caelestis
1466 1236 1560 1306 pio
1624 1235 1842 1292 mentis
1900 1236 2122 1290 fervore

479 1326 836 1382 contendant
863 1326 890 1380 ?
922 1326 988 1380 Et
1019 1325 1069 1381 si
1103 1323 1365 1380 Israelita
1396 1325 1570 1380 fuerit
1590 1324 1805 1396 aliquis
1835 1323 2120 1380 remissus

480 1419 538 1469 et
567 1413 887 1486 negligens,
945 1413 1035 1468 vel
1092 1418 1426 1480 contumax,
1467 1413 1567 1482 qui
1623 1413 1850 1484 rejiciat
1895 1415 2028 1483 post
2061 1427 2124 1468 se

480 1518 779 1559 sermones
837 1503 978 1558 Dei:
1039 1503 1401 1558 Chananaeus
1459 1506 1656 1557 autem
1714 1501 1816 1572 qui
1872 1500 2121 1573 impigre

480 1592 618 1647 velit
646 1591 1018 1662 acquirendis
1050 1596 1305 1647 mentem
1364 1591 1664 1645 intendere
1719 1589 2120 1656 sacramentis,

481 1681 577 1736 ille
600 1682 794 1754 potius
826 1682 925 1751 qui
958 1679 1315 1743 dissimulat,
1347 1695 1522 1749 quam
1547 1680 1653 1734 iste
1684 1679 1782 1749 qui
1805 1679 1987 1733 defert
2009 1681 2126 1732 stu-

484 1769 670 1837 dium,
696 1768 1089 1840 praaferendus
1119 1767 1251 1822 est?
1280 1767 1404 1821 Non
1436 1767 1662 1838 utique.
1689 1768 1756 1821 Et
1813 1767 1941 1822 ideo
1991 1765 2123 1820 dili-

484 1863 688 1928 genter
716 1860 945 1928 oportet
972 1857 1195 1910 intendi
1226 1855 1367 1926 quid
1411 1857 1778 1926 expresserit,
1834 1854 1934 1924 qui
1993 1870 2125 1909 cum

487 1945 765 2002 dixisset:
800 1946 924 2002 Non
951 1944 1084 2000 licet
1136 1945 1394 2015 accipere
1450 1961 1660 2015 panem
1723 1943 1998 2008 filiorum,
2072 1945 2130 1996 et

486 2033 718 2089 mittere
746 2033 976 2099 catulis,
1012 2057 1039 2082 »
1072 2034 1459 2104 respondente
1490 2032 1816 2088 Chananaza
1840 2049 1851 2085 :
1874 2031 2130 2095 nQuiaet

485 2119 666 2176 catuli
695 2137 908 2178 canum
939 2121 1123 2176 edunt
1149 2121 1220 2174 de
1250 2120 1419 2175 micis
1449 2136 1574 2190 quae
1607 2120 1824 2174 cadunt
1850 2120 1920 2174 de
1976 2134 2132 2173 men-

489 2227 555 2269 sa
575 2209 951 2267 dominorum
967 2225 1210 2265 suorum
1226 2209 1382 2278 (Ibid.
1397 2209 1488 2278 27)
1514 2226 1526 2276 ;
1552 2231 1579 2259 »
1605 2207 1868 2262 studium
1886 2207 2014 2276 ejus
2029 2206 2133 2260 hu-

488 2299 920 2369 militatemque
947 2297 1226 2365 laudavit,
1248 2313 1374 2368 quae
1398 2313 1512 2352 non
1535 2297 1648 2352 sibi
1671 2297 2026 2367 profundum
2045 2310 2134 2350 sa-

489 2387 721 2459 pientiae
752 2403 786 2442 a
815 2384 1133 2457 primordio
1164 2384 1495 2455 vindicavit,
1518 2385 1786 2456 quamvis
1819 2385 1890 2439 de
1915 2383 2133 2438 finibus

489 2475 628 2548 Tyri
675 2479 732 2530 et
785 2474 1017 2530 Sidonis
1065 2474 1197 2543 jam
1247 2479 1398 2528 esset
1452 2488 1735 2545 egressa:
1791 2473 1891 2530 sed
1949 2472 2133 2527 micas

492 2563 780 2635 quasdam
807 2562 967 2618 verbi
997 2561 1270 2618 salutaris
1299 2579 1424 2633 quae
1475 2563 1544 2616 dc
1604 2578 1809 2617 mensa
1866 2561 2132 2616 domino-

491 2667 626 2707 rum
655 2667 898 2708 suorum
941 2652 1234 2718 caderent,
1286 2651 1543 2706 crederet
1587 2649 1964 2721 colligendas.
2026 2648 2135 2714 Qui

489 2741 650 2796 enim
673 2739 982 2812 diligenter
1013 2743 1070 2794 et
1097 2738 1393 2794 subtiliter
1422 2740 1732 2810 Scripturae
1765 2739 1937 2794 verba
1967 2738 2136 2794 rima-

489 2833 607 2896 tur,
624 2829 676 2884 is
707 2830 782 2884 ad
813 2827 1182 2884 altitudinem
1205 2828 1616 2900 mysteriorum
1650 2827 1947 2898 pervenire
2000 2844 2134 2882 con-

492 2918 699 2972 suevit.
731 2916 894 2972 Unde
923 2921 980 2973 et
1027 2916 1164 2971 huic
1221 2916 1466 2971 dicitur:
1504 2940 1530 2964 »
1591 2917 1800 2988 Magna
1846 2920 1936 2971 est
1992 2915 2137 2970 ﬁdes

491 3009 631 3062 tua:
667 3005 768 3060 fiat
796 3005 903 3062 tibi
935 3005 1089 3061 sicut
1117 3004 1202 3060 vis
1234 3005 1404 3076 (Ibid.
1432 3008 1542 3076 28),
1577 3027 1604 3056 »
1639 3005 1748 3060 hoc
1765 3009 1873 3071 est,
1912 3007 1978 3058 ut
2003 3019 2135 3074 ape-

493 3094 678 3150 riatur
706 3093 812 3149 tibi
837 3095 1054 3150 ostium
1075 3093 1256 3162 verbi,
1289 3097 1346 3148 et
1371 3094 1657 3168 refulgent
1715 3095 1842 3148 vitae
1913 3096 2135 3148 aeternas

494 3179 728 3237 salubre
757 3181 1122 3253 mysterium.

471 3293 487 3300 -
567 3269 722 3326 908
745 3271 834 3324 52.
862 3270 1006 3342 Ergo
1029 3269 1131 3340 qui
1161 3269 1389 3324 vicinus
1419 3275 1526 3334 est,
1561 3272 1806 3336 exeat,et
1835 3267 2133 3324 Christum

493 3358 689 3414 videre
717 3357 1023 3427 desideret,
1057 3361 1115 3410 et
1145 3356 1203 3410 in
1236 3356 1496 3410 oratione
1527 3355 1754 3424 clamet,
1807 3356 1961 3412 sicut
2017 3357 2130 3413 ista

491 3444 815 3501 Chanansea
839 3444 1014 3498 exivit
1041 3445 1111 3498 de
1142 3444 1357 3499 ﬁnibus
1387 3444 1531 3509 suis,
1557 3449 1612 3499 et
1639 3444 1932 3500 Christum
1964 3446 2125 3515 vidit,

487 3535 546 3586 et
567 3531 697 3603 jugi
728 3547 865 3586 voce
895 3530 1186 3598 clamavit,
1210 3537 1276 3587 ut
1295 3533 1422 3603 ejus
1453 3533 1913 3589 misericordiam
1936 3550 2127 3606 repor-

485 3623 654 3674 taret.
715 3619 1098 3676 Credentibus
1137 3620 1333 3691 itaque
1381 3622 1720 3677 Chananaeis
1765 3622 2004 3678 Judaeus
2064 3623 2122 3677 in

481 3707 791 3778 opprobrio
823 3708 918 3774 sit,
952 3706 1090 3779 quia
1122 3709 1247 3780 ipse
1272 3725 1385 3764 non
1409 3710 1690 3764 credidit:
1723 3714 1779 3766 et
1811 3709 1977 3766 illudi
2009 3711 2122 3766 sibi

481 3794 694 3862 doleat,
727 3799 785 3851 et
813 3796 1062 3852 derideri
1096 3813 1158 3851 se
1187 3797 1259 3852 ab
1295 3797 1364 3852 iis
1391 3798 1487 3868 qui
1508 3797 1566 3852 in
1591 3799 1836 3853 circuitu
1855 3803 2014 3866 sunt,
2039 3799 2124 3852 in-

477 3884 786 3954 gemiscat.

542 3973 633 4027 53.
667 3973 738 4028 Et
762 3971 994 4028 videtur
1025 3974 1329 4046 prophetia
1359 3975 1478 4029 haec
1503 3991 1630 4031 esse
1662 3977 1732 4030 de
1778 3975 2116 4032 nationibus

475 4059 806 4128 credituris,
855 4061 1108 4116 maxime
1165 4079 1299 4117 cum
1367 4064 1673 4134 sequentia
1715 4063 1873 4118 istud
1927 4068 2118 4120 osten-

475 4147 640 4214 dant,
695 4149 834 4220 quia
880 4151 1014 4204 ait:
1069 4150 1321 4206 Posuisti
1393 4167 1497 4206 nos
1541 4152 1598 4205 in
1662 4151 2112 4208 similitudinem

471 4236 766 4308 gentibus,
796 4237 1249 4296 commotionem
1280 4239 1491 4312 capitis
1521 4240 1578 4293 in
1604 4240 1836 4312 populis
1866 4259 1878 4308 ;
1917 4264 1943 4290 »
1975 4242 2114 4314 quia

467 4323 807 4380 Judaeorum
839 4325 1052 4382 delicto
1083 4327 1244 4384 salus
1273 4328 1575 4400 gentibus:
1610 4332 1669 4383 et
1720 4345 1846 4400 quae
1904 4329 1989 4384 illi
2049 4331 2109 4385 in

471 4408 658 4480 ﬁgura
683 4417 848 4483 gesta
877 4419 1035 4483 sunt,
1083 4417 1155 4470 ad
1203 4417 1592 4488 cognitionem
1652 4423 1914 4473 nostram
1967 4436 2105 4490 pro-

2226 532 2477 594 morent,
2502 526 2800 598 dequibus
2813 525 2957 581 dicit
2972 525 3322 582 Dominus:«
3349 523 3874 583 Circumdederunt

2227 633 2320 670 me
2349 615 2514 671 vituli
2571 614 2740 670 multi
2770 615 2944 685 (Psal.
2975 631 3090 683 xxi,
3126 615 3236 685 13).
3264 635 3293 663 ››
3351 613 3876 670 Circumdederunt

2227 705 2384 760 enim
2415 720 2550 759 eum
2581 708 3005 776 persecutores,
3038 703 3274 775 quando
3309 702 3640 758 secundum
3691 703 3879 758 consi-

2226 793 2373 847 lium
2405 792 2722 848 voluntatis
2752 809 2870 848 sue
2903 791 3084 848 subiit
3101 791 3648 863 passionem.Unde
3663 795 3726 864 et
3746 791 3881 847 alibi

2226 881 2341 937 ait:
2379 903 2405 931 «
2435 881 2855 936 Circundantes
2885 880 3395 936 circumdederunt
3424 896 3518 936 me
3549 885 3609 936 et
3667 880 3731 936 in
3788 897 3882 937 no-

2228 970 2387 1026 mine
2416 969 2647 1026 Domini
2672 969 2835 1026 ultus
2866 986 2997 1027 sum
3033 969 3092 1024 in
3123 986 3222 1026 eos
3257 970 3430 1039 (Psal.
3473 985 3650 1036 cxvii,
3717 969 3822 1040 11).
3853 992 3879 1019 ν

2229 1059 2362 1115 Ideo
2393 1059 2603 1115 melius
2634 1064 2722 1115 est
2749 1059 2905 1116 viam
2937 1063 3157 1115 rectam
3185 1063 3404 1125 tenere,
3439 1059 3500 1113 in
3531 1075 3650 1130 qua
3667 1058 3884 1114 facino-

2229 1147 2344 1204 rosi
2375 1147 2676 1204 ambulare
2705 1165 2821 1204 non
2854 1152 3119 1221 possunt.
3151 1147 3550 1214 Circumdant,
3581 1147 3724 1220 quia
3761 1164 3882 1204 non

2230 1238 2288 1292 in
2319 1237 2638 1293 directione
2667 1237 2993 1294 ambulant.
3029 1237 3191 1294 Unde
3221 1241 3279 1293 et
3310 1236 3395 1291 illi
3410 1237 3640 1308 quando
3680 1235 3882 1293 volue-

2231 1330 2361 1381 rent
2389 1326 2594 1382 Jesum
2617 1325 2935 1381 Dominum
2949 1325 3460 1397 comprehendere,
3496 1325 3596 1380 ubi
3627 1325 3888 1397 respexit

2233 1430 2353 1484 eos,
2381 1414 2736 1469 ceciderunt.
2773 1413 3014 1486 Propter
3041 1413 3151 1470 hos
3179 1413 3360 1486 igitur
3389 1413 3490 1485 qui
3522 1413 3584 1468 in
3639 1414 3889 1469 circuitu

2231 1487 2532 1558 ambulare
2551 1506 2977 1558 consueverunt
2987 1501 3258 1574 angelum
3283 1501 3572 1558 Dominus
3589 1502 3888 1574 apposuit,

2235 1591 2335 1662 qui
2369 1609 2400 1644 a
2444 1596 2603 1662 tergo
2637 1590 2984 1647 insidiantes
3012 1589 3255 1662 repellat
3280 1589 3574 1646 inimicos.
3642 1589 3886 1647 Praeten-

2237 1681 2321 1734 dit
2352 1680 2530 1752 igitur
2562 1679 2806 1751 angelus
2836 1679 3068 1736 Domini
3118 1679 3177 1734 in
3242 1679 3489 1735 circuitu
3548 1679 3884 1735 timentium

2237 1785 2394 1837 eum,
2429 1773 2487 1822 et
2515 1785 2612 1824 eos
2646 1772 2841 1824 tuetur
2886 1771 3061 1838 atque
3109 1766 3383 1822 custodit.
3417 1789 3446 1815 «
3511 1767 3576 1822 In
3641 1766 3885 1821 circuitu

2238 1857 2394 1912 enim
2429 1856 2593 1927 impii
2622 1855 2947 1922 ambulant,
2981 1877 3008 1904 »
3043 1855 3193 1911 sicut
3229 1854 3517 1927 scriptum
3572 1858 3668 1912 est
3719 1856 3883 1922 (Psal.

2241 1962 2317 2011 x1,
2348 1944 2586 2014 9).Vide
2616 1944 2814 2014 itaque
2845 1943 3208 1998 distantiam.
3236 1941 3479 2014 lmpiiin
3505 1941 3762 1998 circuitu
3777 1959 3888 1998 am-

2239 2031 2445 2088 bulant
2469 2050 2480 2087 :
2519 2031 2762 2103 angelus
2779 2035 2971 2088 autem
2992 2030 3294 2103 praetendit
3310 2031 3372 2086 in
3397 2031 3647 2087 circuitu
3663 2047 3887 2100 eorum,

2241 2122 2342 2192 qui
2375 2137 2489 2176 non
2521 2119 2829 2175 ambulant
2860 2121 2917 2174 in
2952 2120 3198 2174 circuitu
3231 2138 3244 2187 ;
3289 2124 3346 2174 et
3377 2120 3511 2175 ideo
3559 2119 3889 2190 praetendit,

2243 2216 2308 2265 ut
2338 2213 2504 2265 eruat
2527 2210 2723 2279 justos
2771 2209 2842 2286 ab
2888 2207 3120 2264 insidiis
3170 2208 3671 2280 persequentium.
3731 2208 3891 2263 Justi

2241 2314 2379 2370 ergo
2411 2297 2704 2369 spiritales
2760 2296 3034 2352 Israelita:
3089 2296 3364 2352 videntur
3421 2313 3552 2352 esse
3610 2296 3714 2368 qui
3769 2296 3886 2352 haec

2244 2386 2587 2458 loquuntur,
2615 2402 2681 2442 eo
2712 2385 2865 2457 quod
2889 2385 3313 2441 tentationibus
3346 2384 3546 2441 seculi
3579 2385 3888 2457 subjacue-

2245 2475 2381 2540 rint,
2436 2478 2493 2529 et
2550 2475 2936 2546 cpprobrium
2966 2473 3181 2530 fuerint
3225 2473 3576 2542 vicinorum,
3621 2473 3738 2529 hoc
3785 2481 3884 2543 est,

2243 2579 2444 2618 eorum
2476 2563 2576 2634 qui
2608 2561 2937 2618 Jerusalem
2970 2563 3219 2634 patriam
3234 2579 3350 2618 non
3381 2562 3746 2618 incolebant.
3768 2562 3886 2618 Illuo

2245 2651 2396 2706 sioni
2437 2650 2612 2706 etiam
2645 2652 2880 2707 fuerunt
2902 2650 3267 2723 spiritalibus
3291 2651 3577 2723 nequitiis
3610 2657 3670 2708 et
3729 2659 3885 2725 pote-

2245 2740 2519 2807 statibus,
2553 2745 2754 2794 contra
2780 2757 2929 2810 quas
2954 2740 3133 2811 justis
3191 2739 3349 2795 lucta
3377 2756 3509 2796 esse
3570 2741 3884 2797 consuevit.

2246 2828 2508 2900 Denique
2538 2827 2780 2884 historia
2811 2834 2865 2883 te
2899 2828 3100 2884 doceat
3128 2828 3282 2899 quod
3315 2828 3558 2884 abducti
3590 2829 3783 2885 Judai
3832 2829 3886 2885 in

2247 2917 2646 2989 Babyloniam,
2679 2917 2786 2972 etsi
2816 2921 3052 2988 propter
3082 2920 3321 2989 peccata
3377 2933 3489 2973 sua
3545 2917 3888 2974 videbantur

2246 3021 2375 3061 esse
2420 3006 2693 3075 subjecti,
2746 3011 2868 3060 tam
2921 3004 3101 3060 multo
3153 3005 3423 3062 meliores
3454 3007 3740 3078 gentibus
3790 3007 3890 3062 ha-

2247 3094 2554 3148 bebantur.
2588 3094 2820 3164 Pejores
2850 3093 3007 3150 enim
3053 3099 3221 3150 erant
3267 3094 3328 3150 in
3365 3094 3618 3151 circuitu
3668 3113 3888 3163 eorum,

2165 3169 2207 3235 C
2247 3182 2344 3252 qui
2379 3181 2741 3238 insultabant
2771 3182 2876 3249 eis,
2902 3199 3034 3238 cum
3067 3183 3178 3254 ipsi
3199 3187 3574 3255 peccatorum
3623 3186 3890 3258 gravium

2243 3275 2438 3326 essent
2465 3269 2615 3327 mole
2645 3270 2886 3326 curvati.

2309 3361 2399 3414 54.
2435 3360 2665 3414 Primus
2696 3376 2833 3431 ergo
2863 3359 3191 3417 intellectus
3223 3362 3294 3418 de
3315 3362 3560 3434 captivis
3614 3365 3892 3436 patribus

2241 3449 2617 3519 usurpandus
2647 3454 2754 3517 est,
2791 3450 3008 3520 quibus
3038 3449 3471 3507 insultaverunt
3500 3451 3718 3523 Assyrii
3738 3452 3892 3508 illu-

2235 3536 2442 3592 dentes
2459 3538 2544 3593 eis
2569 3537 2628 3592 in
2660 3537 2980 3609 Babylonia
3012 3557 3024 3595 :
3055 3539 3274 3610 quibus
3301 3540 3478 3596 etiam
3505 3556 3601 3595 rex
3624 3539 3728 3595 ille
3777 3557 3893 3596 ne-

2234 3624 2561 3695 quissimus
2579 3625 3554 3686 dominabaturNabuchodonosor.
3573 3630 3895 3686 Secundus

2233 3713 2565 3770 intellectus
2595 3715 2668 3770 ad
2699 3713 2909 3772 altiora
2939 3717 3279 3774 referendus
3309 3723 3418 3786 est,
3452 3719 3609 3790 quod
3641 3719 3894 3776 saevissi-

2232 3818 2365 3857 mus
2380 3819 2479 3858 rex
2508 3802 2780 3860 diabolus
2811 3809 2900 3861 est
2921 3805 3076 3878 :ipse
3105 3809 3195 3862 est
3218 3807 3493 3878 Assyrius
3508 3809 3669 3866 θος)
3693 3808 3890 3864 Nabu-

2230 3890 2613 3960 chodonosor,
2639 3893 2740 3963 qui
2759 3893 2927 3950 bonis
2943 3894 3211 3951 insidiari
3229 3895 3396 3964 solet,
3413 3901 3477 3952 ut
3487 3912 3590 3953 eos
3604 3897 3669 3952 in
3685 3914 3884 3969 pecca~

2227 3982 2356 4034 tum
2373 3980 2566 4035 trahat
2629 3997 2733 4051 per
2763 3983 2956 4038 carnis
3014 3981 3370 4040 illecebram.
3391 3986 3643 4041 Attende
3693 3986 3876 4057 igitur

2227 4065 2382 4123 hunc
2413 4085 2642 4141 regeme
2678 4087 2710 4125 ο
2741 4070 2888 4140 loco,
2930 4070 3031 4126 ubi
3061 4072 3204 4127 dicit
3246 4073 3604 4146 Apostolus:
3631 4097 3661 4124 ‹‹
3708 4073 3891 4132 Video

2225 4155 2411 4226 legem
2451 4158 2647 4214 carnis
2679 4175 2819 4215 mea:
2851 4165 3280 4233 repugnantem
3303 4161 3420 4235 legi
3454 4163 3676 4219 mentis
3717 4179 3888 4228 mea,

2223 4248 2280 4300 et
2329 4245 2626 4318 captivum
2651 4264 2744 4303 me
2775 4250 3085 4306 ducentem
3134 4251 3196 4306 in
3249 4250 3377 4324 lege
3420 4252 3647 4324 peccati
3706 4254 3894 4322 (Rom.

2221 4349 2320 4387 v11.
2354 4335 2492 4403 23);
2527 4357 2554 4384 »
2593 4335 2700 4392 hoc
2733 4341 2839 4406 est,
2865 4337 3046 4394 inilla
3077 4338 3203 4411 lege
3251 4339 3510 4396 carnalis
3569 4339 3892 4396 illecebras.

2219 4423 2602 4480 Adversarius
2634 4425 2724 4481 leo
2753 4431 2862 4493 est,
2896 4427 2997 4498 qui
3023 4432 3196 4500 urget
3215 4428 3523 4496 obnoxios,
3547 4430 3751 4500 justos
3800 4431 3891 4487 fa—

468 4495 1000 4596 f-e-cisse,.Apostolo
1029 4508 1264 4596 auctore
1293 4507 1338 4596 (l
1360 4507 1486 4596 ρον.
1520 4522 1572 4571 x,
1597 4505 2098 4596 ll)cognovimus.
2135 4532 2183 4596 D
2223 4511 2387 4584 tigat.
2408 4511 2570 4569 Unde
2608 4513 2851 4585 pulchre
2872 4495 3073 4587 posuit
3091 4495 3341 4586 Aquila:
3371 4540 3398 4566 ››
3423 4495 3816 4590 Spretionem
3839 4526 3896 4576 et

465 4586 753 4644 Etverein
776 4591 1174 4662 opprobrium,
1199 4592 1371 4664 positi
1415 4596 1554 4646 sunt
1609 4594 1906 4665 gentibus,
1963 4596 2103 4667 quia

461 4681 665 4747 gentes
693 4679 1093 4750 opprobrium,
1128 4680 1643 4736 crucisDominicai
1689 4684 1966 4740 omnibus
2015 4685 2102 4740 di-

455 4763 617 4842 vitiis
645 4767 1028 4823 sascularibus
1058 4767 1455 4838 praetulerunt.
1482 4770 1588 4834 Qui
1622 4776 1816 4828 autem
1868 4790 2102 4830 crucem

458 4853 620 4910 illam
677 4856 903 4928 putavit
957 4856 1364 4928 cpprobrium,
1421 4861 1478 4912 et
1524 4859 1693 4930 quasi
1752 4863 2099 4934 opprobium

455 4943 690 5016 refugit,
723 4945 774 4999 is
794 4945 997 5000 verein
1025 4946 1304 5001 diuturno
1337 4948 1556 5003 mansit
1604 4951 1936 5022 cpprobrio,
1983 4955 2099 5008 Ta-

456 5048 590 5089 men
623 5033 760 5104 quia
792 5050 905 5089 non
939 5036 1266 5090 secundum
1299 5052 1530 5092 carnem
1565 5038 1836 5094 Israelita:
1891 5042 2092 5097 viden-

2217 4617 2495 4673 pompam
2546 4601 2795 4673 posuisti
2834 4621 2940 4660 nos
2981 4603 3079 4672 iis,
3118 4605 3221 4676 qui
3259 4605 3317 4660 in
3377 4605 3636 4662 circuitu
3683 4615 3896 4664 nostro

2213 4695 2372 4745 sunt.
2409 4713 2437 4739 »
2488 4691 2574 4746 Ita
2614 4692 2771 4747 enim
2819 4692 3210 4765 despicabiles
3245 4694 3745 4765 aestimabantur,
3792 4699 3898 4772 qui

2211 4779 2509 4834 theatrum
2532 4780 2666 4835 facti
2690 4786 2831 4836 sunt
2864 4782 3000 4837 huic
3041 4783 3285 4850 mundo,
3329 4788 3386 4838 et
3421 4783 3658 4857 angelis
3692 4791 3758 4842 et
3801 4788 3901 4843 ho-

2212 4868 2508 4936 minibus;
2535 4869 2676 4940 quia
2703 4870 2815 4926 etsi
2843 4871 2902 4926 in
2923 4874 3276 4929 testamento
3315 4889 3431 4929 non
3472 4879 3734 4946 peccent
3793 4876 3898 4932 Dei

2210 4973 2314 5012 nec
2337 4957 2528 5012 carnis
2550 4957 2839 5015 illecebris
2869 4959 3245 5016 reﬂectantur
3267 4978 3301 5017 a
3335 4961 3592 5019 Domino
3622 4983 3637 5032 ;
3681 4970 3894 5022 tamen

2208 5046 2374 5118 quasi
2406 5045 2465 5101 in
2488 5063 2704 5119 pompa
2743 5048 3001 5120 quadam
3051 5049 3419 5105 circumferri
3478 5052 3780 5110 videntur
3841 5059 3894 5110 et

453 5123 702 5216 tum—qui
733 5127 1051 5216 potuerunt
1084 5125 1313 5216 dicere:
1349 5125 1838 5198 Quiainiqucnon
1865 5131 2095 5203 egimus
2205 5134 2423 5206 despici
2452 5153 2463 5189 :
2502 5136 2985 5209 quandoquidem
3010 5143 3350 5211 peccatores
3401 5139 3754 5200 humilitati
3801 5146 3892 5216 ju-

451 5209 509 5266 in
543 5212 919 5302 Testamento
959 5213 1191 5268 Domini
1248 5215 1442 5285 (Infra,
1487 5232 1636 5271 vers.
1690 5217 1798 5288 19),
1849 5235 1953 5274 nec
2011 5237 2096 5274 re-
2203 5227 2430 5279 storum
2453 5223 2739 5280 insultare
2761 5209 3293 5296 consueverint;ut
3324 5229 3734 5302 opprobrium
3793 5209 3890 5290 duo

451 5299 627 5355 cessit
654 5305 805 5357 retro
837 5298 935 5357 co'r
965 5317 1168 5357 eorum
1201 5303 1520 5372 aDomino,
1553 5304 1683 5361 vide
1715 5323 1786 5362 ne
1815 5306 1888 5364 iis
1920 5324 1981 5363 se
2033 5309 2091 5363 in
2203 5315 2340 5366 cant
2386 5329 2617 5369 crucem
2662 5315 2895 5371 Domini
2949 5315 3285 5384 Salvatoris,
3337 5298 3884 5397 humilitatemquo

449 5458 605 5523 bent,
637 5464 760 5516 tum
805 5467 862 5516 S.
886 5463 1138 5518 Dcetoris
1169 5463 1382 5520 astruit
1412 5465 1794 5523 consuetudo.
1847 5466 1900 5524 Is
1931 5469 2088 5527 enim

445 5529 753 5608 manifeste
781 5532 1207 5608 hicalluditad
1239 5535 1383 5591 illud
1407 5536 1612 5606 Matth,
1645 5554 1724 5608 XI,
1763 5538 1852 5608 12,
1876 5543 1925 5594 et
1971 5542 2086 5599 vio-

446 5599 580 5660 lenti
608 5603 830 5674 rapiunt
856 5607 1015 5676 illud,
1034 5605 1153 5676 ubi,
1175 5624 1481 5682 nunquam
1496 5599 1611 5669 non
1634 5599 1799 5688 legit,
1824 5599 2083 5687 cogentes,

2199 5489 2304 5546 pro
2325 5475 2569 5530 violenti.

2272 5547 2389 5621 (65)
2410 5547 2558 5607 Mss.
2585 5545 2826 5622 aliquot,
2859 5548 2952 5608 sed
2979 5566 3013 5610 α
3035 5550 3338 5610 colentibus
3376 5550 3583 5627 diripi.
