4146 6190
296 389 457 490 μεθ

1397 391 1851 462 ENARRATIO
1892 395 1972 460 IN
2015 376 2402 470 PSALMUM
2444 403 2658 473 xmn.

3544 407 3703 474 1170

282 528 613 604 justorum.
646 521 911 600 Denique
950 523 1116 603 quasi
1147 525 1207 584 in
1240 531 1496 603 quadam
1527 550 1742 608 pompa
1777 532 1940 591 thea-
1973 535 2028 604 Α
2057 538 2114 591 et
2138 535 2330 596 ﬁlium
2360 540 2485 612 ejus
2513 560 2526 612 ;
2555 560 2670 602 non
2701 542 2856 603 enim
2886 543 3086 606 heres"
3102 548 3214 606 erit
3261 547 3418 606 ﬁlius
3476 525 3704 604 ancillae

288 621 369 677 tri
400 613 758 676 constitutus
776 617 1092 690 Apostolus
1117 617 1300 676 dicit:
1328 644 1357 672 «
1389 621 1592 680 Placeo
1613 623 1759 680 mihi
1782 624 1840 680 in
1861 623 1946 681 in-

279 709 486 782 juriis,
519 703 577 763 in
610 706 1081 776 necessitatibus,
1113 708 1173 762 in
1209 713 1734 780 persecutionibus,
1759 713 1816 768 in
1841 732 1941 770 an-

285 797 508 872 gustiis
541 796 616 868 (11
639 797 762 852 Cor.
793 811 894 863 xu,
932 797 1040 866 10).
1074 819 1102 847 ››
1139 797 1202 852 In
1235 798 1364 855 istis
1411 801 1602 873 placet
1656 802 1788 869 sibi,
1839 805 1939 875 qui

283 876 648 958 omniaquae
706 885 912 940 mundi
965 889 1103 940 sunt
1164 886 1584 945 detrimentum
1642 896 1829 962 putat,
1876 897 1940 947 ut

280 975 555 1033 Chistum
589 972 933 1038 lucrifaciat,
965 973 1158 1029 solum
1189 992 1293 1046 per
1343 977 1522 1033 vitam
1580 985 1637 1034 et
1692 984 1936 1036 mortem

2056 642 2191 682 cum
2217 629 2336 687 ﬁlio
2367 647 2495 689 meo
2526 638 2682 690 Isaac
2711 635 2872 706 (Ibid.
2903 638 3006 706 30;
3071 637 3201 695 Gen.
3235 657 3351 707 xxr,
3389 637 3522 706 ~10).
3558 657 3586 685 »
3636 637 3711 693 Et

2051 716 2365 787 Apostolus
2397 722 2516 776 ait:
2549 745 2576 771 «
2612 724 2830 794 Itaque,
2857 726 3086 794 fratres,
3112 745 3228 783 non
3251 742 3463 782 sumus
3480 723 3710 782 ancilla

2051 802 2176 873 ﬁlii,
2212 809 2314 862 sed
2346 808 2537 864 liberae
2570 810 2769 882 (Galat.
2804 830 2880 880 ιν,
2914 814 3026 886 31).
3057 838 3086 864 ››
3119 816 3246 871 Haec
3277 818 3370 871 est
3390 830 3528 887 ergo
3553 813 3708 871 solu-

2052 891 2152 959 tio,
2189 895 2329 966 quia
2359 897 2514 967 quod
2569 897 2879 970 ignorabat
2923 903 3183 971 Judaeus,
3239 905 3394 960 ﬁdes
3443 902 3713 976 gentium

2049 980 2240 1049 solvit,
2275 984 2470 1039 infusa
2500 1003 2532 1040 a
2556 986 2731 1042 Paulo
2755 988 2987 1046 doctore
3018 992 3323 1047 mentibus
3374 992 3709 1051 nationum.

279 1065 623 1137 requirens:
649 1062 742 1117 cui
765 1061 959 1118 vivere
979 1062 1269 1133 Christus,
1298 1071 1406 1134 est,
1434 1071 1492 1123 et
1513 1069 1660 1124 mori
1682 1068 1950 1138 lucrum;
2048 1069 2180 1124 Ideo
2211 1087 2347 1143 ergo
2380 1073 2610 1128 illorum
2642 1081 2808 1147 gesta
2837 1078 3008 1134 nobis
3031 1080 3091 1135 in
3114 1079 3593 1152 parabole-sunt.

277 1157 344 1210 ut
373 1151 710 1209 inveniatur
739 1152 796 1206 in
827 1151 1080 1207 Christo.
2114 1160 2207 1212 57.
2240 1161 2348 1215 Sed
2380 1166 2436 1216 et
2465 1161 2747 1220 Dominus
2777 1166 2949 1221 dixit:
2984 1189 3012 1218 «ι
3042 1151 3254 1224 Factus
3286 1185 3428 1225 sum
3460 1168 3580 1226 illis
3641 1173 3706 1230 in

341 1243 434 1296 55.
478 1239 680 1330 (νενε.
732 1241 874 1330 16.)
924 1241 1227 1311 Adjiciunt
1282 1244 1475 1300 adhuc
1531 1245 1628 1302 isti
1659 1246 1930 1303 Israelita:
2043 1248 2420 1317 parabolam:
2455 1251 2763 1308 adversum
2796 1271 2887 1310 me
2918 1258 3347 1314 exercebantur
3378 1258 3480 1330 qui
3527 1261 3705 1318 sede-

276 1330 640 1387 dicentes:«
671 1329 927 1384 Posuisti
980 1346 1089 1385 nos
1133 1331 1192 1385 in
1241 1333 1580 1403 parabolam
1632 1336 1926 1406 gentibus,
2040 1334 2181 1389 bant
2212 1335 2269 1390 in
2319 1341 2486 1408 porta
2533 1338 2701 1408 (Psal.
2756 1359 2946 1411 vam,
3003 1346 3112 1415 12).
3148 1368 3177 1394 ››
3227 1345 3295 1400 In
3348 1329 3699 1417 parabolam

277 1418 734 1474 commotionem
766 1418 976 1488 capitis
1005 1419 1066 1473 in
1089 1419 1342 1490 populis.
1369 1443 1396 1470 »
1415 1423 1637 1484 Quibus
1657 1424 1930 1494 gentibus
2039 1427 2236 1478 autem
2265 1425 2472 1492 factus,
2507 1428 2643 1497 quia
2672 1429 2883 1498 dicilis,
2944 1432 3170 1504 inquit:
3203 1457 3231 1482 «
3284 1433 3513 1491 Medice
3560 1455 3703 1497 cura

275 1506 552 1579 posuisti,
584 1504 697 1560 nisi
731 1505 1042 1598 credit‘uris
1081 1508 1241 1574 (66)?
1269 1509 1349 1564 Ea
1377 1510 1532 1565 enim
1584 1527 1710 1582 quae
1777 1513 1925 1567 acci-
2037 1513 2093 1565 te
2122 1511 2318 1583 ipsum
2353 1515 2498 1584 (Luc.
2536 1533 2608 1582 ιν,
2641 1519 2750 1587 22).
2786 1541 2812 1568 ››
2846 1521 2908 1574 In
2940 1520 3288 1591 parabolam
3341 1522 3536 1582 factus
3581 1533 3694 1598 est,

276 1594 492 1649 derunt
518 1593 759 1661 Judaeis,
785 1594 843 1648 in
876 1593 1320 1652 similitudinem
1354 1599 1552 1669 ﬁgura
1584 1600 1735 1654 facta
1763 1605 1921 1668 sunt,
2036 1600 2175 1669 quia
2196 1603 2465 1657 sedentes
2489 1602 2549 1658 in
2575 1611 2741 1675 porta
2793 1607 3161 1680 increpabat;
3200 1611 3262 1665 in
3328 1611 3487 1668 exitu
3538 1593 3697 1674 enim

274 1685 340 1738 ut
363 1682 530 1738 ﬁeret
559 1681 730 1776 nobis
759 1686 931 1776 typus
961 1685 1018 1776 et
1040 1683 1229 1754 ﬁgura
1248 1685 1540 1741 excidium
1561 1687 1920 1755 Judaeorum,
2034 1704 2150 1742 non
2184 1689 2376 1753 otiosi,
2432 1693 2532 1746 sed
2592 1695 2825 1749 exerciti
2887 1712 3015 1751 esse
3067 1698 3384 1754 debemus.
3441 1702 3698 1776 Ideoque

272 1775 448 1844 atque
479 1780 549 1826 ex
578 1769 681 1825 illa
701 1769 1093 1863 ‘similitudine
1119 1789 1225 1843 per
1253 1773 1616 1845 parabolam,
1676 1777 1921 1833 solutio-
2032 1776 2320 1846 scripturn
2353 1781 2468 1832 est:
2506 1801 2533 1827 ‹‹
2566 1781 2790 1848 Videte,
2825 1799 2897 1836 ne
2925 1785 3029 1838 ﬁat
3057 1785 3195 1856 fuga
3225 1791 3430 1843 vestra
3477 1769 3694 1863 hieme,

269 1875 407 1915 nem
439 1857 830 1958 praesentibus
852 1858 1239 1961 requiramus,
1275 1878 1392 1932 quo
1423 1863 1690 1935 exempla
1716 1881 1917 1920 eorum
1948 1896 1997 1961 B
2028 1864 2118 1918 vel
2150 1864 2407 1920 Sabbato
2439 1867 2658 1936 (Matth.
2693 1886 2844 1936 xx1v,
2877 1871 2991 1940 20),
3027 1892 3054 1919 ››
3078 1871 3187 1926 hoc
3214 1877 3327 1944 est,
3353 1892 3470 1932 non
3493 1877 3552 1933 in
3575 1857 3695 1936 otio

270 1963 479 2002 cavere
519 1946 838 2040 possimus.
871 1945 1088 2002 Deinde
1119 1948 1259 2019 quia
1285 1950 1549 2006 Judaicee
1582 1968 1674 2007 res
1711 1968 1916 2009 omnes
1948 1945 1997 1961 ”
2027 1953 2130 2007 sed
2165 1951 2225 2005 in
2259 1954 2509 2024 negotio.
2566 1957 2710 2029 Ergo
2758 1958 2910 2030 pigri
2950 1960 3233 2015 sedebant
3283 1962 3498 2033 Judai,
3551 1968 3692 2040 quia

268 2035 438 2108 quasi
471 2034 760 2106 parabolae
791 2038 946 2101 sunt,
974 2035 1083 2090 hoc
1112 2039 1219 2102 est,
1279 2038 1452 2109 quasi
1495 2040 1696 2112 ﬁgurae
1749 2056 1916 2113 egen-

265 2127 355 2179 tes
385 2123 694 2179 solutione.
728 2123 986 2194 Denique
1015 2124 1301 2181 Dominus
1330 2126 1554 2182 Judaeis
1585 2129 1644 2182 in
1675 2129 1914 2200 parabo-

263 2211 322 2268 la
349 2203 792 2283 loquebatur,ut
822 2209 1076 2283 imperiti
1110 2229 1225 2267 non
1257 2213 1676 2286 intelligerent,
1695 2215 1908 2272 intelli-

268 2304 474 2373 gerent
503 2299 813 2372 sapientes,
847 2303 914 2356 ut
960 2299 1365 2372 intelligebant
1418 2303 1700 2374 Apostoli,
1753 2308 1811 2360 et
1849 2304 1908 2359 in

268 2405 386 2461 quo
419 2390 800 2445 movebantur
827 2389 960 2461 (67),
987 2389 1748 2462 interrogabantDominum
1769 2409 1782 2447 :
1815 2395 1841 2448 J
1851 2410 1909 2448 u-

267 2477 376 2532 deei
408 2480 603 2532 autem
636 2493 740 2533 nec
794 2477 1220 2549 intelligebant,
1277 2495 1380 2534 nec
1428 2479 1640 2536 iterum
1683 2482 1906 2538 discere

267 2581 384 2620 non
417 2565 709 2621 intellecta
738 2566 1069 2638 cupiebant.

335 2654 424 2709 56.
461 2655 607 2720 Quid
641 2655 720 2710 sit
749 2640 1044 2726 parabole,
1075 2655 1289 2728 accipe.
1323 2678 1351 2705 «
1384 2656 1680 2712 Abraham
1727 2658 1907 2730 igitur

265 2743 413 2797 duos
444 2741 599 2798 ﬁlios
627 2743 868 2798 habuit:
895 2759 1077 2799 unum
1110 2745 1180 2799 de
1223 2744 1453 2811 ancilla,
1486 2749 1543 2800 et
1599 2763 1783 2801 unum
1832 2749 1904 2804 de

263 2830 445 2886 libera
475 2830 675 2902 (Galat.
712 2849 788 2898 IV,
819 2832 930 2904 22).
962 2854 990 2881 ››
1011 2832 1137 2888 Non
1159 2832 1520 2904 intelligebat
1539 2834 1648 2890 hoc
1666 2836 1903 2891 Judazus

268 2919 381 2974 nisi
414 2921 737 2976 secundum
771 2921 1404 2977 litteram.°Nesciebat
1461 2923 1592 2995 quis
1649 2925 1720 2979 de
1765 2924 1902 2980 ﬁliis

261 3007 488 3063 duobus
544 3010 828 3081 acceperit
885 3010 1282 3066 bzereditatem
1341 3011 1546 3082 patris,
1609 3013 1764 3085 quia,
1829 3013 1898 3068 ad

260 3095 518 3151 carnalia
545 3097 964 3169 propendebat.
999 3099 1220 3169 Egebat
1258 3098 1534 3170 parabole
1588 3099 1897 3156 solutione.

257 3182 428 3238 Venit
457 3185 717 3256 gentium
751 3187 980 3251 Doctor,
1014 3189 1072 3240 et
1101 3185 1247 3241 ﬁdes
1277 3188 1604 3253 nationum,
1634 3193 1692 3244 et
1729 3189 1897 3244 intel-

2024 2043 2182 2094 stare
2214 2056 2328 2093 non
2365 2046 2652 2112 poterant,
2680 2045 2780 2114 qui
2804 2062 2950 2100 verae
2990 2046 3324 2104 Jerusalem
3384 2054 3534 2109 atria
3583 2071 3690 2111 ne-

2023 2127 2320 2195 sciebant;
2346 2129 2393 2184 si
2424 2131 2580 2185 enim
2611 2132 2919 2188 scivissent
2963 2133 3126 2188 illam
3171 2135 3529 2207 Jerusalem,
3580 2158 3680 2198 re-

2021 2216 2121 2286 qui
2131 2215 2426 2272 sivissent.
2447 2219 2550 2274 Isti
2573 2235 2708 2291 ergo
2732 2220 2955 2293 fatigati
2977 2221 3036 2276 in
3051 2227 3221 2294 porta
3242 2226 3682 2286 sedebant.Nec

2019 2303 2216 2360 solum
2248 2304 2409 2371 dixit,
2439 2307 2713 2374 sedebant,
2747 2308 2848 2362 sed
2879 2308 3056 2364 etiam
3088 2311 3338 2368 oderant
3358 2313 3680 2373 Dominum

2017 2393 2076 2447 in
2112 2393 2296 2463 portis
2329 2395 2886 2467 redarguentem.1n
2937 2400 3108 2468 porta
3163 2400 3323 2456 enim
3375 2407 3520 2475 erat,
3573 2405 3679 2476 qui

2015 2480 2328 2536 subiturus
2357 2484 2588 2538 eratsui
2621 2483 2882 2554 corporis
2914 2485 3276 2556 passionem,
3333 2506 3439 2561 per
3494 2508 3675 2565 quam

2015 2569 2352 2641 migrarete
2382 2570 2574 2638 terris,
2600 2571 2813 2626 rediret
2843 2572 2911 2626 ad
2948 2572 3188 2629 coelum.
3223 2577 3288 2630 In
3323 2582 3493 2648 porta
3550 2583 3677 2635 erat

2012 2657 2795 2714 cumdiceret:«Ambulate
2843 2659 2983 2714 dum
3028 2659 3224 2716 lucem
3244 2663 3670 2738 habetis(Joan.

2011 2763 2113 2812 xu,
2147 2746 2256 2816 35).
2296 2769 2322 2794 ››
2354 2748 2503 2811 Quid
2535 2751 2623 2802 est
2649 2764 2812 2820 ergo;
2844 2771 2872 2797 «
2907 2748 3116 2805 Factus
3133 2767 3268 2806 sum
3303 2751 3424 2807 illis
3459 2753 3519 2808 in
3559 2771 3680 2826 pa-p

2012 2833 2276 2888 rabolam
2308 2834 2478 2904 (Psal.
2514 2853 2705 2900 vam,
2769 2836 2880 2905 12),
2915 2858 2942 2886 ››
2975 2836 3090 2890 nisi
3148 2837 3290 2909 quia
3342 2839 3477 2896 ﬁnis
3521 2841 3669 2915 legis

2011 2925 2102 2977 est
2133 2921 2423 2992 Christus,
2457 2927 2514 2978 et
2561 2941 2720 2980 mors
2768 2925 2897 2994 ejus
2946 2924 3117 2980 solvit
3165 2926 3484 2999 aenigmata
3533 2947 3666 3002 pro-

2009 3009 2317 3082 phetarum
2342 3028 2354 3064 :
2380 3027 2562 3082 eaque
2593 3016 2727 3067 ante
2754 3012 2971 3068 Judaeis
2992 3017 3160 3068 erant
3178 3013 3499 3089 incognita,
3528 3035 3662 3076 cum

2009 3098 2517 3170 prophetarentur,
2551 3104 2754 3172 postea
2783 3101 3158 3158 manifestata
3187 3108 3329 3160 sunt
3344 3106 3660 3164 Dominicee

2007 3186 2298 3259 passionis
2329 3188 2532 3242 effectu
2557 3188 2584 3242 ?
2615 3190 2825 3244 Factus
2855 3193 2944 3246 est
2998 3189 3118 3246 illis
3173 3191 3236 3246 in
3297 3194 3658 3268 parabolam,

256 3257 394 3325 lexit
423 3273 577 3343 quod
608 3274 737 3327 dum
768 3272 880 3327 illae
902 3272 1179 3328 mulieres
1211 3275 1327 3328 duo
1349 3275 1468 3329 sint
1487 3277 1892 3332 Testamenta:
1929 3260 1971 3323 (ἶ
2009 3257 2149 3346 quia
2179 3274 2350 3345 quasi
2378 3275 2550 3331 vilem
2611 3293 2673 3332 se
2734 3277 3003 3348 praebuit,
3063 3257 3336 3350 ingerens
3396 3299 3458 3338 se
3512 3257 3654 3352 illis;

257 3375 439 3415 unum
473 3377 507 3416 a
535 3365 734 3416 monte
763 3361 922 3428 Sina,
952 3362 1106 3432 quod
1131 3361 1189 3414 in
1223 3361 1563 3417 servitutem
1603 3364 1899 3434 generavit

254 3449 537 3519 populum
567 3449 927 3514 Judaeorum,
953 3449 1108 3520 quod
1142 3453 1228 3504 est
1257 3450 1410 3522 Agar
1459 3449 1617 3520 (Ibid.
1667 3451 1778 3520 24).
1833 3452 1899 3505 Et

254 3534 384 3591 ideo
416 3537 578 3602 Sina,
614 3537 770 3607 quod
802 3553 904 3608 per
962 3535 1507 3608 interpretationem
1557 3553 1896 3592 mensuram

253 3623 386 3694 ejus
415 3623 735 3694 signiﬁcat:
770 3640 1049 3679 mensura
1098 3629 1292 3680 autem
1342 3625 1485 3697 legis
1536 3628 1642 3691 est,
1689 3642 1897 3697 super-

253 3711 564 3765 abundans
597 3713 792 3766 autem
823 3711 1013 3783 gratia
1042 3716 1150 3768 est.
1203 3713 1342 3767 Sina
1399 3729 1633 3786 quoque
1677 3729 1897 3770 merces

251 3797 489 3866 dicitur,
523 3802 581 3854 et
609 3799 879 3855 convenit
897 3801 1114 3872 populo
1143 3801 1502 3871 Judaaorum,
1539 3801 1638 3872 qui
1672 3802 1896 3871 justiﬁ-

252 3887 372 3942 cari
405 3903 466 3943 se
498 3888 764 3944 mercede
795 3904 1061 3960 operum,
1094 3905 1271 3960 quam
1303 3889 1438 3944 ﬁdei
1469 3889 1655 3961 gratia
1676 3889 1896 3944 malue-

251 3978 406 4030 runt.
439 3977 588 4048 Ergo
619 3993 745 4048 quae
771 3977 882 4032 sub
914 3975 1040 4049 lege
1070 3980 1194 4032 erat
1221 3977 1571 4044 Jerusalem,
1606 3993 1738 4031 cum
1759 3976 1897 4032 ﬁliis

250 4062 378 4120 suis
412 4064 732 4120 serviebat:
767 4081 898 4136 quae
929 4069 1124 4121 autem
1157 4081 1392 4121 sursum
1423 4069 1513 4121 est
1549 4064 1895 4132 Jerusalem,

260 4152 447 4207 libera
477 4156 586 4208 est.
620 4153 689 4207 Et
718 4153 846 4209 ideo
876 4153 1040 4221 Sara,
1092 4170 1222 4224 quae
1275 4152 1615 4226 principalis
1661 4153 1895 4220 dicitur,

250 4240 579 4297 libertatem
613 4240 811 4306 habet,
846 4242 1002 4311 quod
1036 4242 1308 4313 princeps
1341 4243 1429 4298 sui
1464 4241 1540 4296 sit
1572 4242 1673 4312 qui
1696 4243 1897 4312 justus

252 4332 426 4399 atque
452 4329 678 4400 integer
701 4331 808 4384 est.
867 4328 950 4382 Ex
1005 4327 1237 4382 duobus
1279 4327 1458 4398 igitur
1503 4328 1658 4382 910
1699 4328 1896 4383 Testa-

252 4416 468 4473 mentis
500 4418 616 4473 duo
646 4416 867 4489 populi,
911 4432 1067 4470 unus
1111 4416 1468 4482 Judaeorum,
1521 4414 1671 4469 alius
1720 4415 1899 4470 natio-

251 4521 418 4573 num,
442 4506 544 4577 qui
574 4506 632 4560 in
675 4505 910 4562 Christo
965 4503 1229 4560 credidit.
1265 4503 1368 4558 Ille
1414 4503 1770 4571 Judeaorum,
1799 4503 1900 4574 qui

2007 3379 2110 3417 nec
2142 3363 2435 3434 refugiens
2466 3381 2668 3420 eorum
2702 3365 3019 3420 seditiones
3065 3370 3123 3421 et
3180 3369 3508 3439 perducens
3555 3389 3654 3429 eos

2006 3449 2078 3504 ad
2108 3453 2341 3519 tempus
2370 3451 2719 3522 beneplaciti
2753 3453 2886 3519 sibi,
2915 3457 2981 3508 ut
3002 3460 3329 3514 moreretur
3379 3477 3484 3532 pro
3525 3477 3653 3518 om-

2007 3535 2182 3590 nibus
2212 3535 2572 3606 bominibus,
2603 3555 2720 3610 quo
2741 3539 2901 3596 illius
2933 3544 3221 3614 sanguine
3249 3561 3438 3618 genus
3467 3548 3651 3608 homi-

2006 3639 2149 3678 num
2176 3624 2577 3680 mundaretur.
3235 3680 3238 3681 ν

2075 3711 2162 3764 58.
2199 3709 2478 3766 Similiter
2532 3712 2591 3765 in
2641 3713 2921 3782 parabole
2960 3715 3246 3786 scriptum
3296 3725 3414 3777 est:
3449 3746 3478 3773 ‹‹
3526 3725 3654 3781 Non

2006 3797 2275 3869 alligabis
2306 3814 2370 3852 os
2396 3799 2524 3855 bovi
2556 3799 2859 3854 trituranti
2905 3802 3082 3872 (Deut.
3141 3821 3272 3873 xxv,
3303 3809 3381 3878 4).
3416 3830 3444 3858 ››
3476 3810 3657 3868 Solvit

2005 3885 2156 3939 hanc
2186 3884 2523 3956 parabolam
2547 3885 2864 3957 Apostolus
2897 3887 3127 3944 dicens:
3159 3912 3187 3940 ››
3224 3892 3522 3965 Numquid
3551 3953 3553 3956 ,
3583 3897 3657 3952 de

2007 3974 2192 4029 bobus
2223 3991 2364 4029 cura
2393 3979 2484 4030 est
2511 3980 2626 4030 Deo
2651 3977 2678 4028 ?
2706 3977 2792 4029 An
2823 3981 3061 4048 propter
3093 3995 3199 4034 nos
3230 3981 3433 4053 utique
3463 3981 3653 4038 dicit?

2005 4061 2149 4117 Nam
2183 4065 2419 4134 propter
2448 4080 2555 4119 nos
2585 4063 2804 4134 scripta
2836 4068 2994 4120 sunt.
3037 4065 3177 4130 Quis
3207 4071 3296 4124 est
3347 4069 3450 4142 qui
3508 4073 3658 4138 arat,

2008 4150 2120 4206 nisi
2153 4152 2254 4222 qui
2277 4151 2335 4205 in
2368 4168 2470 4223 spe
2505 4155 2630 4205 arat
2659 4153 2704 4222 (I
2735 4152 2859 4211 Cor.
2896 4170 2972 4221 1x,
3005 4153 3058 4222 9,
3095 4153 3205 4224 10),
3240 4159 3305 4211 ut
3329 4155 3390 4212 in
3429 4156 3655 4228 judicio

2007 4239 2237 4294 Domini
2269 4240 2490 4294 metat?
2514 4241 2580 4294 Et
2616 4239 2746 4295 ideo
2796 4241 2966 4311 quasi
3015 4241 3155 4296 boni
3217 4243 3500 4316 agricolae,
3554 4245 3656 4301 ubi

2009 4331 2423 4400 propterspem
2450 4328 2676 4384 inarata
2701 4328 2811 4399 (68)
2846 4328 3022 4384 fuerit
3050 4333 3204 4386 terra
3257 4335 3461 4389 nostra
3515 4349 3653 4388 con-

2007 4416 2253 4472 tinentia
2281 4416 2586 4488 corporali,
2623 4433 2736 4472 non
2768 4416 3044 4482 carnalia,
3072 4419 3172 4473 sed
3205 4420 3516 4491 spiritalia,
3563 4439 3653 4479 Be-

2008 4504 2338 4560 minemus:
2375 4504 2654 4575 quoniam
2687 4505 2756 4560 de
2787 4503 3121 4560 carnalibus
3152 4508 3480 4580 corruptela
3533 4508 3652 4566 col-

252 4608 373 4648 non
404 4592 673 4659 credidit,
705 4592 914 4649 servit:
977 4592 1103 4662 ipse
1146 4593 1237 4646 est
1285 4589 1606 4645 secundum
1664 4605 1897 4645 carnem
1930 4612 1977 4675 Β
2009 4591 2228 4664 ligitur,
2253 4594 2323 4648 de
2341 4591 2706 4664 Spiritalibus
2728 4593 3072 4648 vitaaeterna
3089 4596 3430 4666 acquiritur.
3455 4598 3653 4670 Typus

253 4683 452 4749 natus,
477 4682 616 4753 quia
665 4681 990 4737 secundum
1051 4696 1284 4735 carnem
1342 4679 1757 4749 interpretatus
1814 4683 1902 4732 est

253 4770 625 4841 Scripturam
657 4769 939 4838 divinam,
975 4772 1031 4825 et
1089 4769 1410 4825 secundum
1453 4765 1729 4832 litteram,
1785 4783 1897 4822 non

252 4859 579 4914 secundum
614 4858 908 4930 spiritum.
945 4857 1050 4922 Qui
1084 4860 1278 4913 autem
1300 4857 1372 4912 de
1399 4855 1597 4920 libera,
1620 4859 1791 4910 natus
1811 4859 1902 4910 est

248 4963 362 5022 per
391 4946 928 5020 repromissionem,
958 4947 1066 5002 hoc
1097 4951 1204 5014 est,
1264 4945 1356 5000 cui
1403 4942 1778 5016 repromissio
1835 4960 1901 4998 cx

248 5035 400 5104 ﬁde;
435 5037 559 5108 ipse
590 5039 678 5092 est
706 5035 971 5092 Ecclesiae
1003 5034 1180 5101 ﬁlius,
1217 5039 1421 5090 tenens
1443 5033 1640 5105 gratiae
1667 5031 1898 5087 liberta-

247 5133 371 5182 tem
387 5128 623 5197 propter
635 5139 809 5196 quem
829 5123 1088 5179 Ecclesia
1106 5121 1247 5179 dicit
1269 5140 1280 5177 :
1304 5145 1329 5170 ‹‹
1357 5120 1588 5193 Expelle
1605 5119 1873 5176 ancillam
1885 5163 1897 5187 ,

328 5338 439 5421 (ᾧ)
473 5338 613 5421 Mss.
648 5337 891 5421 aliquot.
919 5338 1010 5421 Et“
1026 5336 1136 5388 vet.
1176 5333 1337 5421 ﬁed-it.
1367 5419 1375 5421 ᾇ
1406 5333 1904 5421 Qurib‘ttsgentt’bus

246 5404 455 5486 potiti,
472 5412 588 5465 nisi
613 5404 946 5486 crediturus?
973 5404 1380 5486 lium;_Quibus
1433 5405 1685 5486 gentibus
1716 5476 1725 5486 .
1737 5406 1901 5476 positi

251 5474 384 5564 sunt
426 5474 490 5564 in
543 5481 891 5551 parabolam,
953 5480 1062 5533 etc.
1123 5474 1326 5531 Plures
1380 5491 1525 5533 mss.
1593 5474 1900 5532 nobiscum

262 5553 510 5608 iaciunt.

330 5622 445 5700 (97)
466 5623 587 5700 ῌοο
615 5623 723 5700 est,
750 5618 1124 5700 anxiiatque
1147 5615 1318 5700 dubii
1347 5619 1541 5700 erant.
1673 5689 1682 5700 ο

351 5686 441 5766 68)
467 5686 715 5749 Inarata'
748 5690 805 5749 id
856 5693 964 5760 est,
1027 5686 1214 5759 'arata,
1265 5686 1411 5746 Nam
1468 5689 1685 5762 alioqui
1717 5704 1900 5761 saepe-

2011 4680 2206 4751 itaque
2236 4685 2294 4736 et
2323 4682 2510 4748 figura
2534 4681 2704 4735 nobis
2737 4680 2856 4735 sint
2884 4684 3049 4753 gesta
3079 4683 3394 4753 majorum.
3454 4686 3653 4756 Typus

2011 4766 2101 4822 lex
2133 4767 2348 4839 scripta
2379 4768 2436 4822 in
2468 4768 2742 4824 cordibus
2764 4769 3003 4837 nostris,
3029 4773 3099 4824 ut
3123 4771 3292 4826 nobis
3314 4771 3373 4826 in
3404 4787 3470 4825 ea
3495 4787 3651 4840 quea-

2010 4857 2143 4911 dam
2175 4857 2505 4912 futurorum
2536 4859 2742 4929 ﬁgura,
2781 4875 2894 4914 non
2945 4858 3158 4915 veritas
3202 4859 3297 4914 sit.
3350 4859 3463 4914 Lex
3509 4874 3648 4931 ergo

2011 4944 2179 5015 quasi
2211 4947 2398 5017 ﬁgura
2427 4945 2502 4999 sit
2532 4947 2702 5003 nobis
2726 4965 2737 5002 :
2765 4947 3142 5022 Evangelium
3175 4945 3342 5016 quasi
3365 4944 3563 5002 lumen
3594 4950 3652 5002 et

2011 5032 2383 5106 signaculum
2409 5033 2690 5089 veritatis.

2080 5124 2167 5176 59.
2203 5125 2262 5177 In
2287 5121 2562 5194 parabole.
2582 5139 2718 5196 ergo
2742 5121 3027 5178 Dominus
3048 5121 3301 5177 ostendit
3320 5134 3382 5178 se
3399 5121 3649 5179 Judzsis:

2012 5334 2271 5391 sumitur
2301 5352 2403 5406 pro
2433 5349 2543 5390 non
2574 5337 2757 5388 arata.
2793 5331 2988 5387 Horat.
3021 5331 3202 5404 Epod.
3239 5333 3336 5389 i6:

2104 5448 2295 5498 Reddit
2324 5450 2414 5497 ubi
2448 5449 2692 5512 Cererem
2720 5445 2877 5495 tellus
2905 5446 3112 5512 inarata
3140 5447 3458 5512 quotannis,

2102 5512 2166 5560 Et
2195 5513 2456 5572 imputata
2483 5510 2638 5559 ﬂoret
2666 5522 2837 5573 usque
2865 5509 3040 5559 vinea.

2013 5620 2172 5691 Terra
2201 5620 2574 5691 veronostra,
2627 5616 2782 5691 idem
2834 5621 2924 5672 est
2981 5621 3154 5689 atque
3198 5633 3305 5675 nos
3353 5617 3486 5691 ipsi.
3538 5617 3651 5675 Sed

2011 5688 2188 5761 plana
2211 5693 2299 5744 est
2315 5686 2417 5744 illa
2438 5687 2800 5761 metaphora.
