4146 6190
572 437 721 509 1171

2028 443 2093 510 S.
2140 446 2515 513 AMBROSII

3722 455 3842 530 illi

569 578 671 636 sed
695 592 808 634 non
828 575 1602 654 intellexeruntparabolam,
1626 578 2070 654 quiamedicum
2094 598 2207 638 non
2239 586 2294 652 Α
2393 581 2481 637 61.
2515 579 2628 639 Sed
2651 579 2778 654 jam
2809 578 3140 654 expressius
3159 579 3229 639 de
3256 579 3377 655 ipsa
3421 582 3600 657 capitis
3646 602 3834 648 commo-

571 671 933 739 receperunt,
965 669 1065 740 qui
1096 675 1325 726 curaret
1353 671 1582 726 animas
1613 671 1723 742 (69)
1754 673 1900 727 9“
1940 670 2210 726 laboran-

571 755 745 823 tium,
773 759 829 811 et
856 757 1012 812 omni
1036 759 1376 830 aegritudine
1403 763 1459 814 et
1481 759 1874 831 inaqualitate
1895 759 2214 814 incommo-

569 843 772 900 ditatis
803 844 1143 900 absolveret.
1178 846 1385 902 Factus
1416 852 1504 902 est
1533 848 1710 902 etiam
1742 847 1798 900 in
1853 846 2211 918 parabolam,

575 933 713 1004 quia
743 949 977 989 carnem
1010 935 1291 1006 suscepit,
1324 952 1500 1006 quam
1541 933 1956 990 crucifixerunt
2004 935 2211 1001 Judaei,

573 1038 688 1078 non
722 1020 1113 1094 intelligentes
1153 1023 1486 1094 parabolam
1539 1023 1881 1094 spiritalem.
1942 1024 2214 1094 ansque

572 1109 727 1167 enim
752 1127 866 1166 non
890 1111 1541 1178 intellexerunt,utcum
1568 1116 1861 1167 auctorem
1884 1111 2012 1165 vitae
2031 1110 2217 1166 cruci-

573 1198 839 1270 ﬁgerent,
867 1202 924 1254 et
954 1215 1300 1272 suspensam
1334 1200 1391 1255 in
1433 1217 1602 1256 cruce
1634 1203 1935 1255 cernerent
1983 1215 2214 1254 carnem

575 1285 806 1343 Domini
841 1287 1180 1354 salutarem,
1213 1294 1511 1345 moverent
1542 1293 1735 1360 caput.
1773 1289 1918 1343 Nam
1952 1288 2000 1342 si
2046 1287 2216 1342 intel-

574 1374 873 1445 lexissent,
905 1377 1108 1448 utique
1139 1395 1255 1432 non
1288 1378 1691 1444 insultassent,
1737 1377 1837 1432 sed
1897 1376 2219 1448 ingemuis-

575 1468 724 1520 sent.
756 1465 824 1520 Et
851 1468 1047 1521 tamen
1078 1466 1208 1538 ipsa
1236 1467 1548 1522 commotio
1581 1466 1792 1536 capitis
1822 1464 1940 1519 illis
1963 1465 2021 1518 in
2057 1463 2218 1519 simi-

572 1551 880 1609 litudinem
913 1553 1108 1623 cessit,
1143 1558 1205 1609 ut
1228 1572 1342 1609 non
1376 1555 1484 1610 hoc
1533 1554 1887 1626 significaret
1929 1553 2084 1624 quod
2136 1551 2218 1606 illi

577 1641 928 1708 sentiebant,
944 1643 1044 1696 sed
1059 1643 1214 1713 quod
1232 1642 1917 1714 mysteriadeclarabant.
1946 1640 2030 1694 llli
2063 1640 2219 1694 enim

577 1730 900 1787 secundum
931 1729 1092 1800 vulgi
1124 1747 1297 1786 usum
1337 1730 1690 1786 insultantes
1743 1730 1990 1785 Domino
2039 1745 2226 1784 move-

576 1817 721 1872 bant
741 1821 918 1889 caput
947 1834 1142 1885 suum,
1177 1818 1330 1874 sicut
1350 1819 1449 1890 qui
1472 1818 1655 1889 justis
1685 1816 1970 1872 insultare
2001 1816 2223 1872 deside-

579 1909 732 1972 rant,
765 1906 813 1960 si
837 1905 981 1961 forte
1002 1922 1100 1961 eos
1138 1906 1388 1962 viderint
1438 1907 1497 1960 in
1551 1907 1659 1962 hoc
1705 1905 1915 1961 saeculo
1968 1905 2220 1978 fatigari,

579 1998 813 2049 movent
842 1997 1036 2064 caput.
2035 2052 2038 2053 ν

645 2082 737 2136 60.
771 2080 906 2144 Quae
937 2083 1250 2138 commotio
1280 2082 1488 2154 capitis
1517 2083 1820 2154 geminum
1865 2080 2224 2136 intellectum

576 2168 775 2226 habet.
813 2170 1325 2242 Reprehensibiles
1356 2172 1512 2227 enim
1575 2172 1850 2226 videntur
1897 2170 2225 2225 secundum

580 2257 894 2329 Scriptum
927 2257 1356 2324 auctoritatem,
1388 2257 1487 2330 qui
1546 2262 1780 2312 movent
1837 2260 2030 2327 caput,
2089 2271 2223 2309 cum

581 2343 739 2400 dicat
767 2349 825 2400 et
841 2345 1180 2400 Matthaeus:
1211 2366 1238 2395 ‹‹
1259 2346 1365 2411 Qui
1387 2346 1718 2401 transibant
1738 2344 2227 2416 blasphemabant

583 2432 898 2488 Dominum
929 2433 1444 2490 Jesummeventes
1475 2434 1667 2506 capita
1687 2451 1794 2489 sua
1822 2434 2025 2505 (Matth.
2048 2448 2221 2498 xxvn,

581 2519 759 2590 89).»
803 2521 875 2576 Et
924 2521 1186 2577 Marcus:
1221 2545 1248 2571 «
1309 2523 1416 2588 Qui
1476 2523 1848 2594 prmteribant
1898 2521 2079 2592 (Marc.
2130 2537 2220 2586 xv,

580 2606 757 2678 29).»
814 2609 1212 2665 Transeuntes
1270 2613 1466 2666 autem
1525 2611 1681 2681 quod
1735 2607 2225 2682 reprehensibiles

582 2695 965 2762 estimentur,
998 2698 1166 2753 docet
1202 2697 1298 2753 hic
1326 2698 1451 2769 ipse
1480 2698 1788 2769 Propheta,
1823 2697 1922 2769 qui
1951 2697 2095 2754 dicit
2154 2696 2225 2751 de

582 2784 753 2842 vinea
783 2786 1069 2842 Sabaoth:
1110 2808 1136 2835 ‹‹
1167 2787 1234 2842 Et
1259 2786 1621 2841 vindemiant
1651 2791 1776 2842 eam
1811 2802 2013 2842 omnes
2031 2789 2223 2840 trans-

587 2876 794 2929 euntes
820 2873 973 2929 viam
1007 2875 1183 2945 (Psal.
1208 2892 1395 2943 Lxx1x,
1437 2877 1539 2942 12).
1567 2897 1594 2925 ››
1624 2874 1884 2946 Denique
1914 2877 1970 2929 et
1990 2874 2088 2945 qui
2135 2888 2224 2927 se-

589 2961 792 3034 quitur
817 2978 1044 3029 versus,
1070 2963 1180 3020 hoc
1211 2964 1433 3037 signat:
1470 2987 1497 3012 ‹‹
1530 2964 1856 3019 Devastavit
1912 2979 2039 3017 eam
2089 2977 2228 3032 aper

584 3051 655 3107 de
685 3050 853 3120 silva,
887 3055 943 3107 et
974 3052 1293 3125 singularis
1324 3053 1482 3108 ferus
1513 3053 1788 3124 depastus
1809 3057 1895 3107 est
1911 3067 2036 3107 eam
2067 3049 2222 3118 (Ibid.

589 3139 699 3210 14).
736 3162 764 3189 ››
795 3140 866 3195 Et
896 3139 954 3195 in
1011 3140 1436 3212 posterioribus
1468 3141 1586 3194 ait:
1621 3163 1648 3189 «
1683 3141 1752 3194 Et
1810 3156 1924 3194 non
1959 3140 2229 3194 dixerunt

584 3229 959 3284 transeuntes
1005 3229 1198 3284 viam:
1233 3228 1563 3283 Benedictio
1622 3227 1851 3282 Domini
1909 3242 2086 3298 super
2124 3221 2226 3281 ves

2255 1953 2303 2018 B

2318 669 2477 726 tione
2509 686 2638 741 quae
2668 669 2726 724 in
2760 669 3205 726 similitudinem
3236 670 3422 743 pepuli
3448 677 3528 728 est
3567 675 3733 745 posita,
3775 678 3836 733 di-

2319 759 2570 814 cendum
2600 763 2707 814 est.
2739 759 2880 823 Quis
2903 764 2994 815 est
3021 764 3197 831 caput
3225 759 3564 832 pepulerum,
3589 763 3680 818 nisi
3725 764 3842 820 Chri-

2323 851 2451 902 stus
2477 845 2504 900 ‘?
2533 846 2720 918 Caput
2751 846 2907 902 enim
2932 846 3196 902 mulieris
3225 846 3325 914 vir,
3349 853 3509 920 caput
3533 849 3620 904 viri
3651 851 3844 907 Christus

2324 935 2440 992 Sed
2470 939 2526 990 et
2543 934 2632 990 lex
2654 940 2829 1007 caput
2847 935 3235 1008 intelligibilis
3261 935 3522 991 mulieris.
3545 937 3749 1010 Denique
3764 941 3843 996 sub

2325 1023 2453 1094 lege
2483 1026 2762 1094 tanquam
2795 1024 2904 1078 sub
2925 1023 3048 1079 viro
3064 1029 3154 1080 est
3174 1023 3417 1097 populus
3443 1025 3845 1098 Judsorum,quia

2326 1111 2419 1167 lex
2439 1119 2581 1182 νόμος
2601 1111 2814 1166 dicitur
2880 1112 3074 1168 Graece
3104 1131 3118 1180 ;
3151 1117 3207 1168 et
3275 1113 3396 1168 ideo
3466 1113 3709 1186 Synagoga
3745 1123 3842 1185 νόμῳ

2327 1199 2496 1271 quasi
2528 1197 2790 1256 masculo
2822 1200 3094 1272 copulata
3121 1204 3228 1265 est,
3261 1200 3357 1255 sed
3388 1199 3494 1271 legi
3515 1199 3747 1272 corporali,
3765 1217 3850 1256 non

2327 1285 2576 1359 spiritali
2604 1304 2616 1355 ;
2653 1287 2760 1342 hoc
2790 1291 2902 1354 est,
2933 1287 3072 1342 ritui
3102 1287 3249 1359 legis
3277 1287 3528 1356 Judaice,
3555 1287 3849 1357 cujusvincu-

2327 1375 2403 1431 lis
2433 1375 2656 1447 illigata
2685 1381 2791 1445 est,
2824 1375 3072 1449 legitimi
3105 1376 3367 1432 nesciens
3387 1380 3700 1431 sacramenta
3715 1377 3858 1445 conju-

2329 1463 2429 1535 gii.
2463 1463 2518 1518 Si
2549 1467 2746 1518 autem
2775 1465 2922 1522 912
2959 1468 3190 1519 mortua
3217 1463 3387 1519 fuerit
3425 1462 3526 1529 lex,
3553 1463 3740 1528 honest,
3757 1462 3857 1534 legis

2331 1552 2731 1623 interpretatio
2763 1551 3111 1624 corporalis;
3137 1556 3273 1607 tunc
3321 1549 3498 1624 plebs,
3525 1549 3666 1622 quasi
3699 1554 3862 1605 mortuo

2332 1641 2581 1712 conjuge
2613 1641 2821 1712 priore,
2856 1640 3116 1714 legitime
3145 1641 3326 1696 nubet
3353 1639 3587 1695 secunde
3634 1639 3748 1706 viro,
3787 1637 3852 1708 qui

2332 1745 2401 1785 ex
2431 1729 2678 1784 mortuis
2705 1729 3041 1784 resurrexit.
3104 1730 3208 1784 Est
3257 1727 3428 1784 etiam
3477 1729 3633 1799 caput
3669 1724 3859 1781 mulieris

2332 1817 2512 1888 hujus
2544 1819 2658 1888 (70)
2689 1815 3088 1889 Evangelium.
3124 1816 3291 1872 Unde
3321 1815 3550 1887 quidam
3576 1813 3768 1886 mystice
3805 1811 3863 1865 in-

2333 1905 2658 1978 terpretati,
2693 1904 3042 1961 mortiﬁcato
3075 1904 3190 1960 ritu
3227 1902 3490 1970 Judaico,
3512 1906 3747 1973 tanquam
3761 1897 3872 1954 fratri

2336 1992 2597 2048 defuncti
2628 1991 2940 2064 Evangelie
2973 1991 3279 2048 mulierem
3331 2006 3459 2047 eam
3489 1990 3678 2045 nubere
3700 2005 3750 2043 ex
3785 1985 3871 2057 legs

2333 2079 2660 2148 voluerunt,
2696 2081 2835 2152 quia
2858 2079 2948 2136 lex
2972 2080 3407 2136 annuntiaverit
3428 2077 3757 2150 Evangelium.
3777 2074 3876 2128 ideo

2335 2168 2490 2240 prior
2509 2168 2602 2223 lex
2630 2169 2736 2234 vir,
2769 2172 2973 2240 postea
3003 2167 3249 2223 secundi
3280 2166 3387 2222 viri
3416 2165 3635 2238 nuptiae,
3675 2163 3759 2218 hoc
3794 2164 3878 2223 est,

2335 2255 2633 2329 Evangelii
2666 2260 3034 2313 sacramenta
3059 2261 3220 2312 sunt.
3245 2257 3373 2312 Duo
3395 2256 3544 2311 enim
3569 2251 3708 2326 quasi
3729 2249 3880 2320 conju-

2333 2343 2430 2416 gia
2459 2345 2575 2400 duo
2607 2349 2746 2400 sunt
2775 2345 3168 2401 Testamenta.
3206 2344 3404 2401 Unum
3435 2341 3734 2415 conjugium
3767 2342 3883 2393 vetus

2334 2435 2423 2486 est
2451 2432 3073 2504 Testamentum,quod
3108 2436 3302 2488 morte
3331 2431 3436 2488 viri
3467 2429 3655 2504 prioris
3695 2425 3880 2482 solutum

2335 2522 2442 2574 est.
2475 2521 2545 2576 Et
2575 2521 2703 2576 ideo
2735 2521 2948 2576 mulier
2975 2520 3078 2576 illa
3107 2520 3203 2576 cui
3236 2520 3334 2578 lex
3362 2523 3585 2576 mortua
3609 2519 3828 2583 est,recte
3843 2512 3881 2565 in

2335 2609 2661 2664 secundum
2691 2609 3034 2681 conjugium
3067 2610 3366 2675 convenit,
3398 2608 3505 2664 hoc
3523 2611 3622 2674 est,
3643 2606 3884 2660 Testamen-

2333 2698 2459 2750 tum
2493 2713 2728 2752 novum.
2761 2698 2856 2752 Sic
2879 2698 3113 2753 duobus
3137 2697 3431 2753 fratribus
3454 2712 3566 2751 una
3583 2689 3886 2764 cenjungitur.

2334 2785 2427 2838 cui
2460 2786 2762 2858 superiora
2793 2791 3030 2858 peccata
3062 2786 3428 2851 moriuntur,
3491 2781 3708 2839 meliora
3753 2780 3889 2850 postea

2335 2878 2704 2929 sacramenta
2741 2879 3114 2931 renovantur.
3151 2875 3280 2931 Hoc
3310 2874 3484 2930 nobis
3511 2867 3782 2944 Apostolus
3813 2863 3888 2919 evi-

2335 2961 2544 3017 denter
2567 2963 2834 3034 exposuit
2863 2963 3101 3019 dicens:
3136 2986 3164 3013 ‹‹
3205 2962 3498 3030 Quoniam
3528 2976 3644 3032 qua
3688 2955 3776 3012 sub
3811 2952 3892 3004 viro

2335 3053 2426 3106 est
2456 3050 2684 3118 mulier,
2716 3050 2940 3106 vivente
2960 3051 3104 3118 viro,
3136 3050 3330 3124 ligata
3379 3055 3470 3107 est
3511 3047 3616 3121 legi
3664 3046 3799 3118 (Rom.
3827 3055 3895 3100 vn.

2334 3140 2412 3208 2),
2445 3162 2472 3188 »
2506 3139 2615 3195 hoc
2645 3143 2753 3208 est,
2786 3140 2879 3195 sui
2911 3139 3049 3213 legi,
3122 3145 3192 3195 ut
3250 3141 3305 3195 ei
3365 3140 3568 3195 debeat
3613 3133 3893 3213 castitatem;

2336 3247 2365 3276 «
2398 3226 2458 3282 Si
2489 3232 2685 3284 autem
2717 3212 2992 3283 mortuus
3020 3227 3196 3284 fuerit
3225 3229 3338 3298 vir,
3361 3226 3552 3283 soluta
3568 3227 3645 3280 est
3669 3219 3807 3292 alege
3822 3212 3896 3268 viri

584 3315 755 3385 (Psal.
815 3332 1026 3383 cxxvn,
1085 3315 1178 3385 8);
1211 3332 1276 3370 eo
1336 3315 1488 3386 quod
1523 3315 1622 3386 qui
1681 3315 1911 3382 transit,
1973 3319 2029 3371 et
2105 3331 2222 3370 non
2255 3315 2297 3382 ρ
2335 3315 2524 3387 (Ibid.)
2559 3334 2572 3384 ;
2606 3337 2634 3366 »
2669 3315 2725 3371 id
2758 3320 2866 3383 est,
2899 3320 2965 3370 ut
3021 3317 3114 3372 cui
3165 3316 3339 3388 velit,
3400 3316 3595 3381 nubat,
3649 3303 3896 3366 dummodo

584 3406 702 3457 stat
731 3402 792 3457 in
824 3402 988 3456 atriis
1007 3401 1260 3469 Domini,
1294 3419 1410 3470 non
1440 3403 1540 3457 dat
1591 3403 2079 3459 benedictionem.
2139 3403 2226 3458 Ita

584 3504 722 3561 ergo
743 3488 928 3545 Judaei
951 3491 1261 3546 movebant
1279 3495 1452 3564 caput
1467 3507 1644 3564 super
1667 3492 1978 3548 Dominum
1994 3493 2219 3557 Jesum,

584 3581 652 3633 ut
688 3577 1070 3649 praeterirent,
1103 3579 1204 3650 qui
1231 3580 1466 3635 ﬁrmum
1497 3579 1868 3652 solidumque
1898 3581 2028 3635 fidei
2053 3579 2224 3636 vesti-

583 3663 745 3738 gium
774 3665 990 3721 habere
1011 3682 1121 3721 non
1148 3671 1431 3738 poterant.
1468 3667 1773 3724 Movebant
1801 3673 1994 3724 autem
2046 3671 2221 3740 caput

579 3769 776 3820 suum,
810 3770 1061 3826 quorum
1093 3759 1267 3826 caput
1295 3754 1560 3811 Christus
1573 3773 1700 3811 esse
1720 3757 2018 3826 debuerat,
2042 3772 2215 3828 quem

576 3856 691 3897 non
721 3841 925 3897 debuit
953 3842 1244 3898 dimovere
1275 3849 1333 3899 et
1361 3844 1670 3899 deturbare
1703 3845 1947 3916 perﬁdia
1978 3844 2212 3900 Judazo—

572 3945 727 3984 rum.
760 3929 871 3985 Sed
903 3930 1042 4001 quia
1068 3947 1182 3985 non
1234 3931 1391 4002 passi
1449 3935 1590 3987 sunt
1645 3932 1909 3987 membra
1971 3949 2032 3987 se
2083 3948 2210 3987 esse

569 4016 802 4084 Christi,
837 4017 966 4074 ideo
999 4023 1174 4090 caput
1205 4036 1405 4074 eorum
1433 4037 1546 4075 non
1590 4019 1700 4074 fuit
1747 4019 2030 4076 Christus.
2083 4020 2209 4077 Non

567 4109 693 4161 erat
720 4104 894 4161 etiam
928 4106 1017 4161 lex
1047 4112 1220 4178 caput
1251 4125 1474 4178 eorum,
1507 4107 1644 4178 quia
1663 4109 2137 4180 exspoliabantur
2152 4115 2209 4164 et

563 4192 692 4264 lege
713 4210 745 4247 a
765 4194 979 4266 populo
999 4196 1323 4250 nationum.
1351 4197 1476 4250 Non
1501 4195 1608 4249 fuit
1639 4195 1729 4251 his
1751 4202 1927 4267 caput
1947 4197 2204 4253 Verbum

565 4279 690 4348 Dei,
722 4281 861 4352 quia
902 4284 1221 4339 amiserant
1277 4284 1610 4356 prophetas,
1645 4288 1701 4338 et
1749 4286 2040 4357 apostolos
2091 4304 2204 4343 non

562 4366 876 4424 habebant.
909 4370 1028 4426 Hoc
1057 4373 1128 4426 de
1147 4371 1585 4443 reprehensibili
1617 4373 2005 4428 commotione
2052 4377 2208 4448 capi-

562 4453 640 4508 tis
669 4453 894 4510 dictum
925 4459 1018 4512 sit.
1042 4460 1143 4514 Est
1175 4466 1369 4516 tamen
1401 4466 1457 4515 et
1478 4460 1792 4516 laudabilis
1822 4462 2028 4532 capitis
2050 4480 2203 4519 com-

560 4539 770 4596 motio:
831 4547 1307 4615 reprehensibilis
1334 4548 1575 4614 Judaeis,
1627 4549 1938 4606 laudabilis
1977 4553 2194 4624 populo

559 4627 886 4686 nationum.
923 4633 1070 4696 Quid
1103 4639 1192 4689 est
1222 4637 1378 4690 enim
1411 4640 1606 4707 caput,
1634 4638 1742 4692 nisi
1768 4638 1825 4693 in
1850 4655 1966 4710 quo
1987 4657 2197 4696 sensus

556 4717 734 4773 sunt?
765 4718 925 4774 Oculi
961 4721 1115 4776 enim
1151 4723 1435 4794 sapientis
1467 4724 1525 4776 in
1585 4726 1771 4798 capite
1828 4729 1992 4797 ejus;
2049 4745 2197 4800 quos

554 4805 769 4862 moveri
793 4812 1020 4879 oportet
1049 4808 1270 4876 oculos,
1297 4810 1354 4865 id
1389 4815 1496 4876 est,
1531 4814 1749 4868 mentis
1790 4818 1904 4869 tua;
1958 4832 2191 4884 sensus,

548 4909 620 4950 ne
651 4891 849 4965 aliquo
880 4900 1112 4970 torpore
1142 4899 1489 4972 pigrescant.
1543 4899 1703 4955 Move
1754 4918 1890 4975 ergo
1936 4905 2190 4974 pruden-

2336 3407 2568 3459 mortuo
2593 3405 2736 3471 viro,
2768 3405 2980 3472 nubat;
3041 3405 3183 3477 quia
3209 3428 3240 3456 ‹‹
3276 3405 3411 3462 vivo
3462 3404 3647 3468 viro,»
3685 3393 3854 3465 inquit.
3880 3412 3899 3436 εί

2333 3491 2599 3548 adultera
2628 3492 2949 3559 vocabitur,
2981 3492 3031 3548 si
3049 3493 3273 3563 juncta
3305 3493 3489 3549 fuerit
3539 3485 3678 3546 alteri
3716 3482 3836 3536 viro:
3865 3477 3902 3530 si

2331 3583 2527 3634 autem
2551 3583 2818 3635 mortuus
2842 3579 3016 3634 fuerit
3025 3583 3111 3634 vir
3121 3581 3174 3651 ej
3184 3579 3541 3647 us,liberata
3555 3580 3632 3632 est
3647 3571 3792 3643 alegc
3805 3565 3903 3627 viri,

2328 3663 2412 3721 ita
2440 3670 2505 3721 ut
2533 3683 2647 3722 non
2677 3669 2757 3724 sit
2771 3667 3110 3752 adultera,si
3148 3669 3342 3724 fuerit
3363 3685 3501 3724 cum
3523 3666 3628 3722 alio
3649 3662 3750 3716 viro
3769 3655 3904 3752 (Ibid-9

2325 3753 2380 3824 3)
2415 3777 2442 3803 >›
2467 3755 2583 3811 Hoc
2615 3743 3048 3812 sacramentum
3083 3756 3270 3813 etiam
3309 3757 3384 3811 ad
3419 3755 3697 3812 Christum
3743 3750 3789 3802 et
3829 3743 3900 3798 Ec-

2325 3841 2562 3898 clesiam
2586 3844 2894 3916 pertinere,
2927 3845 3102 3900 etiam
3137 3843 3288 3901 alibi
3323 3839 3789 3903 demonstravit,»
3810 3829 3908 3904 quin

2324 3946 2602 4003 magnum
2665 3934 2754 3986 est
2811 3937 3256 3989 sacramentum
3318 3933 3537 4005 (Epiros.
3563 3948 3615 3996 v,
3643 3929 3740 3994 32).
3771 3947 3792 3971 »
3835 3917 3904 3973 Hic

2321 4034 2552 4091 quoque
2584 4036 2696 4076 non
2721 4021 3097 4091 prmtermisit
3128 4021 3389 4077 dicens:
3425 4047 3454 4069 ‹‹
3492 4021 3702 4091 Itaque,
3756 4013 3907 4068 fratres

2320 4107 2455 4174 mei,
2487 4112 2543 4161 et
2571 4124 2672 4162 vos
2704 4107 3034 4162 mortiﬁcati
3059 4109 3208 4164 estis
3232 4108 3353 4182 legi
3383 4127 3490 4182 per
3509 4096 3906 4179 corpustristi;

2318 4197 2383 4249 ut
2413 4195 2542 4249 sitis
2573 4195 2832 4264 alterius,
2869 4195 2966 4268 qui
2999 4214 3064 4251 ex
3122 4199 3397 4254 mortuis
3449 4191 3749 4254 resurrexit
3784 4189 3912 4260 (30m-

2315 4300 2415 4337 vn.
2439 4284 2512 4353 4).
2549 4307 2574 4332 ››
2609 4285 2908 4348 Quomodo
2942 4285 3349 4342 mortiﬁcatus
3369 4303 3435 4342 es
3468 4285 3602 4358 legi,
3635 4280 3729 4338 nisi
3753 4281 3800 4332 ut
3837 4269 3912 4326 tibi

2313 4370 2460 4444 legis
2491 4373 2699 4427 umbra
2730 4373 3036 4439 moriatur,
3069 4389 3212 4430 cum
3241 4375 3489 4431 accedis
3520 4374 3592 4431 ad
3624 4362 3918 4428 sacramenta

2312 4459 2614 4515 caelestia?
2643 4460 2758 4517 Nec
2789 4461 2946 4517 enim
2978 4459 3149 4517 aliter
3179 4463 3380 4519 debes
3413 4463 3684 4519 accedere
3705 4456 3763 4512 ad
3779 4453 3915 4509 Evan-

2310 4547 2547 4620 gelium,
2583 4548 2696 4604 nisi
2719 4549 2946 4605 solutus
2977 4549 3510 4624 interpretationis
3541 4540 3916 4622 cerperalisim-

2308 4636 2681 4708 pedimentis.
2705 4635 2976 4709 Alioquin
3026 4638 3412 4696 adulterium
3479 4645 3588 4704 est,
3641 4635 3776 4691 veris
3816 4627 3918 4683 falsa

2309 4723 2585 4792 miscere;
2618 4725 2900 4797 pudicitia
2922 4731 3116 4782 autem
3149 4729 3491 4800 spiritalis,
3553 4727 3601 4784 si
3648 4722 3823 4780 anima
3850 4721 3918 4770 tua

2305 4817 2477 4868 exuta
2523 4814 2797 4870 omnibus
2856 4815 3319 4888 impedimentis
3383 4819 3568 4874 devias
3616 4804 3919 4886 cognitionis.

2305 4901 2427 4957 sine
2455 4919 2600 4975 ruga
2629 4903 2865 4958 accedat
2895 4904 2965 4959 ad
2999 4904 3097 4960 Dei
3130 4907 3428 4964 verbum.
3491 4907 3640 4978 Ergo
3687 4900 3820 4959 sicut
3849 4893 3917 4949 Ec-

549 4983 693 5038 tiam
722 4987 910 5055 tuam,
962 5003 1126 5044 move
1175 4987 1542 5060 sapientiam,
1603 4999 1765 5044 move
1812 4992 2188 5063 cogitationes
2300 4989 2486 5045 clesia:
2519 4994 2693 5063 caput
2721 4991 3009 5058 Christus,
3042 4993 3123 5050 ita
3153 4999 3222 5049 et
3255 4996 3595 5069 Synagoga:
3625 4994 3786 5064 caput
3833 4985 3920 5038 lex:

545 5076 680 5130 tuas
711 5075 1032 5132 cmlestium
1064 5073 1372 5131 collatione
1403 5090 1761 5142 sermonum,
1785 5081 1842 5132 et
1893 5080 2185 5151 propheti-

543 5176 746 5218 corum
777 5164 1173 5236 disputatione
1201 5163 1531 5224 verborum,
1571 5163 1647 5216 ita
1681 5169 1734 5216 ut
1759 5182 1868 5218 non
1903 5184 2102 5238 pecces
2129 5169 2180 5224 in

541 5248 915 5309 Testamento
945 5253 1068 5318 Dei,
1101 5252 1202 5307 sed
1237 5251 1382 5307 ﬁdes
1413 5251 1582 5306 ﬁrma
1603 5252 1697 5308 sit.
1724 5253 1869 5309 Sunt
1889 5255 2044 5310 enim
2067 5256 2182 5312 hae-

542 5337 704 5393 retici
735 5341 833 5412 qui
858 5347 1092 5397 movent
1119 5357 1330 5396 sensus
1357 5357 1517 5404 suos,
1542 5347 1605 5394 ut
1636 5343 1934 5412 perfidiam
1961 5350 2178 5413 tamen,

540 5438 653 5478 non
683 5425 857 5484 ﬁdem
889 5430 1158 5485 excitent.

605 5596 718 5666 (69)
750 5599 834 5656 Ita
863 5603 999 5657 edit.
1035 5619 1258 5666 omnes,
1293 5619 1356 5658 ac
1387 5619 1529 5658 mss.
1566 5601 1716 5658 Vict.
1752 5609 1808 5661 et
1851 5605 2010 5662 Colb.
2058 5609 2169 5664 Alii

2298 5077 2407 5134 hoc
2437 5084 2545 5143 est,
2571 5079 2641 5134 iis
2671 5079 2770 5150 qui
2803 5080 2912 5134 sub
2943 5079 3067 5153 lege
3099 5089 3278 5149 sunt,
3307 5089 3562 5157 propter
3583 5095 3727 5156 quos
3745 5075 3918 5150 aposto-

2295 5165 2387 5222 lus
2423 5167 2545 5221 t‘cztit
2585 5185 2644 5222 se
2676 5185 2802 5222 esse
2835 5169 2944 5224 sub
2975 5168 3118 5242 lege,
3155 5187 3312 5228 cum
3348 5175 3468 5230 sub
3503 5173 3630 5245 lege
3662 5187 3768 5224 non
3794 5164 3918 5220 esset.

2293 5260 2358 5310 ut
2388 5273 2455 5312 ea
2486 5257 2586 5327 qui
2618 5257 2726 5312 sub
2757 5255 2882 5328 lege
2912 5263 3071 5326 sunt,
3101 5257 3529 5318 lucrifaceret.
3553 5261 3620 5318 Et
3648 5249 3913 5314 iterumd0'

2290 5348 2416 5398 ctor
2445 5345 2709 5415 gentium
2768 5345 2956 5401 factus
3005 5349 3112 5416 est,
3181 5353 3375 5420 quasi
3432 5354 3597 5408 esset
3651 5350 3770 5405 sine
3809 5343 3914 5409 lege:

2290 5435 2353 5488 ut
2381 5449 2480 5488 eos
2509 5433 2609 5504 qui
2639 5437 2807 5488 erant
2837 5433 2962 5505 sine
2993 5435 3136 5507 lege,
3176 5441 3543 5509 acquireret
3571 5437 3806 5494 Christe.
3828 5424 3911 5482 Pul-

2351 5609 2462 5686 (7Q)
2491 5608 2738 5686 Mulieri;
2768 5607 2969 5686 ﬂuitat,
3026 5610 3333 5670 nimirum
3399 5614 3801 5686 intelligibilis;
3845 5605 3913 5658 δοῖ

532 5671 983 5762 vagiquin‘que,
1033 5673 1123 5725 sed
1177 5687 1284 5726 non
1343 5675 1733 5731 intellexerunt
1780 5680 1907 5747 quia
1955 5690 2173 5736 curaret
2279 5671 2367 5735 est
2396 5671 2580 5750 plebis
2609 5671 2883 5747 Judaicae',
2920 5671 2983 5736 ut
3016 5698 3205 5753 supra
3268 5671 3626 5762 exponitur:

537 5737 774 5803 animas,
806 5737 915 5794 etc.
