4146 6190
297 366 456 436 1H3

1382 358 1840 434 ENARRA'I‘IO
1883 361 1962 430 IN
2003 360 2385 432 PSALMUM
2430 354 2637 433 XLIII.

3543 355 3702 424 li'ﬂ

291 505 434 566 chre
463 505 660 564 autem
692 496 774 561 ait
799 500 958 578 quod
989 498 1110 562 sine
1131 494 1261 578 lege
1290 497 1390 562 Dei
1422 519 1538 562 non
1577 504 1751 576 esset,
1783 505 1839 560 et
1887 500 1946 559 in
1975 503 2033 572 Α
2061 505 2294 561 raretur
2324 505 2382 562 in
2413 499 2681 578 posteris,
2713 500 2782 560 ut
2816 514 3015 559 semen
3065 498 3218 575 quod
3275 497 3364 558 lex
3417 511 3534 554 non
3563 490 3702 552 reli-

290 597 422 672 lege
448 593 666 654 Christi
697 597 1067 667 permaneret
1096 593 1148 667 (I
1175 591 1295 651 Cor.
1331 612 1407 661 1x,
1437 595 1550 666 21).

359 690 451 743 62.
489 687 604 743 Lex
632 687 829 740 autem
853 685 1170 756 Synagogze
1203 687 1377 754 caput
1410 700 1523 738 non
1556 701 1588 738 a
1620 680 1942 755 principio;

289 777 434 850 quia
463 774 731 831 Christus
763 776 888 828 erat
917 777 1092 845 caput
1122 772 1333 827 veteris
1383 773 1717 844 Synagogo'e,
1769 786 1945 842 quam

287 867 522 938 Moyses
554 862 819 918 fundavit
836 865 892 916 et
915 861 1196 916 condidit.
1213 861 1474 933 Denique
1496 860 1632 916 audi
1655 861 1943 916 dicentem

286 955 430 1026 quia
459 953 635 1008 verbo
663 949 896 1006 Domini
952 950 1198 1005 fundata
1256 953 1362 1006 est.
1397 973 1424 999 «
1459 949 1614 1017 Fide,
1652 971 1679 997 »
1730 949 1939 1021 inquit.

287 1067 316 1094 ‹‹
348 1045 579 1115 Moyses
610 1038 854 1112 grandis
890 1039 1080 1094 factus
1110 1039 1345 1117 negavit
1374 1056 1435 1095 se
1467 1055 1594 1094 esse
1625 1038 1944 1094 Pharaonis

287 1133 445 1204 regis
476 1132 782 1202 nepotem:
809 1127 1021 1183 maluit
1042 1127 1196 1183 enim
1216 1128 1446 1183 afﬂictis
1469 1126 1740 1199 compati,
1765 1143 1942 1198 quam

284 1217 718 1291 temporalibus
749 1216 1060 1272 delectari:
1094 1218 1462 1288 majeresque
1519 1216 1751 1272 divitias
1788 1215 1942 1271 testi-

287 1309 491 1377 mavit,
517 1310 576 1363 et
605 1305 865 1378 praetulit
894 1303 1191 1361 thesauris
1217 1305 1463 1378 Egypti,
1519 1304 1940 1376 improperium

287 1396 527 1455 Christi.
560 1394 896 1467 Aspiciebat
949 1395 1107 1450 enim
1167 1396 1492 1450 mercedem
1537 1393 1939 1465 repromissio-

288 1501 434 1540 num
464 1485 568 1540 Dei
601 1483 786 1554 (Hebr.
844 1501 922 1550 x1,
954 1485 1025 1537 24
1074 1485 1132 1537 et
1159 1483 1271 1554 26),
1301 1506 1327 1531 ››
1363 1499 1491 1554 quae
1546 1486 1636 1536 est
1687 1498 1937 1536 resurre-

289 1573 503 1630 ctionis
519 1572 729 1645 gratia.
765 1572 876 1627 Sed
903 1570 1004 1626 ubi
1030 1571 1583 1643 prepterperfidiam
1601 1571 1938 1626 Judaeorum

290 1667 592 1718 mortuum
624 1664 713 1716 est
743 1658 1079 1713 infidelibus
1140 1659 1240 1714 Dei
1291 1659 1572 1726 Verbum,
1622 1663 1678 1713 et
1730 1658 1941 1713 excidit

288 1748 625 1821 pectoribus
654 1746 1021 1812 Judeeerum;
1071 1745 1218 1818 legis
1276 1746 1560 1818 spiritalis
1607 1745 1938 1802 intellectus

287 1835 596 1932 occubuit,
620 1839 677 1889 et
706 1834 1240 1932 nupsit.Synagoga
1271 1834 1409 1889 ritui
1467 1833 1807 1932 corporalia
1835 1835 1936 1890 ob-
1967 1869 2013 1932 Β

280 1923 717 1994 servationique
738 1921 1003 1995 perﬁdiae.
1042 1923 1151 1978 Sed
1187 1940 1302 1979 non
1336 1923 1448 1978 fuit
1506 1922 1607 1978 illa
1655 1921 1938 1978 sobrietas

288 2011 646 2085 spiritalium
673 2011 1027 2081 nuptiarum,
1070 2011 1170 2065 sed
1225 2010 1582 2067 adulterium
1630 2010 1934 2066 castitatis.

292 2102 426 2157 Ideo
459 2101 767 2172 Synagoga
798 2098 977 2155 libera
1007 2114 1134 2155 esse
1166 2116 1284 2156 non
1327 2100 1537 2173 potuit,
1601 2116 1726 2171 qua
1787 2098 1938 2154 male

292 2191 445 2247 918
479 2191 778 2261 nupserat,
826 2192 882 2243 et
913 2205 1027 2243 non
1075 2189 1402 2246 crediderat
1453 2189 1937 2244 resurrectionem

290 2278 505 2336 Christi
541 2278 814 2333 futuram.
840 2276 1002 2332 Unde
1030 2277 1178 2332 bene
1210 2278 1261 2332 ei
1297 2277 1502 2350 nupsit
1530 2276 1808 2343 Ecclesia,
1842 2275 1934 2331 cui

295 2367 625 2423 secundum
655 2382 879 2422 sacram
911 2364 1410 2437 dispensationem
1457 2366 1779 2434 secundum
1812 2381 1935 2422 car-

297 2471 433 2511 nem
468 2459 731 2511 mortuus
762 2457 850 2510 est
880 2453 1146 2510 Christus
1179 2473 1192 2522 ;
1226 2460 1291 2510 ut
1340 2454 1438 2510 illa
1495 2455 1698 2511 Judaea
1742 2454 1937 2509 anima

297 2559 424 2614 qua;
460 2546 592 2598 ante
619 2543 804 2598 fuerat
831 2543 1012 2615 ligata
1043 2547 1299 2614 peccato,
1333 2560 1435 2615 per
1474 2546 1720 2598 mortem
1777 2541 1936 2597 Chri-

296 2630 372 2686 sti
402 2630 796 2687 absolveretur
824 2630 1054 2686 vinculo
1082 2631 1446 2687 delictorum.
1478 2631 1604 2687 Non
1652 2630 1751 2686 ubi
1799 2646 1934 2701 ergo

296 2719 511 2775 mulier
541 2719 704 2775 alteri
735 2719 877 2787 viro,
912 2719 1025 2775 nisi
1048 2725 1318 2776 mortuus
1333 2719 1506 2775 fuerit
1526 2720 1612 2774 vir
1637 2736 1805 2786 suus,
1826 2719 1934 2774 hoc

297 2813 406 2875 est,
441 2808 555 2863 nisi
587 2826 621 2864 a
652 2807 882 2864 vinculo
914 2808 1160 2882 legitimi
1192 2808 1408 2864 ameris
1441 2808 1614 2864 fuerit
1645 2807 1931 2863 absoluta.

295 2897 354 2953 Si
387 2901 583 2953 autem
618 2901 887 2954 mortuus
917 2899 1004 2952 vir
1042 2899 1171 2969 ejus
1203 2897 1654 2963 fuerit,liberata
1682 2900 1790 2952 est.

365 2988 454 3041 62.
485 2991 632 3043 Sane
665 2988 972 3044 tenebatur
1003 3004 1071 3043 ex
1100 2985 1246 3060 lege,
1279 2992 1345 3042 ut
1375 2986 1536 3042 fratri
1564 2985 1780 3058 proprii
1798 3001 1933 3041 cen-

287 3074 447 3147 jugis
480 3075 885 3147 copularetur;
921 3077 969 3132 si
1001 3093 1200 3132 semen
1232 3074 1464 3132 nullum
1495 3077 1742 3130 maritus
1772 3074 1820 3130 ei
1848 3091 1926 3130 re-

293 3162 560 3234 liquisset
586 3165 763 3234 (Deut.
798 3182 927 3234 xxv,
958 3164 1036 3234 5).
1070 3164 1232 3230 Quod
1253 3164 1549 3219 vinculum
1578 3165 1764 3236 magis
1801 3180 1932 3218 nec-

293 3250 450 3306 tebat
479 3251 877 3324 interpretatio
916 3251 1144 3317 litteras,
1179 3269 1356 3322 quam
1404 3247 1590 3324 gratia
1633 3251 1931 3322 spiritalis.
1967 3238 2009 3304 C

293 3338 550 3411 Denique
580 3340 832 3395 habebat
862 3340 924 3394 in
955 3338 1250 3394 voluntate
1281 3339 1458 3394 frater
1485 3339 1762 3405 defuncti,
1801 3341 1864 3391 ut
1886 3339 1934 3393 si

294 3425 494 3494 nollet,
528 3444 644 3483 non
675 3427 962 3500 acciperet
997 3426 1190 3482 fratris
1224 3443 1461 3481 uxorem
1494 3427 1563 3481 ad
1589 3441 1790 3480 semen
1838 3425 1934 3478 de-

301 3513 1002 3570 functiresuscitandum.
1036 3514 1199 3570 Unde
1246 3513 1705 3569 calceamentum
1762 3527 1934 3566 suum

297 3601 518 3658 solvere
541 3603 881 3673 jubebatur,
915 3606 980 3657 ut
1011 3605 1165 3658 esset
1187 3619 1220 3657 a
1240 3618 1389 3657 nexu
1411 3599 1631 3673 cepulae
1654 3600 1782 3669 ejus
1805 3615 1939 3653 exu-

294 3693 418 3759 tus,
451 3705 630 3760 quam
661 3691 810 3746 asui
867 3691 1058 3762 gratia
1113 3689 1466 3747 ostendisset
1523 3687 1795 3744 alienam.
1844 3687 1938 3741 Sic

297 3777 455 3832 enim
479 3777 764 3850 scriptum
784 3779 1039 3850 est,quia
1056 3803 1075 3828 ι
1100 3778 1358 3836 solvebat
1385 3775 1938 3832 vircalceamentum

298 3882 499 3932 suum,
531 3868 588 3922 et
617 3867 797 3922 dabat
827 3867 1088 3940 proxime
1121 3884 1228 3924 suo
1260 3866 1486 3922 dicens:
1548 3864 1665 3919 Hoc
1722 3863 1832 3918 erit
1881 3863 1938 3917 in

296 3954 703 4011 testimonium
736 3956 797 4011 in
830 3956 1026 4012 Israel.
1059 3958 1129 4014 Et
1157 3955 1382 4011 dicebat
1410 3953 1807 4026 prepinquus:
1835 3954 1938 4007 Ac-

298 4042 444 4116 cipe,
469 4048 524 4100 et
556 4044 793 4118 acquire
840 4045 945 4102 tibi
999 4050 1084 4101 tu.
1144 4047 1214 4101 Et
1273 4044 1525 4100 solvebat
1556 4042 1666 4114 (7|)
1717 4040 1941 4097 calcea-

299 4136 563 4188 mentum
596 4149 792 4190 suum.
827 4134 1107 4190 Dicebant
1137 4133 1310 4190 etiam
1339 4136 1600 4188 astantes
1627 4149 1638 4185 :
1667 4153 1694 4181 α
1721 4129 1940 4186 Dettibi

299 4219 583 4276 Dominus
617 4239 878 4290 uxorem,
913 4239 1038 4294 qua:
1071 4223 1251 4278 intrat
1280 4223 1520 4277 domum
1553 4223 1738 4284 tuam,
1791 4219 1944 4274 sicut

301 4310 512 4366 Rachel
543 4314 602 4366 et
631 4310 784 4366 sicut
844 4311 960 4378 Lia,
1023 4328 1148 4383 quae
1205 4311 1638 4365 eedificaverunt
1685 4312 1944 4380 utraeque

303 4399 543 4454 domum
577 4398 776 4467 Israel,
837 4403 892 4455 et
949 4399 1210 4455 fecerunt
1255 4399 1528 4453 virtutem
1588 4396 1646 4450 in
1690 4396 1944 4467 Ephrata

303 4485 485 4557 (Ruth.
521 4505 596 4554 ιν,
632 4488 739 4559 11).
779 4510 804 4536 ››
837 4488 944 4543 Sed
974 4487 1082 4543 hoc
1113 4504 1180 4544 ex
1210 4487 1412 4542 litterae
1469 4484 1942 4556 interpretatione

302 4575 570 4632 Judaeum
597 4575 840 4648 ligabat.
874 4577 1159 4667 Caeterum
1191 4575 1379 4667 figura
1409 4577 1550 4639 erat,
1584 4572 1738 4667 quod
1979 4603 2024 4667 Β

309 4669 432 4720 stus
453 4668 736 4722 venturus
769 4669 924 4722 esset
949 4664 1007 4721 in
1041 4669 1248 4736 terras,
1282 4662 1382 4736 qui
1442 4678 1641 4716 semen
1690 4660 1944 4716 defuncti
1979 4660 2002 4667 “’

308 4754 507 4826 pepuli
541 4753 938 4810 resuscitaret.
995 4752 1199 4810 Merito
1257 4750 1482 4807 fratris:
1540 4749 1677 4820 quia
1726 4749 1947 4805 dictum

305 4847 427 4899 est:
466 4867 492 4894 ι‹
525 4844 786 4900 Narrabo
820 4859 1034 4900 nomen
1065 4847 1234 4899 tuum
1270 4839 1547 4896 fratribus
1583 4837 1726 4893 meis
1775 4841 1945 4907 (Psat.

306 4948 422 5000 χχι,
476 4933 604 5005 23);
665 4936 768 5001 et;
808 4956 827 4980 ι
865 4933 1122 4998 Quorum
1202 4935 1418 5004 patres,
1478 4933 1534 4984 et
1591 4945 1655 4983 ex
1737 4928 1950 4999 quibus

307 5019 574 5077 Christus
634 5021 960 5077 secundum
1011 5037 1244 5077 carnem
1294 5020 1468 5090 (Rom.
1551 5034 1623 5085 ix,
1675 5016 1750 5087 5).
1790 5038 1817 5065 ››
1853 5017 1950 5073 Vel

309 5109 445 5180 quia
474 5109 852 5183 Evangelium
886 5111 1171 5166 defunctae
1194 5108 1340 5182 legis
1366 5106 1789 5177 reparationem
1817 5123 1949 5176 epe-

379 5253 498 5322 (71)
529 5253 696 5307 Rom.
734 5251 870 5306 edit.
928 5251 1072 5319 sola,
1128 5254 1177 5305 et
1219 5249 1464 5304 dicebat:
1498 5248 1709 5322 Accipe,
1742 5255 1819 5322 “et
1868 5265 1954 5302 ac-

309 5319 554 5394 quire'tu
583 5325 688 5378 tibi
713 5323 1184 5394 propinquitatem
1211 5336 1423 5394 meam;
1459 5327 1510 5373 et
1539 5319 1636 5373 hoc
1666 5319 1770 5373 erit
1798 5321 1854 5372 in
1878 5323 1952 5375 te-

307 5393 629 5450 stimonium
655 5393 725 5447 z'n’
745 5393 938 5448 IsraetI
970 5395 1036 5447 Et
1064 5393 1315 5455 sotrebat,
1343 5395 1453 5445 etc.

381 5465 495 5536 (22)
522 5464 631 5518 Vix
663 5465 1011 5520 adducimur
1059 5468 1126 5519 ut
1165 5463 1488 5536 credamus
1521 5469 1792 5536 ἀλάλᾳγμα
1858 5481 1951 5536 ge-

311 5533 561 5589 nuinum
593 5551 758 5602 esse;
791 5540 918 5590 tum
965 5535 1118 5606 quod
1164 5534 1390 5606 legatur
1447 5535 1504 5590 in
1569 5533 1728 5606 LXX,
1764 5533 1954 5604 κίννζσιν

310 5612 528 5679 κιφᾳλῆς
560 5612 610 5660 ἐν
638 5614 734 5679 τοῖς
763 5613 932 5674 λαοῖς;
981 5605 1118 5663 tum
1172 5605 1325 5679 quod
1375 5622 1442 5662 ea
1498 5623 1622 5679 vox,
1658 5605 1729 5660 ab
1806 5609 1955 5667 atem

311 5676 524 5747 ent/ciu,
556 5680 613 5732 et
660 5676 1037 5748 atesanm'tem,
1098 5682 1164 5736 ut
1189 5676 1483 5751 ‘corrupte
1531 5678 1750 5736 habent
1806 5696 1949 5740 mss.

2057 599 2286 668 querat,
2317 594 2612 668 Evangelii
2653 598 2820 651 tener
2841 591 3236 649 resuscitaret.

2124 686 2215 740 64.
2247 685 2373 741 Non
2396 685 2612 740 mirum
2640 698 2776 755 ergo
2808 681 2855 737 si
2888 684 3062 753 caput
3091 696 3266 737 suum
3299 693 3478 751 prava
3519 673 3706 729 inter-

2056 775 2378 845 pretatione
2407 776 2729 838 moverunt,
2762 775 2828 826 ut
2856 770 2967 842 ipsi
2995 787 3029 824 a
3085 786 3145 825 se
3172 766 3561 825 deturbarent
3611 779 3708 819 sa-

2054 862 2357 934 pientiam,
2379 880 2497 919 suae
2529 861 2735 918 salutis
2757 863 3085 915 auctorem:
3111 861 3212 913 aut
3234 859 3393 913 certe
3413 852 3706 910 movendo

2054 957 2229 1024 caput
2255 970 2451 1019 suum,
2485 967 2661 1006 causa
2690 950 2851 1004 ﬁeret
2880 945 3292 1003 commotionis
3327 942 3539 1016 capitis
3592 958 3712 999 non

2052 1043 2276 1112 paucis,
2304 1043 2403 1096 sed
2439 1035 2688 1112 populis.
2722 1037 3044 1093 Commotio
3102 1036 3226 1090 haec
3284 1032 3499 1105 capitis
3557 1031 3718 1090 facta

2053 1133 2170 1185 est:
2204 1128 2677 1201 quandoquidem
2709 1127 2766 1181 in
2801 1142 3033 1181 omnem
3063 1129 3286 1180 terram
3319 1120 3500 1178 exivit
3527 1137 3718 1180 sonus

2052 1234 2276 1286 eorum,
2311 1221 2374 1272 ut
2404 1218 2567 1272 ﬁeret
2597 1215 2787 1272 omnis
2834 1219 2989 1270 terra
3025 1213 3287 1278 Domini,
3347 1215 3406 1266 et
3459 1227 3715 1284 regnum

2052 1307 2284 1362 Domini
2314 1311 2468 1361 esset
2495 1304 2554 1360 in
2581 1305 2935 1360 nationibus.
2969 1303 3133 1359 Unde
3163 1306 3222 1357 et
3254 1302 3318 1356 in
3373 1300 3714 1372 posteriori-

2051 1396 2164 1451 bus
2193 1396 2365 1450 dicit:
2404 1415 2432 1444 «
2459 1393 2738 1449 Dominus
2770 1394 3048 1465 regnavit,
3074 1393 3422 1447 irascantur
3469 1391 3713 1463 populi:

2050 1484 2150 1556 qui
2182 1485 2348 1539 sedes
2382 1499 2558 1553 super
2586 1482 2916 1549 Cherubim,
2973 1484 3283 1536 moveatur
3347 1481 3506 1534 terra
3536 1480 3711 1552 (Psat.

2048 1590 2244 1637 xcvm,
2280 1572 2354 1640 1).
2393 1593 2412 1619 υ
2451 1572 2611 1636 Quod
2643 1570 2884 1643 pulchre
2915 1569 3125 1642 Aquila
3147 1569 3576 1640 interpretatus
3619 1575 3713 1627 est

2050 1668 2116 1716 ut
2146 1669 2415 1730 ἀλάλαγμα
2460 1660 2570 1731 (72)
2614 1661 2850 1729 diceret,
2909 1660 3018 1715 hoc
3074 1663 3182 1724 est,
3247 1659 3712 1716 transmutatio-

2049 1766 2207 1816 nem,
2243 1765 2370 1820 quae
2397 1752 2484 1803 est
2511 1748 2581 1804 de
2604 1748 2726 1804 loco
2759 1749 2830 1803 ad
2862 1748 3077 1815 locum,
3111 1748 3182 1801 de
3198 1748 3409 1802 Iudaea
3433 1749 3504 1804 ad
3529 1765 3713 1822 popu-

2045 1837 2136 1893 los
2170 1836 2495 1891 nationum.
2530 1838 2690 1902 Quod
2723 1853 2790 1892 ex
2819 1853 2886 1891 ea
2915 1835 3159 1890 lectione
3190 1852 3322 1906 quae
3356 1835 3418 1890 in
3451 1835 3712 1910 Evange-

2047 1925 2126 1980 lie
2161 1928 2270 1991 est,
2310 1923 2530 1997 liquido
2553 1925 2766 1996 poterit
2788 1924 3171 1991 manifestari,
3193 1925 3712 1996 quemadmodum

2049 2013 2141 2069 lex
2170 2014 2329 2067 meta
2352 2013 2446 2080 sit,
2472 2012 2696 2068 dicente
2724 2013 3053 2084 Scriptura:
3089 2035 3116 2061 ‹‹
3149 2016 3342 2084 Super
3363 2013 3708 2070 cathedram

2049 2100 2270 2173 Moysis
2301 2101 2576 2157 sederunt
2604 2101 2815 2156 Scriba:
2855 2104 2911 2154 et
2942 2099 3238 2155 Pharisaei.
3300 2101 3518 2157 Omnia
3563 2117 3703 2172 ergo

2047 2207 2182 2262 quae
2238 2189 2441 2245 dicunt
2493 2190 2677 2256 vobis,
2737 2191 2958 2244 servate
3010 2191 3066 2242 et
3114 2187 3321 2243 facite:
3376 2190 3706 2245 secundum

2047 2293 2225 2351 opera
2254 2294 2452 2333 eorum
2485 2278 2660 2334 nolite
2693 2278 2911 2342 facere;
2945 2293 3070 2347 quae
3102 2276 3264 2332 enim
3296 2276 3525 2346 dicunt,
3586 2294 3706 2333 non

2045 2365 2292 2424 faciunt.
2325 2366 2579 2439 Alligant
2608 2371 2802 2422 autem
2834 2381 3011 2421 onera
3040 2365 3264 2436 gravia,
3298 2370 3356 2421 et
3386 2366 3706 2438 imponunt

2045 2473 2228 2529 super
2257 2456 2532 2512 humeros
2563 2455 2870 2511 hominum
2901 2472 2914 2509 :
2948 2453 3059 2525 ipsi
3091 2458 3291 2510 autem
3353 2455 3537 2528 digito
3595 2471 3704 2511 suo

2044 2545 2259 2602 nolunt
2279 2561 2345 2600 ea
2377 2560 2622 2600 movere.
2657 2543 2866 2599 Omnia
2886 2546 3081 2597 autem
3107 2542 3355 2610 faciunt,
3379 2549 3445 2600 ut
3463 2544 3703 2600 videan-

2045 2639 2146 2691 tur
2176 2635 2248 2690 ab
2273 2633 2616 2689 hominibus
2647 2632 2850 2701 (Matth.
2885 2648 3046 2697 xxm,
3079 2632 3224 2703 2-5).
3263 2653 3292 2682 »

2115 2724 2204 2777 65.
2241 2722 2387 2788 Quid
2415 2727 2523 2788 est,
2558 2745 2584 2771 ‹‹
2617 2721 2870 2776 sederunt
2918 2719 3145 2788 Scribere,
3186 2743 3215 2768 »
3247 2719 3363 2776 nisi
3423 2719 3564 2791 quia
3600 2719 3702 2775 lit-

2043 2815 2170 2867 tera
2198 2810 2512 2866 scribitur?
2535 2811 2690 2865 unde
2729 2813 2784 2864 et
2813 2819 3117 2881 γραμματεῑς
3176 2807 3375 2864 Graece
3423 2808 3702 2865 dicuntur

2044 2899 2280 2967 Scriba},
2314 2899 2520 2954 litterae
2554 2901 2708 2954 914
2767 2900 3080 2970 sequentes
3127 2896 3696 2969 interpretationem,

2045 3006 2161 3044 non
2193 2987 2436 3060 spiritus
2460 2987 2855 3053 intellectum;
2879 2986 3073 3042 littera
3100 2989 3299 3042 autem
3322 2986 3550 3043 occidit.
3578 2986 3700 3044 Lit-

2042 3082 2228 3133 teram
2261 3093 2396 3148 ergo
2427 3078 2786 3132 occidentem
2819 3078 3151 3146 sequentes,
3203 3078 3261 3131 et
3289 3075 3420 3148 ipsa
3475 3075 3697 3149 apella-

2042 3167 2200 3221 tione
2230 3170 2570 3221 resonantes
2603 3165 2845 3221 Scribee:
2881 3163 3156 3219 Pharisaei
3188 3168 3385 3220 autem
3411 3164 3695 3232 sunt,hoc

2047 3259 2155 3317 est,
2190 3253 2289 3325 qui
2317 3270 2350 3306 a
2379 3254 2638 3310 veritatis
2669 3253 2893 3308 unitate
2914 3251 3083 3307 divisi
3107 3257 3279 3321 sunt;
3306 3253 3518 3325 phares
3535 3253 3692 3310 enim

2045 3341 2463 3412 interpretatur
2484 3343 2709 3398 divisio.
2745 3341 3020 3396 Dividunt
3044 3345 3243 3397 autem
3275 3341 3552 3398 Pharisaei
3584 3342 3694 3398 hoc

2045 3445 2256 3500 genere
2285 3430 2458 3486 verba
2486 3431 2653 3503 legis,
2677 3435 2742 3484 ut
2765 3433 3056 3498 resonent,
3082 3433 3138 3484 et
3166 3429 3228 3485 in
3255 3430 3386 3502 ipsa
3406 3431 3690 3487 mediten-

2046 3519 2162 3584 tur,
2195 3515 2475 3586 spiritalis
2528 3524 2722 3574 autem
2757 3518 3033 3590 mysteria
3061 3518 3208 3590 legis
3239 3523 3296 3575 et
3327 3523 3695 3576 sacramenta

2048 3619 2163 3658 non
2195 3603 2447 3659 videant.
2482 3605 2626 3660 Nam
2651 3605 2697 3660 si
2731 3604 2823 3659 lex
2853 3605 3136 3676 spiritalis
3167 3611 3274 3674 est,
3309 3608 3514 3679 utique
3544 3624 3693 3680 prae-

2049 3696 2216 3763 cepta
2245 3690 2390 3763 legis
2421 3697 2561 3747 sunt
2591 3692 2899 3763 spiritalia:
2935 3697 2990 3747 et
3010 3710 3186 3765 opera
3215 3696 3345 3765 ejus
3406 3695 3697 3768 spiritalia

2047 3784 2204 3837 sunt.
2238 3780 2517 3836 Docentes
2544 3797 2680 3853 ergo
2733 3797 2862 3850 quae
2913 3780 3140 3852 Moyses
3198 3782 3457 3854 scripsit,
3515 3799 3696 3838 onera

2049 3869 2246 3943 gravia
2276 3869 2461 3941 ligant
2488 3868 2889 3942 corporalibus
2920 3867 3066 3940 legis
3099 3869 3323 3940 (gravia
3362 3874 3506 3925 sunt
3534 3868 3694 3925 enim

2051 3976 2176 4030 qua:
2210 3959 2503 4014 contraria
2527 3960 2670 4031 jugo
2701 3957 2916 4014 Christi
2949 3957 3110 4029 sunt)
3143 3961 3202 4014 et
3231 3975 3334 4030 per
3366 3955 3694 4012 doctrinam

2053 4065 2219 4103 suam
2252 4047 2478 4103 deviam
2510 4045 2709 4121 gravia
2739 4063 2916 4102 onera
2946 4046 3262 4118 imponunt
3291 4045 3536 4102 auribus
3593 4061 3700 4100 au-

2053 4137 2363 4204 dientium,
2398 4154 2524 4208 quae
2559 4135 2668 4208 ipsi
2700 4152 2772 4191 ne
2801 4139 3028 4190 tantum
3064 4134 3303 4206 quidem
3333 4133 3539 4191 volunt
3568 4149 3699 4190 mo-

2053 4242 2206 4292 vere,
2239 4229 2296 4281 et
2328 4224 2726 4298 corporalibus
2757 4224 2903 4296 legis
2934 4225 3004 4280 ad
3055 4224 3344 4295 spiritalia
3371 4222 3703 4297 (Scriptura

2053 4315 2229 4371 verba
2259 4319 2680 4370 cemmoveant.
2734 4312 2824 4368 Sic
2888 4313 3045 4368 enim
3103 4311 3550 4385 intelligendum
3594 4315 3702 4378 est,

2055 4405 2195 4476 quia
2227 4404 2408 4477 digito
2440 4420 2546 4458 suo
2578 4401 2786 4457 nolunt
2843 4417 3073 4456 movere
3132 4399 3252 4467 illa,
3284 4400 3394 4457 hoc
3441 4403 3550 4468 est,
3601 4415 3708 4455 nec

2055 4494 2262 4566 exiguo
2284 4497 2498 4564 puncto
2531 4494 2704 4561 atque
2725 4495 3018 4545 momento
3041 4489 3406 4544 transferunt
3427 4504 3490 4544 se
3520 4488 3590 4544 ad
3618 4488 3707 4543 in-

2055 4581 2437 4654 telligentiam
2471 4578 2818 4652 spiritalem.
2858 4579 2999 4633 llinc
3031 4582 3119 4634 est
3148 4583 3205 4634 et
3228 4577 3396 4645 illud,
3432 4593 3545 4649 quo
3563 4577 3706 4632 scri-

2057 4676 2222 4744 ptum
2255 4676 2376 4725 est:
2415 4692 2439 4718 ‹‹
2473 4669 2632 4735 Quod
2656 4669 2701 4722 si
2739 4669 2794 4722 in
2825 4668 3006 4740 digito
3023 4667 3124 4723 Dei
3158 4683 3263 4740 ego
3295 4665 3460 4738 ejicie
3487 4667 3707 4721 daemo-

2061 4759 2158 4814 nia
2188 4761 2334 4831 (Luc.
2372 4777 2448 4823 ix,
2482 4759 2592 4826 20),
2632 4779 2657 4806 ››
2690 4757 2834 4820 Quid
2870 4758 2947 4813 sit
3000 4757 3241 4829 digitus,
3292 4756 3710 4824 interpretatur

2062 4849 2190 4919 ipsa
2211 4847 2531 4917 Scriptura,
2567 4864 2693 4918 quae
2726 4846 2865 4901 dicit
2913 4847 2970 4901 in
2997 4845 3112 4901 alio
3167 4844 3316 4898 libre
3375 4835 3703 4910 Evangelii;

2065 4962 2089 4987 ‹‹
2122 4937 2279 5000 Quod
2311 4936 2358 4991 si
2392 4935 2448 4990 in
2482 4936 2703 5007 Spiritu
2736 4936 2837 4991 Dei
2869 4953 2974 5007 ego
3000 4933 3166 5004 ejicio
3189 4930 3477 4987 daemonia
3501 4927 3709 5000 (Matth.

2064 5044 2166 5093 x11,
2197 5029 2309 5094 '28).
2347 5049 2374 5073 ››
2399 5025 2628 5098 Digitus
2661 5042 2796 5097 ergo
2829 5024 2944 5089 Dei,
2978 5021 3230 5094 Spiritus
3261 5018 3383 5085 Dei,
3406 5021 3532 5086 est;
3557 5021 3712 5074 Deus

2064 5115 2216 5169 enim
2251 5113 2500 5186 Spiritus
2533 5119 2644 5180 est,
2675 5119 2729 5168 et
2760 5110 2904 5166 nihil
2937 5110 3113 5165 habet
3136 5109 3195 5163 in
3227 5125 3336 5164 sua
3377 5106 3713 5162 substantia

2064 5255 2411 5328 longissime
2442 5254 2769 5309 abhorreat.
2800 5251 3236 5328 Conjiceremus
3256 5246 3545 5328 libentius
3568 5248 3708 5328 scri-

2066 5320 2230 5399 ptuih
2321 5327 2521 5399 furiSSC,
2553 5332 2768 5399 κεφαλῆς
2799 5332 3005 5399 xiv-new,
3091 5322 3192 5399 vel.
3232 5320 3470 5399 potius,
3501 5326 3708 5399 ἀᾈλοίω-

2065 5390 2140 5458 inv
2175 5423 2185 5455 :
2224 5390 2672 5470 przecipueleuni
2732 5394 2942 5470 Aquila
2991 5390 3164 5470 verbo
3198 5390 3383 5470 eidem
3431 5390 3559 5470 voci
3608 5407 3709 5470 eo:

2064 5463 2238 5541 gnate
2270 5471 2325 5522 in
2358 5463 2485 5538 ipso
2519 5467 2697 5541 hujus
2727 5463 2938 5541 psalmi
2972 5465 3140 5520 titulo
3172 5481 3316 5520 usus
3357 5465 3554 5533 fuerit,
3603 5463 3704 5518 ubi

2063 5537 2290 5598 Nobilio
2347 5537 2510 5602 teste,
2573 5538 2652 5591 ita
2727 5537 3050 5607 legebatur,
3082 5545 3160 5593 δτε
3191 5543 3436 5605 ἡλλοίωσε
3465 5544 3520 5592 τὸ
3547 5545 3706 5605 γεῦμα

2066 5621 2213 5670 αὐτοῦ
2245 5620 2306 5674 εἰς
2339 5617 2610 5681 πρόσωπον⁹
2639 5611 3027 5680 Αδιμέλεχ,ὒῐο.
