4146 6190
309 409 464 476 11³7⁸1

1401 398 1853 466 ENARRATIO
1895 399 1974 464 IN
2021 401 2403 470 PSALMUM
2450 408 2659 473 XLIII.

3566 403 3720 468 1178

307 543 359 602 si
388 540 553 600 verbi
583 535 775 616 gratia
804 536 866 594 in
898 534 1303 611 persecutione
1331 533 1420 592 lex
1450 535 1543 604 sit,
1577 539 1641 592 ut
1696 534 1956 591 verbere-
1988 537 2043 603 Α
2073 536 2355 609 minatur,
2389 541 2490 615 qui
2522 540 2738 600 oblitus
2765 556 2878 598 non
2911 541 2998 596 est
3031 534 3128 596 Dei
3163 535 3290 596 sui:
3326 534 3558 594 illorum
3582 555 3717 595 con-

305 637 408 690 tur
438 630 833 694 Christianus,
869 629 936 682 ut
964 624 1311 698 dignitatem
1360 625 1613 692 amittat,
1661 629 1728 681 ut
1775 641 1969 694 careat

303 721 612 796 privilegio
652 719 784 791 (Ἠ),
811 721 886 786 ut
916 715 976 769 in
1007 713 1243 769 vincula
1272 715 1540 770 ducatur.
1593 715 1722 769 Haec
1767 714 1966 786 utique

303 809 595 876 confusio,
629 805 735 864 etsi
769 802 1144 876 privilegium
1177 819 1292 858 non
1309 803 1687 874 habet,habet
1715 802 1962 876 gloriam

303 893 866 972 pinaconfessiouis.
915 892 1017 946 Est
1057 896 1254 946 autem
1304 896 1362 947 et
1408 891 1621 948 Christi
1672 891 1961 956 confusio,

305 988 466 1045 sicut
493 977 618 1058 ipse
666 983 782 1039 ait:
818 1004 846 1030 ‹‹
898 980 1008 1046 Qui
1059 996 1153 1035 me
1203 980 1485 1036 confusus
1535 981 1711 1036 fuerit
1757 997 1965 1036 coranr

305 1075 671 1139 hominibus,
706 1070 1066 1126 confundam
1117 1074 1174 1124 et
1219 1085 1324 1140 ego
1373 1085 1507 1124 eum
1551 1085 1746 1125 coram
1799 1070 1964 1124 Patre

306 1163 567 1234 meo,qui
591 1162 648 1218 in
672 1159 832 1216 caelis
854 1162 944 1215 est
964 1157 1384 1230 (Matth.x,33).-
1412 1158 1570 1213 Bona
1590 1175 1724 1231 ergo
1757 1159 1962 1214 confu-

304 1251 410 1319 sio,
421 1249 722 1322 plerisque
736 1253 931 1304 tamen
947 1247 980 1300 h
992 1245 1292 1317 ujusmodi
1308 1246 1570 1302 confusio
1582 1246 1794 1302 Christi
1811 1263 1966 1301 ama-

305 1338 609 1404 raest,hoc
631 1341 863 1404 est,non
883 1335 1927 1404 credentibus,jucundacredentibus
1949 1377 1960 1388 .

376 1427 469 1481 69.
533 1425 719 1496 (Vers.
791 1425 896 1496 l7.)
955 1423 1085 1479 Sive
1147 1439 1284 1495 ergo
1348 1422 1489 1478 velis
1556 1424 1958 1479 confusionem

307 1513 522 1570 Christi
547 1512 813 1585 intellige
843 1513 903 1566 in
936 1528 1169 1567 crucem
1203 1512 1352 1582 ejus,
1387 1528 1514 1583 quae
1551 1511 1768 1568 Judaeis
1801 1512 1964 1568 vide-

309 1603 486 1658 batur
540 1591 668 1664 esse
701 1599 1014 1666 confusio,
1076 1599 1177 1671 qui
1233 1597 1602 1654 insultabant
1641 1601 1732 1674 ei,
1793 1599 1964 1672 quasi

307 1691 680 1758 erubesceret
708 1687 975 1752 Christus
1004 1687 1065 1741 in
1097 1703 1164 1742 eo
1196 1703 1389 1759 opere,
1422 1687 1480 1741 in
1522 1704 1634 1758 quo
1667 1688 1963 1760 publicam

308 1777 666 1850 operabatur
696 1775 942 1830 salutem
971 1790 982 1829 :
1017 1774 1136 1829 sive
1166 1775 1343 1844 etiam
1377 1773 1527 1829 hanc
1559 1776 1963 1832 confusionem

309 1859 440 1938 qua:
499 1863 686 1936 ingeri
729 1863 1052 1929 videbatur,

309 1943 708 2024 obloquentis,
738 1967 771 2004 a
802 1951 943 2016 lacie
972 1950 1195 2022 inimici
1229 1954 1286 2006 et
1317 1952 1742 2023 persequentis.
1773 1975 1800 2001 »
1822 1953 1966 2007 Eru-

312 2029 588 2105 bescebat
615 2037 766 2094 enim
801 2038 884 2092 sic
908 2038 1146 2114 lapsum
1197 2054 1328 2094 esse
1377 2039 1631 2096 electum
1679 2039 1964 2112 populum

311 2117 487 2188 suum
504 2132 562 2184 et
582 2119 1046 2193 confundebatur
1062 2126 1120 2181 in
1146 2144 1247 2182 eos
1269 2129 1430 2200 apud
1456 2129 1968 2200 Patrem,quorum

307 2219 446 2275 ﬁnis
476 2217 826 2282 advenerat;
855 2231 1112 2286 praesens
1141 2215 1301 2271 enim
1335 2223 1468 2273 erat
1511 2217 1655 2273 Filio
1701 2217 1896 2283 Pater,
1930 2236 1964 2272 υ.

311 2324 428 2380 quo
457 2320 755 2376 nunquam
786 2307 972 2378 potest
1003 2303 1182 2381 Filius
1212 2307 1510 2377 separari.
1547 2306 1612 2361 Et
1641 2305 1768 2360 ideo
1803 2305 1971 2360 Pater

312 2392 588 2452 audiebat
617 2391 896 2448 dicentem
927 2390 1144 2447 Judaeis
1170 2409 1218 2448 :«
1241 2393 1391 2451 Ecce
1418 2394 1790 2466 relinquetur
1805 2393 1970 2448 vobis

314 2485 527 2552 domus
551 2485 742 2538 vestra
777 2481 998 2536 deserta
1028 2481 1234 2552 (Matth.
1267 2499 1362 2549 xx,
1400 2486 1527 2556 38).
1562 2505 1590 2532 »

387 2572 479 2626 70.
512 2572 662 2642 Sunt
690 2573 877 2625 autem
935 2569 1035 2641 qui
1091 2569 1264 2624 etiam
1321 2570 1391 2627 in
1459 2570 1803 2628 confusione
1862 2587 1974 2625 sua

323 2661 670 2736 gloriantur,
710 2657 858 2713 sicut
901 2657 985 2713 illi
1033 2657 1101 2713 de
1150 2658 1368 2731 quibus
1419 2661 1574 2718 dicit
1620 2657 1968 2731 Apostolus:

326 2774 354 2801 ‹‹
387 2749 533 2820 Quia
548 2747 733 2822 gloria
747 2764 944 2804 eorum
963 2747 1024 2802 in
1043 2747 1383 2805 confusione
1406 2752 1680 2823 ipsorum
1706 2749 1974 2819 (Philipp,

329 2857 412 2907 ιιι,
450 2837 558 2910 19),
592 2858 625 2910 ››⁴
643 2836 868 2914 quibus
897 2837 1187 2914 contraria
1215 2840 1304 2891 est
1345 2838 1542 2916 gloria
1589 2835 1823 2906 Christi,
1873 2838 1976 2908 qui

330 2943 563 3000 crucem
594 2925 872 2997 suscepit,
906 2941 1011 2981 nec
1050 2925 1454 2982 confusionem
1505 2925 1742 2998 refugit,
1797 2941 1976 2996 quam

337 3033 444 3074 nos
475 3031 708 3090 quoque
738 3013 980 3069 minime
1003 3013 1207 3070 timere
1258 3013 1570 3092 debemus,
1619 3030 1725 3069 nec
1772 3013 1976 3069 formi-

338 3101 474 3160 dine
518 3107 619 3161 aut
672 3103 907 3158 fastidio
955 3102 1269 3178 declinare,
1317 3120 1388 3158 ue
1434 3107 1741 3176 peccatum
1800 3120 1980 3175 supra

338 3209 448 3250 nos
478 3193 748 3259 adducat,
782 3208 908 3263 quae
946 3194 1137 3262 potest
1187 3192 1474 3247 adducere
1521 3191 1770 3264 gratiam
1823 3192 1972 3247 vitae.

2076 626 2621 706 funditur,quorum
2651 630 2949 703 ingenium
2981 628 3192 701 caligat
3212 633 3385 699 atque
3415 628 3718 700 perturbat

2077 719 2402 774 recordatio
2433 720 2797 775 delictorum.

2145 807 2234 860 71.
2270 807 2454 876 (Vers.
2489 809 2575 875 18,
2608 808 2696 875 19,
2728 807 2842 878 20.)
2875 807 2944 861 Et
2975 807 3102 861 ideo
3151 807 3293 861 bene
3341 804 3450 860 sibi
3504 801 3719 859 conscii

2077 893 2315 950 dicunt:
2351 919 2377 943 ‹‹
2413 896 2541 950 Haec
2572 896 2768 950 omnia
2796 899 3079 949 venerunt
3105 910 3280 964 super
3310 909 3435 957 nos,
3470 897 3527 948 et
3555 890 3716 947 obliti

2077 999 2190 1037 non
2225 1000 2433 1039 sumus
2465 989 2538 1052 te,
2575 987 2630 1039 et
2660 983 2858 1054 inique
2890 1000 3005 1037 non
3039 983 3267 1054 egimus
3290 981 3349 1035 in
3370 985 3720 1036 testamento

2074 1073 2270 1126 tuo.Et
2291 1089 2405 1128 non
2431 1073 2669 1128 recessit
2695 1077 2848 1127 retro
2870 1088 2968 1126 cor
2990 1078 3256 1126 nostrum
3289 1089 3300 1124 :
3326 1074 3383 1124 et
3412 1068 3722 1124 declinasti

2076 1160 2317 1217 semitas
2363 1165 2594 1216 nostras
2645 1162 2714 1216 de
2746 1161 2833 1215 via
2877 1166 2998 1214 tua.
3039 1183 3064 1206 ››
3114 1159 3351 1214 Videtur
3401 1156 3727 1212 versiculus

2075 1248 2320 1304 ultimus
2352 1267 2466 1304 non
2515 1250 2867 1304 concordare
2916 1247 3336 1320 superioribus.
3391 1247 3538 1301 Nam
3583 1262 3728 1317 quo-

2075 1338 2245 1392 modo
2277 1336 2649 1392 declinarunt
2678 1338 2738 1403 ii,
2773 1337 2990 1408 quibus
3021 1335 3342 1390 divinitatis
3373 1333 3536 1389 nulla
3568 1335 3731 1389 obre-

2074 1425 2191 1496 psit
2219 1425 2563 1491 oblivio,nec
2595 1425 2844 1496 alicujus
2876 1424 3205 1496 iniquitatis
3239 1423 3731 1487 conscientia,nec

2074 1513 2195 1568 ulla
2239 1513 2512 1569 desidia?
2559 1515 2668 1569 Sed
2721 1515 2767 1568 si
2822 1514 3158 1570 consideres
3209 1514 3346 1584 quia
3383 1513 3592 1584 justus
3640 1511 3732 1566 vix

2074 1601 2270 1657 salvus
2302 1602 2387 1667 fit,
2421 1601 2696 1674 intelligis
2726 1604 2980 1673 profecto
3011 1607 3067 1656 et
3089 1601 3277 1672 ipsius
3299 1617 3730 1671 nonnunquam

2075 1690 2330 1744 titubare
2359 1690 2622 1762 vestigia,
2653 1695 2711 1745 et
2742 1695 3039 1745 auctorem
3083 1687 3496 1744 declinationis
3529 1685 3732 1744 eorum

2073 1782 2256 1832 Deum
2283 1776 2463 1832 videri
2493 1797 2505 1842 ;
2541 1778 2678 1849 quia
2710 1777 2834 1849 ipse
2868 1794 3100 1849 quoque
3125 1778 3558 1848 patiturjustos
3583 1793 3734 1849 saepe

1105 1885 1144 1961 «oi
1184 1880 1218 1962 a
1264 1879 1404 1965 voce
1453 1863 1861 1965 exprobranti:
1907 1869 1965 1920 et
1996 1901 2043 1965 B
2073 1865 2440 1965 tentari,quo
2473 1867 2660 1938 magis
2696 1867 3014 1965 pr‘obe‘ntur
3042 1865 3464 1920 tentationibus
3497 1865 3733 1965 eruditi.

2077 1953 2218 2017 Quis
2250 1958 2338 2008 est
2370 1960 2565 2010 autem
2598 1959 2719 2009 tam
2754 1953 2940 2021 fortis,
2977 1959 3040 2008 ut
3082 1969 3455 2024 nequaquam
3497 1953 3556 2010 in
3610 1958 3736 2009 ten-

2076 2039 2296 2096 tatione
2329 2048 2649 2112 moveatur,
2686 2042 2812 2096 nisi
2830 2041 3113 2096 Dominus
3145 2042 3382 2111 adjutor
3413 2042 3463 2097 ei
3492 2043 3737 2098 assistat

2079 2129 2340 2201 Denique
2372 2132 2755 2187 conturbatus
2786 2134 2876 2184 est
2904 2135 2962 2184 et
2989 2130 3113 2201 ipse
3149 2130 3344 2196 David,
3402 2131 3545 2200 quia
3593 2130 3740 2184 dixit

2079 2221 2139 2274 in
2172 2235 2280 2273 sua
2307 2220 2698 2276 abundantia:
2753 2242 2778 2267 ‹‹
2828 2219 2950 2273 Non
3007 2217 3284 2273 movebor
3337 2217 3396 2272 in
3449 2223 3739 2273 aeternum

2082 2307 2194 2378 (Ps.
2229 2325 2387 2377 XXIX,
2418 2310 2471 2378 7)
2510 2333 2556 2362 ››.
2594 2314 2698 2361 Aul
2738 2307 2870 2378 quis
2901 2311 2988 2361 est
3019 2306 3110 2361 ille
3144 2323 3318 2378 quem
3371 2306 3538 2364 locus
3585 2307 3742 2362 afﬂi-

2083 2395 2376 2463 ctationis,
2425 2402 2482 2453 et
2535 2402 2698 2451 terra:
2749 2394 3078 2467 corruptela
3134 2411 3252 2450 non
3303 2400 3553 2462 moveat,
3605 2391 3739 2450 cum

2085 2483 2282 2540 divina
2330 2486 2620 2542 sententia
2679 2483 2972 2540 neminem
3021 2484 3329 2554 exceperit,
3384 2484 3489 2554 qui
3539 2483 3616 2538 sit
3668 2483 3741 2538 ab

2085 2573 2358 2629 exercitio
2389 2579 2445 2630 et
2473 2592 2506 2629 a
2538 2571 2874 2644 fatigatione
2901 2576 3066 2626 terra:
3090 2571 3272 2640 hujus
3303 2572 3612 2638 immunis,
3650 2569 3742 2642 cui

2085 2661 2303 2717 dictum
2337 2667 2459 2719 est:
2493 2685 2520 2712 «
2556 2661 2862 2716 Maledicta
2901 2665 3056 2716 terra
3107 2660 3165 2714 in
3225 2660 3506 2715 omnibus
3554 2659 3744 2731 operi-

2086 2751 2197 2806 bus
2231 2751 2419 2807 tuis...
2455 2749 2676 2822 spinas,
2710 2749 2921 2821 inquit,
2975 2754 3034 2804 et
3083 2747 3333 2804 tribulos
3387 2746 3746 2819 germinabit

2087 2840 2241 2909 (Gen.
2277 2827 2362 2905 ιιι,
2397 2841 2506 2912 18).
2545 2861 2573 2888 ››
2604 2839 2864 2910 Denique
2896 2838 3018 2909 ipse
3047 2836 3267 2892 Paulus
3300 2837 3612 2892 Dominicae
3639 2853 3743 2892 vas

2086 2927 2410 2996 electionis,
2443 2945 2478 2983 a
2509 2927 2919 2983 maledictione
2959 2926 3168 2982 veteris
3210 2926 3514 2982 sententiae
3572 2927 3743 2981 abso-

2085 3016 2246 3071 lutus
2275 3015 2510 3073 Domini
2556 3017 2690 3072 Jesu
2749 3015 3045 3088 passione,
3094 3020 3292 3070 tamen
3342 3015 3638 3088 captivum
3683 3031 3745 3071 se

2088 3104 2220 3160 duci
2253 3105 2312 3159 in
2341 3105 2528 3178 legem
2573 3104 2788 3176 peccati
2839 3102 3353 3158 vehementissime
3403 3103 3740 3174 deploravit,

2090 3209 2197 3248 nec
2229 3210 2589 3265 quemquam
2631 3193 2742 3248 nisi
2798 3191 3096 3246 Christum
3150 3209 3184 3246 a
3233 3209 3351 3263 quo
3399 3191 3746 3249 liberaretur

337 3282 442 3338 Est
470 3281 626 3338 enim
658 3286 713 3336 et
738 3278 1096 3335 confusionis
1125 3278 1330 3352 gloria,
1365 3283 1430 3333 ut
1458 3279 1586 3334 siin
1609 3279 1826 3335 multos
1847 3296 1986 3352 gena
2011 3261 2054 3327 Ο
2092 3281 2352 3338 invenit:
2387 3298 2521 3336 cum
2553 3297 2686 3338 eum
2711 3280 2802 3336 lex
2831 3280 2921 3335 sui
2955 3279 3214 3352 corporis
3246 3284 3304 3335 et
3332 3280 3545 3337 umbra
3587 3299 3742 3337 mor-

339 3368 472 3446 tiles
500 3369 725 3424 incidas
755 3367 841 3421 vel
873 3365 1272 3437 philosophos,
1315 3369 1372 3421 et
1417 3365 1502 3419 illi
1545 3363 1652 3420 tibi
1705 3365 1988 3435 objicient
2043 3375 2046 3380 '

340 3473 574 3514 crucem
613 3453 850 3522 Christi,
905 3457 962 3508 et
1013 3453 1184 3508 verbo
1230 3453 1550 3524 rependere
1598 3469 1714 3506 non
1773 3454 1986 3522 possis,

341 3563 448 3601 nec
475 3543 757 3618 salutaria
795 3541 1107 3614 quisquam
1157 3541 1356 3597 audiat
1397 3541 1572 3596 verba
1619 3540 1986 3609 referentem,

340 3636 432 3689 est
459 3629 761 3686 confusio:
797 3651 824 3679 «
859 3629 959 3684 sed
1008 3647 1042 3684 a
1087 3647 1224 3686 voce
1262 3627 1669 3701 exprobrantis
1717 3631 1773 3683 et
1820 3628 1986 3685 oblo-

341 3717 614 3790 quentis:
647 3734 680 3772 a
720 3716 864 3772 facie
895 3717 1116 3772 inimici
1147 3723 1203 3774 et
1233 3717 1698 3790 persequentis.»
1741 3717 1811 3771 Et
1856 3717 1984 3774 ideo

339 3805 460 3864 noli
510 3805 862 3878 respondere
907 3805 1205 3880 insipienti
1258 3807 1330 3862 ad
1379 3805 1762 3878 insipientem
1815 3806 1981 3876 ejus:

337 3900 463 3954 esto
487 3895 642 3951 sicut
668 3895 841 3951 homo
872 3899 1074 3951 mutus
1105 3899 1162 3952 et
1191 3901 1413 3963 tacens,
1445 3899 1502 3950 et
1531 3894 1702 3966 quasi
1733 3911 1848 3949 non
1879 3912 1982 3951 au-

338 3983 506 4060 diens
535 3984 712 4041 verba
739 3983 1151 4040 insultantium
1182 3990 1239 4040 et
1255 3983 1844 4056 obloquentium,non
1863 4001 1980 4056 quo

337 4072 690 4148 respondere
721 4089 998 4146 nequeas,
1029 4075 1128 4130 sed
1163 4091 1278 4147 quo
1308 4074 1660 4146 respondere
1709 4090 1824 4129 non
1876 4075 1981 4132 de-

335 4163 496 4236 beas.
521 4160 694 4218 Omni
719 4163 874 4218 enim
913 4161 994 4218 rei
1041 4167 1296 4236 tempus,
1347 4151 1581 4236 tempus
1629 4162 1880 4229 tacendi,
1927 4169 1984 4219 et

335 4255 567 4323 tempus
597 4250 894 4322 loquendi.
927 4251 1262 4326 Tacendum
1293 4255 1400 4319 est,
1443 4251 1678 4323 quando
1709 4255 1978 4322 paratum

335 4339 710 4414 noninvenis
757 4339 1122 4395 auditorem:
1174 4339 1533 4413 loquendum
1581 4343 1692 4406 est,
1742 4341 1977 4410 quando

336 4427 619 4500 Dominus
647 4427 912 4502 linguam
941 4428 1286 4500 eruditionis
1337 4427 1623 4499 indulget,
1673 4431 1738 4482 ut
1784 4444 1976 4484 sermo

333 4521 473 4573 tuus
504 4519 775 4590 operetur
804 4517 864 4572 in
895 4516 1200 4592 affectibus
1242 4515 1626 4571 audientium.
1677 4516 1976 4579 Quomodo

2096 3369 2172 3426 tis
2205 3375 2457 3442 urgeret.

2167 3460 2258 3512 72.
2293 3458 2557 3514 Diximus
2588 3473 2828 3514 sensum
2863 3475 2876 3511 :
2911 3459 3010 3513 sed
3053 3459 3388 3529 expressius
3437 3459 3539 3532 qui
3585 3459 3748 3515 locus

2096 3545 2174 3600 sit
2202 3545 2616 3608 afflictationis,
2649 3545 3017 3600 considerare
3047 3563 3152 3601 nos
3206 3549 3498 3616 convenit,
3549 3545 3747 3604 utrum

2095 3632 2191 3686 hic
2222 3632 2501 3694 mundus,
2532 3633 2632 3703 qui
2664 3633 2722 3686 in
2757 3630 3014 3704 maligno
3060 3635 3286 3704 positus
3335 3642 3443 3706 est,
3491 3655 3564 3693 an
3615 3654 3748 3694 vero

2096 3735 2229 3774 caro
2259 3722 2479 3786 nostra,
2514 3719 2571 3773 in
2605 3736 2724 3791 qua
2753 3719 2952 3774 anima
2982 3726 3182 3776 nostra
3211 3723 3580 3793 humiliatur,
3604 3727 3744 3782 dum

2096 3807 2154 3862 in
2187 3805 2359 3862 istius
2390 3807 2585 3863 carnis
2614 3807 2920 3862 descendit
2963 3809 3301 3864 societatem
3331 3829 3343 3865 :
3379 3829 3451 3866 an
3502 3815 3747 3870 adversa

2095 3896 2310 3966 quibus
2339 3911 2676 3951 exercemur
2707 3895 2766 3949 in
2797 3894 2907 3950 hoc
2939 3913 3176 3967 corpore
3207 3899 3526 3966 constituit,
3551 3901 3608 3954 in
3629 3917 3745 3971 quo

2093 3983 2536 4057 ingemiscimus
2594 3983 2865 4057 gravati;
2939 3985 3092 4056 quod
3144 3985 3421 4042 nolumus
3478 3987 3741 4059 spoliari,

2091 4074 2191 4128 sed
2251 4074 2685 4144 supervestiri?
2741 4073 2937 4144 gravis
2991 4074 3149 4129 enim
3207 4074 3373 4130 labor
3441 4080 3532 4131 est
3598 4076 3740 4132 dum

2090 4165 2516 4234 exspectamus,
2570 4165 2635 4216 ut
2685 4161 3070 4216 absorbeatur
3120 4160 3366 4216 mortale
3398 4161 3507 4217 hoc
3537 4178 3571 4217 a
3599 4162 3738 4230 vita,

2089 4267 2203 4321 quo
2235 4265 2340 4304 nos
2371 4249 2692 4322 exspoliare
2723 4248 3003 4305 debemus
3029 4267 3040 4316 ;
3077 4249 3301 4305 minore
3353 4250 3509 4306 enim
3540 4250 3739 4307 labore

2087 4337 2464 4410 exspoliatur,
2519 4355 2695 4410 quam
2741 4338 3103 4393 absorbetur.
3161 4339 3229 4392 Et
3270 4339 3399 4392 vide
3454 4355 3526 4395 ne
3571 4357 3605 4395 a
3635 4341 3739 4396 ad-

2085 4428 2334 4484 versitas
2366 4427 2441 4482 sit
2470 4426 2850 4498 exspoliantis
2882 4443 2964 4492 se,
2999 4429 3055 4481 et
3083 4427 3474 4499 exspectantis
3517 4432 3582 4483 ut
3629 4429 3732 4484 ab-

2087 4516 2456 4570 sorbeatura
2501 4515 2635 4569 vita.
2689 4513 2983 4585 Exspoliat
3023 4515 3230 4586 gratia,
3287 4516 3562 4572 absorbet
3613 4535 3735 4590 pm-

334 4610 531 4661 autem
563 4608 620 4662 te
650 4604 870 4690 audiat,
903 4605 1004 4675 qui
1033 4605 1164 4661 ideo
1193 4603 1301 4660 tibi
1328 4603 1687 4675 obloquitur,
1719 4621 1786 4660 eo
1819 4607 1978 4698 quod
2005 4625 2055 4689 D
2086 4602 2365 4668 nitentia;
2425 4601 2714 4674 exspoliat
2769 4602 3104 4658 sublimitas
3162 4604 3396 4672 mentis,
3458 4606 3736 4662 absorbet

334 4692 630 4749 salubrem
662 4687 831 4750 tuum
863 4693 1010 4749 nolit
1040 4693 1242 4750 audire
1273 4709 1601 4749 sermonem
1624 4693 1652 4747 ?
1681 4697 1785 4748 aut
1833 4711 1974 4766 quo-

332 4781 503 4838 modo
534 4781 640 4837 tibi
674 4781 1024 4860 acquiesoat,
1057 4783 1156 4856 qui
1187 4784 1524 4854 persecutor
1552 4785 1662 4847 est,
1687 4785 1744 4836 et
1763 4779 1899 4837 velit
1919 4785 1974 4837 te

333 4869 443 4927 sibi
473 4868 813 4926 vindicare?
841 4872 956 4926 Aut
993 4875 1059 4927 ut
1103 4870 1313 4942 Aquila
1361 4870 1528 4940 dixit,
1577 4869 1663 4925 vel
1707 4871 1971 4942 Symma-

331 4949 499 5026 chus,
531 4964 597 5014 ut
626 4958 944 5037 ulciscatur
993 4964 1051 5016 et
1097 4959 1304 5032 puniat
1347 4959 1406 5014 in
1453 4963 1511 5014 te
1558 4959 1713 5030 quod
1762 4957 1975 5015 Christi

331 5045 640 5104 handitas
699 5049 771 5104 ad
829 5051 1029 5122 gentes
1089 5048 1396 5104 videantur
1456 5064 1584 5104 esse
1631 5047 1976 5103 transfusa?

330 5135 484 5208 Lege
519 5124 716 5208 itaque
767 5126 881 5192 ista
926 5137 1194 5192 confusio
1239 5124 1392 5192 0I7
1439 5154 1473 5192 a
1528 5135 1868 5192 confusione
1917 5139 1974 5190 et

328 5225 642 5298 opprobrio
673 5225 1012 5297 peccatoris.
1049 5224 1222 5280 Istius
1251 5224 1407 5282 enim
1439 5225 1796 5282 conscientia
1838 5223 1972 5280 illu-

395 5491 508 5560 (74)
539 5491 1020 5566 Ifﬁvz’legjumjut
1048 5489 1228 5566 tradit
1257 5490 1434 5566 Briss.
1465 5493 1530 5549 de
1577 5495 1727 5550 Verb.
1777 5493 1978 5566 signiﬁ’

325 5559 430 5615 lib.
461 5559 581 5631 xiv)
612 5559 1020 5635 ias-stragulam
1047 5564 1144 5627 est,
1178 5567 1231 5616 et
1259 5563 1320 5615 in
1357 5571 1520 5621 certae
1564 5559 1850 5635 persona:
1883 5559 1968 5622 υὲι

322 5645 502 5687 causa
530 5633 772 5705 gratiam
802 5636 851 5689 et
879 5635 1067 5705 favore
1093 5633 1752 5705 concessumChristiani
1773 5643 1965 5694 autem

324 5717 512 5774 usque
543 5702 684 5760 adeo
714 5702 1012 5776 quondam
1043 5703 1459 5778 imperatorum
1497 5709 1702 5766 edictis
1733 5702 1966 5781 privile-

2083 4691 2405 4764 diligentia.
2439 4692 2739 4756 Quomodo
2772 4695 2966 4748 autem
2999 4692 3234 4748 dubites
3275 4695 3430 4764 quod
3480 4694 3727 4749 afflicta-

2084 4779 2262 4834 tionis
2291 4779 2386 4834 hic
2417 4778 2578 4834 locus
2612 4779 2706 4846 sit,
2743 4781 2976 4852 quando
3008 4797 3219 4853 corpus
3267 4786 3357 4836 est
3405 4781 3634 4848 mortis,
3671 4781 3730 4835 in

2084 4884 2198 4938 quo
2228 4867 2414 4939 operit
2443 4885 2549 4924 nos
2587 4868 2763 4924 etiam
2813 4871 3023 4924 umbra
3072 4869 3326 4924 mortis?
3375 4869 3441 4923 Et
3481 4869 3610 4923 ideo
3657 4869 3727 4922 ad

2081 4955 2378 5012 lucernam
2425 4956 2588 5014 illam
2637 4975 2868 5031 semper
2917 4958 3200 5013 debemus
3250 4957 3550 5012 intendere
3599 4973 3727 5028 quae

2081 5046 2323 5102 verbum
2356 5047 2453 5104 Dei
2495 5051 2619 5116 est;
2655 5048 2990 5103 utsciamus
3014 5045 3514 5118 quemadmodum
3543 5045 3726 5100 nostri

2083 5135 2262 5190 animi
2296 5137 2535 5192 semitas
2555 5137 2877 5210 dirigamus
2894 5139 2950 5190 et
2970 5135 3215 5205 vestigia
3236 5133 3450 5190 mentis
3473 5135 3728 5201 interna,

2083 5228 2150 5281 ut
2176 5224 2276 5281 lux
2305 5225 2635 5282 animorum
2667 5224 2851 5280 solvat
2879 5224 3148 5280 tenebras
3178 5221 3525 5296 corporales.

2079 5493 2192 5619 giis
2224 5492 2347 5548 suis
2378 5489 2607 5573 spoliati
2640 5493 2800 5558 sunt,
2833 5492 2898 5570 ut
2929 5488 3178 5571 infames
3229 5489 3525 5558 declarati,
3577 5491 3722 5562 reip.

2103 5563 2188 5619 ori
2218 5580 2283 5618 ac
2315 5562 2600 5616 militandi
2628 5563 2758 5619 iure
2783 5563 3012 5619 privati.
3045 5565 3218 5619 atque
3248 5562 3390 5617 adeo
3420 5563 3491 5617 ad
3521 5577 3720 5617 necem

2081 5576 2188 5619 fori
2218 5580 2283 5618 ac
2315 5576 2600 5616 multandi
2626 5577 2758 5632 jure
2783 5576 3012 5631 privati,
3045 5576 3218 5632 atque
3248 5576 3390 5617 adeo
3420 5576 3491 5617 au
3521 5577 3720 5617 necem

2079 5632 2610 5715 cujuslibet‘gladio
2643 5631 2865 5715 nefaria
2890 5632 3310 5715 proscriptiene
3353 5633 3564 5715 addicti
3592 5635 3720 5715 fue-

2080 5703 2211 5772 rint.
2247 5705 2353 5761 Adi
2387 5703 2696 5761 Baroniun:
2733 5704 2800 5760 ad
2833 5719 2926 5761 an.
2963 5703 3175 5761 Christi
3205 5705 3328 5773 303,
3376 5707 3480 5761 304
3509 5709 3567 5760 et
3592 5705 3720 5759 362.
