4112 6190
441 356 596 423 11⁵79

1887 354 1954 420 8.
1999 354 2374 422 AMBROSII

3672 353 3826 424 υεο

508 493 598 548 73.
632 487 877 547 Pulchre
907 494 1104 547 autem
1126 491 1182 546 et
1203 486 1423 563 Aquilae
1445 486 1847 563 interpretatio
1879 506 2078 563 quem-
2105 489 2162 558 Α
2192 488 2474 564 repetitus
2505 493 2614 561 est,
2649 493 2713 547 ut
2743 484 3038 564 intelligas
3068 482 3210 562 quia
3225 505 3341 548 non
3362 486 3621 548 conditio
3641 492 3824 550 carnis

438 581 756 639 admodum
788 579 1113 654 intelligere
1160 580 1478 636 debeamus
1521 579 1712 636 locum
1752 579 2079 636 afflictatio-

436 671 552 740 nis,
583 670 869 743 expressit
901 669 1146 724 dicendo
1173 687 1184 724 :
1216 693 1237 719 ι
1268 670 1554 736 Quoniam
1597 669 1920 725 humiliasti
1976 687 2079 724 nos

435 761 494 816 in
524 761 648 816 loco
680 760 1056 816 sirenarum?
1087 758 1158 814 Ut
1187 776 1302 814 non
1343 776 1475 814 caro
1520 759 1576 813 in
1628 758 1768 814 vitio
1817 759 1911 826 sit,
1962 757 2080 814 sive

435 855 683 917 natura;
718 849 817 905 sed
865 865 932 904 ea
980 866 1105 919 quas
1157 865 1392 904 carnem
1445 846 1880 917 corruptibilem
1925 847 2078 902 9I8

437 956 565 996 esse
603 939 882 994 fecerunt.
937 937 1191 1008 Denique
1244 937 1468 991 sirenas
1517 953 1768 1008 quarum
1821 937 2078 991 secundo

436 1028 563 1096 (Isa.
596 1044 719 1092 xm,
769 1028 860 1097 21)
909 1030 966 1081 et
1025 1026 1194 1080 tertio
1255 1026 1458 1096 (ΜίσΙιυ
1519 1042 1556 1092 ι,
1617 1026 1671 1092 9)
1722 1025 2076 1079 mentionem

434 1116 569 1172 fecit
600 1114 896 1186 Scriptura
927 1114 1142 1180 divina,
1169 1114 1452 1184 quasdam
1482 1113 1660 1168 fuisse
1690 1112 1916 1184 puellas
1945 1127 2078 1184 gen-

436 1205 553 1260 tilis
609 1205 846 1259 tradidit
878 1202 1145 1263 historia.
1178 1219 1304 1271 quae
1335 1201 1489 1256 vocis
1521 1201 1763 1274 proprie
1795 1201 2078 1256 suavitate

432 1292 677 1349 canendi
709 1290 1018 1358 illecebris,
1053 1290 1404 1362 adiendique
1438 1289 1632 1346 studio
1665 1289 1886 1344 illectos
1918 1290 2074 1344 navi-

435 1387 638 1455 gantes
695 1381 766 1436 ad
815 1381 982 1436 littus
1030 1381 1338 1435 admovere
1396 1379 1629 1451 navigia
1688 1379 2078 1451 provocabant

434 1471 584 1542 (75):
615 1487 851 1541 eosque,
884 1486 1017 1524 cum
1050 1469 1298 1540 gratiam
1330 1469 1488 1523 vocis
1519 1471 1902 1539 sequerentur
1949 1483 2075 1521 sco-

432 1559 638 1632 puloso
669 1560 726 1613 in
754 1558 878 1614 loco
911 1558 1282 1630 naufragium
1333 1558 1519 1612 facere
1567 1556 1770 1612 solitos
1817 1559 2076 1610 vetustas

430 1647 680 1720 posteris
707 1647 944 1702 tradidit
973 1647 1162 1714 (Hom.
1209 1646 1302 1702 0d.
1355 1647 1430 1717 Β).
1479 1647 1694 1700 Earum
1743 1647 1938 1698 autem
1986 1642 2073 1696 in-

430 1736 768 1808 terpretatio
818 1735 940 1790 haec
990 1740 1099 1798 est,
1145 1733 1411 1805 voluptas
1453 1733 1631 1797 vocis,
1688 1738 1742 1787 et
1807 1732 2075 1803 quaedam

433 1823 709 1880 adulatio.
776 1825 858 1878 Ita
906 1838 1037 1893 ergo
1098 1822 1293 1877 saeculi
1347 1820 1614 1892 voluptas
1669 1837 1774 1876 nos
1820 1819 2074 1892 quadam

433 1910 655 1967 carnali
712 1909 1045 1966 adulatione
1101 1909 1349 1965 delectat
1397 1915 1460 1964 ut
1507 1909 1774 1982 decipiat.
1826 1908 1898 1963 Ut
1939 1924 2074 1980 ergo

431 1999 553 2055 illic
584 2017 698 2055 non
729 1999 894 2055 littus
926 1999 985 2053 in
1015 1999 1152 2052 vitio
1209 2003 1351 2064 erat,
1403 1999 1503 2054 sed
1551 2015 1763 2053 canora
1805 1996 2070 2062 dulcedo,

430 2105 558 2160 qua:
587 2087 837 2143 faciebat
865 2087 1245 2157 asperitatem
1291 2086 1503 2142 littoris
1553 2103 1668 2141 non
1717 2086 1943 2141 caveri:
1993 2083 2075 2138 ita

427 2193 546 2232 non
576 2193 708 2232 caro
738 2177 797 2230 in
828 2175 1006 2242 vitio;
1039 2175 1141 2231 sed
1173 2191 1240 2230 ea
1271 2175 1486 2247 quibus
1517 2192 1649 2231 caro
1693 2175 1804 2230 ista
1853 2171 2070 2230 sollici-

424 2268 586 2320 tatur
613 2268 670 2319 et
700 2264 964 2320 ﬂuctuat.
999 2263 1252 2334 Denique
1283 2279 1465 2329 mare,
1499 2262 1548 2317 si
1581 2265 1900 2334 tempestas
1923 2259 2076 2315 desit

427 2353 694 2424 quietum
724 2355 849 2406 est:
884 2352 932 2406 si
967 2351 1218 2422 procella
1246 2350 1892 2422 szsviat,periculosum.

496 2439 1308 2512 74.Etseptuagintavirorum
1324 2439 1552 2495 videtur
1570 2454 1702 2494 cum
1727 2439 1819 2494 his
1841 2442 2069 2494 senten-

425 2529 508 2584 tia
537 2529 1002 2595 convenire,cum
1033 2529 1238 2583 dicunt
1263 2528 1402 2599 quia
1434 2527 1717 2599 scriptum
1749 2530 1872 2582 est:
1920 2529 2068 2592 Quo-

424 2617 585 2672 niam
599 2615 919 2672 humiliasti
938 2617 1208 2688 nos.»Cuj
1222 2633 1289 2672 us
1304 2615 1800 2688 interpretationis
1815 2615 2072 2671 testimo-

389 2781 396 2783 _
424 2705 522 2761 nia
551 2705 621 2760 de
651 2705 950 2777 Scriptura
977 2708 1115 2760 sunt
1144 2706 1313 2760 nobis
1346 2705 1693 2762 arcessenda
1723 2704 1953 2760 divinis.
1977 2705 2071 2760 Ait

423 2795 580 2850 enim
603 2793 662 2849 in
697 2793 1142 2850 Deuteronomio
1167 2811 1180 2848 :
1210 2816 1236 2843 «
1269 2794 1324 2849 Si
1360 2793 1586 2861 exieris,
1633 2796 1836 2865 inquit,
1870 2795 1928 2848 in
1962 2811 2066 2865 pu-

421 2900 600 2957 gnam
632 2883 911 2938 adversus
942 2882 1210 2938 inimicos
1241 2887 1397 2948 tuos,
1429 2886 1484 2938 et
1507 2883 1817 2939 tradiderit
1842 2883 1945 2938 tibi
1970 2900 2068 2940 eos

420 2972 706 3028 Dominus
737 2971 890 3026 Deus
921 2976 1058 3026 tuus
1089 2970 1148 3026 in
1181 2987 1393 3026 manus
1423 2976 1580 3037 tuas,
1612 2975 1670 3027 et
1701 2972 2074 3043 depraedatus

424 3060 604 3117 fueris
634 3060 822 3132 spolia
851 3076 1075 3127 eorum,
1108 3065 1165 3115 et
1195 3060 1407 3115 videris
1439 3060 1498 3114 in
1525 3077 1592 3115 ea
1639 3061 2068 3132 depraadatione

421 3149 726 3205 mulierem
757 3151 971 3204 bonam
1004 3149 1216 3221 specie,
1250 3152 1306 3203 et
1344 3148 1769 3204 cohabitaveris
1819 3165 1952 3203 cum
2000 3165 2068 3203 ea

2189 580 2453 636 videatur
2484 596 2590 636 nos
2617 579 2952 648 humiliare,
2983 580 3084 636 sed
3115 579 3310 653 culpa.

2259 672 2346 724 75.
2398 669 2511 725 Nec
2563 674 2759 725 tamen
2811 685 3022 742 negare
3061 685 3380 741 possumus
3428 670 3584 743 quod
3635 669 3832 728 multis

2188 758 2533 814 humilietur
2561 762 2614 814 et
2647 773 2798 826 caro,
2831 757 2956 814 loco
3005 757 3152 829 ipso,
3185 756 3479 813 illecebris
3513 758 3683 831 ipsis,
3717 759 3831 814 fra-

2189 847 2411 919 gilitate
2433 863 2665 919 quoque
2691 863 2807 918 qua
2835 845 3024 918 patuit
3053 845 3252 902 errori.
3304 849 3439 912 Quze
3471 845 3608 902 licet
3660 865 3772 904 non
3801 865 3833 902 a

2190 934 2444 990 medocri
2473 934 2805 990 adversario
2833 937 3100 1006 serpente
3139 934 3382 1006 decepta
3412 935 3491 991 sit
3529 935 3684 1006 (76);
3734 935 3829 990 ha-

2186 1024 2362 1080 bebat
2389 1029 2583 1079 tamen
2611 1023 2697 1080 sui
2723 1040 2840 1078 non
2863 1022 3213 1079 mediocrem
3237 1023 3829 1095 gratiam,antequam

2187 1117 2491 1186 peccatum
2524 1113 2801 1184 irreperet
2829 1129 2840 1166 :
2876 1111 2934 1168 in
2967 1115 3282 1183 conspectu
3312 1116 3436 1166 erat
3476 1112 3577 1167 Dei
3629 1112 3826 1175 Adam,

2186 1203 2244 1258 in
2315 1202 2582 1274 paradiso
2639 1200 2888 1273 vigebat,
2948 1197 3166 1254 caelesti
3220 1198 3410 1271 gratia
3484 1199 3820 1272 refulgebat,

2185 1291 2535 1362 loquebatur
2566 1306 2702 1345 cum
2734 1293 2866 1344 Deo.
2917 1287 3216 1359 Numquid
3265 1303 3401 1342 eum
3453 1287 3821 1343 humiliatum

2185 1383 2318 1435 ante
2346 1379 2563 1452 legisti,
2589 1378 2700 1434 nisi
2731 1381 3113 1449 posteaquam
3143 1375 3542 1447 praevaricatio
3572 1393 3710 1432 eum
3731 1376 3828 1431 hu-

2186 1468 2430 1523 miliavit
2459 1485 2566 1522 sua
2589 1467 2618 1520 ?
2649 1467 2828 1538 Cujus
2855 1465 2976 1520 vitii
3001 1464 3398 1520 hereditatem
3423 1465 3494 1519 ad
3522 1481 3831 1536 nasusque

2180 1556 2527 1624 transmisit,
2561 1555 2715 1611 utin
2751 1554 2860 1610 hoc
2905 1570 3144 1624 corpore
3208 1551 3511 1608 constituti
3572 1553 3831 1608 nolimus

2183 1644 2541 1718 peregrinari
2571 1645 2641 1700 de
2671 1659 2928 1715 corpore,
2960 1642 3114 1698 919
3143 1644 3201 1696 et
3231 1641 3435 1696 adesse
3452 1641 3581 1698 Deo.
3607 1643 3679 1697 Et
3695 1643 3830 1697 ideo

2185 1733 2568 1790 humiliamus
2581 1733 2836 1802 animam
2853 1734 3116 1787 nostram
3138 1745 3270 1802 qua:
3293 1747 3356 1786 se
3369 1730 3433 1785 ad
3447 1734 3619 1785 Deum
3639 1730 3825 1803 gestit

2186 1821 2447 1879 attollere
2473 1840 2484 1878 :
2520 1823 2621 1878 sed
2647 1818 3025 1893 corruptibile
3055 1817 3165 1874 hoc
3193 1834 3409 1890 corpus
3452 1823 3646 1892 gravat
3692 1819 3822 1874 ani-

2184 1915 2716 1982 mam,terrenaque
2736 1906 3071 1964 habitacula
3093 1906 3629 1979 praeponderantmt
3657 1923 3829 1963 mens

2181 2000 2385 2055 devota
2414 2000 2529 2056 Deo
2554 1999 2885 2071 frequenter
2905 1995 3217 2052 inclinetur
3235 1995 3307 2050 ad
3329 1995 3750 2064 saeculum,nec
3770 2013 3831 2052 se

2183 2087 2470 2159 subjicere
2497 2088 2612 2144 Deo
2642 2084 3135 2160 possit,quoniam
3165 2083 3598 2154 subjectionem
3628 2084 3720 2140 sui
3743 2101 3826 2140 sa-

2183 2177 2399 2250 pientia
2441 2176 2633 2232 carnis
2683 2175 3068 2248 ignorat,qua3
3111 2176 3375 2228 nostrum
3417 2172 3669 2230 involvit
3705 2173 3830 2229 atie-

2183 2271 2362 2322 ctum.

2249 2358 2339 2411 76.
2373 2355 2642 2411 Dicentes
2673 2354 2794 2410 haec
2824 2355 2896 2412 de
2929 2355 3268 2429 nobis,quid
3301 2357 3370 2413 de
3402 2371 3580 2412 carne
3600 2353 3834 2410 Domini

2181 2444 2364 2501 nostri
2394 2445 2424 2500 J
2433 2461 2536 2500 esu
2567 2443 2782 2499 Christi
2813 2444 3124 2500 dicemus?
3153 2446 3258 2511 Qui
3316 2445 3523 2516 utique
3570 2443 3835 2514 suscepit

2179 2533 2372 2589 carnis
2403 2532 2573 2590 istius
2601 2532 2991 2602 veritatem,et
3017 2533 3146 2589 ideo
3172 2533 3616 2605 «semetipsum
3640 2529 3835 2586 humi-

2177 2621 2341 2677 liavit
2371 2637 2556 2694 usque
2585 2621 2658 2676 ad
2690 2624 3210 2687 mortem,mortem
3243 2625 3443 2678 autem
3461 2621 3668 2676 crucis
3689 2621 3835 2691 (Phi-

2178 2710 2502 2782 lipp.u,8).»
2524 2708 2842 2782 Diligenter
2871 2711 3120 2779 attende,
3144 2714 3201 2766 et
3230 2709 3539 2767 considera
3568 2710 3832 2782 singula.

2176 2799 2318 2855 Vide
2340 2799 2480 2871 quia
2499 2797 2695 2855 volens
2719 2799 2979 2872 suscepit
2999 2798 3149 2854 hanc
3171 2799 3419 2855 formam
3442 2799 3721 2871 corporis
3745 2815 3836 2854 no—

2177 2888 2305 2954 stri,
2338 2892 2395 2943 et
2423 2890 2534 2942 tute
2565 2886 2848 2958 obsequia
2894 2886 3210 2954 servitutis,
3261 2887 3319 2942 in
3369 2886 3835 2944 similitudinem

2175 2977 2484 3033 hominum
2515 2976 2704 3031 factus
2730 2994 2742 3044 ;
2773 2992 2887 3032 non
2920 2975 2980 3031 in
3013 2975 3465 3033 similitudinem
3496 2976 3706 3032 carnis
3736 2977 3833 3033 sed

2173 3065 2232 3121 in
2247 3064 2693 3122 similitudinem
2705 3063 3014 3120 hominum
3027 3067 3432 3136 peccatorum;
3452 3066 3663 3121 omnis
3678 3067 3833 3122 enim

2174 3154 2350 3210 homo
2380 3154 2487 3210 sub
2520 3155 2775 3225 peccato.
2808 3153 2941 3208 Ideo
2973 3153 3163 3225 specie
3194 3153 3462 3209 iuventus
3495 3157 3558 3209 ut
3605 3154 3833 3222 homo;

420 3237 596 3310 (Deut.
629 3254 748 3304 xxr,
784 3237 849 3292 19
875 3241 932 3292 et
964 3220 1070 3305 11).
1109 3259 1136 3287 ››
1170 3238 1237 3292 Et
1266 3236 1455 3291 infra:
1491 3259 1517 3286 «
1553 3237 1611 3291 Si
1646 3235 1900 3291 nolueris
1932 3252 2061 3290 eam
2093 3220 2136 3287 C
2175 3246 2240 3298 ut
2270 3220 2556 3315 scripturi;
2587 3241 2766 3297 estde
2786 3257 2852 3297 eo
2877 3259 2889 3297 ;
2917 3264 2945 3290 ‹‹
2968 3220 3037 3298 Εἰ
3060 3241 3235 3297 homo
3256 3245 3429 3310 est,et
3447 3242 3578 3313 quis
3605 3220 3834 3317 cog-no;

416 3330 637 3397 postea,
668 3323 926 3379 dimittes
956 3340 1082 3377 eam
1113 3323 1376 3378 liberam.
1415 3365 1426 3376 .
1465 3365 1476 3375 .
1515 3365 1526 3376 .
1561 3322 1698 3394 quia
1735 3322 2060 3379 humiliasti

416 3431 545 3470 eam
579 3413 736 3484 (Ibid.
774 3413 882 3482 14).
918 3435 945 3460 ››
978 3411 1156 3466 Vides
1185 3426 1320 3482 ergo
1365 3410 1643 3483 quoniam
1695 3428 1810 3467 non
1855 3416 2063 3468 natura

419 3500 512 3556 sui
541 3516 693 3569 eam,
747 3498 930 3554 sedis
979 3499 1079 3569 qui
1123 3497 1174 3554 ei
1221 3497 1614 3571 integritatem
1663 3501 1903 3572 pudoris
1951 3500 2061 3558 eri-

419 3588 568 3660 puit,
600 3585 946 3643 humiliasse
978 3586 1336 3657 perhibetur.
1369 3587 1682 3645 Humilitas
1713 3607 1848 3663 ergo
1870 3590 2061 3663 operis

419 3681 527 3742 est,
560 3693 663 3748 per
695 3675 848 3747 quod
879 3691 1011 3730 caro
1042 3675 1156 3731 ista
1185 3675 1404 3747 peccati
1454 3693 1664 3749 corpus
1718 3679 1920 3734 effecta
1951 3684 2060 3748 est,

418 3769 474 3822 et
503 3764 664 3820 locus
695 3763 1108 3820 afﬂictationis.
1146 3765 1361 3821 lterum
1395 3764 1572 3821 alibi:
1606 3767 1720 3822 «:Si
1751 3769 1914 3840 virgo
1962 3769 2062 3825 de-

417 3858 696 3926 sponsata
724 3852 895 3908 fuerit
925 3854 1132 3920 viro,et
1163 3853 1464 3910 inveniens
1493 3872 1623 3910 eam
1647 3856 1819 3912 homo
1843 3858 1900 3912 in
1924 3857 2061 3912 civi-

415 3948 534 3999 tate
565 3943 868 3998 dormierit
895 3958 1027 3997 cum
1062 3959 1149 4008 ea,
1183 3943 1504 3998 educentur
1536 3944 1708 4000 ambo
1739 3946 1811 4000 ad
1835 3950 2061 4016 portam

415 4030 666 4087 civitatis
695 4047 836 4097 suae,
869 4035 926 4084 et
950 4029 1406 4101 lapidabuntur:
1440 4036 1497 4086 ct
1530 4033 1811 4088 morietur
1849 4035 2063 4105 juven-

415 4119 568 4189 cula,
601 4118 737 4191 quia
771 4134 884 4172 non
915 4117 1257 4173 exclamavit
1286 4119 1345 4172 in
1370 4119 1620 4190 civitate,
1654 4137 1758 4176 nec
1779 4122 2064 4180 invocavit

417 4207 738 4277 hominem,
773 4206 871 4279 qui
902 4207 1271 4262 subveniret:
1307 4210 1364 4262 et
1393 4207 1498 4270 vir,
1530 4207 1741 4279 inquit,
1777 4209 1913 4281 quia
1959 4209 2062 4267 hu-

417 4295 665 4351 miliavit
697 4294 1001 4350 mulierem
1035 4295 1283 4366 proximi
1313 4295 1406 4351 sui
1437 4297 1620 4368 (Deut.
1640 4314 1778 4364 XXII,
1810 4299 2057 4369 23-24).»

417 4385 486 4438 Et
539 4383 635 4439 hic
691 4384 893 4440 eadem
952 4388 1008 4439 et
1058 4383 1240 4456 hujus
1299 4401 1476 4440 causa
1528 4386 1837 4453 sermonis,
1909 4391 1974 4443 ut
2030 4406 2063 4446 a

415 4477 755 4541 corruptore
812 4471 1121 4527 humiliata
1187 4473 1435 4529 dicatur.
1505 4474 1764 4530 Tertium
1831 4493 2063 4548 quoque

2173 3335 2292 3387 seet
2319 3347 2454 3388 eum
2473 3330 2905 3403 (Jerem.xvn,9)
2926 3329 2953 3385 ‘I
2976 3352 3002 3380 ››
3025 3330 3209 3387 Homo
3233 3331 3559 3387 secundum
3580 3348 3833 3389 carnem

2172 3421 2273 3476 sed
2302 3419 2454 3475 ultra
2483 3419 2778 3475 hominem
2827 3419 3154 3476 secundum
3204 3419 3628 3492 operationem.
3691 3445 3720 3473 ››
3759 3421 3828 3478 Ut

2170 3509 2375 3579 homo,
2434 3507 2660 3580 inquit,
2716 3506 3046 3563 humiliavit
3103 3507 3490 3580 sametipsum
3550 3509 3823 3582 (Philipp.

2174 3617 2234 3666 ιι,
2265 3599 2358 3670 8))
2389 3597 2528 3670 quia
2555 3597 2628 3653 ad
2658 3611 2757 3652 eos
2803 3595 2960 3652 Deus
3003 3595 3163 3652 venit
3195 3597 3294 3668 qui
3344 3596 3650 3654 humiliati
3702 3599 3833 3655 fue-

2172 3667 2342 3753 rant:
2354 3667 2706 3742 liberandos.
2741 3686 2872 3758 Ipse
2903 3701 2964 3741 se
3016 3700 3154 3758 ergo
3204 3667 3538 3741 humiliavit
3584 3692 3835 3762 propter

2173 3776 2430 3832 nos.Non
2452 3790 2588 3846 ergo
2611 3790 2823 3846 corpus
2840 3772 2998 3830 illius
3017 3789 3230 3846 corpus
3254 3774 3461 3830 mortis
3488 3793 3503 3842 ;
3524 3775 3826 3847 siquidem

2171 3880 2384 3937 corpus
2413 3866 2502 3919 est
2528 3857 2690 3918 vitis:
2733 3877 2838 3918 nec
2897 3878 3029 3917 caro
3079 3861 3258 3928 illius,
3311 3863 3523 3919 umbra
3567 3864 3822 3930 mortis;

2173 3952 2465 4025 siquidem
2498 3949 2689 4024 fulgor
2718 3954 2807 4006 est
2835 3949 3030 4022 gloriae
3055 3966 3069 4005 :
3095 3967 3200 4007 nec
3220 3949 3278 4005 in
3302 3967 3367 4007 eo
3395 3950 3560 4007 locus
3575 3951 3830 4009 afﬂicta-

2171 4041 2395 4108 tionis;
2430 4039 2721 4110 siquidem
2762 4039 2822 4093 in
2874 4036 2974 4094 illo
3023 4054 3263 4110 corpore
3309 4039 3585 4096 omnibus
3636 4041 3838 4113 gratia

2169 4125 2951 4187 consolationis.Humiliavit
2966 4131 3121 4194 se,ut
3149 4126 3406 4183 disceres
3427 4127 3568 4199 quid
3604 4129 3681 4184 sit
3716 4129 3832 4184 hu-

2172 4214 2680 4287 militas.Denique
2702 4215 2840 4270 audi
2867 4213 3154 4270 dicentem
3179 4232 3192 4271 :
3218 4237 3244 4265 «
3270 4215 3485 4272 Discite
3512 4234 3545 4272 a
3566 4234 3663 4274 me
3691 4218 3843 4290 quia

2173 4306 2333 4363 mitis
2364 4321 2518 4371 sum,
2551 4309 2607 4359 et
2635 4301 2878 4358 humilis
2908 4303 3080 4359 corde
3107 4303 3263 4373 (Matt
3298 4298 3310 4358 ζ
3362 4321 3439 4359 x1.
3471 4305 3578 4376 29).
3625 4326 3656 4353 »
3717 4305 3836 4362 Ille

2171 4412 2233 4452 se
2257 4393 2684 4459 humiliavit,ut
2704 4396 2766 4447 tu
2789 4390 3124 4448 exaltareris
3149 4410 3162 4461 ;
3182 4393 3282 4464 qui
3301 4393 3459 4449 enim
3474 4409 3534 4450 se
3545 4392 3838 4450 humiliat

2171 4483 2540 4541 exaltabitur.
2576 4481 2686 4538 Sed
2718 4497 2834 4536 non
2864 4496 3068 4536 omnes
3099 4481 3199 4554 qui
3228 4481 3644 4550 humiliantur,
3677 4483 3841 4541 exal-

416 4558 599 4650 llabes
629 4558 700 4650 de
732 4558 930 4650 haC_re
963 4561 1388 4650 testimonium.
1422 4567 1478 4616 et
1510 4561 1699 4634 plura.
1733 4563 1781 4619 si
1813 4581 2059 4636 quaeras.
2094 4585 2141 4650 Π
2172 4573 2459 4631 tabuntur
2482 4590 2494 4640 ;
2521 4569 2736 4626 multos
2756 4569 2913 4626 enim
2934 4568 3154 4626 crimen
3180 4570 3835 4630 humiliatadruinam.

418 4648 636 4703 Tamen
665 4646 736 4702 de
762 4647 963 4702 eodem
996 4646 1142 4704 libro
1193 4650 1326 4704 audi
1355 4668 1367 4706 :
1418 4674 1445 4700 ‹‹
1499 4651 1558 4707 Si
1602 4652 1735 4724 quis
1783 4654 2067 4710 invenerit
2094 4646 2130 4650 ”
2170 4661 2526 4719 Humiliatus
2557 4661 2645 4716 est
2676 4661 2870 4714 autem
2901 4658 3186 4714 Dominus
3213 4675 3400 4731 usque
3429 4660 3500 4715 ad
3547 4665 3835 4729 mortem,

416 4737 726 4810 virginem,
759 4752 888 4807 quae
920 4752 1036 4790 non
1069 4737 1144 4791 sit
1177 4738 1548 4809 desponsata,
1581 4744 1638 4796 et
1683 4740 1800 4797 vim
1849 4743 2066 4801 faciens

377 4880 380 4884 .
422 4826 472 4882 ei
505 4825 811 4881 dormierit
841 4840 973 4879 eum
1007 4840 1094 4891 ea,
1128 4824 1616 4896 patrijuvenculae
1639 4829 2069 4904 quinquaginta

425 4915 783 4983 denarios,et
812 4913 920 4969 erit
947 4931 1086 4968 uxor
1105 4914 1400 4986 ejus,quia
1420 4915 1746 4973 humiliavit
1767 4935 1895 4975 eam
1923 4938 1936 4976 :
1965 4938 2066 4977 nec

419 5004 633 5074 poterit
662 5002 954 5059 dimittere
989 5019 1115 5058 eam
1165 5019 1266 5075 per
1315 5019 1486 5059 omne
1533 5007 1786 5077 tempus,
1831 5013 2066 5081 propter

430 5093 584 5162 quod
644 5090 976 5148 humiliavit
1032 5091 1186 5162 (Ibid.
1253 5093 1343 5159 2.8,
1403 5091 1514 5160 29).
1589 5116 1616 5143 ››
1681 5093 1812 5165 Ipse
1874 5113 2065 5155 sermo

491 5304 600 5370 (75)
662 5305 757 5359 Sic
787 5306 922 5361 edit.
959 5323 992 5360 a
1041 5306 1256 5377 quibus
1300 5323 1507 5377 parum
1555 5307 1772 5362 abeunt
1818 5325 1961 5365 mss.
2014 5314 2063 5368 si

421 5385 663 5452 sensum
714 5383 979 5454 spectes;
1032 5379 1089 5432 in
1143 5378 1331 5454 verbis
1372 5383 1576 5454 autem
1628 5379 1748 5434 haec
1778 5382 2067 5454 reperitur

424 5446 711 5520 praecipua
752 5446 1092 5520 cI'\'e!‘sitas:
1147 5449 1282 5503 Corl.
1336 5449 1577 5520 aliquot,
1625 5446 1912 5518 διιαυίιαῖε,
1971 5472 2061 5510 ca-

420 5512 1123 5595 νηθςξάοηᾳίιῳλΙιεσεὸᾳ-αδ
1164 5512 1571 5595 provocabunt
1606 5520 1820 5595 anes
1863 5512 2060 5595 simul,

417 5582 681 5658 audiendi
705 5585 878 5639 studio
910 5582 1231 5658 navigant-es
1271 5590 1339 5644 ad
1387 5592 1543 5646 littus
1586 5593 1866 5650 admovere
1907 5582 2062 5654 navi:

422 5656 598 5724 gium,
629 5667 825 5719 eosque
854 5659 996 5722 (cum
1024 5656 1397 5728 g'ratiam,aut
1425 5667 1489 5717 ut
1518 5661 1695 5734 aliqui
1716 5669 1898 5736 gratia
1919 5673 2063 5727 vocis

2172 4756 2238 4808 ut
2268 4751 2338 4807 de
2367 4747 2551 4823 portis
2572 4746 2778 4804 mortis
2798 4745 3169 4803 exaltaretur.

2243 4839 2483 4894 77.Ecce
2513 4836 2643 4892 vide
2671 4835 2921 4908 gratiam
2952 4834 3324 4905 Christi,vide
3353 4837 3641 4896 beneﬁcia
3670 4841 3832 4913 ejus.

2171 4930 2559 4999 Posteaquam
2605 4924 2871 4981 Christus
2929 4925 3180 4994 advenit,
3222 4925 3344 4983 haec
3375 4943 3509 4983 caro
3541 4945 3672 5001 qua
3706 4936 3839 4986 erat

2174 5018 2383 5074 umbra
2412 5013 2637 5084 mortis,
2670 5013 2842 5086 coepit
2869 5029 2972 5086 per
2999 5014 3249 5087 gratiam
3277 5015 3511 5073 Domini
3532 5017 3837 5092 refulgere

2174 5111 2230 5163 et
2257 5106 2470 5162 habere
2497 5103 2698 5159 lumen
2728 5102 3072 5175 proprium;
3115 5104 3269 5160 unde
3316 5109 3373 5161 et
3420 5104 3648 5163 dictum
3694 5114 3834 5165 est:

2170 5316 2490 5392 sequuntur)
2541 5315 2834 5392 scopulosa
2873 5317 2950 5392 in_
2976 5316 3092 5392 loco
3128 5316 3385 5392 indiciue
3426 5324 3834 5392 naufragium

2243 5385 2354 5460 (76)
2385 5385 2549 5460 Rom.
2583 5385 2720 5460 edit.
2753 5385 2896 5460 sola,
2916 5387 3132 5458 decepta
3159 5391 3231 5444 sit
3258 5391 3390 5445 Eva.
3425 5385 3623 5448 Minus
3651 5385 3831 5458 Bene,

2171 5456 2663 5534 subintelligenda
2693 5456 2848 5514 enim
2895 5474 3003 5514 vox
3021 5456 3301 5534 caro,un
3324 5461 3625 5534 superiore
3649 5456 3830 5520 versu

2173 5548 2445 5614 expressa
2474 5530 2580 5586 est.
2613 5530 3546 5614 Nam.praeterquam—relativum,
3576 5549 3729 5614 quia,
3762 5552 3832 5591 ex

2170 5600 2430 5684 quinque
2461 5618 2607 5684 mss.
2640 5600 2974 5684 restitutum
3005 5600 3063 5658 id
3095 5602 3328 5674 evincit,
3382 5600 3599 5664 sensus
3645 5600 3827 5663 Rem.

2171 5672 2407 5733 lectio—ui
2438 5675 2639 5732 minus
2671 5672 2940 5731 concinit.
