4112 6190
317 378 482 512 usi

1387 406 1836 472 ENABRATIO
1880 405 1960 470 IN
2005 405 2384 484 PSALMUM
2429 405 2634 471 XLIII.

3563 407 3716 474 1182

315 570 344 599 ‹‹
376 547 642 605 Lucerna
671 545 929 620 corporis
957 543 1041 602 tui
1081 547 1170 602 est
1222 543 1426 602 oculus
1466 547 1604 600 tuus
1635 542 1844 612 (Matth.
1879 561 1955 612 vx,
1988 545 2034 612 Α
2073 548 2404 601 nostrarum
2438 544 2630 617 imago
2665 540 3050 616 resplendeat.
3084 540 3236 599 Bene
3266 538 3414 598 illud
3440 541 3514 598 ait
3545 544 3716 616 Aqui-

310 636 404 708 22)
429 653 442 704 ;
475 635 576 691 sed
607 635 739 691 vide
767 635 838 690 de
865 651 977 706 quo
1008 633 1175 690 oculo
1214 634 1404 702 dicat;
1449 650 1566 690 non
1598 633 1668 689 de
1697 633 1948 689 exterio-

313 740 396 790 re,
425 724 525 779 sed
549 723 620 779 de
642 722 930 790 interiore,
947 745 974 772 «
997 723 1053 777 Si
1075 721 1301 791 oculus,
1318 723 1528 794 inquit,
1546 727 1686 778 tuus
1701 721 1949 794 simplex

309 812 505 880 tuerit,
536 816 724 867 totum
754 828 964 882 corpus
1013 816 1185 866 tuum
1215 810 1474 867 lucidum
1519 810 1629 866 erit
1676 811 1882 882 (Ibid.).
1920 834 1946 859 »

307 899 557 957 Interior
587 900 786 971 utique
817 904 906 955 est
935 899 1160 967 oculus,
1194 899 1294 971 qui
1315 903 1503 955 totum
1536 898 1792 954 hominis
1823 916 1944 954 cor-

306 1006 420 1062 pus
442 988 754 1044 illuminat.
788 988 1033 1044 Interior
1063 992 1151 1044 est
1180 988 1357 1044 etiam
1379 987 1604 1055 oculus,
1632 987 1733 1060 qui
1757 988 1950 1043 aufert

305 1077 412 1134 toti
426 1076 650 1148 corpori
664 1077 1012 1144 caecitatem;
1033 1077 1172 1149 quia
1189 1077 1472 1147 scriptum
1487 1081 1604 1132 est:
1635 1100 1656 1126 α
1675 1076 1732 1132 Si
1750 1081 1948 1131 autem

304 1180 559 1238 nequam
595 1164 768 1220 fuerit
806 1165 1012 1220 oculus
1043 1169 1202 1232 tuus,
1235 1169 1424 1221 totum
1445 1182 1657 1237 corpus
1679 1169 1851 1221 tuum
1875 1168 1950 1220 te-

304 1254 621 1310 nebrosum
633 1253 743 1309 erit
760 1253 916 1326 (Ibid.
936 1253 1027 1322 23)
1071 1276 1099 1303 »
1126 1253 1299 1309 Vides
1322 1252 1380 1309 in
1404 1271 1519 1310 uno
1539 1253 1774 1310 homine
1794 1254 1950 1310 unde

303 1342 556 1398 tenebras
585 1345 925 1408 nascantur,
958 1341 1110 1397 unde
1139 1341 1339 1396 lumen
1373 1342 1612 1398 oriatur.
1650 1344 1779 1414 Ipse
1812 1358 1948 1413 ergo

302 1430 410 1486 tibi
441 1447 502 1486 es
555 1429 762 1502 caligo,
811 1429 898 1485 vel
944 1429 1162 1484 lumen.
1211 1429 1410 1502 Caligo
1458 1430 1790 1502 iniquitatis
1839 1435 1947 1498 est,

305 1519 555 1575 tenebris
586 1521 989 1591 peccatorum:
1038 1517 1238 1573 lumen
1286 1519 1650 1574 innocentia.
1684 1518 1814 1591 Ipse
1844 1518 1951 1573 tibi

308 1623 442 1680 ergo
472 1623 554 1676 es,
587 1607 674 1662 vel
705 1607 932 1678 injurias
984 1610 1202 1672 auctor,
1253 1605 1341 1661 vel
1388 1605 1592 1679 gratis:
1625 1624 1636 1662 :
1691 1607 1950 1679 operatio

305 1694 498 1750 divina
528 1694 674 1750 nihil
702 1700 874 1752 errat.
910 1696 1130 1751 Lumen
1163 1694 1218 1750 in
1247 1697 1302 1751 te
1325 1696 1453 1767 ipso
1474 1699 1564 1751 est
1592 1713 1604 1762 ;
1631 1695 1768 1767 quia
1791 1695 1952 1750 inno-

303 1799 444 1840 cens
497 1782 748 1838 infantia
791 1788 894 1838 tua
941 1789 1048 1839 est.
1098 1784 1253 1839 Pura
1304 1799 1473 1839 mens
1521 1783 1780 1840 hominis
1821 1788 1953 1840 ante

300 1870 710 1928 adolescentia
741 1870 1056 1938 lubricum,
1108 1875 1165 1926 et
1199 1871 1530 1942 juventutis
1561 1888 1837 1928 errorem.
1868 1874 1952 1928 Tu

308 1959 417 2015 tibi
447 1975 583 2031 ergo
616 1959 886 2014 tenebras
916 1958 1101 2014 fecisti
1134 1974 1262 2014 esse
1294 1961 1448 2031 quod
1481 1959 1679 2015 lumen
1714 1965 1821 2016 est.
1855 1961 1957 2017 De-

310 2047 489 2120 nique
517 2047 673 2103 idem
703 2046 931 2112 oculus,
965 2047 1074 2103 hoc
1104 2051 1216 2118 est,
1249 2064 1462 2104 sensus
1492 2048 1770 2118 hominis,
1803 2054 1958 2105 tene-

307 2136 521 2193 brosus
550 2140 640 2193 est
667 2135 727 2191 in
759 2139 1081 2208 peccatore,
1126 2135 1472 2209 splendidus
1523 2138 1582 2192 in
1623 2136 1952 2193 innocente.

375 2226 467 2280 78.
529 2225 645 2280 Nec
692 2225 837 2280 illud
886 2229 1300 2296 pretereamus
1357 2226 1512 2297 quod
1564 2225 1956 2298 Symmachus

313 2312 428 2367 ait:
465 2335 493 2362 «
524 2312 794 2369 Afﬂixisti
827 2330 932 2369 nos
953 2313 1012 2367 in
1033 2313 1158 2369 loco
1180 2314 1428 2369 deserto.
1457 2336 1484 2362 »
1507 2314 1638 2370 Ideo
1664 2313 1959 2386 affigimur

313 2401 469 2458 920
501 2402 640 2474 quia
675 2400 970 2457 interdum
1003 2402 1383 2457 destituimur
1403 2402 1757 2473 protectione
1787 2402 1955 2458 coale-

313 2489 412 2556 sti,
445 2494 501 2545 et
533 2489 690 2562 regio
721 2489 836 2545 ista
873 2491 984 2545 sub
1017 2489 1325 2546 maledicto
1368 2495 1477 2556 est,
1519 2490 1603 2545 vel
1639 2491 1698 2546 in
1731 2491 1956 2546 lubrico

316 2577 600 2634 saeculari.
623 2578 883 2634 Necdum
903 2593 1135 2651 quoque
1155 2579 1532 2635 benedixerat
1548 2584 1764 2636 terram
1787 2596 1956 2636 suam

314 2665 600 2723 Dominus
648 2671 846 2723 noster
893 2667 1066 2723 Jesus
1118 2667 1408 2738 Christus,
1457 2671 1515 2723 et
1561 2666 1690 2724 ideo
1729 2666 1956 2724 labora-

313 2754 480 2825 bant,
498 2769 604 2810 nec
629 2755 702 2809 ad
733 2754 932 2810 lumen
965 2755 1197 2828 pietatis
1228 2756 1357 2826 ejus
1386 2754 1690 2812 oculorum
1725 2757 1957 2830 spirita-

313 2841 461 2898 lium
500 2842 914 2898 intendebatur
943 2844 1202 2899 obtutus.
1237 2843 1456 2900 Deinde
1507 2844 1645 2917 quia
1691 2845 1958 2916 voluptas

314 2933 372 2988 et
400 2929 702 2988 delectatio
735 2931 938 2986 mundi
972 2932 1304 3003 frequenter
1325 2933 1527 3005 irrepit
1549 2933 1766 3004 (Hom.,
1792 2933 1954 3005 Odys.

314 3019 403 3092 Μ).
435 3019 594 3075 Unde
626 3035 742 3075 non
772 3018 1023 3076 vinculis
1051 3019 1307 3076 hominis
1338 3019 1498 3076 illius
1528 3021 1709 3093 ligare
1740 3039 1847 3078 nos
1870 3026 1957 3077 at-

315 3123 431 3180 que
475 3107 692 3164 vincire
734 3108 1040 3175 debemus,
1090 3125 1195 3164 nec
1247 3125 1378 3164 cera
1425 3126 1595 3166 aures
1643 3109 1954 3167 claudere:

318 3197 429 3254 Sed
461 3199 716 3253 avertere
745 3212 944 3252 aurem
978 3197 1447 3267 quotiescunque
1479 3196 1668 3252 aliena
1688 3199 1875 3269 ajtide,
1903 3202 1960 3254 et

2057 632 2154 689 la:
2191 656 2217 683 ‹‹
2253 633 2312 688 in
2368 637 2421 688 te
2456 638 2641 689 morte
2673 633 2986 700 afﬁcimur,
3039 632 3318 705 quoniam
3377 633 3434 686 in
3483 632 3713 688 Christo

2063 721 2489 788 mori,arduum
2522 725 2576 778 et
2607 721 2969 795 gloriosum:
3006 726 3063 777 et
3095 722 3152 776 in
3186 721 3312 793 ipso
3337 721 3713 793 moritur,qui

2061 827 2168 882 pro
2201 812 2330 880 ejus
2362 811 2596 866 nomine
2629 828 2796 866 sacra
2822 811 3092 883 passione
3119 815 3208 865 est
3237 814 3570 865 coronatus.
3604 811 3712 865 Sed

2061 898 2199 970 quid
2228 899 2458 954 miraris
2487 899 2639 970 quod
2655 900 3045 971 requirentem
3071 899 3253 954 Deum
3279 897 3504 953 occulta
3526 898 3716 954 cordis

2060 987 2380 1042 versiculus
2413 987 2522 1043 iste
2553 987 2826 1054 declaret,
2860 1005 2994 1042 cum
3018 987 3156 1042 alibi
3199 987 3381 1042 Deum
3425 991 3707 1043 scrutato-

2062 1091 2184 1130 rem
2214 1075 2432 1147 legeris
2471 1077 2659 1131 cordis
2694 1079 2906 1145 (Jcrem.
2943 1091 3100 1143 xvm,
3138 1077 3222 1142 10)
3267 1076 3294 1130 ?
3319 1099 3344 1124 ››
3369 1076 3516 1140 Quid
3541 1077 3715 1132 etiam

2062 1163 2295 1218 miraris
2319 1165 2365 1218 si
2396 1164 2585 1219 verbis
2613 1164 2829 1220 nostris
2855 1165 3350 1235 majestasdivinze
3371 1166 3713 1221 substantiae

2065 1251 2343 1324 explicari
2378 1269 2492 1307 non
2527 1255 2731 1325 possit,
2767 1271 2899 1308 cum
2928 1254 3007 1308 ait
3029 1253 3340 1325 Apostolus
3366 1255 3514 1326 (78):
3551 1278 3577 1304 ‹‹
3606 1255 3720 1309 Νο-

2062 1339 2164 1396 lite
2216 1345 2354 1395 ante
2440 1345 2674 1413 tempus
2745 1342 2884 1413 quid
2940 1343 3227 1412 judicare,
3288 1344 3470 1398 donec
3531 1343 3720 1399 veniat

2064 1427 2348 1484 Dominus
2394 1431 2496 1501 qui
2548 1429 2912 1484 illuminabit
2959 1431 3185 1486 occulta
3239 1432 3629 1499 tenebrarum,
3665 1437 3722 1487 et

2068 1517 2468 1572 manifestabit
2507 1518 2750 1574 consilia
2799 1520 3104 1574 cordium:
3159 1524 3213 1574 et
3261 1524 3399 1574 tunc
3452 1519 3583 1576 laus
3612 1521 3722 1576 erit

2069 1604 2390 1675 unicuique
2421 1622 2454 1658 a
2488 1610 2599 1661 Deo
2631 1611 2681 1673 (I
2715 1606 2835 1661 Cor.
2872 1625 2946 1674 IV,
2978 1608 3033 1678 5)
3065 1608 3093 1660 ?
3141 1630 3166 1655 »
3201 1608 3494 1662 Tenebras
3525 1609 3721 1663 cordis

2066 1708 2218 1762 saepe
2272 1691 2395 1747 loco
2443 1693 2709 1747 criminis
2761 1693 3032 1764 legimus,
3084 1695 3200 1748 imo
3250 1712 3428 1767 prope
3479 1697 3717 1767 ubique.

2064 1778 2209 1834 Vide
2231 1795 2367 1851 ergo
2390 1797 2461 1835 ne
2493 1781 2604 1836 ista
2626 1781 2747 1836 sint
2769 1782 2992 1836 occulta
3011 1783 3410 1848 tenebrarum,
3431 1801 3557 1855 quze
3583 1787 3723 1839 sunt

2070 1867 2264 1923 cordis
2296 1867 2542 1936 occulta,
2588 1869 2834 1940 ideoque
2882 1871 3256 1925 tenebrarum
3308 1888 3520 1926 nomen
3553 1888 3720 1926 acce-

2070 1955 2282 2028 perint,
2321 1957 2475 2027 quod
2507 1975 2575 2012 ea
2605 1959 2676 2013 ab
2709 1957 2839 2013 aliis
2873 1977 2988 2013 non
3040 1959 3572 2031 deprehendantur,
3617 1960 3720 2015 sed

2067 2045 2307 2100 lateant.
2342 2046 2412 2100 Et
2442 2047 2568 2101 ideo
2600 2046 2884 2102 Dominus
2933 2048 2990 2101 in
3042 2047 3133 2101 die
3170 2048 3379 2117 judicii
3412 2047 3715 2104 illumina-

2068 2137 2238 2188 turus
2309 2133 2594 2189 asseritur
2662 2135 2887 2190 occulta
2961 2136 3354 2201 tenebrarum,
3429 2137 3565 2208 quia
3625 2154 3724 2192 cor

2069 2222 2246 2276 unius
2295 2223 2581 2293 cujusque
2644 2223 3132 2291 manifestabitur,
3207 2226 3362 2296 quod
3431 2229 3564 2280 ante
3626 2242 3720 2280 oc-

2069 2309 2295 2365 cultum
2327 2315 2488 2364 erat:
2524 2311 2630 2366 soli
2679 2311 2915 2383 quidem
2971 2313 3200 2367 Christo
3249 2313 3570 2385 cognitum,
3623 2313 3722 2386 qui

2070 2399 2261 2454 sciens
2285 2398 2493 2469 judicii
2517 2400 2609 2454 sui
2644 2401 2891 2472 gratiam
2917 2400 3031 2456 ait:
3060 2425 3088 2450 «
3112 2401 3267 2456 Nihil
3290 2406 3380 2456 est
3403 2401 3717 2471 occultum,

2070 2487 2224 2559 quod
2257 2503 2371 2542 non
2397 2487 2867 2543 manifestabitur
2890 2490 3095 2560 (Matth.
3129 2508 3184 2556 x,
3227 2493 3338 2558 26).
3378 2513 3398 2540 1

2139 2575 2229 2628 80.
2265 2575 2415 2630 Sunt
2446 2581 2641 2631 autem
2675 2575 2874 2631 multa:
2906 2594 3030 2648 quae
3057 2581 3293 2649 propter
3312 2579 3720 2634 verecundiam

2070 2662 2418 2733 premimus,
2457 2669 2513 2718 et
2564 2669 2628 2719 ut
2675 2664 3025 2736 impleamus
3072 2666 3304 2722 emleste
3351 2669 3718 2733 mandatum,

2068 2750 2246 2806 tacito
2278 2753 2432 2824 apud
2467 2770 2576 2808 nos
2608 2757 2878 2810 tenemus
2919 2755 3151 2822 affectu,
3205 2773 3276 2811 ne
3325 2756 3628 2813 videamur
3658 2758 3717 2812 in

2070 2837 2143 2893 iis
2177 2855 2303 2910 quae
2337 2846 2535 2896 nostra
2580 2846 2739 2908 sunt,
2790 2841 3047 2915 gloriari,
3098 2850 3155 2899 et
3205 2861 3406 2899 eorum
3460 2846 3718 2902 fructum

2069 2926 2362 2999 vulgando
2394 2929 2747 3001 incipiamus
2797 2931 3080 2987 amittere.
3137 2933 3288 2988 Sunt
3337 2937 3532 2989 autem
3563 2937 3710 2992 92‘]

2070 3015 2299 3072 occulta
2320 3019 2638 3090 sapientiae,
2663 3037 2788 3091 quae
2814 3025 3014 3091 raptus
3037 3020 3095 3075 in
3120 3022 3389 3093 paradiso
3413 3024 3715 3094 apostolus

2071 3104 2287 3160 Paulus
2311 3107 2570 3162 audivit:
2599 3112 2655 3162 et
2675 3107 2814 3179 quia
2840 3125 2952 3163 non
2978 3108 3428 3164 licebathomini
3448 3129 3514 3167 ea
3534 3112 3718 3184 loqui,

2072 3195 2225 3266 apud
2251 3211 2312 3250 se
2333 3196 2565 3267 tegebat
2589 3211 2600 3248 :
2629 3212 2742 3249 non
2767 3196 2904 3267 quia
2925 3213 3102 3251 usum
3125 3213 3324 3253 eorum
3349 3203 3448 3253 aut
3468 3201 3717 3273 gratiam

319 3285 614 3341 contraria
641 3282 733 3339 vel
765 3284 1008 3339 adversa
1038 3281 1276 3338 utilitati
1307 3288 1518 3339 nostris
1541 3284 1752 3356 aliquis
1770 3287 1962 3341 existi—
1991 3273 2033 3339 C
2073 3282 2203 3339 aliis
2235 3284 2539 3351 invideret,
2572 3285 2672 3340 sed
2707 3285 2859 3356 quod
2895 3302 3008 3340 non
3039 3285 3250 3342 licebat
3280 3287 3504 3342 homini
3536 3288 3717 3362 loqui,

321 3377 444 3430 mat
484 3372 873 3444 obloquenda,
925 3386 997 3424 ne
1050 3369 1111 3424 in
1161 3386 1226 3424 eo
1279 3387 1548 3426 sermone
1595 3371 1816 3443 operiat
1861 3389 1968 3428 nos

322 3460 531 3516 umbra
562 3459 805 3515 mortis:
841 3462 899 3513 et
943 3457 992 3513 si
1044 3457 1184 3529 quid
1230 3457 1345 3514 tale
1393 3457 1703 3530 profertur,
1738 3475 1843 3514 nos
1874 3462 1968 3513 ta-

327 3564 461 3603 men
496 3546 592 3603 Dei
616 3547 859 3603 verbum
891 3546 1172 3601 debemus
1221 3545 1497 3615 inserere,
1552 3547 1706 3618 quod
1753 3547 1968 3601 mentis

327 3638 540 3692 nostrae
571 3633 772 3690 oculos
805 3634 1029 3707 fulgore
1059 3633 1480 3706 disputationis
1511 3633 1824 3690 illuminet.

339 3769 342 3772 .
395 3724 484 3777 79.
518 3723 701 3795 (Vers.
732 3723 822 3788 2t,
854 3725 948 3778 22.
991 3722 1008 3793 )
1041 3722 1353 3794 Sequitur:
1397 3745 1424 3771 «
1457 3722 1514 3779 Si
1562 3721 1722 3778 obliti
1758 3739 1968 3778 sumus

323 3827 538 3870 nomen
555 3810 874 3878 Deinostri,
897 3812 955 3866 et
975 3811 1024 3866 si
1049 3810 1436 3883 expendimus
1449 3828 1662 3868 manus
1680 3815 1882 3868 nostra
1894 3812 1965 3866 ad

320 3902 460 3957 deos
480 3900 723 3956 alienos.
747 3900 950 3956 Nonne
963 3904 1116 3956 Deus
1138 3899 1392 3973 requiret
1414 3900 1529 3956 ista
1547 3901 1574 3954 ?
1595 3899 1807 3974 Aquila
1829 3902 1963 3973 (77),

321 4011 351 4039 «
383 3988 758 4062 investigabit
785 3988 919 4055 ista,
955 4010 984 4038 »
1014 3988 1177 4059 dixit,
1211 3989 1620 4062 Symmachus,
1652 4013 1678 4037 ‹‹
1713 3990 1967 4046 inveniet

316 4076 472 4134 ista?
500 4081 632 4148 Ipse
660 4077 817 4132 enim
848 4076 1008 4132 novit
1037 4076 1263 4133 occulta
1292 4077 1504 4134 cordis.
1556 4079 1700 4144 Quia
1729 4082 1966 4152 propter

315 4168 373 4220 te
412 4168 599 4221 morte
648 4164 943 4221 efﬁcimur
989 4169 1111 4222 tota
1159 4167 1287 4222 die:
1334 4167 1591 4222 astimati
1636 4185 1844 4223 sumus
1898 4171 1964 4222 ut

317 4269 452 4309 oves
506 4251 842 4309 occisionis.
886 4274 915 4301 ››
965 4253 1110 4317 Quid
1159 4258 1248 4308 est
1305 4255 1460 4326 quod
1515 4256 1631 4310 ait:
1687 4255 1965 4328 Requiret

317 4341 471 4399 Deus
494 4342 523 4396 ?
550 4340 727 4406 Quasi
759 4341 806 4396 si
841 4357 956 4396 non
989 4342 1270 4413 requirat,
1293 4341 1520 4414 ignoret
1544 4361 1556 4398 :
1589 4347 1645 4398 et
1668 4345 1751 4398 sic
1773 4344 1964 4415 requi-

317 4435 405 4487 ret
432 4431 587 4487 Deus
617 4429 971 4486 oblivionem
1002 4433 1165 4484 tuam
1197 4447 1323 4502 quae
1353 4429 1608 4502 irrepsit,
1641 4439 1704 4486 ut
1735 4433 1962 4489 auferat

316 4521 444 4593 ejus
475 4535 646 4576 omne
668 4516 1004 4591 vestigium.
1040 4517 1202 4574 Unde
1243 4523 1301 4573 et
1348 4518 1559 4591 Aquila
1588 4520 1766 4575 dixit:
1802 4544 1830 4570 «
1866 4523 1957 4577 In-

2077 3369 2221 3424 forte
2250 3371 2424 3426 etiam
2458 3371 2681 3427 homini
2712 3372 2914 3428 audire
2946 3389 3059 3427 non
3091 3373 3399 3445 proderat:
3429 3391 3555 3447 quae
3579 3381 3720 3433 tunc

2075 3455 2434 3512 illuminabit
2449 3460 2750 3528 Dominus,
2775 3476 2910 3515 cum
2931 3459 3456 3517 illuminandorum
3480 3472 3721 3520 secreto-

2078 3559 2208 3598 rum
2239 3547 2472 3616 tempus
2504 3547 2818 3601 advenerit.
2851 3548 2993 3603 Vide
3023 3566 3093 3604 ne
3121 3550 3296 3604 etiam
3331 3550 3388 3605 in
3411 3551 3718 3625 Evangelio

2077 3631 2416 3687 distantiam
2449 3632 2705 3704 aliquam
2738 3635 3012 3705 reperias,
3049 3637 3147 3690 ubi
3180 3638 3362 3693 dixit:
3404 3663 3424 3691 ι
3451 3641 3605 3696 Nihil
3631 3659 3720 3699 oc-

2076 3719 2298 3774 cultum
2332 3721 2487 3792 quod
2519 3739 2633 3776 non
2685 3722 3179 3788 manifestabitur,
3234 3742 3420 3798 neque
3451 3735 3716 3800 opertum

2077 3809 2232 3880 quod
2258 3825 2376 3863 non
2407 3809 2757 3865 revelabitur
2786 3811 2990 3882 (lbid.).
3021 3833 3048 3861 »
3076 3811 3223 3866 Illud
3249 3819 3442 3869 tamen
3462 3818 3721 3890 adstipu-

2073 3897 2230 3953 latur
2261 3898 2332 3952 ad
2357 3897 3293 3971 superioreminterpretationem,
3321 3907 3383 3956 ut
3407 3907 3720 3977 utrumque

2075 3986 2145 4041 de
2170 3985 2342 4040 bonis
2374 4003 2501 4041 esse
2528 3986 2856 4053 credamus,
2891 3986 3027 4059 quia
3076 3989 3357 4060 scriptum
3391 3995 3511 4046 est:
3547 4015 3574 4040 «
3611 3993 3718 4047 Co-

2072 4075 2303 4148 gnoscit
2328 4075 2612 4131 Dominus
2644 4075 2742 4147 qui
2771 4077 3126 4149 sunt-ipsius
3175 4080 3248 4150 (11
3281 4080 3412 4134 Tim.
3446 4097 3508 4150 II,
3546 4081 3650 4153 19).
3690 4105 3715 4130 ››

2072 4164 2220 4219 Suos
2251 4181 2388 4238 ergo
2418 4165 2738 4237 cognoscit,
2785 4170 2840 4219 et
2872 4182 2968 4220 eos
3016 4167 3317 4239 cognoscit
3366 4169 3464 4240 qui
3498 4185 3713 4242 cogno-

2072 4258 2242 4309 scunt
2259 4254 2472 4309 Deum:
2494 4254 2722 4326 ignorat
2745 4259 2939 4309 autem
2961 4271 3060 4310 eos
3084 4257 3181 4326 qui
3207 4255 3479 4328 ignorant
3499 4258 3710 4328 Deum;

2071 4343 2172 4414 qui
2203 4343 2357 4398 enim
2391 4343 2641 4415 ignorat,
2671 4343 3056 4414 ignorabitur.
3105 4345 3389 4402 Dominus
3421 4365 3554 4421 ergo
3587 4365 3714 4421 quae

2071 4432 2224 4487 bona
2250 4437 2407 4498 sunt,
2440 4431 2838 4504 recognoscit:
2872 4449 2940 4488 ea
2971 4450 3096 4505 quae
3129 4439 3269 4490 sunt
3313 4435 3487 4508 plena
3519 4438 3714 4510 cogni-

2069 4520 2248 4576 tionis
2278 4520 2506 4585 divinai,
2540 4536 2602 4574 ea
2634 4538 2759 4592 qua;
2794 4525 2932 4576 sunt
2962 4522 3188 4593 occulta
3216 4525 3532 4596 sapientiae,
3559 4529 3716 4583 novit

312 4607 624 4680 vestigabit
653 4609 784 4664 ista.
815 4628 842 4655 »
868 4607 1016 4662 Nam
1039 4606 1240 4679 utique
1262 4606 1361 4680 qui
1385 4609 1542 4664 novit
1561 4608 1751 4664 cordis
1770 4609 1958 4666 oceul-
1988 4632 2034 4697 Β
2067 4608 2372 4676 Dominus,
2407 4613 2709 4664 aversatur
2735 4613 2926 4666 autem
2960 4628 3026 4666 ea
3069 4628 3194 4684 quae
3230 4618 3370 4669 sunt
3401 4614 3572 4688 plena
3605 4615 3710 4669 ini-

315 4700 394 4762 ta,
427 4697 720 4768 quomodo
749 4695 974 4769 quaerit,
1007 4696 1099 4752 cui
1148 4695 1324 4751 etiam
1371 4712 1438 4751 ea
1477 4713 1607 4769 quae
1637 4702 1774 4754 sunt
1805 4700 1952 4755 inte-

309 4787 485 4855 riora,
518 4786 831 4843 manifesta
855 4785 1042 4841 sunt?
1069 4783 1368 4857 Siquidem
1409 4786 1562 4858 apud
1595 4786 1778 4842 Deum
1811 4805 1950 4844 con-

311 4874 558 4934 scientia
586 4873 1054 4946 uniuscujusque
1085 4889 1146 4929 se
1186 4873 1398 4946 prodit,
1433 4878 1490 4931 et
1542 4875 1813 4948 cogitatio
1844 4877 1948 4934 ho-

310 4963 489 5021 minis
520 4963 674 5036 apud
705 4980 842 5020 eum
893 4979 954 5020 se
1003 4965 1104 5019 aut
1149 4963 1520 5030 condemnat,
1572 4968 1674 5020 aut
1718 4972 1946 5039 purgat.

306 5056 386 5109 De
406 5053 585 5126 nique
614 5051 828 5124 Aquila
859 5075 887 5103 ς(
916 5051 1158 5108 visionis
1205 5051 1396 5108 cordis
1425 5075 1452 5102 »
1497 5053 1662 5121 dixit,
1695 5071 1761 5110 eo
1794 5057 1946 5127 quod

308 5140 501 5199 videat
530 5159 630 5198 cor
668 5145 956 5208 nostrum,
981 5144 1036 5196 et
1049 5139 1241 5195 omnis
1255 5140 1436 5195 nostri
1458 5141 1731 5214 cogitatio
1757 5144 1948 5199 cordis

303 5228 362 5285 in
395 5235 670 5304 promptu
698 5230 774 5286 sit
804 5229 956 5301 apud
984 5228 1192 5294 Deum,
1223 5232 1401 5301 atque
1441 5229 1493 5285 ei
1526 5231 1944 5304 cogitationum

371 5353 461 5429 77:
497 5352 649 5429 Edit.
684 5353 850 5429 Rom.
884 5369 982 5429 sex
1008 5350 1129 5429 illis
1158 5352 1372 5429 verbis,
1404 5355 1608 5429 Aquila
1637 5361 1770 5425 etc.,
1800 5359 1945 5429 reje-

303 5421 416 5498 ctis
445 5423 505 5477 in
535 5422 832 5498 inferiora,
863 5427 920 5498 et
947 5423 1137 5498 tribus
1165 5421 1718 5498 versibus,'Si:obliti
1734 5421 1941 5497 sumus,

303 5496 442 5580 etc,
471 5491 750 5580 cgntinua
779 5493 925 5580 serie
956 5495 1287 5580 dispositis,
1314 5491 1621 5580 spbjun'git
1646 5516 1658 5555 :
1679 5500 1825 5580 Quid
1845 5491 1942 5580 est,

302 5560 565 5638 quodnit:
596 5579 776 5620 nonne
804 5566 942 5621 Deus
963 5560 1202 5638 requiret
1221 5560 1326 5622 ista
1343 5567 1371 5622 ?
1395 5560 1620 5636 ῥααδῖν,
1640 5560 1748 5626 etc.
1776 5560 1942 5628 nobis

303 5632 376 5712 ab
404 5632 540 5689 edit.
575 5638 694 5712 ant.
736 5640 793 5712 et
821 5653 974 5710 mss.
997 5632 1261 5712 recedere
1296 5632 1566 5712 religioni
1591 5632 1717 5697 fuit.
1755 5647 1816 5698 In
1847 5643 1939 5699 his

294 5710 498 5763 tamen
566 5707 637 5762 ab
695 5708 828 5765 edit.
895 5708 1342 5766 et’cod.'Vict.'
1372 5707 1430 5768 et
1475 5711 1632 5770 Colb.
1669 5715 1936 5772 nonnihil

2067 4697 2310 4769 quitatis
2338 4701 2512 4770 atque
2544 4699 2787 4770 peccati.

2133 4787 2222 4841 81.
2274 4786 2532 4858 Denique
2581 4787 2627 4842 si
2683 4786 2928 4843 istorum
2991 4806 3298 4860 personam
3356 4787 3709 4855 consideres,

2064 4889 2212 4945 quos
2243 4873 2406 4928 nulla
2444 4873 2620 4930 divini
2647 4874 2839 4931 cultus
2859 4875 3069 4932 oblivio
3091 4874 3399 4945 separavit,
3435 4879 3498 4928 ut
3523 4873 3710 4930 alieno

2063 4963 2169 5020 deo
2200 4963 2593 5036 expanderent
2623 4981 2761 5019 suas
2812 4982 3044 5034 manus,
3093 4969 3267 5034 atque
3316 4961 3538 5035 aperire
3571 4980 3709 5019 suas

2062 5052 2292 5108 animas
2315 5052 2628 5120 noluerint,
2651 5051 2940 5125 intelliges
2964 5053 3114 5124 quod
3139 5052 3195 5105 in
3212 5050 3421 5106 ocultis
3445 5052 3571 5108 suis
3593 5069 3707 5108 non

2065 5141 2281 5215 ﬂagitia
2311 5141 2512 5213 aliqua
2543 5145 2732 5205 erant,
2766 5141 2864 5194 sed
2901 5156 2968 5194 ea
2997 5157 3122 5210 quae
3146 5143 3341 5194 essent
3366 5139 3707 5196 innocentiae

2057 5230 2454 5301 continebant,
2476 5229 2956 5300 quandoquidem
2981 5235 3164 5283 morte
3179 5228 3485 5284 afﬁcieban
3497 5233 3551 5283 tu
3563 5247 3588 5283 r
3602 5247 3705 5301 pro

2054 5353 2414 5410 dissentiunt
2438 5370 2451 5419 ;
2486 5353 2756 5424 quinque
2778 5352 2880 5408 alii
2914 5352 2993 5408 ita
3017 5357 3240 5424 partem
3266 5353 3536 5408 ultimam
3564 5371 3704 5424 prae-

2054 5369 2414 5410 cissentiunt
2438 5370 2451 5419 ;
2486 5369 2746 5477 quinque
2778 5369 2880 5408 am
2914 5369 2993 5408 ita
3017 5369 3240 5424 partem
3266 5369 3536 5408 ultimam
3564 5371 3704 5424 prae-

2054 5427 2306 5482 ferentes
2331 5442 2342 5478 :
2381 5425 2486 5492 Qui
2541 5432 2591 5478 et
2621 5423 2760 5494 quod
2789 5426 2866 5479 ait
2904 5441 2915 5480 :
2978 5427 3222 5496 requiret
3247 5427 3387 5480 Deus
3413 5429 3437 5479 .9
3467 5425 3704 5482 Oblivio-

2052 5515 2177 5553 nem
2199 5503 2352 5568 tqui
2375 5509 2499 5566 qua:
2521 5497 2738 5568 irrepsit
2761 5500 2813 5549 ul
2838 5498 3191 5568 (ui/eratejus
3212 5513 3369 5552 omne
3393 5498 3700 5566 vestigium.

2126 5570 2238 5639 (78)
2271 5565 2414 5642 Vict.
2449 5571 2506 5620 et
2527 5565 2718 5642 Colb.,
2752 5583 2884 5642 cum,
2911 5565 3064 5622 illud
3096 5565 3323 5642 'quoque
3363 5565 3585 5624 turbare
3604 5584 3703 5623 nos

2051 5636 2164 5695 non
2191 5639 2372 5710 possit
2398 5636 2538 5708 quod
2563 5639 2642 5692 ait
2674 5638 2976 5709 Apostolus,
3010 5642 3115 5694 etc.
