4146 6190
442 318 636 424 1433'

1897 336 1962 402 8.
2008 335 2382 420 AMBROSII

3683 339 3837 444 tisi

438 473 541 533 Dei
573 473 1023 547 c.ultu,.to.taque
1049 470 1155 540 die
1174 471 1559 534 versabantur
1586 471 1644 531 in
1678 479 1900 533 morte:
1936 473 2088 533 sicut
2114 473 2170 543 Α
2197 474 2274 534 tis
2305 474 2587 558 implevit,
2621 478 2882 558 tempore
2920 474 3212 558 Evangelii
3255 475 3314 536 in
3361 473 3497 536 navi
3527 473 3838 534 dormivit:

433 558 489 621 et
517 564 854 622 versabatur
890 562 1128 633 Paulus,
1154 563 1255 636 qui
1305 564 1421 620 ait:
1456 587 1485 616 «
1538 565 1806 629 Quotidie
1863 557 2085 623 morior

433 671 536 728 per
564 657 812 708 vestram
846 652 1093 725 gloriam
1125 655 1177 725 (Ι
1209 654 1329 710 Cor.
1365 672 1457 724 xv,
1490 655 1601 725 3i).
1635 678 1662 705 »
1696 653 1761 710 Et
1781 653 1914 711 vere
1947 671 2086 728 quo-

429 742 572 798 tidie
621 741 838 798 Paulus
889 729 1254 800 moriebatur
1321 745 1642 799 secundum
1712 761 1972 812 carnem,
2022 743 2082 799 in

422 831 692 903 jejuniis,
720 830 778 886 in
813 831 1157 903 naufragiis,
1192 832 1252 886 in
1286 831 1529 887 diversis
1561 822 1854 904 periculis,
1888 833 1945 887 in
1978 833 2084 888 mi-

429 921 599 976 seriis
623 920 974 975 constitutns
999 938 1011 986 ;
1037 920 1136 974 sed
1161 937 1274 974 non
1297 924 1455 975 totus
1480 921 1854 977 moriebatur.
1881 921 2082 977 Morie-

427 1011 600 1066 batur
617 1009 790 1064 homo
808 1010 936 1080 ejus
955 1009 1223 1078 exterior,
1247 1010 1349 1064 sed
1384 1011 1775 1088 renovabatur
1795 1011 2037 1066 interior
2062 1029 2075 1066 :

429 1103 484 1155 et
514 1098 644 1153 ideo
678 1115 792 1153 non
826 1097 1153 1164 deﬁciebat,
1190 1115 1321 1152 cum
1348 1103 1434 1153 tot
1455 1097 1727 1170 periculis
1748 1104 2074 1172 urgeretur,

335 1239 337 1246 .
427 1188 563 1258 quia
597 1187 702 1243 etsi
739 1186 990 1242 exterior
1019 1187 1196 1242 homo
1228 1189 1356 1258 ejus
1387 1188 1890 1260 corrumpebatur,
1922 1189 2076 1244 inte-

424 1277 541 1333 rior
571 1276 957 1331 renovabatur
1012 1276 1083 1330 de
1117 1276 1206 1331 die
1259 1275 1318 1331 in
1367 1277 1542 1346 diem,
1595 1277 1734 1348 quia
1775 1277 1930 1332 diem
1961 1277 2073 1333 sibi

425 1366 892 1436 uniuscujusque
923 1365 1071 1419 ﬁdes
1095 1368 1151 1418 et
1171 1364 1358 1437 gratia
1378 1365 1734 1437 operationis
1757 1365 2070 1420 illuminat.

424 1454 584 1510 Unde
607 1470 711 1508 nec
733 1452 952 1508 Paulus
975 1452 1279 1524 apostolus
1298 1457 1524 1508 noctem
1552 1453 1787 1521 sciebat,
1813 1453 1950 1526 quia
1971 1453 2072 1526 qui

424 1548 753 1610 renovatur,
790 1558 1024 1612 semper
1055 1542 1113 1595 in
1143 1541 1272 1597 luce
1302 1546 1409 1596 est.
1443 1543 1524 1596 An
1560 1542 1667 1596 tibi
1704 1559 1816 1598 non
1844 1542 2074 1596 videtur

421 1632 477 1687 in
512 1631 659 1704 luce,
694 1630 792 1702 qui
824 1630 1038 1686 Christi
1071 1630 1126 1684 in
1183 1647 1242 1685 se
1291 1630 1551 1684 continet
1583 1630 1924 1686 charitatem
1948 1631 1975 1684 ?
2001 1630 2073 1685 Et

419 1719 546 1777 ideo
565 1719 989 1775 immolationis
1009 1735 1253 1774 securus
1275 1719 1386 1790 ('79)
1407 1719 1553 1773 dura
1568 1736 1680 1774 non
1705 1718 1946 1791 refugit:
1965 1735 2070 1774 nec

419 1825 553 1864 eum
586 1807 914 1880 persecutio
947 1805 1084 1873 ulla,
1114 1810 1216 1862 aut
1248 1806 1455 1873 fames,
1490 1812 1590 1861 aut
1620 1806 1851 1879 gladius
1882 1811 2068 1877 potest
2097 1839 2144 1902 B

418 1913 454 1950 a
480 1895 709 1951 Christo
741 1894 986 1951 Domino
1020 1911 1312 1966 separare,
1367 1910 1541 1966 quem
1594 1895 1828 1951 vincula
1857 1894 2063 1951 divinas

418 1985 718 2041 charitatis
750 1984 1105 2056 astringunt.

486 2074 574 2128 82.
608 2075 797 2145 (Vers.
848 2073 964 2139 23.)
1013 2072 1252 2128 Interim
1309 2076 1502 2128 tamen
1553 2072 1612 2127 in
1665 2073 1835 2128 bonis
1867 2072 2060 2138 Zetiam

415 2161 691 2235 operibus
718 2177 884 2216 mens
915 2159 1177 2214 humana
1215 2159 1510 2228 turbatur,
1557 2163 1613 2214 et
1640 2158 2066 2215 tentationibus

415 2251 698 2323 quatitur.
733 2250 953 2305 Tamen
1004 2254 1061 2304 et
1108 2249 1219 2303 hoc
1259 2249 1560 2319 justorum
1602 2253 1711 2316 est,
1746 2251 1810 2302 ut
1839 2264 1971 2303 cum
2005 2264 2067 2303 se

413 2339 626 2395 tentari
689 2337 963 2402 viderint,
1030 2337 1441 2408 adjumentum
1510 2337 1848 2408 deposcant,
1913 2335 2068 2392 sicut

416 2427 663 2500 apostoli
715 2427 772 2481 in
820 2425 1128 2498 Evangelio
1178 2425 1366 2496 (Math.
1417 2442 1538 2490 vm,
1588 2426 1678 2496 25)
1731 2441 1866 2480 cum
1904 2423 2064 2480 Chri-

417 2519 544 2571 stus
565 2513 848 2570 dormiret
870 2515 925 2568 in
952 2513 1103 2576 navi,
1129 2513 1842 2586 tempestatemvfluctuum
1871 2512 2068 2567 formi-

416 2605 623 2662 dantes
638 2601 1358 2658 excitaveruntDominum
1375 2601 1406 2657 J
1412 2618 1574 2657 esum
1588 2603 1752 2666 ,utab
1767 2601 1860 2656 his
1874 2601 2068 2657 tormi-

416 2693 611 2748 dinem
676 2689 1065 2765 propulsaret.
1132 2690 1337 2746 Nonne
1398 2691 1502 2746 tibi
1571 2690 1840 2745 videntur
1880 2689 2065 2745 sancti

416 2780 661 2855 apostoli
696 2781 840 2836 istos
872 2779 1087 2836 dixisse
1114 2779 1465 2835 versiculos:
1502 2803 1528 2828 «
1563 2779 1842 2852 Exsurge,
1885 2795 2066 2850 quare

416 2871 739 2941 obdormis,
773 2869 1019 2939 Domine
1043 2868 1070 2922 ‘l
1101 2869 1378 2940 Exsurge,
1413 2871 1472 2922 et
1500 2885 1571 2923 ne
1603 2867 1851 2940 repellas
1879 2883 2066 2938 usque

415 2960 475 3015 in
507 2960 706 3014 ﬁnem.
743 2981 770 3006 »
803 2958 968 3014 Certe
999 2956 1110 3012 etsi
1137 2955 1332 3012 littera
1361 2956 1582 3012 distare
1610 2955 1896 3022 videatur,
1927 2972 2062 3010 con-

416 3048 616 3104 cordat
647 3047 954 3103 sententia.
987 3045 1185 3119 Neque
1215 3061 1346 3101 vero
1375 3045 1460 3100 vel
1495 3045 1555 3100 in
1587 3061 1824 3118 corpore
1854 3043 2065 3100 consti-

415 3141 579 3193 tutus
605 3137 684 3192 ita
704 3137 1031 3194 dormiebat
1055 3136 1336 3192 Dominus
1358 3140 1557 3191 noster
1574 3135 1747 3191 Jesus
1770 3134 2059 3200 Christus,

2194 570 2252 623 et
2281 565 2436 644 sicut
2463 553 2559 623 ille
2589 553 2779 624 tribus
2819 553 3040 646 diebus
3075 561 3132 624 et
3177 563 3369 624 tribus
3418 565 3696 646 noctibus
3728 566 3843 622 fuit

2192 653 2248 710 in
2269 645 2480 712 ventre
2510 645 2754 724 ce‘ti,’it'a
2795 651 2975 712 Filius
3003 653 3282 713 'hominis‘
3317 645 3511 712 tribus
3543 655 3756 732 diebus
3788 660 3843 711 et

2190 745 2381 800 tribus
2412 745 2677 800 noctibus
2707 743 2818 800 fuit
2846 745 2908 813 in
2933 745 3101 818 corde
3135 750 3314 822 terrae,
3349 745 3412 801 in
3445 744 3539 802 sui
3567 745 3841 818 corporis

2191 833 2485 905 passione.
2528 833 2634 900 Qui
2662 834 2762 889 ubi
2790 851 2854 890 se
2880 827 3149 890 excitavit
3174 852 3207 890 a
3237 838 3448 902 morte,
3474 838 3533 890 et
3554 821 3838 889 sumnum

2190 923 2281 979 sui
2331 923 2587 995 corporis
2635 923 2932 991 relaxavit,
2983 925 3049 977 ut
3097 939 3197 995 pro
3259 921 3452 1000 salute
3501 911 3840 996 resurgeret

2143 1067 2156 1080 ,
2189 1011 2614 1079 universorum,
2648 1005 2970 1086 diecipulos
2999 1011 3268 1080 visitavit.
3302 1012 3409 1066 Hic
3441 1015 3534 1067 est
3569 1027 3706 1084 ergo
3739 1029 3838 1067 ve-

2187 1097 2287 1156 rus
2308 1100 2507 1170 Jonas,
2541 1100 2638 1172 qui
2661 1087 3149 1156 obtulit'animam
3171 1116 3340 1154 suam
3364 1099 3830 1171 redemptionem

2185 1205 2289 1260 pro
2319 1189 2508 1244 nobis.
2544 1183 2856 1260 Propterea
2881 1204 3016 1261 ergo
3047 1187 3310 1244 sublatus
3361 1191 3422 1243 et
3464 1186 3673 1243 missus
3726 1192 3822 1243 est

2183 1277 2242 1332 in
2295 1294 2473 1344 mare,
2534 1281 2599 1332 ut
2653 1277 3014 1348 exciperetur
3068 1281 3124 1332 et
3178 1266 3556 1332 devoraretur
3608 1293 3643 1330 a
3680 1263 3832 1344 ceto,

2186 1382 2302 1438 quo
2330 1365 2488 1421 intra
2516 1365 2713 1421 alvum
2747 1366 2856 1421 ceti
2887 1365 3116 1437 positus
3144 1365 3270 1436 ejus
3308 1363 3592 1420 interiora
3621 1381 3833 1418 vacua-

2182 1458 2286 1519 ret.
2320 1455 2400 1509 De
2429 1469 2544 1525 quo
2583 1458 2709 1509 ceto
2748 1453 2859 1509 hoc
2906 1452 3125 1508 dictum
3169 1453 3264 1519 sit,
3314 1451 3453 1507 audi
3491 1453 3602 1508 Job
3633 1453 3841 1508 dicen-

2180 1547 2298 1598 tem
2325 1586 2338 1611 ,
2379 1542 2539 1605 «‘Qui
2579 1542 2775 1608 habet,
2825 1540 3037 1614 inquit,
3087 1558 3367 1614 magnum
3417 1541 3617 1596 cetum
3649 1541 3836 1612 capti-

2181 1627 2319 1689 vum
2352 1621 2591 1687 reddere
2631 1632 2747 1702 (Job
2772 1622 2972 1703 111,8).
3027 1621 3067 1683 ι⁴
3103 1629 3241 1694 Quis
3289 1631 3400 1685 iste
3446 1634 3541 1685 est
3561 1627 3833 1702 ?.Utique

2179 1719 2504 1794 cognoscis,
2539 1737 2672 1775 cum
2704 1717 2915 1792 legeris
2945 1716 3099 1791 quod
3122 1718 3406 1774 Dominus
3435 1715 3644 1790 noster
3660 1719 3827 1774 Jesus

2180 1807 2444 1865 Christus
2476 1808 2762 1879 captivam
2795 1806 3024 1862 duxerit
3048 1806 3444 1878 captivitatem
3496 1806 3721 1879 (Ephes.
3755 1824 3828 1875 iv,

2183 1886 2276 1968 8);
2309 1896 2534 1952 devicto
2583 1883 2739 1951 enim
2794 1894 3124 1950 adversario
3172 1898 3229 1950 et
3275 1893 3542 1961 inimico,
3596 1911 3705 1950 nos
3736 1894 3832 1968 qui

2183 1985 2392 2056 captivi
2423 2001 2680 2053 eramus,
2712 1975 2998 2056 coepimus
3025 1983 3352 2040 libertatem
3403 1982 3703 2054 poesidere
3727 1985 3835 2055 per

2181 2072 2500 2129 Christum.
3099 2068 3102 2075 ’
3461 2075 3466 2080 “

2245 2163 2336 2217 84.
2369 2150 2631 2233 Denique
2659 2161 2793 2238 ipsa
2822 2160 3007 2217 oratio
3037 2160 3222 2216 sancti
3244 2161 3412 2216 Jona
3433 2159 3598 2216 docet
3622 2159 3819 2215 Domi-

2178 2249 2320 2306 nicis
2351 2249 2643 2323 passionis
2674 2241 2802 2305 esse
2842 2249 3140 2322 mysteria,
3170 2265 3306 2305 cum
3336 2237 3486 2306 dixit
3509 2251 3575 2305 ;’‹‹
3602 2248 3826 2328 Clama-

2175 2338 2251 2408 vi,
2284 2339 2500 2410 inquit,
2530 2339 2601 2394 ad
2623 2337 2938 2394 Dominum
2964 2354 3160 2394 meum
3183 2337 3240 2392 in
3267 2336 3652 2393 tribulatione
3674 2353 3824 2402 mea,

2177 2432 2233 2484 et
2262 2425 2484 2483 audivit
2514 2443 2607 2483 me
2637 2419 2712 2482 de
2727 2432 2928 2483 ventre
2948 2426 3157 2482 inferni
3184 2425 3371 2498 (Jonas
3392 2443 3456 2496 n,
3481 2426 3556 2498 3).
3591 2426 3622 2475 ν
3650 2415 3827 2481 Vides

2177 2516 2316 2588 quia
2344 2515 2554 2572 interni
2583 2509 2843 2571 ventrem
2875 2514 3039 2582 dixit,
3073 2530 3188 2569 non
3222 2513 3385 2570 ceti?
3407 2512 3701 2569 Dominus
3731 2529 3827 2568 au-

2173 2609 2292 2660 tem
2324 2621 2439 2659 non
2470 2604 2531 2659 in
2561 2607 2777 2672 cetum,
2811 2603 2915 2659 sed
2946 2603 3006 2658 in
3053 2602 3351 2658 infernum
3402 2602 3733 2669 descendit,
3767 2607 3826 2656 ut

2174 2697 2230 2749 et
2259 2692 2343 2748 illi
2375 2693 2474 2765 qui
2506 2686 2853 2760 in'int‘ernis
2902 2679 3105 2758 erant,
3139 2708 3173 2746 a
3226 2689 3528 2763 perpetuis
3575 2689 3824 2746 vinculis

2174 2781 2562 2844 solverentur.
2584 2779 2847 2853 Denique
2868 2774 3130 2853 plerique
3150 2780 3327 2836 etiam
3349 2782 3820 2854 resurrexerunt.

2175 2871 2308 2937 Quae
2328 2873 2524 2925 autem
2548 2857 2794 2924 flumina
2814 2867 3326 2924 circumdederunt
3353 2865 3594 2935 Jonam,
3623 2870 3728 2943 aut
3754 2868 3826 2922 de

2175 2975 2292 3032 qua
2321 2959 2531 3032 abysso
2563 2957 2709 3034 dixit
2727 2953 2909 3013 Jonas
2935 2974 2948 3012 :
2975 2980 3005 3007 «
3024 2955 3286 3029 Abyssus
3314 2949 3711 3036 circumdedit
3725 2973 3822 3034 me

2172 3047 2513 3112 novissima,
2545 3045 2750 3101 mersit
2777 3049 2955 3118 caput
2989 3061 3186 3101 meum
3239 3044 3298 3100 in
3351 3043 3603 3101 ﬁssurae
3657 3061 3823 3100 mon-

2170 3137 2321 3192 tium
2356 3154 2369 3204 ;
2403 3133 2677 3192 descendi
2709 3133 2769 3189 in
2799 3129 3037 3202 terram,
3070 3134 3241 3205 cujus
3289 3145 3432 3190 seras
3463 3137 3608 3189 sunt
3636 3134 3824 3189 conti-

419 3230 484 3281 ut
515 3225 806 3298 ignoraret
835 3230 1246 3297 tempestatem
1279 3225 1480 3292 maris,
1505 3228 1561 3279 et
1582 3227 1779 3279 exorta
1808 3220 2062 3296 procella
2092 3201 2134 3269 (ἶ
2153 3201 2379 3304 nentes
2407 3213 2707 3279 aeternales
2738 3220 2980 3296 (Ibid.,6,
3008 3201 3066 3293 7)
3086 3201 3172 3276 ?;:
3208 3209 3565 3302 Utiquelh'oc
3595 3219 3820 3293 adper-

415 3319 721 3371 ventorum
755 3313 1142 3386 cognitionem
1174 3315 1302 3383 ejus
1342 3329 1443 3384 per
1487 3305 1856 3366 altitudinem
1889 3326 2060 3382 sopo-

417 3403 498 3457 ris
529 3404 847 3460 excederet.
881 3401 1214 3456 Dormiebat
1243 3416 1500 3472 corpore,
1537 3399 1636 3455 sed
1675 3399 1887 3456 virtute
1916 3398 2059 3474 vigi-

417 3489 601 3546 lubat.
635 3492 704 3545 Et
732 3490 1037 3560 dispositio
1068 3487 1171 3543 illa
1218 3487 1346 3557 fuit,
1382 3493 1445 3542 ut
1494 3488 1832 3544 ascenderet
1863 3487 1922 3543 in
1957 3504 2060 3542 na-

417 3594 547 3632 vem
597 3578 698 3633 Dei
748 3576 904 3661 ﬁlius
952 3577 1052 3633 Dei
1112 3576 1409 3632 Verbum:
1461 3579 1839 3633 escenderent
1886 3577 2061 3632 etiam

420 3665 598 3722 simul
628 3664 896 3738 discipuli
929 3665 1018 3721 sui
1046 3683 1058 3720 :
1094 3682 1241 3738 quos
1288 3664 1566 3721 remissos
1605 3665 1759 3738 922
1790 3669 1848 3720 et
1878 3664 2062 3738 negli-

419 3757 619 3827 gentes
650 3771 778 3811 esse
809 3772 922 3810 non
955 3771 1190 3828 passus,
1216 3754 1383 3826 quasi
1409 3753 1479 3809 de
1503 3754 1733 3809 Domini
1760 3752 2066 3826 prementia

419 3847 475 3899 et
507 3843 698 3900 favore
730 3860 986 3913 securos,
1019 3860 1224 3899 somno
1267 3843 1527 3915 corporis
1559 3859 1685 3899 sese
1715 3841 2062 3914 composuit.

419 3931 566 4005 Ergo
598 3933 699 3989 illa
730 3933 921 4005 specie
952 3932 1168 3999 somni,
1200 3931 1453 3987 dormire
1483 3947 1611 3988 esse
1656 3930 1875 3986 mundo
1907 3930 2065 4002 huic,

418 4021 701 4094 apostolis
731 4023 988 4078 Verbum
1020 4021 1121 4077 Dei
1168 4021 1628 4076 demonstrabat.
1658 4019 1953 4092 Vigilabat
1980 4023 2067 4074 ta-

419 4127 552 4166 men
602 4111 732 4182 ejus
779 4116 1038 4182 potestas
1086 4114 1143 4165 et
1189 4109 1573 4182 providentia,
1622 4125 1748 4180 qua:
1793 4108 2071 4167 excitavit

417 4203 825 4272 tempestatem
858 4199 918 4254 in
951 4197 1121 4266 mari,
1149 4201 1214 4252 ut
1235 4199 1397 4254 navis
1439 4195 2073 4270 propemoduminsur—

418 4288 692 4362 gentibus
721 4273 998 4344 fluctibus
1022 4287 1346 4360 operiretur
1369 4303 1380 4342 :
1413 4303 1529 4358 qua
1549 4284 1823 4360 discipuli
1847 4289 2069 4362 tempe-

420 4380 567 4432 state
626 4377 869 4445 turbati,
926 4382 1123 4433 utrum
1197 4375 1453 4431 salubris
1527 4373 1758 4430 consilii
1817 4389 1878 4430 se
1937 4391 2072 4446 pro-

419 4463 641 4521 visione
713 4465 1005 4532 fulcirent,
1085 4481 1155 4520 an
1235 4481 1369 4519 vero
1444 4463 1769 4518 remedium
1832 4462 2073 4518 excede-

421 4557 549 4607 rent
579 4553 710 4624 (80),
745 4558 1208 4625 cognosceretur.
1244 4554 1353 4610 Sed
1386 4552 1502 4608 illis
1525 4552 1739 4625 quibus
1761 4552 1933 4608 Jesus
1956 4568 2073 4608 non
2103 4571 2150 4636 Π

420 4640 767 4708 dormiebat,
848 4641 1129 4714 vigilabat
1206 4641 1381 4698 ﬁdes:
1457 4646 1514 4697 et
1570 4642 1700 4698 ideo
1759 4644 2067 4718 surgentes

419 4730 815 4786 excitaverunt
839 4730 1151 4785 Dominum
1176 4731 1403 4798 Jesum,
1437 4730 1695 4786 dicentes
1719 4747 1730 4784 :
1765 4728 2063 4798 «Domine,

421 4817 580 4875 salva
612 4837 738 4884 nos,
773 4818 1034 4891 perimus
1063 4818 1273 4889 (Matth.
1316 4836 1436 4887 vni,
1467 4818 1577 4888 36).
1615 4842 1642 4867 ››

493 4909 583 4964 83.
612 4907 757 4963 Vide
786 4909 834 4963 si
865 4908 1040 4963 etiam
1092 4907 1232 4963 illuc
1281 4907 1575 4979 discrepat
1621 4909 1692 4962 ab
1738 4906 2066 4980 Evangelia,

423 4997 580 5071 quod
615 4997 686 5053 de
713 4997 864 5053 Jona
893 4997 1144 5069 legimus
1187 4996 1359 5068 (Jona:
1388 5013 1451 5062 II,
1498 4995 1569 5065 1),
1615 4995 1714 5067 qui
1745 4993 2072 5052 dormiebat

420 5087 480 5141 in
511 5092 710 5144 ventre
741 5087 929 5152 navis,
972 5091 1028 5142 et
1059 5086 1375 5142 stertebat:
1431 5084 1492 5138 in
1543 5101 1659 5156 quo
1717 5100 1897 5140 sacra:
1930 5101 2066 5156 pas-

423 5176 605 5235 sionis
637 5177 827 5250 ﬁgura
858 5176 1174 5248 praecessit.
1209 5175 1373 5230 Sicut
1403 5173 1561 5229 enim
1598 5173 1779 5229 Jonas
1820 5173 2072 5229 dormie-

425 5267 524 5320 bat
570 5265 630 5322 in
682 5265 834 5334 navi,
887 5268 944 5321 et
987 5265 1270 5322 stertebat
1317 5279 1581 5332 securus,
1629 5261 1768 5334 quia
1799 5279 1914 5319 non
1948 5279 2072 5319 me-

426 5359 598 5408 tuens
651 5354 1029 5426 deprehendi,
1108 5355 1191 5410 ita
1271 5351 1554 5408 Dominus
1629 5355 1828 5408 noster
1901 5351 2074 5408 Jesus

426 5440 714 5504 Christus,
756 5444 854 5516 qui
889 5445 1135 5517 ﬁguram
1178 5441 1338 5498 illam
1374 5444 1740 5499 sacramento
1771 5458 1891 5499 sua
1919 5457 2073 5498 mor-

499 5591 612 5724 §79g
649 5590 810 5657 Rom,
842 5594 1006 5675 edit.,
1041 5597 1103 5650 Et
1136 5594 1257 5649 ideo
1288 5595 1659 5651 renovationis
1689 5609 1928 5676 securus.

503 5663 592 5724 ,80
647 5664 962 5719 Remedium
1008 5666 1346 5724 excederent.
1396 5665 1505 5721 hoc
1555 5669 1663 5724 est.
1715 5669 1928 5724 praeteri

503 5711 604 5734 \".‘

2153 3305 2377 3370 sonam
2407 3313 2567 3370 Jonas
2590 3328 2706 3368 non
2729 3303 2998 3384 quadrat,
3024 3313 3082 3366 et
3096 3309 3387 3367 convenit.
3412 3308 3596 3366 Filius
3620 3315 3818 3366 autem

2170 3401 2273 3458 Dei
2319 3399 2620 3457 descendit
2665 3397 2726 3454 in
2778 3395 3026 3456 fissurae
3072 3399 3386 3465 montium,
3436 3397 3666 3470 quando
3708 3398 3811 3452 de-

2173 3488 2399 3547 scendit
2445 3477 2504 3544 in
2551 3479 2887 3544 tumulum:
2940 3489 3137 3559 ipsum
3184 3485 3344 3543 enim
3395 3483 3623 3558 Josepb,
3653 3483 3815 3539 sicut

2173 3576 2549 3651 Evangelium
2580 3567 2765 3644 docet,
2801 3571 2998 3648 posuit
3021 3577 3079 3632 in
3106 3579 3492 3632 monumento
3515 3589 3620 3631 suo
3641 3590 3819 3641 novo,

2173 3668 2329 3742 quod
2361 3665 2571 3728 excidit
2597 3666 2668 3731 in,
2689 3669 2872 3744 petra,
2904 3656 2961 3721 et
2991 3664 3241 3721 advolvit
3289 3662 3827 3744 saxumi'magnum

2175 3741 2246 3820 ad
2279 3753 2495 3811 ostium
2526 3743 2898 3809 monumenti
2928 3746 3131 3824 (Matth.
3164 3769 3339 3820 xxvn,
3369 3741 3516 3823 :60).
3563 3741 3828 3822 Denique

2175 3843 2318 3900 etin
2350 3841 2462 3898 alio
2492 3833 2640 3910 libro
2667 3830 2762 3897 5."
2793 3832 3015 3909 Posuit,
3061 3833 3277 3913 inquit,
3322 3824 3461 3896 eum
3512 3831 3834 3895 inimonu-

2178 3935 2373 3990 mento
2405 3931 2618 4000 exciso,
2653 3923 2721 3996 in
2771 3925 2887 4002 quo
2935 3923 3197 4000 nondum
3248 3927 3832 4004 quisquam'positus

2177 4025 2303 4077 erat
2329 4022 2505 4089 (Joan.
2537 4036 2658 4084 xix,
2690 4014 2810 4091 41).
2835 4041 2865 4070 »
3234 4036 3237 4039 ·
3503 4014 3506 4016 ⁷
3597 4013 3603 4018 ’

2185 4097 2192 4102 ’
2221 4097 2224 4102 ’
2250 4110 2339 4164 85.
2373 4107 2514 4172 Quis
2545 4098 2744 4184 autem
2774 4111 2865 4163 est
2894 4107 2995 4179 qui
3025 4124 3159 4163 cum
3188 4123 3324 4163 voce
3372 4105 3571 4162 laudis
3603 4110 3661 4184 et
3692 4123 3841 4161 con-

2181 4195 2453 4266 fessionis
2475 4194 2708 4262 Domini
2731 4187 3097 4264 sacriﬁ'cavit,
3119 4195 3231 4252 nisi
3258 4191 3538 4269 princeps
3560 4193 3834 4250 omnium

2182 4284 2572 4351 sacerdotum,
2605 4281 2706 4356 qui
2729 4285 2785 4338 et
2804 4287 2937 4350 vota
2957 4277 3061 4355 pro
3083 4278 3359 4338 omnibus
3377 4278 3541 4338 vovit
3561 4285 3620 4338 et
3639 4281 3836 4338 reddi-

2182 4372 2306 4429 dit?
2319 4369 2492 4428 Solus
2503 4362 2658 4427 enim
2673 4364 2913 4427 effectus
2930 4371 3022 4427 sui
3047 4364 3253 4427 habuit
3267 4361 3658 4442 potestatem.
3673 4369 3840 4425 Sicut

2182 4461 2339 4517 enim
2368 4459 2547 4539 Jonas
2569 4449 2799 4516 missus
2828 4463 2918 4539 est
2943 4459 3004 4516 in
3031 4446 3212 4527 mare,
3244 4463 3302 4515 et
3345 4457 3574 4532 quievit
3606 4474 3776 4515 mare
3807 4475 3845 4514 a

2181 4537 2574 4606 commetione
2602 4565 2729 4616 sua,
2775 4537 2862 4604 ita
2897 4543 3182 4604 Dominus
3231 4548 3383 4620 υτ
3424 4551 3631 4623 noster
3659 4547 3847 4603 Jesus

2179 4629 2449 4694 Christus
2480 4627 2644 4693 venit
2665 4635 2727 4692 in
2751 4630 2914 4692 hunc
2948 4630 3267 4704 mundum,
3306 4641 3390 4692 "ut
3415 4625 3718 4691 mundum
3749 4634 3845 4690 lu-

2176 4719 2585 4806 crifaceret,‘et
2613 4726 2899 4799 sanguine
2926 4743 3032 4783 suo
3067 4726 3265 4782 omnia
3313 4709 3672 4799 pacifica-et,
3706 4725 3842 4780 sive

2177 4821 2428 4884 terrena,
2463 4815 2581 4871 sive
2611 4813 2889 4890 ccslestia.
2921 4815 3185 4871 Adventu
3234 4814 3413 4887 igitur
3444 4827 3555 4870 suo
3587 4813 3851 4889 redemit

2178 4895 2484 4963 universos
2532 4891 2824 4973 homines,
2853 4899 2931 4976 et
2977 4901 3308 4978 provocavit
3354 4902 3428 4959 ad
3471 4902 3578 4958 Dei
3609 4901 3851 4980 cultum

2179 4984 2457 5066 operibus
2487 4987 2631 5061 suis,
2665 5005 2801 5049 cum
2846 4983 3551 5060 mortuos‘resuscitaret,
3597 4995 3852 5047 sanaret

2179 5071 2745 5150 inﬁrmos,timorem
2759 5073 2860 5138 Dei
2874 5074 3225 5149 humanisin
3235 5079 3483 5137 fundens
3501 5079 3848 5136 affectibus.

2183 5173 2312 5245 Ipse
2334 5177 2423 5230 est
2442 5172 2544 5245 qui
2561 5170 2908 5228 sacriﬁcavit
2922 5169 3170 5227 Domino
3192 5169 3550 5227 sacriﬁcium
3568 5159 3851 5226 salutare

2184 5279 2288 5335 pro
2321 5261 2510 5330 nobis,
2542 5265 2601 5318 et
2649 5260 2858 5333 dignas
2906 5259 3301 5318 conversionis
3349 5255 3564 5316 nostrae
3607 5256 3855 5314 hostias

2186 5352 2300 5408 Deo
2329 5349 2584 5419 obtulit;
2616 5349 2741 5423 ipse
2770 5354 2861 5407 est
2896 5348 2996 5422 qui
3024 5349 3318 5419 dormivit,
3340 5352 3407 5408 et
3447 5345 3777 5420 evigilavit.

2254 5442 2343 5496 86.
2377 5433 2711 5523 Cavendum
2742 5441 2832 5520 est
2858 5449 2994 5514 ergo
3025 5433 3106 5496 ne
3149 5434 3480 5496 obdormiat
3505 5433 3852 5510 peccatori-

647 5664 962 5719 Remedium
989 5659 1346 5735 excederent,
1396 5665 1505 5721 hoc
1555 5669 1663 5733 est,
1715 5663 2073 5737 praeterirent
2115 5662 2604 5756 omitterentwque,
2633 5662 2800 5747 item.
2825 5659 2988 5756 edite
3032 5661 3338 5756 (erudiam,
