4146 6190
319 289 475 381 llas

1396 310 1849 377 ENARRATIO
1894 307 1976 374 IN
2021 312 2398 379 P-SALMUM
2443 311 2653 379 XLIII.

3571 295 3725 374 1186

316 433 472 519 bus;
513 431 848 524 obdormire
879 431 1038 507 enim
1073 429 1306 528 indetur
1357 435 1451 516 iis,
1482 447 1697 529 quibus
1730 463 1845 502 non
1879 463 1967 503 re-
1999 450 2053 515 Α
2085 450 2317 521 piamus
2351 455 2805 519 sacramentum,
2848 455 3001 506 recte
3033 441 3208 505 etiam
3256 450 3393 504 illud
3443 449 3730 518 usurpant

317 540 595 614 surrexit,
627 530 863 613 et'quos
893 539 954 595 in
977 526 1158 594 ﬁnem
1188 529 1435 610 repellit.
1469 526 1610 602 Quis
1652 539 1846 592 autem
1879 541 1970 592 est

320 630 422 702 qui
477 616 796 702 repellitur,
845 627 962 684 nisi
1011 625 1112 699 qui
1159 625 1571 698 peregrinatur
1621 642 1655 681 a
1696 623 1966 691 Domino,

318 701 462 795 quia
490 701 606 774 non
639 701 1045 795 peregrinatur
1080 732 1116 769 a
1160 703 1400 789 corpore
1423 714 1451 768 ?
1482 703 1781 778 Quomodo
1811 713 1970 768 enim

315 793 572 880 possunt
621 790 731 872 Deo
778 790 1006 876 placere
1054 801 1158 876 qui
1203 801 1265 858 in
1295 818 1469 868 carne
1517 801 1703 857 sunt?
1741 800 1812 856 Et
1840 800 1969 858 ideo

319 879 436 953 non
470 897 530 952 in
563 882 734 951 carne
762 893 971 959 simus,
1008 892 1112 947 sed
1144 879 1355 968 spiritu
1383 908 1396 946 :
1431 883 1835 948 adhareamus
1856 891 1968 946 Do-

320 984 491 1055 mino
511 985 675 1050 Jesu,
711 980 811 1055 qui
843 997 906 1037 se
955 979 1016 1034 in
1065 976 1436 1054 octogesimo"
1478 983 1534 1036 et
1580 983 1777 1050 octavo
1810 977 1970 1053 psal-

319 1053 416 1128 mo
447 1053 750 1148 repulsum
781 1068 927 1146 dicit
956 1085 1061 1142 pro
1102 1053 1296 1124 nobis.
1329 1090 1357 1119 «
1384 1068 1470 1124 Tu
1519 1057 1653 1124 vero
1703 1066 1972 1141 repulisti

315 1178 423 1233 pro
477 1153 685 1227 nihilo,
726 1158 1004 1232 Domine,
1059 1157 1346 1234 distulisti
1409 1157 1715 1232 Christum
1773 1162 1972 1226 tuum,

315 1249 577 1306 evertisti
607 1251 1033 1306 testamentum
1065 1246 1216 1302 servi
1248 1245 1334 1302 tui
1365 1247 1540 1317 (Psal.
1574 1263 1847 1314 Lxxxvm,
1881 1245 1972 1311 38,

315 1325 435 1412 40).¹
461 1338 665 1409 Itaque
719 1335 998 1408 repulsus
1051 1335 1112 1392 in
1171 1335 1341 1412 nobis
1398 1335 1585 1394 factus
1634 1339 1722 1390 est
1774 1325 1832 1389 in
1865 1350 1969 1406 op-

316 1427 619 1499 probrium
631 1425 840 1482 vicinis
854 1424 980 1480 suis
995 1442 1007 1494 ;
1022 1423 1124 1479 ille
1140 1414 1297 1499 enim
1315 1423 1573 1495 suscepit
1589 1422 1970 1495 Opprobrium

323 1516 534 1584 crucis,
570 1518 634 1570 ut
663 1530 769 1571 nos
818 1513 1072 1586 gloriam
1123 1529 1241 1568 sua:
1289 1510 1733 1567 resurrectionis
1763 1511 1974 1566 indue-

325 1610 430 1660 ret.
461 1603 751 1678 Repulsus
780 1603 1031 1672 videtur,
1065 1599 1237 1676 quasi
1267 1604 1565 1656 mortuus:
1611 1604 1669 1654 et
1699 1599 1978 1672 perfusus

245 1733 251 1737 .
327 1691 689 1768 confusione,
744 1691 915 1763 quasi
963 1689 1318 1745 cruciﬁxus:
1370 1690 1469 1744 sed
1505 1687 1857 1767 benedictus
1890 1693 1979 1744 est

325 1782 386 1836 in
416 1785 739 1849 aster-num,
768 1780 869 1852 qui
902 1777 1377 1835 maledictionem
1426 1776 1684 1846 sustulit,
1735 1778 1975 1833 benedi-

328 1855 548 1944 ctionis
570 1869 820 1941 gratiam
853 1867 1230 1940 comparavit.
1341 1921 1343 1924 .

399 1958 490 2013 87.
526 1957 711 2030 (Vers.
741 1959 855 2028 24.)
893 1956 1206 2028 Sequitur:
1242 1979 1262 2004 ιι
1299 1955 1501 2031 Quare
1551 1955 1759 2011 faciem
1812 1960 1973 2010 tuam

328 2045 587 2124 avertis?
616 2068 645 2096 ››
677 2047 944 2101 Avertere
974 2062 1008 2099 a
1039 2044 1211 2100 nobis
1232 2043 1419 2100 Deum
1450 2043 1656 2100 faciem
1680 2060 1848 2099 suam
1873 2060 1979 2114 pu-

326 2139 554 2212 tamus,
573 2134 811 2208 quando
843 2150 1052 2190 sumus
1100 2134 1161 2188 in
1210 2131 1510 2204 aliquibus
1558 2131 1978 2188 afﬂictionibus

330 2221 670 2294 constituti;
705 2226 769 2294 ut
798 2221 1052 2278 tenebras
1084 2225 1284 2277 nostro
1314 2219 1692 2275 offunduntur
1720 2220 1976 2285 aﬁ‘ectui,

331 2309 845 2382 quibusimpediti
885 2309 1173 2382 fulgorem
1225 2308 1492 2365 veritatis
1540 2307 1725 2365 oculis
1757 2309 1975 2364 nostris

330 2398 566 2460 haurire
597 2415 978 2476 nequeamus.
1028 2399 1258 2454 Etenim
1307 2398 1357 2454 si
1403 2399 1464 2452 in
1513 2403 1782 2474 nostrum
1821 2398 1978 2454 Deus

333 2488 593 2545 attendat
620 2488 944 2561 ingenium,
975 2491 1032 2543 et
1061 2490 1325 2543 nostram
1347 2492 1605 2543 mentem
1626 2487 1864 2564 visitare
1895 2487 1980 2542 di-

332 2571 565 2650 gnetur,
607 2577 748 2633 certi
786 2578 974 2634 simus
995 2577 1150 2649 quod
1177 2575 1340 2631 nulla
1359 2593 1450 2632 res
1473 2576 1642 2632 nobis
1664 2575 1976 2648 caliginem

334 2666 524 2739 possit
551 2666 855 2722 obducere.
889 2665 1116 2722 Etenim
1148 2665 1196 2721 si
1227 2665 1422 2730 vultus
1465 2664 1720 2721 hominis
1753 2665 1978 2721 caeteris

333 2756 732 2818 membrorum
754 2755 1020 2828 partibus
1041 2752 1177 2826 plus
1201 2752 1464 2825 refulget,
1489 2757 1546 2808 et
1567 2769 1979 2824 quemcunque

331 2842 648 2912 intuemur,
667 2843 753 2900 vel
784 2844 1148 2916 incognitum
1164 2841 1560 2915 agnoscimus,
1581 2841 1668 2897 vel
1682 2841 1980 2913 cognitum

333 2932 830 3006 recognoscimus,
851 2949 1028 3006 quem
1045 2935 1319 3004 aspectus
1342 2935 1539 2986 noster
1553 2929 1729 2986 latere
1747 2947 1863 2986 non
1885 2948 1981 3002 pa-

335 3022 479 3078 titur
503 3011 748 3094 ;quanto
771 3022 959 3096 magis
979 3021 1075 3076 Dei
1095 3019 1289 3076 vultus
1303 3037 1478 3093 quem
1497 3024 1740 3092 spectat,
1760 3019 1981 3074 illumi-

336 3110 562 3167 natlDe
599 3127 714 3184 quo
748 3111 1168 3182 utcaateraejus
1182 3108 1622 3182 sunt,itaethoc
1636 3108 1977 3182 praeclarum

2007 1819 2055 1882 B

2085 539 2273 593 sancti
2306 539 2563 596 dicentes
2592 556 2604 594 :
2641 562 2668 590 «
2703 531 2889 604 Quare
2937 540 3143 596 faciem
3195 544 3352 594 tuam
3405 534 3667 592 avertis?
3700 555 3727 582 ››

2084 625 2194 682 hoc
2224 632 2346 683 est:
2381 629 2488 684 etsi
2522 629 2752 699 avertis,
2786 629 3051 697 Domine,
3095 628 3297 684 faciem
3349 632 3509 682 tuam
3565 641 3599 679 a
3631 640 3736 676 no—

2082 715 2197 782 bis,
2224 720 2422 773 tamen
2455 717 2752 790 signatum
2785 724 2875 774 est
2904 719 2963 773 in
2989 719 3155 773 nobis
3189 717 3386 771 lumen
3408 713 3604 770 vultus
3625 710 3736 780 tui,

2083 803 2349 859 Domine.
2373 805 2664 861 Tenemus
2688 805 2831 861 illud
2857 806 2915 860 in
2935 807 3207 862 cordibus
3231 804 3469 871 nostris,
3493 805 3550 857 et
3569 801 3627 856 in
3653 801 3744 855 in-

2085 890 2230 948 timo
2252 891 2522 964 splendet
2546 893 2752 949 affectu
2778 911 2790 949 :
2818 911 3004 966 neque
3027 893 3180 949 enim
3202 893 3520 966 quisquam
3543 894 3743 962 potest

2086 980 2428 1049 subsistere,
2481 981 2530 1037 si
2579 986 2642 1038 tu
2696 987 2924 1038 avertas
2977 983 3183 1040 faciem
3236 986 3423 1037 tuam.
3474 979 3750 1035 «Omnia

2084 1069 2242 1124 enim
2277 1087 2310 1124 a
2341 1074 2396 1125 te
2428 1075 2750 1142 expectant,
2785 1077 2850 1126 ut
2878 1075 2942 1126 tu
2975 1072 3077 1127 des
3109 1070 3226 1126 illis
3273 1071 3476 1126 cibum
3506 1069 3566 1124 in
3597 1073 3748 1125 tem-

2085 1174 2242 1229 pore.
2277 1158 2462 1214 Dante
2493 1164 2548 1214 te
2575 1160 2688 1228 his,
2723 1161 3036 1232 colligent:
3071 1161 3372 1232 aperiente
3413 1162 3471 1214 te
3502 1176 3748 1215 manum

2085 1251 2273 1315 tuam,
2310 1248 2578 1304 universa
2625 1239 3032 1320 implebantur
3083 1250 3387 1305 bonitate:
3445 1252 3752 1305 avertente

2085 1339 2281 1391 autem
2306 1339 2360 1391 te
2386 1337 2613 1405 faciem,
2640 1339 3054 1394 turbabuntur.
3079 1340 3322 1394 Auferes
3351 1337 3629 1410 spiritum
3655 1355 3752 1395 eo-

2086 1441 2242 1492 rum,
2275 1429 2331 1479 et
2363 1425 2650 1491 deficient,
2685 1432 2739 1482 et
2772 1428 2830 1481 in
2863 1429 3157 1498 pulverem
3192 1446 3375 1484 suum
3409 1433 3753 1485 converten-

2087 1515 2202 1568 tur.
2259 1513 2502 1570 Emittes
2553 1515 2826 1586 spiritum
2888 1523 3075 1584 tuum,
3145 1521 3201 1572 et
3248 1518 3646 1575 creabuntur:
3701 1525 3758 1574 et

2087 1603 2396 1658 renovabis
2429 1603 2634 1658 faciem
2671 1609 2833 1659 terra:
2867 1608 3037 1676 (Paul.
3088 1623 3208 1673 cm,
3243 1607 3466 1678 27-30).
3504 1630 3530 1656 »
3560 1610 3755 1681 Agno-

2088 1691 2205 1745 scis
2237 1707 2364 1761 quze
2397 1691 2474 1746 sit
2513 1709 2644 1747 esca
2687 1709 2860 1763 quan;
2918 1695 3072 1748 Deus
3123 1694 3474 1750 hominibus
3525 1696 3756 1752 submi-

2090 1779 2352 1834 nistrat?
2375 1780 2501 1851 Ipse
2524 1785 2613 1835 est
2635 1780 2801 1835 cibus
2825 1798 2996 1851 quem
3031 1784 3362 1837 secundum
3390 1782 3755 1841 voluntatem

2087 1867 2277 1922 Patris
2311 1867 2649 1940 unigenitus
2681 1868 2869 1923 Filius
2903 1871 3031 1939 ejus
3061 1869 3350 1925 Dominus
3385 1877 3584 1928 noster
3614 1890 3755 1945 epu-

2087 1955 2264 2022 latur,
2307 1957 2459 2012 sicut
2493 1958 2616 2029 ipse
2649 1957 2766 2012 ait:
2807 1983 2825 2006 «
2868 1959 3026 2013 Meus
3067 1959 3233 2014 cibus
3285 1965 3399 2029 est,
3451 1966 3517 2017 ut
3544 1961 3755 2018 faciam

2087 2042 2444 2099 voluntatem
2494 2045 2684 2101 Patris
2719 2045 2852 2110 mei,
2887 2046 2983 2115 qui
3037 2046 3094 2099 in
3145 2046 3305 2103 caelis
3338 2052 3430 2103 est
3460 2051 3638 2119 (Joan.
3675 2069 3752 2117 Iv,

2089 2134 2200 2203 34).
2230 2154 2257 2181 ››
2288 2132 2388 2187 Hic
2418 2135 2586 2189 cibus
2619 2133 2787 2188 nobis
2827 2139 2915 2188 est
2957 2134 3254 2201 salutaris,
3306 2141 3366 2192 et
3421 2139 3622 2194 omnia
3650 2139 3753 2194 Dei

2089 2225 2228 2276 sunt
2258 2220 2562 2278 salutaria.

2157 2310 2248 2364 89.
2271 2310 2454 2365 Audis
2487 2301 2754 2383 quaedam
2786 2311 2887 2366 Dei
2921 2313 3204 2380 membra,
3239 2329 3530 2386 cognosce
3569 2317 3750 2371 virtu-

2088 2402 2195 2454 tes.
2231 2400 2440 2454 Manus
2487 2399 2702 2472 quippe
2749 2400 2902 2470 ejus,
2954 2401 3258 2472 plenitudo
3307 2402 3594 2460 bonitatis
3625 2410 3748 2460 est:

2088 2487 2266 2542 facies
2298 2489 2446 2558 ejus,
2473 2487 2827 2543 illuminatio
2869 2489 3080 2545 mentis
3112 2494 3217 2546 est.
3262 2490 3331 2546 Et
3354 2491 3486 2548 ideo
3518 2509 3752 2564 semper
3794 2495 3801 2511 ‘

2089 2577 2160 2631 ab
2194 2593 2258 2631 eo
2310 2593 2638 2648 speremus,
2689 2577 2746 2631 in
2799 2577 2993 2648 ipsum
3045 2583 3178 2634 vota
3217 2583 3423 2634 nostra
3465 2585 3521 2636 et
3554 2581 3752 2636 omnia

2089 2665 2285 2720 studia
2309 2665 2664 2736 dirigamus;
2687 2682 2789 2720 nec
2807 2666 3208 2737 desperemus,
3231 2667 3343 2721 etsi
3367 2668 3752 2740 corporaliter

2088 2771 2221 2810 eum
2256 2753 2448 2808 videre
2481 2770 2596 2809 non
2628 2770 2945 2826 possumus
2976 2771 2988 2821 ;
3027 2771 3214 2825 neque
3239 2756 3399 2810 enim
3421 2757 3752 2828 desperavit

2091 2843 2338 2914 Moyses,
2373 2841 2466 2896 cui
2496 2842 2720 2898 dictum
2755 2848 2843 2898 est
2868 2860 2880 2897 :
2918 2865 2945 2892 ‹‹
2969 2841 3092 2897 Non
3122 2847 3288 2914 potes
3318 2843 3514 2899 videre
3540 2845 3746 2900 faciem

2091 2947 2319 2996 meam;
2356 2947 2471 2985 non
2506 2930 2658 2987 enim
2695 2931 2912 2986 videbit
2958 2931 3166 2985 faciem
3219 2949 3412 2987 meam
3463 2933 3656 3001 homo,
3691 2940 3749 2990 et

2090 3017 2238 3071 vivet
2271 3016 2462 3086 (Exod.
2497 3034 2696 3083 xxxm,
2732 3018 2842 3088 20).
2878 3041 2906 3066 »
2939 3018 3009 3072 Et
3051 3017 3310 3073 addidit:
3343 3041 3370 3069 ‹‹
3408 3021 3550 3076 Ecce
3581 3021 3745 3077 locus

2091 3105 2243 3177 apud
2273 3104 2578 3169 me,stabis
2610 3105 2668 3160 in
2701 3110 2865 3177 petra
2895 3124 2908 3172 ;
2937 3110 2994 3161 et
3025 3123 3159 3160 cum
3192 3107 3526 3164 transieriet
3555 3108 3740 3181 gloria

337 3200 527 3256 sancti
556 3183 839 3272 Apostoli,
874 3199 970 3272 qui
1027 3215 1157 3254 vere
1185 3198 1471 3270 interpres
1516 3203 1604 3254 est
1645 3197 1879 3267 Christi,
1916 3203 1978 3254 ut
2009 3183 2050 3249 C
2089 3211 2238 3261 mea,
2274 3209 2487 3264 ponam
2523 3198 2578 3249 te
2608 3194 2666 3249 in
2699 3211 3004 3250 cavernam
3055 3200 3250 3266 petrae,
3294 3201 3349 3250 et
3398 3197 3654 3268 operiam
3688 3203 3738 3253 te

339 3287 560 3361 aptiora
571 3305 707 3344 eum
721 3305 895 3345 sensu
910 3291 967 3342 et
977 3302 1247 3342 sermone
1260 3284 1476 3340 nostris
1489 3285 1982 3342 infunderetmen-

340 3377 531 3434 tibus:
551 3377 706 3432 unde
723 3377 805 3432 ait
827 3393 840 3430 :
859 3400 884 3426 ‹‹
904 3373 1189 3438 Quoniam
1204 3373 1356 3428 Deus
1371 3373 1709 3443 quidixitde
1727 3373 1983 3428 tenebris

340 3457 541 3521 lumen
573 3464 1002 3536 splendeScere,
1032 3451 1223 3517 illuxit
1247 3460 1307 3516 in
1337 3459 1613 3516 cordibus
1641 3458 1875 3526 nostris,
1909 3462 1980 3516 ad

339 3543 831 3608 illuminatiOnem
867 3549 1119 3606 scientia
1158 3545 1440 3606 claritatis
1488 3546 1715 3604 Domini
1749 3548 1805 3602 in
1840 3547 1982 3604 facis

337 3639 554 3694 Christi
583 3638 724 3694 Jesu
755 3641 825 3708 (II
851 3643 974 3696 Cor.
1028 3656 1103 3705 Iv,
1145 3642 1220 3708 6).
1255 3660 1285 3687 »
1335 3634 1446 3694 Ubi
1496 3637 1675 3710 igitur
1722 3636 1781 3691 in
1816 3636 1982 3693 nobis

338 3726 594 3783 reluceat
611 3725 896 3796 Christus,
922 3726 1274 3782 audivimus.
1308 3727 1410 3782 Est
1427 3725 1582 3781 enim
1608 3724 1799 3797 fulgor
1819 3729 1980 3780 aiter-

338 3832 452 3872 nus
483 3815 836 3882 animorum,
871 3833 1043 3889 quem
1094 3815 1224 3882 ideo
1275 3815 1444 3871 Pater
1494 3814 1653 3881 misit
1681 3813 1740 3867 in
1774 3817 1980 3883 terras,

337 3909 403 3961 ut
431 3907 560 3977 ejus
581 3904 900 3961 illuminati
921 3904 1110 3974 vultu,
1131 3910 1348 3961 aeterna
1366 3910 1424 3961 et
1443 3902 1699 3960 caelestia
1721 3908 1981 3974 spectare

337 3997 652 4065 possimus,
706 3996 804 4067 qui
851 3999 985 4051 ante
1032 3999 1266 4050 terrena
1317 3992 1566 4066 caligine
1615 3992 1977 4048 tenebamur.

331 4083 477 4147 Quid
510 4081 582 4136 de
611 4081 840 4139 Christo
870 4083 1098 4154 loquar,
1130 4099 1262 4138 cum
1303 4082 1481 4138 etiam
1513 4082 1720 4138 Petrus
1751 4085 1980 4151 aposto-

329 4171 423 4226 lus
455 4171 664 4227 dixerit
694 4171 766 4227 ad
795 4171 964 4227 illum
995 4170 1273 4227 claudum
1296 4188 1364 4227 ex
1394 4175 1557 4227 utero
1580 4168 1788 4225 matris
1818 4186 1935 4225 suae
1959 4189 1976 4224 :

335 4259 635 4332 «Respice
676 4259 735 4315 in
784 4277 890 4316 nos
940 4262 1077 4329 (Act.
1132 4276 1219 4328 III,
1272 4261 1347 4332 4),
1383 4284 1410 4310 ››
1461 4259 1560 4331 qui
1607 4258 1865 4330 respexit
1917 4260 1977 4314 in

330 4348 594 4421 Petrum,
647 4353 704 4404 et
750 4349 885 4405 fidei
935 4347 1304 4406 illuminatus
1353 4351 1442 4403 est
1495 4346 1735 4420 gratia?
1780 4346 1976 4418 Neque

330 4431 486 4492 enim
514 4431 833 4510 accepisset
862 4435 1182 4492 remedium
1237 4433 1528 4502 sanitatis,
1582 4434 1696 4490 nisi
1728 4433 1977 4490 ﬁdeliter

329 4525 695 4582 credidisSet.
732 4525 892 4582 Unde
914 4542 1047 4581 cum
1071 4529 1235 4582 tanta
1262 4523 1449 4597 gloria
1469 4528 1624 4579 esset
1654 4522 1713 4577 in
1745 4521 1974 4595 apo'stoo
2005 4547 2051 4610 Β

326 4612 420 4681 lis,
453 4613 700 4671 audiens
750 4615 1001 4670 transire
1047 4613 1361 4670 Dominum
1413 4611 1619 4668 Jesum
1669 4611 1976 4670 Zacchzeus

327 4695 588 4760 ascendit
617 4704 677 4759 in
709 4703 996 4770 arborem,
1040 4703 1178 4775 quia
1226 4703 1472 4775 exiguus
1525 4706 1582 4757 et
1629 4700 1880 4774 pusillus
1915 4703 1972 4758 in

326 4783 500 4848 turba
538 4809 672 4848 eum
702 4785 896 4848 videre
928 4808 1043 4848 non
1076 4785 1321 4864 poterat.
1361 4787 1519 4846 Vidit
1565 4791 1884 4857 Christum,
1920 4797 1975 4847 et

326 4877 527 4936 lumen
558 4879 797 4938 invenit.
829 4881 987 4936 Vidit
1015 4897 1174 4948 eum,
1199 4885 1257 4936 et
1288 4879 1389 4952 qui
1420 4883 1552 4935 ante
1574 4879 1765 4935 aliena
1788 4881 1972 4952 rapie-

326 4969 444 5038 bat,
477 4987 585 5026 sua
614 4968 878 5026 contulit.
913 4969 1116 5025 Merito
1147 4985 1284 5042 ergo
1315 4968 1518 5024 dicunt
1549 4967 1645 5022 isti
1675 4987 1686 5022 :
1723 4992 1748 5018 ‹‹
1786 4971 1971 5033 Quare

324 5057 532 5114 faciem
563 5062 725 5130 tuam
760 5058 1016 5114 avertis?
1041 5081 1068 5108 ››

395 5148 550 5205 924
601 5147 690 5202 88.
737 5141 852 5202 Aut
903 5146 1148 5203 fortasse
1194 5149 1500 5220 propterea
1546 5143 1780 5214 dicitur,
1834 5146 1972 5218 quia

324 5236 796 5293 desiderantibus
828 5234 1041 5291 Christi
1094 5252 1320 5292 moram
1368 5235 1615 5292 faciebat
1661 5235 1966 5293 adventus.

323 5325 453 5398 Ipse
483 5320 640 5382 enim
671 5327 761 5381 est
789 5323 988 5380 vultus
1017 5324 1226 5391 Patris,
1250 5324 1348 5397 qui
1371 5327 1458 5381 est
1480 5323 1674 5397 imago
1705 5328 1761 5380 et
1786 5323 1972 5398 gloria

325 5413 447 5471 Dei.
483 5413 644 5470 Certe
676 5413 724 5468 si
757 5429 872 5468 non
906 5411 978 5467 ad
1027 5412 1456 5469 Incarnationis
1501 5403 1628 5484 ejus
1677 5412 1786 5469 hoc
1819 5414 1964 5469 acci-

2094 3300 2270 3338 manu
2335 3299 2486 3350 mea,
2536 3283 2717 3338 donec
2769 3290 3084 3349 transeam,
3137 3288 3193 3338 et
3249 3283 3450 3340 tollam
3498 3303 3738 3341 manum

2093 3387 2306 3436 meam,
2360 3374 2416 3425 et
2463 3370 2688 3428 videbis
2733 3371 3055 3443 posteriora
3087 3389 3238 3439 mea,
3293 3373 3498 3429 faciem
3545 3379 3738 3430 autem

2094 3475 2282 3512 meam
2316 3459 2508 3513 videre
2538 3477 2652 3515 non
2685 3461 2901 3533 poteris
2932 3460 3091 3528 (Ibid.
3123 3463 3337 3531 21-23).
3387 3484 3415 3511 »
3448 3463 3572 3518 Non
3603 3479 3739 3536 ergo

2093 3544 2319 3600 videtur
2348 3547 2419 3599 ab
2449 3547 2685 3604 homine
2717 3549 2893 3603 facies
2923 3549 3044 3604 Dei.
3099 3551 3199 3604 Est
3249 3556 3440 3606 tamen
3488 3551 3650 3607 locus
3680 3553 3739 3606 in

2093 3651 2208 3704 quo
2238 3634 2352 3688 ﬁde
2383 3650 2444 3689 se
2476 3640 2762 3690 monstret
2810 3636 3034 3690 homini
3086 3637 3258 3693 Deus.
3315 3640 3412 3695 Est
3454 3640 3548 3694 hic
3577 3639 3739 3696 locus

2092 3723 2246 3793 apud
2282 3723 2480 3789 Deum,
2510 3728 2568 3777 et
2599 3723 2728 3779 ideo
2760 3724 2808 3779 si
2843 3725 3180 3780 steterimus
3212 3728 3270 3780 in
3320 3733 3502 3798 petra,
3536 3729 3595 3783 id
3629 3735 3736 3797 est,

2093 3811 2150 3865 in
2185 3811 2378 3867 carnis
2409 3810 2582 3867 istius
2615 3811 2972 3868 conscientia
3003 3813 3138 3884 (31},
3171 3819 3229 3868 et
3277 3814 3409 3869 ﬁdei
3440 3816 3736 3883 firmitate,

2091 3900 2198 3954 etsi
2222 3899 2647 3972 plenitudinem
2670 3901 2798 3972 ejus
2823 3900 3015 3956 videre
3038 3917 3152 3956 non
3176 3919 3515 3972 possumus,
3540 3907 3736 3959 tamen

2092 3994 2378 4061 quantum
2409 4006 2749 4062 possumus,
2784 3990 2952 4062 quasi
3006 3988 3286 4062 reliquias
3335 3994 3462 4062 ejus
3494 3990 3737 4046 luminis

2091 4079 2453 4135 hauriemus.
2487 4080 2686 4150 Neque
2717 4079 2874 4135 enim
2908 4079 3137 4151 Moyses
3189 4085 3367 4136 totam
3417 4079 3738 4135 divinitatis

2090 4167 2218 4238 ejus
2269 4167 2694 4240 plenitudinem
2744 4168 2906 4236 vidit,
2964 4185 3090 4240 quas
3138 4168 3366 4224 habitat
3413 4169 3470 4222 in
3511 4168 3738 4224 Christo

2089 4256 2508 4328 corporaliter;
2580 4258 2680 4312 sed
2728 4257 2876 4311 vidit
2935 4257 3258 4329 posteriora
3309 4256 3546 4324 Christi,
3594 4257 3739 4312 vidit

2087 4343 2457 4416 Splendorem
2491 4346 2617 4416 ejus
2653 4349 2713 4399 ut
2743 4345 2941 4410 homo,
2973 4342 3119 4398 vidit
3157 4345 3284 4414 ejus
3324 4344 3571 4418 gloriam
3603 4362 3738 4416 pas-

2086 4433 2293 4502 sionis,
2325 4451 2428 4505 per
2458 4451 2635 4505 quam
2671 4449 2915 4505 regnum
2960 4431 3130 4488 nobis
3179 4433 3408 4489 caeleste
3440 4433 3734 4489 reseravit.

2155 4523 2243 4577 90.
2295 4523 2509 4595 Aquila
2561 4527 2781 4591 autem,
2833 4545 2861 4572 «
2895 4524 3083 4586 Quare
3129 4521 3338 4578 faciem
3389 4527 3552 4577 tuam
3600 4524 3736 4578 abs-

2086 4613 2309 4682 condis,
2346 4637 2372 4661 ››
2405 4612 2639 4683 posuit;
2689 4613 2789 4667 sed
2838 4610 3013 4667 etiam
3064 4613 3274 4680 caeteri,
3323 4612 3476 4684 quod
3507 4613 3739 4666 videtur

2087 4701 2390 4757 convenire
2423 4718 2556 4755 cum
2590 4699 2768 4772 Moysi
2799 4700 2996 4766 dictis,
3029 4700 3129 4771 qui
3161 4702 3276 4756 ait:
3315 4727 3338 4751 ‹‹
3390 4702 3736 4756 Demonstro.

2085 4794 2140 4844 te
2191 4790 2334 4844 mihi
2383 4789 2574 4859 (Exod.
2631 4806 2834 4859 XXXIII,
2887 4789 2975 4860 l3)
3007 4813 3034 4838 ››
3091 4791 3261 4861 quasi
3309 4790 3560 4844 diceret:
3607 4784 3733 4840 Noli

2084 4879 2313 4934 vultum
2347 4884 2511 4933 tuum
2546 4878 2692 4934 mihi
2722 4880 3100 4945 abscondere,
3135 4881 3234 4933 sed
3273 4876 3459 4947 magis
3490 4875 3729 4930 demon-

2082 4973 2205 5024 stra
2231 4969 2425 5024 videre
2455 4969 2732 5040 cupienti.

2152 5056 2241 5112 91.
2274 5057 2344 5113 Et
2375 5057 2640 5113 addidit:
2680 5080 2706 5108 ιι
2753 5056 3148 5121 Oblivisceris,
3206 5053 3417 5126 inquit,
3469 5051 3726 5122 inepiam

2081 5149 2365 5214 nostram,
2401 5152 2457 5202 et
2488 5145 2926 5201 tribulationem
2961 5147 3240 5197 nostram.
3275 5163 3301 5191 ››
3337 5143 3417 5196 De
3460 5157 3573 5212 qua
3604 5139 3726 5195 iuo-

2082 5237 2179 5309 pia
2208 5236 2350 5290 dicit
2381 5241 2618 5290 sanctus
2649 5232 2936 5303 PrOpheta
2967 5231 3121 5301 quod
3155 5231 3212 5284 in
3253 5229 3598 5285 oblivionem
3633 5246 3726 5284 ve-

2081 5325 2232 5380 nerit
2264 5322 2413 5379 Dei?
2444 5327 2546 5375 aut
2578 5337 2703 5390 qua
2727 5323 2816 5373 est
2844 5319 2958 5372 ista
2991 5318 3206 5389 inopia,
3231 5335 3408 5390 quam
3440 5318 3724 5374 excidisﬁse

2081 5415 2195 5468 Deo
2246 5416 2443 5467 nostro
2495 5413 2552 5462 et
2597 5406 2843 5461 Domino
2895 5407 3326 5478 conqueratur?
3373 5407 3493 5462 Non
3539 5407 3725 5463 otiosa

397 5646 509 5726 (31)
560 5643 623 5704 1d
672 5647 781 5712 est,
831 5643 1161 5720 cognitione
1211 5660 1277 5701 ac
1325 5643 1438 5702 ﬁde
1489 5643 1679 5703 carnis
1727 5645 1965 5718 Christi,
2007 5661 2186 5721 quam
2217 5645 2380 5718 petra
2413 5638 2514 5696 illa
2546 5637 2975 5712 praeﬁgurabat.
