4112 6190
422 168 579 231 118⁸7

1884 161 1945 226 S.
1996 157 2362 231 AMBROSII

3679 174 3705 242 ,Ι
3721 166 3818 240 188

420 309 504 360 est
539 303 753 374 inopia,
789 301 899 355 nisi
931 301 1078 356 forte
1107 313 1176 356 ea
1206 314 1331 372 quae
1364 302 1747 373 protectorem
1800 288 1980 356 Deum
2013 305 2069 357 et
2099 301 2153 369 Α
2182 317 2310 357 esse
2351 301 2688 374 promeruit.
2740 299 3000 374 Denique
3051 303 3115 357 ut
3174 301 3326 358 scias
3367 301 3525 374 quia
3571 301 3822 360 dilatavit

435 393 928 448 remuneratorcm
974 388 1190 444 habere
1248 390 1632 446 consueverit.
1680 390 1736 444 Si
1779 389 1934 445 enim
1985 393 2075 446 est
2186 389 2362 446 Paulo
2398 391 2678 448 Dominus
2721 390 2917 460 Jesus,
2967 389 3105 447 audi
3149 391 3348 464 ipsum
3376 390 3718 464 Apostolum
3744 393 3822 448 di-

418 478 716 551 inopiacui
741 481 895 550 patet
917 494 1163 550 regnum
1189 477 1489 546 ccelorum,
1516 482 1667 534 recte
1689 477 1784 532 isti
1807 477 2067 551 inopiam

419 585 588 625 suam
639 567 854 622 divinis
905 567 1188 622 excidisse
1236 567 1508 623 sensibus
1539 566 1920 636 arbitrantur,
1971 568 2070 639 qui

419 656 674 712 animam
711 673 879 712 suam
915 654 1286 710 humiliatam
1321 655 1377 710 in
1411 656 1644 728 pulvere
1667 655 2070 728 deplorabant,

417 751 474 802 et
501 749 759 802 ventrem
809 762 982 800 suum
1025 744 1081 799 in
1129 751 1282 801 terra
1310 745 1462 801 925
1513 745 1728 800 haerere
1776 745 2066 800 dicebant.

418 835 526 900 Qui
560 839 756 890 autem
793 834 848 888 in
886 839 1036 889 terra
1067 833 1306 898 haerent,
1343 834 1614 889 videntur
1651 833 1846 888 divina
1874 837 2067 905 prote-

417 924 607 978 ctione
658 922 892 996 privari.
950 923 1082 987 Quae
1148 922 1226 977 sit
1272 938 1407 994 ergo
1461 923 1573 978 ista
1621 921 1838 994 inopia,
1891 922 2064 978 audi:

419 1035 446 1062 ‹‹
478 1011 637 1068 Beati
662 1011 815 1066 enim
845 1027 1131 1083 pauperes
1155 1010 1387 1082 spiritu,
1415 1011 1674 1082 ipsorum
1699 1010 1853 1065 enim
1877 1015 1965 1066 est
1987 1027 2069 1066 re-

414 1117 597 1172 gnum
620 1099 899 1156 eozlorurn
937 1099 1151 1169 (Matth.
1185 1117 1238 1166 v,
1272 1100 1348 1169 3).
1383 1123 1409 1149 ››
1442 1100 1494 1153 Si
1547 1115 1682 1172 ergo
1715 1099 1884 1154 beata
1923 1117 2065 1171 pau-

414 1193 609 1260 pertas
640 1194 748 1257 est,
783 1189 872 1243 cui
908 1192 1069 1260 patet
1097 1187 1330 1253 cmlum,
1367 1193 1629 1243 terrenas
1652 1187 1798 1242 istas
1831 1187 2068 1244 divitias

414 1276 804 1351 negligemus,
830 1277 1193 1350 corporalem
1211 1277 1659 1333 redundantiam
1675 1276 2062 1334 declinemus.

414 1368 743 1438 Sequamur
773 1366 1016 1437 vestigia
1048 1365 1444 1438 apostolorum
1475 1366 1610 1438 (82),
1645 1371 1776 1420 ante
1809 1381 2063 1437 quorum

414 1457 588 1527 pedes
614 1455 1022 1527 unusquisque
1056 1455 1207 1527 quod
1243 1453 1497 1510 habebat
1537 1453 1792 1526 pecuniae
1821 1471 1890 1510 ex
1921 1471 2060 1509 suo-

413 1561 541 1599 rum
593 1560 866 1616 agrorum
932 1545 1114 1615 pretio
1181 1543 1536 1609 conferebat,
1588 1546 1653 1596 ut
1704 1541 2062 1614 pauperibus

412 1633 874 1703 dispensaretur.
908 1632 1085 1686 Istam
1121 1631 1302 1703 igitur
1351 1631 1611 1703 inopiam
1661 1629 2057 1702 evangelicam
2093 1667 2141 1731 B

413 1721 506 1774 hic
540 1721 727 1774 sancti
759 1721 863 1773 viri
913 1719 1096 1774 multo
1144 1723 1276 1774 ante
1323 1735 1585 1774 exercere
1633 1723 1924 1790 coeperant
1959 1737 1971 1786 ;
2006 1723 2060 1774 et

415 1810 543 1864 ideo
574 1808 885 1863 dicebant:
921 1832 946 1856 ‹‹
983 1807 1355 1862 Oblivisceris
1400 1807 1658 1879 inopiam
1716 1813 2000 1863 nostram.
2030 1830 2058 1857 ››

415 1897 553 1952 Tale
591 1901 679 1952 est
710 1896 836 1964 hoc,
878 1895 1048 1968 quale
1084 1895 1225 1950 illud
1262 1894 1646 1969 apostolicum
1678 1914 1688 1951 :
1730 1920 1756 1945 »
1780 1897 1921 1952 Ecce
1955 1913 2060 1952 nos

413 1985 762 2054 reliquimus
796 1985 1014 2049 omnia,
1051 1989 1108 2038 et
1138 1983 1319 2039 secuti
1365 2001 1572 2039 sumus
1615 1988 1668 2040 te
1701 1983 1906 2056 (Matth.
1941 2001 2059 2052 xxx,

410 2074 521 2143 27).
557 2097 583 2122 ››
620 2072 776 2128 Bona
798 2089 934 2144 ergo
956 2077 1287 2144 paupertas,
1319 2089 1444 2144 qua:
1478 2090 1510 2128 a
1536 2073 1745 2144 pietate
1780 2073 2057 2145 procedit,

412 2165 468 2216 et
496 2161 778 2217 virtutum
810 2162 1217 2216 exercitatione
1249 2162 1594 2233 suscipitur.

483 2252 570 2306 92.
606 2250 721 2305 Nec
753 2249 942 2304 solum
977 2249 1255 2321 inopiam,
1290 2249 1387 2304 sed
1421 2250 1594 2305 etiam
1619 2248 2059 2306 tribulationem

415 2356 580 2394 suam
618 2339 676 2392 in
708 2337 1056 2392 oblivionem
1109 2337 1221 2392 Deo
1261 2338 1488 2393 venisse
1533 2336 1858 2410 deplorant.
1893 2338 2059 2392 Bonae

415 2431 553 2482 sunt
581 2430 637 2482 et
665 2425 1074 2481 tribulationes
1105 2442 1232 2497 quze
1273 2431 1411 2482 sunt
1459 2427 1704 2498 proprias
1736 2428 2056 2498 justorum,

416 2516 516 2588 qui
549 2532 663 2572 non
691 2531 794 2587 pro
832 2514 1058 2569 meritis
1091 2515 1237 2580 suis,
1272 2515 1372 2570 sed
1420 2532 1522 2587 pro
1554 2515 1768 2587 pietate
1801 2532 1898 2570 eas
1931 2533 2060 2570 sus-

414 2604 641 2660 tinent:
677 2603 734 2658 in
767 2603 984 2675 quibus
1007 2604 1210 2674 justus
1241 2621 1355 2659 non
1389 2603 1680 2671 atteritur,
1713 2604 1811 2659 sed
1854 2603 2058 2658 dilata-

417 2698 531 2760 tur,
567 2693 720 2748 sicut
749 2697 987 2748 sanctus
1022 2693 1308 2764 Propheta
1357 2691 1611 2747 declarat
1659 2692 1896 2748 dicens:
1934 2715 1961 2740 «
1998 2693 2058 2747 In

417 2780 792 2837 tribulatione
824 2779 1080 2836 dilatasti
1124 2780 1267 2835 mihi
1315 2781 1486 2852 (Psal.
1540 2799 1615 2846 ιν,
1665 2783 1739 2851 2).
1782 2804 1801 2830 ιι
1837 2781 1904 2835 Et
1934 2781 2060 2852 ipse

415 2871 698 2926 Dominus
724 2870 894 2925 Jesus
924 2869 1004 2924 ait
1037 2886 1049 2924 :
1087 2891 1113 2917 ‹‹
1147 2873 1210 2924 In
1242 2869 1614 2924 tribulatione
1659 2869 1913 2925 invocavi
1948 2869 2056 2924 Do-

415 2961 664 3027 minum,
698 2962 753 3014 et
781 2959 1070 3014 exaudivit
1093 2975 1183 3013 me
1208 2959 1264 3012 in
1285 2957 1660 3013 latitudinem
1686 2959 1854 3029 (Psal.
1879 2974 2056 3024 cxvn,

2183 483 2409 535 centem
2436 498 2448 535 :
2478 502 2505 530 ‹‹
2533 480 2609 537 Os
2640 483 2908 536 nostrum
2951 480 3106 536 926
3153 484 3314 552 patet
3361 481 3433 536 ad
3484 498 3610 547 vos,
3665 497 3699 536 ο
3728 481 3822 536 Co-

2186 567 2410 636 rinthii,
2466 585 2564 624 cor
2611 573 2877 624 nostrum
2925 567 3238 624 dilatatum
3289 572 3378 624 est
3433 569 3508 637 (II
3569 570 3705 625 Cor.
3751 586 3823 634 vi,

2187 657 2292 727 tl).
2349 680 2376 705 »
2433 658 2606 729 Aperi
2670 674 2806 730 ergo
2857 674 2942 724 os,
2993 657 3266 714 confitere
3315 657 3648 723 Christum,
3695 659 3821 731 quia

2185 744 2487 818 plenitudo
2517 751 2642 802 est:
2679 747 2780 802 ubi
2811 745 3134 818 plenitudo,
3167 747 3246 802 ibi
3269 746 3445 802 etiam
3468 745 3740 802 latitudo.
3764 748 3825 803 Et

2183 833 2353 905 quasi
2379 833 2568 890 bonus
2601 833 2881 906 magister
2910 834 3010 906 qui
3042 833 3360 906 discipulos
3400 834 3621 891 habere
3665 839 3820 908 opta-

2181 926 2267 977 ret
2294 920 2567 993 aaquales,
2600 939 2707 978 nos
2738 939 2972 995 quoque
3001 923 3267 979 hortatus
3317 927 3407 978 est
3459 926 3525 979 ut
3555 923 3823 981 dilatare-

2181 1026 2333 1077 mur,
2368 1011 2608 1066 dicens:
2645 1033 2672 1060 «
2706 1009 3044 1066 Dilatamini
3075 1016 3129 1067 et
3169 1027 3270 1067 vos
3300 1011 3465 1079 (Ibid.
3504 1012 3614 1083 13).
3663 1035 3690 1060 ι»

2248 1101 2337 1154 93.
2376 1099 2522 1154 Cum
2553 1103 2746 1154 autem
2781 1099 2934 1156 Deus
2965 1099 3185 1155 alicubi
3235 1100 3293 1155 in
3337 1099 3713 1158 tribulatione
3743 1101 3828 1156 di-

2177 1185 2323 1242 latat
2371 1189 2505 1258 (P3),
2554 1191 2695 1243 tunc
2749 1189 2814 1244 lit
2868 1187 3114 1244 latitudo
3181 1189 3396 1254 cordis,
3448 1189 3612 1245 sicut
3657 1206 3828 1246 arena

2177 1276 2356 1331 maris
2387 1275 2856 1332 innumerabilis.
2911 1279 3045 1342 Quae
3089 1277 3166 1332 sit
3207 1276 3322 1333 ista
3374 1276 3659 1343 latutido,
3692 1278 3826 1333 audi

2176 1364 2463 1419 dicentem
2501 1367 2768 1419 sanctum
2813 1363 3184 1420 Salomonem
3217 1367 3329 1434 (83)
3362 1383 3375 1420 :
3429 1387 3458 1415 «
3519 1365 3746 1438 Optavi,
3773 1372 3830 1422 et

2175 1454 2348 1508 datus
2379 1457 2467 1508 est
2503 1451 2642 1508 mihi
2677 1469 2920 1509 sensus:
2957 1458 3011 1509 et
3043 1452 3325 1519 invocavi,
3358 1458 3415 1509 et
3457 1454 3619 1510 venit
3649 1455 3710 1510 in
3741 1472 3832 1511 me

2173 1543 2415 1614 spiritus
2445 1541 2748 1614 sapientia-
2779 1542 2928 1614 (Sap.
2964 1559 3065 1609 vn,
3103 1543 3180 1612 7).
3234 1541 3308 1597 Ut
3351 1543 3509 1598 enim
3542 1543 3835 1616 acciperet

2173 1630 2523 1703 sapientiam
2557 1647 2588 1686 a
2619 1630 2756 1696 Deo,
2792 1647 2905 1686 non
2957 1630 3210 1696 divitias,
3268 1649 3382 1686 non
3430 1631 3834 1699 nobilitatem,

2171 1735 2285 1773 non
2316 1722 2686 1790 potestatem,
2739 1718 2838 1774 sed
2888 1718 3236 1790 sapientiam
3292 1717 3611 1791 postulavit,
3657 1723 3716 1774 et
3751 1719 3822 1775 in

2170 1807 2269 1863 illa
2325 1807 2527 1862 omnia
2603 1824 2729 1879 qua:
2789 1806 2968 1862 etiam
3040 1823 3155 1862 non
3219 1805 3523 1878 postulavit
3569 1807 3823 1862 invenit.

2171 1896 2334 1951 Unde
2369 1895 2671 1968 Scriptura
2701 1894 2848 1951 dicit
2877 1895 3017 1967 quia
3046 1893 3181 1967 talis
3211 1901 3336 1952 erat
3355 1894 3602 1951 latitudo
3633 1896 3828 1952 cordis

2171 1985 2318 2056 ejus,
2375 1985 2523 2040 sicut
2574 2001 2750 2040 arena
2808 1985 2987 2040 maris
3044 1983 3492 2040 innumerabilis
3542 1983 3647 2053 (III
3690 1985 3821 2054 Reg.

2173 2073 2392 2143 1v,29).
2447 2072 2610 2128 Unde
2661 2065 2813 2127 hanc
2862 2072 3151 2144 percipias
3194 2071 3588 2137 latitudinem,
3634 2072 3712 2128 ait
3744 2073 3823 2128 de

2172 2163 2365 2234 seipse
2395 2177 2794 2233 cognoscens:
2831 2185 2856 2211 ‹‹
2906 2161 2967 2216 In
3015 2160 3324 2216 latitudine
3364 2161 3559 2217 cordis
3604 2161 3692 2216 tui
3722 2161 3824 2216 de-

2173 2248 2360 2306 scribe
2389 2265 2517 2305 eam
2555 2251 2734 2321 (Prov.
2768 2267 2867 2316 vn,
2901 2250 2974 2320 3).
3028 2273 3055 2299 ››
3102 2249 3169 2304 Et
3218 2249 3345 2305 ideo
3393 2249 3494 2321 qui
3527 2249 3709 2305 habet
3733 2265 3827 2305 sa-

2175 2337 2478 2410 pientiam,
2513 2355 2628 2394 non
2659 2338 2716 2394 in
2749 2337 2976 2394 occulto
3010 2341 3201 2393 teneat
3239 2353 3388 2405 eam,
3442 2355 3558 2394 non
3588 2339 3666 2394 ad
3697 2354 3826 2393 mo-

2172 2431 2475 2493 mentum;
2528 2427 2627 2482 sed
2682 2432 2852 2482 canat
2901 2443 3027 2483 eam
3078 2427 3136 2481 in
3168 2426 3359 2482 exitu:
3409 2426 3632 2499 ubique
3666 2429 3821 2500 quod

2175 2515 2370 2582 sentit,
2407 2531 2540 2570 eum
2572 2516 2920 2571 auctoritate
2958 2515 3249 2588 praedicet.

2237 2604 2326 2659 94.
2357 2603 2743 2677 Symmachus
2775 2609 2966 2660 autem
3002 2619 3102 2676 pro
3151 2603 3526 2660 tribulatione
3571 2603 3824 2660 afﬂicta-

2170 2691 2387 2748 tionem
2421 2694 2631 2765 posuit.
2669 2694 2800 2748 Sive
2841 2697 3037 2749 tamen
3091 2692 3388 2749 afﬂictatio
3431 2692 3530 2763 sit,
3573 2693 3698 2749 sive
3722 2693 3824 2749 tri-

2173 2780 2414 2849 bulatio,
2451 2799 2598 2853 opus
2653 2787 2741 2836 est
2785 2787 2847 2836 ut
2896 2798 3001 2837 nos
3059 2797 3405 2838 maneamus
3457 2782 3514 2836 in
3548 2781 3822 2847 Domino,

2171 2887 2274 2924 nee
2308 2870 2379 2924 ab
2428 2871 2630 2925 eodem
2684 2871 3048 2938 recedamus,
3097 2870 3376 2941 quoniam
3425 2869 3679 2941 pmsule
3711 2870 3826 2926 Do-

2173 2957 2330 3013 mino
2361 2965 2419 3013 et
2448 2959 2758 3014 assistente
2804 2958 2994 3026 nobis,
3045 2975 3216 3014 omne
3266 2963 3559 3014 certamen
3596 2957 3828 3015 fortiter

416 3050 493 3119 5).
537 3073 564 3098 ››
608 3048 879 3104 Dilatavit
929 3051 1129 3102 sancto
1178 3046 1438 3120 apostolo
1487 3047 1685 3114 Paulo,
1734 3047 1964 3118 quando
2007 3047 2054 3101 ei
2090 3030 2130 3097 C
2169 3063 2488 3116 possumus
2519 3047 2829 3102 sustinere.
2863 3046 2922 3102 Si
2964 3051 3161 3103 autem
3212 3047 3527 3103 Dominum
3558 3046 3825 3120 negliga-

416 3137 718 3193 oculorum
767 3137 962 3192 lumen
1013 3136 1264 3208 eripuit;
1319 3136 1398 3190 ita
1439 3136 1593 3190 enim
1639 3136 1943 3189 confessus
1973 3139 2060 3190 est
2168 3152 2324 3201 mus,
2371 3140 2426 3190 et
2477 3133 2646 3207 longe
2697 3151 2802 3190 nos
2853 3135 3140 3191 faciamus
3197 3152 3230 3191 a
3284 3135 3527 3190 Domino
3562 3134 3825 3192 facimus

413 3227 731 3292 Christum,
762 3243 934 3298 quem
970 3224 1219 3296 negabat
1250 3227 1438 3278 antea.
1477 3223 1606 3277 Ideo
1639 3239 1738 3276 vas
1761 3221 2059 3277 electionis

485 3372 598 3438 (82)
632 3369 773 3422 Mss.
816 3366 1103 3438 nonnulli,
1153 3379 1445 3438 sequamur
1488 3368 1635 3433 gesta
1667 3365 2052 3438 apostolorum.

2169 3223 2335 3278 nobis
2366 3223 2765 3278 adversarium
2798 3223 3116 3278 fortiorem.

2165 3365 2304 3419 edit.
2338 3381 2630 3449 nusquam
2660 3363 2719 3419 in
2754 3365 2972 3449 nostris
3003 3382 3146 3420 mss.
3191 3364 3505 3449 invenitur,
3537 3366 3636 3449 sed
3684 3373 3826 3449 post

487 3436 599 3509 (83)
632 3438 780 3492 Edit.
815 3437 978 3491 Rom.
1024 3437 1170 3506 sola,
1222 3437 1358 3490 Deus
1391 3436 1563 3490 alicui
1608 3438 1661 3489 in
1695 3437 2060 3491 tribulatione
2165 3452 2364 3490 vocem
2406 3437 2767 3509 Salomonem,
2815 3436 3094 3492 continuo
3137 3436 3525 3503 subnectitur,
3576 3441 3632 3491 ut
3661 3436 3821 3492 deci-

415 3511 730 3652 dziggitilie
761 3577 1070 3650 Scriptura
1102 3576 1264 3632 locus
1314 3593 1486 3649 quem
1533 3576 1808 3633 exhibent
1851 3594 2054 3632 omnes

2166 3515 2313 3577 perat
2342 3508 2695 3578 sapientiam,
2727 3513 2837 3563 etc.

1243 3954 1351 4039 ΙΝ
1413 3952 1959 4040 PSALMUM
2016 3952 2249 4042 XLV
2313 3952 2992 4039 ENAllRATIO.

1053 4316 1437 4373 PREFATIO.

485 4410 536 4465 l.
573 4409 759 4479 (Vers.
796 4409 871 4478 1.)
903 4407 1134 4462 Titulus
1183 4406 1396 4477 psalmi
1427 4405 1606 4474 hujus
1661 4404 1739 4458 ita
1791 4402 2058 4459 inscribi-

415 4505 511 4554 tur
539 4516 551 4553 :
585 4520 612 4546 «
649 4497 712 4552 1n
745 4497 946 4563 linem,
977 4511 1079 4566 pro
1113 4494 1249 4548 ﬁliis
1295 4494 1436 4548 Core
1469 4509 1570 4565 pro
1603 4491 1868 4556 occultis,
1900 4490 2058 4563 psal-

416 4602 548 4642 mus
580 4584 689 4656 ipsi
721 4583 923 4638 David.
963 4606 981 4629 ι
1020 4582 1166 4644 Quid
1211 4587 1318 4643 est,
1352 4605 1376 4629 ‹‹
1417 4598 1518 4652 pro
1569 4578 1860 4635 occultis?
1892 4603 1918 4629 ›ι
1953 4579 2059 4634 Oc-

416 4675 708 4730 cultorum
743 4669 1018 4726 habuisse
1059 4686 1120 4723 se
1171 4668 1562 4738 cognitionem
1612 4685 1714 4740 per
1763 4666 2062 4722 revelatio-

417 4780 551 4819 nem
579 4760 810 4818 Domini
841 4760 1002 4826 Jesu,
1039 4757 1097 4812 in
1124 4757 1612 4828 quinquagesimo
1653 4773 1885 4828 quoque
1917 4755 2066 4828 psal-

420 4870 515 4908 mo
550 4854 789 4907 sanctus
835 4847 1122 4919 Propheta
1167 4849 1584 4900 commemorat
1631 4845 1869 4899 dicens:
1905 4868 1930 4892 ‹‹
1969 4845 2064 4899 In-

418 4945 577 4997 certa
617 4944 674 4995 et
721 4938 950 4993 occulta
991 4935 1288 5007 sapientite
1339 4940 1448 4987 tua:
1483 4933 1871 4987 manitestasti
1921 4933 2067 4988 mihi

419 5029 565 5101 (Psal
603 5046 652 5093 L,
713 5028 789 5098 8).
849 5050 876 5076 ››
936 5026 1069 5090 Quae
1124 5028 1319 5078 autem
1373 5020 1472 5076 illa
1529 5021 1647 5075 sint
1702 5020 1948 5086 occulta,
2008 5020 2067 5075 in

421 5116 731 5189 Evangelia
807 5119 1009 5171 sancto
1082 5113 1379 5178 docemur,
1457 5110 1683 5166 dicente
1745 5108 1846 5163 Dei
1903 5108 2066 5173 Filio,

420 5207 574 5276 quod
610 5205 888 5278 mysteria
915 5201 1216 5275 sapientiae
1247 5199 1592 5256 abscondita
1622 5199 1738 5254 sint
1794 5197 2066 5269 sapienti-

420 5297 554 5358 bus,
611 5301 668 5350 et
725 5292 983 5366 parvulis
1042 5290 1287 5346 reveleta
1343 5289 1552 5361 (Matth.
1633 5305 1712 5353 χι,
1770 5285 2070 5354 25).‘H33c

422 5386 562 5436 sunt
601 5383 719 5449 illa,
774 5384 832 5436 ni
885 5380 1072 5447 fallor,
1135 5395 1263 5450 quae
1323 5377 1534 5450 oculus
1593 5393 1709 5431 non
1765 5375 1931 5443 vidit,
1964 5389 2072 5431 nee

424 5468 582 5526 auris
627 5471 864 5541 audivit,
907 5486 1012 5526 nec
1061 5469 1120 5524 in
1175 5484 1273 5524 eor
1315 5465 1574 5524 hominis
1623 5465 2015 5524 ascenderunt
2051 5480 2064 5526 ε

2094 4319 2140 4381 D
2174 4331 2301 4386 quae
2335 4315 2677 4387 praeparavit
2709 4314 3055 4370 Dominibus
3071 4314 3453 4388 diligentibus
3480 4328 3634 4369 eum.
3668 4311 3839 4385 Ergo

2172 4403 2230 4458 in
2264 4404 2491 4459 occulto
2535 4403 2727 4458 cordis
2776 4403 2960 4458 nostri
3009 4403 3239 4459 occulta
3281 4403 3584 4474 sapientia
3631 4417 3846 4458 recon-

2172 4491 2404 4558 damus,
2458 4508 2571 4546 non
2622 4496 2837 4546 temere
2895 4490 3196 4564 aliquibus
3259 4491 3657 4564 divulgemus,
3714 4491 3839 4546 nisi

2173 4583 2672 4634 sacramentorum
2705 4579 3093 4648 consortibus,
3143 4597 3292 4651 quos
3336 4579 3624 4635 Dominus
3651 4594 3842 4633 voca-

2173 4669 2254 4722 vit
2285 4668 2356 4722 ad
2405 4667 2654 4739 gratiam
2702 4684 2895 4735 suam,
2947 4669 3049 4740 qui
3107 4686 3168 4724 se
3217 4671 3276 4724 in
3323 4667 3670 4723 abscondito
3703 4665 3840 4722 vult

2175 4756 2388 4827 rogari,
2425 4757 2702 4827 quoniam
2743 4755 2905 4812 solus
2953 4763 3062 4825 est,
3113 4758 3213 4829 qui
3265 4756 3612 4813 abscondita
3639 4760 3702 4810 et
3733 4771 3844 4811 oe-

2175 4844 2334 4899 culta
2363 4849 2693 4913 cognoscat.

2246 4937 2302 4988 2.
2333 4933 2596 5005 Denique
2626 4933 2751 5005 ipse
2781 4933 3067 4990 Dominus
3095 4933 3268 4994 Jesus
3289 4934 3360 4988 ad
3382 4933 3836 5005 percipiendam

2179 5021 2389 5094 Legem
2425 5021 2615 5077 solum
2649 5021 2907 5094 Moysen,
2941 5039 3056 5078 non
3089 5022 3312 5094 absque
3341 5021 3483 5078 Jesu
3513 5026 3742 5087 tamen,
3773 5021 3835 5076 in

2180 5115 2436 5166 montem
2472 5109 2656 5166 voluit
2685 5111 3001 5167 ascendere
3032 5111 3222 5183 (Exod.
3255 5127 3372 5177 xxx,
3404 5110 3517 5182 2.5).
3552 5110 3616 5164 In
3645 5113 3844 5165 Evan-

2181 5198 2330 5271 gelio
2363 5215 2598 5271 quoque
2630 5198 2817 5264 Petro,
2847 5199 3082 5269 Joanni,
3115 5205 3174 5256 et
3199 5199 3418 5255 Jacobo
3441 5198 3584 5255 solis
3614 5214 3686 5254 ex
3718 5215 3842 5256 om-

2182 5289 2240 5342 ni
2274 5304 2519 5343 numero
2569 5286 2994 5358 discipulorum
3052 5287 3498 5344 resurrectionis
3541 5303 3665 5343 suae
3709 5287 3841 5361 glo-

2183 5377 2331 5431 riam
2364 5373 2634 5431 revelavit
2664 5375 2870 5446 (Matth.
2900 5393 3038 5444 xvn,
3075 5378 3148 5446 1).
3191 5377 3276 5432 Ita
3325 5375 3624 5432 occultum
3655 5392 3839 5433 suum

2180 5465 2363 5524 voluit
2391 5478 2521 5524 esse
2549 5463 2914 5546 mysterium,
2966 5468 3025 5524 et
3071 5465 3422 5529 admonebat
3467 5465 3836 5546 frequenter,
