4112 6190
270 315 436 399 1189

1372 314 1829 382 ENARRATIO
1872 318 1950 382 1N
1993 284 2372 382 PSALMUM
2419 310 2594 379 XLV.

3524 308 3682 380 H9O

286 473 356 515 ne
383 455 476 513 cui
514 452 689 511 facile
739 467 864 527 qua
919 446 1204 522 viderant,
1261 453 1680 509 annuntiarent
1726 469 1797 509 ne
1846 452 1928 507 of-
1957 452 2011 520 Α
2042 454 2098 507 et
2129 449 2366 507 liberavi
2396 454 2471 517 te,
2504 449 2767 506 exaudivi
2803 453 2859 504 te
2885 448 2943 503 in
2976 447 3320 504 abscondito
3361 452 3679 522 tempesta-

290 544 649 602 fendiculum
679 542 994 615 quisquam
1025 540 1248 598 subiret
1294 540 1604 610 inﬁrmior,
1660 542 1760 614 qui
1809 541 1928 596 vim

284 637 791 691 sacramentorum
838 631 1146 687 ﬂuctuanti
1209 630 1448 703 ingenio
1497 629 1735 686 haurire
1812 646 1928 685 non

289 726 503 797 posset.
535 721 796 793 Denique
827 720 950 790 ipse
977 720 1186 776 Petrus
1234 719 1533 776 nesciebat
1586 718 1726 791 quid
1774 718 1927 774 dice-

287 816 394 879 ret,
436 811 575 884 quia
628 809 742 865 tria
799 809 1178 865 tabernacula
1235 808 1503 876 Domino,
1561 814 1620 864 et
1679 806 1931 864 servulis

2038 542 2134 607 tis,
2171 539 2409 613 probavi
2438 543 2495 595 te
2526 540 2583 594 in
2615 556 2768 611 aqua
2798 536 3274 594 contradictionis
3305 537 3481 609 (Psal.
3514 556 3678 607 Lxxx,

2037 630 2111 701 8),
2149 652 2176 677 ››
2199 630 2300 685 Est
2330 628 2485 684 enim
2511 628 2778 700 quendam
2811 626 2868 682 in
2920 625 3399 682 tribulationibus
3455 626 3688 681 interna

2039 722 2338 791 pectorum
2373 734 2534 772 saevae
2565 721 2904 788 tempestas,
2936 716 3168 788 quando
3203 718 3343 770 sunt
3374 714 3514 771 foris
3546 731 3687 787 pug-

2041 825 2147 872 nae,
2165 807 2326 862 intus
2348 806 2609 861 timores.
2639 806 2740 860 Est
2759 822 2911 876 aqua
2931 803 3427 869 contradictionis,
3452 802 3688 875 quando

289 901 548 956 crederet
601 915 729 955 esse
784 897 1068 954 facienda.
1126 896 1344 954 Deinde
1392 897 1676 970 fulgorem
1732 896 1930 970 gloriae
2038 894 2195 951 velut
2225 894 2481 966 quodam
2543 893 2897 949 amarissimi
2930 892 3071 949 salis
3102 897 3244 949 aestu
3276 890 3687 963 ﬂuctuant(84)

287 987 517 1045 Domini
546 986 1023 1060 transfigurantis
1053 1001 1115 1042 se
1173 985 1467 1043 sustinere
1526 1002 1642 1042 non
1699 984 1928 1059 potuit:

290 1077 391 1134 sed
416 1076 474 1132 in
504 1079 720 1132 terram
751 1075 982 1144 cecidit,
1039 1074 1370 1132 ceciderunt
1421 1077 1479 1131 et
1527 1074 1632 1129 filii
1690 1074 1931 1130 tonitrui

286 1164 537 1221 Jacobus
565 1168 624 1220 et
643 1163 925 1233 Joannes,
956 1168 1013 1220 et
1040 1166 1226 1220 nubes
1256 1162 1486 1236 operuit
1511 1180 1630 1234 eos,
1684 1180 1788 1219 nec
1836 1180 1936 1236 po-

287 1257 525 1309 tuerunt
556 1268 800 1326 surgere
830 1251 943 1309 nisi
972 1256 1175 1325 postea
1206 1267 1385 1325 quam
1415 1251 1589 1309 Jesus
1648 1252 1827 1319 venit,
1878 1257 1936 1307 et

287 1340 479 1413 tetigit
497 1357 622 1409 eos,
655 1340 915 1413 etjussit
969 1344 1034 1397 ut
1085 1344 1414 1413 surgerent,
1448 1344 1505 1397 et
1562 1340 1935 1397 formidinem

285 1435 749 1502 sequestrarent.
783 1429 1136 1487 Introierunt
1162 1446 1299 1503 ergo
1329 1428 1387 1486 in
1420 1430 1660 1499 nubem,
1713 1433 1777 1484 ut
1835 1430 1934 1485 ab-

287 1516 412 1574 dita
442 1521 501 1575 et
534 1516 761 1575 occulta
801 1522 1233 1591 cognoscerent,
1286 1521 1460 1592 atque
1490 1516 1571 1573 ibi
1627 1516 1940 1573 audierunt

285 1623 491 1664 vocem
522 1606 626 1663 Dei
649 1605 927 1663 dicentis:
966 1629 995 1659 «
1043 1607 1147 1664 Hic
1204 1610 1295 1663 est
1341 1606 1525 1663 Filius
1584 1598 1751 1662 m'eus
1794 1605 1936 1662 dile-

287 1698 439 1762 ctus,
471 1695 532 1750 in
566 1710 680 1767 quo
712 1695 858 1751 mihi
887 1695 1209 1769 complacui
1240 1715 1251 1752 :
1287 1696 1485 1768 ipsum
1536 1694 1734 1750 audite
1778 1693 1937 1765 (Ibid.

283 1783 362 1847 5).
393 1806 423 1834 »
457 1782 610 1849 Quid
642 1787 749 1840 est.
779 1805 807 1833 ‹‹
856 1783 959 1839 Hic
1013 1788 1105 1840 est
1162 1783 1345 1839 Filius
1406 1800 1573 1839 meus
1634 1782 1885 1838 dilectus
1913 1781 1942 1836 ?

286 1871 409 1927 Hoc
439 1875 550 1942 est,
583 1870 702 1927 noli
751 1888 964 1940 errare,
1023 1872 1246 1940 Simon,
1310 1874 1376 1925 ut
1431 1869 1679 1926 servulis
1728 1870 1941 1926 Filium

286 1958 393 2015 Dei
411 1958 830 2015 conferendum
874 1963 1065 2032 putes.
1099 1980 1129 2009 ››
1159 1959 1262 2015 Hic
1292 1963 1382 2015 est
1430 1957 1641 2014 Filium
1688 1974 1877 2025 meus,
1914 1982 1942 2007 ››

291 2064 412 2104 non
440 2046 670 2120 Moyses
701 2046 905 2115 Filius,
929 2064 1045 2104 non
1087 2045 1239 2103 Elias
1287 2046 1490 2116 Filius,
1524 2046 1796 2119 quamvis
1854 2045 1943 2102 a1-

288 2138 384 2192 ter
412 2135 709 2209 aperuerit
731 2152 910 2203 mare,
943 2134 1088 2192 alter
1118 2134 1393 2191 clauserit
1422 2134 1655 2191 coalum.
1682 2136 1743 2190 In
1772 2135 1945 2191 verbo

289 2223 455 2281 enim
484 2223 714 2280 Domini
749 2228 995 2296 uterque
1030 2229 1301 2280 naturam
1334 2223 1468 2279 vicit
1490 2223 1783 2290 elementi,
1843 2224 1943 2280 sed

293 2311 383 2368 illi
411 2311 809 2369 ministerium
841 2314 1242 2386 praebuerunt,
1272 2312 1369 2369 hic
1394 2317 1484 2371 est
1529 2314 1630 2386 qui
1674 2311 1948 2370 solidavit

292 2417 509 2474 aquas,
539 2401 748 2458 ccelum
776 2403 1035 2477 siccitate
1057 2401 1287 2472 clausit,
1345 2406 1403 2459 et
1449 2402 1683 2475 quando
1740 2401 1944 2468 voluit,

293 2489 357 2546 in
392 2489 616 2547 imbres
640 2491 895 2548 resolvit.
929 2491 1039 2547 Ubi
1072 2491 1478 2549 testimonium
1505 2490 1948 2548 resurrectionis

295 2578 632 2648 asciscitur,
681 2579 1078 2653 astipulantur
1150 2579 1481 2636 ministeria
1555 2578 1945 2649 servulorum,

295 2668 402 2724 ubi
426 2667 615 2741 gloria
641 2667 872 2725 Domini
904 2669 1263 2743 resurgentis
1292 2669 1642 2738 ostenditur,
1702 2669 1946 2725 servulis

293 2755 581 2828 splendor
636 2756 1036 2813 absconditur.
1085 2757 1348 2830 Namque
1409 2758 1571 2830 ipsos
1644 2756 1947 2814 stellarum

292 2843 508 2918 globos
537 2844 624 2901 sol
654 2850 891 2902 exortus
920 2845 1176 2914 obducit,
1209 2852 1266 2903 et
1281 2846 1478 2903 omnia
1502 2861 1704 2902 earum
1723 2846 1951 2903 lumina

295 2934 608 2991 mundano
641 2934 753 2990 sub
784 2934 904 2991 sole
930 2940 1270 2992 vanescunt.
1306 2936 1607 3001 Quomodo
1648 2952 1782 3009 ergo
1838 2935 1948 2992 sub

299 3026 522 3079 aeterno
554 3022 675 3079 sole
699 3022 967 3095 justitiae,
998 3027 1175 3096 atque
1204 3023 1303 3080 illo
1335 3024 1561 3097 fulgore
1617 3025 1813 3080 divino
1870 3024 1949 3079 vi-

2041 988 2255 1039 nostraa
2292 982 2694 1057 cogitationes,
2729 999 2832 1037 nec
2858 981 2977 1037 ulla
2999 981 3054 1036 in
3089 982 3378 1054 profundo
3400 980 3689 1036 mentium

2042 1071 2402 1129 definitionis
2424 1071 2738 1129 stabilitate
2763 1070 3148 1144 placidantur.
3183 1071 3345 1127 Tunc
3372 1073 3690 1143 tempestas

2044 1162 2102 1217 in
2134 1162 2499 1227 abscondito,
2531 1165 2672 1217 tunc
2703 1178 2854 1232 aqua
2886 1159 3382 1227 contradictionis,
3416 1176 3542 1231 quae
3566 1158 3691 1214 solo

2044 1255 2235 1324 potest
2263 1250 2481 1306 Christi
2512 1267 2779 1306 sermone
2812 1249 3023 1318 Sedari,
3077 1265 3191 1320 quo
3240 1252 3477 1320 peccata
3524 1246 3693 1303 nobis

2046 1343 2246 1395 nostra
2280 1339 2544 1406 dimittit,
2578 1338 2900 1394 secundu-n
2935 1337 3092 1408 quod
3126 1336 3249 1408 ipse
3280 1336 3555 1408 dignatus
3606 1339 3696 1391 est

2046 1426 2259 1496 dicere,
2291 1452 2318 1477 ‹‹
2348 1427 2476 1483 Jam
2507 1444 2607 1482 vos
2644 1425 2847 1481 mundi
2881 1425 3025 1482 estis
3057 1429 3293 1497 propter
3341 1440 3693 1492 sermonem,

2046 1533 2222 1587 quem
2254 1515 2484 1571 locutus
2511 1532 2643 1571 sum
2675 1516 2837 1571 vobis
2871 1516 3058 1586 (Joan.
3088 1532 3181 1570 xv.
3218 1516 3292 1583 3).
3328 1538 3355 1563 ››
3411 1514 3694 1585 Loquere,

2048 1604 2291 1659 Domine
2320 1605 2481 1671 Jesu,
2513 1604 2753 1659 verbum
2786 1609 2953 1658 tuum
2986 1603 3277 1659 medicina
3302 1606 3409 1673 est,
3449 1602 3695 1658 verbum

2048 1695 2217 1747 tuum
2248 1691 2448 1748 lumen
2480 1696 2587 1760 est,
2612 1693 2851 1747 verbum
2889 1698 3052 1747 tuum
3088 1695 3296 1747 nostra:
3354 1689 3698 1748 colluvionis

2051 1781 2271 1836 ablutio
2305 1784 2412 1849 est,
2445 1781 2685 1836 verbum
2723 1785 2886 1835 tuum
2925 1780 3051 1835 fons
3083 1784 3191 1836 est.
3226 1780 3612 1852 Tuloqueris,
3645 1782 3701 1834 et

2052 1869 2228 1941 culpa
2255 1868 2504 1925 lavatur.

2127 2046 2177 2100 4.
2212 2045 2276 2099 Et
2304 2045 2443 2116 quia
2470 2046 2541 2100 de
2571 2045 2908 2100 abscondito
2938 2046 3322 2117 tempestatis,
3358 2049 3413 2100 et
3444 2046 3514 2101 de
3547 2060 3702 2116 aqua

2053 2132 2531 2189 contradictionis
2590 2133 2805 2187 ductus
2854 2139 2941 2187 est
2997 2149 3214 2199 sermo,
3265 2132 3464 2188 omnia
3532 2131 3702 2187 nobis

2057 2223 2271 2277 factum
2307 2224 2395 2277 est
2421 2220 2521 2276 Dei
2541 2220 2816 2275 Verbum.
2852 2221 2995 2276 Caro
3026 2220 3246 2276 factum
3274 2224 3382 2288 est,
3448 2222 3513 2275 ut
3569 2235 3696 2275 car-

2056 2327 2188 2366 nem
2223 2314 2516 2378 servaret;
2551 2326 2706 2383 aqua
2737 2310 2954 2365 factum
2996 2313 3105 2377 est,
3162 2314 3226 2365 ut
3289 2325 3506 2382 aquam
3555 2324 3698 2363 con-

2054 2398 2420 2455 tradictionis
2442 2416 2550 2455 sua
2570 2400 2760 2472 gratia
2778 2402 3147 2472 temperaret,
3172 2402 3228 2455 et
3249 2397 3701 2454 amaritudinem

2056 2487 2377 2562 impietatis
2405 2490 2679 2544 auferret.
2714 2489 2962 2560 Ideoque
2994 2488 3279 2561 scriptum
3330 2491 3443 2558 est,
3479 2510 3500 2539 ι
3534 2489 3703 2558 Aqua

2058 2576 2175 2633 alta
2228 2576 2473 2637 verbum
2535 2577 2594 2631 in
2625 2578 2797 2632 corde
2826 2575 2934 2631 viri
2989 2576 3168 2647 (Prov.
3230 2594 3325 2643 xx,
3358 2577 3435 2646 5).
3471 2598 3498 2625 υ
3548 2573 3703 2631 Alibi

2055 2666 2301 2732 verbum,
2334 2664 2469 2720 alibi
2501 2665 2717 2721 iterum
2773 2665 3067 2721 consilium
3087 2681 3108 2726 ;
3140 2663 3219 2718 ibi
3277 2662 3435 2718 enim
3481 2663 3703 2719 bonum

2058 2753 2391 2821 consilium,
2427 2753 2527 2809 ubi
2556 2754 2775 2809 bonum
2808 2757 2898 2809 est
2930 2753 3028 2808 Dei
3058 2753 3322 2808 verbum.
3358 2751 3424 2806 Et
3443 2751 3571 2807 ideo
3595 2748 3705 2804 tibi

2056 2842 2147 2898 lex
2176 2841 2346 2898 dicit:
2377 2866 2403 2892 «
2440 2842 2678 2898 Attende
2710 2842 2836 2910 tibi,
2870 2859 2943 2897 ne
2974 2842 3075 2896 fiat
3105 2841 3210 2896 tibi
3269 2841 3515 2896 verbum
3573 2854 3702 2894 ma-

2059 2931 2181 2987 lum
2215 2931 2272 2986 in
2307 2932 2475 2987 corde
2506 2935 2605 2987 tuo
2637 2933 2816 3004 (Deut.
2875 2949 2967 2987 xv.
2999 2931 3075 3002 9),
3110 2955 3137 2981 »
3190 2934 3247 2985 et
3304 2928 3445 2984 dicit
3498 2928 3696 2999 Jesus,

2060 3044 2088 3072 α
2117 3021 2263 3085 Quid
2297 3020 2566 3094 cogitatis
2594 3020 2750 3076 mala
2793 3021 2850 3075 in
2884 3020 3160 3076 cordibus
3208 3018 3416 3074 vostris
3474 3016 3696 3089 (Matth.

296 3110 430 3167 deri
460 3114 729 3183 poterant
753 3110 933 3167 stella;
964 3111 1262 3169 carnales?
1293 3111 1402 3168 Ubi
1459 3129 1596 3185 ergo
1654 3117 1795 3169 sunt
1849 3111 1950 3168 illa
2000 3184 2009 3185 ί
2060 3127 2136 3176 1x,
2170 3110 2268 3181 li)?
2298 3132 2325 3159 ››
2358 3109 2519 3165 Misit
2548 3110 2704 3165 enim
2721 3109 2877 3183 Deus
2898 3109 3153 3165 Verbum
3178 3124 3374 3173 suum,
3398 3110 3708 3163 utsanaret

295 3199 555 3268 lumina,
587 3216 717 3271 quae
746 3199 954 3256 vestris
984 3204 1120 3256 ante
1141 3198 1326 3255 oculis
1355 3184 1613 3272 quodam
1665 3201 1949 3257 miraculo
1981 3184 2024 3251 Ε
2062 3198 2379 3267 hominem,
2415 3216 2531 3255 non
2565 3204 2629 3254 ut
2659 3199 2943 3271 perderet.
2978 3200 3090 3255 Hoc
3120 3199 3361 3253 verbum
3417 3196 3709 3252 medicina

299 3287 714 3361 refulgebant?
742 3288 1015 3343 Tenebrae
1046 3292 1187 3344 sunt
1207 3287 1497 3356 universa,
1521 3290 1955 3362 comparatione

294 3376 461 3432 lucis
516 3379 763 3432 aternte.
822 3375 936 3430 Alii
986 3374 1329 3432 ministeriis
1380 3377 1506 3431 suis
1550 3376 1664 3433 Deo
1726 3377 1956 3449 placere

300 3466 465 3523 927
498 3464 795 3531 festinent,
827 3464 922 3520 hic
952 3464 1116 3520 solus
1136 3467 1227 3520 est
1250 3480 1453 3520 verum
1482 3463 1683 3520 lumen
1714 3471 1771 3522 et
1791 3471 1955 3521 aeter-

302 3570 482 3622 num,
514 3553 574 3608 in
600 3569 717 3624 quo
748 3553 918 3608 Pater
940 3551 1283 3624 complacet,
1315 3552 1405 3608 vel
1434 3552 1494 3607 in
1522 3569 1638 3625 quo
1678 3553 1956 3626 benepla-

304 3641 499 3696 citum
529 3643 619 3697 est
648 3639 812 3709 mihi,
843 3644 909 3696 ut
940 3657 1137 3696 meum
1169 3640 1266 3705 sit,
1317 3640 1604 3713 quidquid
1644 3640 1737 3696 hic
1798 3641 1954 3710 fecit,

305 3731 370 3784 et
403 3727 689 3800 quidquid
723 3744 828 3801 ego
859 3728 988 3797 feci,
1012 3727 1141 3784 Filii
1172 3746 1319 3802 opus
1347 3746 1475 3785 esse
1487 3730 1624 3801 jure
1664 3731 1953 3786 credatur.

307 3817 518 3890 Ipsum
550 3815 746 3872 audite
775 3817 1086 3886 dicentem,
1113 3840 1140 3869 «
1173 3817 1290 3890 Ego
1322 3822 1380 3873 et
1425 3817 1594 3874 Pater
1641 3836 1825 3874 unum
1856 3836 1957 3875 su-

306 3922 451 3962 mus
478 3905 657 3978 (Joan,
689 3922 746 3971 κ,
795 3906 908 3977 30).
941 3927 970 3956 ››
1027 3906 1155 3962 Non
1212 3904 1384 3974 dixit,
1443 3906 1559 3980 Ego
1617 3911 1674 3963 et
1729 3908 1958 3980 Moyses

305 4008 501 4049 unum
533 4008 764 4049 sumus.
796 3993 921 4049 Non
943 3993 1088 4050 dixit
1107 3993 1220 4051 sibi
1251 3999 1308 4052 et
1335 3993 1472 4052 Elia:
1502 3994 1689 4052 ullum
1749 3996 1955 4053 divina:

302 4080 509 4155 gloriae
567 4097 696 4138 esse
752 4083 1136 4140 consortium.
1193 4084 1342 4151 Quid
1397 4084 1511 4140 tria
1576 4086 1958 4142 tabernacula

302 4171 655 4244 prmparatis
670 4171 698 4227 ?
717 4171 843 4227 Non
874 4171 932 4227 in
954 4172 1126 4230 terris
1145 4173 1321 4231 habet
1348 4174 1459 4231 iste
1487 4174 1953 4245 tabernaculum,

305 4260 413 4317 sed
467 4259 530 4315 in
569 4259 730 4316 cmlo.
790 4260 1120 4317 Audierant
1176 4261 1446 4334 apostoli,
1488 4268 1546 4319 et
1621 4264 1956 4321 ceciderunt

304 4363 527 4422 pavore
554 4347 798 4404 turbati.
830 4347 1002 4404 Venit
1029 4348 1335 4419 Dominus,
1372 4354 1428 4406 et
1462 4350 1669 4408 levavit
1722 4369 1843 4420 eos,
1901 4358 1958 4409 et

295 4436 490 4509 jussit
520 4452 593 4493 ne
621 4436 715 4492 cui
746 4435 1003 4493 dicerent
1031 4438 1186 4509 quod
1223 4438 1529 4495 vidissent.

2066 3290 2173 3356 est,
2207 3305 2321 3343 non
2353 3304 2544 3359 pmna.
2578 3286 2695 3343 Hoc
2749 3288 2993 3343 verbum
3042 3287 3099 3341 in
3159 3287 3330 3343 corde
3388 3290 3507 3353 tuo,
3541 3290 3599 3340 et
3648 3285 3707 3339 in

2065 3392 2163 3431 ore
2184 3375 2260 3431 sit
2287 3379 2409 3443 tuo,
2442 3374 2552 3431 hoc
2583 3375 2835 3432 Verbum
2868 3376 2975 3453 sit.
3003 3376 3063 3430 in
3123 3375 3392 3446 occul-is,
3428 3373 3527 3429 ubi
3583 3373 3707 3428 dia-

2066 3461 2609 3532 bolusiusidiatur;
2667 3466 2845 3520 intret
2897 3464 3175 3532 Verbum,
3225 3466 3391 3520 e‘xeat
3442 3461 3709 3518 diabolus

2066 3550 2213 3605 Nam
2244 3551 2293 3606 si
2325 3552 2622 3623 irrepserit
2651 3552 2941 3620 diabolus,
2974 3552 3240 3609 Christus
3285 3552 3521 3619 recedit,
3563 3566 3709 3623 quo-

2068 3638 2240 3693 modo
2270 3638 2510 3695 recessit
2537 3659 2571 3694 a
2598 3640 2754 3695 Juda
2781 3644 3099 3711 postquam
3123 3658 3187 3696 sc
3218 3639 3489 3695 diabolus
3518 3639 3579 3694 in
3611 3656 3711 3695 cor

2067 3729 2196 3801 ejus
2227 3728 2535 3785 immersit.
2569 3728 2637 3782 Et
2678 3731 2744 3782 tu
2776 3744 2912 3799 ergo
2943 3728 3055 3795 dic,
3091 3751 3117 3777 «
3151 3730 3235 3782 Ab
3275 3728 3520 3783 occultis
3561 3728 3709 3783 meis

2066 3823 2291 3878 munda
2329 3835 2443 3886 me,
2493 3815 2737 3872 Domine
2785 3817 2932 3872 Psal.
2966 3832 3125 3881 XVIII,
3162 3816 3271 3886 13),
3308 3839 3334 3864 ››
3395 3831 3466 3869 ne
3509 3814 3711 3869 diabo-

2064 3912 2157 3967 lus
2189 3909 2500 3966 insidietur
2530 3906 2587 3961 in
2619 3903 2885 3972 occultis,
2920 3904 3073 3960 sicut
3102 3902 3192 3958 leo
3226 3902 3283 3957 in
3342 3900 3520 3956 cubili
3579 3917 3711 3957 suo.

2067 4000 2229 4067 Quod
2262 3999 2312 4056 si
2343 3996 2559 4054 Christi
2590 3992 2818 4051 occulta
2846 3993 2940 4065 pie
2969 3991 3335 4063 fideliterque
3368 3989 3711 4056 servaveris,

2066 4086 2386 4146 insidiandi
2418 4083 2650 4141 diabolo
2679 4082 2843 4139 locus
2872 4098 3002 4139 esse
3031 4099 3146 4138 non
3180 4080 3410 4154 poterit.
3465 4079 3711 4150 Ideoque

2067 4178 2123 4233 in
2156 4177 2383 4250 psalmo
2418 4191 2572 4231 nono
2603 4172 2778 4229 David
2810 4172 2881 4228 de
2911 4170 3155 4228 occultis
3186 4169 3448 4226 scribens
3479 4166 3713 4223 Domini

2066 4264 2470 4332 sacramentis,
2505 4263 2660 4335 quod
2692 4264 2782 4318 est
2812 4260 3112 4317 conversio
3170 4262 3562 4331 peccatorum,
3619 4272 3716 4311 vo-

2066 4355 2216 4411 catio
2274 4352 2561 4427 gentium,
2619 4350 2716 4406 Dei
2787 4365 3054 4423 regnum,
3116 4346 3458 4421 praeparatio
3497 4343 3710 4413 cordis,

2075 4443 2230 4500 928
2251 4440 2547 4514 judicium
2578 4454 2927 4510 pauperum,
2961 4438 3196 4493 refectio
3254 4436 3518 4509 inopum,
3579 4438 3714 4490 ante

382 4526 437 4580 3.
465 4524 610 4581 Huic
639 4540 776 4598 ergo
808 4530 912 4582 tua
939 4526 1167 4583 occulta
1195 4532 1442 4598 servato,
1483 4527 1575 4583 cui
1625 4528 1808 4585 David
1848 4547 1957 4586 sua
1986 4546 2032 4610 D
2064 4533 2135 4587 de
2156 4529 2401 4586 occultis
2432 4526 2683 4601 pectoris
2715 4526 2799 4581 tui
2831 4530 3005 4598 atque
3036 4524 3275 4581 secretis
3323 4524 3712 4581 exterminan-

302 4611 543 4669 occulta
592 4613 913 4670 mandabat
962 4613 1073 4687 (84)
1098 4613 1317 4684 dicens,
1342 4638 1371 4665 «
1425 4615 1513 4671 Ab
1544 4616 1758 4673 ocultis
1807 4617 1954 4674 meis

301 4703 538 4758 munda
566 4718 681 4771 me,
706 4702 951 4759 Domine
979 4703 1151 4774 (Psal.
1184 4720 1346 4772 xvm,
1379 4705 1485 4778 13).
1520 4705 1741 4762 Munda
1798 4708 1955 4763 enim

303 4790 529 4848 debent
556 4805 686 4847 esse
706 4792 1092 4865 receptacula,
1142 4792 1202 4848 in
1260 4792 1477 4865 quibus
1535 4799 1675 4850 sunt
1722 4795 1956 4868 pietatis

304 4878 540 4936 occulta
585 4881 883 4953 mysteria.
945 4882 1017 4937 Et
1069 4881 1198 4938 ideo
1265 4882 1369 4937 tibi
1457 4882 1693 4954 dicitur,
1727 4907 1753 4933 ‹‹
1815 4884 1955 4941 Bibe

308 4984 529 5041 aquam
558 4969 631 5025 de
658 4969 816 5025 vasis
838 4969 957 5026 tuis
982 4973 1038 5025 et
1067 4970 1136 5025 de
1169 4975 1473 5044 puteorum
1504 4976 1740 5026 tuorum
1782 4973 1952 5028 fonti-

308 5057 493 5114 bus...
525 5058 662 5115 etin
691 5056 901 5130 plateis
924 5059 1462 5131 superﬂuantaquaa
1483 5062 1614 5128 tuae,
1639 5064 1704 5116 ut
1731 5060 1952 5134 irriguo

312 5144 471 5202 fonte
501 5146 804 5203 munderis
836 5148 1018 5219 (Prov.
1039 5163 1094 5214 v,
1129 5148 1214 5217 12,
1249 5148 1357 5220 16).
1392 5170 1422 5198 ››
1454 5149 1587 5205 Ideo
1644 5150 1752 5204 tibi
1808 5149 1952 5206 dici-

313 5236 429 5306 tur,
462 5257 492 5286 »
524 5234 673 5290 Vino
720 5233 1036 5292 torcularia
1092 5238 1191 5291 tua
1246 5236 1572 5292 redundent
1627 5239 1808 5306 (Prov.
1866 5255 1952 5308 III,

314 5323 426 5395 10).
460 5345 488 5373 ››
520 5323 653 5381 Ideo
684 5323 919 5392 dicitur,
952 5325 1067 5380 «In
1096 5322 1471 5381 tribulatione
1498 5323 1779 5383 invocasti
1836 5342 1949 5395 me,

383 5481 498 5556 (‘84)
520 5481 662 5556 Mss.
695 5482 937 5556 aliquot,
968 5501 1071 5541 sua
1112 5484 1321 5540 occulta
1368 5484 1695 5556 mandabat.
1748 5485 1953 5543 Melius

313 5549 531 5681 ἓξέὶῗο
551 5552 737 5610 edit...
768 5549 1084 5623 mandabat,
1116 5556 1174 5614 id
1206 5561 1294 5614 est
1330 5555 1591 5613 oratione
1649 5571 1952 5615 commcn-

2067 4621 2207 4676 dum
2240 4616 2636 4674 adversarium
2670 4615 2830 4682 dicit,
2891 4632 2962 4670 ne
3020 4615 3220 4671 sedeat
3274 4615 3335 4670 in
3384 4613 3596 4671 ocultis
3646 4615 3713 4667 ut

2065 4709 2387 4765 interﬁcere
2417 4705 2660 4778 cupiens
2691 4705 3084 4760 innocentem.
3121 4704 3373 4775 Ideoque
3402 4703 3507 4758 tibi
3566 4700 3712 4755 dici-

2063 4802 2187 4852 tur:
2222 4818 2249 4845 «
2284 4794 2443 4849 intra
2471 4792 2531 4848 in
2564 4792 2902 4849 cubiculum
2932 4799 3124 4860 tuum,
3179 4797 3236 4847 et
3282 4790 3479 4845 clauso
3536 4786 3705 4853 ostio,

2065 4902 2166 4940 ora
2195 4885 2425 4939 Patrem
2457 4886 2628 4937 tuum
2684 4883 2744 4936 in
2802 4883 3147 4938 abscondito
3191 4878 3399 4950 (Matth.
3434 4886 3537 4946 ‘vr,
3566 4874 3642 4946 6).
3678 4895 3707 4923 »

2067 4973 2168 5029 Illo
2207 4978 2307 5028 tua
2337 4971 2652 5027 descendat
2683 4971 2886 5040 oratio,
2912 4971 3009 5025 ubi
3042 4985 3169 5023 eam
3204 4965 3404 5021 audiat
3432 4964 3533 5037 qui
3557 4979 3712 5020 scru-

2064 5068 2222 5119 tatur
2254 5061 2618 5127 abscondita,
2652 5061 2732 5115 ibi
2764 5063 2926 5113 tuam
2984 5055 3327 5129 patientiam
3387 5051 3706 5125 deprehen-

2064 5152 2183 5217 dat,
2201 5150 2312 5219 vel,
2334 5150 2594 5223 tegenda:
2619 5147 2866 5217 injuria),
2894 5144 3281 5216 veljactantiae
3305 5141 3703 5208 declinandis;

2063 5240 2318 5297 occultat
2343 5240 2501 5296 enim
2533 5237 2769 5308 sapiens
2798 5234 3076 5306 injuriam
3108 5249 3301 5289 suam.
3334 5231 3418 5287 Ibi
3451 5235 3540 5287 est
3580 5230 3706 5286 lati-

2060 5329 2268 5385 bulum
2301 5325 2630 5401 sapientiaa;
2656 5346 2685 5375 ‹‹
2720 5323 2917 5396 posuit
2945 5322 3102 5379 enim
3165 5322 3435 5379 tenebras
3494 5320 3706 5376 latibu-

2134 5491 2247 5562 (84)
2278 5488 2360 5543 Ita
2393 5485 2656 5562 quinque
2691 5500 2836 5562 mss.
2870 5482 2977 5538 Alii
3010 5500 3145 5562 vero
3173 5488 3229 5539 et
3285 5499 3490 5562 omnes
3537 5480 3705 5562 edit._,

2059 5552 2586 5634 pecca'tgrum'smvd
2603 5558 2972 5634 tempestas...
3007 5555 3239 5630 quodam
3266 5555 3546 5613 maritimi
3575 5552 3708 5610 ταιίὲ

2063 5630 2201 5692 avstu
2234 5632 2531 5707 ﬂuctuant,
2564 5630 2671 5683 etc.
