4112 6190
254 351 401 415 H93

1337 346 1792 411 ENARRATIO
1835 345 1916 406 IN
1961 343 2330 407 PSALMUM
2380 345 2557 406 XLV.

3495 291 3662 406 usi

253 485 362 541 nisi
394 485 452 540 iu
486 485 752 541 oratione
777 487 835 542 et
858 484 1082 556 jejunio
1113 483 1274 556 (Ibid.
1307 485 1418 554 20).
1453 484 1522 537 Et
1559 477 1888 537 addididit:
1921 478 1976 544 Α
2005 481 2093 532 tes
2126 477 2223 548 qui
2247 477 2680 532 transferuntur
2731 475 2790 530 in
2840 476 3202 548 paradisum,
3244 476 3458 548 quibus
3507 478 3650 534 dlci-

253 596 278 624 ‹‹
309 573 371 630 Si
403 573 729 630 habueritis
761 575 934 630 ﬁdem
966 573 1118 630 sicut
1146 590 1393 646 granum
1446 570 1689 643 sinapis,
1740 568 1894 623 dicc-

250 663 322 720 tis
352 664 492 719 huic
526 664 749 721 monti:
783 663 989 720 Transi
1016 663 1153 718 hinc
1185 662 1282 719 illo
1316 662 1474 731 (Ibid.
1512 663 1618 727 19),
1658 679 1679 707 α
1715 674 1895 713 manu

247 751 591 825 signiﬁcans
622 752 754 824 quis
783 751 880 808 ille
911 768 1080 808 mons
1107 756 1283 820 esset,
1317 767 1490 822 quem
1535 751 1731 820 posset
1762 763 1895 818 per-

243 840 388 897 fecta
419 842 731 898 transferre
778 841 944 898 ﬁdes.
976 842 1266 909 Prert‘ecta
1317 839 1470 896 enim
1519 838 1666 897 ﬁdes
1716 850 1899 909 grano

246 931 467 1004 sinapis
536 934 871 1003 comparata
919 936 1029 998 est,
1076 931 1301 988 dicente
1371 927 1695 1002 Apostolo:
1754 949 1781 976 ‹‹
1835 925 1892 980 Si

246 1019 490 1078 habeam
521 1036 756 1076 omnem
788 1020 986 1088 ﬁdem,
1019 1019 1102 1076 ita
1127 1024 1191 1076 ut
1237 1023 1466 1076 montes
1498 1017 1848 1073 transferam
1877 1032 1889 1070 :

247 1108 587 1166 charitatem
636 1111 834 1164 autem
891 1126 1005 1166 non
1054 1109 1326 1175 habeam,
1375 1106 1522 1163 nihil
1572 1105 1717 1161 mihi
1762 1121 1894 1176 pro-

250 1198 374 1254 dest
401 1200 450 1267 (Ι
473 1198 594 1254 Cor.
628 1215 756 1262 xm,
785 1197 862 1269 2).
896 1219 924 1247 »

309 1287 400 1343 10.
432 1286 707 1358 (νθιιε.4.)
737 1290 886 1341 Sunt
917 1285 1092 1341 etiam
1117 1285 1219 1353 qui
1252 1286 1334 1342 ita
1367 1284 1743 1356 distinguunt
1766 1284 1894 1338 :«Et

245 1377 676 1431 transferuntur
706 1380 972 1443 montes;
1007 1396 1036 1424 »
1072 1380 1136 1430 ut
1165 1379 1478 1446 sequatur:
1515 1396 1541 1422 ‹‹
1591 1375 1657 1428 ln
1706 1372 1892 1446 cordi-

247 1466 354 1520 bus
384 1463 562 1521 maris
588 1468 934 1531 sonuerunt,
960 1459 1116 1520 980
1145 1468 1203 1519 et
1233 1464 1477 1518 turbata:
1538 1465 1678 1517 sunt
1727 1478 1892 1533 aqua}

246 1554 370 1624 ejus
398 1572 412 1610 :
444 1551 772 1610 conturbati
804 1557 944 1609 sunt
974 1556 1202 1609 montes
1224 1552 1284 1608 in
1317 1551 1658 1608 fortitudine
1689 1552 1836 1621 ejus.
1861 1570 1890 1598 ››

244 1642 365 1699 Νοιι
397 1643 557 1700 bona;
601 1659 764 1716 aqua:
815 1659 942 1715 qua:
972 1647 1207 1711 sonant,
1255 1647 1429 1714 atque
1479 1640 1812 1707 turbantur,
1837 1645 1894 1694 et

244 1736 442 1803 potum
473 1733 730 1804 praebere
773 1745 886 1786 non
938 1735 1205 1803 possunt.
1258 1728 1526 1785 Meliores
1571 1731 1711 1784 sunt
1763 1743 1889 1798 quae

242 1824 674 1892 pertranseunt,
708 1820 862 1912 sicut
891 1820 1178 1890 scriptum
1229 1822 1351 1874 est:
1386 1839 1414 1867 ‹‹
1465 1819 1620 1912 Inter
1667 1815 1891 1871 medios
1920 1846 1968 1912 Β

241 1910 468 1962 montes
525 1905 968 1978 pertransibunt
1014 1922 1199 1977 aquze,
1245 1908 1304 1961 et
1356 1904 1647 1975 potabant
1685 1919 1888 1959 omnes

237 1992 437 2049 bestia:
492 1993 665 2066 agri:
726 1991 1051 2064 suecipient
1107 1990 1311 2064 onagri
1367 1991 1427 2046 in
1499 1989 1658 2046 sitim
1717 2006 1887 2046 suam

240 2082 389 2137 Psal.
423 2098 543 2148 cur,
577 2081 668 2150 10,
702 2080 851 2152 11).»
887 2080 1143 2152 Denique
1167 2079 1264 2134 ubi
1289 2079 1438 2151 legio
1462 2079 1886 2135 daemoniorum

236 2171 404 2244 petiit
424 2175 482 2226 et
512 2170 735 2242 accepit
764 2173 1111 2243 potestatem
1142 2172 1208 2224 ut
1240 2168 1505 2224 introiret
1549 2167 1608 2223 in
1659 2184 1883 2238 porcos,

237 2275 448 2332 magno
477 2260 680 2331 inpetu
714 2276 776 2315 se
809 2258 1192 2332 praecipitavit
1222 2257 1280 2311 in
1314 2273 1472 2312 mare
1506 2257 1884 2329 (Luc.vm,32)

239 2351 295 2402 et
333 2364 498 2419 aquae
556 2347 667 2402 illa:
725 2347 915 2420 gregis
972 2347 1064 2402 sui
1124 2346 1576 2419 praecipitatione
1641 2345 1884 2400 turbatae

240 2441 396 2492 sunt.
428 2434 580 2491 Alibi
611 2453 842 2508 quoque
871 2437 1025 2490 idem
1049 2436 1230 2492 David
1259 2435 1540 2507 propheta
1559 2434 1644 2489 sic
1666 2435 1882 2506 posuit:

242 2546 270 2575 ι(
301 2523 586 2579 Viderunt
613 2530 670 2578 te
702 2540 887 2595 aquae,
919 2524 1094 2592 Deus,
1142 2523 1415 2578 viderunt
1470 2528 1523 2578 te
1580 2539 1766 2594 aquae,
1827 2527 1886 2578 et

237 2605 562 2669 timuerunt
601 2613 768 2684 (Psal.
804 2629 987 2680 Lxxvr,
1024 2613 1136 2683 l7),
1168 2635 1198 2661 »
1228 2612 1338 2668 hoc
1389 2616 1499 2678 est,
1561 2613 1722 2667 bonae
1772 2611 1884 2666 vir-

235 2705 548 2772 tutes,quze
582 2701 751 2756 Verbi
785 2699 1036 2757 caelestis
1090 2701 1427 2773 cognitione
1466 2706 1606 2756 sunt
1643 2699 1883 2773 placida:

237 2806 354 2845 non
385 2789 581 2844 sonitu
606 2793 664 2845 et
702 2791 928 2861 fragore
975 2789 1285 2846 terribiles.
1338 2795 1413 2844 De
1466 2789 1634 2844 malis
1686 2793 1882 2844 autem

235 2877 547 2934 virtu-tibus
577 2877 719 2949 quid
754 2877 941 2933 dicit?
971 2899 998 2927 ‹‹
1033 2879 1102 2933 Et
1130 2879 1644 2934 conturbatcesunt
1665 2877 1880 2949 abyssi,

241 2966 553 3022 multitudo
582 2966 811 3023 sonitus
841 2962 1130 3038 aquarum
1163 2967 1396 3038 (lbz‘d.l7
1424 2970 1474 3023 et
1505 2967 1650 3038 18).»
1675 2965 1883 3038 Abyssi

231 3059 421 3111 Deum
452 3072 564 3111 non
596 3056 876 3123 vident,et
905 3055 1035 3110 ideo
1066 3055 1498 3111 turbationibus
1528 3072 1759 3127 semper
1778 3056 1880 3110 ob-

237 3143 419 3200 noxiae
449 3149 604 3200 sunt.
626 3141 710 3199 Et
737 3143 1005 3216 exposuit
1034 3143 1174 3214 quid
1207 3149 1403 3200 essent
1433 3145 1647 3216 abyssi.
1681 3168 1708 3194 ‹‹
1736 3143 1879 3199 Mul-

233 3232 444 3302 titudo,
480 3256 506 3282 »
541 3233 752 3303 inquit,
793 3255 822 3282 «
877 3231 1106 3286 sonitus
1163 3247 1470 3302 aquarum.
1531 3253 1558 3281 ››

233 3321 424 3377 bestia
449 3321 552 3377 illa
587 3320 985 3376 Antichristus
1027 3335 1096 3373 ex
1125 3319 1336 3390 abysso
1370 3319 1652 3386 ascendit,
1686 3324 1750 3374 ut
1778 3321 1879 3374 ad—

233 3425 438 3466 versus
488 3409 670 3465 Eliam
729 3413 904 3479 atque
951 3406 1165 3471 Enocb,
1219 3410 1396 3476 atque
1443 3407 1728 3462 Joannem
1773 3409 1883 3476 (87)

233 3498 340 3569 qui
374 3501 610 3570 propter
637 3495 1039 3552 testimonium
1072 3493 1304 3550 Domini
1341 3496 1478 3550 Jesu
1529 3494 1695 3550 terris
1746 3498 1886 3550 sunt

229 3585 474 3653 redditi,
504 3583 898 3656 praeliaretur;
933 3587 999 3638 ut
1047 3581 1298 3655 legimus
1347 3583 1406 3638 in
1450 3583 1696 3639 Joannis
1742 3585 1889 3655 Apo-

231 3673 498 3745 calypsi:
531 3671 627 3728 cui
657 3673 861 3727 datum
892 3675 981 3727 est
1009 3689 1074 3728 os
1105 3670 1382 3743 loquendi
1422 3687 1650 3744 magna
1700 3673 1882 3744 (Apoc.

227 3779 364 3831 xm,
392 3763 469 3833 5),
510 3765 576 3816 ut
603 3761 884 3816 adversus
915 3766 1096 3817 Deum
1152 3760 1321 3833 plena
1367 3761 1582 3817 furoris
1630 3760 1890 3817 convicia

232 3855 302 3907 et
331 3849 622 3922 sacrilegii
653 3854 1014 3922 personaret.

318 3941 402 3995 11.
438 3938 623 4012 (Vers.
658 3940 734 4010 4.)
767 3939 1103 3995 Sonuerunt
1131 3955 1267 4011 ergo
1294 3955 1480 4010 aquae,
1515 3938 1570 3994 id
1609 3943 1719 4006 est,
1779 3939 1890 3994 im-

235 4028 451 4084 mundi
482 4026 748 4099 spiritus,
799 4044 932 4083 cum
982 4028 1361 4084 turbarentur
1408 4028 1670 4085 videntes
1717 4045 1892 4100 opera

231 4116 371 4183 Dei,
408 4116 466 4171 in
520 4116 753 4171 Domini
803 4115 1080 4172 salutaris
1124 4113 1371 4173 adventu
1423 4117 1892 4190 appropinquare

235 4205 356 4262 sibi
390 4203 686 4276 judicium
744 4203 1240 4274 pertimescentes.
1290 4209 1623 4260 Sonuerunt
1667 4209 1724 4260 et
1770 4210 1893 4260 tur-

239 4294 392 4348 bata
423 4297 564 4348 sunt
591 4309 756 4364 aquae
788 4291 847 4346 in
879 4291 1104 4347 Domini
1138 4292 1426 4362 passione.
1462 4292 1623 4348 Unde
1669 4298 1728 4348 et
1773 4294 1893 4348 dic-

237 4385 373 4437 tum
424 4384 549 4436 est:
602 4380 852 4444 «Quare
901 4381 1266 4435 fremuerunt
1314 4385 1535 4452 gentes,
1590 4384 1648 4436 et
1695 4381 1896 4453 populi

239 4469 511 4527 meditati
542 4473 684 4526 sunt
715 4469 911 4524 inania
940 4469 1109 4540 (Psal.
1143 4486 1205 4536 ιι,
1243 4470 1292 4539 1)
1325 4491 1352 4520 α
1385 4470 1412 4523 ?
1443 4471 1511 4525 Et
1543 4468 1678 4525 alibi
1709 4469 1898 4542 Scrip-

2009 570 2191 622 tur:«
2231 565 2408 622 llodie
2440 582 2668 621 mecum
2701 566 2816 620 eris
2867 565 2926 620 in
2973 566 3242 637 paradiso
3287 566 3436 637 (Luc.
3488 582 3650 635 xxm,

2009 657 2116 722 43).
2153 680 2180 704 ››
2215 657 2280 711 Et
2309 655 2460 712 alius
2491 656 2591 728 qui
2622 656 2870 711 dicitur:
2907 679 2934 704 «
2970 655 3062 710 Sic
3095 671 3228 710 eum
3260 655 3386 711 volo
3419 665 3654 713 manere

2007 746 2188 802 donec
2222 745 2468 811 veniam,
2503 745 2642 816 quid
2676 745 2747 800 ad
2789 749 2842 800 te
2866 743 2894 799 ‘i'
2923 745 3009 799 Tu
3043 761 3134 800 me
3183 759 3427 816 sequere
3472 746 3632 817 (Joan

2008 852 2123 902 xxx,
2156 835 2268 904 23).
2305 857 2332 882 »
2366 835 2433 889 Et
2461 833 2654 889 Enoch
2687 834 2786 906 qui
2820 838 3020 906 raptus
3051 838 3158 904 est,
3193 851 3263 890 ne
3295 834 3517 891 malitia
3546 851 3651 891 ste-

2007 923 2122 980 culi
2164 928 2511 979 mutaretur.

2079 1015 2164 1068 12.
2198 1013 2384 1084 (Vers.
2416 1013 2496 1084 5.)
2527 1017 2664 1068 Post
2695 1012 2923 1069 Domini
2957 1013 3295 1085 passiunem
3328 1006 3470 1086 quid
3492 1013 3650 1070 aliud

2005 1103 2172 1173 sequi
2197 1103 2418 1171 debuit,
2451 1101 2566 1158 nisi
2599 1103 2739 1174 quia
2768 1103 2838 1158 de
2869 1118 3107 1175 corpore
3161 1102 3390 1159 Domini
3433 1097 3651 1160 ﬂumen

2003 1191 2203 1248 exivit:
2241 1192 2474 1264 quando
2506 1193 2576 1247 de
2609 1191 2786 1248 latere
2816 1192 2946 1263 ejus
2987 1209 3138 1264 aqua
3185 1191 3353 1248 ﬂuxit
3408 1196 3465 1249 et
3511 1196 3652 1249 ean--

2002 1280 2154 1351 guis,
2197 1297 2311 1353 quo
2372 1280 2685 1336 laetiﬁcavit
2742 1281 2971 1336 animas
3029 1279 3459 1349 universd'um,
3515 1281 3653 1354 quia

2003 1368 2102 1424 illo
2135 1371 2376 1424 flumine
2409 1369 2547 1424 lavit
2578 1375 2878 1441 peccatum
2913 1370 3089 1425 totius
3140 1370 3394 1426 mundi?
3446 1370 3546 1426 Est
3594 1373 3652 1426 et

2005 1457 2217 1513 ﬂuvius
2247 1456 2346 1529 qui
2378 1458 2448 1513 de
2496 1458 2652 1513 Eden
2684 1459 2844 1525 exiit,
2874 1461 2934 1514 et
2972 1458 3268 1514 circumiit
3317 1459 3649 1516 universam

2001 1549 2240 1614 terram,
2278 1547 2532 1604 Verbum
2578 1547 2679 1602 Dci
2728 1563 2844 1619 quo
2903 1548 3214 1620 paradisus
3263 1535 3648 1621 intelligibilis

2002 1634 2299 1706 irrigatur,
2361 1638 2419 1690 et
2475 1633 2666 1691 omnis
2725 1636 2922 1692 anima
2978 1639 3216 1693 vocatur
3269 1638 3340 1692 ad
3399 1637 3648 1709 gratiam

2002 1722 2238 1789 Christi,
2281 1722 2520 1778 dicente
2562 1723 2687 1794 ipso
2733 1723 2833 1779 Dei
2888 1723 3112 1780 Verbo:
3165 1747 3186 1773 ι
3231 1723 3287 1780 Si
3321 1725 3454 1796 quis
3502 1725 3648 1792 sitit,

2002 1811 2192 1868 veniat
2222 1812 2293 1866 ad
2328 1829 2438 1880 me,
2472 1815 2530 1867 et
2559 1811 2738 1867 bibat.
2772 1812 2878 1867 Cui
2908 1827 3014 1885 ego
3044 1812 3255 1869 dedero
3279 1829 3516 1884 aquam,
3538 1814 3649 1869 ﬂu-

2001 1900 2162 1956 mina
2195 1902 2266 1956 de
2307 1905 2503 1956 ventre
2552 1901 2680 1971 ejus
2713 1901 2896 1957 ﬂuent
2953 1917 3116 1973 aquas
3165 1900 3304 1957 vives
3336 1902 3513 1973 (10cm.
3546 1917 3646 1971 vn,

1996 1991 2087 2055 37,
2119 1991 2227 2060 38).
2256 2008 2283 2040 ιο
2342 1990 2421 2044 Ex
2465 1987 2565 2044 illo
2613 1989 2770 2044 enim
2822 1989 2991 2045 unico
3043 1989 3139 2044 Dei
3176 1989 3366 2047 Verbo
3397 1992 3650 2062 quatuor

1998 2077 2306 2134 ﬂuviorum
2340 2077 2661 2150 prudentia:
2693 2081 2750 2133 et
2800 2077 3185 2144 fortitudinis,
3243 2078 3648 2150 temperantiae

1997 2182 2230 2238 quoque
2259 2170 2316 2222 et
2340 2165 2575 2235 justitia:
2611 2165 2831 2222 ﬂuenta
2875 2170 3212 2223 manarunt.
3247 2188 3276 2217 «
3324 2165 3437 2222 Alii
3484 2166 3646 2223 enim

1994 2272 2100 2328 per
2173 2255 2454 2328 Spiritum
2501 2255 2673 2310 datur
2719 2256 2866 2311 9³1
2918 2269 3111 2312 sermo
3175 2255 3496 2327 sapientiae,
3545 2251 3648 2311 alii

1996 2346 2140 2400 ﬁdes
2184 2345 2241 2399 in
2274 2345 2476 2400 eodem
2519 2344 2761 2416 Spiritu,
2815 2343 2911 2399 alii
2962 2344 3151 2416 gratia
3182 2345 3554 2400 curationum
3587 2345 3647 2401 in

1998 2451 2113 2488 uno
2162 2433 2404 2504 Spiritu,
2459 2433 2554 2487 alii
2606 2433 2862 2504 operatio
2916 2434 3267 2489 virtutum...
3320 2434 3449 2489 Haec
3488 2435 3646 2489 enim

1995 2525 2269 2594 operatur
2299 2522 2498 2578 omnia
2527 2539 2680 2578 unus
2710 2526 2882 2594 atque
2909 2521 3064 2578 idem
3086 2522 3360 2594 Spiritus,
3381 2522 3649 2578 dividens

1994 2611 2248 2683 singulis
2282 2617 2454 2682 prout
2482 2611 2607 2666 vult
2638 2613 2686 2682 (Ι
2724 2616 2847 2667 Cor.
2900 2627 3002 2680 xu,
3046 2611 3102 2681 8,
3153 2612 3263 2683 11).
3316 2633 3336 2658 ι
3392 2610 3459 2666 Hi
3507 2616 3648 2668 sunt

1995 2700 2252 2771 impetus
2273 2700 2696 2766 iluminis,cum
2721 2718 2782 2757 se
2815 2700 2873 2754 in
2904 2699 3153 2771 gratiam
3183 2699 3643 2756 ministeriorum

1993 2789 2349 2860 operationis
2384 2795 2556 2861 atque
2588 2789 2818 2844 virtutis
2847 2794 3168 2861 spontanee
3186 2787 3470 2845 divisione
3490 2793 3646 2846 tran-

1991 2876 2205 2931 fundit.

2064 2965 2150 3021 43.
2187 2966 2288 3022 His
2329 2967 2509 3038 igitur
2539 2967 2801 3023 ﬂuminis
2832 2967 3069 3040 superni
3101 2967 3393 3024 meatibus
3437 2967 3640 3024 civitas

1990 3053 2090 3111 illa
2121 3056 2175 3110 in
2209 3073 2327 3128 qua
2355 3060 2508 3111 Deus
2539 3055 2845 3122 inhabitat,
2879 3057 3191 3129 irrigatur:
3225 3061 3282 3113 et
3307 3055 3640 3114 sanctiﬁca-

1991 3148 2085 3199 tur
2113 3144 2397 3202 Altissimi
2429 3145 2894 3213 tabernaculum,
2930 3147 3120 3202 omnis
3153 3147 3350 3202 anima
3381 3159 3512 3219 quas
3551 3145 3639 3200 in-

1618 3233 1763 3287 Nam
1823 3236 1881 3288 et
1910 3213 1952 3280 C
1992 3234 2292 3290 habitatur
2323 3251 2357 3290 a
2385 3234 2651 3290 Christo:
2689 3234 2774 3290 vel
2805 3251 3017 3306 corpus
3061 3234 3208 3290 illud
3258 3213 3414 3308 quod
3463 3234 3638 3308 Virgo

1991 3323 2304 3393 generavit,
2339 3324 2410 3378 de
2442 3339 2556 3393 quo
2589 3322 2819 3379 Gabriel
2851 3323 3096 3396 angelus
3127 3324 3308 3380 dixit:
3343 3347 3372 3375 «
3396 3324 3463 3379 Et
3482 3323 3638 3395 quod

1994 3415 2266 3464 nascetur
2294 3427 2361 3464 ex
2389 3416 2442 3465 te
2473 3416 2742 3466 sanctum
2787 3413 3090 3468 vocabitur
3136 3411 3318 3469 Filius
3370 3412 3472 3469 Dei
3525 3411 3640 3468 vivi

1993 3499 2146 3565 (Luc.
2181 3515 2218 3565 ι,
2249 3499 2361 3567 35).
2398 3520 2426 3546 ››
2477 3500 2701 3553 Bonum
2758 3501 3221 3569 tabernaculum,
3274 3501 3430 3574 quod
3479 3499 3642 3558 nulla

1996 3587 2312 3656 potuerunt
2334 3585 2685 3640 obumbrare
2711 3591 2966 3657 peccata.
2984 3589 3340 3645 Admirabile
3363 3589 3649 3662 templum

2000 3673 2118 3740 Dei,
2151 3677 2207 3728 et
2227 3672 2362 3728 aula
2390 3673 2663 3739 caelestis,
2697 3674 2852 3744 quod
2885 3672 3145 3730 solutum
3177 3677 3474 3748 corrumpi
3532 3691 3650 3733 non

1999 3763 2208 3834 potuit,
2262 3763 2362 3817 sed
2413 3761 2566 3817 intra
2615 3761 2874 3816 triduum
2938 3763 3282 3830 resurrexit,
3335 3764 3654 3820 resuscita-

1999 3855 2124 3906 tum
2157 3851 2226 3905 ab
2261 3851 2385 3922 ipso
2416 3851 2516 3922 qui
2552 3855 2820 3907 mortuus
2870 3850 3192 3908 videbatur.
3243 3851 3358 3907 Nec
3406 3851 3646 3921 mirum,

2000 3940 2236 4010 quando
2287 3939 2444 3995 Deus
2493 3938 2553 3993 in
2600 3938 2790 3995 medio
2847 3939 3098 3995 civitatis
3155 3941 3281 4012 ejus
3341 3943 3486 4008 erat,
3545 3952 3652 3994 nec

2001 4033 2330 4084 commotus
2361 4032 2471 4096 est,
2503 4028 2622 4084 sive
2671 4029 2810 4100 quia
2860 4029 3083 4086 nullius
3142 4029 3361 4102 peccati
3415 4029 3652 4102 prolap-

2002 4118 2165 4174 sioue
2195 4122 2525 4174 commotus
2554 4123 2643 4173 est
2674 4118 2773 4174 Dei
2808 4117 3122 4186 Filius,nec
3151 4118 3405 4190 alicujus
3435 4117 3656 4175 erroris

2004 4207 2322 4262 offensione
2352 4207 2641 4273 titubavit,
2675 4211 2776 4263 aut
2821 4207 3140 4279 corporalis
3188 4206 3475 4264 illecebras
3521 4221 3651 4262 mu-

2002 4295 2147 4351 tavit
2201 4295 2492 4368 impulsu;
2557 4295 2677 4350 sive
2735 4296 2877 4366 quia
2937 4312 3052 4351 non
3103 4295 3344 4367 reliquit
3391 4295 3652 4352 animum

2005 4384 2133 4454 ejus
2164 4383 2266 4440 Dei
2296 4383 2505 4455 gratia,
2527 4384 2628 4438 sed
2652 4383 3060 4454 inseparabilis
3091 4384 3150 4440 in
3171 4400 3238 4440 ea
3255 4385 3659 4458 mansit,quod

2007 4472 2079 4526 ab
2109 4471 2269 4527 omni
2299 4470 2623 4526 colluvione
2664 4471 2859 4526 delicti
2909 4471 3289 4530 immaculata
3336 4475 3655 4531 duraverit.

241 4553 584 4647 tura'gdieit:
625 4577 652 4610 α
705 4557 879 4647 Periit
926 4557 1218 4647 memoria
1266 4573 1469 4612 eorum
1500 4573 1631 4647 cum
1652 4559 1897 4647 strepitu
1931 4582 1978 4647 Β
2011 4559 2174 4616 Unde
2203 4564 2259 4615 et
2287 4559 2360 4614 ad
2393 4559 2616 4614 Patrem
2653 4560 2750 4615 Dei
2782 4559 2964 4617 Filius
3014 4561 3192 4618 dixit:
3251 4581 3274 4611 ι
3324 4563 3440 4620 Nec
3493 4555 3656 4619 dere-

239 4645 422 4718 (Psal.
459 4663 534 4715 1x,
563 4647 642 4717 7).
679 4668 708 4695 ››
738 4644 1018 4702 Diabolus
1051 4661 1264 4702 sonum
1298 4645 1801 4718 quzcrit,Christus
1832 4647 1903 4702 si-

243 4733 522 4790 lentium.
547 4734 806 4806 Denique
839 4757 866 4786 ‹‹
899 4734 1052 4791 sicut
1080 4751 1268 4808 agnus
1299 4751 1493 4792 ceram
1518 4736 1793 4791 tondente
1817 4751 1898 4804 se,

244 4823 336 4879 sic
367 4839 482 4880 non
515 4824 743 4895 aperuit
772 4840 837 4879 os
868 4841 1042 4880 suum
1075 4825 1203 4895 (lsa.
1237 4841 1360 4892 LIII,
1393 4827 1470 4895 7).
1529 4847 1558 4874 »
1611 4825 1681 4880 Et
1725 4824 1899 4880 alibi:

246 4934 278 4962 ι(
312 4911 438 4966 Non
470 4910 769 4982 clamabit,
816 4929 1002 4984 neque
1053 4914 1382 4981 contendet,
1436 4929 1538 4969 nec
1588 4914 1901 4985 quisquam

247 4999 455 5056 audiet
483 5001 541 5055 in
574 5000 764 5072 platea
793 5018 989 5057 vocem
1017 5004 1212 5072 ejus...
1248 5004 1429 5058 donec
1457 5003 1653 5072 ejiciat
1681 5002 1738 5057 in
1789 5002 1900 5057 vic-

249 5088 718 5160 toriajudicium
749 5092 765 5162 (
801 5091 987 5146 ΜαιιΙι.
1022 5109 1123 5156 xu,
1167 5091 1248 5160 l0,
1279 5093 1386 5160 20;
1437 5093 1538 5147 lsa.
1592 5109 1712 5160 LIII,
1762 5093 1838 5161 7).
1876 5115 1903 5140 ››

251 5177 390 5242 Quae
433 5183 523 5234 est
576 5178 690 5235 ista
746 5179 859 5234 nisi
909 5180 982 5234 de
1031 5183 1298 5250 serpente
1350 5181 1635 5236 victoria?
1687 5183 1745 5236 In
1797 5181 1904 5236 hac

247 5265 597 5322 fortitudine
626 5267 754 5323 Filii
787 5267 885 5323 Dei
914 5267 1243 5323 conturbati
1275 5273 1415 5324 sunt
1447 5274 1709 5326 montes:
1765 5258 1904 5324 cum

252 5354 529 5410 diabolus
554 5360 611 5410 et
642 5357 896 5412 ministri
930 5357 1057 5427 ejus
1088 5355 1350 5412 viderent
1397 5363 1659 5414 mortuos
1713 5376 1906 5414 resur-

250 5447 482 5516 gentes.
518 5443 620 5499 Isti
653 5449 792 5500 sunt
822 5450 1049 5502 montes
1082 5446 1180 5516 qui
1213 5447 1561 5503 turbantur:
1592 5447 1676 5503 illi
1735 5465 1907 5504 mon-

333 5586 447 5660 (87)
479 5586 924 5661 Quzsdam‘edit.
959 5587 1166 5656 Paris,
1220 5597 1377 5661 atque
1411 5591 1611 5648 Joanni
1638 5607 1651 5649 :
1703 5606 1904 5648 emen-

256 5657 475 5717 damus
507 5676 537 5717 e
565 5659 692 5716 cod.
745 5657 910 5733 Reg,
958 5663 1120 5733 atque
1167 5657 1449 5721 Joannem.
1505 5663 1616 5721 Sed
1666 5663 1725 5722 in
1775 5662 1906 5722 aliis

584 5789 844 5852 PATROL.
892 5787 1053 5853 XIV.

2014 4649 2245 4721 linques
2269 4648 2524 4704 animam
2561 4665 2747 4704 meam
2786 4649 2843 4704 in
2877 4649 3102 4707 inferno
3134 4651 3307 4724 (Psat.
3337 4669 3429 4720 xv,
3483 4651 3590 4722 10).
3628 4671 3656 4698 ››

2014 4738 2162 4810 Ergo
2196 4737 2335 4808 quia
2360 4739 2598 4793 suberat
2626 4737 2677 4794 ei
2709 4754 2813 4794 nec
2845 4739 2904 4794 in
2935 4756 3109 4796 carne
3156 4755 3416 4812 peccare,
3465 4737 3661 4793 divine

2015 4826 2131 4881 ait:
2167 4849 2193 4875 «
2229 4827 2346 4898 Ego
2378 4825 2435 4879 in
2468 4826 2636 4882 Patre
2667 4831 2723 4881 et
2751 4827 2921 4882 Pater
2948 4827 3008 4882 in
3041 4845 3132 4883 me
3180 4831 3269 4883 est
3309 4829 3496 4898 (Joan.
3542 4841 3659 4893 xxv,

2017 4915 2126 4984 10).
2166 4937 2192 4963 ››
2226 4915 2293 4968 Et
2323 4913 2464 4970 alibi
2500 4932 2512 4970 :
2556 4936 2577 4966 α
2614 4916 2892 4971 Traditus
2919 4919 3148 4983 sum,et
3178 4932 3292 4970 non
3324 4913 3664 4986 egrediebar

2014 5005 2186 5075 (Psal.
2222 5021 2468 5071 Lxxxvu,
2500 5003 2578 5076 9).
2613 5025 2641 5054 ››
2675 5005 2758 5058 Ab
2801 5022 2866 5059 eo
2918 5003 3118 5074 utique
3166 5019 3280 5058 non
3329 5001 3663 5076 egredieba-

2019 5097 2130 5160 tur,
2161 5091 2253 5147 cui
2285 5093 2430 5147 dixit
2459 5098 2692 5164 postea:
2729 5115 2755 5142 «
2792 5091 3122 5157 Exsurrexi,
3155 5096 3213 5147 et
3241 5091 3432 5147 adhuc
3470 5096 3663 5148 tecum

2015 5198 2147 5236 sum
2179 5182 2350 5252 (Psal.
2383 5199 2653 5247 cxxxvm,
2689 5180 2796 5251 48).
2835 5201 2862 5228 »
2896 5180 3001 5235 Ubi
3033 5184 3230 5235 autem
3265 5179 3483 5252 aliquis
3526 5195 3665 5252 gra-

2014 5270 2144 5325 vius
2177 5271 2796 5341 peccat,commovetur
2826 5267 2883 5322 in
2915 5285 2982 5323 eo
3013 5268 3258 5338 Deus,ut
3288 5271 3362 5325 ab
3391 5284 3460 5325 eo
3483 5273 3668 5325 trans-

2017 5364 2127 5415 eat.
2163 5359 2325 5415 Unde
2355 5357 2568 5412 etAda3
2621 5357 2884 5427 peccanti
2929 5356 3306 5412 deambulare
3356 5357 3516 5414 visus
3554 5360 3662 5426 est,

2015 5451 2072 5503 et
2147 5447 2440 5519 Stephano
2520 5448 2709 5511 stare;
2799 5445 2939 5515 quia
3025 5443 3118 5500 ille
3202 5444 3669 5517 przsvaricatione

2016 5589 2290 5648 omnibus
2321 5589 2380 5643 et
2411 5601 2551 5644 mss.
2578 5588 2636 5644 et
2663 5585 2800 5644 edit.
2843 5587 2953 5646 soli
3004 5586 3163 5646 Elius
3215 5592 3274 5647 et
3319 5588 3515 5648 Enoch
3541 5604 3666 5648 rne-

2017 5665 2339 5721 morantur.

3265 5785 3347 5852 38
