4112 6190
398 356 570 427 1195

1874 354 1939 413 S.
1988 351 2390 415 AMBROSll‘

3664 347 3835 411 “96

416 488 618 559 lapsus
648 488 755 553 est,
790 482 883 538 hic
914 483 973 539 in
1005 483 1283 557 martyrio
1314 488 1639 539 coronatus.
1676 484 1820 539 Etin
1849 484 2058 539 Zacha-
2085 484 2141 550 Α
2170 482 2333 538 salus
2363 484 2565 538 nostra
2595 486 2704 548 est,
2739 486 2915 554 atque
2943 481 3002 536 in
3031 481 3162 553 ejus
3204 479 3370 535 vultu
3419 483 3693 535 nostrum
3740 482 3871 537 est.

415 577 511 630 riae
539 574 688 639 libro
726 574 806 629 ita
854 573 1140 645 scriptum
1191 577 1317 630 est:
1366 598 1393 623 ‹‹
1445 573 1781 629 Ambulavit
1839 573 1951 644 (88)
2001 572 2059 626 in

415 662 808 720 commotione
837 662 1259 734 indignationis
1290 662 1387 719 irae
1418 679 1536 719 suae
1568 661 1854 718 Dominus
1875 660 2057 733 (Zach.

416 770 496 820 1x,
526 752 638 824 M).
674 774 701 802 »
725 751 925 808 Simile
951 756 1007 807 et
1027 752 1085 807 in
1109 751 1417 824 Evangelia
1439 752 1662 807 dictum
1693 760 1779 806 est
1806 750 2058 806 Judazis:

417 842 622 903 «,Ecce
648 841 1090 913 derelinquetur
1119 841 1281 898 vobis
1340 841 1552 896 domus
1596 844 1788 895 vestra
1833 840 2063 894 deserta

417 931 601 1004 (ΜιιιΙι.
636 948 797 997 xxm,
824 932 936 1001 30).
972 953 1001 980 »
1053 930 1376 1002 Dereliquit
1422 930 1579 985 enim
1627 928 1911 985 Dominus
1956 928 2063 982 Ju-

419 1022 594 1089 deeos,
626 1022 683 1075 et
713 1019 915 1076 statim
946 1024 1149 1077 secuta
1177 1024 1267 1075 est
1291 1018 1464 1075 ruina
1493 1020 1880 1090 Synagogam.
1899 1016 2061 1080 Quod

419 1110 471 1166 si
501 1125 631 1166 eam
658 1108 927 1165 Christus
959 1126 1076 1165 non
1105 1107 1793 1179 deseruisset,nunquam
1822 1122 1949 1163 eam
1970 1121 2065 1161 su-

421 1214 689 1271 premum
720 1202 987 1255 secutum
1016 1202 1171 1254 esset
1198 1197 1513 1253 excidium.
1546 1196 1899 1269 Aperuimus
1928 1210 2065 1266 ergo

422 1288 577 1360 quod
610 1288 835 1344 dictum
865 1291 955 1343 est
984 1288 1153 1359 (Vers.
1185 1289 1277 1358 6):
1316 1309 1343 1337 ‹‹
1387 1287 1540 1342 Deus
1590 1286 1647 1341 in
1696 1284 1887 1341 medio
1935 1286 2065 1357 ejus

422 1394 537 1433 non
569 1377 1050 1433 commovebitur.
1074 1398 1102 1427 »
1518 1391 1529 1399 ν

495 1468 581 1523 14.
615 1466 925 1538 Sequitur:
964 1465 1282 1537 Adjuvabit
1326 1482 1453 1522 eam
1510 1470 1662 1521 Deus
1706 1464 1984 1521 diluculo.
2036 1486 2065 1513 ››

422 1557 545 1621 Quo
574 1556 945 1628 signiﬁcatur
989 1555 1130 1627 quia
1172 1556 1519 1611 resurrectio
1564 1555 1853 1610 matutina
1900 1554 2068 1625 adju-

423 1650 756 1701 mentorum
786 1644 958 1700 nobis
986 1644 1309 1700 caelestium
1342 1644 1607 1699 subsidia
1643 1645 1883 1709 confert,
1936 1659 2067 1714 qua:

423 1738 653 1801 noctem
687 1733 919 1805 repulit,
951 1733 1108 1788 diem
1156 1733 1392 1798 refudit,
1447 1732 1677 1788 dicente
1724 1732 2066 1803 Scriptura:

2173 573 2607 642 adiumentum.
2642 572 2703 626 In
2736 589 2851 644 quo
2883 576 3106 643 quanta
3132 570 3222 626 vis
3251 569 3349 635 sit,
3397 568 3596 624 divina
3632 567 3838 640 Scrip-

2174 665 2307 716 tura
2338 658 2615 727 dcclarat,
2647 675 2775 731 qum
2808 676 2921 715 non
2954 659 3137 715 otiose
3164 656 3432 724 attexuit,
3463 658 3620 730 quod
3648 680 3679 707 ‹‹
3712 672 3843 713 ι·εῶ

2177 748 2334 821 pexit
2364 753 2515 804 Deus
2545 765 2724 820 super
2754 764 3003 803 munera
3030 746 3196 817 Abel,
3228 762 3408 819 super
3441 762 3691 802 munera
3730 763 3838 802 au-

2172 843 2289 895 tem
2346 836 2484 893 Cain
2536 853 2652 892 non
2702 836 2955 910 respexit
3003 836 3181 908 (ϐίην
3209 853 3284 903 1v,
3334 836 3389 902 4,
3421 837 3504 904 5),
3552 858 3582 885 »ι
3616 840 3676 891 et
3706 834 3838 891 ideo

2170 926 2553 983 contristatus
2579 930 2673 982 est
2700 925 2864 993 Cain,
2907 926 3062 997 quod
3092 923 3446 981 sacriﬁcium
3492 940 3673 978 suum
3718 924 3837 980 Deo

2174 1014 2548 1087 displicuisse
2577 1015 2866 1087 cognovit,
2902 1012 3192 1085 placuisse
3235 1011 3526 1084 germani.
3582 1011 3752 1068 Unde
3781 1016 3841 1068 et

2172 1103 2316 1159 illud
2349 1104 2506 1176 quod
2564 1102 2739 1159 hodie
2786 1102 2847 1157 in
2891 1101 3102 1174 psalmi
3154 1100 3531 1174 responsorio
3591 1102 3707 1173 (89)
3732 1101 3836 1156 de-

2174 1198 2471 1249 cantatum
2516 1198 2627 1258 est,
2680 1190 3006 1264 plurimum
3062 1193 3279 1246 nostrae
3336 1188 3615 1245 conducit
3641 1206 3834 1245 asser-

2176 1280 2350 1337 tioni:
2389 1301 2416 1330 ‹‹
2467 1280 2825 1353 Exspectans
2868 1279 3193 1352 exspectavi
3246 1277 3596 1345 Dominum,
3642 1284 3698 1334 et
3740 1294 3832 1334 re-

2176 1368 2363 1440 spexit
2393 1385 2484 1424 me
2515 1367 2979 1440 (Psal.xxx1x,2).
3017 1390 3039 1417 ιι
3074 1370 3257 1433 Quem
3284 1366 3572 1423 Dominus
3597 1366 3837 1440 respicit

2176 1456 2380 1513 salvat.
2418 1457 2677 1529 Denique
2705 1455 2766 1511 in
2799 1454 3027 1512 Domini
3059 1454 3334 1526 passione
3362 1471 3499 1512 cum
3551 1454 3839 1512 titubaret

2178 1548 2381 1602 Petrus
2413 1561 2703 1613 sermone,
2736 1560 2853 1601 non
2886 1548 3080 1600 mente
3107 1543 3268 1614 (licet
3296 1542 3422 1615 ipse
3452 1542 3606 1599 Petri
3636 1560 3838 1600 sermo

2177 1636 2485 1691 titubantia
2514 1634 2743 1690 ﬁdelior
2779 1634 2859 1689 sit
2902 1648 3084 1705 quam
3132 1630 3398 1688 doctrina
3451 1631 3837 1705 multorum),

2181 1724 2431 1796 respexit
2458 1740 2591 1779 eum
2623 1721 2914 1788 Christus,
2944 1726 3002 1776 et
3034 1721 3244 1776 Petrus
3286 1720 3469 1787 ﬂevit;
3517 1737 3636 1791 quo
3687 1737 3835 1793 pro-

430 1846 450 1871 .
484 1828 687 1893 Surge,
737 1822 837 1892 qui
887 1821 1131 1888 dormis,
1188 1826 1246 1876 et
1300 1837 1545 1893 exsurge
1598 1838 1631 1875 a
1684 1820 1954 1889 mortuis,
2014 1823 2150 1918 etB
2184 1813 2375 1885 prium
2407 1811 2546 1866 lavit
2569 1826 2845 1866 errorem.
2882 1809 2966 1864 Ita
2994 1825 3172 1880 quem
3204 1807 3369 1865 visus
3405 1813 3491 1864 est
3536 1824 3678 1863 voce
3726 1809 3837 1864 de-

425 1909 725 1966 illucescet
752 1909 857 1964 tibi
889 1908 1156 1965 Christus
1190 1909 1404 1981 (Ephes.
1439 1927 1491 1976 v,
1525 1910 1634 1981 Μ).
1665 1932 1685 1959 ιο
1713 1909 1856 1963 Vide
1873 1914 2072 1965 autem

425 1998 795 2070 mysterium.
824 1997 1075 2069 Vespere
1112 2014 1325 2070 passus
1356 2003 1445 2053 est
1473 1998 1777 2054 Christus:
1840 1998 1970 2052 ideo
2016 2000 2075 2052 et

426 2086 753 2157 secundum
808 2086 998 2159 legem
1057 2087 1131 2142 ad
1186 2102 1490 2158 vesperam
1542 2102 1730 2158 agnus
1789 2086 2076 2142 occiditur

426 2175 618 2248 (Ewod.
652 2193 753 2245 xu,
786 2176 863 2247 6).
898 2175 1068 2231 Mane
1112 2176 1401 2242 surrexit;
1449 2175 1533 2230 sic
1579 2175 1735 2230 enim
1786 2175 2071 2247 scriptum

427 2269 543 2322 est:
579 2288 607 2315 «
634 2265 760 2321 Una
787 2268 984 2320 autem
1016 2263 1243 2319 sabbati
1295 2263 1451 2320 venit
1494 2262 1678 2318 Maria
1733 2262 2074 2335 Magdalene

430 2354 622 2426 prima
650 2352 780 2409 luce
830 2353 902 2407 ad
959 2356 1429 2413 monumentum.
1490 2368 1622 2406 cum
1678 2352 1872 2406 adhuc
1917 2353 2072 2409 982

431 2445 587 2499 esset
616 2442 955 2509 obscurum,
987 2444 1042 2496 et
1073 2440 1215 2496 vidit
1248 2439 1499 2512 lapidem
1534 2445 1795 2496 amotum
1823 2442 1897 2497 ab
1925 2442 2077 2498 ostio

431 2532 606 2604 (Joan.
640 2548 733 2598 xx,
758 2530 832 2602 l).
868 2552 896 2580 »
918 2531 1002 2585 Ad
1030 2546 1327 2602 vesperam
1357 2530 1560 2584 mundi
1592 2530 1895 2599 occiditur,
1926 2532 2076 2587 defi-

431 2620 617 2676 ciente
642 2621 767 2691 jam
798 2618 969 2687 luce;
1004 2619 1144 2690 quia
1188 2618 1247 2672 in
1299 2619 1556 2674 tenebris
1599 2624 1724 2675 erat
1779 2619 1873 2675 hic
1917 2624 2075 2677 totus

431 2710 710 2778 mundus,
739 2712 798 2765 et
827 2711 1150 2779 majoribus
1182 2707 1394 2763 luisset
1437 2708 1811 2763 tenebrarum
1841 2709 2074 2780 squalo-

430 2798 594 2855 ribus
624 2798 940 2865 involutus,
1002 2797 1116 2852 nisi
1170 2796 1437 2853 Christus
1486 2796 1654 2853 nobis
1704 2814 1735 2853 e
1786 2796 1930 2853 cmlo
1977 2797 2079 2854 lux

432 2898 644 2943 aeterna
671 2888 949 2953 venisset,
982 2885 1327 2942 innocentia:
1358 2890 1620 2958 tempora
1649 2886 1879 2959 generis
1922 2888 2076 2943 refu-

434 2994 611 3034 surus
641 2976 920 3034 humano.
954 2976 1172 3032 Passus
1203 2980 1293 3032 est
1317 2992 1455 3047 ergo
1489 2975 1770 3032 Dominus
1799 2977 1989 3043 Jesus,
2024 2980 2080 3033 et

434 3066 720 3139 sanguine
767 3082 874 3122 suo
921 3069 1123 3122 nostra
1167 3052 1404 3137 peccata
1433 3064 1688 3130 donavit,
1722 3064 1822 3119 lux
1852 3064 2083 3121 refulsit

435 3156 801 3213 conscientias
830 3154 1170 3228 purioris,et
1197 3154 1323 3210 dies
1353 3153 1720 3224 resplenduit
1742 3153 1940 3225 gratia:
1962 3154 2078 3225 spi-

2184 1917 2416 1972 negare,
2450 1899 2724 1972 lacrymis
2756 1898 3064 1955 fatebatur.

2252 1990 2341 2045 46.
2375 1989 2563 2060 (Vers.
2598 1988 2679 2059 7.)
2710 2010 2738 2038 «
2774 1986 3143 2043 Conturbats:
3189 1990 3331 2041 sunt
3381 1990 3609 2058 gentes,
3660 1985 3836 2042 incli-

2184 2084 2320 2135 nata
2349 2082 2489 2134 sunt
2520 2093 2735 2149 regna:
2788 2076 2953 2132 dedit
2996 2090 3200 2131 vocem
3252 2090 3423 2130 suam
3465 2074 3832 2143 Altissimus,

2182 2174 2240 2223 et
2296 2171 2455 2222 mota
2501 2173 2591 2221 cst
2634 2171 2806 2220 terra.
2859 2187 2887 2215 ››
2920 2165 3184 2221 Adventu
3230 2163 3462 2238 Domini
3515 2162 3834 2220 Salvatoris

2182 2254 2524 2312 adversariae
2592 2256 2908 2326 potestates
2959 2269 3095 2308 cum
3153 2269 3261 2308 sua
3307 2251 3537 2325 legione
3590 2254 3835 2309 turbate

2183 2343 2544 2413 sunt,jussze
2573 2343 2645 2398 ab
2675 2340 2952 2397 humanis
2980 2340 3136 2397 exire
3173 2341 3539 2413 corporibus,
3596 2345 3655 2396 et
3708 2357 3838 2414 pre-

2184 2436 2325 2489 catae
2358 2437 2423 2486 ut
2454 2431 2830 2486 mitterentur
2886 2430 2944 2484 in
2994 2446 3221 2502 porcos.
3269 2429 3550 2484 Turbatis
3603 2430 3839 2501 nequis-

2184 2520 2353 2577 simis
2394 2520 2805 2592 potestatibus,
2858 2532 3093 2574 necesse
3151 2517 3261 2573 fuit
3306 2518 3531 2573 turbari
3581 2517 3838 2573 cultores

2184 2609 2656 2673 simulacrorum,
2735 2605 3002 2662 inclinari
3066 2621 3301 2678 quoque
3354 2621 3534 2678 regna
3590 2607 3837 2677 peccati.

2186 2700 2322 2755 Erat
2378 2697 2533 2753 enim
2578 2713 2751 2762 grave
2781 2711 3050 2769 regnum,
3082 2695 3239 2767 quod
3268 2694 3382 2750 sibi
3413 2693 3473 2749 in
3503 2710 3682 2767 grave
3712 2710 3836 2751 ser-

2183 2788 2392 2844 vitium
2423 2788 2835 2857 subJugaverat
2864 2785 3129 2840 omnium
3159 2782 3390 2839 animos
3420 2787 3836 2856 peccatorum;

2186 2877 2288 2950 qui
2314 2876 2471 2931 enim
2510 2874 2647 2930 facit
2702 2875 3233 2946 peccatum,servus
3283 2875 3375 2928 est
3415 2872 3638 2944 peccati
3691 2872 3843 2946 Reg-

2188 2980 2331 3021 num
2363 2967 2559 3018 autem
2583 2961 2826 3033 peccati,
2860 2959 3066 3016 mortis
3093 2963 3184 3015 est
3214 2974 3483 3032 regnum,
3527 2960 3683 3031 quod
3734 2961 3839 3015 diu

2188 3057 2310 3109 toto
2339 3052 2477 3107 orbe
2508 3048 2830 3122 praevaluit.
2866 3047 3028 3104 Unde
3057 3051 3114 3103 et
3142 3045 3456 3121 Apostolus
3486 3050 3604 3104 ait:
3648 3070 3677 3098 ‹‹
3728 3048 3843 3106 Sed

2191 3140 2457 3214 regnavit
2485 3155 2645 3194 mors
2675 3138 2748 3193 ab
2778 3136 2965 3193 Adam
2996 3152 3185 3208 usque
3213 3136 3286 3191 ad
3345 3136 3605 3209 Moysen,
3663 3136 3845 3193 etiam

436 3246 621 3303 ritalis
646 3264 660 3313 ;
694 3215 850 3301 unde
879 3247 937 3299 et
962 3215 1277 3315 Apostolus
1307 3242 1423 3297 ait:
1449 3215 1606 3296 :«Nox
1637 3215 2072 3312 prmbessitﬁies

2190 3229 2250 3285 in
2307 3244 2408 3285 eos
2464 3227 2565 3299 qui
2625 3243 2738 3282 non
2798 3228 3203 3297 peccaverunt,
3265 3224 3326 3279 in
3384 3225 3841 3282 similitudinem

436 3333 933 3408 appropinquavit
962 3330 1417 3402 (Rom.vm,l2).»
1444 3328 1857 3401 Evigilavimus
1878 3329 2081 3402 igitur,

433 3426 560 3495 jam
601 3439 717 3477 non
748 3420 1133 3476 dormiamus.
1165 3417 1402 3472 Vestem
1430 3416 1580 3473 lucis
1609 3417 1935 3485 induimus,
1965 3437 2081 3477 non

440 3512 509 3571 in
532 3510 784 3566 amictus
814 3508 1132 3563 tenebrosae
1161 3505 1617 3562 conversationis
1646 3511 1819 3579 atque
1847 3510 2083 3566 exuvias

438 3604 815 3655 revertamur.
847 3594 1387 3653 Comessationibus
1434 3600 1608 3666 atque
1657 3595 1903 3666 deliciis,
1953 3616 2083 3670 qua

438 3688 707 3751 nocturni
736 3691 875 3744 sunt
904 3684 1204 3759 temporis,
1222 3682 1349 3739 vale
1379 3684 1634 3741 diximus
1658 3702 1673 3740 :
1707 3686 2081 3743 sobrietatem

436 3779 744 3852 elegimus,
776 3777 947 3848 cujus
977 3774 1166 3847 gratia
1209 3773 1390 3830 Jacob
1436 3773 1723 3845 primatus
1771 3791 1920 3846 quos
1965 3792 2081 3832 non

439 3869 712 3937 habebat,
737 3865 974 3922 invenit.

504 3960 592 4015 15.
627 3959 689 4014 In
733 3955 865 4013 aliis
896 3969 1132 4027 quoque
1160 3952 1463 4008 codicibus
1491 3951 1821 4008 invenitur:
1855 3975 1881 4002 «
1908 3953 2084 4023 Adju-

432 4047 590 4104 vabit
617 4063 745 4103 eam
779 4044 934 4100 Deus
967 4041 1126 4097 vultu
1161 4057 1292 4096 suo.
1324 4040 1469 4105 Quid
1504 4041 1613 4095 hoc
1643 4057 1876 4112 quoque
1906 4041 2083 4113 signi-

431 4138 584 4205 ﬁcet,
616 4135 742 4207 ipse
774 4131 1060 4204 Propheta
1107 4146 1213 4186 nos
1259 4130 1481 4185 doceat.
1532 4128 1799 4201 Namque
1846 4129 1972 4202 ipse
2020 4131 2079 4186 in

431 4224 854 4299 posterioribus
898 4220 1080 4276 dixit:
1133 4242 1160 4269 ‹‹
1221 4218 1473 4274 Ostende
1521 4217 1726 4273 faciem
1778 4221 1964 4285 tuam,
2024 4223 2082 4275 et

432 4314 575 4371 salvi
604 4313 827 4370 erimus
852 4310 1033 4382 (Psal.
1068 4324 1255 4376 Lxx1x,
1287 4307 1362 4377 Δ).
1400 4328 1428 4354 ››
1450 4308 1736 4377 Aspectus
1765 4322 1903 4379 ergo
1952 4307 2076 4375 Dei,

501 4429 616 4498 (88)
649 4429 734 4482 Ita
763 4426 1026 4497 plerique
1058 4440 1201 4498 mss.
1224 4426 1627 4498 atqueomnes
1652 4420 2077 4498 edit.,_exce_pto

475 4493 785 4553 uod'Rom'.
820 4493 1013 4563 habet,
1046 4493 1367 4551 ambulavit.
1404 4493 1544 4548 Mss.
1578 4493 2069 4565 autemVRemig”

479 4569 744 4626 mbulavit
773 4570 832 4621 in
860 4569 1211 4622 minitatione
1235 4565 1569 4621 irritatwnis
1619 4581 1752 4620 suae.
1791 4564 1968 4637 Long.
1998 4564 2080 4621 iet

436 4642 614 4708 Valc.,
655 4639 968 4708 Ambulavit
1008 4640 1069 4691 in
1115 4637 1469 4708 commotione
1514 4637 1885 4708 nunﬁitatz’om‘s
1940 4652 2074 4692 sum.

430 4714 489 4769 In
525 4706 640 4786 quo
674 4726 785 4765 non
821 4707 1068 4764 multum
1100 4706 1433 4786 discrepant
1463 4724 1495 4786 a
1528 4707 1688 4775 LXX,
1723 4706 1875 4786 apud
1928 4724 2078 4786 quos

425 4779 622 4859 legas:
662 4792 772 4859 ζΚαί
825 4787 1149 4859 πορεύσεται,
1173 4784 1224 4859 ἐν
1281 4783 1416 4859 σάλῳ
1454 4784 1665 4859 ,ἐπειλῆς
1720 4785 1870 4834 αὐτοῦ
1903 4799 1916 4832 :
1977 4779 2076 4834 ubi

424 4849 619 4926 vulg,
654 4858 718 4910 Et
747 4849 903 4909 vadet
932 4853 989 4926 in
1036 4849 1479 4926 turbineaustri.
1556 4922 1563 4926 Δ
1760 4901 1769 4908 ,

493 4918 617 5001 (ΒὮῘ
666 4924 1025 5001 Responsura:
1079 4918 1320 5001 proprie
1370 4919 1672 5001 dicuntur,
1718 4924 1928 4975 cantus
1974 4920 2072 4991 qui

423 4991 676 5073 singulis
704 4991 1404 5073 lectionibus_'s_ubjicitur
1428 5008 1441 5057 ;
1473 4995 1956 5073 vocantui'queeo
1979 5009 2076 5073 no-

420 5062 598 5141 mine,
631 5069 912 5141 velgquia
957 5062 1303 5141 auditorum
1353 5062 2071 5141 assensum_sign_iﬁc_ant,

419 5144 507 5217 Fel
550 5133 699 5217 quia,
737 5133 1087 5217 lectionibus
1134 5134 1507 5217 respondent,
1561 5133 1753 5187 tristia
1784 5133 2071 5217 tristibus,

420 5205 779 5280 laeta‘lsetis;
830 5210 917 5267 vel
966 5205 1401 5280 demum'qnia
1456 5205 1632 5280 choro
1683 5205 2072 5280 respondente

422 5291 713 5354 cantatur,
736 5275 1238 5355 quemadmodum
1270 5275 1347 5355 ex
1369 5275 2072 5355 Stepbauqﬁflduensium

424 5355 600 5423 episc.
636 5345 884 5413 nec'non
909 5371 976 5410 ex
1010 5354 1261 5424 Ruperto
1317 5345 1485 5424 docet
1515 5345 1877 5424 eruditionis
1924 5346 2069 5424 emi-

429 5417 785 5483 nentissima:
815 5417 1132 5481 eardinalis
1170 5422 1330 5476 Bona
1359 5419 1459 5484 lib,
1493 5417 1954 5490 dcdz'v.Psal.cap
1980 5419 2067 5486 16,

426 5498 453 5561 §
492 5494 574 5559 l5,
607 5515 768 5551 num.
799 5500 853 5551 2.
890 5496 1101 5551 Verum
1135 5492 1229 5547 hic
1260 5507 1374 5546 non
1429 5489 1584 5545 sumi
1634 5506 1700 5545 eo
1750 5507 1925 5561 sensu
1977 5506 2067 5545 re-

425 5560 735 5636 apousoria
756 5566 1131 5621 manifestum
1146 5567 1402 5636 .est,cum
1424 5561 1782 5636 dicatur‘non
1802 5560 2067 5636 lectionis

425 5630 540 5706 sed
565 5637 707 5706 psal.
740 5637 1161 5706 responsorium.
1194 5634 1392 5706 Itaque
1424 5631 1577 5706 haud
1598 5630 1902 5706 illibenter
1947 5632 2065 5706 exi-

2192 3315 2684 3391 praavaricationis
2739 3314 2895 3383 Adae,
2927 3314 3028 3386 qui
3061 3318 3151 3370 est
3181 3314 3369 3370 forma
3424 3314 3608 3371 futuri
3664 3316 3840 3386 (Rom

2192 3424 2248 3475 v,
2278 3407 2388 3474 14).
2424 3427 2452 3454 n
2484 3403 2655 3460 Venit
2681 3402 2915 3472 veritas,
2948 3403 3138 3475 ﬁgura
3164 3402 3448 3459 eeesavit:
3496 3403 3658 3458 venit
3701 3404 3843 3470 vita,

2192 3510 2436 3567 regnum
2470 3492 2676 3548 mortis
2705 3490 2981 3548 evanuit:
3014 3489 3172 3546 venit
3202 3490 3471 3547 remissio
3501 3492 3662 3549 983
3708 3508 3840 3564 pec-

2193 3590 2482 3649 catorum,
2511 3585 2569 3638 et
2623 3580 2844 3654 peccati
2895 3578 3129 3636 vincula
3179 3578 3441 3636 resoluta
3482 3584 3644 3636 sunt.
3701 3582 3850 3636 Ante

2191 3672 2369 3729 etiam
2403 3670 2620 3727 leviora
2650 3669 2864 3726 delicta
2891 3668 3087 3737 morti,
3118 3669 3367 3725 nexibus
3403 3668 3845 3742 stringebatur;

2192 3766 2325 3835 post
2353 3761 2668 3817 adventum
2699 3763 2894 3815 autem
2924 3757 3156 3813 Domini
3185 3756 3465 3814 salutaris
3496 3757 3671 3814 etiam
3697 3775 3846 3830 gra-

2189 3850 2349 3907 viora
2395 3848 2615 3922 ﬂagitia
2663 3852 2803 3903 sunt
2845 3845 3111 3902 remissa.
3173 3845 3456 3903 Inelinata
3505 3850 3637 3903 sunt
3686 3860 3832 3917 ergo

2191 3956 2371 4013 regna
2399 3937 2751 4012 spiritalium
2785 3935 3178 4008 nequitiarum
3209 3952 3336 4008 qua:
3371 3942 3511 3995 sunt
3537 3935 3595 3991 in
3627 3934 3842 3992 cccles-

2191 4029 2401 4086 tibus:
2463 4027 2604 4100 quia
2657 4025 2854 4082 cultus
2911 4023 3386 4090 simulacrorum,
3445 4029 3504 4080 et
3564 4023 3849 4082 illecebra

2189 4117 2410 4191 peccati
2458 4115 2633 4187 coepit
2687 4113 2963 4169 imminui
3021 4113 3374 4185 Evangelicie
3432 4113 3848 4186 praedicatione

2189 4205 2483 4263 doctrinm.
2520 4203 2802 4261 lnclinata
2827 4207 2917 4259 est
2945 4203 3193 4275 perﬁdia
3240 4209 3621 4276 posteaquam
3671 4202 3851 4276 coepit

2187 4296 2331 4351 ﬁdes
2363 4295 2422 4349 in
2445 4292 2749 4350 nationum
2781 4307 3025 4364 regnare
3072 4289 3425 4363 pectoribus.
3477 4289 3850 4347 lnclinantur

2185 4408 2557 4465 consuevisse
2601 4405 2829 4478 singula
2874 4403 3284 4478 responsoria;
3335 4401 3660 4478 praesertim
3696 4419 3843 4478 cum

2185 4424 2557 4465 consuevisse
2601 4421 2829 4478 singula
2874 4421 3284 4532 responsoria;
3335 4421 3660 4530 pii-asserum
3696 4421 3843 4460 cum

2184 4478 2615 4545 Gennadius,de
2639 4478 2839 4549 Script.
2871 4478 2975 4533 Ecc
2998 4476 3301 4545 ex.,tradat
3401 4491 3625 4530 usseum
3655 4474 3843 4549 episc.

2187 4552 2408 4608 Massil.
2442 4546 3121 4623 scripsisse—responsoria
3145 4549 3488 4623 psalmorum
3519 4565 3534 4615 ;
3566 4551 3631 4623 et
3657 4546 3845 4623 Raba-

2188 4641 2322 4691 nus,
2382 4623 2484 4678 lib.
2539 4618 2669 4677 {de
2717 4618 2894 4675 Insui.
2943 4618 3313 4691 ClericIcap.
3358 4619 3454 4691 51,
3505 4622 3714 4691 auctor
3762 4618 3842 4691 sit

2187 4688 2559 4766 responsoria
2589 4694 2647 4747 in
2682 4709 2795 4766 usu
2825 4691 2996 4763 longe
3025 4695 3165 4766 ante
3189 4688 3545 4766 antiphonas
3572 4689 3636 4744 in
3668 4688 3840 4766 Italia

2186 4759 2465 4843 t'uisse.At
2493 4780 2625 4819 vero
2655 4764 2858 4843 eadem
2874 4759 3062 4843 posse
3092 4762 3268 4843 etiam
3299 4759 3404 4843 pro
3434 4760 3581 4843 ipsis

2184 4835 2808 4907 versiculispusurpari
2858 4830 3205 4907 Ambrosius
3252 4830 3509 4893 ostendit
3554 4830 3635 4886 in'
3672 4830 3833 4907 Psal.

2186 4926 2398 4973 xxxvii,
2435 4905 2542 4961 col.
2570 4904 2702 4975 81H,
2730 4922 2893 4961 num.
2925 4906 3034 4960 58:
3066 4905 3205 4960 Nam
3234 4906 3362 4959 ante
3416 4904 3835 4974 responsoriuu

2179 4982 2517 5051 proximum,
2550 4974 2769 5051 inquit,
2826 4976 3133 5031 versiculus
3187 4979 3265 5029 est
3289 4992 3303 5028 :
3362 4975 3426 5029 Et
3487 4974 3836 5051 proiecerant

2182 5048 2268 5106 ine
2295 5055 2429 5119 etc.,
2466 5049 2564 5105 ubi
2610 5048 2833 5104 clarum
2889 5052 2979 5120 est
3026 5063 3129 5120 per
3170 5061 3396 5120 vocem‘
3426 5048 3831 5120 respoan

2182 5115 2627 5194 intelligendum
2659 5115 3251 5194 versiculum'illum:
3294 5115 3398 5194 Sed
3452 5115 3828 5194 tu'_ne__der¢-

2182 5186 2518 5265 linquals’rme
2563 5197 2699 5265 etc.,
2753 5194 2833 5265 ut
2870 5190 3093 5265 patebit
3149 5188 3568 5265 consideranti.
3626 5186 3829 5265 Neque

2180 5257 2313 5322 verb
2344 5264 2562 5320 mirum
2590 5262 2773 5319 videri
2803 5257 2994 5333 debet,
3031 5262 3082 5317 si
3131 5259 3497 5333 psalmorum
3553 5257 3826 5333 versiculi

2181 5305 2422 5415 alteurnjs
2472 5332 2667 5415 choris
2716 5305 3017 5415 persoluti.
3050 5305 3422 5415 res'ponsoria
3475 5329 3823 5415 vocitantur.

2179 5408 2483 5489 cum_jam
2532 5399 2807 5489 laudatus
2863 5399 3178 5489 cardinalis
3224 5402 3486 5476 psalmos
3542 5402 3701 5486 quod
3750 5399 3821 5456 oh

2179 5475 2445 5536 eamdem
2492 5477 2775 5533 rationem
2808 5475 3163 5600 antiphonas
3191 5475 3366 5547 pesse
3398 5475 3697 5529 nominari
3725 5488 3825 5528 nu-

2177 5555 2388 5609 tumet.
2451 5550 2650 5622 Ipsum
2709 5547 2891 5603 adisis
2971 5546 3049 5622 ib.
3114 5546 3310 5622 citato,
3367 5561 3495 5622 cap.
3536 5546 3624 5622 16ἱ
3675 5544 3819 5622 δίς),

2218 5638 2338 5681 um.
2374 5623 2442 5691 t;
2502 5636 2648 5693 non
2676 5634 2845 5678 secus
2900 5633 2966 5679 ac
3015 5622 3424 5679 doctissimum
3446 5622 3731 5693 Cangium
3760 5622 3819 5681 in

2176 5638 2338 5683 num.
2374 5623 2396 5681 1
2429 5639 2442 5683 ;
2479 5615 2618 5678 ἠοιι
2676 5634 2845 5678 secus
2900 5633 2966 5679 ac
3015 5616 3424 5679 doctissimum
3441 5615 3779 5683 ἶ)ωῄυωί

426 5691 806 5764 βιίωὶιιοθωυε
825 5691 965 5774 ’ροει
994 5705 1254 5777 psalmos
1284 5691 1549 5776 singulos
1580 5703 1877 5764 decantari
1924 5703 2064 5765 olim
2173 5710 2310 5756 voce
2340 5691 2763 5773 respomorium.

822 5842 850 5858 ‘—
