4112 6190
338 405 493 474 {197

1428 408 1884 471 ENARBATIO
1931 409 2005 470 lN
2054 407 2433 472 PSALMUM
2478 409 2652 470 XLV.

3592 403 3750 474 “98

338 559 520 616 regna
550 543 788 615 peccati,
823 559 955 598 cum
992 541 1240 610 legitur:
1287 543 1402 596 Non
1458 546 1649 610 regnet
1699 550 2000 614 peccat-um-
2028 541 2081 607 Α
2112 540 2371 596 laborem
2449 542 2604 596 934
2659 541 2808 610 ejus.
2861 539 3022 594 Sicut
3060 538 3216 592 enim
3284 537 3525 594 Abrahae
3575 556 3750 612 Opera

335 633 396 688 in
425 635 602 686 vestro
649 631 874 688 mortali
903 646 1122 701 cm‘porc
1155 632 1326 700 (Rom.
1365 647 1438 684 γι.
1504 630 1612 700 12).
1695 631 1999 685 lnclinavit

344 720 542 775 omnia
571 736 750 791 regna
781 718 1034 790 perfidiae
1057 735 1193 774 voce
1233 735 1340 774 sua
1396 718 1700 784 Dominus,
1747 718 1947 774 dicens
1981 742 1992 779 :

341 810 524 864 Venite
547 809 618 863 ad
645 825 754 874 me,
788 823 970 862 omnes
1001 809 1100 878 qui
1120 807 1385 862 laboratis
1415 810 1464 862 et
1502 809 1724 862 onerati
1766 811 1914 875 estis,
1947 809 1998 861 et

331 913 431 965 ego
470 897 713 964 reﬁciam
747 911 834 950 vos
866 895 1056 962 (Matth
1087 912 1169 959 χι,
1201 897 1315 965 28).

404 986 489 1039 17.
525 985 681 1039 Hanc
713 1000 914 1039 vocem
946 983 1107 1039 dedit
1136 984 1500 1045 Altissimus,
1535 991 1592 1039 et
1623 1002 1829 1039 omnes
1857 1001 1991 1039 eum

328 1074 512 1128 secuti
544 1078 683 1127 sunt
713 1073 918 1143 populi
950 1075 1280 1139 nationum,
1322 1073 1470 1127 dura
1519 1073 1741 1145 peccati
1815 1088 1993 1143 regna

330 1161 644 1232 fugientes,
677 1165 734 1216 et
767 1165 1057 1233 perpetuae
1108 1161 1317 1216 mortis
1375 1162 1758 1223 atrocitatem,
1817 1167 1992 1232 atque

325 1248 754 1304 intolerabilem
769 1250 1122 1320 flagitiorum
1135 1250 1440 1304 omninum
1473 1250 1837 1315 servitutem;
1855 1265 1987 1303 cum

327 1336 702 1408 polliceretur
725 1335 894 1392 fessis
917 1337 1202 1408 requiem,
1246 1339 1490 1408 captivis
1557 1337 1984 1405 remissionem,

327 1427 717 1482 servientibus
776 1424 1144 1492 libertatem;
1178 1431 1236 1480 et
1290 1427 1538 1482 decusso
1588 1427 1735 1496 jugo
1803 1425 1987 1480 ferreo

329 1513 629 1587 Babylonii
647 1514 822 1584 regis,
847 1515 1064 1586 jugum
1092 1531 1266 1568 suum
1288 1531 1467 1569 suave
1489 1513 1812 1568 cervicibus
1847 1513 1986 1568 iide-

329 1603 472 1659 lium
503 1602 885 1673 subrogaret;
928 1619 999 1657 ne
1028 1618 1209 1656 vacua
1238 1600 1388 1656 colla
1436 1600 1745 1671 gentilium
1779 1616 1985 1655 rursus

327 1692 601 1747 inimicus
632 1691 852 1746 catenis
875 1707 993 1745 suae
1020 1689 1352 1760 iniquitatis
1383 1689 1752 1759 astringeret.
1787 1688 1984 1744 Chris-

329 1784 424 1836 tus
453 1781 606 1836 enim
643 1796 793 1850 quos
812 1778 1032 1849 alligat,
1064 1778 1313 1833 liberat:
1361 1783 1420 1832 et
1477 1795 1628 1849 quos
1686 1777 1979 1847 astringit,

325 1867 596 1924 absolvit.
632 1866 891 1937 Denique
920 1867 1020 1935 qui
1052 1882 1254 1920 servus
1277 1871 1511 1920 vocatus
1545 1883 1578 1918 a
1601 1865 1846 1919 Domino
1871 1867 1980 1931 est,

329 1957 576 2011 libertus
599 1958 688 2009 est
711 1953 939 2009 Domini
965 1971 978 2019 ;
1003 1956 1060 2008 et
1089 1953 1188 2024 qui
1221 1953 1369 2008 liber
1391 1957 1627 2007 vocatus
1649 1957 1757 2018 est,
1783 1969 1986 2008 servus

323 2042 537 2100 Christi
567 2047 677 2098 est.
719 2041 972 2111 Ideoque
1003 2041 1061 2095 in
1089 2041 1212 2096 suis
1234 2039 1485 2096 vinculis
1517 2040 1732 2095 Paulus
1773 2040 1984 2112 gloria-

317 2131 643 2201 tur,dicens
666 2148 679 2186 :
705 2151 734 2181 ‹‹
767 2131 985 2185 Paulus
1016 2129 1246 2184 vinctus
1295 2130 1436 2183 Jesu
1470 2131 1685 2200 (Ep/tes.
1722 2146 1806 2192 III,
1844 2131 1916 2198 1).
1953 2153 1976 2181 ι

329 2221 494 2287 Quod
517 2221 628 2276 sub
659 2219 791 2275 aliis
819 2217 1190 2281 contumelia,
1226 2218 1337 2272 sub
1369 2217 1597 2272 Christo
1629 2217 1813 2288 gloria
1873 2221 1978 2272 est.

330 2309 500 2364 Dedit
517 2324 717 2364 vocem
748 2323 917 2362 suam
949 2307 1007 2360 in
1041 2306 1312 2377 passione
1344 2305 1726 2375 Dominus,et
1757 2309 1982 2360 univer-

327 2414 393 2453 sa
421 2395 709 2453 elementa
737 2399 1130 2460 tremuerunt,
1166 2393 1357 2449 omnis
1372 2399 1528 2448 terra
1560 2399 1852 2448 commota
1891 2400 1980 2450 est

327 2486 538 2558 (Matth.
571 2501 745 2552 xxvu,
789 2483 904 2556 51),
936 2488 1002 2538 ut
1061 2481 1208 2537 ritus
1265 2481 1573 2553 gentilium
1631 2481 1977 2549 solveretur,

332 2575 613 2646 fieretque
640 2577 795 2627 terra
823 2571 1078 2636 Domini,
1113 2576 1171 2626 et
1201 2569 1502 2643 plenitudo
1535 2572 1684 2640 ejus,
1717 2577 1782 2624 ut
1838 2569 1980 2624 scri-

327 2668 493 2736 ptum
516 2667 606 2718 est
628 2662 801 2732 (Psal.
836 2677 998 2727 XXIII,
1028 2660 1136 2731 4.);
1170 2663 1468 2714 cessarent
1534 2658 1778 2729 auguria
1806 2659 1976 2729 perii-

326 2753 562 2815 dorum,
596 2755 652 2805 et
682 2749 1035 2806 sacriﬁcium
1070 2748 1393 2820 impietatis
1441 2747 1698 2818 cognitio
1728 2748 1862 2802 ﬁdei
1924 2752 1980 2802 et

326 2841 590 2897 studium
625 2838 949 2894 devotionis
1000 2837 1323 2892 abolerent.
1379 2837 1486 2891 Dat
1545 2853 1742 2891 vocem
1802 2852 1972 2890 suam

330 2928 618 2996 Dominus.
639 2925 918 2996 quotidie,
951 2929 1007 2980 et
1038 2923 1282 2980 resultat
1308 2925 1368 2979 in
1401 2923 1680 2979 cordibus
1711 2923 1973 2995 singulo-

326 3032 494 3082 rum;
523 3019 587 3069 ut
616 3019 912 3069 terrenum
941 3029 1115 3069 omne
1147 3014 1391 3068 decedat
1447 3014 1577 3082 ejus
1636 3014 1733 3084 qui
1794 3015 1972 3068 bene-

325 3105 506 3160 credit
535 3103 764 3169 affectu,
799 3108 974 3172 atque
1007 3117 1211 3156 omnes
1239 3101 1586 3157 interiorum
1617 3119 1828 3157 sensus
1845 3101 1971 3156 ani-

323 3209 551 3250 morum
582 3192 654 3247 ab
685 3207 900 3255 errore,
933 3190 1306 3261 corruptione
1335 3188 1579 3244 luxuriae
1611 3196 1668 3245 et
1717 3191 1969 3246 dissulu-

2111 631 2296 684 l‘acere
2325 630 2628 691 debemus,
2689 634 2755 683 ut
2809 627 2910 682 filii
2944 629 3072 698 ejus
3127 626 3409 699 appellari
3439 629 3574 698 jure
3630 644 3752 684 me-

2107 735 2343 772 reamur
2375 736 2388 783 ;
2423 719 2502 772 ita
2532 719 2708 772 etiam
2732 715 3002 772 exercitia
3026 721 3198 786 atque
3218 715 3551 771 certamina
3567 709 3760 773 sancti

2104 806 2281 862 Jacob
2315 807 2511 861 subire
2541 806 2840 872 debemus,
2878 809 2940 860 ut
2968 805 3124 860 Deus
3153 805 3332 860 Jacob
3364 805 3519 861 Deus
3562 809 3760 862 noster

2105 912 2232 950 esse
2264 896 2552 951 credatur.
2587 895 2732 949 Nam
2765 893 2813 950 si
2845 910 3020 965 opera
3041 894 3246 960 Jacob,
3283 893 3373 949 vel
3404 893 3542 965 quia
3587 893 3757 950 illum

2105 1001 2334 1054 sequare
2367 1001 2476 1039 non
2513 1000 2852 1054 possumus,
2879 983 3078 1037 studia
3108 981 3304 1052 operis
3335 984 3463 1052 ejus
3492 1000 3560 1039 ac
3617 983 3754 1040 ﬁdei

2104 1089 2217 1127 non
2237 1077 2513 1145 agnoscat
2544 1072 2600 1126 in
2636 1072 2842 1126 nobis:
2877 1071 3169 1142 quomodo
3202 1071 3371 1142 quasi
3395 1071 3552 1130 Deus
3567 1072 3750 1129 Jacob

2103 1178 2209 1216 nos
2233 1163 2438 1231 juvare
2469 1161 2810 1232 dignabitur
2837 1161 2864 1215 ?

2171 1251 2258 1304 20.
2347 1250 2532 1318 (Vers.
2609 1249 2688 1310 9.)
2766 1249 2915 1304 Dum
2971 1249 3094 1304 hzec
3173 1251 3391 1306 diceret
3457 1267 3590 1308 ecce
3646 1268 3751 1324 per

2099 1339 2381 1409 Spiritum
2406 1344 2674 1394 sanctum
2735 1353 2991 1409 praesens
3035 1340 3228 1410 imago
3286 1338 3338 1394 ei
3398 1338 3600 1396 infusa
3656 1345 3748 1398 est

2099 1427 2429 1482 futurorum
2466 1444 2479 1490 :
2514 1433 2569 1482 et
2588 1427 2790 1482 videns
2821 1442 2888 1482 ex
2916 1427 3075 1498 gravi
3110 1428 3548 1498 perturbatione
3565 1427 3748 1486 bello-

2098 1533 2228 1570 rum
2262 1532 2463 1587 pacem
2496 1523 2617 1571 toto
2650 1517 2789 1571 orbe
2818 1515 3090 1571 dill‘usam
3116 1516 3174 1570 in
3205 1517 3457 1572 adventu
3518 1517 3745 1574 Domini

2096 1602 2393 1670 salutaris,
2428 1605 2642 1658 clamat
2675 1605 2744 1657 ad
2779 1605 3081 1660 universos
3111 1605 3313 1660 dicens
3341 1621 3353 1661 :
3379 1629 3406 1655 ‹‹
3438 1605 3643 1662 Venite
3687 1611 3745 1662 et

2093 1693 2280 1746 videte
2312 1709 2486 1762 opera
2499 1692 2748 1757 Domini,
2772 1709 2898 1764 quae
2918 1692 3114 1764 posuit
3143 1693 3407 1765 prodigia
3431 1711 3608 1766 super
3624 1698 3743 1751 ter-

2094 1795 2240 1834 ram.
2257 1803 2285 1829 ‹‹
2300 1779 2520 1834 Venite.
2541 1801 2568 1827 »
2583 1781 2653 1833 ad
2668 1781 3172 1852 congregationem
3189 1786 3429 1852 spectat:
3444 1805 3471 1830 «
3485 1781 3738 1850 Videte,»

2093 1868 2161 1921 ad
2188 1867 2569 1923 intentionem
2603 1873 2658 1922 et
2694 1869 3106 1940 cognoscendae
3164 1869 3424 1923 studium
3457 1871 3738 1926 veritatis.

2093 1955 2316 2023 Videte,
2350 1955 2541 2027 inquit
2561 1972 2734 2026 opera
2792 1956 3020 2012 Domini
3066 1956 3238 2027 plena
3293 1957 3614 2026 miraculis,
3676 1959 3737 2015 in

2095 2044 2310 2114 quibus
2343 2059 2688 2114 magnarum
2724 2049 2860 2098 sunt
2903 2043 3071 2116 signa
3109 2044 3416 2101 virtutum.
3475 2046 3738 2119 Denique

2090 2141 2270 2203 τέρατα
2328 2132 2539 2200 Graece,
2591 2131 2936 2187 admiranda
2990 2131 3270 2187 dicuntur
3340 2134 3540 2189 Latine
3595 2135 3734 2206 (90).

2089 2220 2214 2274 Νοιι
2237 2236 2374 2290 ergo
2405 2220 2571 2290 quasi
2605 2219 2945 2292 prodigialia
2975 2219 3234 2275 horroris
3263 2220 3514 2293 accipias
3563 2240 3740 2296 opera

2092 2309 2345 2373 Domini,
2400 2309 2496 2364 sed
2533 2310 2699 2380 quasi
2763 2310 2931 2380 plena
2978 2309 3405 2365 admirationis.
3461 2311 3738 2370 Praeclare

2091 2399 2286 2468 posuit
2307 2415 2485 2468 super
2515 2404 2726 2452 terram
2763 2415 2776 2462 ;
2812 2397 2868 2452 id
2893 2401 2984 2452 est
3004 2397 3062 2451 in
3089 2402 3328 2453 terram.
3349 2419 3378 2448 »

2161 2487 2248 2539 21.
2285 2487 2470 2557 (Vers.
2506 2487 2620 2554 10.)
2655 2508 2682 2535 «
2714 2487 2997 2541 Auferens
3026 2485 3178 2542 bella
3220 2503 3408 2559 usque
3456 2489 3527 2543 ad
3587 2490 3736 2547 ﬁnes

2088 2579 2274 2638 terrae,
2309 2589 2505 2628 arcum
2539 2578 2798 2628 conteret
2826 2579 2884 2628 et
2911 2574 3238 2646 confringet
3257 2591 3421 2631 arma
3445 2592 3457 2629 :
3491 2581 3548 2631 et
3568 2583 3735 2636 scuta

2087 2663 2389 2717 comburat
2407 2661 2545 2733 igni.
2564 2685 2592 2712 ››
2613 2663 2680 2716 Et
2697 2679 2826 2717 vere
2845 2667 3161 2733 antequam
3179 2663 3507 2719 Romanum
3519 2667 3734 2722 ditl‘un-

2085 2752 2320 2806 deretur
2347 2750 2681 2822 imperium,
2715 2768 2829 2806 non
2859 2750 3051 2806 solum
3099 2751 3468 2824 singularum
3492 2755 3728 2812 urbium

2083 2855 2248 2911 reges
2277 2840 2584 2895 adversum
2617 2855 2679 2894 se
2709 2838 3273 2911 prmliabantur;sed
3295 2841 3598 2914 etiamipsi
3617 2839 3730 2901 ao-

2084 2929 2242 2984 mani
2273 2928 2440 2984 bellis
2471 2923 2806 2998 frequenter
2833 2927 3106 2984 civilibus
3135 2930 3550 2988 atterebantur.
3611 2932 3729 2988 Pu-

2083 3018 2283 3087 gnavit
2311 3015 2530 3070 Marius
2562 3017 2842 3071 adversus
2859 3017 3127 3071 Cinnam.
3165 3018 3222 3071 [n
3265 3023 3513 3090 utraque
3559 3025 3724 3093 parte

2084 3107 2383 3160 Romanus
2414 3105 2582 3159 fusus
2612 3109 2702 3159 est
2757 3105 3019 3174 sanguis.
3083 3104 3240 3177 Sylla
3289 3106 3627 3177 insurrexit,
3668 3113 3726 3165 et

2082 3195 2262 3250 Mario
2284 3193 2488 3248 victori
2515 3210 2720 3248 rursus
2743 3193 2933 3247 civilia
2949 3193 3100 3248 bella
3119 3195 3455 3252 commovit.
3473 3196 3724 3268 Lepidus

322 3285 496 3349 tione,
531 3281 603 3336 ad
638 3278 1034 3351 cognitionem
1084 3277 1407 3332 ccelestium
1440 3285 1969 3345 sacramentorum,
2003 3271 2046 3335 C
2084 3285 2196 3355 (9t)
2250 3282 2657 3352 Sertoriusque
2715 3281 2960 3337 rebelles
3020 3299 3083 3338 se
3135 3283 3397 3339 Romano
3473 3284 3720 3357 imperio

321 3376 379 3429 et
407 3371 669 3428 studium
702 3366 992 3423 castitatis
1020 3383 1034 3432 ;
1066 3383 1100 3422 a
1131 3364 1392 3436 nequitia
1422 3365 1492 3420 ad
1534 3365 1808 3422 virtutem
1868 3367 1966 3437 pia

323 3459 689 3516 confessione
719 3459 1040 3510 moveatur.

2076 3371 2468 3440 praebuerunt.
2503 3371 2694 3424 Caesar
2723 3369 3064 3442 Pompeium
3115 3375 3205 3426 est
3247 3377 3608 3442 persecutus,
3666 3378 3724 3430 et

2073 3457 2391 3514 Galliarum
2427 3459 2681 3513 furorem
2713 3458 2981 3515 excitavit
3008 3459 3288 3517 adversus
3317 3476 3482 3516 arma
3510 3460 3721 3518 Roma-

395 3549 484 3605 48.
517 3546 700 3616 (Vers.
734 3544 786 3614 8)
819 3543 1004 3598 Motos
1033 3557 1170 3613 ergo
1212 3557 1310 3596 eos
1369 3541 1510 3596 dicit
1539 3542 1641 3611 qui
1696 3540 1756 3596 in
1815 3545 1969 3596 terra
2075 3562 2170 3600 na.
2197 3544 2428 3599 Devicto
2459 3545 2684 3599 seniore
2706 3545 2997 3615 Pompeio,
3011 3547 3313 3616 juniorem
3331 3548 3390 3603 in
3411 3548 3719 3621 Hispania-

326 3641 486 3699 sunt,
516 3633 603 3688 vel
637 3631 775 3703 quia
795 3636 948 3685 terra
978 3635 1143 3685 erant
1173 3647 1375 3684 omnes
1407 3629 1692 3696 homines,
1728 3630 1788 3684 in
1837 3628 1966 3700 qui-

325 3726 435 3779 bus
467 3725 590 3776 erat
619 3725 849 3775 terrena
880 3718 1178 3790 coriuptio
1213 3735 1226 3785 ;
1260 3719 1401 3788 quia
1431 3717 1638 3772 oculus
1683 3719 1967 3772 mentium

324 3814 395 3868 ad
428 3810 679 3866 sublime
705 3807 904 3881 gratiae
936 3806 1187 3862 caelestis
1217 3805 1440 3860 elevare
1482 3809 1656 3876 atque
1709 3805 1973 3861 attollere

326 3899 660 3956 nesciebant
690 3915 703 3964 ;
736 3912 842 3952 nec
874 3899 1144 3968 poterant
1174 3894 1398 3950 dicere:
1437 3918 1465 3942 ››
1501 3895 1648 3949 Deus
1688 3894 1970 3948 virtutum

328 3989 630 4045 nobiscum
658 4004 670 4055 ;
709 4009 736 4036 »
765 4002 899 4040 cum
913 3985 1131 4056 quibus
1163 4000 1274 4038 non
1301 3982 1553 4038 eratnisi
1585 3983 1975 4055 prolapsionis

328 4079 612 4140 incentor,
645 4080 702 4131 et
731 4080 937 4130 auctor
966 4073 1201 4129 erroris.
1258 4071 1370 4127 Sed
1434 4077 1814 4143 posteaquam
1867 4090 1974 4128 vox

330 4161 556 4223 Domini
587 4164 648 4218 in
679 4160 986 4232 Evangelio
1018 4159 1342 4228 resultavit,
1375 4161 1552 4215 audet
1579 4161 1864 4231 Propheta
1893 4163 1976 4216 di-

331 4271 490 4310 cere:
517 4276 543 4302 ‹‹
578 4252 730 4307 Deus
747 4251 1024 4304 virtutum
1046 4249 1376 4303 nobiscum.
1410 4269 1435 4296 ››
1460 4248 1608 4302 Bene
1630 4248 1772 4304 dicit
1794 4250 1975 4307 :Deus

333 4343 614 4396 virtutum
649 4338 994 4401 nobiscum;
1029 4357 1056 4386 ›ι
1091 4335 1192 4406 qui
1216 4335 1464 4390 credidit
1493 4337 1646 4406 quod
1703 4336 1876 4409 Virgo
1918 4339 1975 4394 in

333 4436 496 4486 utero
527 4425 746 4498 accepit
776 4431 832 4481 et
861 4423 1105 4497 peperit.
1148 4423 1448 4477 Audemus
1504 4427 1560 4476 et
1599 4440 1705 4477 nos
1762 4425 1974 4494 dicere,

337 4543 363 4569 ‹‹
398 4520 551 4573 Deus
581 4516 865 4570 virtutum
897 4511 1202 4568 nobiscum
1229 4527 1242 4565 :
1280 4533 1308 4558 »
1339 4514 1716 4581 posteaquam
1750 4513 1978 4568 Emma-

2077 3649 2210 3688 rum
2240 3631 2507 3702 partibus
2537 3630 2866 3686 debellavit.
2886 3633 3035 3696 Quid
3051 3633 3412 3692 Triumviros
3432 3635 3722 3710 loquarex

2081 3721 2344 3777 hostibus
2371 3719 2591 3774 amicos
2623 3721 2759 3790 (92),
2794 3736 2862 3774 ex
2883 3721 3090 3775 amicis
3121 3738 3330 3777 rursus
3361 3724 3420 3778 in
3479 3726 3722 3786 hostiles

2081 3808 2370 3864 tumultus
2401 3823 2530 3862 esse
2563 3823 2940 3878 progressos:
2977 3808 3161 3862 maria
3192 3825 3425 3881 quoque
3490 3814 3722 3870 Actiaco

2081 3898 2233 3953 bello
2261 3897 2478 3952 infecta
2500 3896 2786 3967 sanguine
2818 3897 3213 3952 Romanorum
3243 3897 3271 3951 ?
3302 3897 3464 3953 Unde
3503 3900 3725 3958 factum

2083 3991 2190 4053 est,
2226 3991 2289 4041 ut
2341 3984 2510 4040 taedio
2571 3984 2854 4040 bellorum
2913 3984 3195 4051 civilium,
3253 3985 3408 4041 Julio
3460 3989 3726 4060 Augusto

2083 4076 2413 4130 Romanum
2447 4073 2768 4128 deferretur
2795 4073 3108 4144 imperium
3143 4090 3156 4129 :
3189 4079 3246 4129 et
3274 4073 3727 4147 itaprteliainte-

2085 4164 2239 4219 stina
2265 4163 2468 4218 sedata
2501 4166 2658 4216 sunt.
2693 4161 2810 4216 I—loc
2841 4167 3036 4217 autem
3067 4178 3133 4217 eo
3164 4163 3428 4234 profecit,
3461 4168 3528 4219 ut
3574 4171 3731 4223 recte

2087 4270 2188 4324 per
2215 4256 2402 4307 totum
2430 4251 2629 4305 orbem
2665 4248 2909 4320 apostoli
2943 4249 3313 4306 mitterentur
3340 4252 3568 4309 dicente
3616 4253 3732 4310 Do-

2085 4341 2247 4396 mino
2274 4339 2410 4395 Jesu
2439 4356 2450 4394 :
2484 4339 2698 4392 Euntes
2740 4339 2940 4393 docete
2968 4355 3190 4394 'omnes
3249 4345 3451 4412 gentes
3509 4342 3722 4413 (Matth.

2084 4447 2282 4495 xxvm,
2315 4428 2424 4497 49).
2458 4425 2576 4481 lllis
2606 4427 2842 4496 quidem
2870 4426 3380 4485 etiaminterclusa
3411 4430 3734 4488 barbaricis

2090 4517 2390 4572 montibus
2403 4530 2584 4586 regna
2597 4519 3005 4584 patuerunt,ut
3020 4514 3250 4572 Thomas
3266 4518 3450 4586 India,
3464 4520 3736 4576 Matthao

338 4606 494 4673 nuel,
529 4605 637 4659 hoc
667 4607 777 4668 est,
813 4602 965 4657 Deus
996 4599 1166 4695 coepit
1197 4615 1325 4653 esse
1357 4597 1682 4695 nobiscum.
1716 4599 1822 4654 Ubi
1844 4618 1979 4674 ergo
2014 4632 2057 4695 Β
2092 4604 2308 4660 Persia.
2342 4604 2452 4658 Sed
2487 4609 2681 4657 tamen
2710 4619 2824 4673 quo
2874 4602 3046 4673 plura
3073 4605 3302 4662 obirent
3330 4609 3522 4680 spatia
3550 4613 3734 4666 terra-

341 4691 703 4756 Emmanuel,
736 4691 816 4745 ibi
845 4712 872 4741 «
905 4690 1056 4745 Deus
1088 4687 1366 4743 virtutum
1403 4687 1731 4741 nobiscum.
1767 4710 1795 4736 ››

403 4786 485 4837 19.
503 4805 529 4831 ‹‹
557 4782 840 4852 Suceptor
861 4785 1060 4835 noster
1082 4777 1235 4832 Deus
1250 4776 1450 4830 Jacob.
1469 4793 1495 4825 ιι
1524 4776 1828 4831 imitemur
1846 4795 1982 4850 ergo

342 4871 731 4943 patriarcham
764 4871 966 4935 Jacob,
1000 4869 1234 4923 odorem
1293 4867 1443 4936 ejus,
1497 4863 1771 4919 virtutem
1830 4868 1982 4936 ejus,

416 4994 540 5066 (00)
565 4995 704 5066 Mss.
734 4992 1018 5057 nonnulli,
1041 5016 1066 5041 ιι
1097 4991 1356 5066 Denique
1381 4988 1990 5066 prodigia-Grammati-

347 5061 614 5122 miranda
634 5065 909 5120 dicuntur
929 5066 1185 5119 Latine.»
1204 5061 1311 5116 Alii
1344 5068 1400 5116 et
1421 5061 1698 5114 edit.utin
1722 5066 1877 5117 textu
1900 5082 1990 5120 ex-

348 5143 513 5202 cepto
535 5137 684 5204 quod
705 5137 870 5191 Rom.
893 5135 1069 5190 habet
1087 5153 1100 5189 :
1118 5155 1146 5181 »
1171 5133 1578 5204 prodigiadicu
1590 5136 1724 5186 ntur
1737 5133 1991 5191 Latine.»

420 5209 532 5281 (91)
555 5203 687 5263 Fuit
716 5208 767 5264 is
793 5208 868 5263 M.
901 5208 1048 5281 Em.
1097 5203 1376 5281 Lepidus:
1404 5203 1799 5281 Marianarum
1856 5225 1990 5281 Rm»-

351 5273 807 5346 tium'assertor,
847 5278 948 5349 qui
978 5273 1256 5349 adversus
1285 5273 1551 5349 Catulum
1579 5274 1823 5346 Syllana:
1856 5273 1992 5333 ‘fac-

347 5349 526 5421 tionis
558 5349 766 5405 ducem
796 5345 1054 5421 quicum
1079 5345 1650 5421 priusconsulatum
1710 5355 1992 5421 gesserat,

353 5419 574 5503 bellum
609 5417 924 5493 gessithe
953 5417 1156 5474 eodem
1175 5420 1368 5473 autem
1393 5417 1606 5489 Lepido
1628 5417 1760 5474 mox
1782 5417 1995 5477 iterum

453 5507 641 5545 emus.

360 5631 683 5712 discordes,
718 5637 780 5712 ut
808 5631 952 5712 Julii
985 5631 1227 5689 Caesaris
1278 5647 1311 5686 a
1336 5631 1514 5686 Bruto
1533 5631 1780 5712 al'usque
1808 5631 2002 5712 conju-

359 5706 501 5764 ratis
559 5703 843 5764 interfecti
884 5720 1082 5766 necem
1145 5707 1656 5781 persequerentur,
1684 5703 2003 5783 assumpta

2091 4711 2244 4757 rum,
2270 4693 2327 4746 in
2357 4696 2556 4746 exortu
2589 4690 2853 4745 Ecclesiae
2877 4695 3222 4762 potestatem
3241 4695 3485 4752 Romani
3506 4697 3738 4768 imperii

2095 4787 2215 4838 toto
2257 4782 2395 4836 orbe
2425 4779 2678 4843 diil'udit,
2702 4795 2759 4833 et
2789 4780 3206 4838 dissidentium
3257 4788 3509 4850 mentes,
3556 4788 3738 4840 terra-

2094 4885 2342 4940 rumque
2371 4868 2616 4922 divortia
2647 4869 2861 4922 donata
2879 4886 3018 4939 pace
3031 4872 3379 4942 composuit.
3401 4871 3740 4928 Didicerunt

2097 4991 2441 5066 triumvirali
2464 4996 2745 5066 potestate
2768 4995 3257 5066 armasuagprimo
3275 4994 3733 5066 conjunxerunt:

2101 5066 2216 5138 sed,
2237 5064 2390 5118 brevi
2423 5063 2614 5138 soluta
2635 5069 2741 5138 est
2787 5063 3231 5138 illahsocietasr
3261 5063 3522 5138 Namque
3578 5067 3736 5123 haud

2102 5137 2285 5192 multo
2317 5142 2447 5207 post
2477 5134 2690 5205 Lepido
2723 5135 2780 5207 in
2813 5135 3096 5207 ordinem,
3141 5137 3391 5202 redacto,
3430 5134 3739 5195 'Antonius

2101 5205 2355 5279 denique
2407 5208 2559 5276 apud
2615 5205 2845 5279 Aetium
2904 5205 3264 5279 maritimam
3324 5207 3477 5279 Epiri
3532 5211 3738 5266 urbem

2103 5225 2231 5263 ueni
2285 5225 2355 5262 ue
2407 5225 2559 5276 apuu
2615 5225 2845 5259 acuum
2904 5225 3264 5262 maritimam
3325 5225 3477 5279 mpm
3532 5225 3738 5266 urbem

2103 5225 2288 5334 navali
2323 5293 2521 5349 pugna
2545 5274 2896 5350 proﬂigatus
2924 5277 2996 5330 ab
3029 5279 3289 5350 Augusto
3310 5278 3591 5350 violentas
3621 5297 3742 5337 ma-

2105 5368 2215 5426 nus
2246 5345 2509 5426 insuam
2545 5345 2744 5426 ipsius:
2758 5345 2936 5400 vitam
2968 5345 3268 5426 convertit.
3297 5353 3413 5426 Has
3445 5349 3742 5426 Ogaviani

2104 5419 2344 5478 Caesaris
2372 5417 2675 5488 victorias,
2697 5421 2759 5488 et,
2792 5433 2993 5488 pacem
3024 5419 3157 5474 inde
3187 5425 3447 5476 secutam
3505 5422 3744 5479 Tacitus

2107 5488 2450 5565 compendio
2522 5486 2810 5565 exprimit—
2836 5487 2966 5565 iliis
3052 5492 3278 5548 verbis:
3332 5491 3524 5565 Lepidi
3585 5499 3746 5565 atque

2107 5559 2328 5648 Ante—iiii
2550 5560 2610 5615 in
2625 5559 3200 5648 “Augustumressere,
3257 5566 3354 5648 qui
3403 5559 3605 5648 cuncta
3632 5559 3743 5624 dis-

2109 5633 2308 5720 cordiis
2337 5631 2591 5762 agilibus
2615 5631 2782 5706 fessa,
2816 5633 3040 5691 nomine
3086 5631 3377 5712 principis,
3433 5637 3533 5697 sub
3584 5637 3748 5718 impe-

2111 5721 2262 5762 rium
2289 5719 2354 5762 ac
2413 5719 2469 5762 in
2501 5744 2514 5762 .

2111 5717 2262 5770 rium
2289 5717 2514 5778 accepit.
