  <div class='ocr_page' id='page_1' title='image "/cluster/home/n/w/nwhite01/storage/ocr_20150623/14/hvd.32044048207138/605.png"; bbox 0 0 4112 6190; ppageno 0'>
   <div class='ocr_carea' id='block_1_1' title="bbox 477 368 635 446">
    <p class='ocr_par' dir='ltr' id='par_1_1' title="bbox 477 368 635 446">
     <span class='ocr_line' id='line_1_1' title="bbox 477 368 635 446; baseline -0.038 -6"><span class='ocrx_word' id='word_1_1' title='bbox 477 368 635 446; x_wconf 71' lang='grc'>1199</span> 
     </span>
    </p>
   </div>
   <div class='ocr_carea' id='block_1_2' title="bbox 1932 344 2421 429">
    <p class='ocr_par' dir='ltr' id='par_1_2' title="bbox 1932 344 2421 429">
     <span class='ocr_line' id='line_1_2' title="bbox 1932 344 2421 429; baseline -0.002 -1"><span class='ocrx_word' id='word_1_2' title='bbox 1932 344 2002 428; x_wconf 88' lang='lat' dir='ltr'>s.</span> <span class='ocrx_word' id='word_1_3' title='bbox 2042 352 2421 429; x_wconf 74' lang='lat' dir='ltr'>&#39;Amnnosn</span> 
     </span>
    </p>
   </div>
   <div class='ocr_carea' id='block_1_3' title="bbox 3658 374 3773 441">
    <p class='ocr_par' dir='ltr' id='par_1_3' title="bbox 3658 374 3773 441">
     <span class='ocr_line' id='line_1_3' title="bbox 3658 374 3773 441; baseline 0 -3"><span class='ocrx_word' id='word_1_4' title='bbox 3658 374 3773 441; x_wconf 67' lang='grc' dir='ltr'>ιιοο</span> 
     </span>
    </p>
   </div>
   <div class='ocr_carea' id='block_1_4' title="bbox 480 499 3775 571">
    <p class='ocr_par' dir='ltr' id='par_1_4' title="bbox 480 499 3775 571">
     <span class='ocr_line' id='line_1_4' title="bbox 480 499 3775 571; baseline 0.001 -12"><span class='ocrx_word' id='word_1_5' title='bbox 480 519 681 559; x_wconf 83' lang='lat' dir='ltr'>omnes</span> <span class='ocrx_word' id='word_1_6' title='bbox 703 499 968 555; x_wconf 83' lang='lat' dir='ltr'>homines</span> <span class='ocrx_word' id='word_1_7' title='bbox 1000 500 1110 555; x_wconf 91' lang='lat' dir='ltr'>sub</span> <span class='ocrx_word' id='word_1_8' title='bbox 1129 517 1244 555; x_wconf 93' lang='lat' dir='ltr'>uno</span> <span class='ocrx_word' id='word_1_9' title='bbox 1268 499 1813 571; x_wconf 84' lang='lat' dir='ltr'>terrarumimperio</span> <span class='ocrx_word' id='word_1_10' title='bbox 1834 500 2113 567; x_wconf 81' lang='lat' dir='ltr'>viventes,</span> <span class='ocrx_word' id='word_1_11' title='bbox 2147 500 2203 568; x_wconf 73' lang='grc' dir='ltr'><strong>Α</strong></span> <span class='ocrx_word' id='word_1_12' title='bbox 2231 500 2331 571; x_wconf 85' lang='lat' dir='ltr'>qui</span> <span class='ocrx_word' id='word_1_13' title='bbox 2363 500 2434 556; x_wconf 90' lang='lat' dir='ltr'>de</span> <span class='ocrx_word' id='word_1_14' title='bbox 2464 499 2562 556; x_wconf 92' lang='lat' dir='ltr'>illo</span> <span class='ocrx_word' id='word_1_15' title='bbox 2592 499 2871 556; x_wconf 77' lang='lat' dir='ltr'>sublimia</span> <span class='ocrx_word' id='word_1_16' title='bbox 2900 500 3245 569; x_wconf 76' lang='lat' dir='ltr'>sentiebant,</span> <span class='ocrx_word' id='word_1_17' title='bbox 3278 516 3379 557; x_wconf 90' lang='lat' dir='ltr'>nec</span> <span class='ocrx_word' id='word_1_18' title='bbox 3430 518 3549 559; x_wconf 89' lang='lat' dir='ltr'>eum</span> <span class='ocrx_word' id='word_1_19' title='bbox 3592 510 3775 566; x_wconf 74' lang='lat' dir='ltr'>temnis</span> 
     </span>
    </p>
   </div>
   <div class='ocr_carea' id='block_1_5' title="bbox 480 588 2123 662">
    <p class='ocr_par' dir='ltr' id='par_1_5' title="bbox 480 588 2123 662">
     <span class='ocr_line' id='line_1_5' title="bbox 480 588 2123 662; baseline -0.001 -15"><span class='ocrx_word' id='word_1_20' title='bbox 480 592 656 647; x_wconf 89' lang='lat' dir='ltr'>unius</span> <span class='ocrx_word' id='word_1_21' title='bbox 685 590 785 646; x_wconf 89' lang='lat' dir='ltr'>Dei</span> <span class='ocrx_word' id='word_1_22' title='bbox 844 588 1265 661; x_wconf 78' lang='lat' dir='ltr'>omnipotentis</span> <span class='ocrx_word' id='word_1_23' title='bbox 1305 589 1621 662; x_wconf 90' lang='lat' dir='ltr'>imperium</span> <span class='ocrx_word' id='word_1_24' title='bbox 1678 589 1835 646; x_wconf 91' lang='lat' dir='ltr'>ﬁdeli</span> <span class='ocrx_word' id='word_1_25' title='bbox 1893 589 2123 661; x_wconf 90' lang='lat' dir='ltr'>eloquio</span> 
     </span>
    </p>
   </div>
   <div class='ocr_carea' id='block_1_6' title="bbox 477 678 760 736">
    <p class='ocr_par' dir='ltr' id='par_1_6' title="bbox 477 678 760 736">
     <span class='ocr_line' id='line_1_6' title="bbox 477 678 760 736; baseline -0.007 0"><span class='ocrx_word' id='word_1_26' title='bbox 477 678 760 736; x_wconf 89' lang='lat' dir='ltr'>conﬁteri.</span> 
     </span>
    </p>
   </div>
   <div class='ocr_carea' id='block_1_7' title="bbox 546 767 2121 841">
    <p class='ocr_par' dir='ltr' id='par_1_7' title="bbox 546 767 2121 841">
     <span class='ocr_line' id='line_1_7' title="bbox 546 767 2121 841; baseline -0.001 -18"><span class='ocrx_word' id='word_1_27' title='bbox 546 771 637 825; x_wconf 90' lang='lat'>22.</span> <span class='ocrx_word' id='word_1_28' title='bbox 670 767 928 825; x_wconf 83' lang='lat' dir='ltr'>Abstulit</span> <span class='ocrx_word' id='word_1_29' title='bbox 965 784 1103 841; x_wconf 88' lang='lat' dir='ltr'>ergo</span> <span class='ocrx_word' id='word_1_30' title='bbox 1158 768 1313 824; x_wconf 88' lang='lat' dir='ltr'>bella</span> <span class='ocrx_word' id='word_1_31' title='bbox 1371 785 1558 839; x_wconf 91' lang='lat' dir='ltr'>usque</span> <span class='ocrx_word' id='word_1_32' title='bbox 1591 768 1661 823; x_wconf 90' lang='lat' dir='ltr'>ad</span> <span class='ocrx_word' id='word_1_33' title='bbox 1716 770 1863 824; x_wconf 90' lang='lat' dir='ltr'>ﬁnes</span> <span class='ocrx_word' id='word_1_34' title='bbox 1902 771 2065 823; x_wconf 67' lang='lat' dir='ltr'>terrae</span> <span class='ocrx_word' id='word_1_35' title='bbox 2108 780 2121 821; x_wconf 88' lang='lat'>:</span> 
     </span>
    </p>
   </div>
   <div class='ocr_carea' id='block_1_8' title="bbox 477 857 2126 931">
    <p class='ocr_par' dir='ltr' id='par_1_8' title="bbox 477 857 2126 931">
     <span class='ocr_line' id='line_1_8' title="bbox 477 857 2126 931; baseline -0.003 -16"><span class='ocrx_word' id='word_1_36' title='bbox 477 858 638 931; x_wconf 90' lang='lat' dir='ltr'>quod</span> <span class='ocrx_word' id='word_1_37' title='bbox 665 858 883 914; x_wconf 84' lang='lat' dir='ltr'>factum</span> <span class='ocrx_word' id='word_1_38' title='bbox 915 873 1044 913; x_wconf 91' lang='lat' dir='ltr'>esse</span> <span class='ocrx_word' id='word_1_39' title='bbox 1072 874 1189 913; x_wconf 91' lang='lat' dir='ltr'>non</span> <span class='ocrx_word' id='word_1_40' title='bbox 1230 857 1477 913; x_wconf 91' lang='lat' dir='ltr'>dubium</span> <span class='ocrx_word' id='word_1_41' title='bbox 1529 862 1638 914; x_wconf 87' lang='lat' dir='ltr'>est.</span> <span class='ocrx_word' id='word_1_42' title='bbox 1698 857 1809 913; x_wconf 92' lang='lat' dir='ltr'>Sed</span> <span class='ocrx_word' id='word_1_43' title='bbox 1866 857 1997 911; x_wconf 90' lang='lat' dir='ltr'>vide</span> <span class='ocrx_word' id='word_1_44' title='bbox 2055 872 2126 910; x_wconf 89' lang='lat' dir='ltr'>ne</span> 
     </span>
    </p>
   </div>
   <div class='ocr_carea' id='block_1_9' title="bbox 478 945 2127 1018">
    <p class='ocr_par' dir='ltr' id='par_1_9' title="bbox 478 945 2127 1018">
     <span class='ocr_line' id='line_1_9' title="bbox 478 945 2127 1018; baseline -0.004 -13"><span class='ocrx_word' id='word_1_45' title='bbox 478 946 633 1004; x_wconf 87' lang='lat' dir='ltr'>bella</span> <span class='ocrx_word' id='word_1_46' title='bbox 663 946 1024 1003; x_wconf 89' lang='lat' dir='ltr'>inﬁrmitatis</span> <span class='ocrx_word' id='word_1_47' title='bbox 1045 946 1377 1014; x_wconf 82' lang='lat' dir='ltr'>abstulerit,</span> <span class='ocrx_word' id='word_1_48' title='bbox 1413 964 1540 1018; x_wconf 62' lang='lat' dir='ltr'>quae</span> <span class='ocrx_word' id='word_1_49' title='bbox 1554 949 1695 1001; x_wconf 89' lang='lat' dir='ltr'>sunt</span> <span class='ocrx_word' id='word_1_50' title='bbox 1717 946 1774 1000; x_wconf 90' lang='lat' dir='ltr'>in</span> <span class='ocrx_word' id='word_1_51' title='bbox 1802 946 1973 1002; x_wconf 91' lang='lat' dir='ltr'>corde</span> <span class='ocrx_word' id='word_1_52' title='bbox 1994 945 2127 1000; x_wconf 89' lang='lat' dir='ltr'>titu-</span> 
     </span>
    </p>
   </div>
   <div class='ocr_carea' id='block_1_10' title="bbox 480 1035 2125 1105">
    <p class='ocr_par' dir='ltr' id='par_1_10' title="bbox 480 1035 2125 1105">
     <span class='ocr_line' id='line_1_10' title="bbox 480 1035 2125 1105; baseline -0.004 -10"><span class='ocrx_word' id='word_1_53' title='bbox 480 1036 771 1095; x_wconf 87' lang='lat' dir='ltr'>bantium.</span> <span class='ocrx_word' id='word_1_54' title='bbox 805 1035 914 1103; x_wconf 88' lang='lat' dir='ltr'>Qui</span> <span class='ocrx_word' id='word_1_55' title='bbox 953 1035 1112 1092; x_wconf 89' lang='lat' dir='ltr'>enim</span> <span class='ocrx_word' id='word_1_56' title='bbox 1168 1040 1402 1092; x_wconf 88' lang='lat' dir='ltr'>terrena</span> <span class='ocrx_word' id='word_1_57' title='bbox 1458 1035 1777 1100; x_wconf 78' lang='lat' dir='ltr'>transierit,</span> <span class='ocrx_word' id='word_1_58' title='bbox 1832 1035 1956 1105; x_wconf 89' lang='lat' dir='ltr'>jam</span> <span class='ocrx_word' id='word_1_59' title='bbox 2010 1050 2125 1088; x_wconf 90' lang='lat' dir='ltr'>non</span> 
     </span>
    </p>
   </div>
   <div class='ocr_carea' id='block_1_11' title="bbox 376 1123 2128 1196">
    <p class='ocr_par' dir='ltr' id='par_1_11' title="bbox 376 1123 2128 1196">
     <span class='ocr_line' id='line_1_11' title="bbox 376 1123 2128 1196; baseline -0.002 -15"><span class='ocrx_word' id='word_1_60' title='bbox 376 1188 379 1193; x_wconf 33' lang='grc' dir='ltr'><strong><em>η</em></strong></span> <span class='ocrx_word' id='word_1_61' title='bbox 481 1123 662 1181; x_wconf 90' lang='lat' dir='ltr'>dicit:</span> <span class='ocrx_word' id='word_1_62' title='bbox 706 1147 735 1174; x_wconf 85' lang='lat'><strong>«</strong></span> <span class='ocrx_word' id='word_1_63' title='bbox 765 1124 928 1180; x_wconf 91' lang='lat' dir='ltr'>Foris</span> <span class='ocrx_word' id='word_1_64' title='bbox 958 1140 1191 1196; x_wconf 65' lang='lat' dir='ltr'>pugnae,</span> <span class='ocrx_word' id='word_1_65' title='bbox 1227 1124 1389 1181; x_wconf 91' lang='lat' dir='ltr'>intus</span> <span class='ocrx_word' id='word_1_66' title='bbox 1427 1124 1669 1179; x_wconf 87' lang='lat' dir='ltr'>timores</span> <span class='ocrx_word' id='word_1_67' title='bbox 1725 1124 1797 1193; x_wconf 92' lang='lat' dir='ltr'>(II</span> <span class='ocrx_word' id='word_1_68' title='bbox 1850 1123 1970 1179; x_wconf 86' lang='lat' dir='ltr'>Cor.</span> <span class='ocrx_word' id='word_1_69' title='bbox 2027 1139 2128 1188; x_wconf 88' lang='lat' dir='ltr'>vu,</span> 
     </span>
    </p>
   </div>
   <div class='ocr_carea' id='block_1_12' title="bbox 479 1209 2129 1283">
    <p class='ocr_par' dir='ltr' id='par_1_12' title="bbox 479 1209 2129 1283">
     <span class='ocr_line' id='line_1_12' title="bbox 479 1209 2129 1283; baseline -0.002 -16"><span class='ocrx_word' id='word_1_70' title='bbox 479 1212 559 1283; x_wconf 84' lang='lat'>5),</span> <span class='ocrx_word' id='word_1_71' title='bbox 593 1210 695 1266; x_wconf 88' lang='lat' dir='ltr'>sed</span> <span class='ocrx_word' id='word_1_72' title='bbox 725 1210 871 1266; x_wconf 89' lang='lat' dir='ltr'>dicit</span> <span class='ocrx_word' id='word_1_73' title='bbox 903 1228 915 1266; x_wconf 91' lang='lat'>:</span> <span class='ocrx_word' id='word_1_74' title='bbox 946 1233 973 1261; x_wconf 89' lang='grc'>‹‹</span> <span class='ocrx_word' id='word_1_75' title='bbox 1002 1211 1215 1266; x_wconf 87' lang='lat' dir='ltr'>Nostra</span> <span class='ocrx_word' id='word_1_76' title='bbox 1246 1215 1442 1266; x_wconf 89' lang='lat' dir='ltr'>autem</span> <span class='ocrx_word' id='word_1_77' title='bbox 1475 1210 1835 1267; x_wconf 83' lang='lat' dir='ltr'>conversatio</span> <span class='ocrx_word' id='word_1_78' title='bbox 1866 1210 1925 1264; x_wconf 89' lang='lat' dir='ltr'>in</span> <span class='ocrx_word' id='word_1_79' title='bbox 1971 1209 2129 1265; x_wconf 73' lang='lat' dir='ltr'>oculis</span> 
     </span>
    </p>
   </div>
   <div class='ocr_carea' id='block_1_13' title="bbox 483 1298 2126 1372">
    <p class='ocr_par' dir='ltr' id='par_1_13' title="bbox 483 1298 2126 1372">
     <span class='ocr_line' id='line_1_13' title="bbox 483 1298 2126 1372; baseline -0.002 -15"><span class='ocrx_word' id='word_1_80' title='bbox 483 1304 573 1357; x_wconf 87' lang='lat' dir='ltr'>est</span> <span class='ocrx_word' id='word_1_81' title='bbox 601 1300 867 1372; x_wconf 80' lang='lat' dir='ltr'>(Philipp.</span> <span class='ocrx_word' id='word_1_82' title='bbox 903 1317 987 1366; x_wconf 88' lang='grc' dir='ltr'>ιιι,</span> <span class='ocrx_word' id='word_1_83' title='bbox 1018 1300 1130 1371; x_wconf 87' lang='grc'>20).</span> <span class='ocrx_word' id='word_1_84' title='bbox 1164 1322 1192 1351; x_wconf 85' lang='lat'>»</span> <span class='ocrx_word' id='word_1_85' title='bbox 1213 1300 1423 1355; x_wconf 90' lang='lat' dir='ltr'>Transi</span> <span class='ocrx_word' id='word_1_86' title='bbox 1450 1316 1583 1372; x_wconf 84' lang='lat' dir='ltr'>ergo</span> <span class='ocrx_word' id='word_1_87' title='bbox 1620 1300 1929 1367; x_wconf 89' lang='lat' dir='ltr'>mundum,</span> <span class='ocrx_word' id='word_1_88' title='bbox 1974 1298 2126 1355; x_wconf 65' lang='grc' dir='ltr'>ωε</span> 
     </span>
    </p>
   </div>
   <div class='ocr_carea' id='block_1_14' title="bbox 485 1388 2129 1460">
    <p class='ocr_par' dir='ltr' id='par_1_14' title="bbox 485 1388 2129 1460">
     <span class='ocr_line' id='line_1_14' title="bbox 485 1388 2129 1460; baseline -0.002 -15"><span class='ocrx_word' id='word_1_89' title='bbox 485 1392 550 1446; x_wconf 87' lang='lat' dir='ltr'>ut</span> <span class='ocrx_word' id='word_1_90' title='bbox 601 1388 848 1459; x_wconf 83' lang='lat' dir='ltr'>incipias</span> <span class='ocrx_word' id='word_1_91' title='bbox 924 1404 1053 1444; x_wconf 90' lang='lat' dir='ltr'>esse</span> <span class='ocrx_word' id='word_1_92' title='bbox 1108 1405 1290 1460; x_wconf 85' lang='lat' dir='ltr'>supra</span> <span class='ocrx_word' id='word_1_93' title='bbox 1341 1388 1630 1443; x_wconf 90' lang='lat' dir='ltr'>mundum</span> <span class='ocrx_word' id='word_1_94' title='bbox 1669 1398 1915 1460; x_wconf 76' lang='grc' dir='ltr'>επεράσαι</span> <span class='ocrx_word' id='word_1_95' title='bbox 1972 1388 2129 1442; x_wconf 88' lang='lat' dir='ltr'>enim</span> 
     </span>
    </p>
   </div>
   <div class='ocr_carea' id='block_1_15' title="bbox 484 1476 2129 1549">
    <p class='ocr_par' dir='ltr' id='par_1_15' title="bbox 484 1476 2129 1549">
     <span class='ocr_line' id='line_1_15' title="bbox 484 1476 2129 1549; baseline -0.001 -15"><span class='ocrx_word' id='word_1_96' title='bbox 484 1477 735 1536; x_wconf 88' lang='lat' dir='ltr'>transire</span> <span class='ocrx_word' id='word_1_97' title='bbox 762 1481 871 1545; x_wconf 88' lang='lat' dir='ltr'>est,</span> <span class='ocrx_word' id='word_1_98' title='bbox 905 1477 1012 1543; x_wconf 92' lang='lat' dir='ltr'>vel,</span> <span class='ocrx_word' id='word_1_99' title='bbox 1048 1481 1113 1533; x_wconf 92' lang='lat' dir='ltr'>ut</span> <span class='ocrx_word' id='word_1_100' title='bbox 1142 1478 1332 1533; x_wconf 90' lang='lat' dir='ltr'>dicam</span> <span class='ocrx_word' id='word_1_101' title='bbox 1353 1476 1709 1549; x_wconf 79' lang='lat' dir='ltr'>expressius,</span> <span class='ocrx_word' id='word_1_102' title='bbox 1732 1478 2129 1533; x_wconf 78' lang='lat' dir='ltr'>transfretare.</span> 
     </span>
    </p>
   </div>
   <div class='ocr_carea' id='block_1_16' title="bbox 483 1564 2133 1639">
    <p class='ocr_par' dir='ltr' id='par_1_16' title="bbox 483 1564 2133 1639">
     <span class='ocr_line' id='line_1_16' title="bbox 483 1564 2133 1639; baseline -0.002 -16"><span class='ocrx_word' id='word_1_103' title='bbox 483 1566 743 1623; x_wconf 87' lang='lat' dir='ltr'>Abstulit</span> <span class='ocrx_word' id='word_1_104' title='bbox 768 1582 906 1639; x_wconf 86' lang='lat' dir='ltr'>ergo</span> <span class='ocrx_word' id='word_1_105' title='bbox 938 1566 1226 1622; x_wconf 90' lang='lat' dir='ltr'>Dominus</span> <span class='ocrx_word' id='word_1_106' title='bbox 1266 1566 1424 1622; x_wconf 88' lang='lat' dir='ltr'>bella</span> <span class='ocrx_word' id='word_1_107' title='bbox 1453 1584 1579 1637; x_wconf 58' lang='lat' dir='ltr'>quae</span> <span class='ocrx_word' id='word_1_108' title='bbox 1642 1566 1909 1622; x_wconf 87' lang='lat' dir='ltr'>movebat</span> <span class='ocrx_word' id='word_1_109' title='bbox 1965 1564 2133 1621; x_wconf 89' lang='lat' dir='ltr'>nobis</span> 
     </span>
    </p>
   </div>
   <div class='ocr_carea' id='block_1_17' title="bbox 488 1654 2134 1728">
    <p class='ocr_par' dir='ltr' id='par_1_17' title="bbox 488 1654 2134 1728">
     <span class='ocr_line' id='line_1_17' title="bbox 488 1654 2134 1728; baseline -0.002 -16"><span class='ocrx_word' id='word_1_110' title='bbox 488 1656 750 1728; x_wconf 83' lang='lat' dir='ltr'>nequitia</span> <span class='ocrx_word' id='word_1_111' title='bbox 788 1654 1110 1727; x_wconf 78' lang='lat' dir='ltr'>spiritalis:</span> <span class='ocrx_word' id='word_1_112' title='bbox 1143 1661 1201 1711; x_wconf 91' lang='lat' dir='ltr'>et</span> <span class='ocrx_word' id='word_1_113' title='bbox 1220 1656 1442 1711; x_wconf 91' lang='lat' dir='ltr'>devicto</span> <span class='ocrx_word' id='word_1_114' title='bbox 1475 1656 1937 1727; x_wconf 83' lang='lat' dir='ltr'>diabolo,pacem</span> <span class='ocrx_word' id='word_1_115' title='bbox 1965 1671 2134 1711; x_wconf 88' lang='lat' dir='ltr'>suam</span> 
     </span>
    </p>
   </div>
   <div class='ocr_carea' id='block_1_18' title="bbox 489 1742 2138 1815">
    <p class='ocr_par' dir='ltr' id='par_1_18' title="bbox 489 1742 2138 1815">
     <span class='ocr_line' id='line_1_18' title="bbox 489 1742 2138 1815; baseline -0.002 -15"><span class='ocrx_word' id='word_1_116' title='bbox 489 1745 659 1801; x_wconf 90' lang='lat' dir='ltr'>nobis</span> <span class='ocrx_word' id='word_1_117' title='bbox 715 1743 971 1814; x_wconf 84' lang='lat' dir='ltr'>reliquit.</span> <span class='ocrx_word' id='word_1_118' title='bbox 1052 1746 1267 1798; x_wconf 87' lang='lat' dir='ltr'>Arcum</span> <span class='ocrx_word' id='word_1_119' title='bbox 1298 1744 1599 1814; x_wconf 81' lang='lat' dir='ltr'>confregit,</span> <span class='ocrx_word' id='word_1_120' title='bbox 1650 1744 1721 1798; x_wconf 92' lang='lat' dir='ltr'>de</span> <span class='ocrx_word' id='word_1_121' title='bbox 1778 1760 1894 1815; x_wconf 90' lang='lat' dir='ltr'>quo</span> <span class='ocrx_word' id='word_1_122' title='bbox 1953 1742 2138 1814; x_wconf 84' lang='lat' dir='ltr'>ignita</span> 
     </span>
    </p>
   </div>
   <div class='ocr_carea' id='block_1_19' title="bbox 2234 589 3778 662">
    <p class='ocr_par' dir='ltr' id='par_1_19' title="bbox 2234 589 3778 662">
     <span class='ocr_line' id='line_1_19' title="bbox 2234 589 3778 662; baseline 0.008 -19"><span class='ocrx_word' id='word_1_123' title='bbox 2234 589 2591 660; x_wconf 82' lang='lat' dir='ltr'>imaginibus</span> <span class='ocrx_word' id='word_1_124' title='bbox 2604 594 2662 645; x_wconf 91' lang='lat' dir='ltr'>et</span> <span class='ocrx_word' id='word_1_125' title='bbox 2694 589 3029 646; x_wconf 84' lang='lat' dir='ltr'>simulacris</span> <span class='ocrx_word' id='word_1_126' title='bbox 3049 589 3310 662; x_wconf 85' lang='lat' dir='ltr'>scrupeis</span> <span class='ocrx_word' id='word_1_127' title='bbox 3332 590 3438 661; x_wconf 75' lang='grc'>(94)</span> <span class='ocrx_word' id='word_1_128' title='bbox 3464 594 3778 656; x_wconf 81' lang='lat' dir='ltr'>conterebant:</span> 
     </span>
    </p>
   </div>
   <div class='ocr_carea' id='block_1_20' title="bbox 2234 678 3779 759">
    <p class='ocr_par' dir='ltr' id='par_1_20' title="bbox 2234 678 3779 759">
     <span class='ocr_line' id='line_1_20' title="bbox 2234 678 3779 759; baseline 0.007 -26"><span class='ocrx_word' id='word_1_129' title='bbox 2234 678 2335 733; x_wconf 91' lang='lat' dir='ltr'>sed</span> <span class='ocrx_word' id='word_1_130' title='bbox 2367 694 2482 734; x_wconf 90' lang='lat' dir='ltr'>non</span> <span class='ocrx_word' id='word_1_131' title='bbox 2514 682 2639 734; x_wconf 90' lang='lat' dir='ltr'>erat</span> <span class='ocrx_word' id='word_1_132' title='bbox 2667 678 2942 734; x_wconf 85' lang='lat' dir='ltr'>sublimis</span> <span class='ocrx_word' id='word_1_133' title='bbox 2971 678 3031 733; x_wconf 91' lang='lat' dir='ltr'>in</span> <span class='ocrx_word' id='word_1_134' title='bbox 3084 678 3313 751; x_wconf 89' lang='lat' dir='ltr'>populis</span> <span class='ocrx_word' id='word_1_135' title='bbox 3369 681 3652 749; x_wconf 74' lang='lat' dir='ltr'>nationum,</span> <span class='ocrx_word' id='word_1_136' title='bbox 3706 689 3779 759; x_wconf 87' lang='lat' dir='ltr'>qui</span> 
     </span>
    </p>
   </div>
   <div class='ocr_carea' id='block_1_21' title="bbox 2233 767 3779 841">
    <p class='ocr_par' dir='ltr' id='par_1_21' title="bbox 2233 767 3779 841">
     <span class='ocr_line' id='line_1_21' title="bbox 2233 767 3779 841; baseline 0.004 -17"><span class='ocrx_word' id='word_1_137' title='bbox 2233 768 2390 824; x_wconf 68' lang='lat'><strong>080</strong></span> <span class='ocrx_word' id='word_1_138' title='bbox 2418 767 2601 823; x_wconf 90' lang='lat' dir='ltr'>Deum</span> <span class='ocrx_word' id='word_1_139' title='bbox 2632 783 2810 823; x_wconf 90' lang='lat' dir='ltr'>suum</span> <span class='ocrx_word' id='word_1_140' title='bbox 2841 768 2902 822; x_wconf 91' lang='lat' dir='ltr'>in</span> <span class='ocrx_word' id='word_1_141' title='bbox 2933 767 3117 823; x_wconf 84' lang='lat' dir='ltr'>antris</span> <span class='ocrx_word' id='word_1_142' title='bbox 3145 772 3202 824; x_wconf 86' lang='lat' dir='ltr'>et</span> <span class='ocrx_word' id='word_1_143' title='bbox 3240 767 3555 841; x_wconf 70' lang='lat' dir='ltr'>spelzeorum</span> <span class='ocrx_word' id='word_1_144' title='bbox 3609 772 3779 831; x_wconf 79' lang='lat' dir='ltr'>habita-</span> 
     </span>
    </p>
   </div>
   <div class='ocr_carea' id='block_1_22' title="bbox 2236 855 3782 931">
    <p class='ocr_par' dir='ltr' id='par_1_22' title="bbox 2236 855 3782 931">
     <span class='ocr_line' id='line_1_22' title="bbox 2236 855 3782 931; baseline 0.007 -22"><span class='ocrx_word' id='word_1_145' title='bbox 2236 855 2383 910; x_wconf 89' lang='lat' dir='ltr'>culis</span> <span class='ocrx_word' id='word_1_146' title='bbox 2414 856 2708 927; x_wconf 86' lang='lat' dir='ltr'>requirere</span> <span class='ocrx_word' id='word_1_147' title='bbox 2735 856 3106 913; x_wconf 85' lang='lat' dir='ltr'>videbantur.</span> <span class='ocrx_word' id='word_1_148' title='bbox 3150 857 3403 929; x_wconf 86' lang='lat' dir='ltr'>Denique</span> <span class='ocrx_word' id='word_1_149' title='bbox 3422 859 3782 931; x_wconf 79' lang='lat' dir='ltr'>reprehenditur</span> 
     </span>
    </p>
   </div>
   <div class='ocr_carea' id='block_1_23' title="bbox 2236 943 3785 1020">
    <p class='ocr_par' dir='ltr' id='par_1_23' title="bbox 2236 943 3785 1020">
     <span class='ocr_line' id='line_1_23' title="bbox 2236 943 3785 1020; baseline 0.006 -21"><span class='ocrx_word' id='word_1_150' title='bbox 2236 943 2601 1016; x_wconf 85' lang='lat' dir='ltr'>Magdalena,</span> <span class='ocrx_word' id='word_1_151' title='bbox 2626 962 2757 1017; x_wconf 69' lang='lat' dir='ltr'>quae</span> <span class='ocrx_word' id='word_1_152' title='bbox 2786 944 3087 1002; x_wconf 82' lang='lat' dir='ltr'>Christum</span> <span class='ocrx_word' id='word_1_153' title='bbox 3120 946 3285 1018; x_wconf 90' lang='lat' dir='ltr'>quasi</span> <span class='ocrx_word' id='word_1_154' title='bbox 3336 951 3603 1007; x_wconf 86' lang='lat' dir='ltr'>mortuum</span> <span class='ocrx_word' id='word_1_155' title='bbox 3643 950 3785 1020; x_wconf 79' lang='lat' dir='ltr'>tlebat,</span> 
     </span>
    </p>
   </div>
   <div class='ocr_carea' id='block_1_24' title="bbox 2236 1032 3787 1107">
    <p class='ocr_par' dir='ltr' id='par_1_24' title="bbox 2236 1032 3787 1107">
     <span class='ocr_line' id='line_1_24' title="bbox 2236 1032 3787 1107; baseline 0.005 -19"><span class='ocrx_word' id='word_1_156' title='bbox 2236 1038 2293 1090; x_wconf 93' lang='lat' dir='ltr'>et</span> <span class='ocrx_word' id='word_1_157' title='bbox 2323 1033 2493 1105; x_wconf 91' lang='lat' dir='ltr'>quasi</span> <span class='ocrx_word' id='word_1_158' title='bbox 2524 1032 2821 1107; x_wconf 91' lang='lat' dir='ltr'>sepultum</span> <span class='ocrx_word' id='word_1_159' title='bbox 2853 1036 3151 1107; x_wconf 77' lang='lat' dir='ltr'>quaerebat</span> <span class='ocrx_word' id='word_1_160' title='bbox 3178 1034 3237 1091; x_wconf 91' lang='lat' dir='ltr'>in</span> <span class='ocrx_word' id='word_1_161' title='bbox 3265 1035 3501 1092; x_wconf 89' lang='lat' dir='ltr'>tumulo.</span> <span class='ocrx_word' id='word_1_162' title='bbox 3531 1036 3667 1094; x_wconf 87' lang='lat' dir='ltr'>Unde</span> <span class='ocrx_word' id='word_1_163' title='bbox 3724 1040 3787 1095; x_wconf 86' lang='lat' dir='ltr'>di-</span> 
     </span>
    </p>
   </div>
   <div class='ocr_carea' id='block_1_25' title="bbox 2238 1121 3786 1201">
    <p class='ocr_par' dir='ltr' id='par_1_25' title="bbox 2238 1121 3786 1201">
     <span class='ocr_line' id='line_1_25' title="bbox 2238 1121 3786 1201; baseline 0.003 -25"><span class='ocrx_word' id='word_1_164' title='bbox 2238 1121 2316 1176; x_wconf 88' lang='lat' dir='ltr'>cit</span> <span class='ocrx_word' id='word_1_165' title='bbox 2343 1122 2415 1178; x_wconf 89' lang='lat' dir='ltr'>ad</span> <span class='ocrx_word' id='word_1_166' title='bbox 2452 1138 2582 1178; x_wconf 88' lang='lat' dir='ltr'>eam</span> <span class='ocrx_word' id='word_1_167' title='bbox 2638 1122 2944 1180; x_wconf 88' lang='lat' dir='ltr'>Christus:</span> <span class='ocrx_word' id='word_1_168' title='bbox 3005 1124 3199 1191; x_wconf 74' lang='lat' dir='ltr'>Maria,</span> <span class='ocrx_word' id='word_1_169' title='bbox 3252 1124 3378 1195; x_wconf 86' lang='lat' dir='ltr'>quid</span> <span class='ocrx_word' id='word_1_170' title='bbox 3418 1125 3625 1196; x_wconf 74' lang='lat' dir='ltr'>ploras?</span> <span class='ocrx_word' id='word_1_171' title='bbox 3673 1144 3786 1201; x_wconf 72' lang='lat' dir='ltr'>quem</span> 
     </span>
    </p>
   </div>
   <div class='ocr_carea' id='block_1_26' title="bbox 2237 1212 3786 1286">
    <p class='ocr_par' dir='ltr' id='par_1_26' title="bbox 2237 1212 3786 1286">
     <span class='ocr_line' id='line_1_26' title="bbox 2237 1212 3786 1286; baseline 0.003 -19"><span class='ocrx_word' id='word_1_172' title='bbox 2237 1213 2445 1280; x_wconf 66' lang='lat' dir='ltr'>quaeris</span> <span class='ocrx_word' id='word_1_173' title='bbox 2476 1212 2647 1282; x_wconf 86' lang='lat' dir='ltr'>(Joan.</span> <span class='ocrx_word' id='word_1_174' title='bbox 2680 1229 2774 1278; x_wconf 84' lang='lat' dir='ltr'>xx,</span> <span class='ocrx_word' id='word_1_175' title='bbox 2810 1213 2898 1283; x_wconf 76' lang='grc'>15)</span> <span class='ocrx_word' id='word_1_176' title='bbox 2929 1212 2957 1267; x_wconf 80' lang='lat' dir='ltr'>‘I</span> <span class='ocrx_word' id='word_1_177' title='bbox 2989 1212 3279 1284; x_wconf 90' lang='lat' dir='ltr'>numquid</span> <span class='ocrx_word' id='word_1_178' title='bbox 3328 1228 3452 1269; x_wconf 91' lang='lat' dir='ltr'>eum</span> <span class='ocrx_word' id='word_1_179' title='bbox 3504 1214 3591 1286; x_wconf 88' lang='lat' dir='ltr'>qui</span> <span class='ocrx_word' id='word_1_180' title='bbox 3646 1222 3786 1286; x_wconf 74' lang='lat' dir='ltr'>posset</span> 
     </span>
    </p>
   </div>
   <div class='ocr_carea' id='block_1_27' title="bbox 2240 1299 3787 1373">
    <p class='ocr_par' dir='ltr' id='par_1_27' title="bbox 2240 1299 3787 1373">
     <span class='ocr_line' id='line_1_27' title="bbox 2240 1299 3787 1373; baseline 0.003 -19"><span class='ocrx_word' id='word_1_181' title='bbox 2240 1299 2455 1355; x_wconf 90' lang='lat' dir='ltr'>auferri</span> <span class='ocrx_word' id='word_1_182' title='bbox 2484 1299 2512 1353; x_wconf 84' lang='lat'><strong>?</strong></span> <span class='ocrx_word' id='word_1_183' title='bbox 2540 1300 2775 1356; x_wconf 88' lang='lat' dir='ltr'>Audivit</span> <span class='ocrx_word' id='word_1_184' title='bbox 2801 1317 3023 1370; x_wconf 89' lang='lat' dir='ltr'>vocem,</span> <span class='ocrx_word' id='word_1_185' title='bbox 3048 1306 3105 1357; x_wconf 91' lang='lat' dir='ltr'>et</span> <span class='ocrx_word' id='word_1_186' title='bbox 3135 1301 3456 1373; x_wconf 85' lang='lat' dir='ltr'>recognovit</span> <span class='ocrx_word' id='word_1_187' title='bbox 3504 1319 3634 1369; x_wconf 91' lang='lat' dir='ltr'>cum,</span> <span class='ocrx_word' id='word_1_188' title='bbox 3659 1309 3701 1358; x_wconf 85' lang='lat' dir='ltr'>et</span> <span class='ocrx_word' id='word_1_189' title='bbox 3718 1321 3787 1360; x_wconf 77' lang='lat' dir='ltr'>vo-</span> 
     </span>
    </p>
   </div>
   <div class='ocr_carea' id='block_1_28' title="bbox 2239 1387 3795 1466">
    <p class='ocr_par' dir='ltr' id='par_1_28' title="bbox 2239 1387 3795 1466">
     <span class='ocr_line' id='line_1_28' title="bbox 2239 1387 3795 1466; baseline 0.004 -24"><span class='ocrx_word' id='word_1_190' title='bbox 2239 1387 2746 1462; x_wconf 82' lang='lat' dir='ltr'>lebatcontingere</span> <span class='ocrx_word' id='word_1_191' title='bbox 2766 1409 2788 1455; x_wconf 85' lang='lat'><strong><em>;</em></strong></span> <span class='ocrx_word' id='word_1_192' title='bbox 2805 1391 2955 1446; x_wconf 91' lang='lat' dir='ltr'>etait</span> <span class='ocrx_word' id='word_1_193' title='bbox 2967 1391 3289 1447; x_wconf 88' lang='lat' dir='ltr'>Dominus:</span> <span class='ocrx_word' id='word_1_194' title='bbox 3315 1413 3342 1440; x_wconf 85' lang='lat'>«</span> <span class='ocrx_word' id='word_1_195' title='bbox 3362 1389 3479 1447; x_wconf 86' lang='lat' dir='ltr'>Noli</span> <span class='ocrx_word' id='word_1_196' title='bbox 3498 1408 3577 1447; x_wconf 89' lang='lat' dir='ltr'>me</span> <span class='ocrx_word' id='word_1_197' title='bbox 3594 1396 3795 1466; x_wconf 80' lang='lat' dir='ltr'>traugere</span> 
     </span>
    </p>
   </div>
   <div class='ocr_carea' id='block_1_29' title="bbox 2244 1477 3795 1549">
    <p class='ocr_par' dir='ltr' id='par_1_29' title="bbox 2244 1477 3795 1549">
     <span class='ocr_line' id='line_1_29' title="bbox 2244 1477 3795 1549; baseline 0.004 -18"><span class='ocrx_word' id='word_1_198' title='bbox 2244 1477 2401 1545; x_wconf 83' lang='lat' dir='ltr'>(Ibid,</span> <span class='ocrx_word' id='word_1_199' title='bbox 2422 1478 2535 1546; x_wconf 86' lang='grc'>17),</span> <span class='ocrx_word' id='word_1_200' title='bbox 2556 1499 2583 1528; x_wconf 84' lang='grc'><strong>››</strong></span> <span class='ocrx_word' id='word_1_201' title='bbox 2609 1494 2783 1549; x_wconf 88' lang='lat' dir='ltr'>quem</span> <span class='ocrx_word' id='word_1_202' title='bbox 2807 1482 2981 1549; x_wconf 89' lang='lat' dir='ltr'>putas</span> <span class='ocrx_word' id='word_1_203' title='bbox 3005 1484 3329 1535; x_wconf 89' lang='lat' dir='ltr'>mortuum.</span> <span class='ocrx_word' id='word_1_204' title='bbox 3348 1502 3374 1530; x_wconf 88' lang='grc'>‹‹</span> <span class='ocrx_word' id='word_1_205' title='bbox 3395 1480 3468 1535; x_wconf 82' lang='lat' dir='ltr'>Ad</span> <span class='ocrx_word' id='word_1_206' title='bbox 3489 1484 3677 1536; x_wconf 85' lang='lat' dir='ltr'>Patrem</span> <span class='ocrx_word' id='word_1_207' title='bbox 3689 1483 3795 1538; x_wconf 83' lang='lat' dir='ltr'>vado</span> 
     </span>
    </p>
   </div>
   <div class='ocr_carea' id='block_1_30' title="bbox 2245 1566 3797 1642">
    <p class='ocr_par' dir='ltr' id='par_1_30' title="bbox 2245 1566 3797 1642">
     <span class='ocr_line' id='line_1_30' title="bbox 2245 1566 3797 1642; baseline 0.004 -23"><span class='ocrx_word' id='word_1_208' title='bbox 2245 1566 2430 1637; x_wconf 75' lang='grc' dir='ltr'>(ιὺὶιι.)</span> <span class='ocrx_word' id='word_1_209' title='bbox 2454 1589 2480 1615; x_wconf 82' lang='grc'><strong>››</strong></span> <span class='ocrx_word' id='word_1_210' title='bbox 2507 1566 2735 1622; x_wconf 90' lang='lat' dir='ltr'>Miraris</span> <span class='ocrx_word' id='word_1_211' title='bbox 2757 1567 2913 1638; x_wconf 92' lang='lat' dir='ltr'>quod</span> <span class='ocrx_word' id='word_1_212' title='bbox 2936 1568 2995 1623; x_wconf 92' lang='lat' dir='ltr'>in</span> <span class='ocrx_word' id='word_1_213' title='bbox 3023 1567 3252 1623; x_wconf 90' lang='lat' dir='ltr'>tumulo</span> <span class='ocrx_word' id='word_1_214' title='bbox 3278 1584 3392 1624; x_wconf 91' lang='lat' dir='ltr'>non</span> <span class='ocrx_word' id='word_1_215' title='bbox 3410 1567 3640 1625; x_wconf 84' lang='lat' dir='ltr'>invenisti</span> <span class='ocrx_word' id='word_1_216' title='bbox 3665 1586 3797 1642; x_wconf 86' lang='lat' dir='ltr'>quem</span> 
     </span>
    </p>
   </div>
   <div class='ocr_carea' id='block_1_31' title="bbox 2246 1653 3795 1730">
    <p class='ocr_par' dir='ltr' id='par_1_31' title="bbox 2246 1653 3795 1730">
     <span class='ocr_line' id='line_1_31' title="bbox 2246 1653 3795 1730; baseline 0.003 -22"><span class='ocrx_word' id='word_1_217' title='bbox 2246 1653 2503 1710; x_wconf 71' lang='lat' dir='ltr'>coelestia</span> <span class='ocrx_word' id='word_1_218' title='bbox 2532 1655 2989 1726; x_wconf 71' lang='lat' dir='ltr'>praestolamur?</span> <span class='ocrx_word' id='word_1_219' title='bbox 3043 1658 3160 1712; x_wconf 89' lang='lat' dir='ltr'>Aut</span> <span class='ocrx_word' id='word_1_220' title='bbox 3221 1657 3366 1712; x_wconf 87' lang='lat' dir='ltr'>forte</span> <span class='ocrx_word' id='word_1_221' title='bbox 3423 1658 3795 1730; x_wconf 84' lang='lat' dir='ltr'>reprehenditur,</span> 
     </span>
    </p>
   </div>
   <div class='ocr_carea' id='block_1_32' title="bbox 2250 1742 3796 1818">
    <p class='ocr_par' dir='ltr' id='par_1_32' title="bbox 2250 1742 3796 1818">
     <span class='ocr_line' id='line_1_32' title="bbox 2250 1742 3796 1818; baseline 0.003 -22"><span class='ocrx_word' id='word_1_222' title='bbox 2250 1742 2389 1813; x_wconf 89' lang='lat' dir='ltr'>quia</span> <span class='ocrx_word' id='word_1_223' title='bbox 2417 1742 2717 1798; x_wconf 87' lang='lat' dir='ltr'>Christum</span> <span class='ocrx_word' id='word_1_224' title='bbox 2743 1743 2858 1798; x_wconf 89' lang='lat' dir='ltr'>nisi</span> <span class='ocrx_word' id='word_1_225' title='bbox 2882 1745 3027 1801; x_wconf 90' lang='lat' dir='ltr'>ﬁdes</span> <span class='ocrx_word' id='word_1_226' title='bbox 3057 1745 3315 1817; x_wconf 78' lang='lat' dir='ltr'>perfecta</span> <span class='ocrx_word' id='word_1_227' title='bbox 3343 1761 3451 1801; x_wconf 93' lang='lat' dir='ltr'>non</span> <span class='ocrx_word' id='word_1_228' title='bbox 3476 1745 3640 1818; x_wconf 82' lang='lat' dir='ltr'>tangit,</span> <span class='ocrx_word' id='word_1_229' title='bbox 3676 1745 3796 1801; x_wconf 79' lang='lat' dir='ltr'>sicut</span> 
     </span>
    </p>
   </div>
   <div class='ocr_carea' id='block_1_33' title="bbox 492 1830 3801 1939">
    <p class='ocr_par' dir='ltr' id='par_1_33' title="bbox 492 1830 3801 1939">
     <span class='ocr_line' id='line_1_33' title="bbox 492 1830 3801 1939; baseline 0 -51"><span class='ocrx_word' id='word_1_230' title='bbox 492 1831 811 1929; x_wconf 76' lang='lat' dir='ltr'>adversarii</span> <span class='ocrx_word' id='word_1_231' title='bbox 834 1830 1031 1930; x_wconf 81' lang='lat' dir='ltr'>jacula</span> <span class='ocrx_word' id='word_1_232' title='bbox 1059 1832 1526 1939; x_wconf 48' lang='lat' dir='ltr'>spargebantutr:</span> <span class='ocrx_word' id='word_1_233' title='bbox 1571 1836 1637 1930; x_wconf 76' lang='lat' dir='ltr'>et</span> <span class='ocrx_word' id='word_1_234' title='bbox 1687 1836 1863 1939; x_wconf 58' lang='lat' dir='ltr'>scuta</span> <span class='ocrx_word' id='word_1_235' title='bbox 1882 1832 2136 1939; x_wconf 71' lang='lat' dir='ltr'>perﬁdia:</span> <span class='ocrx_word' id='word_1_236' title='bbox 2170 1872 2217 1939; x_wconf 77' lang='grc' dir='ltr'><strong>Β</strong></span> <span class='ocrx_word' id='word_1_237' title='bbox 2250 1830 2902 1939; x_wconf 50' lang='lat' dir='ltr'>haemorrhoi&#39;snsaplena</span> <span class='ocrx_word' id='word_1_238' title='bbox 2932 1849 3067 1939; x_wconf 73' lang='lat' dir='ltr'>eum</span> <span class='ocrx_word' id='word_1_239' title='bbox 3099 1833 3294 1933; x_wconf 76' lang='lat' dir='ltr'>tetigit</span> <span class='ocrx_word' id='word_1_240' title='bbox 3322 1834 3451 1939; x_wconf 56' lang='lat' dir='ltr'>ﬁde;</span> <span class='ocrx_word' id='word_1_241' title='bbox 3478 1833 3801 1939; x_wconf 55' lang='lat' dir='ltr'>UudeDomi-</span> 
     </span>
    </p>
   </div>
   <div class='ocr_carea' id='block_1_34' title="bbox 492 1919 2141 1993">
    <p class='ocr_par' dir='ltr' id='par_1_34' title="bbox 492 1919 2141 1993">
     <span class='ocr_line' id='line_1_34' title="bbox 492 1919 2141 1993; baseline -0.001 -17"><span class='ocrx_word' id='word_1_242' title='bbox 492 1919 820 1976; x_wconf 89' lang='lat' dir='ltr'>combussit</span> <span class='ocrx_word' id='word_1_243' title='bbox 847 1920 1014 1991; x_wconf 84' lang='lat' dir='ltr'>igni;</span> <span class='ocrx_word' id='word_1_244' title='bbox 1044 1924 1109 1975; x_wconf 91' lang='lat' dir='ltr'>ut</span> <span class='ocrx_word' id='word_1_245' title='bbox 1157 1924 1392 1976; x_wconf 90' lang='lat' dir='ltr'>scutum</span> <span class='ocrx_word' id='word_1_246' title='bbox 1451 1920 1584 1976; x_wconf 89' lang='lat' dir='ltr'>ﬁdei</span> <span class='ocrx_word' id='word_1_247' title='bbox 1624 1920 1955 1976; x_wconf 91' lang='lat' dir='ltr'>inviolabile</span> <span class='ocrx_word' id='word_1_248' title='bbox 2011 1937 2141 1993; x_wconf 90' lang='lat' dir='ltr'>per-</span> 
     </span>
    </p>
   </div>
   <div class='ocr_carea' id='block_1_35' title="bbox 493 2012 777 2066">
    <p class='ocr_par' dir='ltr' id='par_1_35' title="bbox 493 2012 777 2066">
     <span class='ocr_line' id='line_1_35' title="bbox 493 2012 777 2066; baseline -0.011 0"><span class='ocrx_word' id='word_1_249' title='bbox 493 2012 777 2066; x_wconf 87' lang='lat' dir='ltr'>maneret.</span> 
     </span>
    </p>
   </div>
   <div class='ocr_carea' id='block_1_36' title="bbox 561 2096 2142 2171">
    <p class='ocr_par' dir='ltr' id='par_1_36' title="bbox 561 2096 2142 2171">
     <span class='ocr_line' id='line_1_36' title="bbox 561 2096 2142 2171; baseline -0.001 -16"><span class='ocrx_word' id='word_1_250' title='bbox 561 2099 651 2155; x_wconf 87' lang='lat'>23.</span> <span class='ocrx_word' id='word_1_251' title='bbox 685 2096 871 2168; x_wconf 89' lang='lat' dir='ltr'>(Vers.</span> <span class='ocrx_word' id='word_1_252' title='bbox 908 2097 1032 2168; x_wconf 93' lang='grc'>11.)</span> <span class='ocrx_word' id='word_1_253' title='bbox 1068 2119 1091 2146; x_wconf 77' lang='grc' dir='ltr'>ιι</span> <span class='ocrx_word' id='word_1_254' title='bbox 1138 2096 1372 2163; x_wconf 90' lang='lat' dir='ltr'>Vacate,</span> <span class='ocrx_word' id='word_1_255' title='bbox 1430 2098 1623 2170; x_wconf 90' lang='lat' dir='ltr'>inquit</span> <span class='ocrx_word' id='word_1_256' title='bbox 1651 2102 1708 2155; x_wconf 94' lang='lat' dir='ltr'>et</span> <span class='ocrx_word' id='word_1_257' title='bbox 1736 2098 1944 2166; x_wconf 87' lang='lat' dir='ltr'>videte,</span> <span class='ocrx_word' id='word_1_258' title='bbox 2002 2099 2142 2171; x_wconf 89' lang='lat' dir='ltr'>quia</span> 
     </span>
    </p>
   </div>
   <div class='ocr_carea' id='block_1_37' title="bbox 492 2185 2137 2259">
    <p class='ocr_par' dir='ltr' id='par_1_37' title="bbox 492 2185 2137 2259">
     <span class='ocr_line' id='line_1_37' title="bbox 492 2185 2137 2259; baseline -0.001 -15"><span class='ocrx_word' id='word_1_259' title='bbox 492 2202 598 2259; x_wconf 82' lang='lat' dir='ltr'>ego</span> <span class='ocrx_word' id='word_1_260' title='bbox 628 2202 762 2242; x_wconf 88' lang='lat' dir='ltr'>sum</span> <span class='ocrx_word' id='word_1_261' title='bbox 792 2185 1099 2242; x_wconf 89' lang='lat' dir='ltr'>Dominus.</span> <span class='ocrx_word' id='word_1_262' title='bbox 1131 2208 1162 2237; x_wconf 85' lang='lat'>»</span> <span class='ocrx_word' id='word_1_263' title='bbox 1194 2186 1316 2241; x_wconf 85' lang='lat' dir='ltr'>Vox</span> <span class='ocrx_word' id='word_1_264' title='bbox 1339 2186 1568 2242; x_wconf 92' lang='lat' dir='ltr'>Domini</span> <span class='ocrx_word' id='word_1_265' title='bbox 1590 2192 1721 2258; x_wconf 89' lang='lat' dir='ltr'>post</span> <span class='ocrx_word' id='word_1_266' title='bbox 1736 2186 1888 2243; x_wconf 91' lang='lat' dir='ltr'>bella</span> <span class='ocrx_word' id='word_1_267' title='bbox 1904 2188 2137 2243; x_wconf 86' lang='lat' dir='ltr'>sedata:</span> 
     </span>
    </p>
   </div>
   <div class='ocr_carea' id='block_1_38' title="bbox 496 2272 2141 2348">
    <p class='ocr_par' dir='ltr' id='par_1_38' title="bbox 496 2272 2141 2348">
     <span class='ocr_line' id='line_1_38' title="bbox 496 2272 2141 2348; baseline 0.001 -22"><span class='ocrx_word' id='word_1_268' title='bbox 496 2276 769 2342; x_wconf 76' lang='lat' dir='ltr'>«Vacate,</span> <span class='ocrx_word' id='word_1_269' title='bbox 789 2297 816 2322; x_wconf 79' lang='lat' dir='ltr'>n</span> <span class='ocrx_word' id='word_1_270' title='bbox 831 2277 897 2329; x_wconf 91' lang='lat' dir='ltr'>ut</span> <span class='ocrx_word' id='word_1_271' title='bbox 909 2272 1070 2330; x_wconf 87' lang='lat' dir='ltr'>nulla</span> <span class='ocrx_word' id='word_1_272' title='bbox 1081 2273 1413 2330; x_wconf 89' lang='lat' dir='ltr'>animarum</span> <span class='ocrx_word' id='word_1_273' title='bbox 1427 2276 1503 2329; x_wconf 90' lang='lat' dir='ltr'>sit</span> <span class='ocrx_word' id='word_1_274' title='bbox 1519 2277 1840 2348; x_wconf 88' lang='lat' dir='ltr'>occupatio,</span> <span class='ocrx_word' id='word_1_275' title='bbox 1851 2293 1921 2332; x_wconf 89' lang='lat' dir='ltr'>ne</span> <span class='ocrx_word' id='word_1_276' title='bbox 1933 2276 2141 2332; x_wconf 80' lang='lat' dir='ltr'>oll‘usiu</span> 
     </span>
    </p>
   </div>
   <div class='ocr_carea' id='block_1_39' title="bbox 494 2362 2141 2433">
    <p class='ocr_par' dir='ltr' id='par_1_39' title="bbox 494 2362 2141 2433">
     <span class='ocr_line' id='line_1_39' title="bbox 494 2362 2141 2433; baseline 0.001 -14"><span class='ocrx_word' id='word_1_277' title='bbox 494 2362 864 2419; x_wconf 66' lang='lat' dir='ltr'>saecularium</span> <span class='ocrx_word' id='word_1_278' title='bbox 896 2362 1656 2433; x_wconf 70' lang='lat' dir='ltr'>perturbationuminternae</span> <span class='ocrx_word' id='word_1_279' title='bbox 1668 2364 1904 2419; x_wconf 90' lang='lat' dir='ltr'>oculum</span> <span class='ocrx_word' id='word_1_280' title='bbox 1926 2365 2141 2421; x_wconf 90' lang='lat' dir='ltr'>mentis</span> 
     </span>
    </p>
   </div>
   <div class='ocr_carea' id='block_1_40' title="bbox 495 2449 2144 2522">
    <p class='ocr_par' dir='ltr' id='par_1_40' title="bbox 495 2449 2144 2522">
     <span class='ocr_line' id='line_1_40' title="bbox 495 2449 2144 2522; baseline 0.001 -13"><span class='ocrx_word' id='word_1_281' title='bbox 495 2452 768 2509; x_wconf 89' lang='lat' dir='ltr'>obducat.</span> <span class='ocrx_word' id='word_1_282' title='bbox 792 2449 1027 2517; x_wconf 89' lang='lat' dir='ltr'>Vacate,</span> <span class='ocrx_word' id='word_1_283' title='bbox 1069 2450 1281 2522; x_wconf 87' lang='lat' dir='ltr'>inquit,</span> <span class='ocrx_word' id='word_1_284' title='bbox 1338 2452 1411 2507; x_wconf 87' lang='lat' dir='ltr'>ab</span> <span class='ocrx_word' id='word_1_285' title='bbox 1471 2452 1784 2509; x_wconf 83' lang='lat' dir='ltr'>erroribus.</span> <span class='ocrx_word' id='word_1_286' title='bbox 1844 2454 2054 2510; x_wconf 85' lang='lat' dir='ltr'>Vacate</span> <span class='ocrx_word' id='word_1_287' title='bbox 2109 2472 2144 2510; x_wconf 90' lang='lat' dir='ltr'>a</span> 
     </span>
    </p>
   </div>
   <div class='ocr_carea' id='block_1_41' title="bbox 496 2540 2141 2614">
    <p class='ocr_par' dir='ltr' id='par_1_41' title="bbox 496 2540 2141 2614">
     <span class='ocr_line' id='line_1_41' title="bbox 496 2540 2141 2614; baseline 0.001 -17"><span class='ocrx_word' id='word_1_288' title='bbox 496 2540 1054 2614; x_wconf 88' lang='lat' dir='ltr'>perturbationibus,</span> <span class='ocrx_word' id='word_1_289' title='bbox 1086 2545 1288 2597; x_wconf 88' lang='lat' dir='ltr'>vacate</span> <span class='ocrx_word' id='word_1_290' title='bbox 1309 2558 1344 2595; x_wconf 89' lang='lat' dir='ltr'>a</span> <span class='ocrx_word' id='word_1_291' title='bbox 1373 2542 1626 2613; x_wconf 86' lang='lat' dir='ltr'>peccatis</span> <span class='ocrx_word' id='word_1_292' title='bbox 1662 2560 1675 2610; x_wconf 89' lang='lat'>;</span> <span class='ocrx_word' id='word_1_293' title='bbox 1709 2542 1847 2613; x_wconf 88' lang='lat' dir='ltr'>quia</span> <span class='ocrx_word' id='word_1_294' title='bbox 1894 2566 1923 2594; x_wconf 88' lang='grc'>‹‹</span> <span class='ocrx_word' id='word_1_295' title='bbox 1950 2546 2141 2599; x_wconf 91' lang='lat' dir='ltr'>omnis</span> 
     </span>
    </p>
   </div>
   <div class='ocr_carea' id='block_1_42' title="bbox 496 2628 2140 2702">
    <p class='ocr_par' dir='ltr' id='par_1_42' title="bbox 496 2628 2140 2702">
     <span class='ocr_line' id='line_1_42' title="bbox 496 2628 2140 2702; baseline -0.002 -16"><span class='ocrx_word' id='word_1_296' title='bbox 496 2629 597 2701; x_wconf 90' lang='lat' dir='ltr'>qui</span> <span class='ocrx_word' id='word_1_297' title='bbox 627 2633 845 2701; x_wconf 88' lang='lat' dir='ltr'>peccat,</span> <span class='ocrx_word' id='word_1_298' title='bbox 878 2646 993 2685; x_wconf 93' lang='lat' dir='ltr'>non</span> <span class='ocrx_word' id='word_1_299' title='bbox 1022 2628 1163 2683; x_wconf 83' lang='lat' dir='ltr'>vidit</span> <span class='ocrx_word' id='word_1_300' title='bbox 1192 2629 1398 2698; x_wconf 91' lang='lat' dir='ltr'>Deum,</span> <span class='ocrx_word' id='word_1_301' title='bbox 1433 2646 1537 2685; x_wconf 90' lang='lat' dir='ltr'>nec</span> <span class='ocrx_word' id='word_1_302' title='bbox 1595 2632 1865 2702; x_wconf 85' lang='lat' dir='ltr'>cognovit</span> <span class='ocrx_word' id='word_1_303' title='bbox 1919 2649 2078 2701; x_wconf 84' lang='lat' dir='ltr'>eum,</span> <span class='ocrx_word' id='word_1_304' title='bbox 2112 2654 2140 2683; x_wconf 84' lang='lat'><strong>»</strong></span> 
     </span>
    </p>
   </div>
   <div class='ocr_carea' id='block_1_43' title="bbox 496 2717 2144 2793">
    <p class='ocr_par' dir='ltr' id='par_1_43' title="bbox 496 2717 2144 2793">
     <span class='ocr_line' id='line_1_43' title="bbox 496 2717 2144 2793; baseline 0.001 -18"><span class='ocrx_word' id='word_1_305' title='bbox 496 2719 651 2775; x_wconf 87' lang='lat' dir='ltr'>sicut</span> <span class='ocrx_word' id='word_1_306' title='bbox 679 2718 738 2774; x_wconf 91' lang='lat' dir='ltr'>in</span> <span class='ocrx_word' id='word_1_307' title='bbox 790 2717 1051 2790; x_wconf 89' lang='lat' dir='ltr'>Epistola</span> <span class='ocrx_word' id='word_1_308' title='bbox 1111 2734 1221 2772; x_wconf 90' lang='lat' dir='ltr'>sua</span> <span class='ocrx_word' id='word_1_309' title='bbox 1275 2718 1421 2773; x_wconf 81' lang='lat' dir='ltr'>dixit</span> <span class='ocrx_word' id='word_1_310' title='bbox 1464 2718 1723 2774; x_wconf 87' lang='lat' dir='ltr'>Joannes</span> <span class='ocrx_word' id='word_1_311' title='bbox 1779 2721 2144 2793; x_wconf 87' lang='lat' dir='ltr'>Evangelista</span> 
     </span>
    </p>
   </div>
   <div class='ocr_carea' id='block_1_44' title="bbox 496 2809 2143 2882">
    <p class='ocr_par' dir='ltr' id='par_1_44' title="bbox 496 2809 2143 2882">
     <span class='ocr_line' id='line_1_44' title="bbox 496 2809 2143 2882; baseline 0.001 -18"><span class='ocrx_word' id='word_1_312' title='bbox 496 2809 572 2880; x_wconf 84' lang='grc' dir='ltr'>(Ι</span> <span class='ocrx_word' id='word_1_313' title='bbox 625 2812 790 2866; x_wconf 81' lang='lat' dir='ltr'>Joan.</span> <span class='ocrx_word' id='word_1_314' title='bbox 868 2824 954 2874; x_wconf 85' lang='grc' dir='ltr'>ιιι,</span> <span class='ocrx_word' id='word_1_315' title='bbox 1038 2809 1116 2875; x_wconf 86' lang='lat'>6).</span> <span class='ocrx_word' id='word_1_316' title='bbox 1203 2810 1420 2863; x_wconf 88' lang='lat' dir='ltr'>Vacate</span> <span class='ocrx_word' id='word_1_317' title='bbox 1488 2824 1624 2879; x_wconf 86' lang='lat' dir='ltr'>ergo</span> <span class='ocrx_word' id='word_1_318' title='bbox 1684 2810 1882 2865; x_wconf 89' lang='lat' dir='ltr'>studio</span> <span class='ocrx_word' id='word_1_319' title='bbox 1930 2827 2143 2882; x_wconf 89' lang='lat' dir='ltr'>cogno-</span> 
     </span>
    </p>
   </div>
   <div class='ocr_carea' id='block_1_45' title="bbox 496 2895 2146 2969">
    <p class='ocr_par' dir='ltr' id='par_1_45' title="bbox 496 2895 2146 2969">
     <span class='ocr_line' id='line_1_45' title="bbox 496 2895 2146 2969; baseline 0.001 -15"><span class='ocrx_word' id='word_1_320' title='bbox 496 2898 725 2954; x_wconf 65' lang='lat' dir='ltr'>scendas</span> <span class='ocrx_word' id='word_1_321' title='bbox 754 2895 1114 2952; x_wconf 89' lang='lat' dir='ltr'>divinitatis:</span> <span class='ocrx_word' id='word_1_322' title='bbox 1152 2896 1332 2952; x_wconf 90' lang='lat' dir='ltr'>nolite</span> <span class='ocrx_word' id='word_1_323' title='bbox 1360 2896 1609 2953; x_wconf 88' lang='lat' dir='ltr'>terrenis</span> <span class='ocrx_word' id='word_1_324' title='bbox 1647 2898 1922 2969; x_wconf 90' lang='lat' dir='ltr'>operibus</span> <span class='ocrx_word' id='word_1_325' title='bbox 1980 2916 2146 2955; x_wconf 89' lang='lat' dir='ltr'>occu-</span> 
     </span>
    </p>
   </div>
   <div class='ocr_carea' id='block_1_46' title="bbox 498 2985 2143 3059">
    <p class='ocr_par' dir='ltr' id='par_1_46' title="bbox 498 2985 2143 3059">
     <span class='ocr_line' id='line_1_46' title="bbox 498 2985 2143 3059; baseline 0.001 -16"><span class='ocrx_word' id='word_1_326' title='bbox 498 2985 646 3059; x_wconf 91' lang='lat' dir='ltr'>pari.</span> <span class='ocrx_word' id='word_1_327' title='bbox 663 2986 797 3042; x_wconf 88' lang='lat' dir='ltr'>Ideo</span> <span class='ocrx_word' id='word_1_328' title='bbox 814 3000 916 3042; x_wconf 82' lang='lat' dir='ltr'>rex</span> <span class='ocrx_word' id='word_1_329' title='bbox 938 2986 1342 3057; x_wconf 68' lang='lat' dir='ltr'>Egyptiorum</span> <span class='ocrx_word' id='word_1_330' title='bbox 1354 2987 1554 3059; x_wconf 85' lang='lat' dir='ltr'>augeri</span> <span class='ocrx_word' id='word_1_331' title='bbox 1568 2987 1815 3057; x_wconf 80' lang='lat' dir='ltr'>jubebat</span> <span class='ocrx_word' id='word_1_332' title='bbox 1832 3004 2143 3044; x_wconf 88' lang='lat' dir='ltr'>numerum</span> 
     </span>
    </p>
   </div>
   <div class='ocr_carea' id='block_1_47' title="bbox 496 3074 2147 3149">
    <p class='ocr_par' dir='ltr' id='par_1_47' title="bbox 496 3074 2147 3149">
     <span class='ocr_line' id='line_1_47' title="bbox 496 3074 2147 3149; baseline 0.001 -19"><span class='ocrx_word' id='word_1_333' title='bbox 496 3074 769 3145; x_wconf 88' lang='lat' dir='ltr'>laterum,</span> <span class='ocrx_word' id='word_1_334' title='bbox 800 3078 859 3131; x_wconf 90' lang='lat' dir='ltr'>et</span> <span class='ocrx_word' id='word_1_335' title='bbox 887 3078 1091 3131; x_wconf 67' lang='lat' dir='ltr'>caetera</span> <span class='ocrx_word' id='word_1_336' title='bbox 1110 3091 1288 3131; x_wconf 79' lang='lat' dir='ltr'>onera</span> <span class='ocrx_word' id='word_1_337' title='bbox 1316 3075 1652 3131; x_wconf 67' lang='lat' dir='ltr'>Judmorum</span> <span class='ocrx_word' id='word_1_338' title='bbox 1688 3095 1700 3132; x_wconf 87' lang='lat'>:</span> <span class='ocrx_word' id='word_1_339' title='bbox 1735 3092 1807 3131; x_wconf 91' lang='lat' dir='ltr'>ne</span> <span class='ocrx_word' id='word_1_340' title='bbox 1838 3094 2147 3149; x_wconf 88' lang='lat' dir='ltr'>cognosce-</span> 
     </span>
    </p>
   </div>
   <div class='ocr_carea' id='block_1_48' title="bbox 2249 1919 3802 1993">
    <p class='ocr_par' dir='ltr' id='par_1_48' title="bbox 2249 1919 3802 1993">
     <span class='ocr_line' id='line_1_48' title="bbox 2249 1919 3802 1993; baseline 0.001 -18"><span class='ocrx_word' id='word_1_341' title='bbox 2249 1936 2363 1976; x_wconf 84' lang='lat' dir='ltr'>nus</span> <span class='ocrx_word' id='word_1_342' title='bbox 2392 1919 2475 1976; x_wconf 89' lang='lat' dir='ltr'>ait</span> <span class='ocrx_word' id='word_1_343' title='bbox 2503 1937 2516 1977; x_wconf 92' lang='lat'>:</span> <span class='ocrx_word' id='word_1_344' title='bbox 2553 1941 2581 1971; x_wconf 88' lang='lat'><strong>«</strong></span> <span class='ocrx_word' id='word_1_345' title='bbox 2600 1920 2816 1993; x_wconf 85' lang='lat' dir='ltr'>Tetigit</span> <span class='ocrx_word' id='word_1_346' title='bbox 2835 1938 2929 1977; x_wconf 91' lang='lat' dir='ltr'>me</span> <span class='ocrx_word' id='word_1_347' title='bbox 2944 1920 3180 1993; x_wconf 89' lang='lat' dir='ltr'>aliquis,</span> <span class='ocrx_word' id='word_1_348' title='bbox 3216 1922 3401 1978; x_wconf 89' lang='lat' dir='ltr'>sentio</span> <span class='ocrx_word' id='word_1_349' title='bbox 3421 1922 3573 1978; x_wconf 86' lang='lat' dir='ltr'>deme</span> <span class='ocrx_word' id='word_1_350' title='bbox 3592 1922 3802 1977; x_wconf 82' lang='lat' dir='ltr'>virtutem</span> 
     </span>
    </p>
   </div>
   <div class='ocr_carea' id='block_1_49' title="bbox 2248 2008 3805 2083">
    <p class='ocr_par' dir='ltr' id='par_1_49' title="bbox 2248 2008 3805 2083">
     <span class='ocr_line' id='line_1_49' title="bbox 2248 2008 3805 2083; baseline 0 -19"><span class='ocrx_word' id='word_1_351' title='bbox 2248 2008 2437 2064; x_wconf 81' lang='lat' dir='ltr'>exisse</span> <span class='ocrx_word' id='word_1_352' title='bbox 2468 2009 2615 2081; x_wconf 86' lang='lat' dir='ltr'>(Luc.</span> <span class='ocrx_word' id='word_1_353' title='bbox 2648 2025 2774 2076; x_wconf 82' lang='lat' dir='ltr'>VIII,</span> <span class='ocrx_word' id='word_1_354' title='bbox 2806 2010 2838 2064; x_wconf 73' lang='grc'>4</span> <span class='ocrx_word' id='word_1_355' title='bbox 2860 2013 2917 2078; x_wconf 79' lang='grc'>⁸).</span> <span class='ocrx_word' id='word_1_356' title='bbox 2947 2031 2975 2059; x_wconf 82' lang='grc'><strong>››</strong></span> <span class='ocrx_word' id='word_1_357' title='bbox 3007 2011 3128 2075; x_wconf 85' lang='lat' dir='ltr'>Que</span> <span class='ocrx_word' id='word_1_358' title='bbox 3157 2009 3339 2078; x_wconf 91' lang='lat' dir='ltr'>dicto,</span> <span class='ocrx_word' id='word_1_359' title='bbox 3368 2011 3579 2083; x_wconf 81' lang='lat' dir='ltr'>agnovit</span> <span class='ocrx_word' id='word_1_360' title='bbox 3600 2010 3649 2065; x_wconf 90' lang='lat' dir='ltr'>iu</span> <span class='ocrx_word' id='word_1_361' title='bbox 3674 2009 3805 2066; x_wconf 80' lang='lat' dir='ltr'>scilla</span> 
     </span>
    </p>
   </div>
   <div class='ocr_carea' id='block_1_50' title="bbox 2250 2097 3805 2168">
    <p class='ocr_par' dir='ltr' id='par_1_50' title="bbox 2250 2097 3805 2168">
     <span class='ocr_line' id='line_1_50' title="bbox 2250 2097 3805 2168; baseline 0.002 -17"><span class='ocrx_word' id='word_1_362' title='bbox 2250 2097 2404 2168; x_wconf 91' lang='lat' dir='ltr'>quod</span> <span class='ocrx_word' id='word_1_363' title='bbox 2436 2102 2681 2153; x_wconf 85' lang='lat' dir='ltr'>exeunte</span> <span class='ocrx_word' id='word_1_364' title='bbox 2712 2098 2901 2153; x_wconf 88' lang='lat' dir='ltr'>fuerat</span> <span class='ocrx_word' id='word_1_365' title='bbox 2927 2098 3137 2155; x_wconf 89' lang='lat' dir='ltr'>virtute</span> <span class='ocrx_word' id='word_1_366' title='bbox 3162 2103 3367 2155; x_wconf 87' lang='lat' dir='ltr'>curata</span> <span class='ocrx_word' id='word_1_367' title='bbox 3396 2103 3481 2166; x_wconf 91' lang='lat' dir='ltr'>;et</span> <span class='ocrx_word' id='word_1_368' title='bbox 3512 2098 3679 2155; x_wconf 85' lang='lat' dir='ltr'>statim</span> <span class='ocrx_word' id='word_1_369' title='bbox 3711 2114 3805 2155; x_wconf 82' lang='lat' dir='ltr'>coa-</span> 
     </span>
    </p>
   </div>
   <div class='ocr_carea' id='block_1_51' title="bbox 2249 2185 3805 2261">
    <p class='ocr_par' dir='ltr' id='par_1_51' title="bbox 2249 2185 3805 2261">
     <span class='ocr_line' id='line_1_51' title="bbox 2249 2185 3805 2261; baseline 0.003 -22"><span class='ocrx_word' id='word_1_370' title='bbox 2249 2186 2403 2241; x_wconf 88' lang='lat' dir='ltr'>fcssa</span> <span class='ocrx_word' id='word_1_371' title='bbox 2432 2190 2523 2241; x_wconf 91' lang='lat' dir='ltr'>est</span> <span class='ocrx_word' id='word_1_372' title='bbox 2552 2185 2645 2241; x_wconf 92' lang='lat' dir='ltr'>sui</span> <span class='ocrx_word' id='word_1_373' title='bbox 2669 2186 2901 2242; x_wconf 89' lang='lat' dir='ltr'>conscia</span> <span class='ocrx_word' id='word_1_374' title='bbox 2931 2188 3085 2258; x_wconf 90' lang='lat' dir='ltr'>quod</span> <span class='ocrx_word' id='word_1_375' title='bbox 3118 2187 3561 2259; x_wconf 79' lang='lat' dir='ltr'>Dominumipea</span> <span class='ocrx_word' id='word_1_376' title='bbox 3574 2187 3805 2261; x_wconf 78' lang='lat' dir='ltr'>tetigisset</span> 
     </span>
    </p>
   </div>
   <div class='ocr_carea' id='block_1_52' title="bbox 2250 2273 3812 2332">
    <p class='ocr_par' dir='ltr' id='par_1_52' title="bbox 2250 2273 3812 2332">
     <span class='ocr_line' id='line_1_52' title="bbox 2250 2273 3812 2332; baseline 0.003 -5"><span class='ocrx_word' id='word_1_377' title='bbox 2250 2273 2411 2328; x_wconf 92' lang='lat' dir='ltr'>Unde</span> <span class='ocrx_word' id='word_1_378' title='bbox 2442 2274 2727 2329; x_wconf 87' lang='lat' dir='ltr'>Dominus</span> <span class='ocrx_word' id='word_1_379' title='bbox 2757 2274 2838 2329; x_wconf 87' lang='lat' dir='ltr'>ait</span> <span class='ocrx_word' id='word_1_380' title='bbox 2862 2291 2876 2329; x_wconf 91' lang='lat'>:</span> <span class='ocrx_word' id='word_1_381' title='bbox 2910 2275 3079 2330; x_wconf 85' lang='lat' dir='ltr'>Fides</span> <span class='ocrx_word' id='word_1_382' title='bbox 3106 2280 3216 2332; x_wconf 88' lang='lat' dir='ltr'>tua</span> <span class='ocrx_word' id='word_1_383' title='bbox 3245 2280 3303 2331; x_wconf 87' lang='lat' dir='ltr'>te</span> <span class='ocrx_word' id='word_1_384' title='bbox 3325 2275 3683 2332; x_wconf 81' lang='lat' dir='ltr'>salvamfecit:</span> <span class='ocrx_word' id='word_1_385' title='bbox 3707 2275 3812 2331; x_wconf 81' lang='lat' dir='ltr'>vade</span> 
     </span>
    </p>
   </div>
   <div class='ocr_carea' id='block_1_53' title="bbox 2248 2363 3815 2435">
    <p class='ocr_par' dir='ltr' id='par_1_53' title="bbox 2248 2363 3815 2435">
     <span class='ocr_line' id='line_1_53' title="bbox 2248 2363 3815 2435; baseline 0.003 -19"><span class='ocrx_word' id='word_1_386' title='bbox 2248 2363 2309 2417; x_wconf 89' lang='lat' dir='ltr'>in</span> <span class='ocrx_word' id='word_1_387' title='bbox 2339 2379 2478 2433; x_wconf 91' lang='lat' dir='ltr'>pace</span> <span class='ocrx_word' id='word_1_388' title='bbox 2510 2363 2675 2434; x_wconf 85' lang='lat' dir='ltr'>(Ibid.</span> <span class='ocrx_word' id='word_1_389' title='bbox 2708 2364 2819 2435; x_wconf 79' lang='grc'>48).</span> <span class='ocrx_word' id='word_1_390' title='bbox 2858 2385 2886 2413; x_wconf 85' lang='grc'><strong>››</strong></span> <span class='ocrx_word' id='word_1_391' title='bbox 2923 2364 3229 2421; x_wconf 84' lang='lat' dir='ltr'>Exaltatus</span> <span class='ocrx_word' id='word_1_392' title='bbox 3259 2369 3452 2421; x_wconf 90' lang='lat' dir='ltr'>autem</span> <span class='ocrx_word' id='word_1_393' title='bbox 3478 2364 3532 2420; x_wconf 91' lang='lat' dir='ltr'>in</span> <span class='ocrx_word' id='word_1_394' title='bbox 3559 2370 3687 2420; x_wconf 71' lang='lat' dir='ltr'>terra</span> <span class='ocrx_word' id='word_1_395' title='bbox 3736 2364 3815 2420; x_wconf 86' lang='lat' dir='ltr'>Do-</span> 
     </span>
    </p>
   </div>
   <div class='ocr_carea' id='block_1_54' title="bbox 2252 2452 3816 2526">
    <p class='ocr_par' dir='ltr' id='par_1_54' title="bbox 2252 2452 3816 2526">
     <span class='ocr_line' id='line_1_54' title="bbox 2252 2452 3816 2526; baseline 0 -19"><span class='ocrx_word' id='word_1_396' title='bbox 2252 2452 2450 2507; x_wconf 90' lang='lat' dir='ltr'>minus</span> <span class='ocrx_word' id='word_1_397' title='bbox 2480 2455 2589 2520; x_wconf 90' lang='lat' dir='ltr'>est,</span> <span class='ocrx_word' id='word_1_398' title='bbox 2605 2452 2930 2508; x_wconf 91' lang='lat' dir='ltr'>secundum</span> <span class='ocrx_word' id='word_1_399' title='bbox 2943 2454 3098 2525; x_wconf 92' lang='lat' dir='ltr'>quod</span> <span class='ocrx_word' id='word_1_400' title='bbox 3123 2454 3254 2526; x_wconf 89' lang='lat' dir='ltr'>ipse</span> <span class='ocrx_word' id='word_1_401' title='bbox 3267 2454 3375 2512; x_wconf 89' lang='lat' dir='ltr'>ait:</span> <span class='ocrx_word' id='word_1_402' title='bbox 3407 2454 3577 2510; x_wconf 81' lang='lat' dir='ltr'>«Cum</span> <span class='ocrx_word' id='word_1_403' title='bbox 3600 2453 3816 2508; x_wconf 81' lang='lat' dir='ltr'>exaltatus</span> 
     </span>
    </p>
   </div>
   <div class='ocr_carea' id='block_1_55' title="bbox 2253 2540 3816 2615">
    <p class='ocr_par' dir='ltr' id='par_1_55' title="bbox 2253 2540 3816 2615">
     <span class='ocr_line' id='line_1_55' title="bbox 2253 2540 3816 2615; baseline 0.001 -21"><span class='ocrx_word' id='word_1_404' title='bbox 2253 2540 2437 2608; x_wconf 90' lang='lat' dir='ltr'>fuero,</span> <span class='ocrx_word' id='word_1_405' title='bbox 2461 2541 2661 2596; x_wconf 90' lang='lat' dir='ltr'>omnia</span> <span class='ocrx_word' id='word_1_406' title='bbox 2688 2541 2918 2597; x_wconf 89' lang='lat' dir='ltr'>traham</span> <span class='ocrx_word' id='word_1_407' title='bbox 2950 2543 3027 2601; x_wconf 88' lang='lat' dir='ltr'>ad</span> <span class='ocrx_word' id='word_1_408' title='bbox 3059 2558 3150 2598; x_wconf 91' lang='lat' dir='ltr'>me</span> <span class='ocrx_word' id='word_1_409' title='bbox 3179 2544 3383 2615; x_wconf 90' lang='lat' dir='ltr'>ipsum</span> <span class='ocrx_word' id='word_1_410' title='bbox 3412 2544 3573 2615; x_wconf 85' lang='lat' dir='ltr'>(Joan.</span> <span class='ocrx_word' id='word_1_411' title='bbox 3595 2560 3680 2609; x_wconf 76' lang='lat' dir='ltr'>xii,</span> <span class='ocrx_word' id='word_1_412' title='bbox 3710 2543 3816 2613; x_wconf 76' lang='lat'>32).»</span> 
     </span>
    </p>
   </div>
   <div class='ocr_carea' id='block_1_56' title="bbox 2249 2628 3819 2703">
    <p class='ocr_par' dir='ltr' id='par_1_56' title="bbox 2249 2628 3819 2703">
     <span class='ocr_line' id='line_1_56' title="bbox 2249 2628 3819 2703; baseline 0.001 -20"><span class='ocrx_word' id='word_1_413' title='bbox 2249 2628 2354 2683; x_wconf 88' lang='lat' dir='ltr'>Vel</span> <span class='ocrx_word' id='word_1_414' title='bbox 2387 2630 2542 2701; x_wconf 91' lang='lat' dir='ltr'>quod</span> <span class='ocrx_word' id='word_1_415' title='bbox 2578 2631 2728 2685; x_wconf 81' lang='lat' dir='ltr'>facta</span> <span class='ocrx_word' id='word_1_416' title='bbox 2758 2635 2848 2685; x_wconf 89' lang='lat' dir='ltr'>est</span> <span class='ocrx_word' id='word_1_417' title='bbox 2874 2631 3145 2687; x_wconf 88' lang='lat' dir='ltr'>voluntas</span> <span class='ocrx_word' id='word_1_418' title='bbox 3176 2634 3312 2703; x_wconf 82' lang='lat' dir='ltr'>ejus</span> <span class='ocrx_word' id='word_1_419' title='bbox 3339 2632 3486 2688; x_wconf 90' lang='lat' dir='ltr'>sicut</span> <span class='ocrx_word' id='word_1_420' title='bbox 3526 2632 3580 2687; x_wconf 91' lang='lat' dir='ltr'>in</span> <span class='ocrx_word' id='word_1_421' title='bbox 3628 2631 3741 2686; x_wconf 65' lang='lat' dir='ltr'>caalo</span> <span class='ocrx_word' id='word_1_422' title='bbox 3779 2633 3819 2684; x_wconf 86' lang='lat' dir='ltr'>et</span> 
     </span>
    </p>
   </div>
   <div class='ocr_carea' id='block_1_57' title="bbox 2250 2716 2515 2772">
    <p class='ocr_par' dir='ltr' id='par_1_57' title="bbox 2250 2716 2515 2772">
     <span class='ocr_line' id='line_1_57' title="bbox 2250 2716 2515 2772; baseline 0.008 -2"><span class='ocrx_word' id='word_1_423' title='bbox 2250 2716 2311 2771; x_wconf 92' lang='lat' dir='ltr'>in</span> <span class='ocrx_word' id='word_1_424' title='bbox 2341 2721 2515 2772; x_wconf 90' lang='lat' dir='ltr'>terra.</span> 
     </span>
    </p>
   </div>
   <div class='ocr_carea' id='block_1_58' title="bbox 2322 2808 3819 2882">
    <p class='ocr_par' dir='ltr' id='par_1_58' title="bbox 2322 2808 3819 2882">
     <span class='ocr_line' id='line_1_58' title="bbox 2322 2808 3819 2882; baseline 0.001 -22"><span class='ocrx_word' id='word_1_425' title='bbox 2322 2808 2412 2861; x_wconf 87' lang='lat'>25.</span> <span class='ocrx_word' id='word_1_426' title='bbox 2446 2810 2636 2875; x_wconf 89' lang='lat' dir='ltr'>(Vers.</span> <span class='ocrx_word' id='word_1_427' title='bbox 2676 2809 2866 2880; x_wconf 86' lang='lat' dir='ltr'>l2.)Et</span> <span class='ocrx_word' id='word_1_428' title='bbox 2896 2809 3100 2882; x_wconf 89' lang='lat' dir='ltr'>repetit</span> <span class='ocrx_word' id='word_1_429' title='bbox 3118 2809 3363 2867; x_wconf 86' lang='lat' dir='ltr'>dicens:</span> <span class='ocrx_word' id='word_1_430' title='bbox 3391 2833 3419 2861; x_wconf 86' lang='grc'>‹‹</span> <span class='ocrx_word' id='word_1_431' title='bbox 3450 2810 3591 2865; x_wconf 87' lang='lat' dir='ltr'>Deus</span> <span class='ocrx_word' id='word_1_432' title='bbox 3607 2810 3819 2863; x_wconf 81' lang='lat' dir='ltr'>virtutum</span> 
     </span>
    </p>
   </div>
   <div class='ocr_carea' id='block_1_59' title="bbox 2256 2894 3823 2970">
    <p class='ocr_par' dir='ltr' id='par_1_59' title="bbox 2256 2894 3823 2970">
     <span class='ocr_line' id='line_1_59' title="bbox 2256 2894 3823 2970; baseline 0.001 -20"><span class='ocrx_word' id='word_1_433' title='bbox 2256 2894 2586 2961; x_wconf 88' lang='lat' dir='ltr'>nobiscum,</span> <span class='ocrx_word' id='word_1_434' title='bbox 2657 2902 2963 2970; x_wconf 84' lang='lat' dir='ltr'>susceptor</span> <span class='ocrx_word' id='word_1_435' title='bbox 3018 2902 3220 2955; x_wconf 88' lang='lat' dir='ltr'>noster</span> <span class='ocrx_word' id='word_1_436' title='bbox 3268 2900 3422 2957; x_wconf 88' lang='lat' dir='ltr'>Deus</span> <span class='ocrx_word' id='word_1_437' title='bbox 3475 2899 3638 2955; x_wconf 73' lang='lat' dir='ltr'>JacUb</span> <span class='ocrx_word' id='word_1_438' title='bbox 3677 2898 3823 2968; x_wconf 64' lang='lat'>(91).»</span> 
     </span>
    </p>
   </div>
   <div class='ocr_carea' id='block_1_60' title="bbox 2258 2985 3818 3061">
    <p class='ocr_par' dir='ltr' id='par_1_60' title="bbox 2258 2985 3818 3061">
     <span class='ocr_line' id='line_1_60' title="bbox 2258 2985 3818 3061; baseline 0.001 -22"><span class='ocrx_word' id='word_1_439' title='bbox 2258 2985 2546 3056; x_wconf 85' lang='lat' dir='ltr'>Repetitio</span> <span class='ocrx_word' id='word_1_440' title='bbox 2576 2986 2941 3042; x_wconf 85' lang='lat' dir='ltr'>conﬁrmatio</span> <span class='ocrx_word' id='word_1_441' title='bbox 3006 2993 3114 3044; x_wconf 88' lang='lat' dir='ltr'>est.</span> <span class='ocrx_word' id='word_1_442' title='bbox 3174 2988 3283 3045; x_wconf 87' lang='lat' dir='ltr'>Vel</span> <span class='ocrx_word' id='word_1_443' title='bbox 3342 2990 3477 3061; x_wconf 86' lang='lat' dir='ltr'>quia</span> <span class='ocrx_word' id='word_1_444' title='bbox 3528 3004 3627 3043; x_wconf 69' lang='grc' dir='ltr'>ιιι-ιι</span> <span class='ocrx_word' id='word_1_445' title='bbox 3676 2986 3818 3042; x_wconf 86' lang='lat' dir='ltr'>solum</span> 
     </span>
    </p>
   </div>
   <div class='ocr_carea' id='block_1_61' title="bbox 2259 3073 3820 3149">
    <p class='ocr_par' dir='ltr' id='par_1_61' title="bbox 2259 3073 3820 3149">
     <span class='ocr_line' id='line_1_61' title="bbox 2259 3073 3820 3149; baseline 0.001 -21"><span class='ocrx_word' id='word_1_446' title='bbox 2259 3073 2494 3145; x_wconf 88' lang='lat' dir='ltr'>quando</span> <span class='ocrx_word' id='word_1_447' title='bbox 2524 3078 2699 3130; x_wconf 89' lang='lat' dir='ltr'>natus</span> <span class='ocrx_word' id='word_1_448' title='bbox 2727 3092 2796 3130; x_wconf 85' lang='lat' dir='ltr'>ex</span> <span class='ocrx_word' id='word_1_449' title='bbox 2814 3076 3054 3149; x_wconf 84' lang='lat' dir='ltr'>Virgine</span> <span class='ocrx_word' id='word_1_450' title='bbox 3083 3081 3191 3143; x_wconf 91' lang='lat' dir='ltr'>est,</span> <span class='ocrx_word' id='word_1_451' title='bbox 3245 3078 3432 3134; x_wconf 88' lang='lat' dir='ltr'>factus</span> <span class='ocrx_word' id='word_1_452' title='bbox 3458 3081 3541 3134; x_wconf 89' lang='lat' dir='ltr'>est</span> <span class='ocrx_word' id='word_1_453' title='bbox 3583 3075 3820 3132; x_wconf 75' lang='lat' dir='ltr'>nobiscum</span> 
     </span>
    </p>
   </div>
   <div class='ocr_carea' id='block_1_62' title="bbox 498 3160 3821 3236">
    <p class='ocr_par' dir='ltr' id='par_1_62' title="bbox 498 3160 3821 3236">
     <span class='ocr_line' id='line_1_62' title="bbox 498 3160 3821 3236; baseline -0.002 -16"><span class='ocrx_word' id='word_1_454' title='bbox 498 3167 629 3220; x_wconf 87' lang='lat' dir='ltr'>rent</span> <span class='ocrx_word' id='word_1_455' title='bbox 699 3163 905 3231; x_wconf 89' lang='lat' dir='ltr'>Deum,</span> <span class='ocrx_word' id='word_1_456' title='bbox 983 3168 1040 3220; x_wconf 90' lang='lat' dir='ltr'>et</span> <span class='ocrx_word' id='word_1_457' title='bbox 1086 3164 1269 3220; x_wconf 90' lang='lat' dir='ltr'>cultui</span> <span class='ocrx_word' id='word_1_458' title='bbox 1319 3180 1486 3220; x_wconf 89' lang='lat' dir='ltr'>sacro</span> <span class='ocrx_word' id='word_1_459' title='bbox 1540 3170 1832 3228; x_wconf 87' lang='lat' dir='ltr'>vacarent,</span> <span class='ocrx_word' id='word_1_460' title='bbox 1885 3166 2145 3220; x_wconf 77' lang='lat' dir='ltr'>offensus</span> <span class='ocrx_word' id='word_1_461' title='bbox 2258 3164 2436 3227; x_wconf 89' lang='lat' dir='ltr'>Deus,</span> <span class='ocrx_word' id='word_1_462' title='bbox 2469 3162 2569 3217; x_wconf 91' lang='lat' dir='ltr'>sed</span> <span class='ocrx_word' id='word_1_463' title='bbox 2601 3162 2778 3218; x_wconf 90' lang='lat' dir='ltr'>etiam</span> <span class='ocrx_word' id='word_1_464' title='bbox 2809 3169 2944 3235; x_wconf 89' lang='lat' dir='ltr'>post</span> <span class='ocrx_word' id='word_1_465' title='bbox 2999 3164 3488 3222; x_wconf 87' lang='lat' dir='ltr'>resurrectionem</span> <span class='ocrx_word' id='word_1_466' title='bbox 3541 3164 3649 3236; x_wconf 82' lang='lat' dir='ltr'>ipse</span> <span class='ocrx_word' id='word_1_467' title='bbox 3695 3160 3821 3216; x_wconf 84' lang='lat' dir='ltr'>dixit:</span> 
     </span>
    </p>
   </div>
   <div class='ocr_carea' id='block_1_63' title="bbox 499 3238 3826 3326">
    <p class='ocr_par' dir='ltr' id='par_1_63' title="bbox 499 3238 3826 3326">
     <span class='ocr_line' id='line_1_63' title="bbox 499 3238 3826 3326; baseline -0.002 -16"><span class='ocrx_word' id='word_1_468' title='bbox 499 3252 683 3326; x_wconf 80' lang='lat' dir='ltr'>Moysi</span> <span class='ocrx_word' id='word_1_469' title='bbox 713 3257 772 3310; x_wconf 92' lang='lat' dir='ltr'>et</span> <span class='ocrx_word' id='word_1_470' title='bbox 806 3255 997 3309; x_wconf 87' lang='lat' dir='ltr'>Aaron</span> <span class='ocrx_word' id='word_1_471' title='bbox 1054 3270 1192 3309; x_wconf 90' lang='lat' dir='ltr'>voce</span> <span class='ocrx_word' id='word_1_472' title='bbox 1252 3257 1615 3318; x_wconf 89' lang='lat' dir='ltr'>sanctorum,</span> <span class='ocrx_word' id='word_1_473' title='bbox 1673 3253 1774 3324; x_wconf 86' lang='lat' dir='ltr'>qui</span> <span class='ocrx_word' id='word_1_474' title='bbox 1828 3254 2144 3309; x_wconf 87' lang='lat' dir='ltr'>dicebant:</span> <span class='ocrx_word' id='word_1_475' title='bbox 2175 3238 2218 3305; x_wconf 88' lang='lat' dir='ltr'>C</span> <span class='ocrx_word' id='word_1_476' title='bbox 2260 3270 2289 3301; x_wconf 80' lang='grc' dir='ltr'><strong>α</strong></span> <span class='ocrx_word' id='word_1_477' title='bbox 2320 3250 2466 3306; x_wconf 90' lang='lat' dir='ltr'>Ecce</span> <span class='ocrx_word' id='word_1_478' title='bbox 2495 3266 2600 3322; x_wconf 87' lang='lat' dir='ltr'>ego</span> <span class='ocrx_word' id='word_1_479' title='bbox 2644 3252 2950 3308; x_wconf 84' lang='lat' dir='ltr'>vobiscum</span> <span class='ocrx_word' id='word_1_480' title='bbox 3007 3269 3213 3309; x_wconf 88' lang='lat' dir='ltr'>sum...</span> <span class='ocrx_word' id='word_1_481' title='bbox 3264 3269 3449 3325; x_wconf 89' lang='lat' dir='ltr'>usque</span> <span class='ocrx_word' id='word_1_482' title='bbox 3499 3252 3565 3309; x_wconf 89' lang='lat' dir='ltr'>ad</span> <span class='ocrx_word' id='word_1_483' title='bbox 3615 3265 3826 3307; x_wconf 73' lang='lat' dir='ltr'>cansam-</span> 
     </span>
    </p>
   </div>
   <div class='ocr_carea' id='block_1_64' title="bbox 502 3340 2147 3413">
    <p class='ocr_par' dir='ltr' id='par_1_64' title="bbox 502 3340 2147 3413">
     <span class='ocr_line' id='line_1_64' title="bbox 502 3340 2147 3413; baseline 0.004 -22"><span class='ocrx_word' id='word_1_484' title='bbox 502 3364 529 3391; x_wconf 88' lang='grc'><strong>‹‹</strong></span> <span class='ocrx_word' id='word_1_485' title='bbox 555 3342 795 3398; x_wconf 90' lang='lat' dir='ltr'>Dimitte</span> <span class='ocrx_word' id='word_1_486' title='bbox 825 3340 1110 3413; x_wconf 90' lang='lat' dir='ltr'>populum</span> <span class='ocrx_word' id='word_1_487' title='bbox 1142 3340 1268 3405; x_wconf 91' lang='lat' dir='ltr'>Dei,</span> <span class='ocrx_word' id='word_1_488' title='bbox 1292 3345 1359 3394; x_wconf 90' lang='lat' dir='ltr'>ut</span> <span class='ocrx_word' id='word_1_489' title='bbox 1380 3356 1591 3401; x_wconf 83' lang='lat' dir='ltr'>eamus</span> <span class='ocrx_word' id='word_1_490' title='bbox 1618 3344 1675 3395; x_wconf 91' lang='lat' dir='ltr'>et</span> <span class='ocrx_word' id='word_1_491' title='bbox 1703 3340 2147 3398; x_wconf 88' lang='lat' dir='ltr'>serviamusDo-</span> 
     </span>
    </p>
   </div>
   <div class='ocr_carea' id='block_1_65' title="bbox 501 3427 2109 3497">
    <p class='ocr_par' dir='ltr' id='par_1_65' title="bbox 501 3427 2109 3497">
     <span class='ocr_line' id='line_1_65' title="bbox 501 3427 2109 3497; baseline -0.005 -12"><span class='ocrx_word' id='word_1_492' title='bbox 501 3430 661 3487; x_wconf 92' lang='lat' dir='ltr'>mino</span> <span class='ocrx_word' id='word_1_493' title='bbox 699 3429 815 3486; x_wconf 90' lang='lat' dir='ltr'>Deo</span> <span class='ocrx_word' id='word_1_494' title='bbox 861 3432 1061 3483; x_wconf 89' lang='lat' dir='ltr'>nostro</span> <span class='ocrx_word' id='word_1_495' title='bbox 1091 3427 1281 3497; x_wconf 73' lang='lat' dir='ltr'>(Exod.</span> <span class='ocrx_word' id='word_1_496' title='bbox 1307 3445 1361 3484; x_wconf 89' lang='lat' dir='ltr'>v.</span> <span class='ocrx_word' id='word_1_497' title='bbox 1397 3428 1450 3495; x_wconf 89' lang='grc'>1)</span> <span class='ocrx_word' id='word_1_498' title='bbox 1481 3451 1505 3480; x_wconf 78' lang='grc' dir='ltr'>ι</span> <span class='ocrx_word' id='word_1_499' title='bbox 2106 3452 2109 3455; x_wconf 56' lang='grc' dir='ltr'>λ</span> 
     </span>
    </p>
   </div>
   <div class='ocr_carea' id='block_1_66' title="bbox 574 3514 2144 3588">
    <p class='ocr_par' dir='ltr' id='par_1_66' title="bbox 574 3514 2144 3588">
     <span class='ocr_line' id='line_1_66' title="bbox 574 3514 2144 3588; baseline 0.001 -18"><span class='ocrx_word' id='word_1_500' title='bbox 574 3517 664 3572; x_wconf 80' lang='grc'>24.</span> <span class='ocrx_word' id='word_1_501' title='bbox 678 3538 708 3565; x_wconf 86' lang='grc'><strong>‹‹</strong></span> <span class='ocrx_word' id='word_1_502' title='bbox 724 3515 1033 3571; x_wconf 80' lang='lat' dir='ltr'>Exaltabor</span> <span class='ocrx_word' id='word_1_503' title='bbox 1049 3514 1203 3571; x_wconf 92' lang='lat' dir='ltr'>inter</span> <span class='ocrx_word' id='word_1_504' title='bbox 1220 3521 1443 3588; x_wconf 87' lang='lat' dir='ltr'>gentes,</span> <span class='ocrx_word' id='word_1_505' title='bbox 1467 3521 1522 3573; x_wconf 89' lang='lat' dir='ltr'>et</span> <span class='ocrx_word' id='word_1_506' title='bbox 1534 3516 1831 3575; x_wconf 83' lang='lat' dir='ltr'>exaltabor</span> <span class='ocrx_word' id='word_1_507' title='bbox 1853 3519 1910 3575; x_wconf 91' lang='lat' dir='ltr'>in</span> <span class='ocrx_word' id='word_1_508' title='bbox 1934 3525 2144 3577; x_wconf 79' lang='lat' dir='ltr'>terra.»</span> 
     </span>
    </p>
   </div>
   <div class='ocr_carea' id='block_1_67' title="bbox 502 3600 2147 3673">
    <p class='ocr_par' dir='ltr' id='par_1_67' title="bbox 502 3600 2147 3673">
     <span class='ocr_line' id='line_1_67' title="bbox 502 3600 2147 3673; baseline 0.003 -13"><span class='ocrx_word' id='word_1_509' title='bbox 502 3604 640 3660; x_wconf 89' lang='lat' dir='ltr'>Erat</span> <span class='ocrx_word' id='word_1_510' title='bbox 657 3600 934 3660; x_wconf 88' lang='lat' dir='ltr'>sublimis</span> <span class='ocrx_word' id='word_1_511' title='bbox 964 3602 1249 3659; x_wconf 90' lang='lat' dir='ltr'>Dominus</span> <span class='ocrx_word' id='word_1_512' title='bbox 1278 3604 1616 3673; x_wconf 86' lang='lat' dir='ltr'>inexcelsis,</span> <span class='ocrx_word' id='word_1_513' title='bbox 1650 3607 1707 3662; x_wconf 92' lang='lat' dir='ltr'>id</span> <span class='ocrx_word' id='word_1_514' title='bbox 1754 3612 1864 3673; x_wconf 91' lang='lat' dir='ltr'>est,</span> <span class='ocrx_word' id='word_1_515' title='bbox 1914 3609 1973 3663; x_wconf 92' lang='lat' dir='ltr'>in</span> <span class='ocrx_word' id='word_1_516' title='bbox 2041 3627 2147 3666; x_wconf 89' lang='lat' dir='ltr'>an-</span> 
     </span>
    </p>
   </div>
   <div class='ocr_carea' id='block_1_68' title="bbox 497 3690 2144 3769">
    <p class='ocr_par' dir='ltr' id='par_1_68' title="bbox 497 3690 2144 3769">
     <span class='ocr_line' id='line_1_68' title="bbox 497 3690 2144 3769; baseline 0.004 -21"><span class='ocrx_word' id='word_1_517' title='bbox 497 3690 644 3764; x_wconf 87' lang='lat' dir='ltr'>gelis</span> <span class='ocrx_word' id='word_1_518' title='bbox 686 3696 744 3748; x_wconf 91' lang='lat' dir='ltr'>et</span> <span class='ocrx_word' id='word_1_519' title='bbox 786 3691 1173 3763; x_wconf 79' lang='lat' dir='ltr'>archangelia,</span> <span class='ocrx_word' id='word_1_520' title='bbox 1205 3692 1266 3747; x_wconf 91' lang='lat' dir='ltr'>in</span> <span class='ocrx_word' id='word_1_521' title='bbox 1314 3693 1664 3765; x_wconf 88' lang='lat' dir='ltr'>patriarchis</span> <span class='ocrx_word' id='word_1_522' title='bbox 1709 3701 1769 3751; x_wconf 89' lang='lat' dir='ltr'>et</span> <span class='ocrx_word' id='word_1_523' title='bbox 1821 3698 2144 3769; x_wconf 88' lang='lat' dir='ltr'>prophetis,</span> 
     </span>
    </p>
   </div>
   <div class='ocr_carea' id='block_1_69' title="bbox 570 3816 2144 3891">
    <p class='ocr_par' dir='ltr' id='par_1_69' title="bbox 570 3816 2144 3891">
     <span class='ocr_line' id='line_1_69' title="bbox 570 3816 2144 3891; baseline 0.006 -20"><span class='ocrx_word' id='word_1_524' title='bbox 570 3817 683 3888; x_wconf 91' lang='lat'>(93)</span> <span class='ocrx_word' id='word_1_525' title='bbox 712 3817 803 3872; x_wconf 92' lang='lat' dir='ltr'>Sic</span> <span class='ocrx_word' id='word_1_526' title='bbox 824 3833 967 3872; x_wconf 88' lang='lat' dir='ltr'>mss.</span> <span class='ocrx_word' id='word_1_527' title='bbox 1026 3816 1270 3891; x_wconf 79' lang='lat' dir='ltr'>aliquot,</span> <span class='ocrx_word' id='word_1_528' title='bbox 1330 3823 1505 3891; x_wconf 87' lang='lat' dir='ltr'>atque</span> <span class='ocrx_word' id='word_1_529' title='bbox 1552 3820 1691 3875; x_wconf 91' lang='lat' dir='ltr'>edit.</span> <span class='ocrx_word' id='word_1_530' title='bbox 1752 3839 1976 3879; x_wconf 91' lang='lat' dir='ltr'>omnes.</span> <span class='ocrx_word' id='word_1_531' title='bbox 2034 3824 2144 3880; x_wconf 93' lang='lat' dir='ltr'>Ve-</span> 
     </span>
    </p>
   </div>
   <div class='ocr_carea' id='block_1_70' title="bbox 498 3889 2144 3965">
    <p class='ocr_par' dir='ltr' id='par_1_70' title="bbox 498 3889 2144 3965">
     <span class='ocr_line' id='line_1_70' title="bbox 498 3889 2144 3965; baseline 0.005 -23"><span class='ocrx_word' id='word_1_532' title='bbox 498 3893 833 3965; x_wconf 71' lang='lat' dir='ltr'>rumtamen</span> <span class='ocrx_word' id='word_1_533' title='bbox 894 3904 1179 3965; x_wconf 86' lang='lat' dir='ltr'>quorsum</span> <span class='ocrx_word' id='word_1_534' title='bbox 1239 3889 1347 3965; x_wconf 82' lang='lat' dir='ltr'>hoc</span> <span class='ocrx_word' id='word_1_535' title='bbox 1396 3889 1505 3945; x_wconf 86' lang='lat' dir='ltr'>loci</span> <span class='ocrx_word' id='word_1_536' title='bbox 1576 3908 1685 3965; x_wconf 81' lang='lat' dir='ltr'>vox</span> <span class='ocrx_word' id='word_1_537' title='bbox 1713 3902 1969 3965; x_wconf 72' lang='grc' dir='ltr'>περάσαιε</span> <span class='ocrx_word' id='word_1_538' title='bbox 2029 3896 2144 3951; x_wconf 89' lang='lat' dir='ltr'>nisi</span> 
     </span>
    </p>
   </div>
   <div class='ocr_carea' id='block_1_71' title="bbox 496 3958 2142 4041">
    <p class='ocr_par' dir='ltr' id='par_1_71' title="bbox 496 3958 2142 4041">
     <span class='ocr_line' id='line_1_71' title="bbox 496 3958 2142 4041; baseline 0.005 -27"><span class='ocrx_word' id='word_1_539' title='bbox 496 3958 641 4041; x_wconf 77' lang='lat' dir='ltr'>velis</span> <span class='ocrx_word' id='word_1_540' title='bbox 670 3975 797 4041; x_wconf 77' lang='lat' dir='ltr'>eam</span> <span class='ocrx_word' id='word_1_541' title='bbox 849 3958 1145 4041; x_wconf 33' lang='lat' dir='ltr'>respicere.</span> <span class='ocrx_word' id='word_1_542' title='bbox 1192 3962 1265 4041; x_wconf 76' lang='lat' dir='ltr'>ad</span> <span class='ocrx_word' id='word_1_543' title='bbox 1297 3970 1564 4041; x_wconf 47' lang='lat' dir='ltr'>‘mpa&#39;twv.</span> <span class='ocrx_word' id='word_1_544' title='bbox 1596 3958 2142 4041; x_wconf 46' lang='lat' dir='ltr'>Narn__&#39;_versiculus,</span> 
     </span>
    </p>
   </div>
   <div class='ocr_carea' id='block_1_72' title="bbox 496 4030 2141 4104">
    <p class='ocr_par' dir='ltr' id='par_1_72' title="bbox 496 4030 2141 4104">
     <span class='ocr_line' id='line_1_72' title="bbox 496 4030 2141 4104; baseline 0.005 -18"><span class='ocrx_word' id='word_1_545' title='bbox 496 4031 597 4102; x_wconf 89' lang='lat' dir='ltr'>qui</span> <span class='ocrx_word' id='word_1_546' title='bbox 626 4030 722 4087; x_wconf 89' lang='lat' dir='ltr'>hic</span> <span class='ocrx_word' id='word_1_547' title='bbox 750 4030 1076 4101; x_wconf 85' lang='lat' dir='ltr'>exponitur,</span> <span class='ocrx_word' id='word_1_548' title='bbox 1108 4030 1190 4086; x_wconf 88' lang='lat' dir='ltr'>ita</span> <span class='ocrx_word' id='word_1_549' title='bbox 1220 4030 1468 4087; x_wconf 86' lang='lat' dir='ltr'>habetur</span> <span class='ocrx_word' id='word_1_550' title='bbox 1481 4034 1636 4104; x_wconf 89' lang='lat' dir='ltr'>apud</span> <span class='ocrx_word' id='word_1_551' title='bbox 1689 4034 1850 4101; x_wconf 85' lang='lat' dir='ltr'>LXX,</span> <span class='ocrx_word' id='word_1_552' title='bbox 1888 4030 2141 4094; x_wconf 65' lang='grc' dir='ltr'>Ἀνταναιὲ</span> 
     </span>
    </p>
   </div>
   <div class='ocr_carea' id='block_1_73' title="bbox 529 4109 2144 4177">
    <p class='ocr_par' dir='ltr' id='par_1_73' title="bbox 529 4109 2144 4177">
     <span class='ocr_line' id='line_1_73' title="bbox 529 4109 2144 4177; baseline 0.002 -20"><span class='ocrx_word' id='word_1_553' title='bbox 529 4109 896 4177; x_wconf 29' lang='grc' dir='ltr'>ὦνμπολέμορς</span> <span class='ocrx_word' id='word_1_554' title='bbox 976 4110 1123 4177; x_wconf 67' lang='grc' dir='ltr'>μέχρι</span> <span class='ocrx_word' id='word_1_555' title='bbox 1192 4112 1289 4157; x_wconf 87' lang='grc' dir='ltr'>τῶν</span> <span class='ocrx_word' id='word_1_556' title='bbox 1372 4112 1598 4173; x_wconf 77' lang='grc' dir='ltr'>περάτων</span> <span class='ocrx_word' id='word_1_557' title='bbox 1652 4116 1737 4172; x_wconf 75' lang='grc' dir='ltr'>τὴς</span> <span class='ocrx_word' id='word_1_558' title='bbox 1819 4117 1925 4177; x_wconf 73' lang='grc' dir='ltr'>γῆς.</span> <span class='ocrx_word' id='word_1_559' title='bbox 1980 4109 2144 4165; x_wconf 88' lang='lat' dir='ltr'>Nihi-</span> 
     </span>
    </p>
   </div>
   <div class='ocr_carea' id='block_1_74' title="bbox 518 4126 2144 4250">
    <p class='ocr_par' dir='ltr' id='par_1_74' title="bbox 518 4126 2144 4250">
     <span class='ocr_line' id='line_1_74' title="bbox 518 4126 2144 4177; baseline 0.005 -24"><span class='ocrx_word' id='word_1_560' title='bbox 518 4126 596 4157; x_wconf 66' lang='grc' dir='ltr'>ιων</span> <span class='ocrx_word' id='word_1_561' title='bbox 650 4126 895 4172; x_wconf 67' lang='grc' dir='ltr'>πολεμους</span> <span class='ocrx_word' id='word_1_562' title='bbox 976 4126 1123 4174; x_wconf 77' lang='grc' dir='ltr'>μεγι</span> <span class='ocrx_word' id='word_1_563' title='bbox 1192 4126 1289 4157; x_wconf 87' lang='grc' dir='ltr'>των</span> <span class='ocrx_word' id='word_1_564' title='bbox 1372 4127 1598 4173; x_wconf 79' lang='grc' dir='ltr'>περατων</span> <span class='ocrx_word' id='word_1_565' title='bbox 1652 4126 1737 4172; x_wconf 71' lang='grc' dir='ltr'>της</span> <span class='ocrx_word' id='word_1_566' title='bbox 1819 4126 1925 4177; x_wconf 64' lang='grc' dir='ltr'>γῆς.</span> <span class='ocrx_word' id='word_1_567' title='bbox 1980 4126 2144 4165; x_wconf 68' lang='lat' dir='ltr'>Nim-</span> 
     </span>
     <span class='ocr_line' id='line_1_75' title="bbox 518 4126 2144 4250; baseline 0.007 -26"><span class='ocrx_word' id='word_1_568' title='bbox 518 4171 750 4250; x_wconf 82' lang='lat' dir='ltr'>ominus</span> <span class='ocrx_word' id='word_1_569' title='bbox 805 4173 1037 4250; x_wconf 86' lang='lat' dir='ltr'>videtur</span> <span class='ocrx_word' id='word_1_570' title='bbox 1058 4126 1280 4229; x_wconf 51' lang='lat' dir='ltr'>Doctor</span> <span class='ocrx_word' id='word_1_571' title='bbox 1310 4179 1506 4228; x_wconf 88' lang='lat' dir='ltr'>noster</span> <span class='ocrx_word' id='word_1_572' title='bbox 1565 4177 1759 4246; x_wconf 87' lang='lat' dir='ltr'>potius</span> <span class='ocrx_word' id='word_1_573' title='bbox 1817 4178 2144 4250; x_wconf 87' lang='lat' dir='ltr'>scripturus</span> 
     </span>
    </p>
   </div>
   <div class='ocr_carea' id='block_1_75' title="bbox 495 4243 2142 4317">
    <p class='ocr_par' dir='ltr' id='par_1_75' title="bbox 495 4243 2142 4317">
     <span class='ocr_line' id='line_1_76' title="bbox 495 4243 2142 4317; baseline 0.005 -20"><span class='ocrx_word' id='word_1_574' title='bbox 495 4243 678 4298; x_wconf 89' lang='lat' dir='ltr'>fuisse</span> <span class='ocrx_word' id='word_1_575' title='bbox 725 4255 883 4315; x_wconf 79' lang='grc' dir='ltr'>περᾶν</span> <span class='ocrx_word' id='word_1_576' title='bbox 906 4248 1006 4298; x_wconf 89' lang='lat' dir='ltr'>aut</span> <span class='ocrx_word' id='word_1_577' title='bbox 1035 4253 1286 4314; x_wconf 76' lang='grc' dir='ltr'>περᾶσθαι</span> <span class='ocrx_word' id='word_1_578' title='bbox 1316 4261 1516 4317; x_wconf 3' lang='lat' dir='ltr'>(quam</span> <span class='ocrx_word' id='word_1_579' title='bbox 1545 4243 1771 4317; x_wconf 72' lang='grc' dir='ltr'>τέεράσαι.</span> <span class='ocrx_word' id='word_1_580' title='bbox 1842 4243 2142 4314; x_wconf 77' lang='lat' dir='ltr'>Quocirca.</span> 
     </span>
    </p>
   </div>
   <div class='ocr_carea' id='block_1_76' title="bbox 495 4316 2144 4385">
    <p class='ocr_par' dir='ltr' id='par_1_76' title="bbox 495 4316 2144 4385">
     <span class='ocr_line' id='line_1_77' title="bbox 495 4316 2144 4385; baseline 0.005 -16"><span class='ocrx_word' id='word_1_581' title='bbox 495 4330 612 4385; x_wconf 89' lang='lat' dir='ltr'>non</span> <span class='ocrx_word' id='word_1_582' title='bbox 646 4331 859 4385; x_wconf 86' lang='lat' dir='ltr'>magno</span> <span class='ocrx_word' id='word_1_583' title='bbox 889 4320 1186 4370; x_wconf 90' lang='lat' dir='ltr'>momento</span> <span class='ocrx_word' id='word_1_584' title='bbox 1236 4316 1665 4371; x_wconf 81' lang='lat' dir='ltr'>inﬂecteremur</span> <span class='ocrx_word' id='word_1_585' title='bbox 1720 4317 1779 4372; x_wconf 90' lang='lat' dir='ltr'>in</span> <span class='ocrx_word' id='word_1_586' title='bbox 1837 4318 2144 4377; x_wconf 90' lang='lat' dir='ltr'>lectionem</span> 
     </span>
    </p>
   </div>
   <div class='ocr_carea' id='block_1_77' title="bbox 497 4383 2143 4468">
    <p class='ocr_par' dir='ltr' id='par_1_77' title="bbox 497 4383 2143 4468">
     <span class='ocr_line' id='line_1_78' title="bbox 497 4383 2143 4468; baseline 0.008 -32"><span class='ocrx_word' id='word_1_587' title='bbox 497 4383 921 4468; x_wconf 39' lang='lat' dir='ltr'>al‘iorumsts.</span> <span class='ocrx_word' id='word_1_588' title='bbox 945 4385 1729 4468; x_wconf 37' lang='lat' dir='ltr'>ubi.legimus,_phase.enim</span> <span class='ocrx_word' id='word_1_589' title='bbox 1757 4394 1997 4447; x_wconf 79' lang='lat' dir='ltr'>transire</span> <span class='ocrx_word' id='word_1_590' title='bbox 2043 4399 2143 4468; x_wconf 71' lang='lat' dir='ltr'>est,</span> 
     </span>
    </p>
   </div>
   <div class='ocr_carea' id='block_1_78' title="bbox 495 4453 2144 4527">
    <p class='ocr_par' dir='ltr' id='par_1_78' title="bbox 495 4453 2144 4527">
     <span class='ocr_line' id='line_1_79' title="bbox 495 4453 2144 4527; baseline 0.008 -21"><span class='ocrx_word' id='word_1_591' title='bbox 495 4453 723 4527; x_wconf 78' lang='lat' dir='ltr'>Etenim</span> <span class='ocrx_word' id='word_1_592' title='bbox 754 4455 863 4510; x_wconf 90' lang='lat' dir='ltr'>hoc</span> <span class='ocrx_word' id='word_1_593' title='bbox 903 4453 1253 4527; x_wconf 69' lang='lat' dir='ltr'>sanctoviro</span> <span class='ocrx_word' id='word_1_594' title='bbox 1285 4453 1428 4513; x_wconf 83' lang='lat' dir='ltr'>satis</span> <span class='ocrx_word' id='word_1_595' title='bbox 1489 4459 1791 4527; x_wconf 88' lang='lat' dir='ltr'>usitatum,</span> <span class='ocrx_word' id='word_1_596' title='bbox 1853 4467 1918 4517; x_wconf 90' lang='lat' dir='ltr'>ut</span> <span class='ocrx_word' id='word_1_597' title='bbox 1974 4453 2144 4519; x_wconf 83' lang='lat' dir='ltr'>tectis</span> 
     </span>
    </p>
   </div>
   <div class='ocr_carea' id='block_1_79' title="bbox 496 4524 2146 4601">
    <p class='ocr_par' dir='ltr' id='par_1_79' title="bbox 496 4524 2146 4601">
     <span class='ocr_line' id='line_1_80' title="bbox 496 4524 2146 4601; baseline 0.008 -24"><span class='ocrx_word' id='word_1_598' title='bbox 496 4524 929 4601; x_wconf 81' lang='lat' dir='ltr'>quodammodo</span> <span class='ocrx_word' id='word_1_599' title='bbox 959 4526 1153 4582; x_wconf 90' lang='lat' dir='ltr'>verbis</span> <span class='ocrx_word' id='word_1_600' title='bbox 1176 4528 1492 4601; x_wconf 71' lang='lat' dir='ltr'>Scriptura:</span> <span class='ocrx_word' id='word_1_601' title='bbox 1543 4530 1699 4587; x_wconf 91' lang='lat' dir='ltr'>locos</span> <span class='ocrx_word' id='word_1_602' title='bbox 1756 4524 1827 4587; x_wconf 84' lang='lat' dir='ltr'>ad</span> <span class='ocrx_word' id='word_1_603' title='bbox 1886 4536 2146 4592; x_wconf 88' lang='lat' dir='ltr'>eruenda</span> 
     </span>
    </p>
   </div>
   <div class='ocr_carea' id='block_1_80' title="bbox 493 4596 2142 4679">
    <p class='ocr_par' dir='ltr' id='par_1_80' title="bbox 493 4596 2142 4679">
     <span class='ocr_line' id='line_1_81' title="bbox 493 4596 2142 4679; baseline 0.007 -30"><span class='ocrx_word' id='word_1_604' title='bbox 493 4610 563 4679; x_wconf 81' lang='lat' dir='ltr'>ex</span> <span class='ocrx_word' id='word_1_605' title='bbox 590 4596 813 4679; x_wconf 75' lang='lat' dir='ltr'>eisdem</span> <span class='ocrx_word' id='word_1_606' title='bbox 841 4612 1069 4679; x_wconf 74' lang='lat' dir='ltr'>morum</span> <span class='ocrx_word' id='word_1_607' title='bbox 1101 4596 1392 4679; x_wconf 76' lang='lat' dir='ltr'>praecepta</span> <span class='ocrx_word' id='word_1_608' title='bbox 1421 4600 1763 4679; x_wconf 80' lang='lat' dir='ltr'>subinnuat.</span> <span class='ocrx_word' id='word_1_609' title='bbox 1801 4603 2142 4679; x_wconf 89' lang='lat' dir='ltr'>Posset_igi-</span> 
     </span>
    </p>
   </div>
   <div class='ocr_carea' id='block_1_81' title="bbox 492 4666 2143 4734">
    <p class='ocr_par' dir='ltr' id='par_1_81' title="bbox 492 4666 2143 4734">
     <span class='ocr_line' id='line_1_82' title="bbox 492 4666 2143 4734; baseline 0.007 -12"><span class='ocrx_word' id='word_1_610' title='bbox 492 4671 592 4722; x_wconf 90' lang='lat' dir='ltr'>tur</span> <span class='ocrx_word' id='word_1_611' title='bbox 620 4667 755 4723; x_wconf 89' lang='lat' dir='ltr'>inde</span> <span class='ocrx_word' id='word_1_612' title='bbox 776 4666 912 4722; x_wconf 90' lang='lat' dir='ltr'>duci</span> <span class='ocrx_word' id='word_1_613' title='bbox 940 4666 1035 4722; x_wconf 91' lang='lat' dir='ltr'>hic</span> <span class='ocrx_word' id='word_1_614' title='bbox 1065 4666 1321 4725; x_wconf 57' lang='lat' dir='ltr'>sensus&#39;:</span> <span class='ocrx_word' id='word_1_615' title='bbox 1354 4675 1714 4728; x_wconf 90' lang='lat' dir='ltr'>transeundo</span> <span class='ocrx_word' id='word_1_616' title='bbox 1746 4692 1780 4730; x_wconf 91' lang='lat' dir='ltr'>a</span> <span class='ocrx_word' id='word_1_617' title='bbox 1808 4666 2143 4734; x_wconf 49' lang='lat' dir='ltr'>terrenishd</span> 
     </span>
    </p>
   </div>
   <div class='ocr_carea' id='block_1_82' title="bbox 2257 3336 3824 3412">
    <p class='ocr_par' dir='ltr' id='par_1_82' title="bbox 2257 3336 3824 3412">
     <span class='ocr_line' id='line_1_83' title="bbox 2257 3336 3824 3412; baseline 0.001 -20"><span class='ocrx_word' id='word_1_618' title='bbox 2257 3337 2577 3394; x_wconf 89' lang='lat' dir='ltr'>mationem</span> <span class='ocrx_word' id='word_1_619' title='bbox 2665 3340 2869 3395; x_wconf 90' lang='lat' dir='ltr'>mundi</span> <span class='ocrx_word' id='word_1_620' title='bbox 2957 3340 3164 3410; x_wconf 71' lang='lat' dir='ltr'>(Matth.</span> <span class='ocrx_word' id='word_1_621' title='bbox 3256 3359 3454 3411; x_wconf 85' lang='lat' dir='ltr'>xxvm,</span> <span class='ocrx_word' id='word_1_622' title='bbox 3529 3342 3629 3412; x_wconf 70' lang='lat' dir='ltr'>2U}.</span> <span class='ocrx_word' id='word_1_623' title='bbox 3688 3362 3712 3387; x_wconf 73' lang='grc' dir='ltr'>ι»</span> <span class='ocrx_word' id='word_1_624' title='bbox 3753 3336 3824 3391; x_wconf 82' lang='lat' dir='ltr'>Cui</span> 
     </span>
    </p>
   </div>
   <div class='ocr_carea' id='block_1_83' title="bbox 2256 3424 3823 3502">
    <p class='ocr_par' dir='ltr' id='par_1_83' title="bbox 2256 3424 3823 3502">
     <span class='ocr_line' id='line_1_84' title="bbox 2256 3424 3823 3502; baseline -0.003 -20"><span class='ocrx_word' id='word_1_625' title='bbox 2256 3428 2348 3482; x_wconf 89' lang='lat' dir='ltr'>est</span> <span class='ocrx_word' id='word_1_626' title='bbox 2417 3424 2604 3483; x_wconf 90' lang='lat' dir='ltr'>honor</span> <span class='ocrx_word' id='word_1_627' title='bbox 2648 3431 2705 3483; x_wconf 90' lang='lat' dir='ltr'>et</span> <span class='ocrx_word' id='word_1_628' title='bbox 2758 3427 2962 3500; x_wconf 90' lang='lat' dir='ltr'>gloria,</span> <span class='ocrx_word' id='word_1_629' title='bbox 3022 3431 3385 3502; x_wconf 90' lang='lat' dir='ltr'>perpetuitas</span> <span class='ocrx_word' id='word_1_630' title='bbox 3438 3448 3471 3485; x_wconf 90' lang='lat' dir='ltr'>a</span> <span class='ocrx_word' id='word_1_631' title='bbox 3533 3426 3741 3493; x_wconf 61' lang='lat' dir='ltr'>seculis,</span> <span class='ocrx_word' id='word_1_632' title='bbox 3782 3428 3823 3479; x_wconf 88' lang='lat' dir='ltr'>et</span> 
     </span>
    </p>
   </div>
   <div class='ocr_carea' id='block_1_84' title="bbox 2254 3517 3818 3589">
    <p class='ocr_par' dir='ltr' id='par_1_84' title="bbox 2254 3517 3818 3589">
     <span class='ocr_line' id='line_1_85' title="bbox 2254 3517 3818 3589; baseline -0.003 -17"><span class='ocrx_word' id='word_1_633' title='bbox 2254 3531 2435 3586; x_wconf 90' lang='lat' dir='ltr'>nunc,</span> <span class='ocrx_word' id='word_1_634' title='bbox 2456 3519 2514 3572; x_wconf 90' lang='lat' dir='ltr'>et</span> <span class='ocrx_word' id='word_1_635' title='bbox 2542 3533 2794 3589; x_wconf 86' lang='lat' dir='ltr'>semper,</span> <span class='ocrx_word' id='word_1_636' title='bbox 2827 3522 2885 3573; x_wconf 90' lang='lat' dir='ltr'>et</span> <span class='ocrx_word' id='word_1_637' title='bbox 2926 3518 2985 3573; x_wconf 92' lang='lat' dir='ltr'>in</span> <span class='ocrx_word' id='word_1_638' title='bbox 3038 3519 3242 3576; x_wconf 88' lang='lat' dir='ltr'>omnia</span> <span class='ocrx_word' id='word_1_639' title='bbox 3273 3519 3483 3576; x_wconf 67' lang='lat' dir='ltr'>saecula</span> <span class='ocrx_word' id='word_1_640' title='bbox 3524 3517 3818 3575; x_wconf 63' lang='lat' dir='ltr'>saeculorum.</span> 
     </span>
    </p>
   </div>
   <div class='ocr_carea' id='block_1_85' title="bbox 2254 3605 2459 3662">
    <p class='ocr_par' dir='ltr' id='par_1_85' title="bbox 2254 3605 2459 3662">
     <span class='ocr_line' id='line_1_86' title="bbox 2254 3605 2459 3662; baseline 0.015 -3"><span class='ocrx_word' id='word_1_641' title='bbox 2254 3605 2459 3662; x_wconf 89' lang='lat' dir='ltr'>Amen.</span> 
     </span>
    </p>
   </div>
   <div class='ocr_carea' id='block_1_86' title="bbox 2256 3823 3816 3904">
    <p class='ocr_par' dir='ltr' id='par_1_86' title="bbox 2256 3823 3816 3904">
     <span class='ocr_line' id='line_1_87' title="bbox 2256 3823 3816 3904; baseline -0.003 -22"><span class='ocrx_word' id='word_1_642' title='bbox 2256 3823 2524 3904; x_wconf 38' lang='lat' dir='ltr'>coelestia.</span> <span class='ocrx_word' id='word_1_643' title='bbox 2544 3824 2774 3904; x_wconf 71' lang='lat' dir='ltr'>imitare</span> <span class='ocrx_word' id='word_1_644' title='bbox 2805 3828 3209 3904; x_wconf 83' lang='lat' dir='ltr'>Israelitarum</span> <span class='ocrx_word' id='word_1_645' title='bbox 3238 3831 3444 3904; x_wconf 90' lang='lat' dir='ltr'>phase,</span> <span class='ocrx_word' id='word_1_646' title='bbox 3474 3835 3573 3889; x_wconf 86' lang='lat' dir='ltr'>etc.</span> <span class='ocrx_word' id='word_1_647' title='bbox 3592 3828 3677 3886; x_wconf 87' lang='lat' dir='ltr'>Sed</span> <span class='ocrx_word' id='word_1_648' title='bbox 3708 3825 3816 3880; x_wconf 83' lang='lat' dir='ltr'>iule-</span> 
     </span>
    </p>
   </div>
   <div class='ocr_carea' id='block_1_87' title="bbox 2257 3896 3760 3976">
    <p class='ocr_par' dir='ltr' id='par_1_87' title="bbox 2257 3896 3760 3976">
     <span class='ocr_line' id='line_1_88' title="bbox 2257 3896 3760 3976; baseline 0.005 -24"><span class='ocrx_word' id='word_1_649' title='bbox 2257 3896 2628 3976; x_wconf 46' lang='lat' dir='ltr'>rimnlcctioni</span> <span class='ocrx_word' id='word_1_650' title='bbox 2661 3905 2904 3976; x_wconf 71' lang='lat' dir='ltr'>receptas</span> <span class='ocrx_word' id='word_1_651' title='bbox 2934 3918 3047 3956; x_wconf 91' lang='lat' dir='ltr'>non</span> <span class='ocrx_word' id='word_1_652' title='bbox 3071 3896 3548 3976; x_wconf 64' lang='lat' dir='ltr'>prtejudicamus.</span> <span class='ocrx_word' id='word_1_653' title='bbox 3588 3975 3593 3976; x_wconf 14' lang='grc' dir='ltr'><em>γ</em></span> <span class='ocrx_word' id='word_1_654' title='bbox 3661 3968 3702 3976; x_wconf 84' lang='lat'>__</span> <span class='ocrx_word' id='word_1_655' title='bbox 3732 3965 3760 3976; x_wconf 54' lang='grc' dir='ltr'>η</span> 
     </span>
    </p>
   </div>
   <div class='ocr_carea' id='block_1_88' title="bbox 2328 3965 3822 4045">
    <p class='ocr_par' dir='ltr' id='par_1_88' title="bbox 2328 3965 3822 4045">
     <span class='ocr_line' id='line_1_89' title="bbox 2328 3965 3822 4045; baseline -0.005 -21"><span class='ocrx_word' id='word_1_656' title='bbox 2328 3967 2439 4045; x_wconf 79' lang='grc'>(9-1)</span> <span class='ocrx_word' id='word_1_657' title='bbox 2474 3967 2615 4045; x_wconf 53' lang='lat' dir='ltr'>Mss,</span> <span class='ocrx_word' id='word_1_658' title='bbox 2640 3965 2930 4041; x_wconf 57' lang='lat' dir='ltr'>‘nonn&#39;ulli,</span> <span class='ocrx_word' id='word_1_659' title='bbox 2962 3965 3369 4045; x_wconf 55' lang='lat' dir='ltr'>“simulacris</span> <span class='ocrx_word' id='word_1_660' title='bbox 3400 3973 3626 4045; x_wconf 59' lang='lat' dir='ltr'>scalpiir.</span> <span class='ocrx_word' id='word_1_661' title='bbox 3661 3965 3822 4023; x_wconf 83' lang='lat' dir='ltr'>Melius</span> 
     </span>
    </p>
   </div>
   <div class='ocr_carea' id='block_1_89' title="bbox 2258 4038 3828 4114">
    <p class='ocr_par' dir='ltr' id='par_1_89' title="bbox 2258 4038 3828 4114">
     <span class='ocr_line' id='line_1_90' title="bbox 2258 4038 3828 4114; baseline 0.001 -19"><span class='ocrx_word' id='word_1_662' title='bbox 2258 4038 2358 4114; x_wconf 83' lang='lat' dir='ltr'>alii</span> <span class='ocrx_word' id='word_1_663' title='bbox 2411 4054 2478 4093; x_wconf 88' lang='lat' dir='ltr'>ac</span> <span class='ocrx_word' id='word_1_664' title='bbox 2527 4040 2761 4106; x_wconf 91' lang='lat' dir='ltr'>edit....,</span> <span class='ocrx_word' id='word_1_665' title='bbox 2819 4038 3080 4114; x_wconf 70' lang='lat' dir='ltr'>scrupeis,</span> <span class='ocrx_word' id='word_1_666' title='bbox 3133 4042 3193 4099; x_wconf 91' lang='lat' dir='ltr'>id</span> <span class='ocrx_word' id='word_1_667' title='bbox 3256 4053 3369 4113; x_wconf 83' lang='lat' dir='ltr'>est,</span> <span class='ocrx_word' id='word_1_668' title='bbox 3415 4038 3828 4110; x_wconf 71' lang='lat' dir='ltr'>saxéis,scrupu8</span> 
     </span>
    </p>
   </div>
   <div class='ocr_carea' id='block_1_90' title="bbox 2253 4111 3827 4190">
    <p class='ocr_par' dir='ltr' id='par_1_90' title="bbox 2253 4111 3827 4190">
     <span class='ocr_line' id='line_1_91' title="bbox 2253 4111 3827 4190; baseline -0.019 1"><span class='ocrx_word' id='word_1_669' title='bbox 2253 4111 2407 4190; x_wconf 58' lang='grc' dir='ltr'>θῐέῖῐη</span> <span class='ocrx_word' id='word_1_670' title='bbox 2441 4124 2657 4190; x_wconf 52' lang='grc' dir='ltr'>εὲξυω,</span> <span class='ocrx_word' id='word_1_671' title='bbox 2701 4116 2817 4190; x_wconf 60' lang='grc' dir='ltr'>θεῖι</span> <span class='ocrx_word' id='word_1_672' title='bbox 2866 4111 3025 4190; x_wconf 64' lang='lat' dir='ltr'>unde</span> <span class='ocrx_word' id='word_1_673' title='bbox 3080 4111 3428 4190; x_wconf 77' lang='lat' dir='ltr'>scrupulus.</span> <span class='ocrx_word' id='word_1_674' title='bbox 3487 4114 3632 4190; x_wconf 82' lang='lat' dir='ltr'>Quod</span> <span class='ocrx_word' id='word_1_675' title='bbox 3660 4114 3827 4190; x_wconf 2' lang='lat' dir='ltr'>(autem</span> 
     </span>
    </p>
   </div>
   <div class='ocr_carea' id='block_1_91' title="bbox 2255 4181 3825 4258">
    <p class='ocr_par' dir='ltr' id='par_1_91' title="bbox 2255 4181 3825 4258">
     <span class='ocr_line' id='line_1_92' title="bbox 2255 4181 3825 4258; baseline -0.002 -20"><span class='ocrx_word' id='word_1_676' title='bbox 2255 4181 2598 4252; x_wconf 83' lang='lat' dir='ltr'>adjungitur</span> <span class='ocrx_word' id='word_1_677' title='bbox 2626 4182 2913 4258; x_wconf 73' lang='lat' dir='ltr'>deantris</span> <span class='ocrx_word' id='word_1_678' title='bbox 2933 4202 2999 4258; x_wconf 86' lang='lat' dir='ltr'>ac</span> <span class='ocrx_word' id='word_1_679' title='bbox 3030 4181 3285 4257; x_wconf 68' lang='lat' dir='ltr'>spelaais,</span> <span class='ocrx_word' id='word_1_680' title='bbox 3342 4188 3592 4258; x_wconf 83' lang='lat' dir='ltr'>tangitur</span> <span class='ocrx_word' id='word_1_681' title='bbox 3616 4181 3825 4258; x_wconf 79' lang='lat' dir='ltr'>ethnico-</span> 
     </span>
    </p>
   </div>
   <div class='ocr_carea' id='block_1_92' title="bbox 2256 4252 3825 4331">
    <p class='ocr_par' dir='ltr' id='par_1_92' title="bbox 2256 4252 3825 4331">
     <span class='ocr_line' id='line_1_93' title="bbox 2256 4252 3825 4331; baseline -0.001 -24"><span class='ocrx_word' id='word_1_682' title='bbox 2256 4269 2387 4331; x_wconf 75' lang='lat' dir='ltr'>rum</span> <span class='ocrx_word' id='word_1_683' title='bbox 2418 4252 2776 4331; x_wconf 75' lang='lat' dir='ltr'>superstitio,</span> <span class='ocrx_word' id='word_1_684' title='bbox 2802 4272 2928 4331; x_wconf 79' lang='lat' dir='ltr'>qua</span> <span class='ocrx_word' id='word_1_685' title='bbox 2957 4252 3201 4331; x_wconf 71' lang='lat' dir='ltr'>deorum</span> <span class='ocrx_word' id='word_1_686' title='bbox 3237 4252 3478 4315; x_wconf 70' lang='lat' dir='ltr'>oracula</span> <span class='ocrx_word' id='word_1_687' title='bbox 3521 4253 3825 4331; x_wconf 78' lang='lat' dir='ltr'>potissimum</span> 
     </span>
    </p>
   </div>
   <div class='ocr_carea' id='block_1_93' title="bbox 2255 4322 3827 4404">
    <p class='ocr_par' dir='ltr' id='par_1_93' title="bbox 2255 4322 3827 4404">
     <span class='ocr_line' id='line_1_94' title="bbox 2255 4322 3827 4404; baseline 0.001 -26"><span class='ocrx_word' id='word_1_688' title='bbox 2255 4325 2313 4378; x_wconf 92' lang='lat' dir='ltr'>in</span> <span class='ocrx_word' id='word_1_689' title='bbox 2339 4322 2745 4404; x_wconf 63' lang='lat' dir='ltr'>subterraneis</span> <span class='ocrx_word' id='word_1_690' title='bbox 2801 4322 3583 4404; x_wconf 41' lang='lat' dir='ltr'>locisuinterrogabant;_ut</span> <span class='ocrx_word' id='word_1_691' title='bbox 3616 4329 3746 4404; x_wconf 69' lang='lat' dir='ltr'>puta</span> <span class='ocrx_word' id='word_1_692' title='bbox 3784 4322 3827 4404; x_wconf 62' lang='grc' dir='ltr'>ίῐξ</span> 
     </span>
    </p>
   </div>
   <div class='ocr_carea' id='block_1_94' title="bbox 2254 4393 3833 4520">
    <p class='ocr_par' dir='ltr' id='par_1_94' title="bbox 2254 4393 3833 4520">
     <span class='ocr_line' id='line_1_95' title="bbox 2254 4393 3833 4473; baseline -0.004 -22"><span class='ocrx_word' id='word_1_693' title='bbox 2254 4401 2421 4451; x_wconf 90' lang='lat' dir='ltr'>antro</span> <span class='ocrx_word' id='word_1_694' title='bbox 2480 4395 2740 4468; x_wconf 90' lang='lat' dir='ltr'>Delphici</span> <span class='ocrx_word' id='word_1_695' title='bbox 2799 4396 3104 4470; x_wconf 88' lang='lat' dir='ltr'>Apollinis,</span> <span class='ocrx_word' id='word_1_696' title='bbox 3166 4393 3426 4473; x_wconf 60' lang='lat' dir='ltr'>Sibylla),</span> <span class='ocrx_word' id='word_1_697' title='bbox 3468 4393 3749 4471; x_wconf 82' lang='lat' dir='ltr'>Trophonii</span> <span class='ocrx_word' id='word_1_698' title='bbox 3790 4393 3833 4445; x_wconf 86' lang='lat' dir='ltr'>et</span> 
     </span>
     <span class='ocr_line' id='line_1_96' title="bbox 2255 4462 2571 4520; baseline 0.003 0"><span class='ocrx_word' id='word_1_699' title='bbox 2255 4462 2571 4520; x_wconf 88' lang='lat' dir='ltr'>similibus.</span> 
     </span>
    </p>
   </div>
   <div class='ocr_carea' id='block_1_95' title="bbox 2255 4484 2571 4523">
    <p class='ocr_par' dir='ltr' id='par_1_95' title="bbox 2255 4484 2571 4523">
     <span class='ocr_line' id='line_1_97' title="bbox 2255 4484 2571 4523; baseline -0.003 0"><span class='ocrx_word' id='word_1_700' title='bbox 2255 4484 2571 4523; x_wconf 68' lang='lat' dir='ltr'>sxmuwus.</span> 
     </span>
    </p>
   </div>
   <div class='ocr_carea' id='block_1_96' title="bbox 2325 4533 3833 4612">
    <p class='ocr_par' dir='ltr' id='par_1_96' title="bbox 2325 4533 3833 4612">
     <span class='ocr_line' id='line_1_98' title="bbox 2325 4533 3833 4612; baseline -0.002 -19"><span class='ocrx_word' id='word_1_701' title='bbox 2325 4540 2461 4612; x_wconf 68' lang='lat' dir='ltr'>(9i).</span> <span class='ocrx_word' id='word_1_702' title='bbox 2496 4539 2663 4612; x_wconf 66' lang='lat' dir='ltr'>Rom.</span> <span class='ocrx_word' id='word_1_703' title='bbox 2696 4540 2835 4595; x_wconf 88' lang='lat' dir='ltr'>edit.</span> <span class='ocrx_word' id='word_1_704' title='bbox 2876 4544 3009 4612; x_wconf 91' lang='lat' dir='ltr'>post</span> <span class='ocrx_word' id='word_1_705' title='bbox 3062 4558 3257 4612; x_wconf 89' lang='lat' dir='ltr'>voces,</span> <span class='ocrx_word' id='word_1_706' title='bbox 3309 4544 3451 4599; x_wconf 70' lang='lat' dir='ltr'>Deus</span> <span class='ocrx_word' id='word_1_707' title='bbox 3501 4541 3664 4606; x_wconf 73' lang='lat' dir='ltr'>Iacob,</span> <span class='ocrx_word' id='word_1_708' title='bbox 3705 4533 3833 4612; x_wconf 70' lang='lat' dir='ltr'>sub-</span> 
     </span>
    </p>
   </div>
   <div class='ocr_carea' id='block_1_97' title="bbox 2245 4608 3835 4685">
    <p class='ocr_par' dir='ltr' id='par_1_97' title="bbox 2245 4608 3835 4685">
     <span class='ocr_line' id='line_1_99' title="bbox 2245 4608 3835 4685; baseline 0.001 -22"><span class='ocrx_word' id='word_1_709' title='bbox 2245 4608 2463 4685; x_wconf 76' lang='lat' dir='ltr'>jungit.</span> <span class='ocrx_word' id='word_1_710' title='bbox 2498 4610 2647 4664; x_wconf 75' lang='lat' dir='ltr'>Deus</span> <span class='ocrx_word' id='word_1_711' title='bbox 2670 4608 2938 4685; x_wconf 58' lang='lat' dir='ltr'>yirtutuin</span> <span class='ocrx_word' id='word_1_712' title='bbox 2964 4608 3535 4685; x_wconf 9' lang='lat' dir='ltr'>nobiscumrftepetit</span> <span class='ocrx_word' id='word_1_713' title='bbox 3589 4608 3720 4683; x_wconf 88' lang='lat' dir='ltr'>quod</span> <span class='ocrx_word' id='word_1_714' title='bbox 3765 4621 3835 4660; x_wconf 83' lang='lat' dir='ltr'>su-</span> 
     </span>
    </p>
   </div>
   <div class='ocr_carea' id='block_1_98' title="bbox 2254 4682 3631 4753">
    <p class='ocr_par' dir='ltr' id='par_1_98' title="bbox 2254 4682 3631 4753">
     <span class='ocr_line' id='line_1_100' title="bbox 2254 4682 3631 4753; baseline 0.002 -19"><span class='ocrx_word' id='word_1_715' title='bbox 2254 4697 2358 4752; x_wconf 89' lang='lat' dir='ltr'>pra</span> <span class='ocrx_word' id='word_1_716' title='bbox 2387 4682 2630 4738; x_wconf 88' lang='lat' dir='ltr'>dixerat.</span> <span class='ocrx_word' id='word_1_717' title='bbox 2662 4682 2926 4753; x_wconf 81' lang='lat' dir='ltr'>Repetitio</span> <span class='ocrx_word' id='word_1_718' title='bbox 2945 4686 3129 4738; x_wconf 82' lang='lat' dir='ltr'>autem</span> <span class='ocrx_word' id='word_1_719' title='bbox 3155 4682 3502 4753; x_wconf 70' lang='lat' dir='ltr'>conﬁrmatio</span> <span class='ocrx_word' id='word_1_720' title='bbox 3540 4682 3631 4739; x_wconf 76' lang='lat' dir='ltr'>est.</span> 
     </span>
    </p>
   </div>
   <div class='ocr_carea' id='block_1_99' title="bbox 492 4800 2728 4829">
    <p class='ocr_par' dir='ltr' id='par_1_99' title="bbox 492 4800 2728 4829">
     <span class='ocr_line' id='line_1_101' title="bbox 492 4800 2728 4829; baseline 0.001 -17"><span class='ocrx_word' id='word_1_721' title='bbox 492 4800 2728 4829; x_wconf 77' lang='lat'>.____._.._.__._...._..___._______________________</span> 
     </span>
    </p>
   </div>
   <div class='ocr_carea' id='block_1_100' title="bbox 1260 4916 3121 5016">
    <p class='ocr_par' dir='ltr' id='par_1_100' title="bbox 1260 4916 3121 5016">
     <span class='ocr_line' id='line_1_102' title="bbox 1260 4916 3121 5016; baseline 0.009 -17"><span class='ocrx_word' id='word_1_722' title='bbox 1260 4916 1373 5001; x_wconf 91' lang='grc' dir='ltr'><strong>ΙΝ</strong></span> <span class='ocrx_word' id='word_1_723' title='bbox 1438 4916 1988 5011; x_wconf 86' lang='lat' dir='ltr'>PSALMUM</span> <span class='ocrx_word' id='word_1_724' title='bbox 2042 4926 2371 5013; x_wconf 89' lang='lat' dir='ltr'>XLVII</span> <span class='ocrx_word' id='word_1_725' title='bbox 2428 4925 3121 5016; x_wconf 80' lang='lat' dir='ltr'>ENARRATIO.</span> 
     </span>
    </p>
   </div>
   <div class='ocr_carea' id='block_1_101' title="bbox 560 5171 3835 5259">
    <p class='ocr_par' dir='ltr' id='par_1_101' title="bbox 560 5171 3835 5259">
     <span class='ocr_line' id='line_1_103' title="bbox 560 5171 3835 5259; baseline 0.004 -33"><span class='ocrx_word' id='word_1_726' title='bbox 560 5172 609 5227; x_wconf 92' lang='grc'>1.</span> <span class='ocrx_word' id='word_1_727' title='bbox 670 5171 935 5245; x_wconf 58' lang='lat' dir='ltr'>(Vers.!)</span> <span class='ocrx_word' id='word_1_728' title='bbox 998 5171 1194 5243; x_wconf 83' lang='lat' dir='ltr'>Hujus</span> <span class='ocrx_word' id='word_1_729' title='bbox 1243 5173 1451 5230; x_wconf 88' lang='lat' dir='ltr'>titulus</span> <span class='ocrx_word' id='word_1_730' title='bbox 1528 5173 1622 5230; x_wconf 88' lang='lat' dir='ltr'>hic</span> <span class='ocrx_word' id='word_1_731' title='bbox 1677 5182 1816 5233; x_wconf 90' lang='lat' dir='ltr'>est:</span> <span class='ocrx_word' id='word_1_732' title='bbox 1878 5180 2134 5236; x_wconf 71' lang='lat' dir='ltr'>Psalmus</span> <span class='ocrx_word' id='word_1_733' title='bbox 2166 5185 2413 5248; x_wconf 76' lang='lat' dir='ltr'>Dxuet</span> <span class='ocrx_word' id='word_1_734' title='bbox 2434 5182 2593 5257; x_wconf 67' lang='lat' dir='ltr'>seq.)</span> <span class='ocrx_word' id='word_1_735' title='bbox 2630 5182 2772 5240; x_wconf 89' lang='lat' dir='ltr'>Boni</span> <span class='ocrx_word' id='word_1_736' title='bbox 2813 5181 2916 5239; x_wconf 83' lang='lat' dir='ltr'>ﬁlii</span> <span class='ocrx_word' id='word_1_737' title='bbox 2975 5184 3138 5256; x_wconf 89' lang='lat' dir='ltr'>Core,</span> <span class='ocrx_word' id='word_1_738' title='bbox 3189 5190 3245 5243; x_wconf 87' lang='lat' dir='ltr'>et</span> <span class='ocrx_word' id='word_1_739' title='bbox 3305 5184 3548 5259; x_wconf 85' lang='lat' dir='ltr'>psalmis</span> <span class='ocrx_word' id='word_1_740' title='bbox 3606 5184 3713 5256; x_wconf 78' lang='lat' dir='ltr'>iam</span> <span class='ocrx_word' id='word_1_741' title='bbox 3760 5193 3835 5234; x_wconf 77' lang='lat' dir='ltr'>su-</span> 
     </span>
    </p>
   </div>
   <div class='ocr_carea' id='block_1_102' title="bbox 484 5261 2124 5338">
    <p class='ocr_par' dir='ltr' id='par_1_102' title="bbox 484 5261 2124 5338">
     <span class='ocr_line' id='line_1_104' title="bbox 484 5261 2124 5338; baseline 0.007 -26"><span class='ocrx_word' id='word_1_742' title='bbox 484 5262 687 5316; x_wconf 85' lang='lat' dir='ltr'>cantici</span> <span class='ocrx_word' id='word_1_743' title='bbox 745 5262 841 5333; x_wconf 88' lang='grc'>(95</span> <span class='ocrx_word' id='word_1_744' title='bbox 894 5261 1030 5331; x_wconf 76' lang='lat' dir='ltr'>filiis</span> <span class='ocrx_word' id='word_1_745' title='bbox 1105 5262 1256 5327; x_wconf 81' lang='lat' dir='ltr'>Core,</span> <span class='ocrx_word' id='word_1_746' title='bbox 1325 5263 1562 5317; x_wconf 80' lang='lat' dir='ltr'>secunda</span> <span class='ocrx_word' id='word_1_747' title='bbox 1643 5264 1868 5322; x_wconf 81' lang='lat' dir='ltr'>Sabbati</span> <span class='ocrx_word' id='word_1_748' title='bbox 1954 5270 2124 5338; x_wconf 82' lang='lat' dir='ltr'>(Psal.</span> 
     </span>
    </p>
   </div>
   <div class='ocr_carea' id='block_1_103' title="bbox 508 5382 2133 5449">
    <p class='ocr_par' dir='ltr' id='par_1_103' title="bbox 508 5382 2133 5449">
     <span class='ocr_line' id='line_1_105' title="bbox 508 5382 2133 5449; baseline 0.009 -15"><span class='ocrx_word' id='word_1_749' title='bbox 508 5382 596 5447; x_wconf 85' lang='lat'>95)</span> <span class='ocrx_word' id='word_1_750' title='bbox 623 5385 873 5439; x_wconf 77' lang='lat' dir='ltr'>Psalmus</span> <span class='ocrx_word' id='word_1_751' title='bbox 902 5388 959 5439; x_wconf 92' lang='lat' dir='ltr'>et</span> <span class='ocrx_word' id='word_1_752' title='bbox 997 5384 1285 5440; x_wconf 83' lang='lat' dir='ltr'>Canticum</span> <span class='ocrx_word' id='word_1_753' title='bbox 1341 5385 1400 5440; x_wconf 92' lang='lat' dir='ltr'>in</span> <span class='ocrx_word' id='word_1_754' title='bbox 1450 5386 1551 5442; x_wconf 91' lang='lat' dir='ltr'>Dei</span> <span class='ocrx_word' id='word_1_755' title='bbox 1597 5387 1873 5447; x_wconf 90' lang='lat' dir='ltr'>laudibus</span> <span class='ocrx_word' id='word_1_756' title='bbox 1938 5408 2133 5449; x_wconf 85' lang='lat' dir='ltr'>versa-</span> 
     </span>
    </p>
   </div>
   <div class='ocr_carea' id='block_1_104' title="bbox 530 5453 2131 5535">
    <p class='ocr_par' dir='ltr' id='par_1_104' title="bbox 530 5453 2131 5535">
     <span class='ocr_line' id='line_1_106' title="bbox 530 5453 2131 5535; baseline 0.009 -29"><span class='ocrx_word' id='word_1_757' title='bbox 530 5453 852 5535; x_wconf 45' lang='lat' dir='ltr'>antur,‘il_le</span> <span class='ocrx_word' id='word_1_758' title='bbox 878 5454 1129 5535; x_wconf 43' lang='lat' dir='ltr'>quidem.</span> <span class='ocrx_word' id='word_1_759' title='bbox 1147 5472 1303 5522; x_wconf 85' lang='lat' dir='ltr'>voce,</span> <span class='ocrx_word' id='word_1_760' title='bbox 1337 5456 1444 5535; x_wconf 81' lang='lat' dir='ltr'>hoc</span> <span class='ocrx_word' id='word_1_761' title='bbox 1475 5464 1667 5535; x_wconf 82' lang='lat' dir='ltr'>autem</span> <span class='ocrx_word' id='word_1_762' title='bbox 1722 5479 1943 5535; x_wconf 86' lang='lat' dir='ltr'>organo</span> <span class='ocrx_word' id='word_1_763' title='bbox 2003 5481 2131 5519; x_wconf 91' lang='lat' dir='ltr'>mu-</span> 
     </span>
    </p>
   </div>
   <div class='ocr_carea' id='block_1_105' title="bbox 487 5521 2132 5609">
    <p class='ocr_par' dir='ltr' id='par_1_105' title="bbox 487 5521 2132 5609">
     <span class='ocr_line' id='line_1_107' title="bbox 487 5521 2132 5609; baseline 0.01 -33"><span class='ocrx_word' id='word_1_764' title='bbox 487 5521 1050 5609; x_wconf 42' lang='lat' dir='ltr'>sico,.celebra:ndi‘s.</span> <span class='ocrx_word' id='word_1_765' title='bbox 1080 5525 1329 5609; x_wconf 43' lang='lat' dir='ltr'>Verum”</span> <span class='ocrx_word' id='word_1_766' title='bbox 1359 5528 1408 5608; x_wconf 83' lang='lat' dir='ltr'>si</span> <span class='ocrx_word' id='word_1_767' title='bbox 1457 5530 1690 5609; x_wconf 90' lang='lat' dir='ltr'>quando</span> <span class='ocrx_word' id='word_1_768' title='bbox 1743 5521 1856 5590; x_wconf 54' lang='lat' dir='ltr'>vo&#39;x</span> <span class='ocrx_word' id='word_1_769' title='bbox 1914 5551 2132 5607; x_wconf 81' lang='lat' dir='ltr'>organo</span> 
     </span>
    </p>
   </div>
   <div class='ocr_carea' id='block_1_106' title="bbox 484 5597 2133 5680">
    <p class='ocr_par' dir='ltr' id='par_1_106' title="bbox 484 5597 2133 5680">
     <span class='ocr_line' id='line_1_108' title="bbox 484 5597 2133 5680; baseline 0.013 -36"><span class='ocrx_word' id='word_1_770' title='bbox 484 5597 842 5680; x_wconf 63' lang='lat' dir='ltr'>praecineret,</span> <span class='ocrx_word' id='word_1_771' title='bbox 876 5597 1126 5680; x_wconf 59' lang='lat' dir='ltr'>Psalmis</span> <span class='ocrx_word' id='word_1_772' title='bbox 1175 5599 1381 5680; x_wconf 49' lang='lat' dir='ltr'>captiui</span> <span class='ocrx_word' id='word_1_773' title='bbox 1402 5597 1539 5680; x_wconf 34' lang='lat' dir='ltr'>:‘sin</span> <span class='ocrx_word' id='word_1_774' title='bbox 1574 5610 1786 5680; x_wconf 55' lang='lat' dir='ltr'>autem</span> <span class='ocrx_word' id='word_1_775' title='bbox 1845 5597 2133 5680; x_wconf 73' lang='lat' dir='ltr'>organum</span> 
     </span>
    </p>
   </div>
   <div class='ocr_carea' id='block_1_107' title="bbox 481 5665 2132 5752">
    <p class='ocr_par' dir='ltr' id='par_1_107' title="bbox 481 5665 2132 5752">
     <span class='ocr_line' id='line_1_109' title="bbox 481 5665 2132 5752; baseline 0.01 -29"><span class='ocrx_word' id='word_1_776' title='bbox 481 5665 628 5737; x_wconf 91' lang='lat' dir='ltr'>voci,</span> <span class='ocrx_word' id='word_1_777' title='bbox 666 5665 958 5722; x_wconf 81' lang='lat' dir='ltr'>Canticum</span> <span class='ocrx_word' id='word_1_778' title='bbox 980 5668 1184 5736; x_wconf 83' lang='lat' dir='ltr'>psalmi</span> <span class='ocrx_word' id='word_1_779' title='bbox 1220 5668 1542 5729; x_wconf 89' lang='lat' dir='ltr'>dicebatur.</span> <span class='ocrx_word' id='word_1_780' title='bbox 1574 5672 1721 5732; x_wconf 91' lang='lat' dir='ltr'>Vide</span> <span class='ocrx_word' id='word_1_781' title='bbox 1786 5665 1965 5752; x_wconf 70' lang='lat' dir='ltr'>super</span> <span class='ocrx_word' id='word_1_782' title='bbox 2020 5679 2132 5738; x_wconf 86' lang='lat' dir='ltr'>hoc</span> 
     </span>
    </p>
   </div>
   <div class='ocr_carea' id='block_1_108' title="bbox 2239 5264 3837 5349">
    <p class='ocr_par' dir='ltr' id='par_1_108' title="bbox 2239 5264 3837 5349">
     <span class='ocr_line' id='line_1_110' title="bbox 2239 5264 3837 5349; baseline -0.002 -21"><span class='ocrx_word' id='word_1_783' title='bbox 2239 5273 2568 5345; x_wconf 90' lang='lat' dir='ltr'>perioribus</span> <span class='ocrx_word' id='word_1_784' title='bbox 2584 5273 2913 5346; x_wconf 84' lang='lat' dir='ltr'>approbati,</span> <span class='ocrx_word' id='word_1_785' title='bbox 2933 5290 2999 5329; x_wconf 92' lang='lat' dir='ltr'>eo</span> <span class='ocrx_word' id='word_1_786' title='bbox 3022 5275 3180 5347; x_wconf 91' lang='lat' dir='ltr'>quod</span> <span class='ocrx_word' id='word_1_787' title='bbox 3200 5274 3479 5349; x_wconf 88' lang='lat' dir='ltr'>congruis</span> <span class='ocrx_word' id='word_1_788' title='bbox 3491 5264 3837 5339; x_wconf 59' lang='lat' dir='ltr'>sensibule</span> 
     </span>
    </p>
   </div>
   <div class='ocr_carea' id='block_1_109' title="bbox 2241 5392 3832 5475">
    <p class='ocr_par' dir='ltr' id='par_1_109' title="bbox 2241 5392 3832 5475">
     <span class='ocr_line' id='line_1_111' title="bbox 2241 5392 3832 5475; baseline 0.007 -25"><span class='ocrx_word' id='word_1_789' title='bbox 2241 5396 2506 5475; x_wconf 60' lang='lat' dir='ltr'>Cassiod.</span> <span class='ocrx_word' id='word_1_790' title='bbox 2539 5397 2671 5475; x_wconf 63' lang='lat' dir='ltr'>Prol</span> <span class='ocrx_word' id='word_1_791' title='bbox 2698 5400 2759 5475; x_wconf 63' lang='lat' dir='ltr'>iri</span> <span class='ocrx_word' id='word_1_792' title='bbox 2789 5398 2944 5453; x_wconf 72' lang='lat' dir='ltr'>Psal.</span> <span class='ocrx_word' id='word_1_793' title='bbox 2973 5414 3099 5471; x_wconf 90' lang='lat' dir='ltr'>cap.</span> <span class='ocrx_word' id='word_1_794' title='bbox 3156 5400 3195 5455; x_wconf 88' lang='lat'><strong>5</strong></span> <span class='ocrx_word' id='word_1_795' title='bbox 3239 5403 3332 5475; x_wconf 27' lang='lat' dir='ltr'>et‘</span> <span class='ocrx_word' id='word_1_796' title='bbox 3356 5415 3479 5475; x_wconf 78' lang='lat' dir='ltr'>seq.</span> <span class='ocrx_word' id='word_1_797' title='bbox 3501 5399 3638 5475; x_wconf 60' lang='lat' dir='ltr'>Item</span> <span class='ocrx_word' id='word_1_798' title='bbox 3681 5392 3832 5475; x_wconf 61' lang='lat' dir='ltr'>F119!-</span> 
     </span>
    </p>
   </div>
   <div class='ocr_carea' id='block_1_110' title="bbox 2241 5463 3832 5536">
    <p class='ocr_par' dir='ltr' id='par_1_110' title="bbox 2241 5463 3832 5536">
     <span class='ocr_line' id='line_1_112' title="bbox 2241 5463 3832 5536; baseline -0.004 -13"><span class='ocrx_word' id='word_1_799' title='bbox 2241 5467 2430 5524; x_wconf 91' lang='lat' dir='ltr'>Nobil.</span> <span class='ocrx_word' id='word_1_800' title='bbox 2463 5469 2522 5523; x_wconf 93' lang='lat' dir='ltr'>in</span> <span class='ocrx_word' id='word_1_801' title='bbox 2554 5469 2709 5524; x_wconf 88' lang='lat' dir='ltr'>hunc</span> <span class='ocrx_word' id='word_1_802' title='bbox 2740 5468 2935 5525; x_wconf 92' lang='lat' dir='ltr'>locum</span> <span class='ocrx_word' id='word_1_803' title='bbox 2968 5487 2981 5536; x_wconf 91' lang='lat'><strong>;</strong></span> <span class='ocrx_word' id='word_1_804' title='bbox 3016 5463 3121 5526; x_wconf 56' lang='lat' dir='ltr'>n&#39;ec</span> <span class='ocrx_word' id='word_1_805' title='bbox 3152 5487 3265 5526; x_wconf 91' lang='lat' dir='ltr'>non</span> <span class='ocrx_word' id='word_1_806' title='bbox 3293 5463 3464 5527; x_wconf 39' lang='lat' dir='ltr'>Gardi</span> <span class='ocrx_word' id='word_1_807' title='bbox 3500 5468 3649 5525; x_wconf 86' lang='lat' dir='ltr'>Bona</span> <span class='ocrx_word' id='word_1_808' title='bbox 3673 5467 3740 5520; x_wconf 74' lang='lat' dir='ltr'>De</span> <span class='ocrx_word' id='word_1_809' title='bbox 3761 5463 3832 5517; x_wconf 77' lang='lat' dir='ltr'>Di-</span> 
     </span>
    </p>
   </div>
   <div class='ocr_carea' id='block_1_111' title="bbox 2240 5537 3565 5613">
    <p class='ocr_par' dir='ltr' id='par_1_111' title="bbox 2240 5537 3565 5613">
     <span class='ocr_line' id='line_1_113' title="bbox 2240 5537 3565 5613; baseline 0.002 -19"><span class='ocrx_word' id='word_1_810' title='bbox 2240 5537 2552 5613; x_wconf 18' lang='lat' dir='ltr'>vinagPsal.</span> <span class='ocrx_word' id='word_1_811' title='bbox 2580 5557 2708 5612; x_wconf 91' lang='lat' dir='ltr'>cap.</span> <span class='ocrx_word' id='word_1_812' title='bbox 2741 5541 2829 5607; x_wconf 88' lang='grc'>16,</span> <span class='ocrx_word' id='word_1_813' title='bbox 2860 5541 3002 5613; x_wconf 72' lang='lat'>§42,</span> <span class='ocrx_word' id='word_1_814' title='bbox 3031 5559 3090 5597; x_wconf 88' lang='grc' dir='ltr'>ιι.</span> <span class='ocrx_word' id='word_1_815' title='bbox 3122 5542 3178 5609; x_wconf 77' lang='grc'>4,</span> <span class='ocrx_word' id='word_1_816' title='bbox 3209 5544 3387 5613; x_wconf 87' lang='lat' dir='ltr'>atque</span> <span class='ocrx_word' id='word_1_817' title='bbox 3404 5541 3565 5597; x_wconf 87' lang='lat' dir='ltr'>alios.</span> 
     </span>
    </p>
   </div>
   <div class='ocr_carea' id='block_1_112' title="bbox 2313 5611 3711 5690">
    <p class='ocr_par' dir='ltr' id='par_1_112' title="bbox 2313 5611 3711 5690">
     <span class='ocr_line' id='line_1_114' title="bbox 2313 5611 3711 5690; baseline -0.001 -24"><span class='ocrx_word' id='word_1_818' title='bbox 2313 5611 2428 5687; x_wconf 84' lang='lat'>(96)</span> <span class='ocrx_word' id='word_1_819' title='bbox 2449 5611 2628 5670; x_wconf 91' lang='lat' dir='ltr'>Iidem</span> <span class='ocrx_word' id='word_1_820' title='bbox 2642 5611 2810 5681; x_wconf 83' lang='lat' dir='ltr'>mss.,</span> <span class='ocrx_word' id='word_1_821' title='bbox 2844 5612 2983 5687; x_wconf 83' lang='lat' dir='ltr'>quod</span> <span class='ocrx_word' id='word_1_822' title='bbox 3018 5616 3070 5671; x_wconf 80' lang='lat' dir='ltr'>et</span> <span class='ocrx_word' id='word_1_823' title='bbox 3098 5615 3160 5672; x_wconf 84' lang='lat' dir='ltr'>in</span> <span class='ocrx_word' id='word_1_824' title='bbox 3185 5611 3447 5690; x_wconf 74' lang='lat' dir='ltr'>grabibu:</span> <span class='ocrx_word' id='word_1_825' title='bbox 3466 5612 3711 5671; x_wconf 67' lang='lat' dir='ltr'>seruitus.</span> 
     </span>
    </p>
   </div>
  </div>
