4146 6190
336 347 489 416 θοι

1400 335 1857 400 ENAltRATIO
1898 336 1979 402 1N
2023 298 2403 411 PSALMUM
2448 343 2688 409 XLVII.

3601 343 3768 413 12οΞ

332 487 391 544 et
419 473 875 556 cogitationibus
906 473 980 533 ad
1012 470 1299 531 virtutum
1348 471 1547 528 studia
1594 469 1984 528 convenienti-
2015 477 2074 546 Α
2100 493 2270 536 cusso
2295 477 2584 536 velamine
2615 476 2750 551 (98).
2783 476 2966 535 David
3017 481 3218 537 autem
3267 480 3376 538 sub
3405 441 3548 557 lege
3594 481 3753 556 posi-

330 575 446 633 bus
477 573 538 628 in
570 566 902 640 semetipsis
932 567 1267 638 pangerent
1309 561 1571 634 spiritale
1617 559 1981 633 psalterium,

331 669 389 722 et
419 658 739 735 cognitioni
787 653 1133 721 divinitatis,
1181 651 1495 724 pervigiles
1545 650 1781 722 specula
1822 667 1984 707 men-

327 753 406 809 tis
435 751 552 824 (97)
575 746 802 814 intenti,
824 742 1152 799 cmlestium
1176 739 1593 813 mysteriorum
1615 739 1775 812 digni
1797 740 1985 798 forent

326 840 566 898 haurire
597 838 834 894 secreta.
867 833 934 886 Et
965 832 1096 887 ideo
1129 847 1264 886 cum
1297 827 1663 900 psaimorum
1714 832 1846 883 ante
1896 847 1981 884 ar-

326 947 458 987 cam
489 925 719 984 Domini
750 920 1014 994 quotidie
1066 919 1466 976 canendorum
1518 934 1738 974 munus
1767 921 1822 973 et
1853 918 1979 972 ofﬁ-

325 1020 484 1075 cium
527 1012 906 1086 recepissent,
970 1008 1247 1064 videntur
1315 1005 1508 1073 electi,
1573 1010 1636 1061 ut
1682 1005 1978 1078 psalmum

324 1104 536 1163 cantici
583 1104 644 1158 in
695 1099 955 1156 secunda
999 1097 1241 1154 Sabbati
1288 1095 1620 1167 specialiter
1660 1095 1981 1167 reciperent

322 1192 779 1251 concinendum.
811 1187 1040 1244 Etenim
1073 1187 1290 1258 quibus
1323 1188 1477 1240 recte
1515 1185 1821 1241 videbatur
1848 1201 1978 1242 esse

319 1281 734 1348 commissum,
767 1281 832 1333 ut
861 1276 1268 1333 ascensionem
1300 1273 1534 1329 Domini
1555 1274 1628 1328 ab
1661 1273 1861 1329 inferis
1893 1291 1978 1329 re-

321 1370 621 1443 surgentis
651 1384 785 1424 voce
815 1383 924 1422 sua
955 1363 1294 1437 psallerent,
1343 1361 1438 1417 his
1480 1362 1681 1433 utique
1715 1362 1974 1417 deferen-

321 1460 465 1516 dum
498 1459 628 1524 fuit,
670 1457 731 1511 in
786 1455 985 1526 ipsum
1036 1449 1481 1508 resurrectionis
1530 1450 1684 1506 diem
1733 1467 1975 1506 munere

323 1566 432 1604 suo
463 1544 910 1615 ministerioque
961 1540 1312 1596 celebraent.
1366 1538 1514 1602 Quid
1563 1543 1651 1594 est
1696 1539 1853 1594 enim
1882 1557 1974 1595 se-

323 1638 518 1693 cunda
547 1633 807 1698 Sabbati,
851 1629 964 1686 nisi
999 1628 1304 1684 Dominica
1342 1626 1467 1682 dies
1499 1644 1626 1697 quae
1658 1627 1971 1683 sabbatum

321 1722 718 1798 sequebatur?
739 1720 870 1776 Dies
894 1721 1088 1774 autem
1111 1716 1352 1773 Sabbati
1375 1720 1500 1771 erat
1521 1716 1748 1772 dierum
1771 1717 1973 1773 ordine

321 1814 627 1888 posterior,
679 1806 1140 1866 sanctiﬁcatione
1183 1804 1328 1877 legis
1377 1803 1652 1860 anterior.
1706 1806 1817 1860 Sed
1869 1805 1971 1859 ubi

323 1902 460 1958 ﬁnis
489 1900 637 1972 legis
668 1896 920 1964 advenit,
961 1894 1063 1966 qui
1112 1898 1202 1950 est
1249 1892 1520 1948 Christus
1569 1893 1744 1948 Jesus
1774 1915 1802 1943 «
1837 1894 1972 1949 finis

323 1991 481 2048 enim
539 1991 717 2057 (Rom.
783 2004 839 2053 x,
900 1985 953 2056 4)
1009 1983 1158 2055 legis
1222 1981 1492 2037 Christus
1551 1983 1625 2036 ad
1675 1980 1972 2050 justitiam

321 2080 481 2137 omni
541 2076 819 2143 credenti,
869 2097 895 2124 »
953 2077 1012 2129 et
1067 2071 1493 2128 resurrectione
1547 2087 1656 2127 sua
1709 2074 1970 2127 octavam

323 2165 743 2227 sanctiﬁcavit:
775 2162 949 2235 ccepit
978 2163 1184 2218 eadem
1214 2161 1406 2232 prima
1435 2175 1586 2226 esse,
1610 2176 1740 2231 quae
1769 2163 1974 2215 octava

323 2263 436 2323 est,
467 2262 524 2312 et
555 2259 755 2312 octava
772 2270 898 2324 qua:
920 2251 1111 2324 prima
1134 2267 1147 2304 :
1172 2250 1397 2305 habens
1422 2265 1490 2304 ex
1510 2247 1741 2304 numeri
1766 2248 1972 2304 ordine

325 2345 784 2420 praerogativam,
817 2347 876 2398 et
903 2358 974 2397 ex
1003 2337 1429 2395 resurrectione
1476 2337 1707 2392 Domini
1748 2336 1970 2392 sancti-

323 2440 524 2492 tatem.
574 2433 734 2489 Unde
783 2436 841 2486 et
888 2430 948 2485 in
1006 2426 1314 2500 Evangelio
1361 2425 1610 2497 legimus
1636 2425 1967 2488 δευτερόπρω-

323 2541 410 2575 τον
441 2523 761 2580 Sabbatum
794 2521 941 2592 (Luc.
972 2535 1050 2586 vx,
1084 2517 1161 2588 i),
1194 2517 1351 2587 quod
1398 2516 1601 2570 Latine
1630 2515 1845 2571 dicitur
1875 2531 1965 2570 se-

327 2613 522 2671 cundo
570 2609 846 2683 primum.
897 2606 1005 2663 Ubi
1053 2604 1210 2660 enim
1271 2603 1574 2659 Dominica
1621 2603 1745 2659 dies
1796 2604 1972 2675 coepit

328 2699 674 2776 praecellere,
707 2715 824 2770 qua
869 2694 1154 2751 Dominus
1197 2691 1612 2760 resurrexerit;
1647 2692 1968 2749 Sabbatum

322 2791 479 2864 quod
503 2789 760 2862 primum
781 2789 925 2853 erat,
945 2783 1272 2840 secundum
1295 2780 1494 2837 haberi
1513 2782 1686 2853 cmpit
1704 2799 1738 2837 a
1755 2781 1964 2853 primo.

322 2880 515 2936 Prima
563 2877 722 2934 enim
772 2874 1006 2946 requies
1068 2871 1336 2938 cessavit,
1389 2871 1646 2926 secunda
1693 2871 1966 2927 sucessit.

324 2969 484 3024 Unde
533 2972 590 3023 et
665 2965 738 3022 ad
798 2964 1069 3019 Hebraeos
1139 2958 1403 3016 scribens
1477 2959 1789 3031 Apostolus
1847 2959 1964 3014 ait:

330 3081 358 3106 ‹‹
409 3056 640 3111 Postera
689 3069 826 3125 ergo
885 3052 977 3106 die
1031 3053 1211 3104 restat
1269 3048 1502 3120 requies
1568 3047 1782 3120 populo
1840 3047 1963 3103 Dei.

321 3144 685 3201 Festinemus
715 3141 895 3214 igitur
925 3139 1142 3193 intrare
1173 3137 1233 3191 in
1280 3135 1444 3192 illam
1489 3137 1750 3208 requiem
1781 3136 1963 3207 (Hebr.

323 3251 401 3302 IV,
430 3234 609 3303 9-H).
644 3253 672 3282 »

389 3325 444 3377 2.
478 3319 730 3392 Requies
772 3332 910 3388 ergo
937 3329 1074 3368 vera
1093 3313 1221 3382 jam
1270 3328 1385 3367 non
1435 3313 1493 3365 in
1544 3312 1736 3382 operis
1767 3326 1960 3365 cessa-

319 3410 498 3482 tione,
531 3409 632 3466 sed
663 3408 721 3461 in
754 3398 1196 3459 resurrectionis
1248 3403 1338 3454 est
1384 3403 1663 3470 tempore.
1715 3397 1964 3466 Ideoque

322 3499 424 3571 qui
455 3496 693 3554 Sabbati
724 3491 1053 3548 secundum
1083 3488 1268 3560 legem
1310 3487 1739 3544 solemnitatem
1773 3489 1965 3541 custo-

320 3588 582 3650 diebant,
617 3599 797 3638 unam
828 3577 1052 3635 Sabatti
1084 3578 1528 3650 nuncupabant,
1579 3574 1748 3647 quasi
1781 3591 1965 3630 unum

323 3678 482 3731 esset
508 3672 833 3728 Sabbatum
865 3671 922 3724 et
951 3682 1066 3721 non
1115 3667 1298 3722 aliud.
1333 3667 1449 3722 Nos
1501 3665 1602 3737 qui
1653 3665 1965 3720 observan-

323 3763 470 3819 tiam
499 3762 645 3818 987
684 3757 988 3814 induimus
1019 3755 1363 3827 spiritalem,
1396 3760 1452 3812 et
1503 3755 1573 3810 ad
1627 3751 1967 3810 similitudi-

326 3868 460 3909 nem
509 3855 566 3907 et
613 3848 878 3921 requiem
939 3844 1039 3901 Dei
1089 3845 1360 3917 cupimus
1409 3848 1670 3900 nostram
1720 3842 1970 3896 formare

325 3939 619 4008 militiam,
668 3942 845 4010 atque
891 3936 951 3992 in
1014 3935 1116 3991 illa
1163 3932 1395 3990 civitate
1437 3931 1652 3988 ccelesti
1702 3935 1968 3987 nostrum

326 4029 595 4087 exhibere
627 4027 1059 4084 ministerium:
1096 4024 1194 4080 ubi
1229 4039 1344 4078 non
1385 4027 1476 4078 est
1503 4020 1819 4093 exemplar,
1854 4037 1966 4075 non

327 4119 559 4185 umbra,
592 4117 694 4172 sed
724 4116 960 4188 veritas,
1003 4115 1255 4188 primam
1307 4112 1559 4167 dicimus
1605 4109 1865 4176 Sabbati,
1900 4110 1974 4164 si-

328 4212 429 4264 cut
457 4206 742 4279 scriptum
773 4210 864 4260 est
895 4223 907 4259 :
939 4226 968 4255 ‹‹
1008 4203 1262 4274 Vespere
1305 4205 1500 4256 autem
1553 4199 1810 4266 Sabbati,
1845 4216 1972 4270 quae

330 4295 650 4352 incessi-tiu
675 4295 865 4366 prima
893 4291 1134 4349 Sabbati
1165 4289 1372 4361 (Matth.
1405 4305 1624 4354 xxvmi,
1662 4288 1730 4358 1).
1767 4311 1793 4336 ››
1817 4287 1973 4342 Nihil

333 4390 530 4443 autem
561 4383 886 4457 pulchrius,
921 4379 1068 4436 nihil
1124 4377 1482 4450 expressius.
1511 4377 1655 4431 Ante
1685 4393 1972 4432 resurrec-

332 4475 552 4530 tionem
578 4473 899 4529 Sabbatum
943 4469 1108 4536 dixit,
1163 4470 1298 4540 post
1344 4464 1826 4521 resurrectionem
1858 4465 1975 4537 pri-

335 4579 492 4620 mam
523 4561 767 4618 Sabbati
800 4557 1178 4631 nuncupavit.
1226 4555 1483 4611 Joannes
1535 4571 1766 4626 quoque
1793 4555 1976 4612 Evan-

334 4652 544 4725 gelista
571 4649 748 4706 dicit:
784 4671 813 4698 «
849 4647 1043 4704 Prima
1089 4643 1328 4702 Sabbati
1374 4642 1534 4699 venit
1576 4659 1746 4700 mane
1797 4644 1978 4700 Maria

339 4739 704 4813 Magdalena,
737 4754 872 4794 cum
903 4736 1094 4792 adhuc
1140 4733 1396 4790 tenebrae
1437 4736 1633 4788 essent
1674 4733 1850 4804 (Joan.
1884 4751 1978 4802 xx,

340 4832 410 4903 1).
439 4851 466 4880 ››
496 4829 772 4885 Tenebrae
802 4842 906 4900 pro
938 4831 1221 4898 tempore,
1272 4837 1444 4878 mane
1495 4838 1598 4894 pro
1629 4821 1833 4894 gratia.
1868 4823 1979 4879 Sed

336 4919 434 4977 isti
480 4916 816 4991 expressius
863 4914 1191 4972 secundum
1238 4909 1637 4983 Evangelium,
1687 4911 1853 4982 quasi
1893 4928 1980 4967 re-

411 5094 524 5166 (97)
557 5093 644 5166 Ita
674 5092 934 5166 plerique
965 5108 1111 5166 mss.
1145 5091 1622 5166 quo_run_1__tamen
1647 5087 1984 5166 aliqui.co_n-

333 5158 590 5237 junctim
618 5158 1314 5237 Ιθὲυηιξδρρςνιςιαζηέηιίδ.
1363 5158 1465 5215 liis
1484 5232 1492 5237 _
1513 5158 1797 5237 accedunt
1825 5160 1980 5237 Colb.

340 5229 397 5293 et
423 5237 594 5305 Vict.,
627 5229 741 5291 nivei
767 5229 921 5307 quod
974 5233 1067 5288 hic
1113 5233 1306 5307 habet,
1335 5232 1643 5307 perqz'gitis,
1668 5229 1786 5307 ille,
1811 5234 1987 5302 pervi-

342 5300 745 5382 gilibusilleg.
773 5300 830 5361 et
859 5321 992 5382 cum
1025 5301 1393 5382 eoqu'zedam
1447 5300 1628 5382 Paris.
1661 5300 1832 5369 edit.,
1859 5318 1982 5382 per:-

342 5372 536 5450 in'giles
565 5372 779 5449 δρθοῖιίο
806 5377 1023 5450 mentis.
1056 5372 1180 5450 vet.
1211 5373 1349 5450 edit.
1393 5386 1457 5425 ac
1499 5372 1698 5450 item”
1730 5375 1991 5450 per-vigili

343 5442 725 5522 spkulafetc.
759 5445 1003 5517 Specula
1033 5449 1229 5498 autem
1260 5442 1423 5496 locus
1450 5442 1640 5496 editus
1685 5442 1773 5497 eet
1817 5449 1989 5516 atque

346 5522 417 5570 ad
451 5517 807 5570 sneculanda
853 5516 1177 5570 longinqua
1226 5515 1491 5569 idoneus.
1544 5513 1704 5569 Unde
1736 5518 1894 5570 praef.
1932 5517 1989 5570 in

346 5518 417 5576 ad
451 5518 807 5590 speculanda
853 5518 1177 5643 longinqua
1226 5518 1491 5569 idoneus.
1546 5518 1704 5569 Unde
1736 5518 1894 5586 praef.
1932 5518 1989 5570 in

342 5589 496 5665 vpsal.
531 5605 765 5665 1,_num.
795 5590 852 5652 2,
887 5587 962 5644 ha
1004 5604 1103 5665 es:
1130 5587 1385 5665 littora-nt
1424 5585 1841 5665 (scepulorum)
1873 5605 1989 5659 spe-

345 5656 479 5720 ἑιιια
509 5656 754 5718 aliorum
784 5674 934 5730 usus,
975 5663 1083 5717 etc.
1130 5659 1237 5716 Per
1266 5656 1665 5729 metaphoram
1698 5656 1831 5716 vero
1887 5656 1988 5732 pro

2093 572 2210 638 tus,
2241 578 2298 628 et
2328 569 2790 628 moderationem
2824 569 3014 624 tenuit
3045 569 3157 642 (99)
3203 571 3408 627 debita:
3438 574 3751 640 cantionis,

2093 662 2150 713 et
2179 660 2524 732 mysterium
2571 675 2687 712 non
2747 659 3050 730 repressit,
3114 664 3178 715 ut
3220 662 3477 718 secunda
3513 662 3755 718 Sabbati

2093 746 2245 802 diem
2294 748 2664 804 Dominicam
2718 746 3080 817 declararet;
3135 766 3250 820 quo
3316 752 3471 822 apud
3518 751 3754 807 Judaeos
3807 822 3812 826 τ

2091 836 2354 891 ordinem
2402 835 2636 891 numeri
2685 839 2915 905 putaret
2961 853 3090 892 esse
3151 843 3469 904 servatum,
3523 845 3583 895 et
3625 839 3751 911 spi-

2091 924 2259 980 ritale
2284 929 2724 981 sacramentum
2768 930 3111 996 agnosceret
3159 927 3498 983 revelatum.
3532 929 3753 984 Audia-

2091 1029 2225 1069 mus
2256 1014 2436 1085 igitur
2465 1012 2570 1084 qui
2597 1011 2773 1082 dicat,
2818 1013 2919 1083 qui
2966 1013 3024 1068 in
3075 1017 3334 1072 secunda
3364 1016 3603 1072 Sabbati
3637 1022 3749 1074 Deo

2088 1101 2309 1172 psallit.

2156 1191 2210 1244 3.
2245 1190 2431 1261 (Vers.
2478 1190 2536 1260 2)
2593 1210 2620 1239 «
2653 1189 2980 1261 Magnus,»
3033 1191 3248 1264 inquit,
3298 1217 3327 1243 «
3360 1194 3648 1251 Dominus
3694 1200 3753 1253 et

2082 1277 2398 1334 laudabilis
2454 1278 2661 1345 nimis,
2697 1278 2755 1332 in
2816 1280 3048 1336 civitate
3088 1283 3186 1337 Dei
3250 1284 3452 1347 nostri,
3512 1284 3572 1338 in
3620 1285 3748 1342 loco

2085 1373 2287 1422 sancto
2324 1368 2474 1438 ejus.
2515 1389 2544 1416 ››
2582 1369 2709 1421 Non
2757 1385 2892 1441 ergo
2940 1369 3159 1441 ubique
3210 1377 3358 1427 Deus
3406 1389 3659 1445 magnus
3689 1379 3749 1430 et

2082 1455 2398 1511 laudabilis
2420 1460 2553 1512 est?
2575 1456 2676 1511 Ille
2699 1457 2934 1528 quidem
2954 1459 3172 1532 ubique
3190 1477 3440 1533 magnus
3463 1466 3521 1517 et
3539 1468 3747 1534 potens

2081 1549 2208 1608 est;
2244 1546 2344 1600 scd
2377 1550 2635 1616 augusta
2682 1561 2848 1602 mens
2900 1565 3017 1603 non
3069 1550 3224 1620 capit
3268 1551 3745 1622 magnitudinem

2083 1633 2290 1689 divinae
2335 1636 2462 1704 eius
2513 1637 2825 1706 potestatis
2874 1641 2931 1691 ct
2986 1638 3206 1709 gratiae.
3264 1642 3492 1704 Quanto
3549 1646 3744 1698 autem

2082 1722 2272 1794 magis
2321 1723 2762 1795 appropinquat
2814 1725 2928 1779 Deo
2990 1730 3195 1781 nostra
3242 1728 3520 1798 cognitio,
3572 1734 3735 1786 tanto

2002 1845 2051 1910 Β
2082 1809 2503 1881 praecellentior
2552 1812 2683 1882 ejus
2737 1812 2906 1868 nobis
2964 1813 3196 1868 videtur
3257 1831 3386 1870 esse
3437 1818 3741 1888 majestas.

2083 1897 2344 1969 Denique
2376 1899 2639 1955 Thomas
2671 1901 2771 1972 qui
2817 1906 2953 1956 ante
3001 1901 3266 1957 dicebat:
3303 1925 3330 1952 «
3383 1904 3509 1960 Nisi
3541 1906 3739 1962 videro

2080 1986 2143 2041 in
2185 1986 2458 2043 manibus
2489 1990 2621 2059 ejus
2654 1991 2872 2044 lixuras
2903 1989 3218 2058 clavorum,
3254 1995 3310 2046 et
3342 1993 3575 2049 mittam
3610 2013 3742 2053 ma-

2083 2091 2226 2130 num
2259 2091 2450 2130 meam
2484 2077 2545 2131 in
2577 2077 2738 2132 latus
2767 2078 2921 2149 ejus,
2969 2095 3084 2134 non
3134 2081 3365 2136 credam
3414 2083 3608 2152 (Joan.
3643 2102 3737 2153 xx,

2079 2165 2170 2235 25)
2198 2189 2211 2231 ;
2248 2185 2274 2213 »
2307 2165 2404 2219 ubi
2437 2165 2604 2220 misit
2636 2166 2889 2237 digitum
2923 2183 3119 2236 suum,
3152 2173 3208 2224 et
3236 2168 3527 2228 evidentia
3548 2187 3740 2228 resur-

2082 2251 2359 2308 rectionis
2390 2254 2664 2325 cognovit
2707 2253 2946 2322 indicia,
2991 2257 3290 2312 admirans
3339 2258 3497 2316 intra
3546 2278 3610 2317 se
3638 2262 3740 2318 Dei

2080 2341 2366 2412 gratiam:
2401 2364 2428 2389 ‹‹
2465 2341 2774 2410 Dominus,
2826 2366 2854 2392 »
2905 2344 3116 2415 inquit,
3174 2368 3202 2395 ‹‹
3257 2363 3424 2403 meus
3474 2354 3531 2404 et
3582 2351 3738 2406 Deus

2081 2445 2250 2485 meus
2278 2429 2438 2498 (Ibid.
2471 2430 2584 2500 28).
2619 2453 2648 2478 »
2681 2432 2846 2487 Tunc
2889 2449 3024 2504 ergo
3073 2433 3415 2505 plenissime
3464 2437 3736 2494 divinita-

2080 2522 2198 2573 tem
2231 2518 2358 2588 ejus
2388 2518 2974 2592 dominationemque
3005 2524 3308 2580 confessus
3339 2529 3446 2595 est,
3473 2527 3576 2582 ubi
3597 2544 3735 2584 eum

2080 2605 2471 2662 resurrexisse
2530 2607 2647 2660 nod
2685 2607 2976 2665 dubitavit
3005 2615 3078 2665 ab
3121 2611 3344 2667 inferis.
3379 2613 3642 2686 Denique
3674 2617 3732 2671 in

2079 2695 2216 2751 Sion
2241 2695 2497 2766 hymnus
2527 2694 2719 2750 Deum
2751 2697 2934 2764 decet,
2968 2702 3022 2754 et
3047 2703 3246 2755 votum
3292 2701 3343 2756 ei
3374 2700 3621 2758 solvitur
3671 2705 3731 2760 in

2077 2782 2426 2840 Jesusalem.
2461 2782 2611 2848 Quid
2638 2782 2822 2855 igitur
2840 2786 3056 2842 mirum
3079 2788 3128 2844 si
3149 2788 3208 2843 in
3232 2789 3461 2847 civitate
3481 2791 3730 2862 caelesti,

2077 2873 2221 2929 etin
2271 2871 2372 2927 illo
2425 2887 2684 2943 superno
2743 2882 2801 2929 et
2857 2876 3102 2933 aethereo
3152 2877 3276 2934 loco
3322 2879 3582 2950 potentia
3603 2881 3732 2953 ejus

2075 2960 2481 3017 vehementius
2509 2961 2860 3030 praedicatur
2879 2965 2908 3020 ?

2147 3052 2199 3105 4.
2233 3050 2396 3107 Vers.
2447 3049 2525 3119 3.)
2575 3050 2854 3107 Addidit:
2890 3076 2919 3104 «
2975 3054 3236 3112 Dilatans
3280 3057 3728 3115 exsultationem

2077 3139 2359 3194 universa-3
2391 3141 2574 3192 terra}.
2611 3159 2640 3186 ››
2677 3139 2746 3194 Et
2772 3157 2904 3196 vere
2936 3142 3013 3213 (4)
3056 3160 3308 3215 magnus
3361 3144 3592 3212 dicitur,
3627 3148 3728 3218 qui

1995 3212 2038 3278 C
2073 3227 2247 3283 istius
2277 3231 2442 3282 terra:
2473 3224 2531 3280 in
2564 3243 2682 3298 qua
2703 3232 2835 3285 ante
2861 3212 3318 3288 intolerabilium
3354 3212 3725 3306 peccatorum

2072 3317 2338 3388 germina
2368 3313 2762 3386 pullulabant,
2803 3319 2903 3374 ubi
2950 3324 3075 3376 erat
3125 3337 3342 3376 mmror
3387 3322 3636 3380 tristitia:
3666 3327 3726 3380 et

2073 3405 2348 3474 gemitus,
2381 3403 2831 3462 exsultationem
2869 3411 2988 3463 toto
3039 3410 3178 3464 orbe
3231 3409 3488 3479 diffudit,
3523 3413 3721 3484 itaque

2074 3491 2383 3547 hominum
2406 3492 2765 3547 conscientia
2787 3512 2914 3566 quae
2938 3500 3073 3551 ante
3097 3498 3455 3569 ﬂagitiorum
3480 3517 3722 3557 suorum

2075 3579 2406 3653 gurgitibus
2424 3578 2692 3635 demersa
2714 3582 2968 3653 lugebat,
2987 3601 3144 3638 nunc
3177 3602 3280 3655 per
3300 3587 3726 3661 indulgentiam

2075 3667 2311 3730 Christi,
2346 3670 2403 3721 et
2434 3665 2841 3724 remissionem
2873 3672 3140 3725 omnium
3167 3679 3540 3741 peccatorum
3567 3682 3727 3733 metu

2077 3756 2345 3813 absoluta
2374 3754 2623 3809 laetatur.
2659 3757 2940 3812 Convenit
2968 3758 3150 3830 igitur
3176 3759 3284 3814 etsi
3331 3761 3412 3816 ita
3441 3762 3731 3834 intelligas

2079 3863 2237 3914 mus,
2269 3849 2333 3901 ut
2363 3844 2623 3900 diximus
2652 3862 2665 3910 ;
2703 3847 2803 3900 sed
2838 3847 2977 3917 quia
3006 3847 3064 3900 in
3096 3848 3344 3904 vetustis
3387 3850 3731 3921 exemplari-

2079 3937 2191 3992 bus
2276 3933 2571 4005 aliquibus
2663 3935 3051 4006 reperimus:
3143 3934 3314 3999 εὐρίζῳ
3396 3937 3734 4000 ἀγαλλιάματι

2078 4027 2236 4083 πάσης
2263 4026 2351 4083 τῆς
2378 4025 2500 4085 γῆς
2534 4025 2687 4094 quod
2741 4024 2942 4079 Latine
2991 4023 3285 4095 significat
3342 4026 3494 4081 bona
3542 4025 3735 4081 radice

2080 4112 2434 4170 exultatione
2467 4113 2751 4168 universae
2785 4117 2950 4167 terrae
2981 4129 2992 4167 :
3029 4128 3270 4168 sensum
3302 4114 3540 4184 quidem
3572 4131 3734 4169 eum-

2083 4204 2215 4258 dem
2249 4201 2646 4256 advertimus:
2683 4201 2820 4271 quia
2861 4200 3058 4255 divina
3085 4199 3145 4254 in
3197 4201 3365 4256 nobis
3414 4201 3517 4256 Dei
3550 4202 3735 4257 Patris

2083 4293 2237 4347 dona
2283 4289 2619 4355 laudantur,
2681 4289 2781 4360 qui
2842 4289 3001 4344 debit
3059 4288 3228 4344 nobis
3283 4289 3734 4345 exsultationem

2087 4381 2239 4436 bona
2271 4379 2464 4435 radice
2496 4378 2822 4445 fundatum,
2857 4378 3041 4432 Deum
3072 4377 3340 4433 videlicet
3380 4379 3609 4446 Jesum,
3640 4395 3753 4434 ve-.

2085 4483 2212 4525 ram
2243 4473 2302 4524 et
2330 4466 2813 4523 fecundissimam
2848 4467 3001 4522 938
3041 4466 3241 4534 vitem,
3281 4467 3351 4522 de
3394 4484 3512 4539 qua
3542 4485 3736 4523 sacra-

2011 4582 2056 4646 D
2087 4561 2286 4614 menta
2334 4557 2550 4646 fluxere
2580 4554 2896 4646 coelestia:
2933 4554 3011 4646 in
3065 4555 3282 4646 quibus
3323 4560 3412 4611 est
3459 4561 3737 4628 perpetua

2089 4651 2144 4702 et
2173 4647 2450 4701 diuturna
2479 4643 2699 4708 laetitia,
2733 4643 2886 4714 quod
2933 4642 3024 4698 his
3072 4643 3346 4700 abluatur
3393 4661 3566 4700 omne
3595 4661 3726 4714 pecs

2089 4739 2308 4802 catum,
2366 4737 2424 4788 et
2483 4732 2842 4788 conscientia
2918 4731 3149 4789 interna
3207 4734 3554 4788 mundetur:
3612 4730 3729 4785 elo-

2091 4823 2508 4891 cutionemque
2557 4821 2864 4877 convenire
2913 4822 3365 4892 cognoscimus;
3414 4818 3553 4888 quia
3595 4819 3740 4873 bene

2093 4911 2350 4968 radicata
2407 4908 2796 4967 exsultatione
2857 4909 3145 4978 laetamur,
3215 4908 3313 4979 qui
3374 4905 3740 4963 exsultamus

2095 5089 2332 5148 sublimi
2354 5091 2439 5146 vel
2461 5092 2680 5146 intenta
2695 5087 2909 5144 mentis
2921 5088 3150 5158 contem
3163 5085 3419 5157 platione
3435 5084 3738 5158 accipitur.

2165 5163 2275 5234 (98)
2312 5163 2474 5217 Rom.
2509 5163 2671 5234 edit,,
2707 5160 2864 5229 quasi
2894 5157 3062 5234 reciso
3092 5159 3384 5234 velamine.

2168 5227 2280 5304 (99)
2314 5234 2480 5288 Rom.
2515 5233 2680 5298 edit.,
2708 5227 2757 5286 et
2786 5229 3220 5304 modulationem
3260 5229 3455 5304 tenuit.
3506 5227 3643 5283 Alias
3675 5245 3743 5284 ac

2098 5299 2239 5360 mss.
2251 5299 2268 5374 ,
2299 5313 2347 5360 ct
2376 5305 2830 5374 moderationem,
2868 5303 2975 5354 etc.
3028 5299 3163 5374 Sed_
3185 5299 3426 5371 quidam
3477 5316 3579 5374 pro
3611 5316 3744 5374 can-

2101 5370 2296 5451 tionis,
2322 5373 2785 5451 antiquariorum
2819 5370 2982 5440 lapsu
3017 5370 3348 5451 praeferunt,
3380 5373 3669 5451 cautionis.

2171 5449 2245 5516 (1)
2276 5448 2439 5500 Rom.
2465 5441 2622 5498 edit.
2662 5442 2803 5516 sola
2841 5441 3161 5516 prtem-issis
3213 5443 3452 5516 duobus
3501 5441 3745 5514 integris

2101 5511 2310 5589 psalmi
2342 5517 2625 5580 versibus,
2662 5515 2768 5567 hoc
2791 5512 3200 5589 hemistichion
3231 5514 3502 5589 adnectit,
3529 5531 3594 5569 ac
3616 5511 3744 5589 tium

2103 5584 2372 5660 subjicit:
2408 5589 2562 5643 Recte
2591 5602 2760 5658 supra
2799 5584 2976 5639 dixit:
3029 5584 3249 5657 Magnus
3292 5587 3571 5642 Dominus.
3608 5587 3746 5641 Nam

2105 5676 2244 5729 vere,
2278 5663 2387 5715 etc.
