4146 6190
463 332 622 407 nos
1904 331 1969 395 s.
2021 328 2394 396 AMBROSII
3646 341 3762 408 ηοι

465 470 526 530 in
583 470 830 529 Christo.
892 466 1098 529 Saculi
1133 467 1315 527 enim
1373 465 1572 526 laetitia
1630 467 1971 539 temporalis
2013 472 2121 531 est,
2155 470 2210 534 Α
2242 471 2356 522 tota
2393 473 2663 523 nutaret:
2699 466 2954 540 praecelsi
2979 463 3146 541 quasi
3169 464 3428 540 culmina,
3453 471 3539 544 qui
3557 476 3764 533 verticem

463 565 743 635 perpetua
797 563 992 616 autem
1051 558 1250 616 laetitia
1306 560 1436 630 ejus
1495 559 1595 630 qui
1655 558 1871 629 gaudet
1917 557 1977 611 in
2010 557 2118 611 Du-
2227 559 2356 627 ejus
2385 558 2651 613 turribus
2683 574 2801 614 suae
2833 557 3066 615 virtutis
3116 558 3404 614 erexerint.
3445 561 3635 619 Etenim
3658 566 3774 621 sicut

469 649 650 707 mino.
2227 646 2287 701 in
2319 645 2593 716 operibus
2613 647 2738 702 suis
2758 647 3046 712 conditor,
3070 651 3126 701 et
3148 646 3205 700 in
3226 647 3658 707 mdiﬁcationibus
3682 655 3774 709 suis

536 739 593 793 5.
629 738 820 810 (Vers.
855 737 909 809 4)
959 759 988 786 ‹‹
1022 738 1184 793 Mons
1243 737 1403 803 Sion,
1458 735 1640 790 latera
1691 733 2004 805 aquilonis,
2037 733 2118 788 ci-
2229 735 2544 790 aediﬁcator
2571 735 2948 807 agnoscitur;
2980 740 3045 790 ut
3091 735 3313 790 etiamsi
3366 753 3555 793 nomen
3582 757 3676 796 non
3698 759 3774 797 au-

465 825 617 884 vitas
647 825 803 898 regis
833 825 1054 898 magni.
1087 825 1242 881 Deus
1275 824 1332 878 in
1368 823 1651 895 gradidus
1672 824 1800 893 ejus
1823 821 2123 894 dignosce-
2230 823 2380 890 dias,
2412 828 2604 879 tamen
2637 839 2706 879 ex
2754 840 2997 897 operum
3054 825 3218 880 989
3266 824 3522 894 qualitate
3561 827 3775 884 artiﬁcem

467 920 586 984 tur,
620 931 755 973 cum
787 913 1069 985 suscipiet
1099 929 1247 968 eam.
1283 934 1310 962 »
1355 913 1472 968 Cur
1519 911 1595 968 sit
1643 910 1952 966 exsultatio
1986 911 2120 964 uni-
2230 912 2635 984 deprehendas
2689 914 2770 982 (et
2816 913 2957 984 quid
3009 914 3227 968 mirum
3278 913 3345 968 de
3391 913 3644 982 humanis,
3678 934 3774 971 cum

468 1021 649 1061 versas
731 1008 920 1068 terrae,
1007 1002 1303 1057 evidenter
1405 1001 1741 1072 expresnit;
1841 998 2120 1070 quoniam

474 1093 761 1150 Dominus
817 1092 994 1147 Jesus
1050 1089 1369 1145 Ecclesiam
1429 1089 1540 1144 sibi
1596 1106 1664 1144 ex
1721 1087 2123 1160 peccatoribus

474 1180 872 1253 congregavit.
904 1180 1107 1249 Itaque
1129 1178 1232 1250 qui
1258 1182 1424 1234 erant
1443 1183 1577 1233 ante
1600 1177 1784 1232 latera
1803 1175 2120 1247 aquilonis,

475 1270 535 1327 id
565 1274 673 1334 est,
723 1268 864 1324 socii
911 1272 971 1322 et
1014 1267 1365 1324 inhaerentes
1417 1266 1667 1326 diabolo.
1720 1265 1812 1321 cui
1865 1264 2120 1320 dicitur:

481 1380 511 1410 «
539 1359 817 1429 Exsurge,
854 1356 1072 1428 aquilo,
1102 1361 1168 1410 ut
1197 1357 1389 1410 veniat
1417 1360 1615 1410 auster
1635 1354 1810 1424 (Cant.
1847 1372 1920 1421 IV,
1949 1355 2060 1420 t6),
2097 1376 2118 1401 ιι

480 1446 614 1505 facti
645 1452 789 1502 sunt
816 1445 1047 1502 Christo
1081 1443 1298 1499 fideles.
1336 1444 1452 1515 lpsi
1476 1449 1615 1497 sunt
1636 1444 1791 1497 enim
1817 1444 1886 1497 de
1909 1445 2124 1514 quibus

478 1536 730 1592 dicitur:
770 1558 791 1583 α
827 1534 934 1600 Qui
987 1533 1290 1588 conﬁdunt
1335 1533 1394 1586 in
1452 1532 1714 1596 Domino,
1768 1531 1922 1586 sicut
1955 1548 2125 1586 mons

480 1624 618 1680 Sion
663 1624 838 1693 (Psal.
889 1639 1073 1684 cxxrv,
1125 1622 1199 1687 1).
1251 1642 1278 1671 ››
1331 1622 1481 1674 Facti
1537 1627 1676 1674 sunt
1727 1621 1922 1690 itaque
1954 1636 2126 1674 mons

479 1712 620 1769 Sion
651 1727 754 1783 per
783 1709 1032 1781 gratiam
1065 1708 1300 1772 Christi,
1324 1712 1382 1762 et
1401 1707 1773 1776 baptismatis
1795 1724 2124 1762 sacramen-

479 1804 629 1855 tum.
659 1797 966 1870 Aquilonis
999 1795 1388 1892 intelligibilis
1417 1793 1611 1865 gravis
1659 1799 1759 1894 est.
1798 1795 1990 1894 ﬂatus,
2024 1795 2122 1894 qui
2161 1831 2206 1894 B

481 1887 646 1960 prius
676 1888 1056 1956 tempestates
1087 1883 1440 1954 asperrimas
1471 1888 1528 1937 et
1552 1882 1832 1953 procellas
1856 1883 2131 1940 humanis

483 1975 751 2032 movebat
778 1973 1123 2029 affectibus:
1158 1971 1332 2042 cmpit
1362 1988 1502 2026 suos
1533 1971 1824 2040 amittere,
1849 1971 1950 2043 qui
1970 1989 2130 2027 vexa-

483 2065 586 2121 bat
613 2062 856 2118 alienos.
890 2061 1134 2117 Gentem
1175 2076 1410 2116 omnem
1463 2065 1746 2115 everterat
1774 2061 2129 2130 Judaeorum,

486 2150 754 2209 nationes
800 2165 1006 2206 omnes
1063 2165 1171 2204 suo
1219 2148 1507 2204 revinctas
1569 2149 1805 2204 tenebat
1863 2149 2130 2220 imperio,

484 2239 676 2314 ipsius
705 2242 873 2295 erant
918 2237 1124 2304 latera,
1155 2236 1288 2315 hoc,
1326 2241 1434 2302 est,
1482 2237 1822 2308 aspirabant
1877 2254 2010 2293 cum
2042 2255 2130 2294 eo.

485 2328 648 2385 Sicut
683 2326 839 2382 enim
873 2325 1155 2396 principis
1187 2325 1368 2379 latera
1389 2324 1642 2380 dicimus
1663 2327 1975 2398 stipatores
2005 2328 2133 2396 ejus

489 2420 547 2473 et
575 2414 839 2480 comites,
871 2418 928 2470 et
957 2413 1111 2468 sicut
1142 2413 1356 2468 mulier
1385 2412 1540 2468 latus
1587 2418 1676 2470 est
1719 2415 1847 2480 viri,
1879 2432 1945 2470 eo
1977 2417 2132 2488 quod

492 2504 785 2575 morigera
821 2501 873 2558 ei
923 2502 1198 2557 societate
1238 2502 1563 2573 jungatur;
1616 2503 1696 2557 ita
1743 2503 1924 2559 latera
1971 2511 2138 2561 erant

491 2590 731 2657 diaboli,
763 2590 863 2663 qui
913 2590 1204 2647 faciebant
1251 2589 1441 2662 ipsius
1491 2590 1871 2647 voluntatem.
1923 2593 1964 2648 li
1997 2610 2134 2667 ergo

491 2697 649 2738 nunc
679 2683 822 2735 sunt
853 2694 1018 2734 mons
1048 2677 1210 2744 Sion,
1243 2677 1343 2750 qui
1374 2677 1557 2734 Deum
1582 2679 1957 2750 speculantur
1978 2685 2137 2739 aster-

491 2785 658 2840 num,
689 2773 748 2826 et
778 2767 891 2840 ipsi
923 2767 1193 2822 noctibus
1243 2772 1301 2822 et
1351 2767 1559 2822 diebus
1607 2768 1938 2825 intendunt.
1991 2773 2134 2828 Vide

491 2857 639 2915 mihi
659 2855 908 2914 Paulum
930 2873 1064 2911 cum
1101 2858 1548 2928 persequeretur
1595 2856 1905 2914 Ecclesiam
1945 2860 2139 2916 Domi-

492 2946 575 3015 ni,
609 2945 765 3002 latus
797 2943 1094 3016 aquilonis
1133 2944 1351 3000 fuisse:
1385 2943 1515 3000 vide
1561 2961 1715 3000 nunc
1761 2963 1897 3003 cum
1927 2947 2140 3021 legitur

494 3035 556 3091 in
587 3033 866 3101 Ecclesia,
898 3037 1158 3089 montem
1180 3049 1309 3088 esse
1329 3033 1807 3104 speculatorinm,
1832 3053 1934 3108 per
1962 3054 2136 3108 quem

491 3121 708 3180 Christi
737 3120 984 3195 gloriam
1013 3119 1446 3191 cognoscimus,
1479 3125 1536 3175 et
1581 3122 1868 3178 videmus.
1900 3124 1970 3178 Et
1999 3125 2136 3196 quia

2231 1001 2420 1073 ipsius
2451 1001 2743 1056 Creatoris
2771 1001 2996 1067 aeterni,
3045 1002 3146 1073 qui
3196 1017 3305 1056 non
3353 1001 3562 1057 videtur
3584 1021 3611 1058 a
3635 1005 3778 1070 nobis,

2231 1089 2548 1144 invisibilia
2579 1093 2775 1144 tamen
2807 1091 2936 1160 ejus
2967 1106 3071 1160 per
3116 1105 3185 1144 ea
3234 1105 3357 1160 quae
3409 1089 3540 1146 facta
3564 1096 3684 1156 sunt,
3713 1092 3776 1145 in-

2233 1176 2612 1249 telligamus),
2636 1177 2718 1231 ita
2749 1178 2806 1232 in
2830 1177 3076 1233 excelsis
3094 1181 3151 1232 et
3175 1177 3399 1248 magnis
3419 1177 3644 1233 domibus
3664 1183 3778 1249 (quae

2233 1267 2446 1322 domus
2503 1283 2610 1322 nos
2641 1283 2873 1330 sumus,
2909 1265 2958 1320 si
3003 1265 3287 1321 libertatis
3339 1271 3394 1321 et
3438 1266 3778 1337 glorialunda-

2235 1360 2498 1410 mentum
2533 1372 2721 1426 usque
2751 1356 2824 1410 ad
2855 1356 3034 1412 ﬁnem
3057 1355 3293 1409 firmum
3319 1355 3657 1422 tenuerimus)
3671 1355 3786 1410 Deus

2235 1444 2528 1500 habitator
2585 1444 2943 1514 agnoscitur.
3011 1449 3075 1498 ut
3143 1449 3292 1498 Deus
3354 1444 3631 1504 Abraham.
3676 1448 3790 1498 Deus

2237 1537 2416 1598 Isaac,
2439 1533 2591 1588 Deus
2610 1533 2786 1588 Jacob
2803 1533 2830 1585 ?
2857 1537 2984 1603 Ipse
3025 1532 3179 1587 enim
3204 1547 3372 1586 verus
3391 1531 3548 1597 Deus,
3569 1532 3651 1600 qui
3681 1532 3793 1585 tales

2234 1620 2388 1680 viros
2419 1625 2842 1689 praeceptorum
2889 1637 3131 1674 suorum
3190 1620 3542 1674 institutione
3569 1619 3785 1672 fundavit.

2238 1710 2382 1780 Ergo
2412 1709 2564 1763 sicut
2592 1709 2650 1762 in
2673 1708 2788 1762 illis
2811 1725 2872 1763 se
2899 1708 3081 1764 Deum
3103 1707 3516 1762 demonstravit
3535 1712 3792 1768 aeternum;

2235 1797 2338 1862 ita,
2373 1797 2582 1868 inquit,
2615 1814 2748 1852 cum
2793 1798 2968 1869 Regis
3017 1797 3214 1868 magni
3260 1795 3533 1866 suscipiet
3557 1795 3793 1854 civitatem,

2238 1884 2521 1955 gradibus
2552 1886 2682 1954 ejus
2712 1884 3099 1954 rcceptionem
3136 1901 3255 1939 sine
3303 1882 3627 1956 cognitionis
3650 1881 3798 1937 iniun-

2240 1973 2382 2028 det:
2449 1978 2513 2028 ut
2595 1975 2740 2028 [iant
2821 1973 3102 2028 docibiles
3183 1972 3307 2042 Dei,
3381 1972 3478 2044 qui
3530 1971 3799 2027 mandatum

2240 2062 2369 2133 ejus
2406 2067 2465 2118 et
2495 2061 2806 2128 audierint,
2839 2067 2898 2116 et
2940 2060 3270 2132 putaverint
3306 2059 3720 2133 exsequendum;
3745 2073 3797 2112 ne

2242 2150 2314 2205 ab
2347 2149 2505 2206 illius
2535 2150 2746 2205 domus
2775 2149 3069 2205 aediﬁcata:
3100 2150 3158 2205 in
3203 2153 3368 2221 petra
3413 2149 3652 2204 ﬁrmitate
3672 2147 3801 2218 dege-

2242 2244 2467 2294 nerent.

2311 2329 2366 2382 7.
2403 2327 2587 2398 (Vers,
2619 2328 2677 2392 5,
2727 2329 2808 2395 6.)
2864 2327 3000 2393 Hoc,
3072 2326 3289 2399 inquit,
3349 2326 3593 2382 videntes
3640 2339 3811 2392 «reges

2244 2421 2409 2471 terrae
2441 2416 2776 2488 congregati
2797 2421 2956 2484 sunt,
2988 2420 3046 2470 et
3067 2417 3434 2471 transierunt
3453 2415 3509 2469 in
3532 2427 3705 2468 unum.
3727 2410 3809 2480 Ipsi

2243 2504 2506 2560 videntes
2545 2510 2684 2559 tunc
2716 2503 2990 2560 admirati
3023 2511 3182 2560 sunt.
3213 2525 3242 2555 ››
3298 2503 3440 2559 Boni
3486 2517 3633 2574 reges
3659 2501 3720 2571 (3)
3743 2497 3814 2569 qui

2245 2593 2339 2648 sui
2373 2592 2632 2664 corporis
2664 2597 2911 2664 possunt
2939 2609 3003 2648 se
3033 2593 3295 2665 praebere
3341 2596 3598 2658 rectores,
3641 2590 3700 2644 ab
3724 2588 3814 2659 ipsa

2243 2681 2587 2754 patriarchae
2646 2681 2892 2736 Abrahae
2951 2681 3178 2752 origine
3239 2686 3300 2737 et
3356 2678 3689 2737 institutione
3730 2691 3816 2730 ma-

2245 2775 2475 2835 nantes,
2507 2771 2608 2841 qui
2639 2770 2839 2826 docuit
2869 2775 3175 2840 peccatum
3223 2786 3396 2842 posse
3443 2765 3698 2840 superari.
3726 2764 3820 2819 ideo

2244 2875 2415 2914 verus
2446 2874 2565 2926 rex,
2598 2857 2699 2930 qui
2743 2857 2981 2930 flagitiis
3028 2875 3158 2914 esse
3209 2857 3458 2914 nescivit
3496 2853 3757 2914 obnoxius,
3777 2850 3820 2905 in

2245 2963 2360 3019 quo
2391 2946 2574 3019 culpes
2603 2951 2662 3002 et
2690 2945 2902 3002 erroris
2935 2945 3142 3002 illeceb
3159 2964 3226 3002 ra
3266 2961 3508 3017 regnare
3536 2960 3638 2999 non
3665 2940 3821 3013 potuit

2247 3035 2409 3091 Unde
2437 3040 2494 3090 et
2523 3035 2746 3090 dictum
2794 3038 2883 3091 est
2928 3035 3000 3090 ad
3047 3033 3403 3105 hujusmodi
3449 3032 3626 3088 virum
3661 3045 3690 3084 a
3727 3025 3825 3082 filiis

2243 3124 2421 3179 Chet:
2455 3146 2483 3173 «
2519 3123 2637 3178 Rex
2671 3140 2706 3176 a
2752 3123 2868 3178 Deo
2917 3127 2981 3177 tu
3031 3139 3093 3178 es
3144 3123 3323 3178 nobis
3371 3121 3518 3193 (Gen.
3565 3115 3824 3184 xxiu,6).n
3914 3147 3926 3162 .

491 3213 728 3268 Graccus
743 3191 986 3266 vmontes
1014 3208 1182 3276 dixit,
1231 3208 1340 3263 hoc
1378 3213 1488 3273 est,
1519 3208 1650 3271 ὄρηε
1682 3211 1810 3266 vide
1842 3191 2132 3282 quomodo
2163 3191 2206 3258 C
2245 3211 2414 3268 Tales
2457 3228 2593 3284 ergo
2638 3227 2802 3283 reges
2858 3215 3046 3280 terrae,
3097 3210 3203 3282 qui
3268 3191 3429 3266 carni
3475 3205 3824 3278 imperitarent.

495 3296 714 3370 servuli
747 3297 962 3353 Christi
993 3303 1226 3350 montes
1256 3294 1394 3350 sint.
1427 3296 1629 3351 Montes
1671 3299 1728 3351 in
1759 3302 1997 3355 circuitu
2023 3303 2140 3372 ejus

498 3385 659 3458 (Ibid.
692 3387 746 3456 2)
780 3401 795 3441 :
827 3385 887 3439 in
919 3383 1137 3454 quibus
1176 3385 1265 3437 est
1303 3382 1556 3438 Ecclesia
1607 3385 1859 3452 Domini,
1893 3405 2020 3458 quae
2052 3395 2141 3446 est

498 3473 701 3529 civitas
728 3472 901 3543 Regis
918 3469 1136 3542 magni.
1159 3468 1342 3524 Simul
1358 3471 1496 3542 quia
1509 3473 1794 3531 Dominus
1815 3479 2139 3534 secundum

501 3559 630 3617 cali
659 3563 913 3616 tractum
943 3558 1003 3614 in
1034 3558 1342 3614 Venerario
1372 3576 1584 3631 passus
1630 3566 1721 3617 est
1755 3567 1856 3631 (2),
1889 3566 1988 3636 qui
2018 3572 2143 3624 erat

496 3647 664 3706 locus
693 3648 752 3704 in
782 3648 964 3705 latere
991 3646 1303 3719 aquilonis.
1339 3648 1421 3704 lbi
1443 3655 1641 3706 autem
1676 3656 1734 3707 et
1782 3669 1952 3710 mons
1982 3655 2140 3723 Sion,

495 3735 578 3794 ibi
609 3737 934 3794 Jerusalem
965 3753 1096 3807 quae
1125 3736 1185 3791 in
1217 3736 1407 3792 terris.

563 3827 618 3882 6.
655 3826 801 3882 Vide
833 3843 906 3882 ne
935 3825 993 3880 id
1024 3841 1259 3896 quoque
1287 3825 1558 3881 videatur
1600 3843 1968 3897 expressum,
2001 3832 2142 3904 quia

493 3913 868 3988 congregatio
893 3913 1078 3985 plebis
1100 3912 1222 3983 Dei,
1247 3930 1373 3984 quae
1393 3920 1520 3970 erat
1545 3915 1803 3986 aquiloni
1827 3920 2143 3989 conjuncta

492 4019 598 4077 per
623 4003 880 4076 culpam,
915 4001 1167 4058 Ecclesia
1195 4001 1407 4058 Christi
1439 4004 1701 4060 estfacta
1729 4022 1830 4076 per
1849 4008 2098 4079 gratiam
2123 4028 2137 4078 ;

491 4093 558 4147 ut
573 4091 702 4162 jam
732 4106 850 4146 non
879 4090 1202 4162 Synagoga,
1235 4089 1335 4145 sed
1369 4089 1584 4144 Christi
1626 4091 1883 4148 Ecclesia
1910 4111 2139 4151 nuncu-

490 4183 680 4251 patur.
715 4180 784 4235 Et
814 4178 954 4251 quia
984 4177 1223 4249 reliquae
1252 4178 1591 4234 Judaeorum
1645 4196 1748 4257 per
1794 4182 2139 4240 electionem

489 4266 882 4340 gratiasalvae
905 4266 1066 4322 factae
1089 4270 1247 4333 sunt,
1273 4265 1332 4321 in
1358 4267 1503 4338 ipsis
1526 4267 1680 4324 Deus
1699 4271 2136 4341 congnoscitur,

490 4355 554 4412 in
599 4355 787 4422 Petro,
840 4354 1038 4422 Paulo,
1096 4354 1340 4422 Joanne,
1398 4356 1637 4426 Jacobo,
1699 4358 1799 4429 qui
1850 4376 2054 4430 graves
2083 4365 2140 4417 et

489 4442 700 4500 excelsi
748 4443 855 4498 viri
919 4442 1080 4500 velut
1145 4443 1529 4500 fundamenta
1575 4450 1634 4500 et
1687 4446 1946 4504 culmina
1999 4453 2140 4505 sunt

2246 3299 2582 3373 congregati
2615 3305 2788 3367 sunt;
2822 3303 2890 3354 ut
2917 3299 2977 3354 in
3008 3315 3125 3355 uno
3157 3304 3366 3356 essent
3394 3299 3577 3364 corde,
3599 3300 3648 3350 et
3672 3295 3717 3347 in
3744 3305 3829 3345 uno

2248 3388 2479 3461 spiritu,
2512 3389 2664 3444 sicut
2691 3387 2944 3460 legimus
2973 3404 2987 3443 :
3022 3387 3172 3453 Quia
3193 3386 3515 3442 multitudo
3535 3379 3823 3439 credentium

2248 3476 2500 3532 habebat
2530 3492 2710 3532 unam
2739 3475 3028 3542 animam,
3054 3480 3111 3530 et
3141 3492 3247 3531 cor
3279 3491 3491 3540 unum,
3543 3478 3704 3528 etnon
3728 3468 3831 3520 erat

2249 3564 2307 3619 in
2339 3564 2430 3619 his
2461 3563 2658 3634 aliqua
2705 3562 2989 3636 separatio
3035 3564 3176 3631 (Act.
3234 3581 3316 3631 ιν,
3368 3564 3484 3634 32).
3543 3561 3576 3616 Ii
3621 3561 3733 3613 sunt
3755 3550 3834 3623 qui

2249 3652 2614 3708 transierunt
2637 3651 2696 3706 in
2721 3669 2906 3707 unum
2933 3669 3048 3708 non
3073 3658 3202 3708 tam
3223 3652 3451 3718 locum,
3473 3665 3632 3722 quam
3646 3645 3697 3701 in
3713 3657 3838 3699 eum-

2249 3741 2383 3796 dem
2415 3740 2687 3796 allectum
2719 3744 2893 3810 atque
2925 3739 3323 3811 propositum.
3367 3740 3600 3795 Probata
3625 3733 3755 3790 enim
3777 3728 3840 3782 di-

2249 3827 2436 3883 citur:
2481 3827 2713 3893 Transi,
2774 3827 3051 3883 recumbe
3106 3828 3268 3898 (Luc.
3331 3845 3470 3892 xxu,
3520 3827 3593 3896 '7).
3627 3847 3649 3872 ››
3693 3820 3841 3888 Neque

2247 3915 2402 3972 enim
2427 3916 2738 3971 mediocris
2756 3916 2988 3971 virtutis
3009 3919 3118 3983 est,
3139 3917 3218 3973 ab
3237 3916 3527 3988 improbis
3549 3913 3614 3969 ad
3636 3912 3838 3967 honesta.

2249 4023 2282 4060 a
2309 4001 2558 4060 terrenis
2589 4004 2662 4058 ad
2693 4008 2910 4059 aeterna
2937 4004 3216 4071 transire,
3254 4011 3317 4061 et
3343 4002 3592 4060 carnalis
3615 3999 3724 4054 vitae
3745 4009 3845 4051 con-

2248 4093 2621 4148 suetudinem
2652 4099 3038 4158 commutare,
3081 4109 3456 4164 omnemque
3502 4092 3621 4161 ejus
3665 4083 3844 4141 abolere

2250 4197 2446 4246 usum,
2480 4196 2660 4235 novos
2704 4197 2898 4236 mores
2946 4197 3282 4252 assumere,
3335 4185 3641 4251 totumque
3681 4176 3850 4230 statum

2245 4267 2703 4324 conversationis
2751 4268 2962 4326 veteris
3018 4269 3402 4341 detorquere.
3455 4266 3740 4335 Meritoque
3781 4258 3851 4311 di-

2247 4356 2398 4412 citur
2426 4357 2524 4412 ei:
2582 4380 2602 4406 α
2640 4357 2697 4412 Si
2751 4363 3019 4413 transeas
3080 4375 3186 4428 per
3245 4373 3500 4428 aquam,
3558 4360 3720 4410 tecum
3745 4359 3852 4402 sum

2247 4445 2371 4516 (Isa.
2405 4461 2561 4510 XLIII,
2594 4444 2674 4515 2).
2715 4469 2740 4493 ››
2772 4445 2915 4500 Cum
2949 4450 3304 4502 transeunte
3327 4451 3422 4502 est
3442 4447 3614 4510 DcUS,
3634 4456 3731 4496 non
3752 4449 3854 4490 cum

492 4529 780 4588 Ecclesia.
831 4531 1008 4596 Quasi
1067 4532 1448 4588 fundamenta
1499 4533 1720 4604 gravia,
1769 4553 1917 4606 quos
1976 4537 2140 4593 nulla
2172 4553 2215 4618 D
2249 4535 2587 4590 desistente.

488 4619 684 4694 gravis
713 4619 1008 4691 aquilonis
1047 4620 1232 4675 ﬂabra
1279 4622 1718 4689 concusserint;
1771 4627 1872 4680 sed
1925 4625 2136 4682 immo-

485 4708 636 4767 biles
664 4709 798 4766 lidei
830 4713 1207 4765 servaverunt
1255 4710 1731 4778 fundamentum,
1779 4729 1850 4768 ne
1881 4713 2138 4772 Ecclesia

559 4852 637 4923 (2)
670 4852 809 4907 Mss.
843 4850 989 4906 Vict.
1023 4854 1080 4905 ct
1111 4848 1294 4923 C_olb.,
1323 4852 1611 4923 βεζᾳνανίο
1639 4867 1832 4922 passus
1853 4863 1949 4909 est.
1987 4855 2138 4912 Men-

492 4919 654 4980 do'se.
688 4923 801 4978 Alii
833 4938 1039 4979 omnes
1070 4920 1276 4996 saltem
1311 4919 1555 4996 Gallic.,_
1591 4919 1829 4990 venerat,
1840 4942 2034 4996 passus
2059 4937 2136 4984 cst

483 4995 581 5050 ubi
608 4998 750 5060 erat,
770 4999 903 5059 etc.,
933 5010 1045 5048 non
1071 4992 1257 5047 multo
1279 4991 1504 5057 sanius,
1539 4994 1736 5061 Itaque
1759 4991 1990 5052 ab'edit.
2019 5015 2132 5054 non

484 5066 848 5136 discedimus
905 5066 1118 5122 Notant
1149 5069 1346 5136 autem
1398 5065 1469 5118 ad
1504 5080 1712 5136 gmarg.
1753 5071 1865 5122 vet.
1899 5069 2037 5124 edit.
2066 5086 2135 5126 ex

486 5134 858 5220 Hieronymo,
893 5153 996 5220 per
1041 5152 1231 5218 annos
1267 5135 1445 5220 ferme
1485 5134 1770 5217 ducentos
1795 5137 1853 5191 in
1889 5138 2013 5194 lnco
2048 5158 2132 5193 rc-

487 5206 1089 5266 surrectionistmis
1138 5206 1568 5280 simulacrum;
1616 5206 1670 5260 in
1723 5225 1866 5280 rupe
1922 5218 2131 5266 sancta:

487 5280 700 5354 crucis,
734 5285 953 5336 statum
987 5279 1230 5354 Veneris
1260 5293 1652 5354 marmoream
1698 5279 1968 5354 stetisse:
2004 5299 2131 5354 spe-

486 5350 755 5432 rantibus
785 5349 1214 5432 persecutio-nis
1244 5349 1588 5432 auctoribus
1617 5350 1749 5431 .l'orc
1781 5357 1860 5432 ut“
1875 5352 1983 5432 hac
2010 5349 2131 5432 a'rte

483 5417 833 5478 Christianis
855 5421 1362 5477 sanctissimorum
1391 5421 1800 5479 mysteriorum
1830 5423 2000 5478 {idem
2021 5425 2132 5479 exi-

484 5494 729 5544 merent.
764 5491 926 5548 Unde
955 5493 1180 5548 ibidem
1228 5491 1598 5546 concluditur
1643 5492 2024 5550 Vcnerarium
2059 5497 2129 5551 ab

484 5561 791 5639 Ambrosio
823 5565 934 5620 dici
964 5564 1184 5639 locum,
1217 5563 1315 5633 qui
1341 5563 1548 5618 fuisset
1568 5563 1808 5639 Veneris
1830 5567 2130 5639 sacrilegis

484 5630 867 5703 religionibus
889 5634 1146 5704 pollutus
1165 5630 1613 5706 spurcatusque.
1636 5635 1851 5694 Verum
1871 5655 2005 5696 cum
2029 5630 2128 5695 ﬁe-

2316 4623 2370 4676 8.
2407 4621 2448 4677 li
2479 4637 2615 4693 ergo
2648 4620 2749 4692 qui
2779 4620 2931 4676 intra
2957 4623 3324 4693 semetipsos
3355 4626 3524 4678 erant
3543 4625 3665 4675 ante
3682 4616 3855 4670 discor-

2246 4709 2372 4778 des,
2403 4709 2503 4765 ubi
2534 4708 2592 4765 in
2635 4726 2844 4776 unum,
2894 4714 3090 4766 mente
3136 4717 3199 4767 ct
3245 4711 3452 4769 studio
3501 4701 3858 4765 convenerunt.

2246 4850 2429 4907 farius
2461 4850 2556 4906 ille
2586 4849 2779 4907 cultus
2810 4867 2926 4923 non
2959 4851 3071 4923 nisi
3096 4852 3314 4910 multis
3337 4853 3514 4910 annis
3537 4853 3658 4923 post
3677 4849 3856 4923 Domit}!

2245 4923 2729 4977 resurrectionem
2770 4922 3072 4978 adhibitus
3103 4924 3315 4992 fuerit,
3355 4916 3625 4980 veremur
3671 4922 3733 4992 ut
3753 4916 3862 4972 satis

2244 4993 2550 5048 commode
2581 4992 2770 5049 dicere
2792 4995 3047 5064 potuerit
3069 5001 3328 5053 sanctus
3351 4997 3584 5052 Doctor.
3614 4991 3860 5064 Christum

2243 5064 2305 5120 in
2331 5065 2639 5136 Venerario
2661 5060 2905 5136 pass—um
2929 5083 3058 5122 esse
3081 5081 3094 5120 :
3124 5068 3402 5123 maxime
3423 5069 3497 5123 ob
3519 5060 3862 5136 antecedentia

2245 5136 2366 5200 ille,
2399 5126 2866 5209 sccunduiiicatti
2911 5140 3190 5209 tractum;
3247 5139 3358 5196 sed
3407 5156 3479 5195 ea
3530 5137 3599 5193 de
3632 5151 3686 5190 re
3713 5126 3862 5189 erudi-

2243 5209 2420 5262 tiores
2454 5207 2850 5298 pronuntient.

2318 5279 2391 5298 1.1\
2439 5279 2465 5298 1.
2492 5277 2564 5298 ᾸΞΛ
2641 5279 2680 5298 Ϊὶ
2700 5295 2778 5298 -..-

2315 5279 2393 5350 (2)
2439 5277 2587 5352 Edit.
2641 5279 2830 5345 Rom.,
2883 5279 3155 5346 Quoniam
3219 5294 3350 5335 cccc
3399 5296 3554 5352 reges
3575 5281 3733 5352 terra:
3769 5286 3862 5347 cori-

2241 5348 2454 5424 grcgnti
2482 5356 2628 5424 sunt,
2661 5351 3008 5424 transierunt
3035 5352 3093 5406 in
3152 5366 3367 5407 unum.
3413 5348 3526 5424 Ipsi
3570 5348 3862 5424 videntem“

2241 5420 2510 5476 admirati
2535 5428 2680 5485 sunt,
2712 5422 3025 5477 conturbata
3057 5425 3216 5487 sunt,
3245 5420 3516 5479 commoti
3541 5424 3681 5486 sunt,
3708 5421 3860 5488 tremet

2239 5491 2592 5563 apprehendit
2631 5509 2737 5547 eos.
2791 5494 2950 5563 Reges
2999 5503 3166 5550 terre?
3219 5495 3550 5567 congregati
3598 5495 3736 5547 sunt.
3762 5489 3855 5542 Bas!

2238 5579 2410 5632 reges,
2443 5568 2548 5619 etc.
3301 5585 3312 5588 ·
