  <div class='ocr_page' id='page_1' title='image "/cluster/home/n/w/nwhite01/storage/ocr_20150623/14/hvd.32044048207138/608.png"; bbox 0 0 4112 6190; ppageno 0'>
   <div class='ocr_carea' id='block_1_1' title="bbox 345 385 500 455">
    <p class='ocr_par' dir='ltr' id='par_1_1' title="bbox 345 385 500 455">
     <span class='ocr_line' id='line_1_1' title="bbox 345 385 500 455; baseline 0 0"><span class='ocrx_word' id='word_1_1' title='bbox 345 385 500 455; x_wconf 69' lang='grc'><strong>1208</strong></span> 
     </span>
    </p>
   </div>
   <div class='ocr_carea' id='block_1_2' title="bbox 1408 380 2685 452">
    <p class='ocr_par' dir='ltr' id='par_1_2' title="bbox 1408 380 2685 452">
     <span class='ocr_line' id='line_1_2' title="bbox 1408 380 2685 452; baseline -0.004 0"><span class='ocrx_word' id='word_1_2' title='bbox 1408 384 1862 452; x_wconf 78' lang='lat' dir='ltr'><strong>ENARRATIO</strong></span> <span class='ocrx_word' id='word_1_3' title='bbox 1905 381 1985 449; x_wconf 82' lang='lat' dir='ltr'><strong>IN</strong></span> <span class='ocrx_word' id='word_1_4' title='bbox 2027 380 2403 451; x_wconf 82' lang='lat' dir='ltr'><strong>PSALMUM</strong></span> <span class='ocrx_word' id='word_1_5' title='bbox 2447 382 2685 451; x_wconf 84' lang='lat' dir='ltr'><strong>XLVII.</strong></span> 
     </span>
    </p>
   </div>
   <div class='ocr_carea' id='block_1_3' title="bbox 3524 370 3750 449">
    <p class='ocr_par' dir='ltr' id='par_1_3' title="bbox 3524 370 3750 449">
     <span class='ocr_line' id='line_1_3' title="bbox 3524 370 3750 449; baseline 0 0"><span class='ocrx_word' id='word_1_6' title='bbox 3524 370 3547 427; x_wconf 61' lang='grc' dir='ltr'><strong>ἰ</strong></span> <span class='ocrx_word' id='word_1_7' title='bbox 3588 373 3750 449; x_wconf 61' lang='grc'><strong>’1906</strong></span> 
     </span>
    </p>
   </div>
   <div class='ocr_carea' id='block_1_4' title="bbox 340 510 3745 599">
    <p class='ocr_par' dir='ltr' id='par_1_4' title="bbox 340 510 3745 599">
     <span class='ocr_line' id='line_1_4' title="bbox 340 510 3745 599; baseline -0.001 -16"><span class='ocrx_word' id='word_1_8' title='bbox 340 524 575 599; x_wconf 71' lang='lat' dir='ltr'><strong>recepta</strong></span> <span class='ocrx_word' id='word_1_9' title='bbox 604 538 744 599; x_wconf 89' lang='lat' dir='ltr'><strong>pace</strong></span> <span class='ocrx_word' id='word_1_10' title='bbox 772 538 901 598; x_wconf 69' lang='lat' dir='ltr'><strong>que</strong></span> <span class='ocrx_word' id='word_1_11' title='bbox 928 518 1065 581; x_wconf 87' lang='lat' dir='ltr'><strong>fecit</strong></span> <span class='ocrx_word' id='word_1_12' title='bbox 1092 520 1623 597; x_wconf 88' lang='lat' dir='ltr'><strong>utraqueunum,et</strong></span> <span class='ocrx_word' id='word_1_13' title='bbox 1655 517 1992 578; x_wconf 79' lang='lat' dir='ltr'><strong>inimicitias</strong></span> <span class='ocrx_word' id='word_1_14' title='bbox 2020 517 2076 587; x_wconf 84' lang='grc' dir='ltr'><strong>Α</strong></span> <span class='ocrx_word' id='word_1_15' title='bbox 2105 518 2386 592; x_wconf 78' lang='lat' dir='ltr'><strong>periurio,</strong></span> <span class='ocrx_word' id='word_1_16' title='bbox 2415 518 2598 576; x_wconf 89' lang='lat' dir='ltr'><strong>donec</strong></span> <span class='ocrx_word' id='word_1_17' title='bbox 2628 517 2915 576; x_wconf 77' lang='lat' dir='ltr'><strong>formetur</strong></span> <span class='ocrx_word' id='word_1_18' title='bbox 2940 510 3210 576; x_wconf 79' lang='lat' dir='ltr'><strong>Christus</strong></span> <span class='ocrx_word' id='word_1_19' title='bbox 3246 511 3307 575; x_wconf 87' lang='lat' dir='ltr'><strong>in</strong></span> <span class='ocrx_word' id='word_1_20' title='bbox 3350 514 3515 575; x_wconf 84' lang='lat' dir='ltr'><strong>vobis</strong></span> <span class='ocrx_word' id='word_1_21' title='bbox 3546 514 3745 594; x_wconf 69' lang='lat' dir='ltr'><strong>(Colat.</strong></span> 
     </span>
    </p>
   </div>
   <div class='ocr_carea' id='block_1_5' title="bbox 342 608 1978 686">
    <p class='ocr_par' dir='ltr' id='par_1_5' title="bbox 342 608 1978 686">
     <span class='ocr_line' id='line_1_5' title="bbox 342 608 1978 686; baseline -0.004 -16"><span class='ocrx_word' id='word_1_22' title='bbox 342 612 403 670; x_wconf 91' lang='lat' dir='ltr'><strong>in</strong></span> <span class='ocrx_word' id='word_1_23' title='bbox 434 628 608 671; x_wconf 87' lang='lat' dir='ltr'><strong>carne</strong></span> <span class='ocrx_word' id='word_1_24' title='bbox 639 630 750 671; x_wconf 89' lang='lat' dir='ltr'><strong>sua</strong></span> <span class='ocrx_word' id='word_1_25' title='bbox 777 612 955 670; x_wconf 86' lang='lat' dir='ltr'><strong>medii</strong></span> <span class='ocrx_word' id='word_1_26' title='bbox 985 611 1225 686; x_wconf 88' lang='lat' dir='ltr'><strong>parietis</strong></span> <span class='ocrx_word' id='word_1_27' title='bbox 1242 611 1642 669; x_wconf 80' lang='lat' dir='ltr'><strong>destructione</strong></span> <span class='ocrx_word' id='word_1_28' title='bbox 1670 608 1938 666; x_wconf 80' lang='lat' dir='ltr'><strong>dissolvit</strong></span> <span class='ocrx_word' id='word_1_29' title='bbox 1964 624 1978 664; x_wconf 92' lang='lat'><strong>:</strong></span> 
     </span>
    </p>
   </div>
   <div class='ocr_carea' id='block_1_6' title="bbox 340 699 1985 775">
    <p class='ocr_par' dir='ltr' id='par_1_6' title="bbox 340 699 1985 775">
     <span class='ocr_line' id='line_1_6' title="bbox 340 699 1985 775; baseline -0.004 -16"><span class='ocrx_word' id='word_1_30' title='bbox 340 702 614 760; x_wconf 81' lang='lat' dir='ltr'><strong>admirati</strong></span> <span class='ocrx_word' id='word_1_31' title='bbox 645 706 802 770; x_wconf 90' lang='lat' dir='ltr'><strong>sunt,</strong></span> <span class='ocrx_word' id='word_1_32' title='bbox 829 701 916 758; x_wconf 86' lang='lat' dir='ltr'><strong>vel</strong></span> <span class='ocrx_word' id='word_1_33' title='bbox 947 719 1081 758; x_wconf 92' lang='lat' dir='ltr'><strong>eum</strong></span> <span class='ocrx_word' id='word_1_34' title='bbox 1113 702 1212 775; x_wconf 89' lang='lat' dir='ltr'><strong>qui</strong></span> <span class='ocrx_word' id='word_1_35' title='bbox 1244 701 1304 757; x_wconf 94' lang='lat' dir='ltr'><strong>in</strong></span> <span class='ocrx_word' id='word_1_36' title='bbox 1336 701 1617 775; x_wconf 80' lang='lat' dir='ltr'><strong>gradibus</strong></span> <span class='ocrx_word' id='word_1_37' title='bbox 1639 699 1762 757; x_wconf 84' lang='lat' dir='ltr'><strong>suis</strong></span> <span class='ocrx_word' id='word_1_38' title='bbox 1784 699 1985 771; x_wconf 86' lang='lat' dir='ltr'><strong>digno-</strong></span> 
     </span>
    </p>
   </div>
   <div class='ocr_carea' id='block_1_7' title="bbox 338 788 1983 862">
    <p class='ocr_par' dir='ltr' id='par_1_7' title="bbox 338 788 1983 862">
     <span class='ocr_line' id='line_1_7' title="bbox 338 788 1983 862; baseline -0.004 -12"><span class='ocrx_word' id='word_1_39' title='bbox 338 792 541 862; x_wconf 85' lang='lat' dir='ltr'><strong>scitur,</strong></span> <span class='ocrx_word' id='word_1_40' title='bbox 573 791 660 848; x_wconf 88' lang='lat' dir='ltr'><strong>vel</strong></span> <span class='ocrx_word' id='word_1_41' title='bbox 688 790 955 848; x_wconf 86' lang='lat' dir='ltr'><strong>homines</strong></span> <span class='ocrx_word' id='word_1_42' title='bbox 984 792 1068 846; x_wconf 90' lang='lat' dir='ltr'><strong>ita</strong></span> <span class='ocrx_word' id='word_1_43' title='bbox 1098 808 1228 848; x_wconf 89' lang='lat' dir='ltr'><strong>esse</strong></span> <span class='ocrx_word' id='word_1_44' title='bbox 1259 807 1605 857; x_wconf 88' lang='lat' dir='ltr'><strong>conversos;</strong></span> <span class='ocrx_word' id='word_1_45' title='bbox 1639 793 1703 844; x_wconf 91' lang='lat' dir='ltr'><strong>ut</strong></span> <span class='ocrx_word' id='word_1_46' title='bbox 1723 788 1821 861; x_wconf 87' lang='lat' dir='ltr'><strong>qui</strong></span> <span class='ocrx_word' id='word_1_47' title='bbox 1850 791 1983 843; x_wconf 91' lang='lat' dir='ltr'><strong>ante</strong></span> 
     </span>
    </p>
   </div>
   <div class='ocr_carea' id='block_1_8' title="bbox 339 878 1983 949">
    <p class='ocr_par' dir='ltr' id='par_1_8' title="bbox 339 878 1983 949">
     <span class='ocr_line' id='line_1_8' title="bbox 339 878 1983 949; baseline -0.004 -11"><span class='ocrx_word' id='word_1_48' title='bbox 339 880 575 939; x_wconf 83' lang='lat' dir='ltr'><strong>diabolo</strong></span> <span class='ocrx_word' id='word_1_49' title='bbox 603 879 946 946; x_wconf 87' lang='lat' dir='ltr'><strong>serviebant,</strong></span> <span class='ocrx_word' id='word_1_50' title='bbox 979 896 1137 936; x_wconf 90' lang='lat' dir='ltr'><strong>nunc</strong></span> <span class='ocrx_word' id='word_1_51' title='bbox 1162 878 1408 936; x_wconf 90' lang='lat' dir='ltr'><strong>Domino</strong></span> <span class='ocrx_word' id='word_1_52' title='bbox 1426 879 1562 935; x_wconf 87' lang='lat' dir='ltr'><strong>Jesu</strong></span> <span class='ocrx_word' id='word_1_53' title='bbox 1589 878 1734 949; x_wconf 84' lang='lat' dir='ltr'><strong>justi</strong></span> <span class='ocrx_word' id='word_1_54' title='bbox 1769 879 1983 949; x_wconf 86' lang='lat' dir='ltr'><strong>pietate</strong></span> 
     </span>
    </p>
   </div>
   <div class='ocr_carea' id='block_1_9' title="bbox 336 965 1981 1041">
    <p class='ocr_par' dir='ltr' id='par_1_9' title="bbox 336 965 1981 1041">
     <span class='ocr_line' id='line_1_9' title="bbox 336 965 1981 1041; baseline -0.003 -15"><span class='ocrx_word' id='word_1_55' title='bbox 336 969 555 1026; x_wconf 87' lang='lat' dir='ltr'><strong>servitii</strong></span> <span class='ocrx_word' id='word_1_56' title='bbox 586 966 901 1040; x_wconf 88' lang='lat' dir='ltr'><strong>mancipati</strong></span> <span class='ocrx_word' id='word_1_57' title='bbox 928 967 1066 1025; x_wconf 91' lang='lat' dir='ltr'><strong>sint.</strong></span> <span class='ocrx_word' id='word_1_58' title='bbox 1099 969 1169 1024; x_wconf 88' lang='lat' dir='ltr'><strong>Et</strong></span> <span class='ocrx_word' id='word_1_59' title='bbox 1198 967 1336 1041; x_wconf 86' lang='lat' dir='ltr'><strong>quia</strong></span> <span class='ocrx_word' id='word_1_60' title='bbox 1383 984 1550 1040; x_wconf 90' lang='lat' dir='ltr'><strong>reges</strong></span> <span class='ocrx_word' id='word_1_61' title='bbox 1598 967 1690 1023; x_wconf 90' lang='lat' dir='ltr'><strong>sui</strong></span> <span class='ocrx_word' id='word_1_62' title='bbox 1722 965 1981 1038; x_wconf 87' lang='lat' dir='ltr'><strong>corporis</strong></span> 
     </span>
    </p>
   </div>
   <div class='ocr_carea' id='block_1_10' title="bbox 338 1053 1982 1129">
    <p class='ocr_par' dir='ltr' id='par_1_10' title="bbox 338 1053 1982 1129">
     <span class='ocr_line' id='line_1_10' title="bbox 338 1053 1982 1129; baseline -0.004 -15"><span class='ocrx_word' id='word_1_63' title='bbox 338 1059 397 1114; x_wconf 92' lang='lat' dir='ltr'><strong>in</strong></span> <span class='ocrx_word' id='word_1_64' title='bbox 430 1056 764 1129; x_wconf 84' lang='lat' dir='ltr'><strong>semetipsis</strong></span> <span class='ocrx_word' id='word_1_65' title='bbox 808 1056 925 1111; x_wconf 86' lang='lat' dir='ltr'><strong>vim</strong></span> <span class='ocrx_word' id='word_1_66' title='bbox 971 1073 1088 1113; x_wconf 90' lang='lat' dir='ltr'><strong>non</strong></span> <span class='ocrx_word' id='word_1_67' title='bbox 1134 1056 1445 1113; x_wconf 90' lang='lat' dir='ltr'><strong>mediocris</strong></span> <span class='ocrx_word' id='word_1_68' title='bbox 1494 1056 1713 1113; x_wconf 90' lang='lat' dir='ltr'><strong>laboris</strong></span> <span class='ocrx_word' id='word_1_69' title='bbox 1763 1053 1982 1128; x_wconf 87' lang='lat' dir='ltr'><strong>experti</strong></span> 
     </span>
    </p>
   </div>
   <div class='ocr_carea' id='block_1_11' title="bbox 336 1143 1981 1219">
    <p class='ocr_par' dir='ltr' id='par_1_11' title="bbox 336 1143 1981 1219">
     <span class='ocr_line' id='line_1_11' title="bbox 336 1143 1981 1219; baseline -0.002 -17"><span class='ocrx_word' id='word_1_70' title='bbox 336 1146 548 1219; x_wconf 89' lang='lat' dir='ltr'><strong>(neque</strong></span> <span class='ocrx_word' id='word_1_71' title='bbox 592 1143 751 1202; x_wconf 85' lang='lat' dir='ltr'><strong>enim</strong></span> <span class='ocrx_word' id='word_1_72' title='bbox 796 1143 964 1202; x_wconf 78' lang='lat' dir='ltr'><strong>facile</strong></span> <span class='ocrx_word' id='word_1_73' title='bbox 1007 1148 1183 1217; x_wconf 90' lang='lat' dir='ltr'><strong>atque</strong></span> <span class='ocrx_word' id='word_1_74' title='bbox 1234 1145 1525 1201; x_wconf 86' lang='lat' dir='ltr'><strong>mediocre</strong></span> <span class='ocrx_word' id='word_1_75' title='bbox 1574 1150 1666 1201; x_wconf 90' lang='lat' dir='ltr'><strong>est</strong></span> <span class='ocrx_word' id='word_1_76' title='bbox 1715 1145 1981 1200; x_wconf 90' lang='lat' dir='ltr'><strong>animum</strong></span> 
     </span>
    </p>
   </div>
   <div class='ocr_carea' id='block_1_12' title="bbox 332 1231 1981 1307">
    <p class='ocr_par' dir='ltr' id='par_1_12' title="bbox 332 1231 1981 1307">
     <span class='ocr_line' id='line_1_12' title="bbox 332 1231 1981 1307; baseline -0.001 -17"><span class='ocrx_word' id='word_1_77' title='bbox 332 1234 585 1301; x_wconf 82' lang='lat' dir='ltr'><strong>vincere,</strong></span> <span class='ocrx_word' id='word_1_78' title='bbox 617 1250 881 1291; x_wconf 84' lang='lat' dir='ltr'><strong>resecare</strong></span> <span class='ocrx_word' id='word_1_79' title='bbox 936 1233 1308 1307; x_wconf 84' lang='lat' dir='ltr'><strong>cupiditates,</strong></span> <span class='ocrx_word' id='word_1_80' title='bbox 1358 1234 1629 1290; x_wconf 87' lang='lat' dir='ltr'><strong>edomare</strong></span> <span class='ocrx_word' id='word_1_81' title='bbox 1668 1233 1863 1290; x_wconf 87' lang='lat' dir='ltr'><strong>carnis</strong></span> <span class='ocrx_word' id='word_1_82' title='bbox 1896 1231 1981 1289; x_wconf 90' lang='lat' dir='ltr'><strong>la-</strong></span> 
     </span>
    </p>
   </div>
   <div class='ocr_carea' id='block_1_13' title="bbox 255 1323 1980 1396">
    <p class='ocr_par' dir='ltr' id='par_1_13' title="bbox 255 1323 1980 1396">
     <span class='ocr_line' id='line_1_13' title="bbox 255 1323 1980 1396; baseline -0.002 -14"><span class='ocrx_word' id='word_1_83' title='bbox 255 1376 258 1382; x_wconf 96' lang='lat'><strong>.</strong></span> <span class='ocrx_word' id='word_1_84' title='bbox 335 1323 595 1390; x_wconf 88' lang='lat' dir='ltr'><strong>sciviam,</strong></span> <span class='ocrx_word' id='word_1_85' title='bbox 630 1339 1012 1380; x_wconf 84' lang='lat' dir='ltr'><strong>averruncare</strong></span> <span class='ocrx_word' id='word_1_86' title='bbox 1042 1323 1335 1379; x_wconf 83' lang='lat' dir='ltr'><strong>luxuriam</strong></span> <span class='ocrx_word' id='word_1_87' title='bbox 1385 1324 1485 1395; x_wconf 74' lang='grc'>(4),</span> <span class='ocrx_word' id='word_1_88' title='bbox 1534 1341 1660 1396; x_wconf 82' lang='lat' dir='ltr'><strong>quas</strong></span> <span class='ocrx_word' id='word_1_89' title='bbox 1693 1339 1980 1396; x_wconf 86' lang='lat' dir='ltr'><strong>repugna-</strong></span> 
     </span>
    </p>
   </div>
   <div class='ocr_carea' id='block_1_14' title="bbox 335 1412 1982 1485">
    <p class='ocr_par' dir='ltr' id='par_1_14' title="bbox 335 1412 1982 1485">
     <span class='ocr_line' id='line_1_14' title="bbox 335 1412 1982 1485; baseline -0.001 -16"><span class='ocrx_word' id='word_1_90' title='bbox 335 1413 436 1469; x_wconf 85' lang='lat' dir='ltr'><strong>bat</strong></span> <span class='ocrx_word' id='word_1_91' title='bbox 490 1417 547 1469; x_wconf 92' lang='lat' dir='ltr'><strong>et</strong></span> <span class='ocrx_word' id='word_1_92' title='bbox 605 1412 804 1482; x_wconf 88' lang='lat' dir='ltr'><strong>Paulo,</strong></span> <span class='ocrx_word' id='word_1_93' title='bbox 882 1416 949 1468; x_wconf 92' lang='lat' dir='ltr'><strong>ut</strong></span> <span class='ocrx_word' id='word_1_94' title='bbox 1022 1412 1317 1485; x_wconf 89' lang='lat' dir='ltr'><strong>captivum</strong></span> <span class='ocrx_word' id='word_1_95' title='bbox 1392 1414 1500 1468; x_wconf 85' lang='lat' dir='ltr'><strong>sub</strong></span> <span class='ocrx_word' id='word_1_96' title='bbox 1578 1413 1795 1484; x_wconf 88' lang='lat' dir='ltr'><strong>peccati</strong></span> <span class='ocrx_word' id='word_1_97' title='bbox 1856 1412 1982 1484; x_wconf 86' lang='lat' dir='ltr'><strong>lege</strong></span> 
     </span>
    </p>
   </div>
   <div class='ocr_carea' id='block_1_15' title="bbox 337 1500 1981 1574">
    <p class='ocr_par' dir='ltr' id='par_1_15' title="bbox 337 1500 1981 1574">
     <span class='ocr_line' id='line_1_15' title="bbox 337 1500 1981 1574; baseline -0.002 -16"><span class='ocrx_word' id='word_1_98' title='bbox 337 1501 804 1574; x_wconf 85' lang='lat' dir='ltr'><strong>constringeret),</strong></span> <span class='ocrx_word' id='word_1_99' title='bbox 852 1502 1004 1557; x_wconf 90' lang='lat' dir='ltr'><strong>sicut</strong></span> <span class='ocrx_word' id='word_1_100' title='bbox 1050 1501 1298 1573; x_wconf 83' lang='lat' dir='ltr'><strong>gratiam</strong></span> <span class='ocrx_word' id='word_1_101' title='bbox 1360 1502 1417 1556; x_wconf 88' lang='lat' dir='ltr'><strong>in</strong></span> <span class='ocrx_word' id='word_1_102' title='bbox 1480 1500 1553 1556; x_wconf 90' lang='lat' dir='ltr'><strong>iis</strong></span> <span class='ocrx_word' id='word_1_103' title='bbox 1617 1500 1717 1573; x_wconf 91' lang='lat' dir='ltr'><strong>qui</strong></span> <span class='ocrx_word' id='word_1_104' title='bbox 1765 1501 1981 1555; x_wconf 87' lang='lat' dir='ltr'><strong>virtute</strong></span> 
     </span>
    </p>
   </div>
   <div class='ocr_carea' id='block_1_16' title="bbox 337 1588 1982 1663">
    <p class='ocr_par' dir='ltr' id='par_1_16' title="bbox 337 1588 1982 1663">
     <span class='ocr_line' id='line_1_16' title="bbox 337 1588 1982 1663; baseline -0.002 -18"><span class='ocrx_word' id='word_1_105' title='bbox 337 1593 760 1663; x_wconf 88' lang='lat' dir='ltr'><strong>processerant,</strong></span> <span class='ocrx_word' id='word_1_106' title='bbox 840 1590 1247 1645; x_wconf 87' lang='lat' dir='ltr'><strong>mirabantur:</strong></span> <span class='ocrx_word' id='word_1_107' title='bbox 1329 1588 1409 1644; x_wconf 86' lang='lat' dir='ltr'><strong>ita</strong></span> <span class='ocrx_word' id='word_1_108' title='bbox 1466 1589 1642 1644; x_wconf 89' lang='lat' dir='ltr'><strong>etiam</strong></span> <span class='ocrx_word' id='word_1_109' title='bbox 1719 1606 1791 1643; x_wconf 90' lang='lat' dir='ltr'><strong>ne</strong></span> <span class='ocrx_word' id='word_1_110' title='bbox 1847 1588 1982 1659; x_wconf 88' lang='lat' dir='ltr'><strong>quis</strong></span> 
     </span>
    </p>
   </div>
   <div class='ocr_carea' id='block_1_17' title="bbox 336 1677 1979 1749">
    <p class='ocr_par' dir='ltr' id='par_1_17' title="bbox 336 1677 1979 1749">
     <span class='ocr_line' id='line_1_17' title="bbox 336 1677 1979 1749; baseline -0.002 -14"><span class='ocrx_word' id='word_1_111' title='bbox 336 1678 693 1735; x_wconf 86' lang='lat' dir='ltr'><strong>relaberetur</strong></span> <span class='ocrx_word' id='word_1_112' title='bbox 740 1678 798 1732; x_wconf 90' lang='lat' dir='ltr'><strong>in</strong></span> <span class='ocrx_word' id='word_1_113' title='bbox 854 1677 1015 1746; x_wconf 82' lang='lat' dir='ltr'><strong>vitia,</strong></span> <span class='ocrx_word' id='word_1_114' title='bbox 1074 1679 1146 1733; x_wconf 92' lang='lat' dir='ltr'><strong>de</strong></span> <span class='ocrx_word' id='word_1_115' title='bbox 1204 1677 1505 1749; x_wconf 88' lang='lat' dir='ltr'><strong>superiore</strong></span> <span class='ocrx_word' id='word_1_116' title='bbox 1560 1677 1846 1732; x_wconf 88' lang='lat' dir='ltr'><strong>virtutum</strong></span> <span class='ocrx_word' id='word_1_117' title='bbox 1879 1677 1979 1731; x_wconf 86' lang='lat' dir='ltr'><strong>dc-</strong></span> 
     </span>
    </p>
   </div>
   <div class='ocr_carea' id='block_1_18' title="bbox 327 1763 1982 1839">
    <p class='ocr_par' dir='ltr' id='par_1_18' title="bbox 327 1763 1982 1839">
     <span class='ocr_line' id='line_1_18' title="bbox 327 1763 1982 1839; baseline -0.002 -16"><span class='ocrx_word' id='word_1_118' title='bbox 327 1768 521 1839; x_wconf 86' lang='lat' dir='ltr'><strong>jectus</strong></span> <span class='ocrx_word' id='word_1_119' title='bbox 554 1767 807 1839; x_wconf 86' lang='lat' dir='ltr'><strong>fastigio.</strong></span> <span class='ocrx_word' id='word_1_120' title='bbox 840 1767 1376 1823; x_wconf 85' lang='lat' dir='ltr'><strong>commovebantur.</strong></span> <span class='ocrx_word' id='word_1_121' title='bbox 1413 1763 1688 1821; x_wconf 86' lang='lat' dir='ltr'><strong>Proclivis</strong></span> <span class='ocrx_word' id='word_1_122' title='bbox 1736 1764 1894 1820; x_wconf 89' lang='lat' dir='ltr'><strong>enim</strong></span> <span class='ocrx_word' id='word_1_123' title='bbox 1925 1768 1982 1820; x_wconf 91' lang='lat' dir='ltr'><strong>et</strong></span> 
     </span>
    </p>
   </div>
   <div class='ocr_carea' id='block_1_19' title="bbox 336 1853 1983 1926">
    <p class='ocr_par' dir='ltr' id='par_1_19' title="bbox 336 1853 1983 1926">
     <span class='ocr_line' id='line_1_19' title="bbox 336 1853 1983 1926; baseline -0.002 -14"><span class='ocrx_word' id='word_1_124' title='bbox 336 1855 641 1912; x_wconf 80' lang='lat' dir='ltr'><strong>mutabilis</strong></span> <span class='ocrx_word' id='word_1_125' title='bbox 670 1855 729 1909; x_wconf 91' lang='lat' dir='ltr'><strong>in</strong></span> <span class='ocrx_word' id='word_1_126' title='bbox 778 1858 1096 1926; x_wconf 88' lang='lat' dir='ltr'><strong>utrumque</strong></span> <span class='ocrx_word' id='word_1_127' title='bbox 1146 1860 1239 1910; x_wconf 87' lang='lat' dir='ltr'><strong>est</strong></span> <span class='ocrx_word' id='word_1_128' title='bbox 1286 1854 1547 1910; x_wconf 88' lang='lat' dir='ltr'><strong>humana</strong></span> <span class='ocrx_word' id='word_1_129' title='bbox 1594 1853 1983 1910; x_wconf 81' lang='lat' dir='ltr'><strong>conditiozut</strong></span> 
     </span>
    </p>
   </div>
   <div class='ocr_carea' id='block_1_20' title="bbox 335 1943 1986 2016">
    <p class='ocr_par' dir='ltr' id='par_1_20' title="bbox 335 1943 1986 2016">
     <span class='ocr_line' id='line_1_20' title="bbox 335 1943 1986 2016; baseline -0.002 -15"><span class='ocrx_word' id='word_1_130' title='bbox 335 1960 687 2016; x_wconf 89' lang='lat' dir='ltr'><strong>quocunque</strong></span> <span class='ocrx_word' id='word_1_131' title='bbox 743 1943 1080 2012; x_wconf 89' lang='lat' dir='ltr'><strong>intenderit,</strong></span> <span class='ocrx_word' id='word_1_132' title='bbox 1141 1957 1210 1999; x_wconf 88' lang='lat' dir='ltr'><strong>eo</strong></span> <span class='ocrx_word' id='word_1_133' title='bbox 1286 1944 1445 1999; x_wconf 73' lang='lat'><strong>940</strong></span> <span class='ocrx_word' id='word_1_134' title='bbox 1513 1943 1874 2015; x_wconf 86' lang='lat' dir='ltr'><strong>propendeat</strong></span> <span class='ocrx_word' id='word_1_135' title='bbox 1928 1947 1986 1998; x_wconf 87' lang='lat' dir='ltr'><strong>ct</strong></span> 
     </span>
    </p>
   </div>
   <div class='ocr_carea' id='block_1_21' title="bbox 334 2029 1981 2106">
    <p class='ocr_par' dir='ltr' id='par_1_21' title="bbox 334 2029 1981 2106">
     <span class='ocr_line' id='line_1_21' title="bbox 334 2029 1981 2106; baseline -0.001 -19"><span class='ocrx_word' id='word_1_136' title='bbox 334 2036 539 2106; x_wconf 83' lang='lat' dir='ltr'><strong>vergat</strong></span> <span class='ocrx_word' id='word_1_137' title='bbox 566 2030 653 2088; x_wconf 90' lang='lat' dir='ltr'><strong>vel</strong></span> <span class='ocrx_word' id='word_1_138' title='bbox 684 2031 756 2087; x_wconf 91' lang='lat' dir='ltr'><strong>ad</strong></span> <span class='ocrx_word' id='word_1_139' title='bbox 788 2030 987 2088; x_wconf 90' lang='lat' dir='ltr'><strong>studia</strong></span> <span class='ocrx_word' id='word_1_140' title='bbox 1024 2030 1329 2097; x_wconf 90' lang='lat' dir='ltr'><strong>virtutum,</strong></span> <span class='ocrx_word' id='word_1_141' title='bbox 1380 2030 1469 2087; x_wconf 84' lang='lat' dir='ltr'><strong>vel</strong></span> <span class='ocrx_word' id='word_1_142' title='bbox 1520 2032 1589 2088; x_wconf 89' lang='lat' dir='ltr'><strong>ad</strong></span> <span class='ocrx_word' id='word_1_143' title='bbox 1648 2029 1981 2087; x_wconf 87' lang='lat' dir='ltr'><strong>illecebram</strong></span> 
     </span>
    </p>
   </div>
   <div class='ocr_carea' id='block_1_22' title="bbox 336 2119 705 2177">
    <p class='ocr_par' dir='ltr' id='par_1_22' title="bbox 336 2119 705 2177">
     <span class='ocr_line' id='line_1_22' title="bbox 336 2119 705 2177; baseline -0.005 0"><span class='ocrx_word' id='word_1_144' title='bbox 336 2119 705 2177; x_wconf 87' lang='lat' dir='ltr'><strong>delictorum.</strong></span> 
     </span>
    </p>
   </div>
   <div class='ocr_carea' id='block_1_23' title="bbox 404 2205 1985 2278">
    <p class='ocr_par' dir='ltr' id='par_1_23' title="bbox 404 2205 1985 2278">
     <span class='ocr_line' id='line_1_23' title="bbox 404 2205 1985 2278; baseline 0 -16"><span class='ocrx_word' id='word_1_145' title='bbox 404 2208 459 2262; x_wconf 87' lang='lat'><strong>9.</strong></span> <span class='ocrx_word' id='word_1_146' title='bbox 478 2207 562 2262; x_wconf 67' lang='lat' dir='ltr'><strong>“Et</strong></span> <span class='ocrx_word' id='word_1_147' title='bbox 590 2207 718 2263; x_wconf 89' lang='lat' dir='ltr'><strong>ideo</strong></span> <span class='ocrx_word' id='word_1_148' title='bbox 747 2223 863 2263; x_wconf 90' lang='lat' dir='ltr'><strong>non</strong></span> <span class='ocrx_word' id='word_1_149' title='bbox 886 2205 1165 2262; x_wconf 88' lang='lat' dir='ltr'><strong>mediocri</strong></span> <span class='ocrx_word' id='word_1_150' title='bbox 1190 2205 1607 2278; x_wconf 89' lang='lat' dir='ltr'><strong>quatiebantur</strong></span> <span class='ocrx_word' id='word_1_151' title='bbox 1631 2206 1840 2263; x_wconf 73' lang='lat' dir='ltr'><strong>aifectu</strong></span> <span class='ocrx_word' id='word_1_152' title='bbox 1865 2224 1879 2274; x_wconf 90' lang='lat'><strong>;</strong></span> <span class='ocrx_word' id='word_1_153' title='bbox 1904 2207 1985 2262; x_wconf 89' lang='lat' dir='ltr'><strong>ita</strong></span> 
     </span>
    </p>
   </div>
   <div class='ocr_carea' id='block_1_24' title="bbox 337 2294 1982 2367">
    <p class='ocr_par' dir='ltr' id='par_1_24' title="bbox 337 2294 1982 2367">
     <span class='ocr_line' id='line_1_24' title="bbox 337 2294 1982 2367; baseline -0.001 -16"><span class='ocrx_word' id='word_1_154' title='bbox 337 2299 405 2351; x_wconf 92' lang='lat' dir='ltr'><strong>ut</strong></span> <span class='ocrx_word' id='word_1_155' title='bbox 430 2312 500 2352; x_wconf 83' lang='lat' dir='ltr'><strong>ex</strong></span> <span class='ocrx_word' id='word_1_156' title='bbox 529 2295 840 2352; x_wconf 83' lang='lat' dir='ltr'><strong>formidine</strong></span> <span class='ocrx_word' id='word_1_157' title='bbox 868 2299 1088 2352; x_wconf 89' lang='lat' dir='ltr'><strong>tremor</strong></span> <span class='ocrx_word' id='word_1_158' title='bbox 1136 2294 1598 2367; x_wconf 83' lang='lat' dir='ltr'><strong>apprehenderat</strong></span> <span class='ocrx_word' id='word_1_159' title='bbox 1633 2311 1754 2362; x_wconf 91' lang='lat' dir='ltr'><strong>eos,</strong></span> <span class='ocrx_word' id='word_1_160' title='bbox 1785 2295 1982 2352; x_wconf 92' lang='lat' dir='ltr'><strong>consi-</strong></span> 
     </span>
    </p>
   </div>
   <div class='ocr_carea' id='block_1_25' title="bbox 337 2383 1983 2457">
    <p class='ocr_par' dir='ltr' id='par_1_25' title="bbox 337 2383 1983 2457">
     <span class='ocr_line' id='line_1_25' title="bbox 337 2383 1983 2457; baseline 0 -18"><span class='ocrx_word' id='word_1_161' title='bbox 337 2384 607 2440; x_wconf 89' lang='lat' dir='ltr'><strong>derantes</strong></span> <span class='ocrx_word' id='word_1_162' title='bbox 637 2383 779 2440; x_wconf 85' lang='lat' dir='ltr'><strong>illud</strong></span> <span class='ocrx_word' id='word_1_163' title='bbox 812 2384 969 2457; x_wconf 90' lang='lat' dir='ltr'><strong>quod</strong></span> <span class='ocrx_word' id='word_1_164' title='bbox 996 2384 1281 2456; x_wconf 91' lang='lat' dir='ltr'><strong>scriptum</strong></span> <span class='ocrx_word' id='word_1_165' title='bbox 1313 2387 1439 2440; x_wconf 91' lang='lat' dir='ltr'><strong>est:</strong></span> <span class='ocrx_word' id='word_1_166' title='bbox 1492 2383 1640 2450; x_wconf 88' lang='lat' dir='ltr'><strong>Quia</strong></span> <span class='ocrx_word' id='word_1_167' title='bbox 1665 2407 1694 2436; x_wconf 88' lang='grc'><strong>‹‹</strong></span> <span class='ocrx_word' id='word_1_168' title='bbox 1746 2385 1807 2440; x_wconf 91' lang='lat' dir='ltr'><strong>in</strong></span> <span class='ocrx_word' id='word_1_169' title='bbox 1838 2383 1983 2441; x_wconf 90' lang='lat' dir='ltr'><strong>locis</strong></span> 
     </span>
    </p>
   </div>
   <div class='ocr_carea' id='block_1_26' title="bbox 335 2471 1978 2547">
    <p class='ocr_par' dir='ltr' id='par_1_26' title="bbox 335 2471 1978 2547">
     <span class='ocr_line' id='line_1_26' title="bbox 335 2471 1978 2547; baseline -0.002 -19"><span class='ocrx_word' id='word_1_170' title='bbox 335 2471 652 2545; x_wconf 88' lang='lat' dir='ltr'><strong>impiorum</strong></span> <span class='ocrx_word' id='word_1_171' title='bbox 702 2472 1088 2546; x_wconf 83' lang='lat' dir='ltr'><strong>ingemiscant</strong></span> <span class='ocrx_word' id='word_1_172' title='bbox 1124 2471 1274 2543; x_wconf 90' lang='lat' dir='ltr'><strong>justi</strong></span> <span class='ocrx_word' id='word_1_173' title='bbox 1324 2473 1504 2546; x_wconf 81' lang='lat' dir='ltr'><strong>(Prov.</strong></span> <span class='ocrx_word' id='word_1_174' title='bbox 1553 2490 1752 2541; x_wconf 83' lang='lat' dir='ltr'><strong>xxvm,</strong></span> <span class='ocrx_word' id='word_1_175' title='bbox 1803 2473 1978 2547; x_wconf 84' lang='lat'><strong>28).»</strong></span> 
     </span>
    </p>
   </div>
   <div class='ocr_carea' id='block_1_27' title="bbox 334 2560 1980 2634">
    <p class='ocr_par' dir='ltr' id='par_1_27' title="bbox 334 2560 1980 2634">
     <span class='ocr_line' id='line_1_27' title="bbox 334 2560 1980 2634; baseline 0 -16"><span class='ocrx_word' id='word_1_176' title='bbox 334 2560 596 2634; x_wconf 89' lang='lat' dir='ltr'><strong>Denique</strong></span> <span class='ocrx_word' id='word_1_177' title='bbox 641 2560 773 2618; x_wconf 90' lang='lat' dir='ltr'><strong>vide</strong></span> <span class='ocrx_word' id='word_1_178' title='bbox 816 2560 963 2618; x_wconf 91' lang='lat' dir='ltr'><strong>mihi</strong></span> <span class='ocrx_word' id='word_1_179' title='bbox 1013 2563 1246 2618; x_wconf 88' lang='lat' dir='ltr'><strong>Petrum</strong></span> <span class='ocrx_word' id='word_1_180' title='bbox 1292 2562 1666 2618; x_wconf 88' lang='lat' dir='ltr'><strong>amarissime</strong></span> <span class='ocrx_word' id='word_1_181' title='bbox 1716 2561 1980 2630; x_wconf 87' lang='lat' dir='ltr'><strong>ﬂentem,</strong></span> 
     </span>
    </p>
   </div>
   <div class='ocr_carea' id='block_1_28' title="bbox 334 2649 1981 2723">
    <p class='ocr_par' dir='ltr' id='par_1_28' title="bbox 334 2649 1981 2723">
     <span class='ocr_line' id='line_1_28' title="bbox 334 2649 1981 2723; baseline 0.002 -18"><span class='ocrx_word' id='word_1_182' title='bbox 334 2650 490 2723; x_wconf 90' lang='lat' dir='ltr'><strong>quod</strong></span> <span class='ocrx_word' id='word_1_183' title='bbox 520 2649 573 2706; x_wconf 91' lang='lat' dir='ltr'><strong>ei</strong></span> <span class='ocrx_word' id='word_1_184' title='bbox 602 2666 763 2706; x_wconf 89' lang='lat' dir='ltr'><strong>error</strong></span> <span class='ocrx_word' id='word_1_185' title='bbox 790 2649 1150 2723; x_wconf 87' lang='lat' dir='ltr'><strong>obrepserit;</strong></span> <span class='ocrx_word' id='word_1_186' title='bbox 1182 2654 1241 2707; x_wconf 90' lang='lat' dir='ltr'><strong>et</strong></span> <span class='ocrx_word' id='word_1_187' title='bbox 1279 2650 1556 2706; x_wconf 88' lang='lat' dir='ltr'><strong>virtutem</strong></span> <span class='ocrx_word' id='word_1_188' title='bbox 1602 2668 1720 2707; x_wconf 66' lang='lat' dir='ltr'><strong>suae</strong></span> <span class='ocrx_word' id='word_1_189' title='bbox 1766 2652 1981 2709; x_wconf 89' lang='lat' dir='ltr'><strong>mentis</strong></span> 
     </span>
    </p>
   </div>
   <div class='ocr_carea' id='block_1_29' title="bbox 331 2737 1979 2812">
    <p class='ocr_par' dir='ltr' id='par_1_29' title="bbox 331 2737 1979 2812">
     <span class='ocr_line' id='line_1_29' title="bbox 331 2737 1979 2812; baseline 0.001 -17"><span class='ocrx_word' id='word_1_190' title='bbox 331 2738 702 2812; x_wconf 90' lang='lat' dir='ltr'><strong>prolapsione</strong></span> <span class='ocrx_word' id='word_1_191' title='bbox 744 2755 1030 2812; x_wconf 70' lang='lat' dir='ltr'><strong>corporeae</strong></span> <span class='ocrx_word' id='word_1_192' title='bbox 1071 2737 1402 2812; x_wconf 80' lang='lat' dir='ltr'><strong>fragilitatis</strong></span> <span class='ocrx_word' id='word_1_193' title='bbox 1433 2738 1755 2795; x_wconf 78' lang='lat' dir='ltr'><strong>inﬂexerit:</strong></span> <span class='ocrx_word' id='word_1_194' title='bbox 1806 2738 1979 2796; x_wconf 88' lang='lat' dir='ltr'><strong>meri-</strong></span> 
     </span>
    </p>
   </div>
   <div class='ocr_carea' id='block_1_30' title="bbox 330 2827 1977 2901">
    <p class='ocr_par' dir='ltr' id='par_1_30' title="bbox 330 2827 1977 2901">
     <span class='ocr_line' id='line_1_30' title="bbox 330 2827 1977 2901; baseline 0.001 -18"><span class='ocrx_word' id='word_1_195' title='bbox 330 2832 507 2901; x_wconf 90' lang='lat' dir='ltr'><strong>toque</strong></span> <span class='ocrx_word' id='word_1_196' title='bbox 535 2843 569 2882; x_wconf 91' lang='lat' dir='ltr'><strong>a</strong></span> <span class='ocrx_word' id='word_1_197' title='bbox 597 2827 825 2884; x_wconf 88' lang='lat' dir='ltr'><strong>Christo</strong></span> <span class='ocrx_word' id='word_1_198' title='bbox 863 2844 1045 2900; x_wconf 90' lang='lat' dir='ltr'><strong>supra</strong></span> <span class='ocrx_word' id='word_1_199' title='bbox 1074 2842 1204 2884; x_wconf 91' lang='lat' dir='ltr'><strong>esse</strong></span> <span class='ocrx_word' id='word_1_200' title='bbox 1232 2827 1657 2900; x_wconf 89' lang='lat' dir='ltr'><strong>reprehensum</strong></span> <span class='ocrx_word' id='word_1_201' title='bbox 1688 2828 1788 2900; x_wconf 89' lang='lat'><strong>(5),</strong></span> <span class='ocrx_word' id='word_1_202' title='bbox 1821 2829 1977 2901; x_wconf 87' lang='lat' dir='ltr'><strong>quod</strong></span> 
     </span>
    </p>
   </div>
   <div class='ocr_carea' id='block_1_31' title="bbox 330 2915 1979 2989">
    <p class='ocr_par' dir='ltr' id='par_1_31' title="bbox 330 2915 1979 2989">
     <span class='ocr_line' id='line_1_31' title="bbox 330 2915 1979 2989; baseline 0.002 -18"><span class='ocrx_word' id='word_1_203' title='bbox 330 2931 510 2973; x_wconf 87' lang='lat' dir='ltr'><strong>ausus</strong></span> <span class='ocrx_word' id='word_1_204' title='bbox 526 2915 604 2972; x_wconf 90' lang='lat' dir='ltr'><strong>sit</strong></span> <span class='ocrx_word' id='word_1_205' title='bbox 626 2932 912 2989; x_wconf 85' lang='lat' dir='ltr'><strong>usurpare</strong></span> <span class='ocrx_word' id='word_1_206' title='bbox 937 2916 1352 2989; x_wconf 84' lang='lat' dir='ltr'><strong>constantiam,</strong></span> <span class='ocrx_word' id='word_1_207' title='bbox 1379 2933 1483 2976; x_wconf 86' lang='lat' dir='ltr'><strong>nec</strong></span> <span class='ocrx_word' id='word_1_208' title='bbox 1504 2916 1815 2974; x_wconf 82' lang='lat' dir='ltr'><strong>obnoxiam</strong></span> <span class='ocrx_word' id='word_1_209' title='bbox 1840 2934 1979 2974; x_wconf 89' lang='lat' dir='ltr'><strong>con-</strong></span> 
     </span>
    </p>
   </div>
   <div class='ocr_carea' id='block_1_32' title="bbox 329 3002 1979 3078">
    <p class='ocr_par' dir='ltr' id='par_1_32' title="bbox 329 3002 1979 3078">
     <span class='ocr_line' id='line_1_32' title="bbox 329 3002 1979 3078; baseline 0.004 -21"><span class='ocrx_word' id='word_1_210' title='bbox 329 3002 582 3060; x_wconf 86' lang='lat' dir='ltr'><strong>siderare</strong></span> <span class='ocrx_word' id='word_1_211' title='bbox 596 3007 888 3060; x_wconf 88' lang='lat' dir='ltr'><strong>naturam.</strong></span> <span class='ocrx_word' id='word_1_212' title='bbox 915 3005 983 3060; x_wconf 76' lang='lat' dir='ltr'><strong>Et</strong></span> <span class='ocrx_word' id='word_1_213' title='bbox 1001 3003 1096 3067; x_wconf 84' lang='lat' dir='ltr'><strong>hic</strong></span> <span class='ocrx_word' id='word_1_214' title='bbox 1111 3004 1351 3077; x_wconf 88' lang='lat' dir='ltr'><strong>quidem</strong></span> <span class='ocrx_word' id='word_1_215' title='bbox 1379 3022 1483 3077; x_wconf 92' lang='lat' dir='ltr'><strong>per</strong></span> <span class='ocrx_word' id='word_1_216' title='bbox 1510 3006 1761 3078; x_wconf 84' lang='lat' dir='ltr'><strong>gratiam</strong></span> <span class='ocrx_word' id='word_1_217' title='bbox 1784 3022 1979 3063; x_wconf 89' lang='lat' dir='ltr'><strong>emen-</strong></span> 
     </span>
    </p>
   </div>
   <div class='ocr_carea' id='block_1_33' title="bbox 330 3085 1975 3168">
    <p class='ocr_par' dir='ltr' id='par_1_33' title="bbox 330 3085 1975 3168">
     <span class='ocr_line' id='line_1_33' title="bbox 330 3085 1975 3168; baseline 0.002 -19"><span class='ocrx_word' id='word_1_218' title='bbox 330 3091 487 3149; x_wconf 90' lang='lat' dir='ltr'><strong>davit</strong></span> <span class='ocrx_word' id='word_1_219' title='bbox 512 3108 765 3150; x_wconf 88' lang='lat' dir='ltr'><strong>errorem</strong></span> <span class='ocrx_word' id='word_1_220' title='bbox 791 3111 805 3161; x_wconf 89' lang='lat'><strong>;</strong></span> <span class='ocrx_word' id='word_1_221' title='bbox 840 3093 943 3149; x_wconf 91' lang='lat' dir='ltr'><strong>sed</strong></span> <span class='ocrx_word' id='word_1_222' title='bbox 972 3085 1158 3150; x_wconf 84' lang='lat' dir='ltr'><strong>Judas</strong></span> <span class='ocrx_word' id='word_1_223' title='bbox 1190 3093 1410 3150; x_wconf 88' lang='lat' dir='ltr'><strong>mansit</strong></span> <span class='ocrx_word' id='word_1_224' title='bbox 1452 3094 1512 3150; x_wconf 91' lang='lat' dir='ltr'><strong>in</strong></span> <span class='ocrx_word' id='word_1_225' title='bbox 1544 3094 1810 3163; x_wconf 88' lang='lat' dir='ltr'><strong>crimine,</strong></span> <span class='ocrx_word' id='word_1_226' title='bbox 1844 3112 1975 3168; x_wconf 89' lang='lat' dir='ltr'><strong>per-</strong></span> 
     </span>
    </p>
   </div>
   <div class='ocr_carea' id='block_1_34' title="bbox 331 3179 1972 3256">
    <p class='ocr_par' dir='ltr' id='par_1_34' title="bbox 331 3179 1972 3256">
     <span class='ocr_line' id='line_1_34' title="bbox 331 3179 1972 3256; baseline 0.002 -18"><span class='ocrx_word' id='word_1_227' title='bbox 331 3179 610 3238; x_wconf 87' lang='lat' dir='ltr'><strong>severavit</strong></span> <span class='ocrx_word' id='word_1_228' title='bbox 638 3180 699 3235; x_wconf 91' lang='lat' dir='ltr'><strong>in</strong></span> <span class='ocrx_word' id='word_1_229' title='bbox 730 3181 974 3253; x_wconf 89' lang='lat' dir='ltr'><strong>gemitu.</strong></span> <span class='ocrx_word' id='word_1_230' title='bbox 1005 3181 1214 3238; x_wconf 82' lang='lat' dir='ltr'><strong>Justus</strong></span> <span class='ocrx_word' id='word_1_231' title='bbox 1243 3186 1368 3239; x_wconf 89' lang='lat' dir='ltr'><strong>erat</strong></span> <span class='ocrx_word' id='word_1_232' title='bbox 1394 3199 1529 3239; x_wconf 91' lang='lat' dir='ltr'><strong>cum</strong></span> <span class='ocrx_word' id='word_1_233' title='bbox 1572 3185 1972 3256; x_wconf 86' lang='lat' dir='ltr'><strong>apostolorum</strong></span> 
     </span>
    </p>
   </div>
   <div class='ocr_carea' id='block_1_35' title="bbox 331 3257 2050 3342">
    <p class='ocr_par' dir='ltr' id='par_1_35' title="bbox 331 3257 2050 3342">
     <span class='ocr_line' id='line_1_35' title="bbox 331 3257 2050 3342; baseline -0.001 -16"><span class='ocrx_word' id='word_1_234' title='bbox 331 3286 584 3341; x_wconf 33' lang='lat' dir='ltr'><strong>numero,</strong></span> <span class='ocrx_word' id='word_1_235' title='bbox 599 3273 951 3326; x_wconf 88' lang='lat' dir='ltr'><strong>necteretur:</strong></span> <span class='ocrx_word' id='word_1_236' title='bbox 971 3269 1073 3326; x_wconf 90' lang='lat' dir='ltr'><strong>sed</strong></span> <span class='ocrx_word' id='word_1_237' title='bbox 1095 3269 1663 3342; x_wconf 86' lang='lat' dir='ltr'><strong>quiasupplantatus</strong></span> <span class='ocrx_word' id='word_1_238' title='bbox 1698 3273 1974 3330; x_wconf 88' lang='lat' dir='ltr'><strong>adiabolo</strong></span> <span class='ocrx_word' id='word_1_239' title='bbox 2005 3257 2050 3325; x_wconf 88' lang='lat' dir='ltr'><strong>C</strong></span> 
     </span>
    </p>
   </div>
   <div class='ocr_carea' id='block_1_36' title="bbox 331 3356 1973 3432">
    <p class='ocr_par' dir='ltr' id='par_1_36' title="bbox 331 3356 1973 3432">
     <span class='ocr_line' id='line_1_36' title="bbox 331 3356 1973 3432; baseline 0 -16"><span class='ocrx_word' id='word_1_240' title='bbox 331 3363 443 3427; x_wconf 86' lang='lat' dir='ltr'><strong>est,</strong></span> <span class='ocrx_word' id='word_1_241' title='bbox 472 3359 532 3414; x_wconf 89' lang='lat' dir='ltr'><strong>in</strong></span> <span class='ocrx_word' id='word_1_242' title='bbox 565 3357 707 3415; x_wconf 88' lang='lat' dir='ltr'><strong>locis</strong></span> <span class='ocrx_word' id='word_1_243' title='bbox 739 3374 893 3413; x_wconf 90' lang='lat' dir='ltr'><strong>nunc</strong></span> <span class='ocrx_word' id='word_1_244' title='bbox 925 3356 1192 3429; x_wconf 88' lang='lat' dir='ltr'><strong>deplorat</strong></span> <span class='ocrx_word' id='word_1_245' title='bbox 1229 3362 1288 3413; x_wconf 91' lang='lat' dir='ltr'><strong>et</strong></span> <span class='ocrx_word' id='word_1_246' title='bbox 1333 3358 1583 3431; x_wconf 88' lang='lat' dir='ltr'><strong>ingemit</strong></span> <span class='ocrx_word' id='word_1_247' title='bbox 1617 3359 1931 3432; x_wconf 89' lang='lat' dir='ltr'><strong>impiorum</strong></span> <span class='ocrx_word' id='word_1_248' title='bbox 1960 3379 1973 3429; x_wconf 92' lang='lat'><strong>;</strong></span> 
     </span>
    </p>
   </div>
   <div class='ocr_carea' id='block_1_37' title="bbox 334 3446 1977 3521">
    <p class='ocr_par' dir='ltr' id='par_1_37' title="bbox 334 3446 1977 3521">
     <span class='ocr_line' id='line_1_37' title="bbox 334 3446 1977 3521; baseline 0.001 -18"><span class='ocrx_word' id='word_1_249' title='bbox 334 3448 490 3521; x_wconf 90' lang='lat' dir='ltr'><strong>quod</strong></span> <span class='ocrx_word' id='word_1_250' title='bbox 521 3448 593 3503; x_wconf 93' lang='lat' dir='ltr'><strong>de</strong></span> <span class='ocrx_word' id='word_1_251' title='bbox 621 3446 811 3519; x_wconf 88' lang='lat' dir='ltr'><strong>gratia</strong></span> <span class='ocrx_word' id='word_1_252' title='bbox 841 3447 920 3502; x_wconf 90' lang='lat' dir='ltr'><strong>sit</strong></span> <span class='ocrx_word' id='word_1_253' title='bbox 958 3446 1227 3518; x_wconf 87' lang='lat' dir='ltr'><strong>relapsus</strong></span> <span class='ocrx_word' id='word_1_254' title='bbox 1273 3446 1346 3502; x_wconf 87' lang='lat' dir='ltr'><strong>ad</strong></span> <span class='ocrx_word' id='word_1_255' title='bbox 1395 3463 1648 3518; x_wconf 69' lang='lat' dir='ltr'><strong>poenam.</strong></span> <span class='ocrx_word' id='word_1_256' title='bbox 1700 3449 1850 3520; x_wconf 89' lang='lat' dir='ltr'><strong>Ergo</strong></span> <span class='ocrx_word' id='word_1_257' title='bbox 1882 3466 1977 3504; x_wconf 91' lang='lat' dir='ltr'><strong>ca-</strong></span> 
     </span>
    </p>
   </div>
   <div class='ocr_carea' id='block_1_38' title="bbox 333 3533 1977 3608">
    <p class='ocr_par' dir='ltr' id='par_1_38' title="bbox 333 3533 1977 3608">
     <span class='ocr_line' id='line_1_38' title="bbox 333 3533 1977 3608; baseline 0 -16"><span class='ocrx_word' id='word_1_258' title='bbox 333 3535 607 3592; x_wconf 88' lang='lat' dir='ltr'><strong>dentibus</strong></span> <span class='ocrx_word' id='word_1_259' title='bbox 635 3533 979 3607; x_wconf 88' lang='lat' dir='ltr'><strong>hujusmodi</strong></span> <span class='ocrx_word' id='word_1_260' title='bbox 1007 3533 1168 3602; x_wconf 88' lang='lat' dir='ltr'><strong>viris,</strong></span> <span class='ocrx_word' id='word_1_261' title='bbox 1210 3533 1404 3606; x_wconf 90' lang='lat' dir='ltr'><strong>qualis</strong></span> <span class='ocrx_word' id='word_1_262' title='bbox 1446 3534 1557 3590; x_wconf 89' lang='lat' dir='ltr'><strong>fuit</strong></span> <span class='ocrx_word' id='word_1_263' title='bbox 1587 3535 1849 3608; x_wconf 90' lang='lat' dir='ltr'><strong>proditor</strong></span> <span class='ocrx_word' id='word_1_264' title='bbox 1873 3537 1977 3593; x_wconf 86' lang='lat' dir='ltr'><strong>Ju-</strong></span> 
     </span>
    </p>
   </div>
   <div class='ocr_carea' id='block_1_39' title="bbox 328 3622 1976 3698">
    <p class='ocr_par' dir='ltr' id='par_1_39' title="bbox 328 3622 1976 3698">
     <span class='ocr_line' id='line_1_39' title="bbox 328 3622 1976 3698; baseline 0.002 -20"><span class='ocrx_word' id='word_1_265' title='bbox 328 3623 457 3690; x_wconf 89' lang='lat' dir='ltr'><strong>das,</strong></span> <span class='ocrx_word' id='word_1_266' title='bbox 486 3622 576 3679; x_wconf 91' lang='lat' dir='ltr'><strong>vel</strong></span> <span class='ocrx_word' id='word_1_267' title='bbox 605 3622 747 3679; x_wconf 89' lang='lat' dir='ltr'><strong>Saul</strong></span> <span class='ocrx_word' id='word_1_268' title='bbox 776 3639 810 3678; x_wconf 89' lang='lat' dir='ltr'><strong>a</strong></span> <span class='ocrx_word' id='word_1_269' title='bbox 839 3622 1086 3679; x_wconf 90' lang='lat' dir='ltr'><strong>Domino</strong></span> <span class='ocrx_word' id='word_1_270' title='bbox 1106 3627 1218 3679; x_wconf 93' lang='lat' dir='ltr'><strong>Deo</strong></span> <span class='ocrx_word' id='word_1_271' title='bbox 1237 3639 1345 3680; x_wconf 91' lang='lat' dir='ltr'><strong>suo</strong></span> <span class='ocrx_word' id='word_1_272' title='bbox 1363 3622 1584 3680; x_wconf 90' lang='lat' dir='ltr'><strong>accitus</strong></span> <span class='ocrx_word' id='word_1_273' title='bbox 1606 3624 1679 3681; x_wconf 90' lang='lat' dir='ltr'><strong>ad</strong></span> <span class='ocrx_word' id='word_1_274' title='bbox 1705 3640 1976 3698; x_wconf 90' lang='lat' dir='ltr'><strong>regnum,</strong></span> 
     </span>
    </p>
   </div>
   <div class='ocr_carea' id='block_1_40' title="bbox 327 3708 1256 3783">
    <p class='ocr_par' dir='ltr' id='par_1_40' title="bbox 327 3708 1256 3783">
     <span class='ocr_line' id='line_1_40' title="bbox 327 3708 1256 3783; baseline 0.002 -18"><span class='ocrx_word' id='word_1_275' title='bbox 327 3709 504 3765; x_wconf 90' lang='lat' dir='ltr'><strong>etiam</strong></span> <span class='ocrx_word' id='word_1_276' title='bbox 531 3708 709 3765; x_wconf 81' lang='lat' dir='ltr'><strong>fortes</strong></span> <span class='ocrx_word' id='word_1_277' title='bbox 736 3709 842 3766; x_wconf 88' lang='lat' dir='ltr'><strong>viri</strong></span> <span class='ocrx_word' id='word_1_278' title='bbox 865 3709 1256 3783; x_wconf 86' lang='lat' dir='ltr'><strong>trepidabant.</strong></span> 
     </span>
    </p>
   </div>
   <div class='ocr_carea' id='block_1_41' title="bbox 396 3797 1977 3872">
    <p class='ocr_par' dir='ltr' id='par_1_41' title="bbox 396 3797 1977 3872">
     <span class='ocr_line' id='line_1_41' title="bbox 396 3797 1977 3872; baseline 0.003 -19"><span class='ocrx_word' id='word_1_279' title='bbox 396 3798 485 3853; x_wconf 89' lang='grc'><strong>10.</strong></span> <span class='ocrx_word' id='word_1_280' title='bbox 515 3797 701 3868; x_wconf 83' lang='lat' dir='ltr'><strong>(Vers.</strong></span> <span class='ocrx_word' id='word_1_281' title='bbox 733 3798 815 3870; x_wconf 93' lang='lat'><strong>7.)</strong></span> <span class='ocrx_word' id='word_1_282' title='bbox 845 3797 1218 3860; x_wconf 78' lang='lat' dir='ltr'><strong>Conferentes</strong></span> <span class='ocrx_word' id='word_1_283' title='bbox 1250 3799 1507 3871; x_wconf 90' lang='lat' dir='ltr'><strong>denique</strong></span> <span class='ocrx_word' id='word_1_284' title='bbox 1539 3804 1760 3872; x_wconf 88' lang='lat' dir='ltr'><strong>quanto</strong></span> <span class='ocrx_word' id='word_1_285' title='bbox 1792 3805 1977 3858; x_wconf 89' lang='lat' dir='ltr'><strong>certa-</strong></span> 
     </span>
    </p>
   </div>
   <div class='ocr_carea' id='block_1_42' title="bbox 320 3884 1979 3961">
    <p class='ocr_par' dir='ltr' id='par_1_42' title="bbox 320 3884 1979 3961">
     <span class='ocr_line' id='line_1_42' title="bbox 320 3884 1979 3961; baseline 0.004 -19"><span class='ocrx_word' id='word_1_286' title='bbox 320 3884 481 3942; x_wconf 91' lang='lat' dir='ltr'><strong>mine</strong></span> <span class='ocrx_word' id='word_1_287' title='bbox 508 3884 924 3958; x_wconf 89' lang='lat' dir='ltr'><strong>perveniretur</strong></span> <span class='ocrx_word' id='word_1_288' title='bbox 954 3888 1027 3944; x_wconf 92' lang='lat' dir='ltr'><strong>ad</strong></span> <span class='ocrx_word' id='word_1_289' title='bbox 1075 3887 1274 3957; x_wconf 89' lang='lat' dir='ltr'><strong>ﬁnem,</strong></span> <span class='ocrx_word' id='word_1_290' title='bbox 1320 3896 1551 3961; x_wconf 69' lang='lat' dir='ltr'><strong>quanta:</strong></span> <span class='ocrx_word' id='word_1_291' title='bbox 1599 3889 1979 3949; x_wconf 86' lang='lat' dir='ltr'><strong>contritiones</strong></span> 
     </span>
    </p>
   </div>
   <div class='ocr_carea' id='block_1_43' title="bbox 312 3976 1977 4050">
    <p class='ocr_par' dir='ltr' id='par_1_43' title="bbox 312 3976 1977 4050">
     <span class='ocr_line' id='line_1_43' title="bbox 312 3976 1977 4050; baseline 0.002 -18"><span class='ocrx_word' id='word_1_292' title='bbox 312 3976 640 4048; x_wconf 83' lang='lat' dir='ltr'><strong>justorum,</strong></span> <span class='ocrx_word' id='word_1_293' title='bbox 680 3979 914 4047; x_wconf 64' lang='lat' dir='ltr'><strong>quantae</strong></span> <span class='ocrx_word' id='word_1_294' title='bbox 963 3976 1411 4045; x_wconf 88' lang='lat' dir='ltr'><strong>sollicitudines,</strong></span> <span class='ocrx_word' id='word_1_295' title='bbox 1462 3977 1659 4050; x_wconf 88' lang='lat' dir='ltr'><strong>qualis</strong></span> <span class='ocrx_word' id='word_1_296' title='bbox 1707 3980 1977 4036; x_wconf 87' lang='lat' dir='ltr'><strong>adversa-</strong></span> 
     </span>
    </p>
   </div>
   <div class='ocr_carea' id='block_1_44' title="bbox 325 4063 1976 4141">
    <p class='ocr_par' dir='ltr' id='par_1_44' title="bbox 325 4063 1976 4141">
     <span class='ocr_line' id='line_1_44' title="bbox 325 4063 1976 4141; baseline 0.003 -22"><span class='ocrx_word' id='word_1_297' title='bbox 325 4063 472 4130; x_wconf 89' lang='lat' dir='ltr'><strong>rius,</strong></span> <span class='ocrx_word' id='word_1_298' title='bbox 520 4067 746 4136; x_wconf 87' lang='lat' dir='ltr'><strong>quanta</strong></span> <span class='ocrx_word' id='word_1_299' title='bbox 792 4064 1074 4123; x_wconf 90' lang='lat' dir='ltr'><strong>diuturno</strong></span> <span class='ocrx_word' id='word_1_300' title='bbox 1122 4066 1320 4123; x_wconf 87' lang='lat' dir='ltr'><strong>labore</strong></span> <span class='ocrx_word' id='word_1_301' title='bbox 1375 4067 1692 4135; x_wconf 88' lang='lat' dir='ltr'><strong>contentio,</strong></span> <span class='ocrx_word' id='word_1_302' title='bbox 1742 4072 1976 4141; x_wconf 85' lang='lat' dir='ltr'><strong>quantae</strong></span> 
     </span>
    </p>
   </div>
   <div class='ocr_carea' id='block_1_45' title="bbox 324 4151 1977 4229">
    <p class='ocr_par' dir='ltr' id='par_1_45' title="bbox 324 4151 1977 4229">
     <span class='ocr_line' id='line_1_45' title="bbox 324 4151 1977 4229; baseline 0.002 -19"><span class='ocrx_word' id='word_1_303' title='bbox 324 4151 747 4210; x_wconf 88' lang='lat' dir='ltr'><strong>amaritudines</strong></span> <span class='ocrx_word' id='word_1_304' title='bbox 786 4155 1083 4227; x_wconf 71' lang='lat' dir='ltr'><strong>prmpositi</strong></span> <span class='ocrx_word' id='word_1_305' title='bbox 1142 4155 1383 4212; x_wconf 89' lang='lat' dir='ltr'><strong>terroris</strong></span> <span class='ocrx_word' id='word_1_306' title='bbox 1432 4156 1534 4227; x_wconf 76' lang='lat'><strong>(6),</strong></span> <span class='ocrx_word' id='word_1_307' title='bbox 1580 4173 1712 4229; x_wconf 65' lang='lat' dir='ltr'><strong>quis</strong></span> <span class='ocrx_word' id='word_1_308' title='bbox 1742 4156 1977 4214; x_wconf 88' lang='lat' dir='ltr'><strong>vincula</strong></span> 
     </span>
    </p>
   </div>
   <div class='ocr_carea' id='block_1_46' title="bbox 325 4240 1976 4313">
    <p class='ocr_par' dir='ltr' id='par_1_46' title="bbox 325 4240 1976 4313">
     <span class='ocr_line' id='line_1_46' title="bbox 325 4240 1976 4313; baseline 0.004 -16"><span class='ocrx_word' id='word_1_309' title='bbox 325 4240 715 4305; x_wconf 73' lang='lat' dir='ltr'><strong>continentiae,</strong></span> <span class='ocrx_word' id='word_1_310' title='bbox 767 4258 894 4313; x_wconf 81' lang='lat' dir='ltr'><strong>quae</strong></span> <span class='ocrx_word' id='word_1_311' title='bbox 948 4241 1315 4299; x_wconf 66' lang='lat' dir='ltr'><strong>conscientias</strong></span> <span class='ocrx_word' id='word_1_312' title='bbox 1373 4245 1636 4312; x_wconf 84' lang='lat' dir='ltr'><strong>verbera,</strong></span> <span class='ocrx_word' id='word_1_313' title='bbox 1689 4262 1805 4302; x_wconf 92' lang='lat' dir='ltr'><strong>non</strong></span> <span class='ocrx_word' id='word_1_314' title='bbox 1855 4263 1976 4303; x_wconf 90' lang='lat' dir='ltr'><strong>me-</strong></span> 
     </span>
    </p>
   </div>
   <div class='ocr_carea' id='block_1_47' title="bbox 325 4328 1976 4402">
    <p class='ocr_par' dir='ltr' id='par_1_47' title="bbox 325 4328 1976 4402">
     <span class='ocr_line' id='line_1_47' title="bbox 325 4328 1976 4402; baseline 0.004 -18"><span class='ocrx_word' id='word_1_315' title='bbox 325 4328 602 4385; x_wconf 89' lang='lat' dir='ltr'><strong>diocriter</strong></span> <span class='ocrx_word' id='word_1_316' title='bbox 629 4329 1175 4399; x_wconf 89' lang='lat' dir='ltr'><strong>conturbabantur;</strong></span> <span class='ocrx_word' id='word_1_317' title='bbox 1207 4347 1279 4386; x_wconf 90' lang='lat' dir='ltr'><strong>ne</strong></span> <span class='ocrx_word' id='word_1_318' title='bbox 1313 4330 1448 4402; x_wconf 92' lang='lat' dir='ltr'><strong>quis</strong></span> <span class='ocrx_word' id='word_1_319' title='bbox 1492 4333 1672 4389; x_wconf 89' lang='lat' dir='ltr'><strong>tantis</strong></span> <span class='ocrx_word' id='word_1_320' title='bbox 1699 4332 1784 4389; x_wconf 90' lang='lat' dir='ltr'><strong>vel</strong></span> <span class='ocrx_word' id='word_1_321' title='bbox 1818 4333 1976 4391; x_wconf 85' lang='lat' dir='ltr'><strong>labo-</strong></span> 
     </span>
    </p>
   </div>
   <div class='ocr_carea' id='block_1_48' title="bbox 327 4416 1982 4485">
    <p class='ocr_par' dir='ltr' id='par_1_48' title="bbox 327 4416 1982 4485">
     <span class='ocr_line' id='line_1_48' title="bbox 327 4416 1982 4485; baseline 0.005 -13"><span class='ocrx_word' id='word_1_322' title='bbox 327 4416 491 4475; x_wconf 89' lang='lat' dir='ltr'><strong>ribus</strong></span> <span class='ocrx_word' id='word_1_323' title='bbox 519 4417 647 4474; x_wconf 65' lang='lat' dir='ltr'><strong>vitee</strong></span> <span class='ocrx_word' id='word_1_324' title='bbox 676 4419 1020 4476; x_wconf 86' lang='lat' dir='ltr'><strong>austerioris</strong></span> <span class='ocrx_word' id='word_1_325' title='bbox 1047 4420 1296 4485; x_wconf 88' lang='lat' dir='ltr'><strong>cederet,</strong></span> <span class='ocrx_word' id='word_1_326' title='bbox 1339 4419 1425 4474; x_wconf 90' lang='lat' dir='ltr'><strong>vel</strong></span> <span class='ocrx_word' id='word_1_327' title='bbox 1473 4419 1796 4478; x_wconf 91' lang='lat' dir='ltr'><strong>doloribus.</strong></span> <span class='ocrx_word' id='word_1_328' title='bbox 1830 4423 1982 4480; x_wconf 90' lang='lat' dir='ltr'><strong>Sunt</strong></span> 
     </span>
    </p>
   </div>
   <div class='ocr_carea' id='block_1_49' title="bbox 331 4506 1975 4581">
    <p class='ocr_par' dir='ltr' id='par_1_49' title="bbox 331 4506 1975 4581">
     <span class='ocr_line' id='line_1_49' title="bbox 331 4506 1975 4581; baseline 0.003 -19"><span class='ocrx_word' id='word_1_329' title='bbox 331 4507 488 4562; x_wconf 89' lang='lat' dir='ltr'><strong>enim</strong></span> <span class='ocrx_word' id='word_1_330' title='bbox 514 4506 593 4561; x_wconf 91' lang='lat' dir='ltr'><strong>ibi</strong></span> <span class='ocrx_word' id='word_1_331' title='bbox 612 4506 842 4564; x_wconf 88' lang='lat' dir='ltr'><strong>dolores</strong></span> <span class='ocrx_word' id='word_1_332' title='bbox 861 4506 1053 4565; x_wconf 89' lang='lat' dir='ltr'><strong>acerbi</strong></span> <span class='ocrx_word' id='word_1_333' title='bbox 1079 4512 1137 4564; x_wconf 89' lang='lat' dir='ltr'><strong>et</strong></span> <span class='ocrx_word' id='word_1_334' title='bbox 1152 4524 1357 4581; x_wconf 89' lang='lat' dir='ltr'><strong>graves</strong></span> <span class='ocrx_word' id='word_1_335' title='bbox 1380 4525 1393 4575; x_wconf 91' lang='lat'>;</span> <span class='ocrx_word' id='word_1_336' title='bbox 1413 4507 1467 4563; x_wconf 92' lang='lat' dir='ltr'><strong>id</strong></span> <span class='ocrx_word' id='word_1_337' title='bbox 1491 4512 1600 4579; x_wconf 88' lang='lat' dir='ltr'><strong>est,</strong></span> <span class='ocrx_word' id='word_1_338' title='bbox 1619 4508 1676 4564; x_wconf 91' lang='lat' dir='ltr'><strong>in</strong></span> <span class='ocrx_word' id='word_1_339' title='bbox 1698 4510 1975 4581; x_wconf 85' lang='lat' dir='ltr'><strong>Ecclesia,</strong></span> 
     </span>
    </p>
   </div>
   <div class='ocr_carea' id='block_1_50' title="bbox 2095 608 3748 682">
    <p class='ocr_par' dir='ltr' id='par_1_50' title="bbox 2095 608 3748 682">
     <span class='ocr_line' id='line_1_50' title="bbox 2095 608 3748 682; baseline 0.001 -18"><span class='ocrx_word' id='word_1_340' title='bbox 2095 625 2168 675; x_wconf 82' lang='grc' dir='ltr'><strong>ιν,</strong></span> <span class='ocrx_word' id='word_1_341' title='bbox 2202 608 2312 677; x_wconf 81' lang='grc'><strong>49).</strong></span> <span class='ocrx_word' id='word_1_342' title='bbox 2355 630 2383 660; x_wconf 84' lang='grc'><strong>››</strong></span> <span class='ocrx_word' id='word_1_343' title='bbox 2436 609 2809 666; x_wconf 82' lang='lat' dir='ltr'><strong>Testiticatur</strong></span> <span class='ocrx_word' id='word_1_344' title='bbox 2861 611 2919 664; x_wconf 87' lang='lat' dir='ltr'><strong>et</strong></span> <span class='ocrx_word' id='word_1_345' title='bbox 2956 608 3259 669; x_wconf 77' lang='lat' dir='ltr'><strong>,Dominus</strong></span> <span class='ocrx_word' id='word_1_346' title='bbox 3316 608 3377 664; x_wconf 91' lang='lat' dir='ltr'><strong>in</strong></span> <span class='ocrx_word' id='word_1_347' title='bbox 3436 609 3748 682; x_wconf 82' lang='lat' dir='ltr'><strong>Evangelia</strong></span> 
     </span>
    </p>
   </div>
   <div class='ocr_carea' id='block_1_51' title="bbox 2092 697 3750 771">
    <p class='ocr_par' dir='ltr' id='par_1_51' title="bbox 2092 697 3750 771">
     <span class='ocr_line' id='line_1_51' title="bbox 2092 697 3750 771; baseline 0.001 -18"><span class='ocrx_word' id='word_1_348' title='bbox 2092 714 2296 771; x_wconf 86' lang='lat' dir='ltr'><strong>graves</strong></span> <span class='ocrx_word' id='word_1_349' title='bbox 2325 714 2454 754; x_wconf 86' lang='lat' dir='ltr'><strong>esse</strong></span> <span class='ocrx_word' id='word_1_350' title='bbox 2482 697 2867 771; x_wconf 88' lang='lat' dir='ltr'><strong>parturientis</strong></span> <span class='ocrx_word' id='word_1_351' title='bbox 2897 697 3149 766; x_wconf 88' lang='lat' dir='ltr'><strong>dolores,</strong></span> <span class='ocrx_word' id='word_1_352' title='bbox 3185 715 3317 754; x_wconf 89' lang='lat' dir='ltr'><strong>cum</strong></span> <span class='ocrx_word' id='word_1_353' title='bbox 3351 697 3533 753; x_wconf 87' lang='lat' dir='ltr'><strong>dicit:</strong></span> <span class='ocrx_word' id='word_1_354' title='bbox 3568 719 3598 748; x_wconf 85' lang='lat'><strong>«</strong></span> <span class='ocrx_word' id='word_1_355' title='bbox 3627 698 3750 754; x_wconf 92' lang='lat' dir='ltr'><strong>Mu-</strong></span> 
     </span>
    </p>
   </div>
   <div class='ocr_carea' id='block_1_52' title="bbox 2092 785 3749 861">
    <p class='ocr_par' dir='ltr' id='par_1_52' title="bbox 2092 785 3749 861">
     <span class='ocr_line' id='line_1_52' title="bbox 2092 785 3749 861; baseline 0.002 -20"><span class='ocrx_word' id='word_1_356' title='bbox 2092 785 2200 843; x_wconf 88' lang='lat' dir='ltr'><strong>lier</strong></span> <span class='ocrx_word' id='word_1_357' title='bbox 2227 803 2362 843; x_wconf 89' lang='lat' dir='ltr'><strong>cum</strong></span> <span class='ocrx_word' id='word_1_358' title='bbox 2382 788 2650 861; x_wconf 89' lang='lat' dir='ltr'><strong>parturit,</strong></span> <span class='ocrx_word' id='word_1_359' title='bbox 2678 787 2983 843; x_wconf 87' lang='lat' dir='ltr'><strong>tristitiam</strong></span> <span class='ocrx_word' id='word_1_360' title='bbox 3014 787 3193 844; x_wconf 90' lang='lat' dir='ltr'><strong>habet</strong></span> <span class='ocrx_word' id='word_1_361' title='bbox 3221 804 3235 855; x_wconf 91' lang='lat'><strong>;</strong></span> <span class='ocrx_word' id='word_1_362' title='bbox 3270 787 3409 859; x_wconf 87' lang='lat' dir='ltr'><strong>quia</strong></span> <span class='ocrx_word' id='word_1_363' title='bbox 3438 786 3596 843; x_wconf 89' lang='lat' dir='ltr'><strong>venit</strong></span> <span class='ocrx_word' id='word_1_364' title='bbox 3623 787 3749 844; x_wconf 90' lang='lat' dir='ltr'><strong>dies</strong></span> 
     </span>
    </p>
   </div>
   <div class='ocr_carea' id='block_1_53' title="bbox 2091 875 3746 948">
    <p class='ocr_par' dir='ltr' id='par_1_53' title="bbox 2091 875 3746 948">
     <span class='ocr_line' id='line_1_53' title="bbox 2091 875 3746 948; baseline 0.001 -18"><span class='ocrx_word' id='word_1_365' title='bbox 2091 876 2260 944; x_wconf 79' lang='lat' dir='ltr'><strong>ejus:</strong></span> <span class='ocrx_word' id='word_1_366' title='bbox 2289 892 2422 931; x_wconf 93' lang='lat' dir='ltr'><strong>cum</strong></span> <span class='ocrx_word' id='word_1_367' title='bbox 2455 880 2663 932; x_wconf 51' lang='lat' dir='ltr'><strong>autem.</strong></span> <span class='ocrx_word' id='word_1_368' title='bbox 2700 875 2988 948; x_wconf 85' lang='lat' dir='ltr'><strong>pepererit</strong></span> <span class='ocrx_word' id='word_1_369' title='bbox 3016 892 3290 948; x_wconf 89' lang='lat' dir='ltr'><strong>puerum,</strong></span> <span class='ocrx_word' id='word_1_370' title='bbox 3314 877 3441 948; x_wconf 87' lang='lat' dir='ltr'><strong>jam</strong></span> <span class='ocrx_word' id='word_1_371' title='bbox 3474 892 3589 932; x_wconf 90' lang='lat' dir='ltr'><strong>non</strong></span> <span class='ocrx_word' id='word_1_372' title='bbox 3623 891 3746 933; x_wconf 90' lang='lat' dir='ltr'><strong>me-</strong></span> 
     </span>
    </p>
   </div>
   <div class='ocr_carea' id='block_1_54' title="bbox 2093 964 3748 1038">
    <p class='ocr_par' dir='ltr' id='par_1_54' title="bbox 2093 964 3748 1038">
     <span class='ocr_line' id='line_1_54' title="bbox 2093 964 3748 1038; baseline 0.001 -20"><span class='ocrx_word' id='word_1_373' title='bbox 2093 964 2266 1019; x_wconf 90' lang='lat' dir='ltr'><strong>minit</strong></span> <span class='ocrx_word' id='word_1_374' title='bbox 2317 964 2571 1020; x_wconf 67' lang='lat' dir='ltr'><strong>tristitiae</strong></span> <span class='ocrx_word' id='word_1_375' title='bbox 2621 969 2859 1038; x_wconf 91' lang='lat' dir='ltr'><strong>propter</strong></span> <span class='ocrx_word' id='word_1_376' title='bbox 2902 965 3208 1038; x_wconf 86' lang='lat' dir='ltr'><strong>gaudium,</strong></span> <span class='ocrx_word' id='word_1_377' title='bbox 3253 964 3390 1037; x_wconf 89' lang='lat' dir='ltr'><strong>quia</strong></span> <span class='ocrx_word' id='word_1_378' title='bbox 3439 969 3615 1021; x_wconf 89' lang='lat' dir='ltr'><strong>natus</strong></span> <span class='ocrx_word' id='word_1_379' title='bbox 3656 968 3748 1021; x_wconf 87' lang='lat' dir='ltr'><strong>est</strong></span> 
     </span>
    </p>
   </div>
   <div class='ocr_carea' id='block_1_55' title="bbox 2094 1052 3745 1126">
    <p class='ocr_par' dir='ltr' id='par_1_55' title="bbox 2094 1052 3745 1126">
     <span class='ocr_line' id='line_1_55' title="bbox 2094 1052 3745 1126; baseline 0.001 -19"><span class='ocrx_word' id='word_1_380' title='bbox 2094 1052 2266 1109; x_wconf 89' lang='lat' dir='ltr'><strong>homo</strong></span> <span class='ocrx_word' id='word_1_381' title='bbox 2296 1054 2354 1107; x_wconf 91' lang='lat' dir='ltr'><strong>in</strong></span> <span class='ocrx_word' id='word_1_382' title='bbox 2386 1054 2494 1109; x_wconf 91' lang='lat' dir='ltr'><strong>hoc</strong></span> <span class='ocrx_word' id='word_1_383' title='bbox 2527 1055 2746 1110; x_wconf 90' lang='lat' dir='ltr'><strong>mundo</strong></span> <span class='ocrx_word' id='word_1_384' title='bbox 2776 1055 2955 1126; x_wconf 82' lang='lat' dir='ltr'><strong>(Joan.</strong></span> <span class='ocrx_word' id='word_1_385' title='bbox 2987 1071 3104 1121; x_wconf 79' lang='lat' dir='ltr'><strong>xvx,</strong></span> <span class='ocrx_word' id='word_1_386' title='bbox 3134 1054 3247 1123; x_wconf 81' lang='grc'><strong>21).</strong></span> <span class='ocrx_word' id='word_1_387' title='bbox 3280 1053 3577 1126; x_wconf 74' lang='lat' dir='ltr'><strong>nMagnus</strong></span> <span class='ocrx_word' id='word_1_388' title='bbox 3605 1066 3745 1126; x_wconf 82' lang='lat' dir='ltr'><strong>ergo</strong></span> 
     </span>
    </p>
   </div>
   <div class='ocr_carea' id='block_1_56' title="bbox 2090 1140 3746 1217">
    <p class='ocr_par' dir='ltr' id='par_1_56' title="bbox 2090 1140 3746 1217">
     <span class='ocr_line' id='line_1_56' title="bbox 2090 1140 3746 1217; baseline 0.001 -20"><span class='ocrx_word' id='word_1_389' title='bbox 2090 1141 2276 1208; x_wconf 90' lang='lat' dir='ltr'><strong>labor,</strong></span> <span class='ocrx_word' id='word_1_390' title='bbox 2309 1147 2375 1198; x_wconf 93' lang='lat' dir='ltr'><strong>ut</strong></span> <span class='ocrx_word' id='word_1_391' title='bbox 2403 1143 2618 1215; x_wconf 89' lang='lat' dir='ltr'><strong>aliquis</strong></span> <span class='ocrx_word' id='word_1_392' title='bbox 2663 1143 2776 1199; x_wconf 90' lang='lat' dir='ltr'><strong>sibi</strong></span> <span class='ocrx_word' id='word_1_393' title='bbox 2825 1142 3126 1200; x_wconf 88' lang='lat' dir='ltr'><strong>Christum</strong></span> <span class='ocrx_word' id='word_1_394' title='bbox 3175 1142 3482 1217; x_wconf 88' lang='lat' dir='ltr'><strong>acquirat;</strong></span> <span class='ocrx_word' id='word_1_395' title='bbox 3516 1159 3589 1199; x_wconf 89' lang='lat' dir='ltr'><strong>ne</strong></span> <span class='ocrx_word' id='word_1_396' title='bbox 3619 1140 3746 1200; x_wconf 76' lang='lat' dir='ltr'><strong>sine</strong></span> 
     </span>
    </p>
   </div>
   <div class='ocr_carea' id='block_1_57' title="bbox 2091 1231 3747 1304">
    <p class='ocr_par' dir='ltr' id='par_1_57' title="bbox 2091 1231 3747 1304">
     <span class='ocr_line' id='line_1_57' title="bbox 2091 1231 3747 1304; baseline 0 -17"><span class='ocrx_word' id='word_1_397' title='bbox 2091 1231 2479 1303; x_wconf 87' lang='lat' dir='ltr'><strong>gubernatore</strong></span> <span class='ocrx_word' id='word_1_398' title='bbox 2509 1233 2677 1304; x_wconf 89' lang='lat' dir='ltr'><strong>quasi</strong></span> <span class='ocrx_word' id='word_1_399' title='bbox 2713 1232 2877 1289; x_wconf 88' lang='lat' dir='ltr'><strong>navis</strong></span> <span class='ocrx_word' id='word_1_400' title='bbox 2906 1232 2965 1288; x_wconf 93' lang='lat' dir='ltr'><strong>in</strong></span> <span class='ocrx_word' id='word_1_401' title='bbox 3000 1232 3197 1289; x_wconf 66' lang='lat' dir='ltr'><strong>saeculi</strong></span> <span class='ocrx_word' id='word_1_402' title='bbox 3229 1232 3400 1289; x_wconf 89' lang='lat' dir='ltr'><strong>istius</strong></span> <span class='ocrx_word' id='word_1_403' title='bbox 3442 1232 3565 1288; x_wconf 87' lang='lat' dir='ltr'><strong>salo</strong></span> <span class='ocrx_word' id='word_1_404' title='bbox 3598 1233 3747 1288; x_wconf 82' lang='lat' dir='ltr'><strong>ﬂuc-</strong></span> 
     </span>
    </p>
   </div>
   <div class='ocr_carea' id='block_1_58' title="bbox 2090 1320 3743 1394">
    <p class='ocr_par' dir='ltr' id='par_1_58' title="bbox 2090 1320 3743 1394">
     <span class='ocr_line' id='line_1_58' title="bbox 2090 1320 3743 1394; baseline 0.001 -19"><span class='ocrx_word' id='word_1_405' title='bbox 2090 1325 2231 1377; x_wconf 87' lang='lat' dir='ltr'><strong>tuet.</strong></span> <span class='ocrx_word' id='word_1_406' title='bbox 2268 1322 2526 1393; x_wconf 89' lang='lat' dir='ltr'><strong>Denique</strong></span> <span class='ocrx_word' id='word_1_407' title='bbox 2557 1321 2804 1394; x_wconf 89' lang='lat' dir='ltr'><strong>apostoli</strong></span> <span class='ocrx_word' id='word_1_408' title='bbox 2844 1322 3044 1378; x_wconf 87' lang='lat' dir='ltr'><strong>tristes</strong></span> <span class='ocrx_word' id='word_1_409' title='bbox 3075 1327 3262 1390; x_wconf 89' lang='lat' dir='ltr'><strong>erant,</strong></span> <span class='ocrx_word' id='word_1_410' title='bbox 3319 1338 3453 1377; x_wconf 88' lang='lat' dir='ltr'><strong>cum</strong></span> <span class='ocrx_word' id='word_1_411' title='bbox 3487 1337 3549 1378; x_wconf 86' lang='lat' dir='ltr'><strong>se</strong></span> <span class='ocrx_word' id='word_1_412' title='bbox 3578 1320 3743 1376; x_wconf 89' lang='lat' dir='ltr'><strong>Chri-</strong></span> 
     </span>
    </p>
   </div>
   <div class='ocr_carea' id='block_1_59' title="bbox 2091 1410 3738 1482">
    <p class='ocr_par' dir='ltr' id='par_1_59' title="bbox 2091 1410 3738 1482">
     <span class='ocr_line' id='line_1_59' title="bbox 2091 1410 3738 1482; baseline 0.001 -19"><span class='ocrx_word' id='word_1_413' title='bbox 2091 1413 2219 1464; x_wconf 87' lang='lat' dir='ltr'><strong>stus</strong></span> <span class='ocrx_word' id='word_1_414' title='bbox 2251 1410 2323 1465; x_wconf 91' lang='lat' dir='ltr'><strong>ad</strong></span> <span class='ocrx_word' id='word_1_415' title='bbox 2355 1410 2582 1465; x_wconf 88' lang='lat' dir='ltr'><strong>Patrem</strong></span> <span class='ocrx_word' id='word_1_416' title='bbox 2626 1411 2949 1466; x_wconf 85' lang='lat' dir='ltr'><strong>rediturum</strong></span> <span class='ocrx_word' id='word_1_417' title='bbox 2995 1427 3123 1467; x_wconf 90' lang='lat' dir='ltr'><strong>esse</strong></span> <span class='ocrx_word' id='word_1_418' title='bbox 3173 1413 3547 1478; x_wconf 88' lang='lat' dir='ltr'><strong>memoraret,</strong></span> <span class='ocrx_word' id='word_1_419' title='bbox 3584 1411 3738 1482; x_wconf 90' lang='lat' dir='ltr'><strong>quod</strong></span> 
     </span>
    </p>
   </div>
   <div class='ocr_carea' id='block_1_60' title="bbox 2093 1498 3740 1571">
    <p class='ocr_par' dir='ltr' id='par_1_60' title="bbox 2093 1498 3740 1571">
     <span class='ocr_line' id='line_1_60' title="bbox 2093 1498 3740 1571; baseline 0 -18"><span class='ocrx_word' id='word_1_420' title='bbox 2093 1498 2332 1553; x_wconf 86' lang='lat' dir='ltr'><strong>absente</strong></span> <span class='ocrx_word' id='word_1_421' title='bbox 2344 1503 2564 1554; x_wconf 90' lang='lat' dir='ltr'><strong>rectore</strong></span> <span class='ocrx_word' id='word_1_422' title='bbox 2584 1499 2821 1555; x_wconf 89' lang='lat' dir='ltr'><strong>destitui</strong></span> <span class='ocrx_word' id='word_1_423' title='bbox 2845 1517 2906 1555; x_wconf 91' lang='lat' dir='ltr'><strong>se</strong></span> <span class='ocrx_word' id='word_1_424' title='bbox 2938 1503 3232 1571; x_wconf 87' lang='lat' dir='ltr'><strong>putarent.</strong></span> <span class='ocrx_word' id='word_1_425' title='bbox 3260 1500 3555 1556; x_wconf 88' lang='lat' dir='ltr'><strong>Gaudium</strong></span> <span class='ocrx_word' id='word_1_426' title='bbox 3574 1499 3740 1555; x_wconf 87' lang='lat' dir='ltr'><strong>Chri-</strong></span> 
     </span>
    </p>
   </div>
   <div class='ocr_carea' id='block_1_61' title="bbox 2091 1587 3741 1660">
    <p class='ocr_par' dir='ltr' id='par_1_61' title="bbox 2091 1587 3741 1660">
     <span class='ocr_line' id='line_1_61' title="bbox 2091 1587 3741 1660; baseline 0.002 -21"><span class='ocrx_word' id='word_1_427' title='bbox 2091 1589 2187 1640; x_wconf 89' lang='lat' dir='ltr'><strong>tus</strong></span> <span class='ocrx_word' id='word_1_428' title='bbox 2213 1589 2320 1641; x_wconf 91' lang='lat' dir='ltr'><strong>est.</strong></span> <span class='ocrx_word' id='word_1_429' title='bbox 2352 1587 2477 1657; x_wconf 86' lang='lat' dir='ltr'><strong>Ipse</strong></span> <span class='ocrx_word' id='word_1_430' title='bbox 2499 1592 2589 1642; x_wconf 89' lang='lat' dir='ltr'><strong>est</strong></span> <span class='ocrx_word' id='word_1_431' title='bbox 2616 1592 2674 1642; x_wconf 87' lang='lat' dir='ltr'><strong>et</strong></span> <span class='ocrx_word' id='word_1_432' title='bbox 2696 1604 2841 1659; x_wconf 89' lang='lat' dir='ltr'><strong>puer</strong></span> <span class='ocrx_word' id='word_1_433' title='bbox 2861 1605 3034 1660; x_wconf 88' lang='lat' dir='ltr'><strong>quem</strong></span> <span class='ocrx_word' id='word_1_434' title='bbox 3062 1588 3335 1660; x_wconf 87' lang='lat' dir='ltr'><strong>parturit,</strong></span> <span class='ocrx_word' id='word_1_435' title='bbox 3363 1587 3464 1660; x_wconf 90' lang='lat' dir='ltr'><strong>qui</strong></span> <span class='ocrx_word' id='word_1_436' title='bbox 3489 1588 3547 1643; x_wconf 91' lang='lat' dir='ltr'><strong>in</strong></span> <span class='ocrx_word' id='word_1_437' title='bbox 3576 1592 3741 1644; x_wconf 90' lang='lat' dir='ltr'><strong>utero</strong></span> 
     </span>
    </p>
   </div>
   <div class='ocr_carea' id='block_1_62' title="bbox 2092 1673 3743 1748">
    <p class='ocr_par' dir='ltr' id='par_1_62' title="bbox 2092 1673 3743 1748">
     <span class='ocr_line' id='line_1_62' title="bbox 2092 1673 3743 1748; baseline 0.002 -22"><span class='ocrx_word' id='word_1_438' title='bbox 2092 1688 2211 1726; x_wconf 63' lang='lat' dir='ltr'><strong>sua:</strong></span> <span class='ocrx_word' id='word_1_439' title='bbox 2244 1673 2457 1727; x_wconf 89' lang='lat' dir='ltr'><strong>mentis</strong></span> <span class='ocrx_word' id='word_1_440' title='bbox 2487 1674 2709 1744; x_wconf 89' lang='lat' dir='ltr'><strong>accepit</strong></span> <span class='ocrx_word' id='word_1_441' title='bbox 2738 1674 3010 1746; x_wconf 90' lang='lat' dir='ltr'><strong>spiritum</strong></span> <span class='ocrx_word' id='word_1_442' title='bbox 3034 1675 3263 1731; x_wconf 88' lang='lat' dir='ltr'><strong>salutis.</strong></span> <span class='ocrx_word' id='word_1_443' title='bbox 3291 1676 3398 1739; x_wconf 89' lang='lat' dir='ltr'><strong>Qui</strong></span> <span class='ocrx_word' id='word_1_444' title='bbox 3431 1676 3743 1748; x_wconf 86' lang='lat' dir='ltr'><strong>pepererit,</strong></span> 
     </span>
    </p>
   </div>
   <div class='ocr_carea' id='block_1_63' title="bbox 2088 1759 3742 1836">
    <p class='ocr_par' dir='ltr' id='par_1_63' title="bbox 2088 1759 3742 1836">
     <span class='ocr_line' id='line_1_63' title="bbox 2088 1759 3742 1836; baseline 0.002 -21"><span class='ocrx_word' id='word_1_445' title='bbox 2088 1763 2148 1815; x_wconf 87' lang='lat' dir='ltr'><strong>et</strong></span> <span class='ocrx_word' id='word_1_446' title='bbox 2168 1759 2492 1827; x_wconf 87' lang='lat' dir='ltr'><strong>cnutrierit,</strong></span> <span class='ocrx_word' id='word_1_447' title='bbox 2526 1760 2815 1817; x_wconf 84' lang='lat' dir='ltr'><strong>exsultat:</strong></span> <span class='ocrx_word' id='word_1_448' title='bbox 2848 1763 2949 1832; x_wconf 87' lang='lat' dir='ltr'><strong>qui</strong></span> <span class='ocrx_word' id='word_1_449' title='bbox 2990 1763 3228 1835; x_wconf 87' lang='lat' dir='ltr'><strong>paturit,</strong></span> <span class='ocrx_word' id='word_1_450' title='bbox 3263 1764 3535 1834; x_wconf 87' lang='lat' dir='ltr'><strong>quatitur</strong></span> <span class='ocrx_word' id='word_1_451' title='bbox 3566 1768 3742 1836; x_wconf 88' lang='lat' dir='ltr'><strong>atque</strong></span> 
     </span>
    </p>
   </div>
   <div class='ocr_carea' id='block_1_64' title="bbox 2012 1849 2526 1954">
    <p class='ocr_par' dir='ltr' id='par_1_64' title="bbox 2012 1849 2526 1954">
     <span class='ocr_line' id='line_1_64' title="bbox 2012 1849 2526 1954; baseline 0 -50"><span class='ocrx_word' id='word_1_452' title='bbox 2012 1889 2062 1954; x_wconf 77' lang='grc' dir='ltr'><strong>Β</strong></span> <span class='ocrx_word' id='word_1_453' title='bbox 2091 1849 2526 1921; x_wconf 86' lang='lat' dir='ltr'><strong>compungitur.</strong></span> 
     </span>
    </p>
   </div>
   <div class='ocr_carea' id='block_1_65' title="bbox 2164 1937 3741 2012">
    <p class='ocr_par' dir='ltr' id='par_1_65' title="bbox 2164 1937 3741 2012">
     <span class='ocr_line' id='line_1_65' title="bbox 2164 1937 3741 2012; baseline 0.002 -20"><span class='ocrx_word' id='word_1_454' title='bbox 2164 1938 2252 1994; x_wconf 77' lang='lat' dir='ltr'><strong>il.</strong></span> <span class='ocrx_word' id='word_1_455' title='bbox 2289 1937 2514 1993; x_wconf 91' lang='lat' dir='ltr'><strong>Bonum</strong></span> <span class='ocrx_word' id='word_1_456' title='bbox 2544 1942 2634 1995; x_wconf 89' lang='lat' dir='ltr'><strong>est</strong></span> <span class='ocrx_word' id='word_1_457' title='bbox 2675 1943 2741 1994; x_wconf 89' lang='lat' dir='ltr'><strong>ut</strong></span> <span class='ocrx_word' id='word_1_458' title='bbox 2787 1943 2846 1995; x_wconf 91' lang='lat' dir='ltr'><strong>et</strong></span> <span class='ocrx_word' id='word_1_459' title='bbox 2886 1940 3107 2012; x_wconf 84' lang='lat' dir='ltr'><strong>parias,</strong></span> <span class='ocrx_word' id='word_1_460' title='bbox 3167 1943 3224 1995; x_wconf 90' lang='lat' dir='ltr'><strong>et</strong></span> <span class='ocrx_word' id='word_1_461' title='bbox 3270 1939 3532 1995; x_wconf 85' lang='lat' dir='ltr'><strong>enutrias</strong></span> <span class='ocrx_word' id='word_1_462' title='bbox 3581 1955 3741 1995; x_wconf 89' lang='lat' dir='ltr'><strong>eum.</strong></span> 
     </span>
    </p>
   </div>
   <div class='ocr_carea' id='block_1_66' title="bbox 2096 2026 3736 2100">
    <p class='ocr_par' dir='ltr' id='par_1_66' title="bbox 2096 2026 3736 2100">
     <span class='ocr_line' id='line_1_66' title="bbox 2096 2026 3736 2100; baseline 0.001 -18"><span class='ocrx_word' id='word_1_463' title='bbox 2096 2048 2124 2076; x_wconf 82' lang='grc'><strong>‹‹</strong></span> <span class='ocrx_word' id='word_1_464' title='bbox 2156 2026 2237 2082; x_wconf 93' lang='lat' dir='ltr'><strong>Ne</strong></span> <span class='ocrx_word' id='word_1_465' title='bbox 2280 2043 2498 2099; x_wconf 88' lang='lat' dir='ltr'><strong>coquas</strong></span> <span class='ocrx_word' id='word_1_466' title='bbox 2536 2042 2757 2099; x_wconf 85' lang='lat' dir='ltr'><strong>agnum</strong></span> <span class='ocrx_word' id='word_1_467' title='bbox 2807 2028 2867 2083; x_wconf 90' lang='lat' dir='ltr'><strong>in</strong></span> <span class='ocrx_word' id='word_1_468' title='bbox 2925 2028 3072 2084; x_wconf 88' lang='lat' dir='ltr'><strong>lacte</strong></span> <span class='ocrx_word' id='word_1_469' title='bbox 3121 2028 3329 2083; x_wconf 89' lang='lat' dir='ltr'><strong>matris</strong></span> <span class='ocrx_word' id='word_1_470' title='bbox 3377 2045 3497 2084; x_wconf 77' lang='lat' dir='ltr'><strong>sum</strong></span> <span class='ocrx_word' id='word_1_471' title='bbox 3529 2029 3736 2100; x_wconf 75' lang='lat' dir='ltr'><strong>(Exod.</strong></span> 
     </span>
    </p>
   </div>
   <div class='ocr_carea' id='block_1_67' title="bbox 2090 2116 3744 2187">
    <p class='ocr_par' dir='ltr' id='par_1_67' title="bbox 2090 2116 3744 2187">
     <span class='ocr_line' id='line_1_67' title="bbox 2090 2116 3744 2187; baseline 0.001 -16"><span class='ocrx_word' id='word_1_472' title='bbox 2090 2132 2255 2181; x_wconf 73' lang='grc' dir='ltr'>χχιιι,</span> <span class='ocrx_word' id='word_1_473' title='bbox 2288 2116 2399 2187; x_wconf 87' lang='grc'><strong>19),</strong></span> <span class='ocrx_word' id='word_1_474' title='bbox 2434 2138 2463 2165; x_wconf 83' lang='grc'><strong>››</strong></span> <span class='ocrx_word' id='word_1_475' title='bbox 2492 2133 2566 2172; x_wconf 91' lang='lat' dir='ltr'><strong>ne</strong></span> <span class='ocrx_word' id='word_1_476' title='bbox 2595 2116 2827 2172; x_wconf 88' lang='lat' dir='ltr'><strong>dicatur</strong></span> <span class='ocrx_word' id='word_1_477' title='bbox 2854 2116 2962 2173; x_wconf 91' lang='lat' dir='ltr'><strong>tibi</strong></span> <span class='ocrx_word' id='word_1_478' title='bbox 2987 2133 3001 2174; x_wconf 90' lang='lat'><strong>:</strong></span> <span class='ocrx_word' id='word_1_479' title='bbox 3037 2139 3065 2167; x_wconf 85' lang='lat'><strong>«</strong></span> <span class='ocrx_word' id='word_1_480' title='bbox 3094 2120 3195 2173; x_wconf 73' lang='lat' dir='ltr'><strong>Vae</strong></span> <span class='ocrx_word' id='word_1_481' title='bbox 3223 2116 3283 2172; x_wconf 91' lang='lat' dir='ltr'><strong>in</strong></span> <span class='ocrx_word' id='word_1_482' title='bbox 3324 2120 3488 2173; x_wconf 88' lang='lat' dir='ltr'><strong>utero</strong></span> <span class='ocrx_word' id='word_1_483' title='bbox 3518 2117 3744 2173; x_wconf 88' lang='lat' dir='ltr'><strong>haben-</strong></span> 
     </span>
    </p>
   </div>
   <div class='ocr_carea' id='block_1_68' title="bbox 2092 2204 3739 2277">
    <p class='ocr_par' dir='ltr' id='par_1_68' title="bbox 2092 2204 3739 2277">
     <span class='ocr_line' id='line_1_68' title="bbox 2092 2204 3739 2277; baseline 0.001 -17"><span class='ocrx_word' id='word_1_484' title='bbox 2092 2205 2253 2260; x_wconf 89' lang='lat' dir='ltr'><strong>tibus</strong></span> <span class='ocrx_word' id='word_1_485' title='bbox 2282 2208 2339 2261; x_wconf 90' lang='lat' dir='ltr'><strong>et</strong></span> <span class='ocrx_word' id='word_1_486' title='bbox 2367 2204 2763 2263; x_wconf 89' lang='lat' dir='ltr'><strong>nutrientibus</strong></span> <span class='ocrx_word' id='word_1_487' title='bbox 2793 2206 3000 2277; x_wconf 80' lang='lat' dir='ltr'><strong>(Matth.</strong></span> <span class='ocrx_word' id='word_1_488' title='bbox 3044 2222 3197 2273; x_wconf 76' lang='lat' dir='ltr'><strong>xxrv,</strong></span> <span class='ocrx_word' id='word_1_489' title='bbox 3255 2206 3364 2277; x_wconf 85' lang='grc'>19).</span> <span class='ocrx_word' id='word_1_490' title='bbox 3400 2227 3428 2255; x_wconf 84' lang='grc'><strong>››</strong></span> <span class='ocrx_word' id='word_1_491' title='bbox 3459 2204 3553 2261; x_wconf 89' lang='lat' dir='ltr'><strong>Sic</strong></span> <span class='ocrx_word' id='word_1_492' title='bbox 3582 2206 3739 2262; x_wconf 87' lang='lat' dir='ltr'><strong>enim</strong></span> 
     </span>
    </p>
   </div>
   <div class='ocr_carea' id='block_1_69' title="bbox 2092 2293 3731 2367">
    <p class='ocr_par' dir='ltr' id='par_1_69' title="bbox 2092 2293 3731 2367">
     <span class='ocr_line' id='line_1_69' title="bbox 2092 2293 3731 2367; baseline 0 -17"><span class='ocrx_word' id='word_1_493' title='bbox 2092 2293 2359 2350; x_wconf 88' lang='lat' dir='ltr'><strong>Christus</strong></span> <span class='ocrx_word' id='word_1_494' title='bbox 2401 2298 2573 2351; x_wconf 90' lang='lat' dir='ltr'><strong>natus</strong></span> <span class='ocrx_word' id='word_1_495' title='bbox 2621 2299 2710 2351; x_wconf 87' lang='lat' dir='ltr'><strong>est</strong></span> <span class='ocrx_word' id='word_1_496' title='bbox 2757 2311 2826 2351; x_wconf 80' lang='lat' dir='ltr'><strong>ex</strong></span> <span class='ocrx_word' id='word_1_497' title='bbox 2882 2295 3087 2362; x_wconf 88' lang='lat' dir='ltr'><strong>Maria,</strong></span> <span class='ocrx_word' id='word_1_498' title='bbox 3137 2298 3203 2350; x_wconf 88' lang='lat' dir='ltr'><strong>ut</strong></span> <span class='ocrx_word' id='word_1_499' title='bbox 3249 2310 3532 2367; x_wconf 88' lang='lat' dir='ltr'><strong>agnoscas</strong></span> <span class='ocrx_word' id='word_1_500' title='bbox 3571 2311 3731 2365; x_wconf 91' lang='lat' dir='ltr'><strong>eum,</strong></span> 
     </span>
    </p>
   </div>
   <div class='ocr_carea' id='block_1_70' title="bbox 2092 2382 3742 2457">
    <p class='ocr_par' dir='ltr' id='par_1_70' title="bbox 2092 2382 3742 2457">
     <span class='ocr_line' id='line_1_70' title="bbox 2092 2382 3742 2457; baseline 0.001 -19"><span class='ocrx_word' id='word_1_501' title='bbox 2092 2382 2246 2439; x_wconf 84' lang='lat' dir='ltr'><strong>sicut</strong></span> <span class='ocrx_word' id='word_1_502' title='bbox 2270 2382 2375 2439; x_wconf 91' lang='lat' dir='ltr'><strong>bos</strong></span> <span class='ocrx_word' id='word_1_503' title='bbox 2405 2384 2640 2457; x_wconf 88' lang='lat' dir='ltr'><strong>agnovit</strong></span> <span class='ocrx_word' id='word_1_504' title='bbox 2669 2400 3069 2456; x_wconf 88' lang='lat' dir='ltr'><strong>possessorem</strong></span> <span class='ocrx_word' id='word_1_505' title='bbox 3099 2400 3276 2441; x_wconf 85' lang='lat' dir='ltr'><strong>suum</strong></span> <span class='ocrx_word' id='word_1_506' title='bbox 3301 2400 3313 2438; x_wconf 91' lang='lat'><strong>:</strong></span> <span class='ocrx_word' id='word_1_507' title='bbox 3348 2387 3405 2439; x_wconf 92' lang='lat' dir='ltr'><strong>et</strong></span> <span class='ocrx_word' id='word_1_508' title='bbox 3424 2384 3578 2440; x_wconf 90' lang='lat' dir='ltr'><strong>scias</strong></span> <span class='ocrx_word' id='word_1_509' title='bbox 3601 2384 3742 2456; x_wconf 90' lang='lat' dir='ltr'><strong>quia</strong></span> 
     </span>
    </p>
   </div>
   <div class='ocr_carea' id='block_1_71' title="bbox 2093 2472 3737 2546">
    <p class='ocr_par' dir='ltr' id='par_1_71' title="bbox 2093 2472 3737 2546">
     <span class='ocr_line' id='line_1_71' title="bbox 2093 2472 3737 2546; baseline 0.001 -20"><span class='ocrx_word' id='word_1_510' title='bbox 2093 2472 2217 2544; x_wconf 74' lang='lat' dir='ltr'><strong>ipse</strong></span> <span class='ocrx_word' id='word_1_511' title='bbox 2246 2476 2302 2528; x_wconf 89' lang='lat' dir='ltr'><strong>te</strong></span> <span class='ocrx_word' id='word_1_512' title='bbox 2331 2473 2564 2543; x_wconf 89' lang='lat' dir='ltr'><strong>creavit,</strong></span> <span class='ocrx_word' id='word_1_513' title='bbox 2595 2477 2653 2529; x_wconf 88' lang='lat' dir='ltr'><strong>et</strong></span> <span class='ocrx_word' id='word_1_514' title='bbox 2684 2474 2938 2545; x_wconf 78' lang='lat' dir='ltr'><strong>majores</strong></span> <span class='ocrx_word' id='word_1_515' title='bbox 2966 2476 3102 2529; x_wconf 90' lang='lat' dir='ltr'><strong>tuos</strong></span> <span class='ocrx_word' id='word_1_516' title='bbox 3138 2473 3265 2546; x_wconf 91' lang='lat' dir='ltr'><strong>ipse</strong></span> <span class='ocrx_word' id='word_1_517' title='bbox 3295 2473 3577 2545; x_wconf 90' lang='lat' dir='ltr'><strong>possedit.</strong></span> <span class='ocrx_word' id='word_1_518' title='bbox 3610 2473 3737 2529; x_wconf 88' lang='lat' dir='ltr'><strong>Non</strong></span> 
     </span>
    </p>
   </div>
   <div class='ocr_carea' id='block_1_72' title="bbox 2090 2560 3738 2634">
    <p class='ocr_par' dir='ltr' id='par_1_72' title="bbox 2090 2560 3738 2634">
     <span class='ocr_line' id='line_1_72' title="bbox 2090 2560 3738 2634; baseline 0.001 -17"><span class='ocrx_word' id='word_1_519' title='bbox 2090 2578 2226 2617; x_wconf 90' lang='lat' dir='ltr'><strong>eum</strong></span> <span class='ocrx_word' id='word_1_520' title='bbox 2248 2560 2415 2632; x_wconf 90' lang='lat' dir='ltr'><strong>quasi</strong></span> <span class='ocrx_word' id='word_1_521' title='bbox 2439 2561 2744 2633; x_wconf 88' lang='lat' dir='ltr'><strong>parvulum</strong></span> <span class='ocrx_word' id='word_1_522' title='bbox 2762 2561 3011 2628; x_wconf 90' lang='lat' dir='ltr'><strong>nutrias,</strong></span> <span class='ocrx_word' id='word_1_523' title='bbox 3034 2563 3138 2618; x_wconf 92' lang='lat' dir='ltr'><strong>sed</strong></span> <span class='ocrx_word' id='word_1_524' title='bbox 3154 2562 3321 2634; x_wconf 88' lang='lat' dir='ltr'><strong>quasi</strong></span> <span class='ocrx_word' id='word_1_525' title='bbox 3334 2577 3538 2617; x_wconf 89' lang='lat' dir='ltr'><strong>verum</strong></span> <span class='ocrx_word' id='word_1_526' title='bbox 3561 2565 3738 2633; x_wconf 89' lang='lat' dir='ltr'><strong>atque</strong></span> 
     </span>
    </p>
   </div>
   <div class='ocr_carea' id='block_1_73' title="bbox 2090 2650 3735 2723">
    <p class='ocr_par' dir='ltr' id='par_1_73' title="bbox 2090 2650 3735 2723">
     <span class='ocr_line' id='line_1_73' title="bbox 2090 2650 3735 2723; baseline 0.001 -18"><span class='ocrx_word' id='word_1_527' title='bbox 2090 2650 2413 2723; x_wconf 87' lang='lat' dir='ltr'><strong>perfectum</strong></span> <span class='ocrx_word' id='word_1_528' title='bbox 2445 2650 2627 2706; x_wconf 88' lang='lat' dir='ltr'><strong>Deum</strong></span> <span class='ocrx_word' id='word_1_529' title='bbox 2672 2667 2742 2707; x_wconf 85' lang='lat' dir='ltr'><strong>ex</strong></span> <span class='ocrx_word' id='word_1_530' title='bbox 2788 2666 2923 2707; x_wconf 90' lang='lat' dir='ltr'><strong>vero</strong></span> <span class='ocrx_word' id='word_1_531' title='bbox 2970 2663 3031 2707; x_wconf 84' lang='lat' dir='ltr'><strong>et</strong></span> <span class='ocrx_word' id='word_1_532' title='bbox 3071 2650 3325 2723; x_wconf 86' lang='lat' dir='ltr'><strong>perfecto</strong></span> <span class='ocrx_word' id='word_1_533' title='bbox 3355 2651 3473 2706; x_wconf 89' lang='lat' dir='ltr'><strong>Deo</strong></span> <span class='ocrx_word' id='word_1_534' title='bbox 3503 2650 3735 2706; x_wconf 90' lang='lat' dir='ltr'><strong>noveris</strong></span> 
     </span>
    </p>
   </div>
   <div class='ocr_carea' id='block_1_74' title="bbox 2088 2737 3737 2812">
    <p class='ocr_par' dir='ltr' id='par_1_74' title="bbox 2088 2737 3737 2812">
     <span class='ocr_line' id='line_1_74' title="bbox 2088 2737 3737 2812; baseline 0.001 -17"><span class='ocrx_word' id='word_1_535' title='bbox 2088 2739 2472 2796; x_wconf 88' lang='lat' dir='ltr'><strong>adorandum.</strong></span> <span class='ocrx_word' id='word_1_536' title='bbox 2488 2739 2579 2796; x_wconf 91' lang='lat' dir='ltr'><strong>Sic</strong></span> <span class='ocrx_word' id='word_1_537' title='bbox 2593 2755 2727 2795; x_wconf 90' lang='lat' dir='ltr'><strong>cum</strong></span> <span class='ocrx_word' id='word_1_538' title='bbox 2744 2740 2950 2812; x_wconf 87' lang='lat' dir='ltr'><strong>Magus</strong></span> <span class='ocrx_word' id='word_1_539' title='bbox 2981 2740 3259 2808; x_wconf 86' lang='lat' dir='ltr'><strong>adoravit,</strong></span> <span class='ocrx_word' id='word_1_540' title='bbox 3281 2743 3348 2794; x_wconf 91' lang='lat' dir='ltr'><strong>ut</strong></span> <span class='ocrx_word' id='word_1_541' title='bbox 3373 2737 3565 2794; x_wconf 91' lang='lat' dir='ltr'><strong>nonin</strong></span> <span class='ocrx_word' id='word_1_542' title='bbox 3580 2737 3737 2796; x_wconf 87' lang='lat' dir='ltr'><strong>lacte</strong></span> 
     </span>
    </p>
   </div>
   <div class='ocr_carea' id='block_1_75' title="bbox 2088 2828 3733 2901">
    <p class='ocr_par' dir='ltr' id='par_1_75' title="bbox 2088 2828 3733 2901">
     <span class='ocr_line' id='line_1_75' title="bbox 2088 2828 3733 2901; baseline -0.001 -17"><span class='ocrx_word' id='word_1_543' title='bbox 2088 2828 2294 2884; x_wconf 86' lang='lat' dir='ltr'><strong>matris</strong></span> <span class='ocrx_word' id='word_1_544' title='bbox 2307 2844 2527 2901; x_wconf 89' lang='lat' dir='ltr'><strong>agnum</strong></span> <span class='ocrx_word' id='word_1_545' title='bbox 2542 2832 2837 2900; x_wconf 89' lang='lat' dir='ltr'><strong>coqueret,</strong></span> <span class='ocrx_word' id='word_1_546' title='bbox 2851 2829 2951 2885; x_wconf 91' lang='lat' dir='ltr'><strong>sed</strong></span> <span class='ocrx_word' id='word_1_547' title='bbox 2966 2828 3137 2900; x_wconf 88' lang='lat' dir='ltr'><strong>quasi</strong></span> <span class='ocrx_word' id='word_1_548' title='bbox 3153 2828 3339 2883; x_wconf 91' lang='lat' dir='ltr'><strong>Deum</strong></span> <span class='ocrx_word' id='word_1_549' title='bbox 3356 2831 3733 2883; x_wconf 90' lang='lat' dir='ltr'><strong>veneraretur</strong></span> 
     </span>
    </p>
   </div>
   <div class='ocr_carea' id='block_1_76' title="bbox 2087 2914 3733 2989">
    <p class='ocr_par' dir='ltr' id='par_1_76' title="bbox 2087 2914 3733 2989">
     <span class='ocr_line' id='line_1_76' title="bbox 2087 2914 3733 2989; baseline -0.002 -14"><span class='ocrx_word' id='word_1_550' title='bbox 2087 2923 2389 2976; x_wconf 70' lang='lat' dir='ltr'><strong>aeternum.</strong></span> <span class='ocrx_word' id='word_1_551' title='bbox 2424 2917 2685 2989; x_wconf 80' lang='lat' dir='ltr'><strong>Denique</strong></span> <span class='ocrx_word' id='word_1_552' title='bbox 2712 2924 2773 2974; x_wconf 85' lang='lat' dir='ltr'><strong>ut</strong></span> <span class='ocrx_word' id='word_1_553' title='bbox 2819 2932 2954 2974; x_wconf 90' lang='lat' dir='ltr'><strong>eum</strong></span> <span class='ocrx_word' id='word_1_554' title='bbox 3006 2916 3310 2986; x_wconf 89' lang='lat' dir='ltr'><strong>inveniret,</strong></span> <span class='ocrx_word' id='word_1_555' title='bbox 3340 2918 3491 2975; x_wconf 78' lang='grc'><strong>941</strong></span> <span class='ocrx_word' id='word_1_556' title='bbox 3519 2914 3733 2972; x_wconf 74' lang='lat' dir='ltr'><strong>omium</strong></span> 
     </span>
    </p>
   </div>
   <div class='ocr_carea' id='block_1_77' title="bbox 2086 3005 3735 3081">
    <p class='ocr_par' dir='ltr' id='par_1_77' title="bbox 2086 3005 3735 3081">
     <span class='ocr_line' id='line_1_77' title="bbox 2086 3005 3735 3081; baseline -0.002 -16"><span class='ocrx_word' id='word_1_557' title='bbox 2086 3006 2423 3081; x_wconf 88' lang='lat' dir='ltr'><strong>aspiciebat.</strong></span> <span class='ocrx_word' id='word_1_558' title='bbox 2457 3006 2581 3062; x_wconf 92' lang='lat' dir='ltr'><strong>Non</strong></span> <span class='ocrx_word' id='word_1_559' title='bbox 2613 3022 2751 3080; x_wconf 85' lang='lat' dir='ltr'><strong>ergo</strong></span> <span class='ocrx_word' id='word_1_560' title='bbox 2800 3007 3095 3079; x_wconf 64' lang='lat' dir='ltr'><strong>quaerebat</strong></span> <span class='ocrx_word' id='word_1_561' title='bbox 3123 3006 3182 3062; x_wconf 91' lang='lat' dir='ltr'><strong>in</strong></span> <span class='ocrx_word' id='word_1_562' title='bbox 3233 3005 3426 3077; x_wconf 90' lang='lat' dir='ltr'><strong>terris,</strong></span> <span class='ocrx_word' id='word_1_563' title='bbox 3459 3020 3637 3079; x_wconf 90' lang='lat' dir='ltr'><strong>quem</strong></span> <span class='ocrx_word' id='word_1_564' title='bbox 3662 3006 3735 3062; x_wconf 89' lang='lat' dir='ltr'><strong>de</strong></span> 
     </span>
    </p>
   </div>
   <div class='ocr_carea' id='block_1_78' title="bbox 2085 3093 3731 3167">
    <p class='ocr_par' dir='ltr' id='par_1_78' title="bbox 2085 3093 3731 3167">
     <span class='ocr_line' id='line_1_78' title="bbox 2085 3093 3731 3167; baseline -0.002 -16"><span class='ocrx_word' id='word_1_565' title='bbox 2085 3094 2227 3152; x_wconf 90' lang='lat' dir='ltr'><strong>coelo</strong></span> <span class='ocrx_word' id='word_1_566' title='bbox 2244 3093 2474 3167; x_wconf 83' lang='lat' dir='ltr'><strong>fulgens</strong></span> <span class='ocrx_word' id='word_1_567' title='bbox 2496 3093 2667 3150; x_wconf 89' lang='lat' dir='ltr'><strong>stella</strong></span> <span class='ocrx_word' id='word_1_568' title='bbox 2688 3095 3073 3151; x_wconf 83' lang='lat' dir='ltr'><strong>monstrabat.</strong></span> <span class='ocrx_word' id='word_1_569' title='bbox 3098 3095 3230 3151; x_wconf 90' lang='lat' dir='ltr'><strong>Ideo</strong></span> <span class='ocrx_word' id='word_1_570' title='bbox 3251 3110 3388 3150; x_wconf 92' lang='lat' dir='ltr'><strong>eum</strong></span> <span class='ocrx_word' id='word_1_571' title='bbox 3409 3093 3595 3149; x_wconf 87' lang='lat' dir='ltr'><strong>Maria</strong></span> <span class='ocrx_word' id='word_1_572' title='bbox 3613 3110 3731 3150; x_wconf 90' lang='lat' dir='ltr'><strong>non</strong></span> 
     </span>
    </p>
   </div>
   <div class='ocr_carea' id='block_1_79' title="bbox 2084 3181 3734 3259">
    <p class='ocr_par' dir='ltr' id='par_1_79' title="bbox 2084 3181 3734 3259">
     <span class='ocr_line' id='line_1_79' title="bbox 2084 3181 3734 3259; baseline -0.002 -17"><span class='ocrx_word' id='word_1_573' title='bbox 2084 3183 2414 3259; x_wconf 86' lang='lat' dir='ltr'><strong>parturivit,</strong></span> <span class='ocrx_word' id='word_1_574' title='bbox 2445 3183 2544 3239; x_wconf 92' lang='lat' dir='ltr'><strong>sed</strong></span> <span class='ocrx_word' id='word_1_575' title='bbox 2578 3182 2821 3256; x_wconf 86' lang='lat' dir='ltr'><strong>peperit,</strong></span> <span class='ocrx_word' id='word_1_576' title='bbox 2853 3184 2993 3256; x_wconf 90' lang='lat' dir='ltr'><strong>quia</strong></span> <span class='ocrx_word' id='word_1_577' title='bbox 3044 3187 3102 3240; x_wconf 92' lang='lat' dir='ltr'><strong>et</strong></span> <span class='ocrx_word' id='word_1_578' title='bbox 3144 3183 3461 3240; x_wconf 88' lang='lat' dir='ltr'><strong>Dominum</strong></span> <span class='ocrx_word' id='word_1_579' title='bbox 3487 3186 3544 3239; x_wconf 91' lang='lat' dir='ltr'><strong>et</strong></span> <span class='ocrx_word' id='word_1_580' title='bbox 3573 3181 3734 3240; x_wconf 88' lang='lat' dir='ltr'><strong>salu-</strong></span> 
     </span>
    </p>
   </div>
   <div class='ocr_carea' id='block_1_80' title="bbox 2087 3271 3733 3345">
    <p class='ocr_par' dir='ltr' id='par_1_80' title="bbox 2087 3271 3733 3345">
     <span class='ocr_line' id='line_1_80' title="bbox 2087 3271 3733 3345; baseline -0.002 -14"><span class='ocrx_word' id='word_1_581' title='bbox 2087 3280 2212 3331; x_wconf 87' lang='lat' dir='ltr'><strong>tare</strong></span> <span class='ocrx_word' id='word_1_582' title='bbox 2241 3273 2464 3330; x_wconf 89' lang='lat' dir='ltr'><strong>sciebat</strong></span> <span class='ocrx_word' id='word_1_583' title='bbox 2491 3289 2560 3328; x_wconf 84' lang='lat' dir='ltr'><strong>ex</strong></span> <span class='ocrx_word' id='word_1_584' title='bbox 2589 3289 2652 3328; x_wconf 91' lang='lat' dir='ltr'><strong>se</strong></span> <span class='ocrx_word' id='word_1_585' title='bbox 2680 3288 2808 3328; x_wconf 90' lang='lat' dir='ltr'><strong>esse</strong></span> <span class='ocrx_word' id='word_1_586' title='bbox 2837 3272 3261 3345; x_wconf 85' lang='lat' dir='ltr'><strong>generandum,</strong></span> <span class='ocrx_word' id='word_1_587' title='bbox 3306 3272 3461 3329; x_wconf 87' lang='lat' dir='ltr'><strong>sicut</strong></span> <span class='ocrx_word' id='word_1_588' title='bbox 3487 3271 3618 3344; x_wconf 89' lang='lat' dir='ltr'><strong>ipsa</strong></span> <span class='ocrx_word' id='word_1_589' title='bbox 3642 3277 3733 3328; x_wconf 89' lang='lat' dir='ltr'><strong>te-</strong></span> 
     </span>
    </p>
   </div>
   <div class='ocr_carea' id='block_1_81' title="bbox 2089 3360 3729 3435">
    <p class='ocr_par' dir='ltr' id='par_1_81' title="bbox 2089 3360 3729 3435">
     <span class='ocr_line' id='line_1_81' title="bbox 2089 3360 3729 3435; baseline -0.002 -16"><span class='ocrx_word' id='word_1_590' title='bbox 2089 3366 2277 3419; x_wconf 90' lang='lat' dir='ltr'><strong>statur</strong></span> <span class='ocrx_word' id='word_1_591' title='bbox 2305 3363 2505 3418; x_wconf 88' lang='lat' dir='ltr'><strong>dicens</strong></span> <span class='ocrx_word' id='word_1_592' title='bbox 2530 3380 2543 3418; x_wconf 89' lang='lat'><strong>:</strong></span> <span class='ocrx_word' id='word_1_593' title='bbox 2572 3385 2600 3412; x_wconf 90' lang='grc'><strong>‹‹</strong></span> <span class='ocrx_word' id='word_1_594' title='bbox 2634 3361 2971 3435; x_wconf 85' lang='lat' dir='ltr'><strong>Magniﬁcat</strong></span> <span class='ocrx_word' id='word_1_595' title='bbox 2995 3361 3193 3418; x_wconf 89' lang='lat' dir='ltr'><strong>anima</strong></span> <span class='ocrx_word' id='word_1_596' title='bbox 3223 3378 3356 3418; x_wconf 90' lang='lat' dir='ltr'><strong>mea</strong></span> <span class='ocrx_word' id='word_1_597' title='bbox 3374 3360 3691 3418; x_wconf 87' lang='lat' dir='ltr'><strong>Dominum</strong></span> <span class='ocrx_word' id='word_1_598' title='bbox 3716 3378 3729 3415; x_wconf 92' lang='lat'><strong>:</strong></span> 
     </span>
    </p>
   </div>
   <div class='ocr_carea' id='block_1_82' title="bbox 2086 3449 3729 3520">
    <p class='ocr_par' dir='ltr' id='par_1_82' title="bbox 2086 3449 3729 3520">
     <span class='ocr_line' id='line_1_82' title="bbox 2086 3449 3729 3520; baseline -0.001 -13"><span class='ocrx_word' id='word_1_599' title='bbox 2086 3455 2144 3507; x_wconf 89' lang='lat' dir='ltr'><strong>et</strong></span> <span class='ocrx_word' id='word_1_600' title='bbox 2174 3450 2398 3506; x_wconf 77' lang='lat' dir='ltr'><strong>laetatus</strong></span> <span class='ocrx_word' id='word_1_601' title='bbox 2427 3453 2518 3505; x_wconf 91' lang='lat' dir='ltr'><strong>est</strong></span> <span class='ocrx_word' id='word_1_602' title='bbox 2545 3450 2788 3520; x_wconf 84' lang='lat' dir='ltr'><strong>spiritus</strong></span> <span class='ocrx_word' id='word_1_603' title='bbox 2827 3467 2995 3508; x_wconf 90' lang='lat' dir='ltr'><strong>meus</strong></span> <span class='ocrx_word' id='word_1_604' title='bbox 3041 3451 3103 3506; x_wconf 90' lang='lat' dir='ltr'><strong>in</strong></span> <span class='ocrx_word' id='word_1_605' title='bbox 3151 3450 3269 3507; x_wconf 92' lang='lat' dir='ltr'><strong>Deo</strong></span> <span class='ocrx_word' id='word_1_606' title='bbox 3322 3449 3567 3507; x_wconf 89' lang='lat' dir='ltr'><strong>salutari</strong></span> <span class='ocrx_word' id='word_1_607' title='bbox 3599 3466 3729 3506; x_wconf 90' lang='lat' dir='ltr'><strong>meo</strong></span> 
     </span>
    </p>
   </div>
   <div class='ocr_carea' id='block_1_83' title="bbox 2086 3536 3729 3611">
    <p class='ocr_par' dir='ltr' id='par_1_83' title="bbox 2086 3536 3729 3611">
     <span class='ocr_line' id='line_1_83' title="bbox 2086 3536 3729 3611; baseline -0.001 -18"><span class='ocrx_word' id='word_1_608' title='bbox 2086 3539 2235 3611; x_wconf 82' lang='lat' dir='ltr'><strong>(Luc.</strong></span> <span class='ocrx_word' id='word_1_609' title='bbox 2273 3554 2313 3601; x_wconf 87' lang='grc' dir='ltr'>ι,</span> <span class='ocrx_word' id='word_1_610' title='bbox 2364 3538 2451 3602; x_wconf 85' lang='grc'><strong>46,</strong></span> <span class='ocrx_word' id='word_1_611' title='bbox 2503 3537 2611 3607; x_wconf 85' lang='grc'><strong>47).</strong></span> <span class='ocrx_word' id='word_1_612' title='bbox 2675 3560 2702 3585; x_wconf 85' lang='grc'><strong>››</strong></span> <span class='ocrx_word' id='word_1_613' title='bbox 2760 3538 2842 3593; x_wconf 92' lang='lat' dir='ltr'><strong>Ibi</strong></span> <span class='ocrx_word' id='word_1_614' title='bbox 2901 3554 3039 3610; x_wconf 89' lang='lat' dir='ltr'><strong>ergo</strong></span> <span class='ocrx_word' id='word_1_615' title='bbox 3098 3538 3329 3595; x_wconf 90' lang='lat' dir='ltr'><strong>dolores</strong></span> <span class='ocrx_word' id='word_1_616' title='bbox 3384 3536 3538 3595; x_wconf 89' lang='lat' dir='ltr'><strong>sicut</strong></span> <span class='ocrx_word' id='word_1_617' title='bbox 3594 3554 3729 3610; x_wconf 90' lang='lat' dir='ltr'><strong>par-</strong></span> 
     </span>
    </p>
   </div>
   <div class='ocr_carea' id='block_1_84' title="bbox 2085 3623 3732 3697">
    <p class='ocr_par' dir='ltr' id='par_1_84' title="bbox 2085 3623 3732 3697">
     <span class='ocr_line' id='line_1_84' title="bbox 2085 3623 3732 3697; baseline -0.001 -14"><span class='ocrx_word' id='word_1_618' title='bbox 2085 3625 2376 3683; x_wconf 90' lang='lat' dir='ltr'><strong>turientis.</strong></span> <span class='ocrx_word' id='word_1_619' title='bbox 2432 3623 2603 3679; x_wconf 91' lang='lat' dir='ltr'><strong>Dolor</strong></span> <span class='ocrx_word' id='word_1_620' title='bbox 2651 3629 2741 3679; x_wconf 91' lang='lat' dir='ltr'><strong>est</strong></span> <span class='ocrx_word' id='word_1_621' title='bbox 2797 3628 2862 3679; x_wconf 91' lang='lat' dir='ltr'><strong>ut</strong></span> <span class='ocrx_word' id='word_1_622' title='bbox 2918 3626 3233 3697; x_wconf 89' lang='lat' dir='ltr'><strong>parturias,</strong></span> <span class='ocrx_word' id='word_1_623' title='bbox 3295 3626 3463 3683; x_wconf 90' lang='lat' dir='ltr'><strong>dolor</strong></span> <span class='ocrx_word' id='word_1_624' title='bbox 3518 3630 3610 3683; x_wconf 89' lang='lat' dir='ltr'><strong>est</strong></span> <span class='ocrx_word' id='word_1_625' title='bbox 3665 3629 3732 3682; x_wconf 91' lang='lat' dir='ltr'><strong>ut</strong></span> 
     </span>
    </p>
   </div>
   <div class='ocr_carea' id='block_1_85' title="bbox 2087 3711 3731 3786">
    <p class='ocr_par' dir='ltr' id='par_1_85' title="bbox 2087 3711 3731 3786">
     <span class='ocr_line' id='line_1_85' title="bbox 2087 3711 3731 3786; baseline 0.001 -15"><span class='ocrx_word' id='word_1_626' title='bbox 2087 3713 2369 3785; x_wconf 87' lang='lat' dir='ltr'><strong>enutrias,</strong></span> <span class='ocrx_word' id='word_1_627' title='bbox 2402 3728 2577 3784; x_wconf 89' lang='lat' dir='ltr'><strong>quem</strong></span> <span class='ocrx_word' id='word_1_628' title='bbox 2609 3711 2663 3767; x_wconf 91' lang='lat' dir='ltr'><strong>in</strong></span> <span class='ocrx_word' id='word_1_629' title='bbox 2699 3712 2985 3785; x_wconf 90' lang='lat' dir='ltr'><strong>principio</strong></span> <span class='ocrx_word' id='word_1_630' title='bbox 3035 3712 3212 3769; x_wconf 91' lang='lat' dir='ltr'><strong>debes</strong></span> <span class='ocrx_word' id='word_1_631' title='bbox 3264 3714 3479 3770; x_wconf 91' lang='lat' dir='ltr'><strong>habere</strong></span> <span class='ocrx_word' id='word_1_632' title='bbox 3508 3715 3731 3786; x_wconf 88' lang='lat' dir='ltr'><strong>perfec-</strong></span> 
     </span>
    </p>
   </div>
   <div class='ocr_carea' id='block_1_86' title="bbox 2087 3808 2237 3861">
    <p class='ocr_par' dir='ltr' id='par_1_86' title="bbox 2087 3808 2237 3861">
     <span class='ocr_line' id='line_1_86' title="bbox 2087 3808 2237 3861; baseline -0.02 0"><span class='ocrx_word' id='word_1_633' title='bbox 2087 3808 2237 3861; x_wconf 89' lang='lat' dir='ltr'><strong>tum.</strong></span> 
     </span>
    </p>
   </div>
   <div class='ocr_carea' id='block_1_87' title="bbox 2160 3888 3733 3962">
    <p class='ocr_par' dir='ltr' id='par_1_87' title="bbox 2160 3888 3733 3962">
     <span class='ocr_line' id='line_1_87' title="bbox 2160 3888 3733 3962; baseline -0.003 -14"><span class='ocrx_word' id='word_1_634' title='bbox 2160 3894 2247 3948; x_wconf 80' lang='lat'><strong>12.</strong></span> <span class='ocrx_word' id='word_1_635' title='bbox 2278 3889 2466 3962; x_wconf 91' lang='lat' dir='ltr'><strong>(Vers.</strong></span> <span class='ocrx_word' id='word_1_636' title='bbox 2501 3888 2577 3960; x_wconf 93' lang='lat'><strong>8.)</strong></span> <span class='ocrx_word' id='word_1_637' title='bbox 2630 3889 2882 3960; x_wconf 91' lang='lat' dir='ltr'><strong>Ideoque</strong></span> <span class='ocrx_word' id='word_1_638' title='bbox 2928 3888 3192 3961; x_wconf 88' lang='lat' dir='ltr'><strong>plerique</strong></span> <span class='ocrx_word' id='word_1_639' title='bbox 3248 3888 3499 3961; x_wconf 88' lang='lat' dir='ltr'><strong>graviter</strong></span> <span class='ocrx_word' id='word_1_640' title='bbox 3536 3892 3733 3946; x_wconf 89' lang='lat' dir='ltr'><strong>conte-</strong></span> 
     </span>
    </p>
   </div>
   <div class='ocr_carea' id='block_1_88' title="bbox 2088 3977 3732 4050">
    <p class='ocr_par' dir='ltr' id='par_1_88' title="bbox 2088 3977 3732 4050">
     <span class='ocr_line' id='line_1_88' title="bbox 2088 3977 3732 4050; baseline -0.004 -12"><span class='ocrx_word' id='word_1_641' title='bbox 2088 3984 2319 4045; x_wconf 89' lang='lat' dir='ltr'><strong>runtur,</strong></span> <span class='ocrx_word' id='word_1_642' title='bbox 2351 3978 2505 4035; x_wconf 89' lang='lat' dir='ltr'><strong>sicut</strong></span> <span class='ocrx_word' id='word_1_643' title='bbox 2524 3977 2847 4034; x_wconf 88' lang='lat' dir='ltr'><strong>versiculus</strong></span> <span class='ocrx_word' id='word_1_644' title='bbox 2882 3977 3196 4050; x_wconf 79' lang='lat' dir='ltr'><strong>significat,</strong></span> <span class='ocrx_word' id='word_1_645' title='bbox 3220 3978 3323 4050; x_wconf 89' lang='lat' dir='ltr'><strong>qui</strong></span> <span class='ocrx_word' id='word_1_646' title='bbox 3346 3981 3585 4034; x_wconf 84' lang='lat' dir='ltr'><strong>secutus</strong></span> <span class='ocrx_word' id='word_1_647' title='bbox 3608 3980 3732 4033; x_wconf 87' lang='lat' dir='ltr'><strong>est:</strong></span> 
     </span>
    </p>
   </div>
   <div class='ocr_carea' id='block_1_89' title="bbox 2088 4064 3736 4151">
    <p class='ocr_par' dir='ltr' id='par_1_89' title="bbox 2088 4064 3736 4151">
     <span class='ocr_line' id='line_1_89' title="bbox 2088 4064 3736 4151; baseline 0 -30"><span class='ocrx_word' id='word_1_648' title='bbox 2088 4094 2116 4121; x_wconf 85' lang='grc'><strong>‹‹</strong></span> <span class='ocrx_word' id='word_1_649' title='bbox 2152 4071 2212 4126; x_wconf 86' lang='lat' dir='ltr'><strong>In</strong></span> <span class='ocrx_word' id='word_1_650' title='bbox 2247 4067 2457 4142; x_wconf 90' lang='lat' dir='ltr'><strong>spiritu</strong></span> <span class='ocrx_word' id='word_1_651' title='bbox 2487 4066 2819 4124; x_wconf 86' lang='lat' dir='ltr'><strong>vehementi</strong></span> <span class='ocrx_word' id='word_1_652' title='bbox 2862 4070 3128 4123; x_wconf 88' lang='lat' dir='ltr'><strong>conteres</strong></span> <span class='ocrx_word' id='word_1_653' title='bbox 3179 4069 3359 4123; x_wconf 75' lang='lat' dir='ltr'><strong>naves</strong></span> <span class='ocrx_word' id='word_1_654' title='bbox 3406 4064 3670 4151; x_wconf 65' lang='lat' dir='ltr'><strong>Tbaqsis.</strong></span> <span class='ocrx_word' id='word_1_655' title='bbox 3709 4088 3736 4115; x_wconf 83' lang='grc'><strong>››</strong></span> 
     </span>
    </p>
   </div>
   <div class='ocr_carea' id='block_1_90' title="bbox 2086 4154 3739 4228">
    <p class='ocr_par' dir='ltr' id='par_1_90' title="bbox 2086 4154 3739 4228">
     <span class='ocr_line' id='line_1_90' title="bbox 2086 4154 3739 4228; baseline -0.005 -12"><span class='ocrx_word' id='word_1_656' title='bbox 2086 4160 2233 4216; x_wconf 85' lang='lat' dir='ltr'><strong>Nam</strong></span> <span class='ocrx_word' id='word_1_657' title='bbox 2265 4158 2406 4213; x_wconf 90' lang='lat' dir='ltr'><strong>dum</strong></span> <span class='ocrx_word' id='word_1_658' title='bbox 2437 4157 2509 4213; x_wconf 85' lang='lat' dir='ltr'><strong>ad</strong></span> <span class='ocrx_word' id='word_1_659' title='bbox 2529 4155 2661 4212; x_wconf 86' lang='lat' dir='ltr'><strong>tidei</strong></span> <span class='ocrx_word' id='word_1_660' title='bbox 2686 4156 3096 4228; x_wconf 83' lang='lat' dir='ltr'><strong>perfectionem</strong></span> <span class='ocrx_word' id='word_1_661' title='bbox 3125 4157 3223 4212; x_wconf 88' lang='lat' dir='ltr'><strong>Dei</strong></span> <span class='ocrx_word' id='word_1_662' title='bbox 3248 4154 3455 4213; x_wconf 86' lang='lat' dir='ltr'><strong>famuli</strong></span> <span class='ocrx_word' id='word_1_663' title='bbox 3477 4155 3739 4228; x_wconf 90' lang='lat' dir='ltr'><strong>perveni-</strong></span> 
     </span>
    </p>
   </div>
   <div class='ocr_carea' id='block_1_91' title="bbox 2088 4244 3739 4315">
    <p class='ocr_par' dir='ltr' id='par_1_91' title="bbox 2088 4244 3739 4315">
     <span class='ocr_line' id='line_1_91' title="bbox 2088 4244 3739 4315; baseline -0.004 -11"><span class='ocrx_word' id='word_1_664' title='bbox 2088 4266 2149 4305; x_wconf 90' lang='lat' dir='ltr'><strong>re</strong></span> <span class='ocrx_word' id='word_1_665' title='bbox 2164 4247 2518 4313; x_wconf 90' lang='lat' dir='ltr'><strong>desiderant,</strong></span> <span class='ocrx_word' id='word_1_666' title='bbox 2541 4248 2977 4301; x_wconf 87' lang='lat' dir='ltr'><strong>commacerant</strong></span> <span class='ocrx_word' id='word_1_667' title='bbox 2997 4261 3209 4315; x_wconf 90' lang='lat' dir='ltr'><strong>corpus</strong></span> <span class='ocrx_word' id='word_1_668' title='bbox 3233 4261 3431 4313; x_wconf 90' lang='lat' dir='ltr'><strong>suum,</strong></span> <span class='ocrx_word' id='word_1_669' title='bbox 3451 4244 3739 4315; x_wconf 88' lang='lat' dir='ltr'><strong>castigan-</strong></span> 
     </span>
    </p>
   </div>
   <div class='ocr_carea' id='block_1_92' title="bbox 2088 4332 3737 4407">
    <p class='ocr_par' dir='ltr' id='par_1_92' title="bbox 2088 4332 3737 4407">
     <span class='ocr_line' id='line_1_92' title="bbox 2088 4332 3737 4407; baseline -0.005 -12"><span class='ocrx_word' id='word_1_670' title='bbox 2088 4339 2161 4395; x_wconf 93' lang='lat' dir='ltr'><strong>do</strong></span> <span class='ocrx_word' id='word_1_671' title='bbox 2175 4336 2452 4403; x_wconf 88' lang='lat' dir='ltr'><strong>severius,</strong></span> <span class='ocrx_word' id='word_1_672' title='bbox 2472 4337 2531 4391; x_wconf 89' lang='lat' dir='ltr'><strong>et</strong></span> <span class='ocrx_word' id='word_1_673' title='bbox 2549 4334 2863 4407; x_wconf 87' lang='lat' dir='ltr'><strong>redigendo</strong></span> <span class='ocrx_word' id='word_1_674' title='bbox 2895 4333 2951 4389; x_wconf 91' lang='lat' dir='ltr'><strong>in</strong></span> <span class='ocrx_word' id='word_1_675' title='bbox 2988 4333 3380 4390; x_wconf 87' lang='lat' dir='ltr'><strong>ministerium</strong></span> <span class='ocrx_word' id='word_1_676' title='bbox 3401 4332 3696 4390; x_wconf 89' lang='lat' dir='ltr'><strong>servitutis</strong></span> <span class='ocrx_word' id='word_1_677' title='bbox 3722 4349 3737 4399; x_wconf 92' lang='lat'><strong>;</strong></span> 
     </span>
    </p>
   </div>
   <div class='ocr_carea' id='block_1_93' title="bbox 2088 4422 3742 4498">
    <p class='ocr_par' dir='ltr' id='par_1_93' title="bbox 2088 4422 3742 4498">
     <span class='ocr_line' id='line_1_93' title="bbox 2088 4422 3742 4498; baseline -0.004 -14"><span class='ocrx_word' id='word_1_678' title='bbox 2088 4444 2162 4484; x_wconf 92' lang='lat' dir='ltr'><strong>ne</strong></span> <span class='ocrx_word' id='word_1_679' title='bbox 2193 4425 2578 4498; x_wconf 88' lang='lat' dir='ltr'><strong>reprobentur</strong></span> <span class='ocrx_word' id='word_1_680' title='bbox 2597 4423 2695 4493; x_wconf 87' lang='lat' dir='ltr'><strong>qui</strong></span> <span class='ocrx_word' id='word_1_681' title='bbox 2723 4422 3092 4493; x_wconf 85' lang='lat' dir='ltr'><strong>fuerantjam</strong></span> <span class='ocrx_word' id='word_1_682' title='bbox 3119 4422 3369 4495; x_wconf 89' lang='lat' dir='ltr'><strong>probati.</strong></span> <span class='ocrx_word' id='word_1_683' title='bbox 3405 4422 3523 4478; x_wconf 88' lang='lat' dir='ltr'><strong>Hoc</strong></span> <span class='ocrx_word' id='word_1_684' title='bbox 3544 4426 3742 4478; x_wconf 90' lang='lat' dir='ltr'><strong>autem</strong></span> 
     </span>
    </p>
   </div>
   <div class='ocr_carea' id='block_1_94' title="bbox 2089 4509 3745 4584">
    <p class='ocr_par' dir='ltr' id='par_1_94' title="bbox 2089 4509 3745 4584">
     <span class='ocr_line' id='line_1_94' title="bbox 2089 4509 3745 4584; baseline -0.004 -13"><span class='ocrx_word' id='word_1_685' title='bbox 2089 4515 2312 4571; x_wconf 88' lang='lat' dir='ltr'><strong>faciunt</strong></span> <span class='ocrx_word' id='word_1_686' title='bbox 2341 4512 2400 4567; x_wconf 90' lang='lat' dir='ltr'><strong>in</strong></span> <span class='ocrx_word' id='word_1_687' title='bbox 2431 4509 2651 4583; x_wconf 87' lang='lat' dir='ltr'><strong>Spiritu</strong></span> <span class='ocrx_word' id='word_1_688' title='bbox 2686 4514 2886 4566; x_wconf 89' lang='lat' dir='ltr'><strong>sancto</strong></span> <span class='ocrx_word' id='word_1_689' title='bbox 2931 4510 3121 4567; x_wconf 86' lang='lat' dir='ltr'><strong>valido</strong></span> <span class='ocrx_word' id='word_1_690' title='bbox 3165 4516 3341 4584; x_wconf 88' lang='lat' dir='ltr'><strong>atque</strong></span> <span class='ocrx_word' id='word_1_691' title='bbox 3383 4510 3745 4567; x_wconf 87' lang='lat' dir='ltr'><strong>vehementi.</strong></span> 
     </span>
    </p>
   </div>
   <div class='ocr_carea' id='block_1_95' title="bbox 330 4594 3745 4684">
    <p class='ocr_par' dir='ltr' id='par_1_95' title="bbox 330 4594 3745 4684">
     <span class='ocr_line' id='line_1_95' title="bbox 330 4594 3745 4684; baseline 0.001 -34"><span class='ocrx_word' id='word_1_692' title='bbox 330 4594 391 4650; x_wconf 90' lang='lat' dir='ltr'><strong>in</strong></span> <span class='ocrx_word' id='word_1_693' title='bbox 423 4594 523 4652; x_wconf 87' lang='lat' dir='ltr'><strong>illa</strong></span> <span class='ocrx_word' id='word_1_694' title='bbox 551 4595 782 4652; x_wconf 88' lang='lat' dir='ltr'><strong>civitate</strong></span> <span class='ocrx_word' id='word_1_695' title='bbox 813 4597 986 4669; x_wconf 81' lang='lat' dir='ltr'><strong>Regis</strong></span> <span class='ocrx_word' id='word_1_696' title='bbox 1018 4596 1218 4668; x_wconf 83' lang='lat' dir='ltr'><strong>magni</strong></span> <span class='ocrx_word' id='word_1_697' title='bbox 1248 4600 1388 4652; x_wconf 90' lang='lat' dir='ltr'><strong>sunt</strong></span> <span class='ocrx_word' id='word_1_698' title='bbox 1417 4597 1666 4666; x_wconf 88' lang='lat' dir='ltr'><strong>dolores,</strong></span> <span class='ocrx_word' id='word_1_699' title='bbox 1696 4600 1834 4654; x_wconf 77' lang='lat' dir='ltr'><strong>sicut</strong></span> <span class='ocrx_word' id='word_1_700' title='bbox 1856 4617 1980 4672; x_wconf 84' lang='lat' dir='ltr'><strong>par-</strong></span> <span class='ocrx_word' id='word_1_701' title='bbox 2009 4620 2058 4684; x_wconf 83' lang='lat' dir='ltr'><strong>D</strong></span> <span class='ocrx_word' id='word_1_702' title='bbox 2086 4606 2189 4660; x_wconf 87' lang='lat' dir='ltr'><strong>Est</strong></span> <span class='ocrx_word' id='word_1_703' title='bbox 2217 4602 2373 4658; x_wconf 88' lang='lat' dir='ltr'><strong>enim</strong></span> <span class='ocrx_word' id='word_1_704' title='bbox 2404 4599 2647 4672; x_wconf 89' lang='lat' dir='ltr'><strong>spiritus</strong></span> <span class='ocrx_word' id='word_1_705' title='bbox 2680 4598 2910 4655; x_wconf 88' lang='lat' dir='ltr'><strong>consilii</strong></span> <span class='ocrx_word' id='word_1_706' title='bbox 2940 4604 3116 4672; x_wconf 91' lang='lat' dir='ltr'><strong>atque</strong></span> <span class='ocrx_word' id='word_1_707' title='bbox 3166 4601 3426 4667; x_wconf 90' lang='lat' dir='ltr'><strong>virtutis,</strong></span> <span class='ocrx_word' id='word_1_708' title='bbox 3457 4605 3523 4656; x_wconf 89' lang='lat' dir='ltr'><strong>ut</strong></span> <span class='ocrx_word' id='word_1_709' title='bbox 3553 4600 3745 4655; x_wconf 81' lang='lat' dir='ltr'><strong>nimia</strong></span> 
     </span>
    </p>
   </div>
   <div class='ocr_carea' id='block_1_96' title="bbox 330 4684 3742 4761">
    <p class='ocr_par' dir='ltr' id='par_1_96' title="bbox 330 4684 3742 4761">
     <span class='ocr_line' id='line_1_96' title="bbox 330 4684 3742 4761; baseline 0.001 -23"><span class='ocrx_word' id='word_1_710' title='bbox 330 4685 606 4751; x_wconf 74' lang='lat' dir='ltr'><strong>turientis,</strong></span> <span class='ocrx_word' id='word_1_711' title='bbox 638 4684 823 4741; x_wconf 89' lang='lat' dir='ltr'><strong>donec</strong></span> <span class='ocrx_word' id='word_1_712' title='bbox 853 4685 1138 4742; x_wconf 85' lang='lat' dir='ltr'><strong>formetur</strong></span> <span class='ocrx_word' id='word_1_713' title='bbox 1166 4685 1438 4742; x_wconf 89' lang='lat' dir='ltr'><strong>Christus</strong></span> <span class='ocrx_word' id='word_1_714' title='bbox 1468 4685 1527 4741; x_wconf 90' lang='lat' dir='ltr'><strong>in</strong></span> <span class='ocrx_word' id='word_1_715' title='bbox 1560 4687 1752 4743; x_wconf 89' lang='lat' dir='ltr'><strong>nobis.</strong></span> <span class='ocrx_word' id='word_1_716' title='bbox 1782 4688 1983 4761; x_wconf 83' lang='lat' dir='ltr'><strong>Neque</strong></span> <span class='ocrx_word' id='word_1_717' title='bbox 2094 4688 2445 4748; x_wconf 88' lang='lat' dir='ltr'><strong>abstinentia</strong></span> <span class='ocrx_word' id='word_1_718' title='bbox 2490 4688 2817 4744; x_wconf 75' lang='lat' dir='ltr'><strong>dissolvent</strong></span> <span class='ocrx_word' id='word_1_719' title='bbox 2861 4705 3074 4761; x_wconf 88' lang='lat' dir='ltr'><strong>corpus</strong></span> <span class='ocrx_word' id='word_1_720' title='bbox 3097 4707 3319 4757; x_wconf 75' lang='lat' dir='ltr'><strong>suum,</strong></span> <span class='ocrx_word' id='word_1_721' title='bbox 3372 4707 3488 4761; x_wconf 89' lang='lat' dir='ltr'><strong>quo</strong></span> <span class='ocrx_word' id='word_1_722' title='bbox 3536 4703 3742 4743; x_wconf 91' lang='lat' dir='ltr'><strong>omnes</strong></span> 
     </span>
    </p>
   </div>
   <div class='ocr_carea' id='block_1_97' title="bbox 332 4772 1983 4843">
    <p class='ocr_par' dir='ltr' id='par_1_97' title="bbox 332 4772 1983 4843">
     <span class='ocr_line' id='line_1_97' title="bbox 332 4772 1983 4843; baseline 0.004 -14"><span class='ocrx_word' id='word_1_723' title='bbox 332 4772 489 4829; x_wconf 88' lang='lat' dir='ltr'><strong>enim</strong></span> <span class='ocrx_word' id='word_1_724' title='bbox 521 4772 649 4830; x_wconf 90' lang='lat' dir='ltr'><strong>sine</strong></span> <span class='ocrx_word' id='word_1_725' title='bbox 678 4773 879 4831; x_wconf 89' lang='lat' dir='ltr'><strong>dolore</strong></span> <span class='ocrx_word' id='word_1_726' title='bbox 910 4775 1126 4832; x_wconf 88' lang='lat' dir='ltr'><strong>Paulus</strong></span> <span class='ocrx_word' id='word_1_727' title='bbox 1155 4778 1299 4843; x_wconf 90' lang='lat' dir='ltr'><strong>erat,</strong></span> <span class='ocrx_word' id='word_1_728' title='bbox 1341 4791 1477 4830; x_wconf 90' lang='lat' dir='ltr'><strong>cum</strong></span> <span class='ocrx_word' id='word_1_729' title='bbox 1525 4773 1747 4831; x_wconf 89' lang='lat' dir='ltr'><strong>videret</strong></span> <span class='ocrx_word' id='word_1_730' title='bbox 1774 4776 1832 4833; x_wconf 93' lang='lat' dir='ltr'><strong>in</strong></span> <span class='ocrx_word' id='word_1_731' title='bbox 1866 4780 1983 4835; x_wconf 86' lang='lat' dir='ltr'><strong>Ga-</strong></span> 
     </span>
    </p>
   </div>
   <div class='ocr_carea' id='block_1_98' title="bbox 332 4860 1980 4937">
    <p class='ocr_par' dir='ltr' id='par_1_98' title="bbox 332 4860 1980 4937">
     <span class='ocr_line' id='line_1_98' title="bbox 332 4860 1980 4937; baseline 0.004 -20"><span class='ocrx_word' id='word_1_732' title='bbox 332 4860 469 4918; x_wconf 86' lang='lat' dir='ltr'><strong>latis</strong></span> <span class='ocrx_word' id='word_1_733' title='bbox 500 4860 916 4935; x_wconf 87' lang='lat' dir='ltr'><strong>insipientibus</strong></span> <span class='ocrx_word' id='word_1_734' title='bbox 944 4862 1223 4920; x_wconf 70' lang='lat' dir='ltr'><strong>doctrina:</strong></span> <span class='ocrx_word' id='word_1_735' title='bbox 1254 4881 1374 4921; x_wconf 54' lang='lat' dir='ltr'><strong>suae.</strong></span> <span class='ocrx_word' id='word_1_736' title='bbox 1413 4862 1726 4920; x_wconf 89' lang='lat' dir='ltr'><strong>tardiorem</strong></span> <span class='ocrx_word' id='word_1_737' title='bbox 1758 4867 1980 4937; x_wconf 86' lang='lat' dir='ltr'><strong>profec-</strong></span> 
     </span>
    </p>
   </div>
   <div class='ocr_carea' id='block_1_99' title="bbox 336 4951 1983 5025">
    <p class='ocr_par' dir='ltr' id='par_1_99' title="bbox 336 4951 1983 5025">
     <span class='ocr_line' id='line_1_99' title="bbox 336 4951 1983 5025; baseline 0.004 -19"><span class='ocrx_word' id='word_1_738' title='bbox 336 4953 491 5009; x_wconf 89' lang='lat' dir='ltr'><strong>tum.</strong></span> <span class='ocrx_word' id='word_1_739' title='bbox 525 4951 777 5023; x_wconf 90' lang='lat' dir='ltr'><strong>Ideoque</strong></span> <span class='ocrx_word' id='word_1_740' title='bbox 806 4951 1069 5009; x_wconf 89' lang='lat' dir='ltr'><strong>dicebat:</strong></span> <span class='ocrx_word' id='word_1_741' title='bbox 1103 4975 1133 5003; x_wconf 89' lang='lat'><strong><em>«</em></strong></span> <span class='ocrx_word' id='word_1_742' title='bbox 1168 4951 1356 5010; x_wconf 89' lang='lat' dir='ltr'><strong>Filioli</strong></span> <span class='ocrx_word' id='word_1_743' title='bbox 1407 4951 1541 5021; x_wconf 91' lang='lat' dir='ltr'><strong>mei,</strong></span> <span class='ocrx_word' id='word_1_744' title='bbox 1576 4968 1723 5025; x_wconf 91' lang='lat' dir='ltr'><strong>quos</strong></span> <span class='ocrx_word' id='word_1_745' title='bbox 1772 4955 1983 5012; x_wconf 90' lang='lat' dir='ltr'><strong>iterum</strong></span> 
     </span>
    </p>
   </div>
   <div class='ocr_carea' id='block_1_100' title="bbox 407 5127 1982 5199">
    <p class='ocr_par' dir='ltr' id='par_1_100' title="bbox 407 5127 1982 5199">
     <span class='ocr_line' id='line_1_100' title="bbox 407 5127 1982 5199; baseline 0.003 -15"><span class='ocrx_word' id='word_1_746' title='bbox 407 5127 485 5199; x_wconf 78' lang='grc'><strong>(4)</strong></span> <span class='ocrx_word' id='word_1_747' title='bbox 514 5127 729 5185; x_wconf 90' lang='lat' dir='ltr'><strong>Omnes</strong></span> <span class='ocrx_word' id='word_1_748' title='bbox 759 5129 899 5186; x_wconf 89' lang='lat' dir='ltr'><strong>edit.</strong></span> <span class='ocrx_word' id='word_1_749' title='bbox 935 5130 992 5186; x_wconf 90' lang='lat' dir='ltr'><strong>in</strong></span> <span class='ocrx_word' id='word_1_750' title='bbox 1024 5134 1317 5197; x_wconf 81' lang='lat' dir='ltr'><strong>contextu,</strong></span> <span class='ocrx_word' id='word_1_751' title='bbox 1372 5147 1635 5188; x_wconf 81' lang='lat' dir='ltr'><strong>evacuare</strong></span> <span class='ocrx_word' id='word_1_752' title='bbox 1677 5132 1982 5189; x_wconf 74' lang='lat' dir='ltr'><strong>luxuriam.</strong></span> 
     </span>
    </p>
   </div>
   <div class='ocr_carea' id='block_1_101' title="bbox 335 5200 1986 5273">
    <p class='ocr_par' dir='ltr' id='par_1_101' title="bbox 335 5200 1986 5273">
     <span class='ocr_line' id='line_1_101' title="bbox 335 5200 1986 5273; baseline 0.004 -19"><span class='ocrx_word' id='word_1_753' title='bbox 335 5200 553 5273; x_wconf 77' lang='lat' dir='ltr'><strong>Omnes</strong></span> <span class='ocrx_word' id='word_1_754' title='bbox 584 5217 727 5257; x_wconf 88' lang='lat' dir='ltr'><strong>mss.</strong></span> <span class='ocrx_word' id='word_1_755' title='bbox 761 5218 828 5257; x_wconf 91' lang='lat' dir='ltr'><strong>ac</strong></span> <span class='ocrx_word' id='word_1_756' title='bbox 857 5207 966 5257; x_wconf 90' lang='lat' dir='ltr'><strong>vet.</strong></span> <span class='ocrx_word' id='word_1_757' title='bbox 994 5203 1133 5259; x_wconf 85' lang='lat' dir='ltr'><strong>edit.</strong></span> <span class='ocrx_word' id='word_1_758' title='bbox 1173 5203 1230 5258; x_wconf 91' lang='lat' dir='ltr'><strong>in</strong></span> <span class='ocrx_word' id='word_1_759' title='bbox 1260 5202 1548 5273; x_wconf 83' lang='lat' dir='ltr'><strong>margine,</strong></span> <span class='ocrx_word' id='word_1_760' title='bbox 1581 5219 1986 5272; x_wconf 74' lang='lat' dir='ltr'><strong>avm&#39;runcarc;</strong></span> 
     </span>
    </p>
   </div>
   <div class='ocr_carea' id='block_1_102' title="bbox 336 5271 1989 5348">
    <p class='ocr_par' dir='ltr' id='par_1_102' title="bbox 336 5271 1989 5348">
     <span class='ocr_line' id='line_1_102' title="bbox 336 5271 1989 5348; baseline 0.004 -22"><span class='ocrx_word' id='word_1_761' title='bbox 336 5271 448 5328; x_wconf 89' lang='lat' dir='ltr'><strong>hoc</strong></span> <span class='ocrx_word' id='word_1_762' title='bbox 481 5276 593 5339; x_wconf 88' lang='lat' dir='ltr'><strong>est,</strong></span> <span class='ocrx_word' id='word_1_763' title='bbox 622 5289 805 5348; x_wconf 86' lang='lat' dir='ltr'><strong>runca</strong></span> <span class='ocrx_word' id='word_1_764' title='bbox 845 5290 945 5348; x_wconf 81' lang='lat' dir='ltr'><strong>seu</strong></span> <span class='ocrx_word' id='word_1_765' title='bbox 979 5274 1209 5348; x_wconf 80' lang='lat' dir='ltr'><strong>sarculo</strong></span> <span class='ocrx_word' id='word_1_766' title='bbox 1238 5271 1617 5330; x_wconf 78' lang='lat' dir='ltr'><strong>exscindere:</strong></span> <span class='ocrx_word' id='word_1_767' title='bbox 1646 5273 1989 5348; x_wconf 64' lang='grc' dir='ltr'><strong>ΔἱιΠρΡοριιὶθ</strong></span> 
     </span>
    </p>
   </div>
   <div class='ocr_carea' id='block_1_103' title="bbox 302 5344 1986 5419">
    <p class='ocr_par' dir='ltr' id='par_1_103' title="bbox 302 5344 1986 5419">
     <span class='ocr_line' id='line_1_103' title="bbox 302 5344 1986 5419; baseline 0.005 -23"><span class='ocrx_word' id='word_1_768' title='bbox 302 5344 495 5419; x_wconf 48' lang='lat' dir='ltr'><strong>‘vero,</strong></span> <span class='ocrx_word' id='word_1_769' title='bbox 527 5347 783 5419; x_wconf 72' lang='lat' dir='ltr'><strong>avertere</strong></span> <span class='ocrx_word' id='word_1_770' title='bbox 807 5360 872 5399; x_wconf 91' lang='lat' dir='ltr'><strong>ac</strong></span> <span class='ocrx_word' id='word_1_771' title='bbox 903 5344 1213 5419; x_wconf 85' lang='lat' dir='ltr'><strong>depellere,</strong></span> <span class='ocrx_word' id='word_1_772' title='bbox 1249 5351 1314 5419; x_wconf 82' lang='lat' dir='ltr'><strong>ut</strong></span> <span class='ocrx_word' id='word_1_773' title='bbox 1359 5344 1661 5419; x_wconf 77' lang='lat' dir='ltr'><strong>averrunci</strong></span> <span class='ocrx_word' id='word_1_774' title='bbox 1696 5344 1986 5419; x_wconf 42' lang='lat' dir='ltr'><strong>apud—an-</strong></span> 
     </span>
    </p>
   </div>
   <div class='ocr_carea' id='block_1_104' title="bbox 339 5412 1619 5488">
    <p class='ocr_par' dir='ltr' id='par_1_104' title="bbox 339 5412 1619 5488">
     <span class='ocr_line' id='line_1_104' title="bbox 339 5412 1619 5488; baseline 0.004 -22"><span class='ocrx_word' id='word_1_775' title='bbox 339 5412 912 5488; x_wconf 56' lang='lat' dir='ltr'><strong>tiquasﬁicebantur</strong></span> <span class='ocrx_word' id='word_1_776' title='bbox 940 5412 1228 5488; x_wconf 80' lang='lat' dir='ltr'><strong>malorum</strong></span> <span class='ocrx_word' id='word_1_777' title='bbox 1257 5414 1619 5488; x_wconf 89' lang='lat' dir='ltr'><strong>depulsores.</strong></span> 
     </span>
    </p>
   </div>
   <div class='ocr_carea' id='block_1_105' title="bbox 416 5483 1985 5560">
    <p class='ocr_par' dir='ltr' id='par_1_105' title="bbox 416 5483 1985 5560">
     <span class='ocr_line' id='line_1_105' title="bbox 416 5483 1985 5560; baseline 0.005 -23"><span class='ocrx_word' id='word_1_778' title='bbox 416 5484 493 5554; x_wconf 90' lang='lat'><strong>(5)</strong></span> <span class='ocrx_word' id='word_1_779' title='bbox 524 5483 762 5560; x_wconf 61' lang='lat' dir='ltr'><strong>Cuncta:</strong></span> <span class='ocrx_word' id='word_1_780' title='bbox 783 5486 1011 5560; x_wconf 88' lang='lat' dir='ltr'><strong>edit,__ac</strong></span> <span class='ocrx_word' id='word_1_781' title='bbox 1033 5487 1182 5560; x_wconf 84' lang='lat' dir='ltr'><strong>duos</strong></span> <span class='ocrx_word' id='word_1_782' title='bbox 1209 5483 1375 5560; x_wconf 67' lang='grc' dir='ltr'><strong>Πιθεῖ,</strong></span> <span class='ocrx_word' id='word_1_783' title='bbox 1397 5486 1678 5560; x_wconf 57' lang='grc' dir='ltr'><strong>ξμρρνβεςιςε</strong></span> <span class='ocrx_word' id='word_1_784' title='bbox 1698 5491 1985 5560; x_wconf 82' lang='lat' dir='ltr'><strong>reprehen-</strong></span> 
     </span>
    </p>
   </div>
   <div class='ocr_carea' id='block_1_106' title="bbox 342 5504 1982 5630">
    <p class='ocr_par' dir='ltr' id='par_1_106' title="bbox 342 5504 1982 5630">
     <span class='ocr_line' id='line_1_106' title="bbox 416 5504 1982 5560; baseline 0.006 -24"><span class='ocrx_word' id='word_1_785' title='bbox 416 5504 493 5554; x_wconf 75' lang='grc' dir='ltr'>(ο)</span> <span class='ocrx_word' id='word_1_786' title='bbox 526 5504 762 5540; x_wconf 62' lang='lat' dir='ltr'><strong>huncne</strong></span> <span class='ocrx_word' id='word_1_787' title='bbox 783 5504 920 5553; x_wconf 77' lang='lat' dir='ltr'><strong>eun,</strong></span> <span class='ocrx_word' id='word_1_788' title='bbox 945 5504 1011 5542; x_wconf 91' lang='lat' dir='ltr'><strong>ac</strong></span> <span class='ocrx_word' id='word_1_789' title='bbox 1033 5504 1182 5543; x_wconf 85' lang='lat' dir='ltr'><strong>auos</strong></span> <span class='ocrx_word' id='word_1_790' title='bbox 1209 5504 1375 5553; x_wconf 72' lang='lat' dir='ltr'><strong>mss,</strong></span> <span class='ocrx_word' id='word_1_791' title='bbox 1397 5504 1495 5558; x_wconf 78' lang='lat' dir='ltr'><strong>sup</strong></span> <span class='ocrx_word' id='word_1_792' title='bbox 1538 5504 1678 5543; x_wconf 74' lang='lat' dir='ltr'><strong>resse</strong></span> <span class='ocrx_word' id='word_1_793' title='bbox 1698 5504 1982 5560; x_wconf 78' lang='lat' dir='ltr'><strong>reprehen-</strong></span> 
     </span>
     <span class='ocr_line' id='line_1_107' title="bbox 342 5504 1982 5630; baseline 0.007 -23"><span class='ocrx_word' id='word_1_794' title='bbox 342 5570 487 5630; x_wconf 48' lang='lat' dir='ltr'><strong>sum.</strong></span> <span class='ocrx_word' id='word_1_795' title='bbox 524 5551 632 5609; x_wconf 90' lang='lat' dir='ltr'><strong>Ubi</strong></span> <span class='ocrx_word' id='word_1_796' title='bbox 665 5558 855 5630; x_wconf 76' lang='lat' dir='ltr'><strong>potest</strong></span> <span class='ocrx_word' id='word_1_797' title='bbox 884 5556 1092 5615; x_wconf 90' lang='lat' dir='ltr'><strong>allusio</strong></span> <span class='ocrx_word' id='word_1_798' title='bbox 1120 5559 1242 5615; x_wconf 84' lang='lat' dir='ltr'><strong>ﬁeri</strong></span> <span class='ocrx_word' id='word_1_799' title='bbox 1274 5560 1346 5615; x_wconf 88' lang='lat' dir='ltr'><strong>ad</strong></span> <span class='ocrx_word' id='word_1_800' title='bbox 1378 5504 1532 5613; x_wconf 62' lang='lat' dir='ltr'><strong>illudJ</strong></span> <span class='ocrx_word' id='word_1_801' title='bbox 1556 5559 1694 5630; x_wconf 90' lang='lat' dir='ltr'><strong>Luc,</strong></span> <span class='ocrx_word' id='word_1_802' title='bbox 1716 5563 1933 5628; x_wconf 80' lang='lat' dir='ltr'><strong>xxu,til</strong></span> <span class='ocrx_word' id='word_1_803' title='bbox 1970 5582 1982 5619; x_wconf 91' lang='lat'><strong>:</strong></span> 
     </span>
    </p>
   </div>
   <div class='ocr_carea' id='block_1_107' title="bbox 342 5626 1985 5703">
    <p class='ocr_par' dir='ltr' id='par_1_107' title="bbox 342 5626 1985 5703">
     <span class='ocr_line' id='line_1_108' title="bbox 342 5626 1985 5703; baseline 0.005 -21"><span class='ocrx_word' id='word_1_804' title='bbox 342 5626 409 5682; x_wconf 84' lang='lat' dir='ltr'><strong>Et</strong></span> <span class='ocrx_word' id='word_1_805' title='bbox 453 5640 739 5703; x_wconf 64' lang='lat' dir='ltr'><strong>conversus</strong></span> <span class='ocrx_word' id='word_1_806' title='bbox 774 5628 1063 5703; x_wconf 64' lang='lat' dir='ltr'><strong>Dominus</strong></span> <span class='ocrx_word' id='word_1_807' title='bbox 1089 5632 1324 5703; x_wconf 73' lang='lat' dir='ltr'><strong>respexit</strong></span> <span class='ocrx_word' id='word_1_808' title='bbox 1362 5631 1588 5686; x_wconf 72' lang='lat' dir='ltr'><strong>Petrum</strong></span> <span class='ocrx_word' id='word_1_809' title='bbox 1614 5649 1638 5696; x_wconf 77' lang='lat'><strong>,-</strong></span> <span class='ocrx_word' id='word_1_810' title='bbox 1675 5626 1794 5689; x_wconf 45' lang='lat' dir='ltr'><strong>&#39;hoc</strong></span> <span class='ocrx_word' id='word_1_811' title='bbox 1830 5626 1985 5691; x_wconf 81' lang='lat' dir='ltr'><strong>enim</strong></span> 
     </span>
    </p>
   </div>
   <div class='ocr_carea' id='block_1_108' title="bbox 346 5696 1986 5775">
    <p class='ocr_par' dir='ltr' id='par_1_108' title="bbox 346 5696 1986 5775">
     <span class='ocr_line' id='line_1_109' title="bbox 346 5696 1986 5775; baseline 0.007 -22"><span class='ocrx_word' id='word_1_812' title='bbox 346 5696 644 5770; x_wconf 86' lang='lat' dir='ltr'><strong>quoddam</strong></span> <span class='ocrx_word' id='word_1_813' title='bbox 676 5697 861 5756; x_wconf 69' lang='lat' dir='ltr'><strong>tacitas</strong></span> <span class='ocrx_word' id='word_1_814' title='bbox 882 5696 1353 5775; x_wconf 79' lang='lat' dir='ltr'><strong>reprehensionis</strong></span> <span class='ocrx_word' id='word_1_815' title='bbox 1374 5718 1561 5775; x_wconf 87' lang='lat' dir='ltr'><strong>genus</strong></span> <span class='ocrx_word' id='word_1_816' title='bbox 1583 5705 1691 5759; x_wconf 90' lang='lat' dir='ltr'><strong>est.</strong></span> <span class='ocrx_word' id='word_1_817' title='bbox 1714 5704 1986 5765; x_wconf 84' lang='lat' dir='ltr'><strong>Attamen</strong></span> 
     </span>
    </p>
   </div>
   <div class='ocr_carea' id='block_1_109' title="bbox 2091 4775 3744 4852">
    <p class='ocr_par' dir='ltr' id='par_1_109' title="bbox 2091 4775 3744 4852">
     <span class='ocr_line' id='line_1_110' title="bbox 2091 4775 3744 4852; baseline -0.005 -15"><span class='ocrx_word' id='word_1_818' title='bbox 2091 4782 2221 4852; x_wconf 89' lang='lat' dir='ltr'><strong>ejus</strong></span> <span class='ocrx_word' id='word_1_819' title='bbox 2250 4778 2870 4850; x_wconf 88' lang='lat' dir='ltr'><strong>evacuentvoluptates</strong></span> <span class='ocrx_word' id='word_1_820' title='bbox 2897 4796 2910 4847; x_wconf 93' lang='lat'><strong>;</strong></span> <span class='ocrx_word' id='word_1_821' title='bbox 2947 4782 3009 4834; x_wconf 91' lang='lat' dir='ltr'><strong>ut</strong></span> <span class='ocrx_word' id='word_1_822' title='bbox 3035 4778 3400 4836; x_wconf 88' lang='lat' dir='ltr'><strong>dicaturillis</strong></span> <span class='ocrx_word' id='word_1_823' title='bbox 3428 4795 3441 4833; x_wconf 90' lang='lat'><strong>:</strong></span> <span class='ocrx_word' id='word_1_824' title='bbox 3480 4798 3502 4827; x_wconf 73' lang='grc' dir='ltr'><strong>ι</strong></span> <span class='ocrx_word' id='word_1_825' title='bbox 3528 4775 3744 4833; x_wconf 87' lang='lat' dir='ltr'><strong>Conva-</strong></span> 
     </span>
    </p>
   </div>
   <div class='ocr_carea' id='block_1_110' title="bbox 2092 4864 3744 4941">
    <p class='ocr_par' dir='ltr' id='par_1_110' title="bbox 2092 4864 3744 4941">
     <span class='ocr_line' id='line_1_111' title="bbox 2092 4864 3744 4941; baseline -0.005 -15"><span class='ocrx_word' id='word_1_826' title='bbox 2092 4869 2312 4935; x_wconf 89' lang='lat' dir='ltr'><strong>lescite,</strong></span> <span class='ocrx_word' id='word_1_827' title='bbox 2364 4883 2576 4923; x_wconf 90' lang='lat' dir='ltr'><strong>manus</strong></span> <span class='ocrx_word' id='word_1_828' title='bbox 2623 4866 2901 4934; x_wconf 67' lang='lat' dir='ltr'><strong>remissas,</strong></span> <span class='ocrx_word' id='word_1_829' title='bbox 2948 4870 3006 4924; x_wconf 90' lang='lat' dir='ltr'><strong>et</strong></span> <span class='ocrx_word' id='word_1_830' title='bbox 3055 4884 3246 4941; x_wconf 86' lang='lat' dir='ltr'><strong>genua</strong></span> <span class='ocrx_word' id='word_1_831' title='bbox 3288 4864 3582 4921; x_wconf 88' lang='lat' dir='ltr'><strong>dissoluta</strong></span> <span class='ocrx_word' id='word_1_832' title='bbox 3611 4864 3744 4935; x_wconf 83' lang='lat' dir='ltr'><strong>(Isa.</strong></span> 
     </span>
    </p>
   </div>
   <div class='ocr_carea' id='block_1_111' title="bbox 2092 4951 3750 5029">
    <p class='ocr_par' dir='ltr' id='par_1_111' title="bbox 2092 4951 3750 5029">
     <span class='ocr_line' id='line_1_112' title="bbox 2092 4951 3750 5029; baseline -0.005 -13"><span class='ocrx_word' id='word_1_833' title='bbox 2092 4975 2258 5025; x_wconf 85' lang='lat' dir='ltr'><strong>xxxv,</strong></span> <span class='ocrx_word' id='word_1_834' title='bbox 2288 4957 2365 5029; x_wconf 91' lang='lat'><strong>3).</strong></span> <span class='ocrx_word' id='word_1_835' title='bbox 2399 4977 2429 5006; x_wconf 90' lang='lat'><strong>»</strong></span> <span class='ocrx_word' id='word_1_836' title='bbox 2477 4956 2621 5013; x_wconf 89' lang='lat' dir='ltr'><strong>Cum</strong></span> <span class='ocrx_word' id='word_1_837' title='bbox 2670 4955 2829 5012; x_wconf 89' lang='lat' dir='ltr'><strong>enim</strong></span> <span class='ocrx_word' id='word_1_838' title='bbox 2873 4955 3102 5012; x_wconf 87' lang='lat' dir='ltr'><strong>solutus</strong></span> <span class='ocrx_word' id='word_1_839' title='bbox 3150 4954 3285 5027; x_wconf 87' lang='lat' dir='ltr'><strong>quis</strong></span> <span class='ocrx_word' id='word_1_840' title='bbox 3330 4954 3507 5011; x_wconf 88' lang='lat' dir='ltr'><strong>fuerit</strong></span> <span class='ocrx_word' id='word_1_841' title='bbox 3527 4953 3602 5009; x_wconf 90' lang='lat' dir='ltr'><strong>ab</strong></span> <span class='ocrx_word' id='word_1_842' title='bbox 3632 4951 3750 5009; x_wconf 88' lang='lat' dir='ltr'><strong>ista</strong></span> 
     </span>
    </p>
   </div>
   <div class='ocr_carea' id='block_1_112' title="bbox 2106 5130 3751 5207">
    <p class='ocr_par' dir='ltr' id='par_1_112' title="bbox 2106 5130 3751 5207">
     <span class='ocr_line' id='line_1_113' title="bbox 2106 5130 3751 5207; baseline -0.005 -16"><span class='ocrx_word' id='word_1_843' title='bbox 2106 5137 2282 5193; x_wconf 87' lang='lat' dir='ltr'><strong>verba</strong></span> <span class='ocrx_word' id='word_1_844' title='bbox 2311 5134 2571 5207; x_wconf 83' lang='lat' dir='ltr'><strong>proximo</strong></span> <span class='ocrx_word' id='word_1_845' title='bbox 2602 5131 2904 5207; x_wconf 82' lang='lat' dir='ltr'><strong>sequentia</strong></span> <span class='ocrx_word' id='word_1_846' title='bbox 2932 5131 3204 5207; x_wconf 77' lang='lat' dir='ltr'><strong>videntur</strong></span> <span class='ocrx_word' id='word_1_847' title='bbox 3245 5130 3554 5207; x_wconf 78' lang='lat' dir='ltr'><strong>ostendere</strong></span> <span class='ocrx_word' id='word_1_848' title='bbox 3583 5143 3751 5207; x_wconf 84' lang='lat' dir='ltr'><strong>aper-</strong></span> 
     </span>
    </p>
   </div>
   <div class='ocr_carea' id='block_1_113' title="bbox 2107 5201 3752 5275">
    <p class='ocr_par' dir='ltr' id='par_1_113' title="bbox 2107 5201 3752 5275">
     <span class='ocr_line' id='line_1_114' title="bbox 2107 5201 3752 5275; baseline -0.006 -11"><span class='ocrx_word' id='word_1_849' title='bbox 2107 5216 2227 5265; x_wconf 88' lang='lat' dir='ltr'><strong>tam</strong></span> <span class='ocrx_word' id='word_1_850' title='bbox 2260 5201 2419 5261; x_wconf 46' lang='lat' dir='ltr'><strong>ill’am</strong></span> <span class='ocrx_word' id='word_1_851' title='bbox 2453 5201 2960 5275; x_wconf 80' lang='lat' dir='ltr'><strong>reprehensionem</strong></span> <span class='ocrx_word' id='word_1_852' title='bbox 2996 5219 3125 5274; x_wconf 62' lang='lat' dir='ltr'><strong>quae</strong></span> <span class='ocrx_word' id='word_1_853' title='bbox 3156 5202 3306 5275; x_wconf 82' lang='lat' dir='ltr'><strong>Petri</strong></span> <span class='ocrx_word' id='word_1_854' title='bbox 3328 5201 3564 5274; x_wconf 87' lang='lat' dir='ltr'><strong>lapsum</strong></span> <span class='ocrx_word' id='word_1_855' title='bbox 3594 5204 3752 5275; x_wconf 71' lang='lat' dir='ltr'><strong>ante-</strong></span> 
     </span>
    </p>
   </div>
   <div class='ocr_carea' id='block_1_114' title="bbox 2103 5270 3749 5346">
    <p class='ocr_par' dir='ltr' id='par_1_114' title="bbox 2103 5270 3749 5346">
     <span class='ocr_line' id='line_1_115' title="bbox 2103 5270 3749 5346; baseline -0.006 -8"><span class='ocrx_word' id='word_1_856' title='bbox 2103 5283 2381 5346; x_wconf 87' lang='lat' dir='ltr'><strong>cesserat,</strong></span> <span class='ocrx_word' id='word_1_857' title='bbox 2414 5270 2754 5346; x_wconf 79' lang='lat' dir='ltr'><strong>signiljcari.</strong></span> <span class='ocrx_word' id='word_1_858' title='bbox 2797 5270 3161 5346; x_wconf 82' lang='lat' dir='ltr'><strong>Quapropter</strong></span> <span class='ocrx_word' id='word_1_859' title='bbox 3205 5270 3454 5330; x_wconf 76' lang='lat' dir='ltr'><strong>aliorum</strong></span> <span class='ocrx_word' id='word_1_860' title='bbox 3486 5288 3635 5328; x_wconf 88' lang='lat' dir='ltr'><strong>mss.</strong></span> <span class='ocrx_word' id='word_1_861' title='bbox 3668 5270 3749 5328; x_wconf 87' lang='lat' dir='ltr'><strong>le-</strong></span> 
     </span>
    </p>
   </div>
   <div class='ocr_carea' id='block_1_115' title="bbox 2102 5344 2789 5409">
    <p class='ocr_par' dir='ltr' id='par_1_115' title="bbox 2102 5344 2789 5409">
     <span class='ocr_line' id='line_1_116' title="bbox 2102 5344 2789 5409; baseline -0.013 -1"><span class='ocrx_word' id='word_1_862' title='bbox 2102 5344 2789 5409; x_wconf 32' lang='lat' dir='ltr'><strong>ctionem&#39;ant&#39;ctulimus.</strong></span> 
     </span>
    </p>
   </div>
   <div class='ocr_carea' id='block_1_116' title="bbox 2175 5413 3751 5492">
    <p class='ocr_par' dir='ltr' id='par_1_116' title="bbox 2175 5413 3751 5492">
     <span class='ocr_line' id='line_1_117' title="bbox 2175 5413 3751 5492; baseline -0.004 -15"><span class='ocrx_word' id='word_1_863' title='bbox 2175 5424 2251 5492; x_wconf 85' lang='lat'><strong>(6)</strong></span> <span class='ocrx_word' id='word_1_864' title='bbox 2286 5420 2455 5485; x_wconf 87' lang='lat' dir='ltr'><strong>Edit.,</strong></span> <span class='ocrx_word' id='word_1_865' title='bbox 2485 5417 2752 5492; x_wconf 58' lang='lat' dir='ltr'><strong>propositi</strong></span> <span class='ocrx_word' id='word_1_866' title='bbox 2791 5418 3046 5492; x_wconf 62' lang='lat' dir='ltr'><strong>terroris.</strong></span> <span class='ocrx_word' id='word_1_867' title='bbox 3095 5416 3241 5492; x_wconf 70' lang='lat' dir='ltr'><strong>Mss.</strong></span> <span class='ocrx_word' id='word_1_868' title='bbox 3286 5432 3420 5492; x_wconf 74' lang='lat' dir='ltr'><strong>vero</strong></span> <span class='ocrx_word' id='word_1_869' title='bbox 3460 5413 3587 5492; x_wconf 70' lang='lat' dir='ltr'><strong>alii,</strong></span> <span class='ocrx_word' id='word_1_870' title='bbox 3605 5430 3751 5492; x_wconf 51' lang='lat' dir='ltr'><strong>pm:</strong></span> 
     </span>
    </p>
   </div>
   <div class='ocr_carea' id='block_1_117' title="bbox 2101 5484 3753 5568">
    <p class='ocr_par' dir='ltr' id='par_1_117' title="bbox 2101 5484 3753 5568">
     <span class='ocr_line' id='line_1_118' title="bbox 2101 5484 3753 5568; baseline -0.02 0"><span class='ocrx_word' id='word_1_871' title='bbox 2101 5484 2273 5568; x_wconf 40' lang='lat' dir='ltr'><strong>1’05“,i</strong></span> <span class='ocrx_word' id='word_1_872' title='bbox 2300 5484 2528 5568; x_wconf 63' lang='grc' dir='ltr'><strong>ίενῪΡνῗδ</strong></span> <span class='ocrx_word' id='word_1_873' title='bbox 2553 5484 2721 5554; x_wconf 31' lang='lat' dir='ltr'><strong>(alii,</strong></span> <span class='ocrx_word' id='word_1_874' title='bbox 2749 5488 3284 5568; x_wconf 49' lang='lat' dir='ltr'><strong>prqpositirrroris.</strong></span> <span class='ocrx_word' id='word_1_875' title='bbox 3318 5484 3626 5568; x_wconf 44' lang='lat' dir='ltr'><strong>Nonﬂmale</strong></span> <span class='ocrx_word' id='word_1_876' title='bbox 3655 5503 3678 5565; x_wconf 89' lang='grc'><strong>;¹</strong></span> <span class='ocrx_word' id='word_1_877' title='bbox 3702 5484 3753 5540; x_wconf 87' lang='lat' dir='ltr'><strong>si</strong></span> 
     </span>
    </p>
   </div>
   <div class='ocr_carea' id='block_1_118' title="bbox 2108 5557 3753 5629">
    <p class='ocr_par' dir='ltr' id='par_1_118' title="bbox 2108 5557 3753 5629">
     <span class='ocr_line' id='line_1_119' title="bbox 2108 5557 3753 5629; baseline -0.008 -7"><span class='ocrx_word' id='word_1_878' title='bbox 2108 5557 2325 5622; x_wconf 73' lang='lat' dir='ltr'><strong>referas</strong></span> <span class='ocrx_word' id='word_1_879' title='bbox 2356 5560 2425 5615; x_wconf 85' lang='lat' dir='ltr'><strong>ad</strong></span> <span class='ocrx_word' id='word_1_880' title='bbox 2459 5574 2710 5613; x_wconf 86' lang='lat' dir='ltr'><strong>errorem</strong></span> <span class='ocrx_word' id='word_1_881' title='bbox 2744 5559 2928 5624; x_wconf 67' lang='lat' dir='ltr'><strong>Judzc,</strong></span> <span class='ocrx_word' id='word_1_882' title='bbox 2968 5558 3053 5614; x_wconf 92' lang='lat' dir='ltr'><strong>vel</strong></span> <span class='ocrx_word' id='word_1_883' title='bbox 3097 5558 3403 5614; x_wconf 87' lang='lat' dir='ltr'><strong>similium.</strong></span> <span class='ocrx_word' id='word_1_884' title='bbox 3449 5557 3559 5616; x_wconf 87' lang='lat' dir='ltr'><strong>Sed</strong></span> <span class='ocrx_word' id='word_1_885' title='bbox 3594 5558 3753 5629; x_wconf 80' lang='lat' dir='ltr'><strong>prior</strong></span> 
     </span>
    </p>
   </div>
   <div class='ocr_carea' id='block_1_119' title="bbox 2097 5626 3749 5706">
    <p class='ocr_par' dir='ltr' id='par_1_119' title="bbox 2097 5626 3749 5706">
     <span class='ocr_line' id='line_1_120' title="bbox 2097 5626 3749 5706; baseline -0.01 -13"><span class='ocrx_word' id='word_1_886' title='bbox 2097 5654 2205 5693; x_wconf 83' lang='lat' dir='ltr'><strong>vox</strong></span> <span class='ocrx_word' id='word_1_887' title='bbox 2252 5630 2631 5706; x_wconf 66' lang='lat' dir='ltr'><strong>praeferenda,</strong></span> <span class='ocrx_word' id='word_1_888' title='bbox 2680 5630 2753 5685; x_wconf 91' lang='lat' dir='ltr'><strong>ob</strong></span> <span class='ocrx_word' id='word_1_889' title='bbox 2801 5647 2869 5685; x_wconf 85' lang='lat' dir='ltr'><strong>ca</strong></span> <span class='ocrx_word' id='word_1_890' title='bbox 2917 5648 3043 5703; x_wconf 67' lang='lat' dir='ltr'><strong>quae</strong></span> <span class='ocrx_word' id='word_1_891' title='bbox 3094 5632 3166 5686; x_wconf 90' lang='lat' dir='ltr'><strong>de</strong></span> <span class='ocrx_word' id='word_1_892' title='bbox 3211 5630 3511 5687; x_wconf 87' lang='lat' dir='ltr'><strong>doloribus</strong></span> <span class='ocrx_word' id='word_1_893' title='bbox 3562 5626 3749 5698; x_wconf 42' lang='lat' dir='ltr'><strong>subjis</strong></span> 
     </span>
    </p>
   </div>
   <div class='ocr_carea' id='block_1_120' title="bbox 2097 5709 2353 5766">
    <p class='ocr_par' dir='ltr' id='par_1_120' title="bbox 2097 5709 2353 5766">
     <span class='ocr_line' id='line_1_121' title="bbox 2097 5709 2353 5766; baseline -0.023 0"><span class='ocrx_word' id='word_1_894' title='bbox 2097 5709 2353 5766; x_wconf 88' lang='lat' dir='ltr'><strong>ciuntur.</strong></span> 
     </span>
    </p>
   </div>
  </div>
