  <div class='ocr_page' id='page_1' title='image "/cluster/home/n/w/nwhite01/storage/ocr_20150623/14/hvd.32044048207138/609.png"; bbox 0 0 4112 6190; ppageno 0'>
   <div class='ocr_carea' id='block_1_1' title="bbox 440 355 596 424">
    <p class='ocr_par' dir='ltr' id='par_1_1' title="bbox 440 355 596 424">
     <span class='ocr_line' id='line_1_1' title="bbox 440 355 596 424; baseline 0.013 -1"><span class='ocrx_word' id='word_1_1' title='bbox 440 355 596 424; x_wconf 64' lang='grc' dir='ltr'>Ιωτ</span> 
     </span>
    </p>
   </div>
   <div class='ocr_carea' id='block_1_2' title="bbox 1816 365 2380 431">
    <p class='ocr_par' dir='ltr' id='par_1_2' title="bbox 1816 365 2380 431">
     <span class='ocr_line' id='line_1_2' title="bbox 1816 365 2380 431; baseline 0.002 -2"><span class='ocrx_word' id='word_1_2' title='bbox 1816 381 1821 385; x_wconf 88' lang='grc'><strong>’</strong></span> <span class='ocrx_word' id='word_1_3' title='bbox 1898 371 1962 429; x_wconf 87' lang='lat' dir='ltr'>S.</span> <span class='ocrx_word' id='word_1_4' title='bbox 2008 365 2380 431; x_wconf 79' lang='lat' dir='ltr'>AMBBOSll</span> 
     </span>
    </p>
   </div>
   <div class='ocr_carea' id='block_1_3' title="bbox 3695 370 3856 434">
    <p class='ocr_par' dir='ltr' id='par_1_3' title="bbox 3695 370 3856 434">
     <span class='ocr_line' id='line_1_3' title="bbox 3695 370 3856 434; baseline 0.012 -2"><span class='ocrx_word' id='word_1_5' title='bbox 3695 370 3856 434; x_wconf 62' lang='lat' dir='ltr'>{sos</span> 
     </span>
    </p>
   </div>
   <div class='ocr_carea' id='block_1_4' title="bbox 439 497 3853 572">
    <p class='ocr_par' dir='ltr' id='par_1_4' title="bbox 439 497 3853 572">
     <span class='ocr_line' id='line_1_4' title="bbox 439 497 3853 572; baseline 0.001 -14"><span class='ocrx_word' id='word_1_6' title='bbox 439 509 716 570; x_wconf 55' lang='lat' dir='ltr'>campags</span> <span class='ocrx_word' id='word_1_7' title='bbox 746 497 997 565; x_wconf 84' lang='lat' dir='ltr'>terrena,</span> <span class='ocrx_word' id='word_1_8' title='bbox 1046 501 1186 554; x_wconf 90' lang='lat' dir='ltr'>tunc</span> <span class='ocrx_word' id='word_1_9' title='bbox 1233 499 1437 556; x_wconf 89' lang='lat' dir='ltr'>fortior</span> <span class='ocrx_word' id='word_1_10' title='bbox 1483 499 1552 555; x_wconf 90' lang='lat' dir='ltr'>ad</span> <span class='ocrx_word' id='word_1_11' title='bbox 1599 500 1777 556; x_wconf 85' lang='lat' dir='ltr'>vitam</span> <span class='ocrx_word' id='word_1_12' title='bbox 1831 500 2086 572; x_wconf 79' lang='lat' dir='ltr'>resurgit</span> <span class='ocrx_word' id='word_1_13' title='bbox 2113 503 2166 568; x_wconf 80' lang='grc' dir='ltr'><strong>Α</strong></span> <span class='ocrx_word' id='word_1_14' title='bbox 2196 501 2422 561; x_wconf 75' lang='lat' dir='ltr'>detritis</span> <span class='ocrx_word' id='word_1_15' title='bbox 2481 518 2612 558; x_wconf 84' lang='lat' dir='ltr'>esse</span> <span class='ocrx_word' id='word_1_16' title='bbox 2684 505 3012 571; x_wconf 78' lang='lat' dir='ltr'>renovatae,</span> <span class='ocrx_word' id='word_1_17' title='bbox 3065 503 3258 560; x_wconf 81' lang='lat' dir='ltr'>vivere</span> <span class='ocrx_word' id='word_1_18' title='bbox 3324 519 3392 560; x_wconf 84' lang='lat' dir='ltr'>ex</span> <span class='ocrx_word' id='word_1_19' title='bbox 3450 502 3730 572; x_wconf 76' lang='lat' dir='ltr'>mortuis,</span> <span class='ocrx_word' id='word_1_20' title='bbox 3767 521 3853 561; x_wconf 73' lang='lat' dir='ltr'>ex</span> 
     </span>
    </p>
   </div>
   <div class='ocr_carea' id='block_1_5' title="bbox 439 587 2088 662">
    <p class='ocr_par' dir='ltr' id='par_1_5' title="bbox 439 587 2088 662">
     <span class='ocr_line' id='line_1_5' title="bbox 439 587 2088 662; baseline 0.001 -19"><span class='ocrx_word' id='word_1_21' title='bbox 439 591 734 651; x_wconf 69' lang='lat' dir='ltr'>aeternam.</span> <span class='ocrx_word' id='word_1_22' title='bbox 774 587 1042 656; x_wconf 87' lang='lat' dir='ltr'>Mentior,</span> <span class='ocrx_word' id='word_1_23' title='bbox 1076 588 1187 656; x_wconf 83' lang='lat' dir='ltr'>nisi</span> <span class='ocrx_word' id='word_1_24' title='bbox 1223 588 1572 662; x_wconf 87' lang='lat' dir='ltr'>astipulatur</span> <span class='ocrx_word' id='word_1_25' title='bbox 1604 589 1925 662; x_wconf 75' lang='lat' dir='ltr'>Scriptura,</span> <span class='ocrx_word' id='word_1_26' title='bbox 1961 608 2088 662; x_wconf 65' lang='lat' dir='ltr'>quae</span> 
     </span>
    </p>
   </div>
   <div class='ocr_carea' id='block_1_6' title="bbox 441 677 2088 744">
    <p class='ocr_par' dir='ltr' id='par_1_6' title="bbox 441 677 2088 744">
     <span class='ocr_line' id='line_1_6' title="bbox 441 677 2088 744; baseline 0.002 -12"><span class='ocrx_word' id='word_1_27' title='bbox 441 677 584 741; x_wconf 82' lang='lat' dir='ltr'>dicit</span> <span class='ocrx_word' id='word_1_28' title='bbox 609 696 621 733; x_wconf 94' lang='lat'>:</span> <span class='ocrx_word' id='word_1_29' title='bbox 663 699 684 728; x_wconf 78' lang='grc' dir='ltr'><strong><em>ο</em></strong></span> <span class='ocrx_word' id='word_1_30' title='bbox 721 677 968 734; x_wconf 84' lang='lat' dir='ltr'>Dissolvi</span> <span class='ocrx_word' id='word_1_31' title='bbox 1001 683 1057 733; x_wconf 90' lang='lat' dir='ltr'>et</span> <span class='ocrx_word' id='word_1_32' title='bbox 1085 695 1218 734; x_wconf 90' lang='lat' dir='ltr'>cum</span> <span class='ocrx_word' id='word_1_33' title='bbox 1241 679 1470 734; x_wconf 87' lang='lat' dir='ltr'>Christo</span> <span class='ocrx_word' id='word_1_34' title='bbox 1496 696 1644 744; x_wconf 89' lang='lat' dir='ltr'>esse,</span> <span class='ocrx_word' id='word_1_35' title='bbox 1670 681 1853 736; x_wconf 90' lang='lat' dir='ltr'>multo</span> <span class='ocrx_word' id='word_1_36' title='bbox 1876 680 2088 736; x_wconf 88' lang='lat' dir='ltr'>melius</span> 
     </span>
    </p>
   </div>
   <div class='ocr_carea' id='block_1_7' title="bbox 442 767 2087 839">
    <p class='ocr_par' dir='ltr' id='par_1_7' title="bbox 442 767 2087 839">
     <span class='ocr_line' id='line_1_7' title="bbox 442 767 2087 839; baseline -0.001 -15"><span class='ocrx_word' id='word_1_37' title='bbox 442 767 709 839; x_wconf 78' lang='lat' dir='ltr'>(Philipp.</span> <span class='ocrx_word' id='word_1_38' title='bbox 741 785 781 833; x_wconf 80' lang='grc' dir='ltr'>ι,</span> <span class='ocrx_word' id='word_1_39' title='bbox 814 768 925 838; x_wconf 82' lang='lat'>23).</span> <span class='ocrx_word' id='word_1_40' title='bbox 956 790 982 817; x_wconf 87' lang='lat'>»</span> <span class='ocrx_word' id='word_1_41' title='bbox 1016 767 1124 832; x_wconf 86' lang='lat' dir='ltr'>Qui</span> <span class='ocrx_word' id='word_1_42' title='bbox 1172 767 1530 832; x_wconf 73' lang='lat' dir='ltr'>dissolvitur,</span> <span class='ocrx_word' id='word_1_43' title='bbox 1562 768 1767 838; x_wconf 83' lang='lat' dir='ltr'>incipit</span> <span class='ocrx_word' id='word_1_44' title='bbox 1795 784 1923 823; x_wconf 89' lang='lat' dir='ltr'>esse</span> <span class='ocrx_word' id='word_1_45' title='bbox 1955 786 2087 824; x_wconf 91' lang='lat' dir='ltr'>cum</span> 
     </span>
    </p>
   </div>
   <div class='ocr_carea' id='block_1_8' title="bbox 442 855 2092 929">
    <p class='ocr_par' dir='ltr' id='par_1_8' title="bbox 442 855 2092 929">
     <span class='ocr_line' id='line_1_8' title="bbox 442 855 2092 929; baseline 0 -17"><span class='ocrx_word' id='word_1_46' title='bbox 442 855 693 918; x_wconf 75' lang='lat' dir='ltr'>Christo.</span> <span class='ocrx_word' id='word_1_47' title='bbox 725 857 793 912; x_wconf 87' lang='lat' dir='ltr'>Et</span> <span class='ocrx_word' id='word_1_48' title='bbox 825 855 995 912; x_wconf 88' lang='lat' dir='ltr'>alibi:</span> <span class='ocrx_word' id='word_1_49' title='bbox 1030 880 1057 906; x_wconf 90' lang='grc'>‹‹</span> <span class='ocrx_word' id='word_1_50' title='bbox 1102 861 1356 929; x_wconf 86' lang='lat' dir='ltr'>Tempus</span> <span class='ocrx_word' id='word_1_51' title='bbox 1408 873 1547 912; x_wconf 63' lang='lat' dir='ltr'>mea;</span> <span class='ocrx_word' id='word_1_52' title='bbox 1603 856 1982 914; x_wconf 78' lang='lat' dir='ltr'>resolutionis</span> <span class='ocrx_word' id='word_1_53' title='bbox 2010 858 2092 912; x_wconf 90' lang='lat' dir='ltr'>in-</span> 
     </span>
    </p>
   </div>
   <div class='ocr_carea' id='block_1_9' title="bbox 445 945 2093 1018">
    <p class='ocr_par' dir='ltr' id='par_1_9' title="bbox 445 945 2093 1018">
     <span class='ocr_line' id='line_1_9' title="bbox 445 945 2093 1018; baseline -0.001 -16"><span class='ocrx_word' id='word_1_54' title='bbox 445 949 562 1002; x_wconf 80' lang='lat' dir='ltr'>stat</span> <span class='ocrx_word' id='word_1_55' title='bbox 591 946 664 1016; x_wconf 89' lang='lat' dir='ltr'>(II</span> <span class='ocrx_word' id='word_1_56' title='bbox 695 947 808 1004; x_wconf 81' lang='lat' dir='ltr'>Tim</span> <span class='ocrx_word' id='word_1_57' title='bbox 839 988 851 1003; x_wconf 95' lang='lat'>.</span> <span class='ocrx_word' id='word_1_58' title='bbox 886 962 961 1001; x_wconf 80' lang='lat' dir='ltr'>Iv.</span> <span class='ocrx_word' id='word_1_59' title='bbox 999 945 1077 1015; x_wconf 84' lang='lat'>6).</span> <span class='ocrx_word' id='word_1_60' title='bbox 1111 945 1218 1009; x_wconf 86' lang='lat' dir='ltr'>Qui</span> <span class='ocrx_word' id='word_1_61' title='bbox 1267 962 1404 1018; x_wconf 84' lang='lat' dir='ltr'>ergo</span> <span class='ocrx_word' id='word_1_62' title='bbox 1453 945 1771 1002; x_wconf 88' lang='lat' dir='ltr'>meditatus</span> <span class='ocrx_word' id='word_1_63' title='bbox 1823 947 1998 1002; x_wconf 89' lang='lat' dir='ltr'>fuerit</span> <span class='ocrx_word' id='word_1_64' title='bbox 2031 963 2093 1001; x_wconf 92' lang='lat' dir='ltr'>se</span> 
     </span>
    </p>
   </div>
   <div class='ocr_carea' id='block_1_10' title="bbox 443 1033 2092 1108">
    <p class='ocr_par' dir='ltr' id='par_1_10' title="bbox 443 1033 2092 1108">
     <span class='ocr_line' id='line_1_10' title="bbox 443 1033 2092 1108; baseline 0.001 -18"><span class='ocrx_word' id='word_1_65' title='bbox 443 1033 641 1108; x_wconf 89' lang='lat' dir='ltr'>ipsum</span> <span class='ocrx_word' id='word_1_66' title='bbox 673 1034 990 1093; x_wconf 86' lang='lat' dir='ltr'>dissolvere</span> <span class='ocrx_word' id='word_1_67' title='bbox 1013 1051 1116 1106; x_wconf 92' lang='lat' dir='ltr'>per</span> <span class='ocrx_word' id='word_1_68' title='bbox 1144 1035 1584 1103; x_wconf 78' lang='lat' dir='ltr'>abstinentiam,</span> <span class='ocrx_word' id='word_1_69' title='bbox 1616 1035 1770 1091; x_wconf 89' lang='lat' dir='ltr'>diem</span> <span class='ocrx_word' id='word_1_70' title='bbox 1799 1035 2092 1107; x_wconf 84' lang='lat' dir='ltr'>passionis</span> 
     </span>
    </p>
   </div>
   <div class='ocr_carea' id='block_1_11' title="bbox 447 1122 1212 1196">
    <p class='ocr_par' dir='ltr' id='par_1_11' title="bbox 447 1122 1212 1196">
     <span class='ocr_line' id='line_1_11' title="bbox 447 1122 1212 1196; baseline -0.003 -17"><span class='ocrx_word' id='word_1_71' title='bbox 447 1137 564 1186; x_wconf 66' lang='lat' dir='ltr'>sua</span> <span class='ocrx_word' id='word_1_72' title='bbox 595 1122 802 1180; x_wconf 86' lang='lat' dir='ltr'>timere</span> <span class='ocrx_word' id='word_1_73' title='bbox 835 1140 949 1180; x_wconf 88' lang='lat' dir='ltr'>non</span> <span class='ocrx_word' id='word_1_74' title='bbox 983 1122 1212 1196; x_wconf 87' lang='lat' dir='ltr'>poterit.</span> 
     </span>
    </p>
   </div>
   <div class='ocr_carea' id='block_1_12' title="bbox 499 1211 2093 1284">
    <p class='ocr_par' dir='ltr' id='par_1_12' title="bbox 499 1211 2093 1284">
     <span class='ocr_line' id='line_1_12' title="bbox 499 1211 2093 1284; baseline 0 -17"><span class='ocrx_word' id='word_1_75' title='bbox 499 1212 608 1267; x_wconf 71' lang='lat'>‘13.</span> <span class='ocrx_word' id='word_1_76' title='bbox 642 1213 715 1266; x_wconf 85' lang='lat' dir='ltr'>Et</span> <span class='ocrx_word' id='word_1_77' title='bbox 741 1213 889 1268; x_wconf 85' lang='lat' dir='ltr'>bene</span> <span class='ocrx_word' id='word_1_78' title='bbox 917 1211 997 1266; x_wconf 91' lang='lat' dir='ltr'>ait</span> <span class='ocrx_word' id='word_1_79' title='bbox 1027 1212 1299 1284; x_wconf 83' lang='lat' dir='ltr'>spiritum</span> <span class='ocrx_word' id='word_1_80' title='bbox 1341 1212 1764 1281; x_wconf 71' lang='lat' dir='ltr'>vehementem,</span> <span class='ocrx_word' id='word_1_81' title='bbox 1800 1230 1976 1268; x_wconf 84' lang='lat' dir='ltr'>naves</span> <span class='ocrx_word' id='word_1_82' title='bbox 2005 1212 2093 1268; x_wconf 84' lang='lat' dir='ltr'>di-</span> 
     </span>
    </p>
   </div>
   <div class='ocr_carea' id='block_1_13' title="bbox 447 1301 2094 1373">
    <p class='ocr_par' dir='ltr' id='par_1_13' title="bbox 447 1301 2094 1373">
     <span class='ocr_line' id='line_1_13' title="bbox 447 1301 2094 1373; baseline 0.001 -17"><span class='ocrx_word' id='word_1_83' title='bbox 447 1305 672 1360; x_wconf 81' lang='lat' dir='ltr'>cturus.</span> <span class='ocrx_word' id='word_1_84' title='bbox 705 1301 891 1357; x_wconf 87' lang='lat' dir='ltr'>Naves</span> <span class='ocrx_word' id='word_1_85' title='bbox 921 1305 1116 1357; x_wconf 89' lang='lat' dir='ltr'>autem</span> <span class='ocrx_word' id='word_1_86' title='bbox 1147 1301 1219 1356; x_wconf 90' lang='lat' dir='ltr'>de</span> <span class='ocrx_word' id='word_1_87' title='bbox 1241 1301 1583 1372; x_wconf 83' lang='lat' dir='ltr'>corporibus</span> <span class='ocrx_word' id='word_1_88' title='bbox 1615 1301 1778 1370; x_wconf 79' lang='lat' dir='ltr'>dixit,</span> <span class='ocrx_word' id='word_1_89' title='bbox 1803 1319 1928 1373; x_wconf 69' lang='lat' dir='ltr'>qua:</span> <span class='ocrx_word' id='word_1_90' title='bbox 1950 1318 2094 1372; x_wconf 85' lang='lat' dir='ltr'>vago</span> 
     </span>
    </p>
   </div>
   <div class='ocr_carea' id='block_1_14' title="bbox 449 1389 2094 1462">
    <p class='ocr_par' dir='ltr' id='par_1_14' title="bbox 449 1389 2094 1462">
     <span class='ocr_line' id='line_1_14' title="bbox 449 1389 2094 1462; baseline 0.001 -18"><span class='ocrx_word' id='word_1_91' title='bbox 449 1390 815 1450; x_wconf 83' lang='lat' dir='ltr'>diversarum</span> <span class='ocrx_word' id='word_1_92' title='bbox 861 1389 1204 1462; x_wconf 84' lang='lat' dir='ltr'>passionum</span> <span class='ocrx_word' id='word_1_93' title='bbox 1256 1390 1433 1445; x_wconf 80' lang='lat' dir='ltr'>fluctu</span> <span class='ocrx_word' id='word_1_94' title='bbox 1482 1395 1828 1447; x_wconf 86' lang='lat' dir='ltr'>moventur:</span> <span class='ocrx_word' id='word_1_95' title='bbox 1879 1396 1936 1446; x_wconf 90' lang='lat' dir='ltr'>et</span> <span class='ocrx_word' id='word_1_96' title='bbox 1979 1392 2094 1447; x_wconf 86' lang='lat' dir='ltr'>cito</span> 
     </span>
    </p>
   </div>
   <div class='ocr_carea' id='block_1_15' title="bbox 452 1478 2097 1550">
    <p class='ocr_par' dir='ltr' id='par_1_15' title="bbox 452 1478 2097 1550">
     <span class='ocr_line' id='line_1_15' title="bbox 452 1478 2097 1550; baseline -0.001 -14"><span class='ocrx_word' id='word_1_97' title='bbox 452 1482 817 1550; x_wconf 84' lang='lat' dir='ltr'>merguntur,</span> <span class='ocrx_word' id='word_1_98' title='bbox 869 1479 982 1534; x_wconf 90' lang='lat' dir='ltr'>nisi</span> <span class='ocrx_word' id='word_1_99' title='bbox 1025 1478 1281 1536; x_wconf 87' lang='lat' dir='ltr'>habeant</span> <span class='ocrx_word' id='word_1_100' title='bbox 1327 1479 1800 1549; x_wconf 83' lang='lat' dir='ltr'>gubernatorem.</span> <span class='ocrx_word' id='word_1_101' title='bbox 1844 1481 2005 1536; x_wconf 87' lang='lat' dir='ltr'>Unde</span> <span class='ocrx_word' id='word_1_102' title='bbox 2042 1484 2097 1534; x_wconf 90' lang='lat' dir='ltr'>ct</span> 
     </span>
    </p>
   </div>
   <div class='ocr_carea' id='block_1_16' title="bbox 451 1566 2096 1632">
    <p class='ocr_par' dir='ltr' id='par_1_16' title="bbox 451 1566 2096 1632">
     <span class='ocr_line' id='line_1_16' title="bbox 451 1566 2096 1632; baseline -0.001 -6"><span class='ocrx_word' id='word_1_103' title='bbox 451 1566 590 1630; x_wconf 83' lang='lat' dir='ltr'>alibi</span> <span class='ocrx_word' id='word_1_104' title='bbox 622 1568 746 1626; x_wconf 87' lang='lat' dir='ltr'>ait:</span> <span class='ocrx_word' id='word_1_105' title='bbox 789 1592 817 1620; x_wconf 88' lang='grc'>‹‹</span> <span class='ocrx_word' id='word_1_106' title='bbox 851 1568 955 1632; x_wconf 86' lang='lat' dir='ltr'>Qui</span> <span class='ocrx_word' id='word_1_107' title='bbox 1003 1568 1371 1626; x_wconf 89' lang='lat' dir='ltr'>descendunt</span> <span class='ocrx_word' id='word_1_108' title='bbox 1420 1568 1480 1622; x_wconf 91' lang='lat' dir='ltr'>in</span> <span class='ocrx_word' id='word_1_109' title='bbox 1528 1585 1687 1624; x_wconf 88' lang='lat' dir='ltr'>mare</span> <span class='ocrx_word' id='word_1_110' title='bbox 1738 1570 1794 1623; x_wconf 91' lang='lat' dir='ltr'>in</span> <span class='ocrx_word' id='word_1_111' title='bbox 1849 1568 2096 1624; x_wconf 87' lang='lat' dir='ltr'>navibus</span> 
     </span>
    </p>
   </div>
   <div class='ocr_carea' id='block_1_17' title="bbox 453 1656 2094 1729">
    <p class='ocr_par' dir='ltr' id='par_1_17' title="bbox 453 1656 2094 1729">
     <span class='ocr_line' id='line_1_17' title="bbox 453 1656 2094 1729; baseline -0.003 -11"><span class='ocrx_word' id='word_1_112' title='bbox 453 1657 622 1728; x_wconf 71' lang='lat' dir='ltr'>(Paul.</span> <span class='ocrx_word' id='word_1_113' title='bbox 657 1675 768 1720; x_wconf 72' lang='lat' dir='ltr'>cvr.</span> <span class='ocrx_word' id='word_1_114' title='bbox 798 1658 910 1728; x_wconf 85' lang='lat'>23).</span> <span class='ocrx_word' id='word_1_115' title='bbox 949 1679 978 1707; x_wconf 86' lang='lat'>»</span> <span class='ocrx_word' id='word_1_116' title='bbox 1010 1658 1162 1715; x_wconf 89' lang='lat' dir='ltr'>Bene</span> <span class='ocrx_word' id='word_1_117' title='bbox 1193 1661 1389 1713; x_wconf 88' lang='lat' dir='ltr'>autem</span> <span class='ocrx_word' id='word_1_118' title='bbox 1440 1656 1737 1728; x_wconf 82' lang='lat' dir='ltr'>navigant,</span> <span class='ocrx_word' id='word_1_119' title='bbox 1770 1658 1869 1729; x_wconf 89' lang='lat' dir='ltr'>qui</span> <span class='ocrx_word' id='word_1_120' title='bbox 1901 1658 1958 1712; x_wconf 91' lang='lat' dir='ltr'>in</span> <span class='ocrx_word' id='word_1_121' title='bbox 1993 1675 2094 1713; x_wconf 91' lang='lat' dir='ltr'>na-</span> 
     </span>
    </p>
   </div>
   <div class='ocr_carea' id='block_1_18' title="bbox 448 1746 2094 1817">
    <p class='ocr_par' dir='ltr' id='par_1_18' title="bbox 448 1746 2094 1817">
     <span class='ocr_line' id='line_1_18' title="bbox 448 1746 2094 1817; baseline -0.001 -15"><span class='ocrx_word' id='word_1_122' title='bbox 448 1746 620 1804; x_wconf 82' lang='lat' dir='ltr'>vibus</span> <span class='ocrx_word' id='word_1_123' title='bbox 663 1746 876 1803; x_wconf 85' lang='lat' dir='ltr'>Christi</span> <span class='ocrx_word' id='word_1_124' title='bbox 945 1762 1176 1801; x_wconf 91' lang='lat' dir='ltr'>crucem</span> <span class='ocrx_word' id='word_1_125' title='bbox 1229 1746 1381 1799; x_wconf 89' lang='lat' dir='ltr'>sicut</span> <span class='ocrx_word' id='word_1_126' title='bbox 1445 1746 1710 1800; x_wconf 88' lang='lat' dir='ltr'>arborem</span> <span class='ocrx_word' id='word_1_127' title='bbox 1764 1746 2094 1817; x_wconf 68' lang='lat' dir='ltr'>przeferunt,</span> 
     </span>
    </p>
   </div>
   <div class='ocr_carea' id='block_1_19' title="bbox 2198 591 3856 665">
    <p class='ocr_par' dir='ltr' id='par_1_19' title="bbox 2198 591 3856 665">
     <span class='ocr_line' id='line_1_19' title="bbox 2198 591 3856 665; baseline 0.002 -18"><span class='ocrx_word' id='word_1_128' title='bbox 2198 591 2444 664; x_wconf 84' lang='lat' dir='ltr'>sepultis</span> <span class='ocrx_word' id='word_1_129' title='bbox 2499 609 2824 665; x_wconf 76' lang='lat' dir='ltr'>resurgere,</span> <span class='ocrx_word' id='word_1_130' title='bbox 2894 593 3104 650; x_wconf 84' lang='lat' dir='ltr'>celebri</span> <span class='ocrx_word' id='word_1_131' title='bbox 3165 611 3435 651; x_wconf 85' lang='lat' dir='ltr'>sermone</span> <span class='ocrx_word' id='word_1_132' title='bbox 3492 610 3856 651; x_wconf 87' lang='lat' dir='ltr'>commemo-</span> 
     </span>
    </p>
   </div>
   <div class='ocr_carea' id='block_1_20' title="bbox 2200 686 2353 736">
    <p class='ocr_par' dir='ltr' id='par_1_20' title="bbox 2200 686 2353 736">
     <span class='ocr_line' id='line_1_20' title="bbox 2200 686 2353 736; baseline -0.007 0"><span class='ocrx_word' id='word_1_133' title='bbox 2200 686 2353 736; x_wconf 84' lang='lat' dir='ltr'>rant.</span> 
     </span>
    </p>
   </div>
   <div class='ocr_carea' id='block_1_21' title="bbox 2275 771 3860 842">
    <p class='ocr_par' dir='ltr' id='par_1_21' title="bbox 2275 771 3860 842">
     <span class='ocr_line' id='line_1_21' title="bbox 2275 771 3860 842; baseline 0.003 -18"><span class='ocrx_word' id='word_1_134' title='bbox 2275 773 2358 826; x_wconf 90' lang='grc'>15.</span> <span class='ocrx_word' id='word_1_135' title='bbox 2393 771 2576 842; x_wconf 89' lang='lat' dir='ltr'>(Vers.</span> <span class='ocrx_word' id='word_1_136' title='bbox 2607 772 2688 842; x_wconf 87' lang='lat'>9.)</span> <span class='ocrx_word' id='word_1_137' title='bbox 2721 793 2748 822; x_wconf 78' lang='grc' dir='ltr'>α</span> <span class='ocrx_word' id='word_1_138' title='bbox 2779 771 2945 827; x_wconf 88' lang='lat' dir='ltr'>Sicut</span> <span class='ocrx_word' id='word_1_139' title='bbox 2973 771 3329 841; x_wconf 88' lang='lat' dir='ltr'>audivimus,</span> <span class='ocrx_word' id='word_1_140' title='bbox 3384 773 3466 827; x_wconf 89' lang='lat' dir='ltr'>ita</span> <span class='ocrx_word' id='word_1_141' title='bbox 3507 777 3565 828; x_wconf 86' lang='lat' dir='ltr'>et</span> <span class='ocrx_word' id='word_1_142' title='bbox 3594 771 3860 828; x_wconf 83' lang='lat' dir='ltr'>vidimus</span> 
     </span>
    </p>
   </div>
   <div class='ocr_carea' id='block_1_22' title="bbox 2201 859 3857 928">
    <p class='ocr_par' dir='ltr' id='par_1_22' title="bbox 2201 859 3857 928">
     <span class='ocr_line' id='line_1_22' title="bbox 2201 859 3857 928; baseline 0.002 -15"><span class='ocrx_word' id='word_1_143' title='bbox 2201 859 2259 914; x_wconf 89' lang='lat' dir='ltr'>in</span> <span class='ocrx_word' id='word_1_144' title='bbox 2291 859 2522 915; x_wconf 90' lang='lat' dir='ltr'>civitate</span> <span class='ocrx_word' id='word_1_145' title='bbox 2549 860 2785 915; x_wconf 88' lang='lat' dir='ltr'>Domini</span> <span class='ocrx_word' id='word_1_146' title='bbox 2816 860 3122 928; x_wconf 89' lang='lat' dir='ltr'>virtutum,</span> <span class='ocrx_word' id='word_1_147' title='bbox 3153 860 3214 916; x_wconf 89' lang='lat' dir='ltr'>in</span> <span class='ocrx_word' id='word_1_148' title='bbox 3246 860 3478 917; x_wconf 87' lang='lat' dir='ltr'>civitate</span> <span class='ocrx_word' id='word_1_149' title='bbox 3499 861 3604 917; x_wconf 87' lang='lat' dir='ltr'>Dei</span> <span class='ocrx_word' id='word_1_150' title='bbox 3628 862 3815 918; x_wconf 78' lang='lat' dir='ltr'>nostri</span> <span class='ocrx_word' id='word_1_151' title='bbox 3844 879 3857 927; x_wconf 89' lang='lat'><strong>;</strong></span> 
     </span>
    </p>
   </div>
   <div class='ocr_carea' id='block_1_23' title="bbox 2202 949 3864 1007">
    <p class='ocr_par' dir='ltr' id='par_1_23' title="bbox 2202 949 3864 1007">
     <span class='ocr_line' id='line_1_23' title="bbox 2202 949 3864 1007; baseline 0.001 -3"><span class='ocrx_word' id='word_1_152' title='bbox 2202 949 2355 1004; x_wconf 88' lang='lat' dir='ltr'>Deus</span> <span class='ocrx_word' id='word_1_153' title='bbox 2387 949 2652 1004; x_wconf 85' lang='lat' dir='ltr'>fundavit</span> <span class='ocrx_word' id='word_1_154' title='bbox 2679 965 2809 1004; x_wconf 91' lang='lat' dir='ltr'>eam</span> <span class='ocrx_word' id='word_1_155' title='bbox 2842 949 2902 1005; x_wconf 90' lang='lat' dir='ltr'>in</span> <span class='ocrx_word' id='word_1_156' title='bbox 2933 954 3242 1005; x_wconf 80' lang='lat' dir='ltr'>aeternum.</span> <span class='ocrx_word' id='word_1_157' title='bbox 3269 971 3296 1000; x_wconf 87' lang='lat'>»</span> <span class='ocrx_word' id='word_1_158' title='bbox 3322 950 3682 1007; x_wconf 85' lang='lat' dir='ltr'>Audivimus</span> <span class='ocrx_word' id='word_1_159' title='bbox 3704 955 3864 1005; x_wconf 79' lang='lat' dir='ltr'>extra</span> 
     </span>
    </p>
   </div>
   <div class='ocr_carea' id='block_1_24' title="bbox 2202 1037 3860 1106">
    <p class='ocr_par' dir='ltr' id='par_1_24' title="bbox 2202 1037 3860 1106">
     <span class='ocr_line' id='line_1_24' title="bbox 2202 1037 3860 1106; baseline 0.001 -14"><span class='ocrx_word' id='word_1_160' title='bbox 2202 1037 2514 1105; x_wconf 88' lang='lat' dir='ltr'>civitatem,</span> <span class='ocrx_word' id='word_1_161' title='bbox 2547 1038 2807 1093; x_wconf 89' lang='lat' dir='ltr'>vidimus</span> <span class='ocrx_word' id='word_1_162' title='bbox 2835 1038 2894 1094; x_wconf 90' lang='lat' dir='ltr'>in</span> <span class='ocrx_word' id='word_1_163' title='bbox 2927 1039 3184 1106; x_wconf 88' lang='lat' dir='ltr'>civitate,</span> <span class='ocrx_word' id='word_1_164' title='bbox 3214 1039 3306 1094; x_wconf 90' lang='lat' dir='ltr'>cui</span> <span class='ocrx_word' id='word_1_165' title='bbox 3350 1041 3504 1095; x_wconf 88' lang='lat' dir='ltr'>Deus</span> <span class='ocrx_word' id='word_1_166' title='bbox 3536 1043 3630 1096; x_wconf 86' lang='lat' dir='ltr'>est</span> <span class='ocrx_word' id='word_1_167' title='bbox 3660 1039 3860 1095; x_wconf 82' lang='lat' dir='ltr'>lumen</span> 
     </span>
    </p>
   </div>
   <div class='ocr_carea' id='block_1_25' title="bbox 2203 1126 3858 1199">
    <p class='ocr_par' dir='ltr' id='par_1_25' title="bbox 2203 1126 3858 1199">
     <span class='ocr_line' id='line_1_25' title="bbox 2203 1126 3858 1199; baseline 0.001 -19"><span class='ocrx_word' id='word_1_168' title='bbox 2203 1130 2509 1196; x_wconf 76' lang='lat' dir='ltr'>mternum,</span> <span class='ocrx_word' id='word_1_169' title='bbox 2544 1126 2729 1199; x_wconf 75' lang='lat' dir='ltr'>fulget</span> <span class='ocrx_word' id='word_1_170' title='bbox 2758 1126 2886 1184; x_wconf 91' lang='lat' dir='ltr'>dies</span> <span class='ocrx_word' id='word_1_171' title='bbox 2916 1128 3044 1184; x_wconf 87' lang='lat' dir='ltr'>sine</span> <span class='ocrx_word' id='word_1_172' title='bbox 3075 1127 3197 1184; x_wconf 90' lang='lat' dir='ltr'>sole</span> <span class='ocrx_word' id='word_1_173' title='bbox 3219 1129 3546 1193; x_wconf 89' lang='lat' dir='ltr'>mundano,</span> <span class='ocrx_word' id='word_1_174' title='bbox 3569 1128 3714 1184; x_wconf 84' lang='lat' dir='ltr'>luna</span> <span class='ocrx_word' id='word_1_175' title='bbox 3744 1145 3858 1184; x_wconf 86' lang='lat' dir='ltr'>non</span> 
     </span>
    </p>
   </div>
   <div class='ocr_carea' id='block_1_26' title="bbox 2203 1216 3853 1290">
    <p class='ocr_par' dir='ltr' id='par_1_26' title="bbox 2203 1216 3853 1290">
     <span class='ocr_line' id='line_1_26' title="bbox 2203 1216 3853 1290; baseline 0.002 -21"><span class='ocrx_word' id='word_1_176' title='bbox 2203 1216 2521 1287; x_wconf 74' lang='lat' dir='ltr'>qumritur:</span> <span class='ocrx_word' id='word_1_177' title='bbox 2556 1216 3003 1273; x_wconf 83' lang='lat' dir='ltr'>fundamentum</span> <span class='ocrx_word' id='word_1_178' title='bbox 3036 1217 3166 1288; x_wconf 91' lang='lat' dir='ltr'>ejus</span> <span class='ocrx_word' id='word_1_179' title='bbox 3207 1234 3321 1273; x_wconf 90' lang='lat' dir='ltr'>non</span> <span class='ocrx_word' id='word_1_180' title='bbox 3373 1218 3719 1290; x_wconf 88' lang='lat' dir='ltr'>temporale,</span> <span class='ocrx_word' id='word_1_181' title='bbox 3751 1218 3853 1273; x_wconf 88' lang='lat' dir='ltr'>sed</span> 
     </span>
    </p>
   </div>
   <div class='ocr_carea' id='block_1_27' title="bbox 2207 1308 3774 1372">
    <p class='ocr_par' dir='ltr' id='par_1_27' title="bbox 2207 1308 3774 1372">
     <span class='ocr_line' id='line_1_27' title="bbox 2207 1308 3774 1372; baseline -0.001 -12"><span class='ocrx_word' id='word_1_182' title='bbox 2207 1309 2488 1360; x_wconf 69' lang='lat' dir='ltr'>aeternum</span> <span class='ocrx_word' id='word_1_183' title='bbox 2521 1308 2629 1360; x_wconf 91' lang='lat' dir='ltr'>est.</span> <span class='ocrx_word' id='word_1_184' title='bbox 3771 1369 3774 1372; x_wconf 26' lang='lat'>,</span> 
     </span>
    </p>
   </div>
   <div class='ocr_carea' id='block_1_28' title="bbox 2276 1393 3859 1466">
    <p class='ocr_par' dir='ltr' id='par_1_28' title="bbox 2276 1393 3859 1466">
     <span class='ocr_line' id='line_1_28' title="bbox 2276 1393 3859 1466; baseline 0.001 -18"><span class='ocrx_word' id='word_1_185' title='bbox 2276 1395 2362 1448; x_wconf 72' lang='lat' dir='ltr'>iii.</span> <span class='ocrx_word' id='word_1_186' title='bbox 2398 1393 2580 1462; x_wconf 88' lang='lat' dir='ltr'>(Vers.</span> <span class='ocrx_word' id='word_1_187' title='bbox 2637 1394 2746 1463; x_wconf 90' lang='grc'>10.)</span> <span class='ocrx_word' id='word_1_188' title='bbox 2778 1417 2806 1441; x_wconf 91' lang='grc'><em>‹‹</em></span> <span class='ocrx_word' id='word_1_189' title='bbox 2855 1394 3259 1466; x_wconf 86' lang='lat' dir='ltr'>Suscepimus,</span> <span class='ocrx_word' id='word_1_190' title='bbox 3298 1416 3326 1443; x_wconf 82' lang='lat'><strong>»</strong></span> <span class='ocrx_word' id='word_1_191' title='bbox 3371 1394 3588 1466; x_wconf 82' lang='lat' dir='ltr'>inquit,</span> <span class='ocrx_word' id='word_1_192' title='bbox 3625 1417 3654 1445; x_wconf 77' lang='grc' dir='ltr'>α</span> <span class='ocrx_word' id='word_1_193' title='bbox 3687 1400 3859 1450; x_wconf 71' lang='lat' dir='ltr'>Deus.</span> 
     </span>
    </p>
   </div>
   <div class='ocr_carea' id='block_1_29' title="bbox 2208 1481 3855 1555">
    <p class='ocr_par' dir='ltr' id='par_1_29' title="bbox 2208 1481 3855 1555">
     <span class='ocr_line' id='line_1_29' title="bbox 2208 1481 3855 1555; baseline 0.003 -19"><span class='ocrx_word' id='word_1_194' title='bbox 2208 1481 2669 1537; x_wconf 89' lang='lat' dir='ltr'>miscricordiam</span> <span class='ocrx_word' id='word_1_195' title='bbox 2701 1485 2868 1538; x_wconf 88' lang='lat' dir='ltr'>tuam</span> <span class='ocrx_word' id='word_1_196' title='bbox 2899 1483 2956 1537; x_wconf 90' lang='lat' dir='ltr'>in</span> <span class='ocrx_word' id='word_1_197' title='bbox 3009 1483 3199 1542; x_wconf 81' lang='lat' dir='ltr'>medio</span> <span class='ocrx_word' id='word_1_198' title='bbox 3245 1483 3450 1555; x_wconf 87' lang='lat' dir='ltr'>templi</span> <span class='ocrx_word' id='word_1_199' title='bbox 3481 1483 3589 1538; x_wconf 88' lang='lat' dir='ltr'>tui.</span> <span class='ocrx_word' id='word_1_200' title='bbox 3632 1506 3655 1534; x_wconf 79' lang='grc' dir='ltr'>ι</span> <span class='ocrx_word' id='word_1_201' title='bbox 3692 1484 3754 1540; x_wconf 87' lang='lat' dir='ltr'>Si</span> <span class='ocrx_word' id='word_1_202' title='bbox 3787 1485 3855 1541; x_wconf 78' lang='lat' dir='ltr'>ad</span> 
     </span>
    </p>
   </div>
   <div class='ocr_carea' id='block_1_30' title="bbox 2207 1570 3866 1645">
    <p class='ocr_par' dir='ltr' id='par_1_30' title="bbox 2207 1570 3866 1645">
     <span class='ocr_line' id='line_1_30' title="bbox 2207 1570 3866 1645; baseline 0.002 -19"><span class='ocrx_word' id='word_1_203' title='bbox 2207 1570 2417 1626; x_wconf 88' lang='lat' dir='ltr'>Filium</span> <span class='ocrx_word' id='word_1_204' title='bbox 2451 1570 2552 1626; x_wconf 92' lang='lat' dir='ltr'>Dei</span> <span class='ocrx_word' id='word_1_205' title='bbox 2583 1571 2815 1637; x_wconf 87' lang='lat' dir='ltr'>dicitur,</span> <span class='ocrx_word' id='word_1_206' title='bbox 2849 1571 3152 1643; x_wconf 19' lang='lat' dir='ltr'>templum:</span> <span class='ocrx_word' id='word_1_207' title='bbox 3188 1572 3270 1627; x_wconf 90' lang='lat' dir='ltr'>ita</span> <span class='ocrx_word' id='word_1_208' title='bbox 3318 1571 3734 1645; x_wconf 84' lang='lat' dir='ltr'>intelligimus,</span> <span class='ocrx_word' id='word_1_209' title='bbox 3769 1591 3866 1630; x_wconf 87' lang='lat' dir='ltr'>se-</span> 
     </span>
    </p>
   </div>
   <div class='ocr_carea' id='block_1_31' title="bbox 2207 1661 3866 1732">
    <p class='ocr_par' dir='ltr' id='par_1_31' title="bbox 2207 1661 3866 1732">
     <span class='ocr_line' id='line_1_31' title="bbox 2207 1661 3866 1732; baseline 0.002 -17"><span class='ocrx_word' id='word_1_210' title='bbox 2207 1661 2465 1715; x_wconf 88' lang='lat' dir='ltr'>cundum</span> <span class='ocrx_word' id='word_1_211' title='bbox 2499 1661 2655 1731; x_wconf 89' lang='lat' dir='ltr'>quod</span> <span class='ocrx_word' id='word_1_212' title='bbox 2695 1661 2820 1732; x_wconf 88' lang='lat' dir='ltr'>ipse</span> <span class='ocrx_word' id='word_1_213' title='bbox 2851 1662 2922 1716; x_wconf 91' lang='lat' dir='ltr'>de</span> <span class='ocrx_word' id='word_1_214' title='bbox 2952 1677 3193 1732; x_wconf 89' lang='lat' dir='ltr'>corpore</span> <span class='ocrx_word' id='word_1_215' title='bbox 3223 1677 3332 1716; x_wconf 86' lang='lat' dir='ltr'>suo</span> <span class='ocrx_word' id='word_1_216' title='bbox 3362 1661 3543 1718; x_wconf 75' lang='lat' dir='ltr'>dixit:</span> <span class='ocrx_word' id='word_1_217' title='bbox 3574 1683 3604 1711; x_wconf 76' lang='grc' dir='ltr'>ι(</span> <span class='ocrx_word' id='word_1_218' title='bbox 3637 1661 3866 1719; x_wconf 77' lang='lat' dir='ltr'>Solvite</span> 
     </span>
    </p>
   </div>
   <div class='ocr_carea' id='block_1_32' title="bbox 2206 1748 3862 1821">
    <p class='ocr_par' dir='ltr' id='par_1_32' title="bbox 2206 1748 3862 1821">
     <span class='ocr_line' id='line_1_32' title="bbox 2206 1748 3862 1821; baseline 0.002 -18"><span class='ocrx_word' id='word_1_219' title='bbox 2206 1748 2493 1821; x_wconf 75' lang='lat' dir='ltr'>templum</span> <span class='ocrx_word' id='word_1_220' title='bbox 2527 1748 2659 1816; x_wconf 92' lang='lat' dir='ltr'>hoc,</span> <span class='ocrx_word' id='word_1_221' title='bbox 2691 1754 2749 1804; x_wconf 89' lang='lat' dir='ltr'>et</span> <span class='ocrx_word' id='word_1_222' title='bbox 2779 1750 2838 1804; x_wconf 91' lang='lat' dir='ltr'>in</span> <span class='ocrx_word' id='word_1_223' title='bbox 2873 1749 3067 1806; x_wconf 88' lang='lat' dir='ltr'>triduo</span> <span class='ocrx_word' id='word_1_224' title='bbox 3107 1750 3462 1807; x_wconf 83' lang='lat' dir='ltr'>resuscitabo</span> <span class='ocrx_word' id='word_1_225' title='bbox 3489 1749 3631 1805; x_wconf 88' lang='lat' dir='ltr'>illud</span> <span class='ocrx_word' id='word_1_226' title='bbox 3665 1753 3862 1821; x_wconf 66' lang='lat' dir='ltr'>(form.</span> 
     </span>
    </p>
   </div>
   <div class='ocr_carea' id='block_1_33' title="bbox 451 1834 3866 1937">
    <p class='ocr_par' dir='ltr' id='par_1_33' title="bbox 451 1834 3866 1937">
     <span class='ocr_line' id='line_1_33' title="bbox 451 1834 3866 1937; baseline 0.001 -47"><span class='ocrx_word' id='word_1_227' title='bbox 451 1839 626 1906; x_wconf 85' lang='lat' dir='ltr'>atque</span> <span class='ocrx_word' id='word_1_228' title='bbox 655 1835 791 1890; x_wconf 89' lang='lat' dir='ltr'>inde</span> <span class='ocrx_word' id='word_1_229' title='bbox 820 1835 1123 1906; x_wconf 82' lang='lat' dir='ltr'>explorant</span> <span class='ocrx_word' id='word_1_230' title='bbox 1152 1834 1335 1888; x_wconf 87' lang='lat' dir='ltr'>ﬂabra</span> <span class='ocrx_word' id='word_1_231' title='bbox 1374 1839 1678 1889; x_wconf 87' lang='lat' dir='ltr'>ventorum</span> <span class='ocrx_word' id='word_1_232' title='bbox 1706 1853 1718 1903; x_wconf 89' lang='lat'><strong>;</strong></span> <span class='ocrx_word' id='word_1_233' title='bbox 1762 1839 1827 1889; x_wconf 92' lang='lat' dir='ltr'>ut</span> <span class='ocrx_word' id='word_1_234' title='bbox 1857 1851 2099 1906; x_wconf 88' lang='lat' dir='ltr'>corpora</span> <span class='ocrx_word' id='word_1_235' title='bbox 2127 1873 2174 1937; x_wconf 77' lang='grc' dir='ltr'><strong>Β</strong></span> <span class='ocrx_word' id='word_1_236' title='bbox 2209 1855 2269 1903; x_wconf 77' lang='grc' dir='ltr'>ιι,</span> <span class='ocrx_word' id='word_1_237' title='bbox 2307 1839 2418 1909; x_wconf 78' lang='grc'>19).</span> <span class='ocrx_word' id='word_1_238' title='bbox 2457 1860 2484 1887; x_wconf 91' lang='grc'><strong>››</strong></span> <span class='ocrx_word' id='word_1_239' title='bbox 2517 1841 2662 1892; x_wconf 86' lang='lat' dir='ltr'>Vere</span> <span class='ocrx_word' id='word_1_240' title='bbox 2692 1837 2976 1909; x_wconf 85' lang='lat' dir='ltr'>templum</span> <span class='ocrx_word' id='word_1_241' title='bbox 3023 1840 3122 1892; x_wconf 82' lang='lat' dir='ltr'>Dei</span> <span class='ocrx_word' id='word_1_242' title='bbox 3174 1854 3388 1910; x_wconf 90' lang='lat' dir='ltr'>corpus</span> <span class='ocrx_word' id='word_1_243' title='bbox 3417 1843 3502 1893; x_wconf 79' lang='lat' dir='ltr'>est;</span> <span class='ocrx_word' id='word_1_244' title='bbox 3523 1839 3765 1905; x_wconf 79' lang='lat' dir='ltr'>Christi,</span> <span class='ocrx_word' id='word_1_245' title='bbox 3796 1839 3866 1894; x_wconf 87' lang='lat' dir='ltr'>in</span> 
     </span>
    </p>
   </div>
   <div class='ocr_carea' id='block_1_34' title="bbox 453 1921 2097 1997">
    <p class='ocr_par' dir='ltr' id='par_1_34' title="bbox 453 1921 2097 1997">
     <span class='ocr_line' id='line_1_34' title="bbox 453 1921 2097 1997; baseline -0.002 -14"><span class='ocrx_word' id='word_1_246' title='bbox 453 1942 560 1983; x_wconf 81' lang='lat' dir='ltr'>sua</span> <span class='ocrx_word' id='word_1_247' title='bbox 588 1924 848 1997; x_wconf 86' lang='lat' dir='ltr'>dirigant</span> <span class='ocrx_word' id='word_1_248' title='bbox 890 1925 960 1979; x_wconf 87' lang='lat' dir='ltr'>ad</span> <span class='ocrx_word' id='word_1_249' title='bbox 1012 1923 1197 1980; x_wconf 90' lang='lat' dir='ltr'>sancti</span> <span class='ocrx_word' id='word_1_250' title='bbox 1248 1921 1501 1994; x_wconf 86' lang='lat' dir='ltr'>Spiritus</span> <span class='ocrx_word' id='word_1_251' title='bbox 1531 1924 1807 1995; x_wconf 88' lang='lat' dir='ltr'>gratiam,</span> <span class='ocrx_word' id='word_1_252' title='bbox 1848 1924 1908 1980; x_wconf 90' lang='lat' dir='ltr'>in</span> <span class='ocrx_word' id='word_1_253' title='bbox 1941 1924 2097 1995; x_wconf 85' lang='lat' dir='ltr'>ligno</span> 
     </span>
    </p>
   </div>
   <div class='ocr_carea' id='block_1_35' title="bbox 451 2011 2099 2084">
    <p class='ocr_par' dir='ltr' id='par_1_35' title="bbox 451 2011 2099 2084">
     <span class='ocr_line' id='line_1_35' title="bbox 451 2011 2099 2084; baseline -0.002 -12"><span class='ocrx_word' id='word_1_254' title='bbox 451 2012 687 2072; x_wconf 83' lang='lat' dir='ltr'>Domini</span> <span class='ocrx_word' id='word_1_255' title='bbox 713 2012 824 2068; x_wconf 88' lang='lat' dir='ltr'>tuti</span> <span class='ocrx_word' id='word_1_256' title='bbox 867 2017 1043 2084; x_wconf 89' lang='lat' dir='ltr'>atque</span> <span class='ocrx_word' id='word_1_257' title='bbox 1096 2011 1328 2068; x_wconf 90' lang='lat' dir='ltr'>securi:</span> <span class='ocrx_word' id='word_1_258' title='bbox 1381 2029 1487 2068; x_wconf 89' lang='lat' dir='ltr'>nec</span> <span class='ocrx_word' id='word_1_259' title='bbox 1534 2013 1882 2084; x_wconf 90' lang='lat' dir='ltr'>permittunt</span> <span class='ocrx_word' id='word_1_260' title='bbox 1925 2030 2099 2070; x_wconf 90' lang='lat' dir='ltr'>naves</span> 
     </span>
    </p>
   </div>
   <div class='ocr_carea' id='block_1_36' title="bbox 453 2101 2096 2175">
    <p class='ocr_par' dir='ltr' id='par_1_36' title="bbox 453 2101 2096 2175">
     <span class='ocr_line' id='line_1_36' title="bbox 453 2101 2096 2175; baseline -0.002 -15"><span class='ocrx_word' id='word_1_261' title='bbox 453 2120 592 2161; x_wconf 83' lang='lat' dir='ltr'>suas</span> <span class='ocrx_word' id='word_1_262' title='bbox 622 2117 769 2174; x_wconf 84' lang='lat' dir='ltr'>vago</span> <span class='ocrx_word' id='word_1_263' title='bbox 795 2101 977 2159; x_wconf 82' lang='lat' dir='ltr'>fluctu</span> <span class='ocrx_word' id='word_1_264' title='bbox 1007 2117 1202 2161; x_wconf 88' lang='lat' dir='ltr'>errare</span> <span class='ocrx_word' id='word_1_265' title='bbox 1233 2119 1338 2174; x_wconf 90' lang='lat' dir='ltr'>per</span> <span class='ocrx_word' id='word_1_266' title='bbox 1386 2102 1593 2169; x_wconf 89' lang='lat' dir='ltr'>maria,</span> <span class='ocrx_word' id='word_1_267' title='bbox 1628 2103 1727 2158; x_wconf 87' lang='lat' dir='ltr'>sed</span> <span class='ocrx_word' id='word_1_268' title='bbox 1761 2103 1832 2158; x_wconf 90' lang='lat' dir='ltr'>ad</span> <span class='ocrx_word' id='word_1_269' title='bbox 1866 2107 2096 2175; x_wconf 88' lang='lat' dir='ltr'>portum</span> 
     </span>
    </p>
   </div>
   <div class='ocr_carea' id='block_1_37' title="bbox 454 2191 2097 2263">
    <p class='ocr_par' dir='ltr' id='par_1_37' title="bbox 454 2191 2097 2263">
     <span class='ocr_line' id='line_1_37' title="bbox 454 2191 2097 2263; baseline -0.002 -13"><span class='ocrx_word' id='word_1_270' title='bbox 454 2191 683 2259; x_wconf 76' lang='lat' dir='ltr'>salutis,</span> <span class='ocrx_word' id='word_1_271' title='bbox 715 2195 775 2248; x_wconf 91' lang='lat' dir='ltr'>et</span> <span class='ocrx_word' id='word_1_272' title='bbox 804 2191 874 2247; x_wconf 88' lang='lat' dir='ltr'>ad</span> <span class='ocrx_word' id='word_1_273' title='bbox 909 2192 1474 2247; x_wconf 88' lang='lat' dir='ltr'>consummationem</span> <span class='ocrx_word' id='word_1_274' title='bbox 1522 2192 1721 2263; x_wconf 73' lang='lat' dir='ltr'>gratia:</span> <span class='ocrx_word' id='word_1_275' title='bbox 1770 2208 1978 2247; x_wconf 86' lang='lat' dir='ltr'>cursus</span> <span class='ocrx_word' id='word_1_276' title='bbox 2008 2192 2097 2247; x_wconf 90' lang='lat' dir='ltr'>sui</span> 
     </span>
    </p>
   </div>
   <div class='ocr_carea' id='block_1_38' title="bbox 454 2279 2100 2352">
    <p class='ocr_par' dir='ltr' id='par_1_38' title="bbox 454 2279 2100 2352">
     <span class='ocr_line' id='line_1_38' title="bbox 454 2279 2100 2352; baseline -0.001 -14"><span class='ocrx_word' id='word_1_277' title='bbox 454 2279 775 2339; x_wconf 81' lang='lat' dir='ltr'>directione</span> <span class='ocrx_word' id='word_1_278' title='bbox 813 2280 1210 2348; x_wconf 86' lang='lat' dir='ltr'>contendunt;</span> <span class='ocrx_word' id='word_1_279' title='bbox 1271 2285 1338 2335; x_wconf 90' lang='lat' dir='ltr'>ut</span> <span class='ocrx_word' id='word_1_280' title='bbox 1392 2281 1510 2334; x_wconf 87' lang='lat' dir='ltr'>fida</span> <span class='ocrx_word' id='word_1_281' title='bbox 1568 2280 1819 2336; x_wconf 89' lang='lat' dir='ltr'>statione</span> <span class='ocrx_word' id='word_1_282' title='bbox 1876 2281 2100 2352; x_wconf 88' lang='lat' dir='ltr'>polian-</span> 
     </span>
    </p>
   </div>
   <div class='ocr_carea' id='block_1_39' title="bbox 454 2368 2100 2443">
    <p class='ocr_par' dir='ltr' id='par_1_39' title="bbox 454 2368 2100 2443">
     <span class='ocr_line' id='line_1_39' title="bbox 454 2368 2100 2443; baseline -0.002 -15"><span class='ocrx_word' id='word_1_283' title='bbox 454 2373 570 2443; x_wconf 74' lang='lat' dir='ltr'>tur,</span> <span class='ocrx_word' id='word_1_284' title='bbox 604 2387 720 2440; x_wconf 90' lang='lat' dir='ltr'>quo</span> <span class='ocrx_word' id='word_1_285' title='bbox 751 2368 1052 2424; x_wconf 57' lang='lat' dir='ltr'>dissolutis</span> <span class='ocrx_word' id='word_1_286' title='bbox 1099 2385 1307 2424; x_wconf 89' lang='lat' dir='ltr'>cursus</span> <span class='ocrx_word' id='word_1_287' title='bbox 1358 2385 1496 2424; x_wconf 92' lang='lat' dir='ltr'>suos</span> <span class='ocrx_word' id='word_1_288' title='bbox 1548 2370 1779 2440; x_wconf 86' lang='lat' dir='ltr'>possint</span> <span class='ocrx_word' id='word_1_289' title='bbox 1811 2370 1869 2424; x_wconf 90' lang='lat' dir='ltr'>in</span> <span class='ocrx_word' id='word_1_290' title='bbox 1905 2386 2100 2425; x_wconf 89' lang='lat' dir='ltr'>resur-</span> 
     </span>
    </p>
   </div>
   <div class='ocr_carea' id='block_1_40' title="bbox 457 2457 2100 2530">
    <p class='ocr_par' dir='ltr' id='par_1_40' title="bbox 457 2457 2100 2530">
     <span class='ocr_line' id='line_1_40' title="bbox 457 2457 2100 2530; baseline -0.001 -14"><span class='ocrx_word' id='word_1_291' title='bbox 457 2458 712 2516; x_wconf 83' lang='lat' dir='ltr'>rectione</span> <span class='ocrx_word' id='word_1_292' title='bbox 767 2473 1054 2530; x_wconf 86' lang='lat' dir='ltr'>reparare,</span> <span class='ocrx_word' id='word_1_293' title='bbox 1116 2457 1216 2512; x_wconf 89' lang='lat' dir='ltr'>ubi</span> <span class='ocrx_word' id='word_1_294' title='bbox 1290 2457 1661 2530; x_wconf 86' lang='lat' dir='ltr'>naufragium</span> <span class='ocrx_word' id='word_1_295' title='bbox 1722 2458 1928 2514; x_wconf 87' lang='lat' dir='ltr'>timere</span> <span class='ocrx_word' id='word_1_296' title='bbox 1985 2476 2100 2514; x_wconf 89' lang='lat' dir='ltr'>non</span> 
     </span>
    </p>
   </div>
   <div class='ocr_carea' id='block_1_41' title="bbox 458 2547 707 2621">
    <p class='ocr_par' dir='ltr' id='par_1_41' title="bbox 458 2547 707 2621">
     <span class='ocr_line' id='line_1_41' title="bbox 458 2547 707 2621; baseline -0.008 -18"><span class='ocrx_word' id='word_1_297' title='bbox 458 2547 707 2621; x_wconf 80' lang='lat' dir='ltr'>possint.</span> 
     </span>
    </p>
   </div>
   <div class='ocr_carea' id='block_1_42' title="bbox 532 2634 2102 2710">
    <p class='ocr_par' dir='ltr' id='par_1_42' title="bbox 532 2634 2102 2710">
     <span class='ocr_line' id='line_1_42' title="bbox 532 2634 2102 2710; baseline 0.001 -20"><span class='ocrx_word' id='word_1_298' title='bbox 532 2636 618 2692; x_wconf 67' lang='lat' dir='ltr'>ﬂ.</span> <span class='ocrx_word' id='word_1_299' title='bbox 667 2636 738 2693; x_wconf 85' lang='lat' dir='ltr'>Et</span> <span class='ocrx_word' id='word_1_300' title='bbox 782 2652 890 2691; x_wconf 90' lang='lat' dir='ltr'>nos</span> <span class='ocrx_word' id='word_1_301' title='bbox 931 2634 1112 2707; x_wconf 85' lang='lat' dir='ltr'>igitur</span> <span class='ocrx_word' id='word_1_302' title='bbox 1153 2635 1713 2708; x_wconf 90' lang='lat' dir='ltr'>circumspectemus</span> <span class='ocrx_word' id='word_1_303' title='bbox 1774 2636 1925 2692; x_wconf 90' lang='lat' dir='ltr'>hanc</span> <span class='ocrx_word' id='word_1_304' title='bbox 1969 2653 2102 2710; x_wconf 86' lang='lat' dir='ltr'>gra-</span> 
     </span>
    </p>
   </div>
   <div class='ocr_carea' id='block_1_43' title="bbox 456 2715 2098 2798">
    <p class='ocr_par' dir='ltr' id='par_1_43' title="bbox 456 2715 2098 2798">
     <span class='ocr_line' id='line_1_43' title="bbox 456 2715 2098 2798; baseline 0 -15"><span class='ocrx_word' id='word_1_305' title='bbox 456 2725 624 2792; x_wconf 84' lang='lat' dir='ltr'>tiam,</span> <span class='ocrx_word' id='word_1_306' title='bbox 655 2723 1050 2798; x_wconf 87' lang='lat' dir='ltr'>speculatores</span> <span class='ocrx_word' id='word_1_307' title='bbox 1089 2715 1220 2796; x_wconf 87' lang='lat' dir='ltr'>ejus</span> <span class='ocrx_word' id='word_1_308' title='bbox 1269 2725 1479 2793; x_wconf 87' lang='lat' dir='ltr'>simus,</span> <span class='ocrx_word' id='word_1_309' title='bbox 1531 2725 1901 2798; x_wconf 86' lang='lat' dir='ltr'>exploremus</span> <span class='ocrx_word' id='word_1_310' title='bbox 1931 2743 2098 2793; x_wconf 88' lang='lat' dir='ltr'>eam;</span> 
     </span>
    </p>
   </div>
   <div class='ocr_carea' id='block_1_44' title="bbox 457 2814 2101 2887">
    <p class='ocr_par' dir='ltr' id='par_1_44' title="bbox 457 2814 2101 2887">
     <span class='ocr_line' id='line_1_44' title="bbox 457 2814 2101 2887; baseline -0.001 -15"><span class='ocrx_word' id='word_1_311' title='bbox 457 2819 526 2872; x_wconf 88' lang='lat' dir='ltr'>ut</span> <span class='ocrx_word' id='word_1_312' title='bbox 552 2815 698 2871; x_wconf 72' lang='lat' dir='ltr'>ﬁant</span> <span class='ocrx_word' id='word_1_313' title='bbox 725 2831 970 2887; x_wconf 86' lang='lat' dir='ltr'>corpora</span> <span class='ocrx_word' id='word_1_314' title='bbox 1006 2818 1211 2870; x_wconf 86' lang='lat' dir='ltr'>nostra</span> <span class='ocrx_word' id='word_1_315' title='bbox 1254 2830 1430 2870; x_wconf 89' lang='lat' dir='ltr'>naves</span> <span class='ocrx_word' id='word_1_316' title='bbox 1461 2814 1717 2872; x_wconf 87' lang='lat' dir='ltr'>Tharsis.</span> <span class='ocrx_word' id='word_1_317' title='bbox 1751 2817 1915 2871; x_wconf 90' lang='lat' dir='ltr'>Tunc</span> <span class='ocrx_word' id='word_1_318' title='bbox 1944 2817 2101 2871; x_wconf 90' lang='lat' dir='ltr'>enim</span> 
     </span>
    </p>
   </div>
   <div class='ocr_carea' id='block_1_45' title="bbox 458 2902 2102 2976">
    <p class='ocr_par' dir='ltr' id='par_1_45' title="bbox 458 2902 2102 2976">
     <span class='ocr_line' id='line_1_45' title="bbox 458 2902 2102 2976; baseline -0.001 -15"><span class='ocrx_word' id='word_1_319' title='bbox 458 2920 592 2961; x_wconf 80' lang='lat' dir='ltr'>caro</span> <span class='ocrx_word' id='word_1_320' title='bbox 623 2903 696 2960; x_wconf 83' lang='lat' dir='ltr'>ad</span> <span class='ocrx_word' id='word_1_321' title='bbox 736 2902 1074 2958; x_wconf 82' lang='lat' dir='ltr'>servitutem</span> <span class='ocrx_word' id='word_1_322' title='bbox 1104 2903 1410 2976; x_wconf 86' lang='lat' dir='ltr'>redigitur,</span> <span class='ocrx_word' id='word_1_323' title='bbox 1445 2920 1578 2958; x_wconf 91' lang='lat' dir='ltr'>cum</span> <span class='ocrx_word' id='word_1_324' title='bbox 1610 2904 1680 2958; x_wconf 90' lang='lat' dir='ltr'>ad</span> <span class='ocrx_word' id='word_1_325' title='bbox 1713 2903 1812 2960; x_wconf 89' lang='lat' dir='ltr'>Dei</span> <span class='ocrx_word' id='word_1_326' title='bbox 1843 2905 2102 2960; x_wconf 90' lang='lat' dir='ltr'>intendi-</span> 
     </span>
    </p>
   </div>
   <div class='ocr_carea' id='block_1_46' title="bbox 459 2992 2100 3066">
    <p class='ocr_par' dir='ltr' id='par_1_46' title="bbox 459 2992 2100 3066">
     <span class='ocr_line' id='line_1_46' title="bbox 459 2992 2100 3066; baseline -0.001 -16"><span class='ocrx_word' id='word_1_327' title='bbox 459 3009 596 3050; x_wconf 76' lang='lat' dir='ltr'>mus</span> <span class='ocrx_word' id='word_1_328' title='bbox 623 2992 870 3066; x_wconf 81' lang='lat' dir='ltr'>gratiam</span> <span class='ocrx_word' id='word_1_329' title='bbox 897 3011 909 3061; x_wconf 92' lang='lat'><strong>;</strong></span> <span class='ocrx_word' id='word_1_330' title='bbox 945 2996 1010 3048; x_wconf 91' lang='lat' dir='ltr'>ut</span> <span class='ocrx_word' id='word_1_331' title='bbox 1040 2993 1097 3048; x_wconf 89' lang='lat' dir='ltr'>id</span> <span class='ocrx_word' id='word_1_332' title='bbox 1129 2994 1284 3064; x_wconf 92' lang='lat' dir='ltr'>quod</span> <span class='ocrx_word' id='word_1_333' title='bbox 1319 3009 1587 3048; x_wconf 91' lang='lat' dir='ltr'>amarum</span> <span class='ocrx_word' id='word_1_334' title='bbox 1621 2993 1691 3048; x_wconf 86' lang='lat' dir='ltr'>ad</span> <span class='ocrx_word' id='word_1_335' title='bbox 1739 2997 1974 3064; x_wconf 89' lang='lat' dir='ltr'>tempus</span> <span class='ocrx_word' id='word_1_336' title='bbox 2003 2995 2100 3063; x_wconf 91' lang='lat' dir='ltr'>sit,</span> 
     </span>
    </p>
   </div>
   <div class='ocr_carea' id='block_1_47' title="bbox 459 3081 2101 3153">
    <p class='ocr_par' dir='ltr' id='par_1_47' title="bbox 459 3081 2101 3153">
     <span class='ocr_line' id='line_1_47' title="bbox 459 3081 2101 3153; baseline -0.001 -13"><span class='ocrx_word' id='word_1_337' title='bbox 459 3081 614 3140; x_wconf 84' lang='lat' dir='ltr'>sicut</span> <span class='ocrx_word' id='word_1_338' title='bbox 641 3084 732 3141; x_wconf 84' lang='lat' dir='ltr'>est</span> <span class='ocrx_word' id='word_1_339' title='bbox 750 3082 1069 3153; x_wconf 85' lang='lat' dir='ltr'>jejunium,</span> <span class='ocrx_word' id='word_1_340' title='bbox 1102 3098 1214 3138; x_wconf 90' lang='lat' dir='ltr'>non</span> <span class='ocrx_word' id='word_1_341' title='bbox 1249 3082 1402 3153; x_wconf 90' lang='lat' dir='ltr'>quod</span> <span class='ocrx_word' id='word_1_342' title='bbox 1433 3081 1600 3138; x_wconf 91' lang='lat' dir='ltr'>dulce</span> <span class='ocrx_word' id='word_1_343' title='bbox 1625 3085 1683 3138; x_wconf 91' lang='lat' dir='ltr'>et</span> <span class='ocrx_word' id='word_1_344' title='bbox 1708 3081 2101 3139; x_wconf 90' lang='lat' dir='ltr'>voluntarium</span> 
     </span>
    </p>
   </div>
   <div class='ocr_carea' id='block_1_48' title="bbox 458 3171 2101 3245">
    <p class='ocr_par' dir='ltr' id='par_1_48' title="bbox 458 3171 2101 3245">
     <span class='ocr_line' id='line_1_48' title="bbox 458 3171 2101 3245; baseline -0.001 -16"><span class='ocrx_word' id='word_1_345' title='bbox 458 3188 797 3244; x_wconf 85' lang='lat' dir='ltr'>equamur.</span> <span class='ocrx_word' id='word_1_346' title='bbox 831 3171 1074 3228; x_wconf 89' lang='lat' dir='ltr'>Tharsis</span> <span class='ocrx_word' id='word_1_347' title='bbox 1103 3188 1239 3245; x_wconf 89' lang='lat' dir='ltr'>ergo</span> <span class='ocrx_word' id='word_1_348' title='bbox 1269 3176 1357 3228; x_wconf 90' lang='lat' dir='ltr'>cst</span> <span class='ocrx_word' id='word_1_349' title='bbox 1396 3171 1848 3243; x_wconf 89' lang='lat' dir='ltr'>speeulatorium</span> <span class='ocrx_word' id='word_1_350' title='bbox 1881 3173 2101 3244; x_wconf 66' lang='lat' dir='ltr'>gratiae,</span> 
     </span>
    </p>
   </div>
   <div class='ocr_carea' id='block_1_49' title="bbox 462 3244 2180 3335">
    <p class='ocr_par' dir='ltr' id='par_1_49' title="bbox 462 3244 2180 3335">
     <span class='ocr_line' id='line_1_49' title="bbox 462 3244 2180 3335; baseline -0.004 -17"><span class='ocrx_word' id='word_1_351' title='bbox 462 3259 850 3335; x_wconf 76' lang='lat' dir='ltr'>intelligibilis</span> <span class='ocrx_word' id='word_1_352' title='bbox 880 3260 1103 3328; x_wconf 88' lang='lat' dir='ltr'>civitas,</span> <span class='ocrx_word' id='word_1_353' title='bbox 1138 3265 1203 3315; x_wconf 92' lang='lat' dir='ltr'>ut</span> <span class='ocrx_word' id='word_1_354' title='bbox 1225 3261 1359 3316; x_wconf 88' lang='lat' dir='ltr'>Sion</span> <span class='ocrx_word' id='word_1_355' title='bbox 1385 3262 1670 3331; x_wconf 90' lang='lat' dir='ltr'>superior.</span> <span class='ocrx_word' id='word_1_356' title='bbox 1694 3261 1774 3315; x_wconf 91' lang='lat' dir='ltr'>Ad</span> <span class='ocrx_word' id='word_1_357' title='bbox 1800 3278 1929 3316; x_wconf 89' lang='lat' dir='ltr'>eam</span> <span class='ocrx_word' id='word_1_358' title='bbox 1952 3262 2105 3316; x_wconf 86' lang='lat' dir='ltr'>festi-</span> <span class='ocrx_word' id='word_1_359' title='bbox 2137 3244 2180 3311; x_wconf 88' lang='lat' dir='ltr'>C</span> 
     </span>
    </p>
   </div>
   <div class='ocr_carea' id='block_1_50' title="bbox 461 3348 2108 3420">
    <p class='ocr_par' dir='ltr' id='par_1_50' title="bbox 461 3348 2108 3420">
     <span class='ocr_line' id='line_1_50' title="bbox 461 3348 2108 3420; baseline -0.001 -13"><span class='ocrx_word' id='word_1_360' title='bbox 461 3351 642 3408; x_wconf 80' lang='lat' dir='ltr'>nabat</span> <span class='ocrx_word' id='word_1_361' title='bbox 669 3351 871 3406; x_wconf 77' lang='lat' dir='ltr'>Jonas.</span> <span class='ocrx_word' id='word_1_362' title='bbox 917 3349 998 3404; x_wconf 89' lang='lat' dir='ltr'>De</span> <span class='ocrx_word' id='word_1_363' title='bbox 1044 3365 1111 3404; x_wconf 89' lang='lat' dir='ltr'>ea</span> <span class='ocrx_word' id='word_1_364' title='bbox 1141 3348 1286 3403; x_wconf 84' lang='lat' dir='ltr'>dixit</span> <span class='ocrx_word' id='word_1_365' title='bbox 1328 3348 1651 3419; x_wconf 86' lang='lat' dir='ltr'>Scriptura,</span> <span class='ocrx_word' id='word_1_366' title='bbox 1686 3348 1823 3420; x_wconf 88' lang='lat' dir='ltr'>quia</span> <span class='ocrx_word' id='word_1_367' title='bbox 1852 3349 2108 3406; x_wconf 90' lang='lat' dir='ltr'>sociatus</span> 
     </span>
    </p>
   </div>
   <div class='ocr_carea' id='block_1_51' title="bbox 464 3437 2106 3510">
    <p class='ocr_par' dir='ltr' id='par_1_51' title="bbox 464 3437 2106 3510">
     <span class='ocr_line' id='line_1_51' title="bbox 464 3437 2106 3510; baseline -0.002 -13"><span class='ocrx_word' id='word_1_368' title='bbox 464 3443 554 3498; x_wconf 86' lang='lat' dir='ltr'>est</span> <span class='ocrx_word' id='word_1_369' title='bbox 579 3438 867 3510; x_wconf 83' lang='lat' dir='ltr'>Josaphat</span> <span class='ocrx_word' id='word_1_370' title='bbox 892 3437 1042 3492; x_wconf 73' lang='grc' dir='ltr'>ΟΖίὶϊέ</span> <span class='ocrx_word' id='word_1_371' title='bbox 1089 3437 1212 3508; x_wconf 88' lang='lat' dir='ltr'>regi</span> <span class='ocrx_word' id='word_1_372' title='bbox 1242 3438 1338 3506; x_wconf 85' lang='lat'>(7),</span> <span class='ocrx_word' id='word_1_373' title='bbox 1373 3441 1430 3491; x_wconf 86' lang='lat' dir='ltr'>et</span> <span class='ocrx_word' id='word_1_374' title='bbox 1477 3437 1561 3492; x_wconf 91' lang='lat' dir='ltr'>sic</span> <span class='ocrx_word' id='word_1_375' title='bbox 1613 3437 1832 3509; x_wconf 91' lang='lat' dir='ltr'>placuit</span> <span class='ocrx_word' id='word_1_376' title='bbox 1863 3443 1928 3493; x_wconf 87' lang='lat' dir='ltr'>ut</span> <span class='ocrx_word' id='word_1_377' title='bbox 1957 3439 2106 3495; x_wconf 83' lang='lat' dir='ltr'>face-</span> 
     </span>
    </p>
   </div>
   <div class='ocr_carea' id='block_1_52' title="bbox 463 3524 2108 3600">
    <p class='ocr_par' dir='ltr' id='par_1_52' title="bbox 463 3524 2108 3600">
     <span class='ocr_line' id='line_1_52' title="bbox 463 3524 2108 3600; baseline -0.001 -16"><span class='ocrx_word' id='word_1_378' title='bbox 463 3530 616 3596; x_wconf 63' lang='lat' dir='ltr'>mnt,</span> <span class='ocrx_word' id='word_1_379' title='bbox 648 3530 706 3582; x_wconf 92' lang='lat' dir='ltr'>et</span> <span class='ocrx_word' id='word_1_380' title='bbox 731 3525 884 3582; x_wconf 88' lang='lat' dir='ltr'>irent</span> <span class='ocrx_word' id='word_1_381' title='bbox 911 3525 981 3580; x_wconf 85' lang='lat' dir='ltr'>ad</span> <span class='ocrx_word' id='word_1_382' title='bbox 1023 3541 1158 3581; x_wconf 89' lang='lat' dir='ltr'>eum</span> <span class='ocrx_word' id='word_1_383' title='bbox 1209 3541 1383 3581; x_wconf 85' lang='lat' dir='ltr'>naves</span> <span class='ocrx_word' id='word_1_384' title='bbox 1431 3524 1488 3582; x_wconf 91' lang='lat' dir='ltr'>in</span> <span class='ocrx_word' id='word_1_385' title='bbox 1533 3525 1793 3583; x_wconf 90' lang='lat' dir='ltr'>Tharsis.</span> <span class='ocrx_word' id='word_1_386' title='bbox 1827 3528 1937 3583; x_wconf 89' lang='lat' dir='ltr'>Sed</span> <span class='ocrx_word' id='word_1_387' title='bbox 1970 3529 2108 3600; x_wconf 91' lang='lat' dir='ltr'>quia</span> 
     </span>
    </p>
   </div>
   <div class='ocr_carea' id='block_1_53' title="bbox 459 3613 2104 3689">
    <p class='ocr_par' dir='ltr' id='par_1_53' title="bbox 459 3613 2104 3689">
     <span class='ocr_line' id='line_1_53' title="bbox 459 3613 2104 3689; baseline 0.001 -17"><span class='ocrx_word' id='word_1_388' title='bbox 459 3615 645 3688; x_wconf 86' lang='lat' dir='ltr'>impio</span> <span class='ocrx_word' id='word_1_389' title='bbox 675 3631 740 3672; x_wconf 85' lang='lat' dir='ltr'>se</span> <span class='ocrx_word' id='word_1_390' title='bbox 767 3615 1089 3685; x_wconf 85' lang='lat' dir='ltr'>conjunxit,</span> <span class='ocrx_word' id='word_1_391' title='bbox 1121 3613 1252 3670; x_wconf 92' lang='lat' dir='ltr'>ideo</span> <span class='ocrx_word' id='word_1_392' title='bbox 1301 3615 1520 3671; x_wconf 90' lang='lat' dir='ltr'>missus</span> <span class='ocrx_word' id='word_1_393' title='bbox 1573 3620 1662 3671; x_wconf 91' lang='lat' dir='ltr'>est</span> <span class='ocrx_word' id='word_1_394' title='bbox 1701 3617 1772 3671; x_wconf 88' lang='lat' dir='ltr'>ad</span> <span class='ocrx_word' id='word_1_395' title='bbox 1805 3633 1939 3672; x_wconf 91' lang='lat' dir='ltr'>eum</span> <span class='ocrx_word' id='word_1_396' title='bbox 1974 3634 2104 3689; x_wconf 90' lang='lat' dir='ltr'>pro-</span> 
     </span>
    </p>
   </div>
   <div class='ocr_carea' id='block_1_54' title="bbox 459 3702 2103 3779">
    <p class='ocr_par' dir='ltr' id='par_1_54' title="bbox 459 3702 2103 3779">
     <span class='ocr_line' id='line_1_54' title="bbox 459 3702 2103 3779; baseline 0.001 -19"><span class='ocrx_word' id='word_1_397' title='bbox 459 3703 653 3778; x_wconf 75' lang='lat' dir='ltr'>pheta,</span> <span class='ocrx_word' id='word_1_398' title='bbox 690 3703 790 3777; x_wconf 80' lang='lat' dir='ltr'>qui</span> <span class='ocrx_word' id='word_1_399' title='bbox 839 3702 1055 3760; x_wconf 88' lang='lat' dir='ltr'>diceret</span> <span class='ocrx_word' id='word_1_400' title='bbox 1085 3704 1174 3760; x_wconf 91' lang='lat' dir='ltr'>ei:</span> <span class='ocrx_word' id='word_1_401' title='bbox 1213 3723 1241 3758; x_wconf 75' lang='grc' dir='ltr'>ι</span> <span class='ocrx_word' id='word_1_402' title='bbox 1288 3704 1585 3760; x_wconf 87' lang='lat' dir='ltr'>Destruxit</span> <span class='ocrx_word' id='word_1_403' title='bbox 1629 3705 1914 3762; x_wconf 88' lang='lat' dir='ltr'>Dominus</span> <span class='ocrx_word' id='word_1_404' title='bbox 1957 3724 2103 3779; x_wconf 91' lang='lat' dir='ltr'>opus</span> 
     </span>
    </p>
   </div>
   <div class='ocr_carea' id='block_1_55' title="bbox 456 3792 2102 3868">
    <p class='ocr_par' dir='ltr' id='par_1_55' title="bbox 456 3792 2102 3868">
     <span class='ocr_line' id='line_1_55' title="bbox 456 3792 2102 3868; baseline 0.002 -20"><span class='ocrx_word' id='word_1_405' title='bbox 456 3796 647 3861; x_wconf 90' lang='lat' dir='ltr'>tuum,</span> <span class='ocrx_word' id='word_1_406' title='bbox 680 3795 737 3848; x_wconf 91' lang='lat' dir='ltr'>et</span> <span class='ocrx_word' id='word_1_407' title='bbox 765 3792 1024 3848; x_wconf 70' lang='lat' dir='ltr'>contrita:</span> <span class='ocrx_word' id='word_1_408' title='bbox 1057 3797 1196 3849; x_wconf 90' lang='lat' dir='ltr'>sunt</span> <span class='ocrx_word' id='word_1_409' title='bbox 1239 3811 1414 3850; x_wconf 90' lang='lat' dir='ltr'>naves</span> <span class='ocrx_word' id='word_1_410' title='bbox 1459 3797 1593 3862; x_wconf 63' lang='lat' dir='ltr'>ture,</span> <span class='ocrx_word' id='word_1_411' title='bbox 1647 3799 1704 3849; x_wconf 89' lang='lat' dir='ltr'>et</span> <span class='ocrx_word' id='word_1_412' title='bbox 1751 3811 1865 3850; x_wconf 89' lang='lat' dir='ltr'>non</span> <span class='ocrx_word' id='word_1_413' title='bbox 1901 3799 2102 3868; x_wconf 88' lang='lat' dir='ltr'>potuc-</span> 
     </span>
    </p>
   </div>
   <div class='ocr_carea' id='block_1_56' title="bbox 455 3881 2103 3954">
    <p class='ocr_par' dir='ltr' id='par_1_56' title="bbox 455 3881 2103 3954">
     <span class='ocr_line' id='line_1_56' title="bbox 455 3881 2103 3954; baseline 0.001 -16"><span class='ocrx_word' id='word_1_414' title='bbox 455 3887 596 3938; x_wconf 81' lang='lat' dir='ltr'>ruut</span> <span class='ocrx_word' id='word_1_415' title='bbox 625 3882 708 3938; x_wconf 88' lang='lat' dir='ltr'>ire</span> <span class='ocrx_word' id='word_1_416' title='bbox 733 3881 793 3938; x_wconf 89' lang='lat' dir='ltr'>in</span> <span class='ocrx_word' id='word_1_417' title='bbox 841 3881 1080 3939; x_wconf 90' lang='lat' dir='ltr'>Tharsis</span> <span class='ocrx_word' id='word_1_418' title='bbox 1118 3883 1194 3952; x_wconf 90' lang='lat' dir='ltr'>(Il</span> <span class='ocrx_word' id='word_1_419' title='bbox 1239 3884 1418 3938; x_wconf 82' lang='grc' dir='ltr'>Ρηναί</span> <span class='ocrx_word' id='word_1_420' title='bbox 1453 3926 1466 3938; x_wconf 94' lang='grc'><strong>.</strong></span> <span class='ocrx_word' id='word_1_421' title='bbox 1501 3901 1592 3954; x_wconf 78' lang='lat' dir='ltr'>xx,</span> <span class='ocrx_word' id='word_1_422' title='bbox 1624 3884 1735 3952; x_wconf 87' lang='lat'>37).</span> <span class='ocrx_word' id='word_1_423' title='bbox 1775 3907 1796 3933; x_wconf 74' lang='grc' dir='ltr'>ιι</span> <span class='ocrx_word' id='word_1_424' title='bbox 1850 3887 1971 3950; x_wconf 84' lang='lat' dir='ltr'>Quo</span> <span class='ocrx_word' id='word_1_425' title='bbox 2021 3885 2103 3941; x_wconf 89' lang='lat' dir='ltr'>si-</span> 
     </span>
    </p>
   </div>
   <div class='ocr_carea' id='block_1_57' title="bbox 455 3970 2098 4043">
    <p class='ocr_par' dir='ltr' id='par_1_57' title="bbox 455 3970 2098 4043">
     <span class='ocr_line' id='line_1_57' title="bbox 455 3970 2098 4043; baseline 0.002 -17"><span class='ocrx_word' id='word_1_426' title='bbox 455 3971 773 4043; x_wconf 79' lang='lat' dir='ltr'>gniﬁcatur</span> <span class='ocrx_word' id='word_1_427' title='bbox 819 3970 977 4042; x_wconf 92' lang='lat' dir='ltr'>quod</span> <span class='ocrx_word' id='word_1_428' title='bbox 1029 3971 1534 4043; x_wconf 79' lang='lat' dir='ltr'>praevaricantium</span> <span class='ocrx_word' id='word_1_429' title='bbox 1603 3971 1948 4028; x_wconf 90' lang='lat' dir='ltr'>mandatum</span> <span class='ocrx_word' id='word_1_430' title='bbox 1999 3974 2098 4029; x_wconf 92' lang='lat' dir='ltr'>Dei</span> 
     </span>
    </p>
   </div>
   <div class='ocr_carea' id='block_1_58' title="bbox 452 4060 2100 4137">
    <p class='ocr_par' dir='ltr' id='par_1_58' title="bbox 452 4060 2100 4137">
     <span class='ocr_line' id='line_1_58' title="bbox 452 4060 2100 4137; baseline 0.001 -20"><span class='ocrx_word' id='word_1_431' title='bbox 452 4076 698 4137; x_wconf 83' lang='lat' dir='ltr'>corpora</span> <span class='ocrx_word' id='word_1_432' title='bbox 725 4060 802 4116; x_wconf 86' lang='lat' dir='ltr'>ad</span> <span class='ocrx_word' id='word_1_433' title='bbox 819 4060 1384 4117; x_wconf 88' lang='lat' dir='ltr'>consummationem</span> <span class='ocrx_word' id='word_1_434' title='bbox 1407 4062 1560 4117; x_wconf 74' lang='lat'>942</span> <span class='ocrx_word' id='word_1_435' title='bbox 1581 4061 1777 4132; x_wconf 69' lang='lat' dir='ltr'>gratim</span> <span class='ocrx_word' id='word_1_436' title='bbox 1800 4064 2100 4133; x_wconf 82' lang='lat' dir='ltr'>pervenire</span> 
     </span>
    </p>
   </div>
   <div class='ocr_carea' id='block_1_59' title="bbox 455 4149 2096 4224">
    <p class='ocr_par' dir='ltr' id='par_1_59' title="bbox 455 4149 2096 4224">
     <span class='ocr_line' id='line_1_59' title="bbox 455 4149 2096 4224; baseline 0.002 -18"><span class='ocrx_word' id='word_1_437' title='bbox 455 4166 574 4206; x_wconf 81' lang='lat' dir='ltr'>non</span> <span class='ocrx_word' id='word_1_438' title='bbox 622 4149 870 4223; x_wconf 80' lang='lat' dir='ltr'>possint.</span> <span class='ocrx_word' id='word_1_439' title='bbox 930 4150 1014 4204; x_wconf 82' lang='lat' dir='ltr'>Ad</span> <span class='ocrx_word' id='word_1_440' title='bbox 1071 4149 1440 4205; x_wconf 89' lang='lat' dir='ltr'>Salomonem</span> <span class='ocrx_word' id='word_1_441' title='bbox 1499 4154 1715 4217; x_wconf 88' lang='lat' dir='ltr'>autem,</span> <span class='ocrx_word' id='word_1_442' title='bbox 1775 4155 1974 4224; x_wconf 89' lang='lat' dir='ltr'>utpote</span> <span class='ocrx_word' id='word_1_443' title='bbox 2005 4171 2096 4209; x_wconf 88' lang='lat' dir='ltr'>sa-</span> 
     </span>
    </p>
   </div>
   <div class='ocr_carea' id='block_1_60' title="bbox 448 4237 2095 4312">
    <p class='ocr_par' dir='ltr' id='par_1_60' title="bbox 448 4237 2095 4312">
     <span class='ocr_line' id='line_1_60' title="bbox 448 4237 2095 4312; baseline 0.001 -16"><span class='ocrx_word' id='word_1_444' title='bbox 448 4239 710 4312; x_wconf 78' lang='lat' dir='ltr'>pientem</span> <span class='ocrx_word' id='word_1_445' title='bbox 737 4242 799 4294; x_wconf 90' lang='lat' dir='ltr'>et</span> <span class='ocrx_word' id='word_1_446' title='bbox 824 4237 1135 4311; x_wconf 81' lang='lat' dir='ltr'>pacificum</span> <span class='ocrx_word' id='word_1_447' title='bbox 1158 4237 1371 4305; x_wconf 91' lang='lat' dir='ltr'>virum,</span> <span class='ocrx_word' id='word_1_448' title='bbox 1403 4255 1576 4294; x_wconf 85' lang='lat' dir='ltr'>naves</span> <span class='ocrx_word' id='word_1_449' title='bbox 1598 4239 1670 4294; x_wconf 90' lang='lat' dir='ltr'>de</span> <span class='ocrx_word' id='word_1_450' title='bbox 1689 4239 1930 4296; x_wconf 90' lang='lat' dir='ltr'>Tharsis</span> <span class='ocrx_word' id='word_1_451' title='bbox 1959 4258 2095 4298; x_wconf 91' lang='lat' dir='ltr'>cum</span> 
     </span>
    </p>
   </div>
   <div class='ocr_carea' id='block_1_61' title="bbox 449 4327 2097 4400">
    <p class='ocr_par' dir='ltr' id='par_1_61' title="bbox 449 4327 2097 4400">
     <span class='ocr_line' id='line_1_61' title="bbox 449 4327 2097 4400; baseline 0.002 -16"><span class='ocrx_word' id='word_1_452' title='bbox 449 4328 592 4384; x_wconf 74' lang='lat' dir='ltr'>auro</span> <span class='ocrx_word' id='word_1_453' title='bbox 640 4331 699 4383; x_wconf 85' lang='lat' dir='ltr'>et</span> <span class='ocrx_word' id='word_1_454' title='bbox 744 4331 1006 4400; x_wconf 82' lang='lat' dir='ltr'>argento,</span> <span class='ocrx_word' id='word_1_455' title='bbox 1057 4331 1113 4383; x_wconf 89' lang='lat' dir='ltr'>et</span> <span class='ocrx_word' id='word_1_456' title='bbox 1162 4327 1440 4384; x_wconf 89' lang='lat' dir='ltr'>dentibus</span> <span class='ocrx_word' id='word_1_457' title='bbox 1488 4328 1760 4384; x_wconf 88' lang='lat' dir='ltr'>eburneis</span> <span class='ocrx_word' id='word_1_458' title='bbox 1806 4329 1933 4385; x_wconf 90' lang='lat' dir='ltr'>sine</span> <span class='ocrx_word' id='word_1_459' title='bbox 1977 4329 2097 4387; x_wconf 85' lang='lat' dir='ltr'>ulla</span> 
     </span>
    </p>
   </div>
   <div class='ocr_carea' id='block_1_62' title="bbox 447 4415 2097 4489">
    <p class='ocr_par' dir='ltr' id='par_1_62' title="bbox 447 4415 2097 4489">
     <span class='ocr_line' id='line_1_62' title="bbox 447 4415 2097 4489; baseline 0.004 -19"><span class='ocrx_word' id='word_1_460' title='bbox 447 4415 766 4472; x_wconf 59' lang='lat' dir='ltr'>ofensioue</span> <span class='ocrx_word' id='word_1_461' title='bbox 796 4416 1126 4484; x_wconf 86' lang='lat' dir='ltr'>veniebant,</span> <span class='ocrx_word' id='word_1_462' title='bbox 1160 4420 1218 4471; x_wconf 91' lang='lat' dir='ltr'>et</span> <span class='ocrx_word' id='word_1_463' title='bbox 1246 4432 1312 4472; x_wconf 92' lang='lat' dir='ltr'>eo</span> <span class='ocrx_word' id='word_1_464' title='bbox 1341 4416 1469 4489; x_wconf 89' lang='lat' dir='ltr'>ipse</span> <span class='ocrx_word' id='word_1_465' title='bbox 1514 4416 1802 4473; x_wconf 87' lang='lat' dir='ltr'>mittebat.</span> <span class='ocrx_word' id='word_1_466' title='bbox 1836 4418 2097 4476; x_wconf 88' lang='lat' dir='ltr'>Habebat</span> 
     </span>
    </p>
   </div>
   <div class='ocr_carea' id='block_1_63' title="bbox 446 4503 2094 4579">
    <p class='ocr_par' dir='ltr' id='par_1_63' title="bbox 446 4503 2094 4579">
     <span class='ocr_line' id='line_1_63' title="bbox 446 4503 2094 4579; baseline 0.004 -21"><span class='ocrx_word' id='word_1_467' title='bbox 446 4503 604 4558; x_wconf 87' lang='lat' dir='ltr'>enim</span> <span class='ocrx_word' id='word_1_468' title='bbox 635 4521 769 4558; x_wconf 87' lang='lat' dir='ltr'>cum</span> <span class='ocrx_word' id='word_1_469' title='bbox 801 4521 935 4578; x_wconf 86' lang='lat' dir='ltr'>rege</span> <span class='ocrx_word' id='word_1_470' title='bbox 955 4506 1152 4560; x_wconf 88' lang='lat' dir='ltr'>Hiram</span> <span class='ocrx_word' id='word_1_471' title='bbox 1185 4522 1362 4561; x_wconf 72' lang='lat' dir='ltr'>sacrm</span> <span class='ocrx_word' id='word_1_472' title='bbox 1394 4504 1805 4578; x_wconf 89' lang='lat' dir='ltr'>negotiationis</span> <span class='ocrx_word' id='word_1_473' title='bbox 1833 4507 2094 4579; x_wconf 88' lang='lat' dir='ltr'>spiritale</span> 
     </span>
    </p>
   </div>
   <div class='ocr_carea' id='block_1_64' title="bbox 2207 1926 3868 2000">
    <p class='ocr_par' dir='ltr' id='par_1_64' title="bbox 2207 1926 3868 2000">
     <span class='ocr_line' id='line_1_64' title="bbox 2207 1926 3868 2000; baseline 0.002 -19"><span class='ocrx_word' id='word_1_474' title='bbox 2207 1943 2322 2000; x_wconf 92' lang='lat' dir='ltr'>quo</span> <span class='ocrx_word' id='word_1_475' title='bbox 2381 1931 2470 1982; x_wconf 89' lang='lat' dir='ltr'>est</span> <span class='ocrx_word' id='word_1_476' title='bbox 2523 1930 2859 1983; x_wconf 89' lang='lat' dir='ltr'>nostrorum</span> <span class='ocrx_word' id='word_1_477' title='bbox 2915 1926 3243 2000; x_wconf 82' lang='lat' dir='ltr'>purificatio</span> <span class='ocrx_word' id='word_1_478' title='bbox 3283 1931 3674 1999; x_wconf 87' lang='lat' dir='ltr'>peccatorum.</span> <span class='ocrx_word' id='word_1_479' title='bbox 3718 1927 3868 1984; x_wconf 75' lang='lat' dir='ltr'>Vere</span> 
     </span>
    </p>
   </div>
   <div class='ocr_carea' id='block_1_65' title="bbox 2207 2015 3862 2089">
    <p class='ocr_par' dir='ltr' id='par_1_65' title="bbox 2207 2015 3862 2089">
     <span class='ocr_line' id='line_1_65' title="bbox 2207 2015 3862 2089; baseline 0 -17"><span class='ocrx_word' id='word_1_480' title='bbox 2207 2015 2490 2088; x_wconf 89' lang='lat' dir='ltr'>templum</span> <span class='ocrx_word' id='word_1_481' title='bbox 2523 2015 2618 2071; x_wconf 91' lang='lat' dir='ltr'>Dei</span> <span class='ocrx_word' id='word_1_482' title='bbox 2651 2032 2784 2071; x_wconf 90' lang='lat' dir='ltr'>caro</span> <span class='ocrx_word' id='word_1_483' title='bbox 2812 2015 2991 2072; x_wconf 89' lang='lat' dir='ltr'>illain</span> <span class='ocrx_word' id='word_1_484' title='bbox 3019 2033 3135 2087; x_wconf 87' lang='lat' dir='ltr'>qua</span> <span class='ocrx_word' id='word_1_485' title='bbox 3159 2016 3392 2071; x_wconf 90' lang='lat' dir='ltr'>nullum</span> <span class='ocrx_word' id='word_1_486' title='bbox 3419 2017 3650 2088; x_wconf 79' lang='lat' dir='ltr'>peccati</span> <span class='ocrx_word' id='word_1_487' title='bbox 3671 2018 3862 2089; x_wconf 85' lang='lat' dir='ltr'>potuit</span> 
     </span>
    </p>
   </div>
   <div class='ocr_carea' id='block_1_66' title="bbox 2208 2105 3866 2177">
    <p class='ocr_par' dir='ltr' id='par_1_66' title="bbox 2208 2105 3866 2177">
     <span class='ocr_line' id='line_1_66' title="bbox 2208 2105 3866 2177; baseline 0.001 -17"><span class='ocrx_word' id='word_1_488' title='bbox 2208 2121 2335 2161; x_wconf 91' lang='lat' dir='ltr'>esse</span> <span class='ocrx_word' id='word_1_489' title='bbox 2366 2105 2699 2177; x_wconf 86' lang='lat' dir='ltr'>contagium</span> <span class='ocrx_word' id='word_1_490' title='bbox 2732 2123 2744 2173; x_wconf 89' lang='lat'><strong>;</strong></span> <span class='ocrx_word' id='word_1_491' title='bbox 2779 2106 2879 2160; x_wconf 92' lang='lat' dir='ltr'>sed</span> <span class='ocrx_word' id='word_1_492' title='bbox 2915 2122 3017 2176; x_wconf 92' lang='lat' dir='ltr'>pro</span> <span class='ocrx_word' id='word_1_493' title='bbox 3059 2105 3274 2160; x_wconf 90' lang='lat' dir='ltr'>delicto</span> <span class='ocrx_word' id='word_1_494' title='bbox 3303 2105 3510 2160; x_wconf 87' lang='lat' dir='ltr'>mundi</span> <span class='ocrx_word' id='word_1_495' title='bbox 3539 2106 3728 2162; x_wconf 84' lang='lat' dir='ltr'>totius</span> <span class='ocrx_word' id='word_1_496' title='bbox 3757 2105 3866 2162; x_wconf 78' lang='lat' dir='ltr'>fuit</span> 
     </span>
    </p>
   </div>
   <div class='ocr_carea' id='block_1_67' title="bbox 2208 2193 3860 2266">
    <p class='ocr_par' dir='ltr' id='par_1_67' title="bbox 2208 2193 3860 2266">
     <span class='ocr_line' id='line_1_67' title="bbox 2208 2193 3860 2266; baseline 0.001 -17"><span class='ocrx_word' id='word_1_497' title='bbox 2208 2194 2338 2266; x_wconf 91' lang='lat' dir='ltr'>ipsa</span> <span class='ocrx_word' id='word_1_498' title='bbox 2366 2194 2740 2249; x_wconf 82' lang='lat' dir='ltr'>sacriﬁcium.</span> <span class='ocrx_word' id='word_1_499' title='bbox 2784 2193 2930 2254; x_wconf 86' lang='lat' dir='ltr'>Vere</span> <span class='ocrx_word' id='word_1_500' title='bbox 2975 2193 3264 2266; x_wconf 89' lang='lat' dir='ltr'>templum</span> <span class='ocrx_word' id='word_1_501' title='bbox 3316 2194 3414 2249; x_wconf 90' lang='lat' dir='ltr'>Dei</span> <span class='ocrx_word' id='word_1_502' title='bbox 3461 2210 3598 2249; x_wconf 88' lang='lat' dir='ltr'>caro</span> <span class='ocrx_word' id='word_1_503' title='bbox 3647 2193 3769 2259; x_wconf 87' lang='lat' dir='ltr'>illa,</span> <span class='ocrx_word' id='word_1_504' title='bbox 3801 2195 3860 2250; x_wconf 90' lang='lat' dir='ltr'>in</span> 
     </span>
    </p>
   </div>
   <div class='ocr_carea' id='block_1_68' title="bbox 2209 2282 3861 2356">
    <p class='ocr_par' dir='ltr' id='par_1_68' title="bbox 2209 2282 3861 2356">
     <span class='ocr_line' id='line_1_68' title="bbox 2209 2282 3861 2356; baseline 0.001 -18"><span class='ocrx_word' id='word_1_505' title='bbox 2209 2301 2326 2356; x_wconf 90' lang='lat' dir='ltr'>qua</span> <span class='ocrx_word' id='word_1_506' title='bbox 2354 2283 2456 2338; x_wconf 93' lang='lat' dir='ltr'>Dei</span> <span class='ocrx_word' id='word_1_507' title='bbox 2486 2283 2677 2354; x_wconf 89' lang='lat' dir='ltr'>imago</span> <span class='ocrx_word' id='word_1_508' title='bbox 2711 2282 2991 2355; x_wconf 86' lang='lat' dir='ltr'>fulgebat,</span> <span class='ocrx_word' id='word_1_509' title='bbox 3026 2287 3086 2338; x_wconf 93' lang='lat' dir='ltr'>et</span> <span class='ocrx_word' id='word_1_510' title='bbox 3129 2283 3510 2355; x_wconf 86' lang='lat' dir='ltr'>corporaliter</span> <span class='ocrx_word' id='word_1_511' title='bbox 3553 2282 3861 2356; x_wconf 83' lang='lat' dir='ltr'>plenitudo</span> 
     </span>
    </p>
   </div>
   <div class='ocr_carea' id='block_1_69' title="bbox 2211 2370 3866 2444">
    <p class='ocr_par' dir='ltr' id='par_1_69' title="bbox 2211 2370 3866 2444">
     <span class='ocr_line' id='line_1_69' title="bbox 2211 2370 3866 2444; baseline 0.001 -17"><span class='ocrx_word' id='word_1_512' title='bbox 2211 2371 2533 2428; x_wconf 90' lang='lat' dir='ltr'>divinitatis</span> <span class='ocrx_word' id='word_1_513' title='bbox 2565 2370 2907 2427; x_wconf 88' lang='lat' dir='ltr'>habitabat:</span> <span class='ocrx_word' id='word_1_514' title='bbox 2961 2371 3240 2444; x_wconf 87' lang='lat' dir='ltr'>quoniam</span> <span class='ocrx_word' id='word_1_515' title='bbox 3291 2372 3416 2444; x_wconf 91' lang='lat' dir='ltr'>ipse</span> <span class='ocrx_word' id='word_1_516' title='bbox 3464 2371 3741 2428; x_wconf 86' lang='lat' dir='ltr'>Christus</span> <span class='ocrx_word' id='word_1_517' title='bbox 3781 2377 3866 2429; x_wconf 80' lang='lat' dir='ltr'>est</span> 
     </span>
    </p>
   </div>
   <div class='ocr_carea' id='block_1_70' title="bbox 2211 2460 3862 2534">
    <p class='ocr_par' dir='ltr' id='par_1_70' title="bbox 2211 2460 3862 2534">
     <span class='ocr_line' id='line_1_70' title="bbox 2211 2460 3862 2534; baseline 0.001 -19"><span class='ocrx_word' id='word_1_518' title='bbox 2211 2460 2532 2534; x_wconf 89' lang='lat' dir='ltr'>plenitudo.</span> <span class='ocrx_word' id='word_1_519' title='bbox 2564 2461 2714 2532; x_wconf 87' lang='lat' dir='ltr'>Ergo</span> <span class='ocrx_word' id='word_1_520' title='bbox 2745 2461 2815 2515; x_wconf 88' lang='lat' dir='ltr'>ad</span> <span class='ocrx_word' id='word_1_521' title='bbox 2866 2460 3062 2532; x_wconf 91' lang='lat' dir='ltr'>ipsum</span> <span class='ocrx_word' id='word_1_522' title='bbox 3112 2460 3362 2516; x_wconf 89' lang='lat' dir='ltr'>dicitur:</span> <span class='ocrx_word' id='word_1_523' title='bbox 3391 2483 3422 2511; x_wconf 83' lang='grc'>‹‹</span> <span class='ocrx_word' id='word_1_524' title='bbox 3453 2461 3862 2534; x_wconf 84' lang='lat' dir='ltr'>Suscepimus,</span> 
     </span>
    </p>
   </div>
   <div class='ocr_carea' id='block_1_71' title="bbox 2211 2549 3858 2622">
    <p class='ocr_par' dir='ltr' id='par_1_71' title="bbox 2211 2549 3858 2622">
     <span class='ocr_line' id='line_1_71' title="bbox 2211 2549 3858 2622; baseline 0 -17"><span class='ocrx_word' id='word_1_525' title='bbox 2211 2550 2384 2616; x_wconf 90' lang='lat' dir='ltr'>Deus,</span> <span class='ocrx_word' id='word_1_526' title='bbox 2417 2549 2882 2605; x_wconf 90' lang='lat' dir='ltr'>misericordiam</span> <span class='ocrx_word' id='word_1_527' title='bbox 2915 2553 3078 2604; x_wconf 91' lang='lat' dir='ltr'>tuam</span> <span class='ocrx_word' id='word_1_528' title='bbox 3111 2549 3169 2604; x_wconf 90' lang='lat' dir='ltr'>in</span> <span class='ocrx_word' id='word_1_529' title='bbox 3214 2549 3407 2605; x_wconf 86' lang='lat' dir='ltr'>medio</span> <span class='ocrx_word' id='word_1_530' title='bbox 3453 2549 3659 2622; x_wconf 76' lang='lat' dir='ltr'>templi</span> <span class='ocrx_word' id='word_1_531' title='bbox 3691 2549 3802 2606; x_wconf 82' lang='lat' dir='ltr'>tui.</span> <span class='ocrx_word' id='word_1_532' title='bbox 3833 2573 3858 2599; x_wconf 73' lang='grc' dir='ltr'>ιι</span> 
     </span>
    </p>
   </div>
   <div class='ocr_carea' id='block_1_72' title="bbox 2213 2638 3862 2711">
    <p class='ocr_par' dir='ltr' id='par_1_72' title="bbox 2213 2638 3862 2711">
     <span class='ocr_line' id='line_1_72' title="bbox 2213 2638 3862 2711; baseline 0.001 -17"><span class='ocrx_word' id='word_1_533' title='bbox 2213 2639 2373 2704; x_wconf 85' lang='lat' dir='ltr'>Quod</span> <span class='ocrx_word' id='word_1_534' title='bbox 2408 2639 2548 2711; x_wconf 91' lang='lat' dir='ltr'>quid</span> <span class='ocrx_word' id='word_1_535' title='bbox 2599 2643 2706 2707; x_wconf 90' lang='lat' dir='ltr'>est,</span> <span class='ocrx_word' id='word_1_536' title='bbox 2755 2638 2867 2694; x_wconf 84' lang='lat' dir='ltr'>nisi</span> <span class='ocrx_word' id='word_1_537' title='bbox 2919 2639 3071 2710; x_wconf 91' lang='lat' dir='ltr'>quod</span> <span class='ocrx_word' id='word_1_538' title='bbox 3103 2638 3224 2694; x_wconf 71' lang='lat' dir='ltr'>ait:</span> <span class='ocrx_word' id='word_1_539' title='bbox 3264 2659 3291 2691; x_wconf 76' lang='grc' dir='ltr'>ι</span> <span class='ocrx_word' id='word_1_540' title='bbox 3328 2639 3559 2694; x_wconf 84' lang='lat' dir='ltr'>Medius</span> <span class='ocrx_word' id='word_1_541' title='bbox 3599 2643 3862 2696; x_wconf 84' lang='lat' dir='ltr'>vestrum</span> 
     </span>
    </p>
   </div>
   <div class='ocr_carea' id='block_1_73' title="bbox 2214 2726 3861 2799">
    <p class='ocr_par' dir='ltr' id='par_1_73' title="bbox 2214 2726 3861 2799">
     <span class='ocr_line' id='line_1_73' title="bbox 2214 2726 3861 2799; baseline 0 -16"><span class='ocrx_word' id='word_1_542' title='bbox 2214 2731 2350 2795; x_wconf 86' lang='lat' dir='ltr'>stat,</span> <span class='ocrx_word' id='word_1_543' title='bbox 2387 2743 2562 2799; x_wconf 88' lang='lat' dir='ltr'>quem</span> <span class='ocrx_word' id='word_1_544' title='bbox 2594 2744 2696 2782; x_wconf 88' lang='lat' dir='ltr'>vos</span> <span class='ocrx_word' id='word_1_545' title='bbox 2727 2726 2966 2783; x_wconf 88' lang='lat' dir='ltr'>nescitis</span> <span class='ocrx_word' id='word_1_546' title='bbox 3014 2728 3189 2797; x_wconf 82' lang='lat' dir='ltr'>(Joa-u.</span> <span class='ocrx_word' id='word_1_547' title='bbox 3243 2745 3283 2795; x_wconf 83' lang='grc' dir='ltr'>ι,</span> <span class='ocrx_word' id='word_1_548' title='bbox 3332 2728 3448 2796; x_wconf 77' lang='grc'>26),</span> <span class='ocrx_word' id='word_1_549' title='bbox 3501 2727 3613 2783; x_wconf 89' lang='lat' dir='ltr'>hoc</span> <span class='ocrx_word' id='word_1_550' title='bbox 3663 2734 3777 2796; x_wconf 74' lang='lat' dir='ltr'>est,</span> <span class='ocrx_word' id='word_1_551' title='bbox 3809 2729 3861 2783; x_wconf 90' lang='lat' dir='ltr'>in</span> 
     </span>
    </p>
   </div>
   <div class='ocr_carea' id='block_1_74' title="bbox 2210 2815 3864 2883">
    <p class='ocr_par' dir='ltr' id='par_1_74' title="bbox 2210 2815 3864 2883">
     <span class='ocr_line' id='line_1_74' title="bbox 2210 2815 3864 2883; baseline 0.001 -11"><span class='ocrx_word' id='word_1_552' title='bbox 2210 2817 2402 2873; x_wconf 89' lang='lat' dir='ltr'>medio</span> <span class='ocrx_word' id='word_1_553' title='bbox 2457 2816 2633 2872; x_wconf 88' lang='lat' dir='ltr'>vestri</span> <span class='ocrx_word' id='word_1_554' title='bbox 2691 2821 2799 2883; x_wconf 88' lang='lat' dir='ltr'>est,</span> <span class='ocrx_word' id='word_1_555' title='bbox 2880 2819 2938 2871; x_wconf 90' lang='lat' dir='ltr'>et</span> <span class='ocrx_word' id='word_1_556' title='bbox 2966 2832 3080 2871; x_wconf 91' lang='lat' dir='ltr'>non</span> <span class='ocrx_word' id='word_1_557' title='bbox 3129 2817 3405 2871; x_wconf 79' lang='lat' dir='ltr'>videtur?</span> <span class='ocrx_word' id='word_1_558' title='bbox 3443 2815 3502 2871; x_wconf 87' lang='lat' dir='ltr'>Si</span> <span class='ocrx_word' id='word_1_559' title='bbox 3545 2820 3745 2874; x_wconf 85' lang='lat' dir='ltr'>autem</span> <span class='ocrx_word' id='word_1_560' title='bbox 3796 2819 3864 2873; x_wconf 84' lang='lat' dir='ltr'>ad</span> 
     </span>
    </p>
   </div>
   <div class='ocr_carea' id='block_1_75' title="bbox 2209 2904 3866 2978">
    <p class='ocr_par' dir='ltr' id='par_1_75' title="bbox 2209 2904 3866 2978">
     <span class='ocr_line' id='line_1_75' title="bbox 2209 2904 3866 2978; baseline -0.002 -16"><span class='ocrx_word' id='word_1_561' title='bbox 2209 2907 2440 2962; x_wconf 89' lang='lat' dir='ltr'>Patrem</span> <span class='ocrx_word' id='word_1_562' title='bbox 2471 2905 2738 2974; x_wconf 79' lang='lat' dir='ltr'>refertur,</span> <span class='ocrx_word' id='word_1_563' title='bbox 2772 2905 2910 2976; x_wconf 90' lang='lat' dir='ltr'>quid</span> <span class='ocrx_word' id='word_1_564' title='bbox 2935 2909 3024 2961; x_wconf 89' lang='lat' dir='ltr'>est</span> <span class='ocrx_word' id='word_1_565' title='bbox 3049 2920 3063 2959; x_wconf 91' lang='lat'>:</span> <span class='ocrx_word' id='word_1_566' title='bbox 3097 2928 3125 2954; x_wconf 90' lang='grc'>‹‹</span> <span class='ocrx_word' id='word_1_567' title='bbox 3158 2904 3222 2960; x_wconf 91' lang='lat' dir='ltr'>In</span> <span class='ocrx_word' id='word_1_568' title='bbox 3253 2905 3448 2962; x_wconf 81' lang='lat' dir='ltr'>medio</span> <span class='ocrx_word' id='word_1_569' title='bbox 3475 2905 3690 2978; x_wconf 84' lang='lat' dir='ltr'>templi</span> <span class='ocrx_word' id='word_1_570' title='bbox 3719 2907 3866 2972; x_wconf 76' lang='lat' dir='ltr'>tui,»</span> 
     </span>
    </p>
   </div>
   <div class='ocr_carea' id='block_1_76' title="bbox 2210 2993 3866 3068">
    <p class='ocr_par' dir='ltr' id='par_1_76' title="bbox 2210 2993 3866 3068">
     <span class='ocr_line' id='line_1_76' title="bbox 2210 2993 3866 3068; baseline 0 -18"><span class='ocrx_word' id='word_1_571' title='bbox 2210 2994 2322 3051; x_wconf 88' lang='lat' dir='ltr'>nisi</span> <span class='ocrx_word' id='word_1_572' title='bbox 2351 2995 2490 3068; x_wconf 88' lang='lat' dir='ltr'>quia</span> <span class='ocrx_word' id='word_1_573' title='bbox 2518 2995 2674 3051; x_wconf 91' lang='lat' dir='ltr'>Deus</span> <span class='ocrx_word' id='word_1_574' title='bbox 2723 2998 2846 3049; x_wconf 89' lang='lat' dir='ltr'>erat</span> <span class='ocrx_word' id='word_1_575' title='bbox 2894 2993 2952 3048; x_wconf 89' lang='lat' dir='ltr'>in</span> <span class='ocrx_word' id='word_1_576' title='bbox 3002 2993 3234 3050; x_wconf 89' lang='lat' dir='ltr'>Christo</span> <span class='ocrx_word' id='word_1_577' title='bbox 3271 2995 3560 3050; x_wconf 87' lang='lat' dir='ltr'>mundum</span> <span class='ocrx_word' id='word_1_578' title='bbox 3605 2996 3866 3052; x_wconf 78' lang='lat' dir='ltr'>reconci-</span> 
     </span>
    </p>
   </div>
   <div class='ocr_carea' id='block_1_77' title="bbox 2213 3082 2558 3139">
    <p class='ocr_par' dir='ltr' id='par_1_77' title="bbox 2213 3082 2558 3139">
     <span class='ocr_line' id='line_1_77' title="bbox 2213 3082 2558 3139; baseline -0.003 -1"><span class='ocrx_word' id='word_1_579' title='bbox 2213 3082 2366 3139; x_wconf 88' lang='lat' dir='ltr'>lians</span> <span class='ocrx_word' id='word_1_580' title='bbox 2398 3083 2508 3138; x_wconf 90' lang='lat' dir='ltr'>sibi</span> <span class='ocrx_word' id='word_1_581' title='bbox 2535 3087 2558 3138; x_wconf 72' lang='grc' dir='ltr'><strong><em>Ρ</em></strong></span> 
     </span>
    </p>
   </div>
   <div class='ocr_carea' id='block_1_78' title="bbox 2293 3163 3866 3243">
    <p class='ocr_par' dir='ltr' id='par_1_78' title="bbox 2293 3163 3866 3243">
     <span class='ocr_line' id='line_1_78' title="bbox 2293 3163 3866 3243; baseline 0.001 -15"><span class='ocrx_word' id='word_1_582' title='bbox 2293 3174 2376 3228; x_wconf 83' lang='lat' dir='ltr'>t7.</span> <span class='ocrx_word' id='word_1_583' title='bbox 2411 3173 2474 3227; x_wconf 91' lang='lat' dir='ltr'>In</span> <span class='ocrx_word' id='word_1_584' title='bbox 2504 3170 2604 3227; x_wconf 90' lang='lat' dir='ltr'>illo</span> <span class='ocrx_word' id='word_1_585' title='bbox 2634 3186 2771 3243; x_wconf 90' lang='lat' dir='ltr'>ergo</span> <span class='ocrx_word' id='word_1_586' title='bbox 2803 3170 3020 3243; x_wconf 87' lang='lat' dir='ltr'>templo</span> <span class='ocrx_word' id='word_1_587' title='bbox 3061 3171 3424 3242; x_wconf 76' lang='lat' dir='ltr'>suscepimus,</span> <span class='ocrx_word' id='word_1_588' title='bbox 3449 3163 3866 3243; x_wconf 38' lang='lat' dir='ltr'>inquit,&#39;mise-</span> 
     </span>
    </p>
   </div>
   <div class='ocr_carea' id='block_1_79' title="bbox 2217 3260 3866 3332">
    <p class='ocr_par' dir='ltr' id='par_1_79' title="bbox 2217 3260 3866 3332">
     <span class='ocr_line' id='line_1_79' title="bbox 2217 3260 3866 3332; baseline 0.001 -15"><span class='ocrx_word' id='word_1_589' title='bbox 2217 3261 2512 3317; x_wconf 81' lang='lat' dir='ltr'>ricordiam</span> <span class='ocrx_word' id='word_1_590' title='bbox 2542 3265 2734 3328; x_wconf 80' lang='lat' dir='ltr'>tuam;</span> <span class='ocrx_word' id='word_1_591' title='bbox 2757 3260 2865 3316; x_wconf 88' lang='lat' dir='ltr'>hoc</span> <span class='ocrx_word' id='word_1_592' title='bbox 2886 3264 2994 3315; x_wconf 88' lang='lat' dir='ltr'>est.</span> <span class='ocrx_word' id='word_1_593' title='bbox 3016 3261 3271 3316; x_wconf 84' lang='lat' dir='ltr'>Verbum</span> <span class='ocrx_word' id='word_1_594' title='bbox 3297 3260 3450 3332; x_wconf 89' lang='lat' dir='ltr'>quod</span> <span class='ocrx_word' id='word_1_595' title='bbox 3475 3277 3613 3317; x_wconf 86' lang='lat' dir='ltr'>caro</span> <span class='ocrx_word' id='word_1_596' title='bbox 3646 3262 3866 3318; x_wconf 83' lang='lat' dir='ltr'>factum</span> 
     </span>
    </p>
   </div>
   <div class='ocr_carea' id='block_1_80' title="bbox 2217 3349 3866 3424">
    <p class='ocr_par' dir='ltr' id='par_1_80' title="bbox 2217 3349 3866 3424">
     <span class='ocr_line' id='line_1_80' title="bbox 2217 3349 3866 3424; baseline 0.001 -18"><span class='ocrx_word' id='word_1_597' title='bbox 2217 3356 2327 3420; x_wconf 89' lang='lat' dir='ltr'>est,</span> <span class='ocrx_word' id='word_1_598' title='bbox 2355 3355 2414 3406; x_wconf 89' lang='lat' dir='ltr'>ct</span> <span class='ocrx_word' id='word_1_599' title='bbox 2443 3349 2727 3406; x_wconf 85' lang='lat' dir='ltr'>habitavit</span> <span class='ocrx_word' id='word_1_600' title='bbox 2765 3349 2823 3404; x_wconf 89' lang='lat' dir='ltr'>in</span> <span class='ocrx_word' id='word_1_601' title='bbox 2875 3349 3065 3404; x_wconf 86' lang='lat' dir='ltr'>nobis.</span> <span class='ocrx_word' id='word_1_602' title='bbox 3119 3349 3285 3405; x_wconf 85' lang='lat' dir='ltr'>Sicut</span> <span class='ocrx_word' id='word_1_603' title='bbox 3325 3349 3481 3404; x_wconf 90' lang='lat' dir='ltr'>enim</span> <span class='ocrx_word' id='word_1_604' title='bbox 3539 3351 3866 3424; x_wconf 80' lang='lat' dir='ltr'>redemptio</span> 
     </span>
    </p>
   </div>
   <div class='ocr_carea' id='block_1_81' title="bbox 2215 3438 3869 3512">
    <p class='ocr_par' dir='ltr' id='par_1_81' title="bbox 2215 3438 3869 3512">
     <span class='ocr_line' id='line_1_81' title="bbox 2215 3438 3869 3512; baseline 0.001 -18"><span class='ocrx_word' id='word_1_605' title='bbox 2215 3440 2502 3506; x_wconf 90' lang='lat' dir='ltr'>Christus,</span> <span class='ocrx_word' id='word_1_606' title='bbox 2536 3439 2618 3494; x_wconf 86' lang='lat' dir='ltr'>ita</span> <span class='ocrx_word' id='word_1_607' title='bbox 2663 3442 2720 3493; x_wconf 88' lang='lat' dir='ltr'>et</span> <span class='ocrx_word' id='word_1_608' title='bbox 2763 3438 3186 3494; x_wconf 88' lang='lat' dir='ltr'>misericordia.</span> <span class='ocrx_word' id='word_1_609' title='bbox 3240 3439 3375 3504; x_wconf 74' lang='lat' dir='ltr'>Quae</span> <span class='ocrx_word' id='word_1_610' title='bbox 3426 3443 3628 3496; x_wconf 81' lang='lat' dir='ltr'>autem</span> <span class='ocrx_word' id='word_1_611' title='bbox 3680 3443 3869 3512; x_wconf 69' lang='lat' dir='ltr'>major</span> 
     </span>
    </p>
   </div>
   <div class='ocr_carea' id='block_1_82' title="bbox 2215 3527 3868 3602">
    <p class='ocr_par' dir='ltr' id='par_1_82' title="bbox 2215 3527 3868 3602">
     <span class='ocr_line' id='line_1_82' title="bbox 2215 3527 3868 3602; baseline 0 -17"><span class='ocrx_word' id='word_1_612' title='bbox 2215 3528 2638 3595; x_wconf 88' lang='lat' dir='ltr'>misericordia,</span> <span class='ocrx_word' id='word_1_613' title='bbox 2681 3543 2860 3598; x_wconf 85' lang='lat' dir='ltr'>quam</span> <span class='ocrx_word' id='word_1_614' title='bbox 2911 3527 3066 3598; x_wconf 91' lang='lat' dir='ltr'>quod</span> <span class='ocrx_word' id='word_1_615' title='bbox 3117 3543 3220 3599; x_wconf 91' lang='lat' dir='ltr'>pro</span> <span class='ocrx_word' id='word_1_616' title='bbox 3265 3527 3481 3583; x_wconf 78' lang='lat' dir='ltr'>nostris</span> <span class='ocrx_word' id='word_1_617' title='bbox 3533 3529 3868 3602; x_wconf 74' lang='lat' dir='ltr'>ﬂagitiisse</span> 
     </span>
    </p>
   </div>
   <div class='ocr_carea' id='block_1_83' title="bbox 2213 3615 3867 3691">
    <p class='ocr_par' dir='ltr' id='par_1_83' title="bbox 2213 3615 3867 3691">
     <span class='ocr_line' id='line_1_83' title="bbox 2213 3615 3867 3691; baseline 0 -17"><span class='ocrx_word' id='word_1_618' title='bbox 2213 3618 2464 3691; x_wconf 81' lang='lat' dir='ltr'>praebuit</span> <span class='ocrx_word' id='word_1_619' title='bbox 2491 3615 2918 3673; x_wconf 87' lang='lat' dir='ltr'>immolandum</span> <span class='ocrx_word' id='word_1_620' title='bbox 2947 3633 2960 3683; x_wconf 92' lang='lat'><strong>;</strong></span> <span class='ocrx_word' id='word_1_621' title='bbox 2995 3619 3062 3670; x_wconf 90' lang='lat' dir='ltr'>ut</span> <span class='ocrx_word' id='word_1_622' title='bbox 3102 3615 3391 3688; x_wconf 84' lang='lat' dir='ltr'>sanguine</span> <span class='ocrx_word' id='word_1_623' title='bbox 3420 3633 3530 3672; x_wconf 88' lang='lat' dir='ltr'>suo</span> <span class='ocrx_word' id='word_1_624' title='bbox 3571 3618 3867 3674; x_wconf 71' lang='lat' dir='ltr'>mundum</span> 
     </span>
    </p>
   </div>
   <div class='ocr_carea' id='block_1_84' title="bbox 2213 3703 3871 3778">
    <p class='ocr_par' dir='ltr' id='par_1_84' title="bbox 2213 3703 3871 3778">
     <span class='ocr_line' id='line_1_84' title="bbox 2213 3703 3871 3778; baseline -0.001 -15"><span class='ocrx_word' id='word_1_625' title='bbox 2213 3707 2450 3774; x_wconf 87' lang='lat' dir='ltr'>lavaret,</span> <span class='ocrx_word' id='word_1_626' title='bbox 2485 3706 2656 3777; x_wconf 89' lang='lat' dir='ltr'>cujus</span> <span class='ocrx_word' id='word_1_627' title='bbox 2688 3708 2993 3776; x_wconf 87' lang='lat' dir='ltr'>peccatum</span> <span class='ocrx_word' id='word_1_628' title='bbox 3028 3703 3188 3767; x_wconf 85' lang='lat' dir='ltr'>nullo</span> <span class='ocrx_word' id='word_1_629' title='bbox 3218 3703 3334 3760; x_wconf 89' lang='lat' dir='ltr'>alio</span> <span class='ocrx_word' id='word_1_630' title='bbox 3362 3706 3537 3761; x_wconf 87' lang='lat' dir='ltr'>modo</span> <span class='ocrx_word' id='word_1_631' title='bbox 3577 3708 3871 3778; x_wconf 82' lang='lat' dir='ltr'>potuisset</span> 
     </span>
    </p>
   </div>
   <div class='ocr_carea' id='block_1_85' title="bbox 2211 3792 3866 3866">
    <p class='ocr_par' dir='ltr' id='par_1_85' title="bbox 2211 3792 3866 3866">
     <span class='ocr_line' id='line_1_85' title="bbox 2211 3792 3866 3866; baseline 0 -15"><span class='ocrx_word' id='word_1_632' title='bbox 2211 3794 2428 3852; x_wconf 90' lang='lat' dir='ltr'>aboleri</span> <span class='ocrx_word' id='word_1_633' title='bbox 2463 3794 2588 3865; x_wconf 79' lang='lat'>(8)?</span> <span class='ocrx_word' id='word_1_634' title='bbox 2613 3793 2840 3850; x_wconf 88' lang='lat' dir='ltr'>Etenim</span> <span class='ocrx_word' id='word_1_635' title='bbox 2887 3792 2935 3848; x_wconf 90' lang='lat' dir='ltr'>si</span> <span class='ocrx_word' id='word_1_636' title='bbox 2981 3793 3051 3848; x_wconf 88' lang='lat' dir='ltr'>de</span> <span class='ocrx_word' id='word_1_637' title='bbox 3101 3793 3326 3848; x_wconf 86' lang='lat' dir='ltr'>sanctis</span> <span class='ocrx_word' id='word_1_638' title='bbox 3365 3793 3509 3850; x_wconf 87' lang='lat' dir='ltr'>viris</span> <span class='ocrx_word' id='word_1_639' title='bbox 3549 3795 3866 3866; x_wconf 71' lang='lat' dir='ltr'>Apostolus</span> 
     </span>
    </p>
   </div>
   <div class='ocr_carea' id='block_1_86' title="bbox 2209 3882 3864 3955">
    <p class='ocr_par' dir='ltr' id='par_1_86' title="bbox 2209 3882 3864 3955">
     <span class='ocr_line' id='line_1_86' title="bbox 2209 3882 3864 3955; baseline 0 -15"><span class='ocrx_word' id='word_1_640' title='bbox 2209 3884 2394 3940; x_wconf 82' lang='lat' dir='ltr'>dixit:</span> <span class='ocrx_word' id='word_1_641' title='bbox 2429 3907 2456 3935; x_wconf 90' lang='grc'>‹‹</span> <span class='ocrx_word' id='word_1_642' title='bbox 2491 3882 2801 3954; x_wconf 89' lang='lat' dir='ltr'>Templum</span> <span class='ocrx_word' id='word_1_643' title='bbox 2825 3882 2923 3938; x_wconf 90' lang='lat' dir='ltr'>Dei</span> <span class='ocrx_word' id='word_1_644' title='bbox 2949 3899 3052 3938; x_wconf 90' lang='lat' dir='ltr'>vos</span> <span class='ocrx_word' id='word_1_645' title='bbox 3074 3882 3237 3949; x_wconf 88' lang='lat' dir='ltr'>estis,</span> <span class='ocrx_word' id='word_1_646' title='bbox 3261 3886 3316 3937; x_wconf 90' lang='lat' dir='ltr'>et</span> <span class='ocrx_word' id='word_1_647' title='bbox 3342 3883 3591 3955; x_wconf 87' lang='lat' dir='ltr'>Spiritus</span> <span class='ocrx_word' id='word_1_648' title='bbox 3609 3887 3864 3940; x_wconf 85' lang='lat' dir='ltr'>sanctus</span> 
     </span>
    </p>
   </div>
   <div class='ocr_carea' id='block_1_87' title="bbox 2207 3972 3867 4046">
    <p class='ocr_par' dir='ltr' id='par_1_87' title="bbox 2207 3972 3867 4046">
     <span class='ocr_line' id='line_1_87' title="bbox 2207 3972 3867 4046; baseline 0 -16"><span class='ocrx_word' id='word_1_649' title='bbox 2207 3973 2500 4030; x_wconf 89' lang='lat' dir='ltr'>inhabitat</span> <span class='ocrx_word' id='word_1_650' title='bbox 2529 3973 2586 4027; x_wconf 87' lang='lat' dir='ltr'>in</span> <span class='ocrx_word' id='word_1_651' title='bbox 2617 3972 2786 4028; x_wconf 86' lang='lat' dir='ltr'>vobis</span> <span class='ocrx_word' id='word_1_652' title='bbox 2817 3972 2866 4043; x_wconf 88' lang='lat' dir='ltr'>(l</span> <span class='ocrx_word' id='word_1_653' title='bbox 2895 3972 3017 4028; x_wconf 77' lang='lat' dir='ltr'>Cor.</span> <span class='ocrx_word' id='word_1_654' title='bbox 3053 3988 3139 4038; x_wconf 84' lang='lat' dir='ltr'>In,</span> <span class='ocrx_word' id='word_1_655' title='bbox 3174 3973 3300 4043; x_wconf 77' lang='lat'>16);</span> <span class='ocrx_word' id='word_1_656' title='bbox 3339 3994 3365 4020; x_wconf 87' lang='lat'>»</span> <span class='ocrx_word' id='word_1_657' title='bbox 3415 3976 3628 4044; x_wconf 82' lang='lat' dir='ltr'>quanto</span> <span class='ocrx_word' id='word_1_658' title='bbox 3665 3973 3867 4046; x_wconf 79' lang='lat' dir='ltr'>magis</span> 
     </span>
    </p>
   </div>
   <div class='ocr_carea' id='block_1_88' title="bbox 2207 4059 3866 4134">
    <p class='ocr_par' dir='ltr' id='par_1_88' title="bbox 2207 4059 3866 4134">
     <span class='ocr_line' id='line_1_88' title="bbox 2207 4059 3866 4134; baseline -0.001 -14"><span class='ocrx_word' id='word_1_659' title='bbox 2207 4079 2442 4120; x_wconf 88' lang='lat' dir='ltr'>carnem</span> <span class='ocrx_word' id='word_1_660' title='bbox 2492 4060 2723 4116; x_wconf 89' lang='lat' dir='ltr'>Domini</span> <span class='ocrx_word' id='word_1_661' title='bbox 2773 4059 2911 4116; x_wconf 90' lang='lat' dir='ltr'>Jesu</span> <span class='ocrx_word' id='word_1_662' title='bbox 2962 4059 3248 4132; x_wconf 87' lang='lat' dir='ltr'>templum</span> <span class='ocrx_word' id='word_1_663' title='bbox 3310 4061 3406 4116; x_wconf 82' lang='lat' dir='ltr'>Dei</span> <span class='ocrx_word' id='word_1_664' title='bbox 3458 4061 3726 4129; x_wconf 84' lang='lat' dir='ltr'>dixerim,</span> <span class='ocrx_word' id='word_1_665' title='bbox 3761 4065 3866 4134; x_wconf 86' lang='lat' dir='ltr'>qui</span> 
     </span>
    </p>
   </div>
   <div class='ocr_carea' id='block_1_89' title="bbox 2207 4145 3866 4223">
    <p class='ocr_par' dir='ltr' id='par_1_89' title="bbox 2207 4145 3866 4223">
     <span class='ocr_line' id='line_1_89' title="bbox 2207 4145 3866 4223; baseline 0 -17"><span class='ocrx_word' id='word_1_666' title='bbox 2207 4167 2439 4223; x_wconf 84' lang='lat' dir='ltr'>semper</span> <span class='ocrx_word' id='word_1_667' title='bbox 2467 4150 2674 4221; x_wconf 86' lang='lat' dir='ltr'>plenus</span> <span class='ocrx_word' id='word_1_668' title='bbox 2703 4148 2926 4221; x_wconf 88' lang='lat' dir='ltr'>Spiritu</span> <span class='ocrx_word' id='word_1_669' title='bbox 2955 4145 3156 4204; x_wconf 87' lang='lat' dir='ltr'>sancto</span> <span class='ocrx_word' id='word_1_670' title='bbox 3188 4147 3422 4221; x_wconf 84' lang='lat' dir='ltr'>legitur,</span> <span class='ocrx_word' id='word_1_671' title='bbox 3455 4153 3513 4203; x_wconf 88' lang='lat' dir='ltr'>et</span> <span class='ocrx_word' id='word_1_672' title='bbox 3543 4149 3671 4220; x_wconf 86' lang='lat' dir='ltr'>ipse</span> <span class='ocrx_word' id='word_1_673' title='bbox 3698 4151 3866 4206; x_wconf 72' lang='lat' dir='ltr'>testi-</span> 
     </span>
    </p>
   </div>
   <div class='ocr_carea' id='block_1_90' title="bbox 2210 4238 3867 4296">
    <p class='ocr_par' dir='ltr' id='par_1_90' title="bbox 2210 4238 3867 4296">
     <span class='ocr_line' id='line_1_90' title="bbox 2210 4238 3867 4296; baseline -0.001 0"><span class='ocrx_word' id='word_1_674' title='bbox 2210 4241 2421 4296; x_wconf 81' lang='lat' dir='ltr'>ﬁcatur</span> <span class='ocrx_word' id='word_1_675' title='bbox 2448 4240 2687 4294; x_wconf 91' lang='lat' dir='ltr'>dicens:</span> <span class='ocrx_word' id='word_1_676' title='bbox 2735 4261 2764 4288; x_wconf 84' lang='lat'><strong><em>«</em></strong></span> <span class='ocrx_word' id='word_1_677' title='bbox 2816 4238 3016 4294; x_wconf 89' lang='lat' dir='ltr'>Sentio</span> <span class='ocrx_word' id='word_1_678' title='bbox 3069 4239 3143 4294; x_wconf 81' lang='lat' dir='ltr'>de</span> <span class='ocrx_word' id='word_1_679' title='bbox 3185 4254 3279 4294; x_wconf 88' lang='lat' dir='ltr'>me</span> <span class='ocrx_word' id='word_1_680' title='bbox 3321 4238 3598 4294; x_wconf 87' lang='lat' dir='ltr'>virtutem</span> <span class='ocrx_word' id='word_1_681' title='bbox 3650 4239 3867 4295; x_wconf 80' lang='lat' dir='ltr'>exiisse</span> 
     </span>
    </p>
   </div>
   <div class='ocr_carea' id='block_1_91' title="bbox 2205 4327 3867 4399">
    <p class='ocr_par' dir='ltr' id='par_1_91' title="bbox 2205 4327 3867 4399">
     <span class='ocr_line' id='line_1_91' title="bbox 2205 4327 3867 4399; baseline -0.001 -14"><span class='ocrx_word' id='word_1_682' title='bbox 2205 4331 2358 4398; x_wconf 87' lang='lat' dir='ltr'>(Luc.</span> <span class='ocrx_word' id='word_1_683' title='bbox 2383 4347 2508 4396; x_wconf 85' lang='lat' dir='ltr'>vm,</span> <span class='ocrx_word' id='word_1_684' title='bbox 2535 4328 2623 4396; x_wconf 76' lang='grc'>46)</span> <span class='ocrx_word' id='word_1_685' title='bbox 2650 4346 2662 4395; x_wconf 91' lang='grc'><strong>;</strong></span> <span class='ocrx_word' id='word_1_686' title='bbox 2689 4349 2716 4378; x_wconf 85' lang='grc'><strong>››</strong></span> <span class='ocrx_word' id='word_1_687' title='bbox 2741 4343 2868 4399; x_wconf 65' lang='lat' dir='ltr'>qua:</span> <span class='ocrx_word' id='word_1_688' title='bbox 2893 4327 3084 4383; x_wconf 89' lang='lat' dir='ltr'>virtus</span> <span class='ocrx_word' id='word_1_689' title='bbox 3100 4327 3365 4383; x_wconf 90' lang='lat' dir='ltr'>omnium</span> <span class='ocrx_word' id='word_1_690' title='bbox 3385 4327 3632 4384; x_wconf 84' lang='lat' dir='ltr'>vulnera</span> <span class='ocrx_word' id='word_1_691' title='bbox 3653 4329 3867 4385; x_wconf 82' lang='lat' dir='ltr'>acerba</span> 
     </span>
    </p>
   </div>
   <div class='ocr_carea' id='block_1_92' title="bbox 2202 4414 3866 4489">
    <p class='ocr_par' dir='ltr' id='par_1_92' title="bbox 2202 4414 3866 4489">
     <span class='ocr_line' id='line_1_92' title="bbox 2202 4414 3866 4489; baseline -0.001 -14"><span class='ocrx_word' id='word_1_692' title='bbox 2202 4417 2467 4475; x_wconf 88' lang='lat' dir='ltr'>sanabat.</span> <span class='ocrx_word' id='word_1_693' title='bbox 2501 4417 2696 4471; x_wconf 91' lang='lat' dir='ltr'>Potest</span> <span class='ocrx_word' id='word_1_694' title='bbox 2723 4420 2781 4471; x_wconf 89' lang='lat' dir='ltr'>et</span> <span class='ocrx_word' id='word_1_695' title='bbox 2807 4414 2951 4470; x_wconf 88' lang='lat' dir='ltr'>illud</span> <span class='ocrx_word' id='word_1_696' title='bbox 2997 4415 3241 4489; x_wconf 80' lang='lat' dir='ltr'>intelligi</span> <span class='ocrx_word' id='word_1_697' title='bbox 3276 4417 3431 4488; x_wconf 93' lang='lat' dir='ltr'>quod</span> <span class='ocrx_word' id='word_1_698' title='bbox 3463 4416 3615 4471; x_wconf 84' lang='lat' dir='ltr'>dixit</span> <span class='ocrx_word' id='word_1_699' title='bbox 3661 4434 3866 4474; x_wconf 79' lang='lat' dir='ltr'>susce-</span> 
     </span>
    </p>
   </div>
   <div class='ocr_carea' id='block_1_93' title="bbox 2205 4502 3864 4581">
    <p class='ocr_par' dir='ltr' id='par_1_93' title="bbox 2205 4502 3864 4581">
     <span class='ocr_line' id='line_1_93' title="bbox 2205 4502 3864 4581; baseline 0.001 -20"><span class='ocrx_word' id='word_1_700' title='bbox 2205 4507 2362 4580; x_wconf 83' lang='lat' dir='ltr'>pisse</span> <span class='ocrx_word' id='word_1_701' title='bbox 2396 4523 2456 4563; x_wconf 90' lang='lat' dir='ltr'>se</span> <span class='ocrx_word' id='word_1_702' title='bbox 2486 4521 2620 4562; x_wconf 90' lang='lat' dir='ltr'>cum</span> <span class='ocrx_word' id='word_1_703' title='bbox 2653 4502 2868 4576; x_wconf 89' lang='lat' dir='ltr'>populo</span> <span class='ocrx_word' id='word_1_704' title='bbox 2907 4503 3370 4581; x_wconf 86' lang='lat' dir='ltr'>misericordiam</span> <span class='ocrx_word' id='word_1_705' title='bbox 3420 4503 3522 4560; x_wconf 88' lang='lat' dir='ltr'>Dei</span> <span class='ocrx_word' id='word_1_706' title='bbox 3569 4504 3633 4560; x_wconf 85' lang='lat' dir='ltr'>in</span> <span class='ocrx_word' id='word_1_707' title='bbox 3666 4507 3864 4562; x_wconf 81' lang='lat' dir='ltr'>medio</span> 
     </span>
    </p>
   </div>
   <div class='ocr_carea' id='block_1_94' title="bbox 447 4591 3867 4679">
    <p class='ocr_par' dir='ltr' id='par_1_94' title="bbox 447 4591 3867 4679">
     <span class='ocr_line' id='line_1_94' title="bbox 447 4591 3867 4679; baseline 0.001 -31"><span class='ocrx_word' id='word_1_708' title='bbox 447 4591 888 4658; x_wconf 84' lang='lat' dir='ltr'>commercium,</span> <span class='ocrx_word' id='word_1_709' title='bbox 920 4597 977 4648; x_wconf 87' lang='lat' dir='ltr'>et</span> <span class='ocrx_word' id='word_1_710' title='bbox 1000 4598 1215 4648; x_wconf 80' lang='lat' dir='ltr'>mutuae</span> <span class='ocrx_word' id='word_1_711' title='bbox 1248 4594 1445 4664; x_wconf 74' lang='lat' dir='ltr'>gratim</span> <span class='ocrx_word' id='word_1_712' title='bbox 1489 4594 1882 4650; x_wconf 86' lang='lat' dir='ltr'>concertantis</span> <span class='ocrx_word' id='word_1_713' title='bbox 1921 4597 2092 4651; x_wconf 81' lang='lat' dir='ltr'>affec-</span> <span class='ocrx_word' id='word_1_714' title='bbox 2125 4615 2170 4679; x_wconf 68' lang='grc' dir='ltr'>ι)</span> <span class='ocrx_word' id='word_1_715' title='bbox 2204 4595 2405 4668; x_wconf 88' lang='lat' dir='ltr'>templi</span> <span class='ocrx_word' id='word_1_716' title='bbox 2433 4596 2597 4666; x_wconf 89' lang='lat' dir='ltr'>ejus;</span> <span class='ocrx_word' id='word_1_717' title='bbox 2633 4593 2910 4666; x_wconf 86' lang='lat' dir='ltr'>quoniam</span> <span class='ocrx_word' id='word_1_718' title='bbox 2944 4593 3070 4664; x_wconf 84' lang='lat' dir='ltr'>ipse</span> <span class='ocrx_word' id='word_1_719' title='bbox 3099 4592 3415 4649; x_wconf 86' lang='lat' dir='ltr'>Ecclesiam</span> <span class='ocrx_word' id='word_1_720' title='bbox 3449 4610 3622 4650; x_wconf 88' lang='lat' dir='ltr'>suam</span> <span class='ocrx_word' id='word_1_721' title='bbox 3654 4594 3867 4651; x_wconf 80' lang='lat' dir='ltr'>funda-</span> 
     </span>
    </p>
   </div>
   <div class='ocr_carea' id='block_1_95' title="bbox 443 4680 2093 4754">
    <p class='ocr_par' dir='ltr' id='par_1_95' title="bbox 443 4680 2093 4754">
     <span class='ocr_line' id='line_1_95' title="bbox 443 4680 2093 4754; baseline 0.001 -16"><span class='ocrx_word' id='word_1_722' title='bbox 443 4685 596 4738; x_wconf 87' lang='lat' dir='ltr'>tum.</span> <span class='ocrx_word' id='word_1_723' title='bbox 631 4680 760 4737; x_wconf 77' lang='lat' dir='ltr'>Has</span> <span class='ocrx_word' id='word_1_724' title='bbox 782 4696 940 4753; x_wconf 89' lang='lat' dir='ltr'>ergo,</span> <span class='ocrx_word' id='word_1_725' title='bbox 976 4697 1151 4736; x_wconf 88' lang='lat' dir='ltr'>naves</span> <span class='ocrx_word' id='word_1_726' title='bbox 1183 4681 1220 4734; x_wconf 90' lang='lat' dir='ltr'>ii</span> <span class='ocrx_word' id='word_1_727' title='bbox 1255 4683 1355 4752; x_wconf 90' lang='lat' dir='ltr'>qui</span> <span class='ocrx_word' id='word_1_728' title='bbox 1377 4683 1550 4754; x_wconf 82' lang='lat' dir='ltr'>regali</span> <span class='ocrx_word' id='word_1_729' title='bbox 1576 4684 1634 4738; x_wconf 88' lang='lat' dir='ltr'>in</span> <span class='ocrx_word' id='word_1_730' title='bbox 1668 4700 1729 4738; x_wconf 91' lang='lat' dir='ltr'>se</span> <span class='ocrx_word' id='word_1_731' title='bbox 1750 4684 2093 4740; x_wconf 80' lang='lat' dir='ltr'>auctoritate</span> 
     </span>
    </p>
   </div>
   <div class='ocr_carea' id='block_1_96' title="bbox 443 4769 2086 4844">
    <p class='ocr_par' dir='ltr' id='par_1_96' title="bbox 443 4769 2086 4844">
     <span class='ocr_line' id='line_1_96' title="bbox 443 4769 2086 4844; baseline 0.001 -17"><span class='ocrx_word' id='word_1_732' title='bbox 443 4771 751 4843; x_wconf 82' lang='lat' dir='ltr'>potiuntur</span> <span class='ocrx_word' id='word_1_733' title='bbox 781 4769 850 4825; x_wconf 90' lang='lat' dir='ltr'>ad</span> <span class='ocrx_word' id='word_1_734' title='bbox 884 4769 1264 4824; x_wconf 87' lang='lat' dir='ltr'>coercendam</span> <span class='ocrx_word' id='word_1_735' title='bbox 1302 4770 1575 4826; x_wconf 90' lang='lat' dir='ltr'>ferociam</span> <span class='ocrx_word' id='word_1_736' title='bbox 1599 4772 1980 4844; x_wconf 83' lang='lat' dir='ltr'>corporalem,</span> <span class='ocrx_word' id='word_1_737' title='bbox 2003 4774 2086 4829; x_wconf 86' lang='lat' dir='ltr'>vi-</span> 
     </span>
    </p>
   </div>
   <div class='ocr_carea' id='block_1_97' title="bbox 443 4857 2089 4930">
    <p class='ocr_par' dir='ltr' id='par_1_97' title="bbox 443 4857 2089 4930">
     <span class='ocr_line' id='line_1_97' title="bbox 443 4857 2089 4930; baseline 0.002 -15"><span class='ocrx_word' id='word_1_738' title='bbox 443 4860 649 4916; x_wconf 83' lang='lat' dir='ltr'>dentes</span> <span class='ocrx_word' id='word_1_739' title='bbox 673 4875 742 4914; x_wconf 84' lang='lat' dir='ltr'>ex</span> <span class='ocrx_word' id='word_1_740' title='bbox 763 4857 1245 4930; x_wconf 88' lang='lat' dir='ltr'>corruptibilibus</span> <span class='ocrx_word' id='word_1_741' title='bbox 1265 4857 1322 4912; x_wconf 87' lang='lat' dir='ltr'>iu</span> <span class='ocrx_word' id='word_1_742' title='bbox 1356 4863 1754 4930; x_wconf 86' lang='lat' dir='ltr'>corruptas,ex</span> <span class='ocrx_word' id='word_1_743' title='bbox 1775 4862 2089 4920; x_wconf 86' lang='lat' dir='ltr'>maculosis</span> 
     </span>
    </p>
   </div>
   <div class='ocr_carea' id='block_1_98' title="bbox 439 4944 2088 5025">
    <p class='ocr_par' dir='ltr' id='par_1_98' title="bbox 439 4944 2088 5025">
     <span class='ocr_line' id='line_1_98' title="bbox 439 4944 2088 5025; baseline 0.002 -21"><span class='ocrx_word' id='word_1_744' title='bbox 439 4963 676 5004; x_wconf 87' lang='lat' dir='ltr'>summa</span> <span class='ocrx_word' id='word_1_745' title='bbox 704 4947 900 5020; x_wconf 68' lang='lat' dir='ltr'>gratia:</span> <span class='ocrx_word' id='word_1_746' title='bbox 947 4946 1079 5004; x_wconf 90' lang='lat' dir='ltr'>luce</span> <span class='ocrx_word' id='word_1_747' title='bbox 1119 4944 1428 5020; x_wconf 88' lang='lat' dir='ltr'>fulgentes,</span> <span class='ocrx_word' id='word_1_748' title='bbox 1479 4963 1547 5002; x_wconf 88' lang='lat' dir='ltr'>ex</span> <span class='ocrx_word' id='word_1_749' title='bbox 1583 4949 1886 5007; x_wconf 90' lang='lat' dir='ltr'>dissolutis</span> <span class='ocrx_word' id='word_1_750' title='bbox 1916 4957 2088 5025; x_wconf 89' lang='lat' dir='ltr'>atque</span> 
     </span>
    </p>
   </div>
   <div class='ocr_carea' id='block_1_99' title="bbox 510 5061 2090 5136">
    <p class='ocr_par' dir='ltr' id='par_1_99' title="bbox 510 5061 2090 5136">
     <span class='ocr_line' id='line_1_99' title="bbox 510 5061 2090 5136; baseline 0.001 -17"><span class='ocrx_word' id='word_1_751' title='bbox 510 5065 586 5135; x_wconf 88' lang='lat'>(7)</span> <span class='ocrx_word' id='word_1_752' title='bbox 618 5063 786 5136; x_wconf 83' lang='lat' dir='ltr'>Rom.</span> <span class='ocrx_word' id='word_1_753' title='bbox 820 5065 957 5118; x_wconf 88' lang='lat' dir='ltr'>edit.</span> <span class='ocrx_word' id='word_1_754' title='bbox 995 5061 1139 5119; x_wconf 88' lang='lat' dir='ltr'>sola.</span> <span class='ocrx_word' id='word_1_755' title='bbox 1193 5063 1435 5118; x_wconf 63' lang='lat' dir='ltr'>Ochosz&#39;zc</span> <span class='ocrx_word' id='word_1_756' title='bbox 1485 5065 1605 5132; x_wconf 69' lang='lat' dir='ltr'>regi</span> <span class='ocrx_word' id='word_1_757' title='bbox 1659 5073 1709 5119; x_wconf 80' lang='lat' dir='ltr'>et</span> <span class='ocrx_word' id='word_1_758' title='bbox 1755 5067 1834 5120; x_wconf 76' lang='lat' dir='ltr'>sic</span> <span class='ocrx_word' id='word_1_759' title='bbox 1878 5067 2090 5136; x_wconf 76' lang='lat' dir='ltr'>placuit</span> 
     </span>
    </p>
   </div>
   <div class='ocr_carea' id='block_1_100' title="bbox 451 5136 1570 5206">
    <p class='ocr_par' dir='ltr' id='par_1_100' title="bbox 451 5136 1570 5206">
     <span class='ocr_line' id='line_1_100' title="bbox 451 5136 1570 5206; baseline 0 -16"><span class='ocrx_word' id='word_1_760' title='bbox 451 5143 509 5190; x_wconf 80' lang='lat' dir='ltr'>at</span> <span class='ocrx_word' id='word_1_761' title='bbox 537 5137 784 5206; x_wconf 74' lang='lat' dir='ltr'>facerent</span> <span class='ocrx_word' id='word_1_762' title='bbox 811 5151 972 5190; x_wconf 75' lang='lat' dir='ltr'>nares</span> <span class='ocrx_word' id='word_1_763' title='bbox 1003 5143 1051 5190; x_wconf 76' lang='lat' dir='ltr'>rt</span> <span class='ocrx_word' id='word_1_764' title='bbox 1077 5137 1217 5206; x_wconf 74' lang='lat' dir='ltr'>irent</span> <span class='ocrx_word' id='word_1_765' title='bbox 1247 5137 1306 5188; x_wconf 79' lang='lat' dir='ltr'>in.</span> <span class='ocrx_word' id='word_1_766' title='bbox 1339 5136 1570 5190; x_wconf 68' lang='lat' dir='ltr'>Tharsis.</span> 
     </span>
    </p>
   </div>
   <div class='ocr_carea' id='block_1_101' title="bbox 511 5205 2085 5278">
    <p class='ocr_par' dir='ltr' id='par_1_101' title="bbox 511 5205 2085 5278">
     <span class='ocr_line' id='line_1_101' title="bbox 511 5205 2085 5278; baseline 0.003 -19"><span class='ocrx_word' id='word_1_767' title='bbox 511 5206 590 5278; x_wconf 77' lang='lat'>(8)</span> <span class='ocrx_word' id='word_1_768' title='bbox 623 5207 767 5262; x_wconf 87' lang='lat' dir='ltr'>Cum</span> <span class='ocrx_word' id='word_1_769' title='bbox 800 5206 1178 5278; x_wconf 79' lang='lat' dir='ltr'>doceturhoc</span> <span class='ocrx_word' id='word_1_770' title='bbox 1205 5205 1333 5278; x_wconf 92' lang='lat' dir='ltr'>loco</span> <span class='ocrx_word' id='word_1_771' title='bbox 1363 5212 1664 5277; x_wconf 90' lang='lat' dir='ltr'>peccatum</span> <span class='ocrx_word' id='word_1_772' title='bbox 1700 5207 1899 5261; x_wconf 87' lang='lat' dir='ltr'>mundi</span> <span class='ocrx_word' id='word_1_773' title='bbox 1927 5208 2085 5265; x_wconf 90' lang='lat' dir='ltr'>nullo</span> 
     </span>
    </p>
   </div>
   <div class='ocr_carea' id='block_1_102' title="bbox 447 5275 2081 5360">
    <p class='ocr_par' dir='ltr' id='par_1_102' title="bbox 447 5275 2081 5360">
     <span class='ocr_line' id='line_1_102' title="bbox 447 5275 2081 5360; baseline 0.002 -29"><span class='ocrx_word' id='word_1_774' title='bbox 447 5275 783 5360; x_wconf 48' lang='lat' dir='ltr'>aliquando,</span> <span class='ocrx_word' id='word_1_775' title='bbox 801 5295 978 5360; x_wconf 75' lang='lat' dir='ltr'>quam</span> <span class='ocrx_word' id='word_1_776' title='bbox 1001 5277 1213 5360; x_wconf 82' lang='lat' dir='ltr'>Christi</span> <span class='ocrx_word' id='word_1_777' title='bbox 1238 5275 1523 5360; x_wconf 77' lang='lat' dir='ltr'>sanguine</span> <span class='ocrx_word' id='word_1_778' title='bbox 1549 5278 2081 5360; x_wconf 37' lang='lat' dir='ltr'>potuissc‘aboleri,</span> 
     </span>
    </p>
   </div>
   <div class='ocr_carea' id='block_1_103' title="bbox 438 5345 2080 5422">
    <p class='ocr_par' dir='ltr' id='par_1_103' title="bbox 438 5345 2080 5422">
     <span class='ocr_line' id='line_1_103' title="bbox 438 5345 2080 5422; baseline 0.004 -23"><span class='ocrx_word' id='word_1_779' title='bbox 438 5345 579 5422; x_wconf 77' lang='lat' dir='ltr'>illud</span> <span class='ocrx_word' id='word_1_780' title='bbox 603 5345 1046 5422; x_wconf 74' lang='lat' dir='ltr'>intelligendum</span> <span class='ocrx_word' id='word_1_781' title='bbox 1068 5353 1155 5403; x_wconf 90' lang='lat' dir='ltr'>est</span> <span class='ocrx_word' id='word_1_782' title='bbox 1176 5366 1241 5403; x_wconf 84' lang='lat' dir='ltr'>cx</span> <span class='ocrx_word' id='word_1_783' title='bbox 1265 5345 1424 5420; x_wconf 63' lang='lat' dir='ltr'>patre</span> <span class='ocrx_word' id='word_1_784' title='bbox 1452 5345 1640 5421; x_wconf 83' lang='lat' dir='ltr'>ipsius</span> <span class='ocrx_word' id='word_1_785' title='bbox 1659 5351 1858 5404; x_wconf 89' lang='lat' dir='ltr'>mundi</span> <span class='ocrx_word' id='word_1_786' title='bbox 1885 5369 1896 5417; x_wconf 91' lang='lat'>;</span> <span class='ocrx_word' id='word_1_787' title='bbox 1930 5354 2080 5422; x_wconf 88' lang='lat' dir='ltr'>quod</span> 
     </span>
    </p>
   </div>
   <div class='ocr_carea' id='block_1_104' title="bbox 443 5417 2082 5493">
    <p class='ocr_par' dir='ltr' id='par_1_104' title="bbox 443 5417 2082 5493">
     <span class='ocr_line' id='line_1_104' title="bbox 443 5417 2082 5493; baseline 0.004 -22"><span class='ocrx_word' id='word_1_788' title='bbox 443 5417 665 5474; x_wconf 87' lang='lat' dir='ltr'>scilicet</span> <span class='ocrx_word' id='word_1_789' title='bbox 695 5417 856 5493; x_wconf 80' lang='lat' dir='ltr'>nulla</span> <span class='ocrx_word' id='word_1_790' title='bbox 885 5421 1184 5493; x_wconf 74' lang='lat' dir='ltr'>exsisteret</span> <span class='ocrx_word' id='word_1_791' title='bbox 1217 5417 1362 5490; x_wconf 86' lang='lat' dir='ltr'>pura</span> <span class='ocrx_word' id='word_1_792' title='bbox 1391 5417 1675 5488; x_wconf 78' lang='lat' dir='ltr'>creatura,</span> <span class='ocrx_word' id='word_1_793' title='bbox 1711 5440 1839 5493; x_wconf 74' lang='lat' dir='ltr'>qua:</span> <span class='ocrx_word' id='word_1_794' title='bbox 1859 5417 1961 5475; x_wconf 56' lang='lat' dir='ltr'>vel&#39;</span> <span class='ocrx_word' id='word_1_795' title='bbox 1981 5441 2082 5493; x_wconf 89' lang='lat' dir='ltr'>pro</span> 
     </span>
    </p>
   </div>
   <div class='ocr_carea' id='block_1_105' title="bbox 442 5491 2080 5562">
    <p class='ocr_par' dir='ltr' id='par_1_105' title="bbox 442 5491 2080 5562">
     <span class='ocr_line' id='line_1_105' title="bbox 442 5491 2080 5562; baseline 0.006 -22"><span class='ocrx_word' id='word_1_796' title='bbox 442 5491 736 5562; x_wconf 81' lang='lat' dir='ltr'>communi</span> <span class='ocrx_word' id='word_1_797' title='bbox 780 5496 1013 5562; x_wconf 85' lang='lat' dir='ltr'>peccato</span> <span class='ocrx_word' id='word_1_798' title='bbox 1061 5491 1145 5546; x_wconf 89' lang='lat' dir='ltr'>vel</span> <span class='ocrx_word' id='word_1_799' title='bbox 1200 5509 1302 5562; x_wconf 87' lang='lat' dir='ltr'>pro</span> <span class='ocrx_word' id='word_1_800' title='bbox 1351 5509 1456 5547; x_wconf 89' lang='lat' dir='ltr'>suo</span> <span class='ocrx_word' id='word_1_801' title='bbox 1507 5491 1842 5548; x_wconf 75' lang='lat' dir='ltr'>satisfacere</span> <span class='ocrx_word' id='word_1_802' title='bbox 1875 5491 2080 5550; x_wconf 80' lang='lat' dir='ltr'>saltem</span> 
     </span>
    </p>
   </div>
   <div class='ocr_carea' id='block_1_106' title="bbox 439 5557 2083 5632">
    <p class='ocr_par' dir='ltr' id='par_1_106' title="bbox 439 5557 2083 5632">
     <span class='ocr_line' id='line_1_106' title="bbox 439 5557 2083 5632; baseline 0.005 -19"><span class='ocrx_word' id='word_1_803' title='bbox 439 5557 609 5632; x_wconf 77' lang='lat' dir='ltr'>plene</span> <span class='ocrx_word' id='word_1_804' title='bbox 640 5557 1006 5632; x_wconf 74' lang='lat' dir='ltr'>perfectoque</span> <span class='ocrx_word' id='word_1_805' title='bbox 1035 5557 1251 5632; x_wconf 76' lang='lat' dir='ltr'>posset,</span> <span class='ocrx_word' id='word_1_806' title='bbox 1278 5568 1342 5618; x_wconf 89' lang='lat' dir='ltr'>ut</span> <span class='ocrx_word' id='word_1_807' title='bbox 1372 5565 1764 5619; x_wconf 85' lang='lat' dir='ltr'>communiter</span> <span class='ocrx_word' id='word_1_808' title='bbox 1785 5566 2083 5621; x_wconf 82' lang='lat' dir='ltr'>affirmant</span> 
     </span>
    </p>
   </div>
   <div class='ocr_carea' id='block_1_107' title="bbox 435 5627 2077 5709">
    <p class='ocr_par' dir='ltr' id='par_1_107' title="bbox 435 5627 2077 5709">
     <span class='ocr_line' id='line_1_107' title="bbox 435 5627 2077 5709; baseline 0.004 -23"><span class='ocrx_word' id='word_1_809' title='bbox 435 5627 740 5709; x_wconf 52' lang='lat' dir='ltr'>Theologi:</span> <span class='ocrx_word' id='word_1_810' title='bbox 763 5627 976 5709; x_wconf 72' lang='lat' dir='ltr'>Verum</span> <span class='ocrx_word' id='word_1_811' title='bbox 1027 5627 1095 5709; x_wconf 75' lang='lat' dir='ltr'>ex</span> <span class='ocrx_word' id='word_1_812' title='bbox 1128 5627 1294 5709; x_wconf 80' lang='lat' dir='ltr'>parte</span> <span class='ocrx_word' id='word_1_813' title='bbox 1344 5637 1440 5709; x_wconf 85' lang='lat' dir='ltr'>Dei</span> <span class='ocrx_word' id='word_1_814' title='bbox 1470 5635 1526 5690; x_wconf 89' lang='lat' dir='ltr'>S.</span> <span class='ocrx_word' id='word_1_815' title='bbox 1563 5635 1817 5709; x_wconf 85' lang='lat' dir='ltr'>Thomas</span> <span class='ocrx_word' id='word_1_816' title='bbox 1840 5641 1985 5709; x_wconf 84' lang='lat' dir='ltr'>part.</span> <span class='ocrx_word' id='word_1_817' title='bbox 2019 5656 2077 5693; x_wconf 80' lang='grc' dir='ltr'>ιιι</span> 
     </span>
    </p>
   </div>
   <div class='ocr_carea' id='block_1_108' title="bbox 437 5703 2073 5778">
    <p class='ocr_par' dir='ltr' id='par_1_108' title="bbox 437 5703 2073 5778">
     <span class='ocr_line' id='line_1_108' title="bbox 437 5703 2073 5778; baseline 0.006 -22"><span class='ocrx_word' id='word_1_818' title='bbox 437 5704 646 5773; x_wconf 72' lang='lat' dir='ltr'>quaest,</span> <span class='ocrx_word' id='word_1_819' title='bbox 680 5703 764 5770; x_wconf 80' lang='grc'>46,</span> <span class='ocrx_word' id='word_1_820' title='bbox 800 5705 907 5755; x_wconf 86' lang='lat' dir='ltr'>art.</span> <span class='ocrx_word' id='word_1_821' title='bbox 948 5705 1001 5767; x_wconf 80' lang='grc'>2,</span> <span class='ocrx_word' id='word_1_822' title='bbox 1052 5704 1361 5773; x_wconf 85' lang='lat' dir='ltr'>Augustini</span> <span class='ocrx_word' id='word_1_823' title='bbox 1411 5707 1751 5764; x_wconf 85' lang='lat' dir='ltr'>auctoritate</span> <span class='ocrx_word' id='word_1_824' title='bbox 1799 5703 2073 5778; x_wconf 78' lang='lat' dir='ltr'>ostendit,</span> 
     </span>
    </p>
   </div>
   <div class='ocr_carea' id='block_1_109' title="bbox 2199 4682 3862 4756">
    <p class='ocr_par' dir='ltr' id='par_1_109' title="bbox 2199 4682 3862 4756">
     <span class='ocr_line' id='line_1_109' title="bbox 2199 4682 3862 4756; baseline 0.001 -16"><span class='ocrx_word' id='word_1_825' title='bbox 2199 4685 2299 4754; x_wconf 87' lang='lat' dir='ltr'>vit,</span> <span class='ocrx_word' id='word_1_826' title='bbox 2333 4689 2391 4741; x_wconf 91' lang='lat' dir='ltr'>et</span> <span class='ocrx_word' id='word_1_827' title='bbox 2409 4683 2749 4756; x_wconf 87' lang='lat' dir='ltr'>propagavit</span> <span class='ocrx_word' id='word_1_828' title='bbox 2775 4683 2834 4737; x_wconf 90' lang='lat' dir='ltr'>in</span> <span class='ocrx_word' id='word_1_829' title='bbox 2869 4685 3153 4738; x_wconf 60' lang='lat' dir='ltr'>aeternum</span> <span class='ocrx_word' id='word_1_830' title='bbox 3183 4701 3196 4750; x_wconf 90' lang='lat'><strong>;</strong></span> <span class='ocrx_word' id='word_1_831' title='bbox 3233 4682 3513 4754; x_wconf 89' lang='lat' dir='ltr'>quoniam</span> <span class='ocrx_word' id='word_1_832' title='bbox 3564 4683 3695 4755; x_wconf 87' lang='lat' dir='ltr'>ipse</span> <span class='ocrx_word' id='word_1_833' title='bbox 3725 4701 3862 4741; x_wconf 72' lang='lat' dir='ltr'>vere</span> 
     </span>
    </p>
   </div>
   <div class='ocr_carea' id='block_1_110' title="bbox 2201 4770 3860 4844">
    <p class='ocr_par' dir='ltr' id='par_1_110' title="bbox 2201 4770 3860 4844">
     <span class='ocr_line' id='line_1_110' title="bbox 2201 4770 3860 4844; baseline -0.001 -14"><span class='ocrx_word' id='word_1_834' title='bbox 2201 4791 2335 4830; x_wconf 90' lang='lat' dir='ltr'>cum</span> <span class='ocrx_word' id='word_1_835' title='bbox 2369 4773 2512 4830; x_wconf 87' lang='lat' dir='ltr'>Filio</span> <span class='ocrx_word' id='word_1_836' title='bbox 2557 4789 2662 4828; x_wconf 91' lang='lat' dir='ltr'>suo</span> <span class='ocrx_word' id='word_1_837' title='bbox 2713 4770 3014 4843; x_wconf 88' lang='lat' dir='ltr'>unigenito</span> <span class='ocrx_word' id='word_1_838' title='bbox 3063 4771 3216 4826; x_wconf 91' lang='lat' dir='ltr'>hanc</span> <span class='ocrx_word' id='word_1_839' title='bbox 3258 4772 3508 4844; x_wconf 87' lang='lat' dir='ltr'>gratiam</span> <span class='ocrx_word' id='word_1_840' title='bbox 3543 4771 3704 4844; x_wconf 86' lang='lat' dir='ltr'>plebi</span> <span class='ocrx_word' id='word_1_841' title='bbox 3736 4789 3860 4829; x_wconf 74' lang='lat' dir='ltr'>sua</span> 
     </span>
    </p>
   </div>
   <div class='ocr_carea' id='block_1_111' title="bbox 2198 4860 3863 4936">
    <p class='ocr_par' dir='ltr' id='par_1_111' title="bbox 2198 4860 3863 4936">
     <span class='ocr_line' id='line_1_111' title="bbox 2198 4860 3863 4936; baseline -0.001 -17"><span class='ocrx_word' id='word_1_842' title='bbox 2198 4862 2464 4931; x_wconf 91' lang='lat' dir='ltr'>contulit,</span> <span class='ocrx_word' id='word_1_843' title='bbox 2512 4876 2685 4933; x_wconf 89' lang='lat' dir='ltr'>quem</span> <span class='ocrx_word' id='word_1_844' title='bbox 2735 4860 3148 4936; x_wconf 68' lang='lat' dir='ltr'>aedificatorem</span> <span class='ocrx_word' id='word_1_845' title='bbox 3198 4860 3376 4915; x_wconf 87' lang='lat' dir='ltr'>etiam</span> <span class='ocrx_word' id='word_1_846' title='bbox 3424 4860 3863 4918; x_wconf 80' lang='lat' dir='ltr'>demonstravit</span> 
     </span>
    </p>
   </div>
   <div class='ocr_carea' id='block_1_112' title="bbox 2197 4941 3857 5020">
    <p class='ocr_par' dir='ltr' id='par_1_112' title="bbox 2197 4941 3857 5020">
     <span class='ocr_line' id='line_1_112' title="bbox 2197 4941 3857 5020; baseline -0.001 -13"><span class='ocrx_word' id='word_1_847' title='bbox 2197 4952 2396 5007; x_wconf 89' lang='lat' dir='ltr'>dicens</span> <span class='ocrx_word' id='word_1_848' title='bbox 2426 4967 2439 5005; x_wconf 90' lang='lat'>:</span> <span class='ocrx_word' id='word_1_849' title='bbox 2474 4974 2501 5001; x_wconf 85' lang='grc'><em>‹‹</em></span> <span class='ocrx_word' id='word_1_850' title='bbox 2537 4949 2640 5005; x_wconf 84' lang='lat' dir='ltr'>Hic</span> <span class='ocrx_word' id='word_1_851' title='bbox 2679 4948 2991 5004; x_wconf 75' lang='lat' dir='ltr'>aadificabit</span> <span class='ocrx_word' id='word_1_852' title='bbox 3040 4941 3185 5003; x_wconf 84' lang='lat' dir='ltr'>mihi</span> <span class='ocrx_word' id='word_1_853' title='bbox 3235 4947 3528 5007; x_wconf 83' lang='lat' dir='ltr'>civitatem</span> <span class='ocrx_word' id='word_1_854' title='bbox 3561 4947 3698 5020; x_wconf 82' lang='lat' dir='ltr'>(Isa.</span> <span class='ocrx_word' id='word_1_855' title='bbox 3723 4967 3857 5017; x_wconf 79' lang='lat' dir='ltr'>XLV,</span> 
     </span>
    </p>
   </div>
   <div class='ocr_carea' id='block_1_113' title="bbox 2196 5063 3857 5123">
    <p class='ocr_par' dir='ltr' id='par_1_113' title="bbox 2196 5063 3857 5123">
     <span class='ocr_line' id='line_1_113' title="bbox 2196 5063 3857 5123; baseline 0 -1"><span class='ocrx_word' id='word_1_856' title='bbox 2196 5067 2428 5123; x_wconf 87' lang='lat' dir='ltr'>tametsi</span> <span class='ocrx_word' id='word_1_857' title='bbox 2464 5066 2672 5121; x_wconf 90' lang='lat' dir='ltr'>modus</span> <span class='ocrx_word' id='word_1_858' title='bbox 2704 5063 3066 5120; x_wconf 89' lang='lat' dir='ltr'>liberationis</span> <span class='ocrx_word' id='word_1_859' title='bbox 3110 5064 3382 5120; x_wconf 64' lang='lat' dir='ltr'>humana;</span> <span class='ocrx_word' id='word_1_860' title='bbox 3431 5065 3608 5120; x_wconf 90' lang='lat' dir='ltr'>fuerit</span> <span class='ocrx_word' id='word_1_861' title='bbox 3641 5081 3857 5122; x_wconf 81' lang='lat' dir='ltr'>conve-</span> 
     </span>
    </p>
   </div>
   <div class='ocr_carea' id='block_1_114' title="bbox 2199 5135 3855 5204">
    <p class='ocr_par' dir='ltr' id='par_1_114' title="bbox 2199 5135 3855 5204">
     <span class='ocr_line' id='line_1_114' title="bbox 2199 5135 3855 5204; baseline -0.001 -10"><span class='ocrx_word' id='word_1_862' title='bbox 2199 5139 2624 5204; x_wconf 86' lang='lat' dir='ltr'>nientissimus,</span> <span class='ocrx_word' id='word_1_863' title='bbox 2659 5136 2925 5193; x_wconf 84' lang='lat' dir='ltr'>absolute</span> <span class='ocrx_word' id='word_1_864' title='bbox 2973 5141 3168 5192; x_wconf 85' lang='lat' dir='ltr'>tamen</span> <span class='ocrx_word' id='word_1_865' title='bbox 3215 5135 3397 5192; x_wconf 86' lang='lat' dir='ltr'>alium</span> <span class='ocrx_word' id='word_1_866' title='bbox 3436 5140 3550 5192; x_wconf 89' lang='lat' dir='ltr'>Deo</span> <span class='ocrx_word' id='word_1_867' title='bbox 3595 5153 3718 5192; x_wconf 89' lang='lat' dir='ltr'>non</span> <span class='ocrx_word' id='word_1_868' title='bbox 3754 5139 3855 5193; x_wconf 87' lang='lat' dir='ltr'>de-</span> 
     </span>
    </p>
   </div>
   <div class='ocr_carea' id='block_1_115' title="bbox 2197 5207 3856 5281">
    <p class='ocr_par' dir='ltr' id='par_1_115' title="bbox 2197 5207 3856 5281">
     <span class='ocr_line' id='line_1_115' title="bbox 2197 5207 3856 5281; baseline 0.001 -16"><span class='ocrx_word' id='word_1_869' title='bbox 2197 5211 2401 5277; x_wconf 84' lang='lat' dir='ltr'>fuisse,</span> <span class='ocrx_word' id='word_1_870' title='bbox 2436 5226 2550 5281; x_wconf 92' lang='lat' dir='ltr'>quo</span> <span class='ocrx_word' id='word_1_871' title='bbox 2585 5209 2872 5281; x_wconf 85' lang='lat' dir='ltr'>mundum</span> <span class='ocrx_word' id='word_1_872' title='bbox 2897 5207 3224 5263; x_wconf 80' lang='lat' dir='ltr'>redimeret.</span> <span class='ocrx_word' id='word_1_873' title='bbox 3252 5209 3412 5274; x_wconf 87' lang='lat' dir='ltr'>Quod</span> <span class='ocrx_word' id='word_1_874' title='bbox 3437 5223 3579 5281; x_wconf 81' lang='lat' dir='ltr'>sane</span> <span class='ocrx_word' id='word_1_875' title='bbox 3598 5209 3856 5266; x_wconf 87' lang='lat' dir='ltr'>Ambro-</span> 
     </span>
    </p>
   </div>
   <div class='ocr_carea' id='block_1_116' title="bbox 2197 5278 3852 5354">
    <p class='ocr_par' dir='ltr' id='par_1_116' title="bbox 2197 5278 3852 5354">
     <span class='ocr_line' id='line_1_116' title="bbox 2197 5278 3852 5354; baseline -0.001 -17"><span class='ocrx_word' id='word_1_876' title='bbox 2197 5283 2348 5337; x_wconf 91' lang='lat' dir='ltr'>sium</span> <span class='ocrx_word' id='word_1_877' title='bbox 2383 5278 2733 5354; x_wconf 79' lang='lat' dir='ltr'>negaturum</span> <span class='ocrx_word' id='word_1_878' title='bbox 2760 5278 2941 5334; x_wconf 89' lang='lat' dir='ltr'>tuisse</span> <span class='ocrx_word' id='word_1_879' title='bbox 2972 5296 3086 5354; x_wconf 83' lang='lat' dir='ltr'>non</span> <span class='ocrx_word' id='word_1_880' title='bbox 3121 5283 3425 5354; x_wconf 65' lang='lat' dir='ltr'>putamus.</span> <span class='ocrx_word' id='word_1_881' title='bbox 3453 5279 3659 5353; x_wconf 87' lang='lat' dir='ltr'>Neque</span> <span class='ocrx_word' id='word_1_882' title='bbox 3690 5282 3852 5354; x_wconf 84' lang='lat' dir='ltr'>enim</span> 
     </span>
    </p>
   </div>
   <div class='ocr_carea' id='block_1_117' title="bbox 2195 5349 3849 5424">
    <p class='ocr_par' dir='ltr' id='par_1_117' title="bbox 2195 5349 3849 5424">
     <span class='ocr_line' id='line_1_117' title="bbox 2195 5349 3849 5424; baseline 0 -16"><span class='ocrx_word' id='word_1_883' title='bbox 2195 5359 2314 5408; x_wconf 87' lang='lat' dir='ltr'>tam</span> <span class='ocrx_word' id='word_1_884' title='bbox 2347 5349 2580 5424; x_wconf 71' lang='lat' dir='ltr'>angusti</span> <span class='ocrx_word' id='word_1_885' title='bbox 2613 5350 2828 5406; x_wconf 88' lang='lat' dir='ltr'>limites</span> <span class='ocrx_word' id='word_1_886' title='bbox 2868 5349 3138 5424; x_wconf 67' lang='lat' dir='ltr'>potentiae</span> <span class='ocrx_word' id='word_1_887' title='bbox 3187 5368 3254 5406; x_wconf 89' lang='lat' dir='ltr'>ac</span> <span class='ocrx_word' id='word_1_888' title='bbox 3303 5349 3603 5424; x_wconf 71' lang='lat' dir='ltr'>sapientiae</span> <span class='ocrx_word' id='word_1_889' title='bbox 3639 5353 3849 5408; x_wconf 68' lang='lat' dir='ltr'>divinae-</span> 
     </span>
    </p>
   </div>
   <div class='ocr_carea' id='block_1_118' title="bbox 2194 5423 3848 5495">
    <p class='ocr_par' dir='ltr' id='par_1_118' title="bbox 2194 5423 3848 5495">
     <span class='ocr_line' id='line_1_118' title="bbox 2194 5423 3848 5495; baseline -0.002 -14"><span class='ocrx_word' id='word_1_890' title='bbox 2194 5423 2486 5481; x_wconf 84' lang='lat' dir='ltr'>statuendi</span> <span class='ocrx_word' id='word_1_891' title='bbox 2513 5429 2668 5491; x_wconf 86' lang='lat' dir='ltr'>sunt,</span> <span class='ocrx_word' id='word_1_892' title='bbox 2686 5440 2859 5494; x_wconf 88' lang='lat' dir='ltr'>quam</span> <span class='ocrx_word' id='word_1_893' title='bbox 2886 5423 2990 5477; x_wconf 90' lang='lat' dir='ltr'>hac</span> <span class='ocrx_word' id='word_1_894' title='bbox 3007 5426 3207 5478; x_wconf 89' lang='lat' dir='ltr'>nostra</span> <span class='ocrx_word' id='word_1_895' title='bbox 3228 5427 3394 5495; x_wconf 77' lang='lat' dir='ltr'>aetate</span> <span class='ocrx_word' id='word_1_896' title='bbox 3407 5424 3654 5495; x_wconf 85' lang='lat' dir='ltr'>quidam</span> <span class='ocrx_word' id='word_1_897' title='bbox 3668 5425 3848 5480; x_wconf 85' lang='lat' dir='ltr'>etiam</span> 
     </span>
    </p>
   </div>
   <div class='ocr_carea' id='block_1_119' title="bbox 2192 5494 3848 5565">
    <p class='ocr_par' dir='ltr' id='par_1_119' title="bbox 2192 5494 3848 5565">
     <span class='ocr_line' id='line_1_119' title="bbox 2192 5494 3848 5565; baseline -0.001 -13"><span class='ocrx_word' id='word_1_898' title='bbox 2192 5512 2222 5552; x_wconf 90' lang='lat' dir='ltr'>e</span> <span class='ocrx_word' id='word_1_899' title='bbox 2253 5495 2554 5552; x_wconf 88' lang='lat' dir='ltr'>catholicis</span> <span class='ocrx_word' id='word_1_900' title='bbox 2587 5495 2867 5550; x_wconf 89' lang='lat' dir='ltr'>audacius</span> <span class='ocrx_word' id='word_1_901' title='bbox 2897 5511 3074 5565; x_wconf 89' lang='lat' dir='ltr'>quam</span> <span class='ocrx_word' id='word_1_902' title='bbox 3127 5494 3452 5550; x_wconf 85' lang='lat' dir='ltr'>consultius</span> <span class='ocrx_word' id='word_1_903' title='bbox 3497 5494 3748 5551; x_wconf 77' lang='lat' dir='ltr'>faciunt.</span> <span class='ocrx_word' id='word_1_904' title='bbox 3789 5497 3848 5550; x_wconf 76' lang='lat' dir='ltr'>Et</span> 
     </span>
    </p>
   </div>
   <div class='ocr_carea' id='block_1_120' title="bbox 2191 5566 3844 5639">
    <p class='ocr_par' dir='ltr' id='par_1_120' title="bbox 2191 5566 3844 5639">
     <span class='ocr_line' id='line_1_120' title="bbox 2191 5566 3844 5639; baseline 0.001 -17"><span class='ocrx_word' id='word_1_905' title='bbox 2191 5574 2344 5624; x_wconf 86' lang='lat' dir='ltr'>certe</span> <span class='ocrx_word' id='word_1_906' title='bbox 2376 5567 2531 5624; x_wconf 87' lang='lat' dir='ltr'>Psal.</span> <span class='ocrx_word' id='word_1_907' title='bbox 2575 5581 2720 5639; x_wconf 88' lang='lat' dir='ltr'>seq.,</span> <span class='ocrx_word' id='word_1_908' title='bbox 2751 5582 2898 5621; x_wconf 80' lang='lat' dir='ltr'>vers.</span> <span class='ocrx_word' id='word_1_909' title='bbox 2932 5566 2987 5633; x_wconf 89' lang='lat'>8,</span> <span class='ocrx_word' id='word_1_910' title='bbox 3022 5571 3261 5639; x_wconf 82' lang='lat' dir='ltr'>sanctus</span> <span class='ocrx_word' id='word_1_911' title='bbox 3292 5567 3501 5639; x_wconf 88' lang='lat' dir='ltr'>Doctor</span> <span class='ocrx_word' id='word_1_912' title='bbox 3552 5567 3667 5639; x_wconf 84' lang='lat' dir='ltr'>soli</span> <span class='ocrx_word' id='word_1_913' title='bbox 3703 5568 3844 5623; x_wconf 82' lang='lat' dir='ltr'>sim-</span> 
     </span>
    </p>
   </div>
   <div class='ocr_carea' id='block_1_121' title="bbox 2189 5636 3846 5767">
    <p class='ocr_par' dir='ltr' id='par_1_121' title="bbox 2189 5636 3846 5767">
     <span class='ocr_line' id='line_1_121' title="bbox 2190 5636 3846 5712; baseline -0.001 -19"><span class='ocrx_word' id='word_1_914' title='bbox 2190 5639 2323 5710; x_wconf 88' lang='lat' dir='ltr'>pliei</span> <span class='ocrx_word' id='word_1_915' title='bbox 2351 5639 2573 5694; x_wconf 89' lang='lat' dir='ltr'>homini</span> <span class='ocrx_word' id='word_1_916' title='bbox 2607 5636 2975 5712; x_wconf 80' lang='lat' dir='ltr'>peccatorum</span> <span class='ocrx_word' id='word_1_917' title='bbox 3009 5637 3488 5696; x_wconf 82' lang='lat' dir='ltr'>redimendorum</span> <span class='ocrx_word' id='word_1_918' title='bbox 3538 5636 3846 5712; x_wconf 76' lang='lat' dir='ltr'>ahjudicat</span> 
     </span>
     <span class='ocr_line' id='line_1_122' title="bbox 2189 5711 2546 5767; baseline -0.003 0"><span class='ocrx_word' id='word_1_919' title='bbox 2189 5711 2546 5767; x_wconf 85' lang='lat' dir='ltr'>facultatem.</span> 
     </span>
    </p>
   </div>
   <div class='ocr_carea' id='block_1_122' title="bbox 2213 5715 2546 5768">
    <p class='ocr_par' dir='ltr' id='par_1_122' title="bbox 2213 5715 2546 5768">
     <span class='ocr_line' id='line_1_123' title="bbox 2213 5715 2546 5768; baseline -0.006 0"><span class='ocrx_word' id='word_1_920' title='bbox 2213 5715 2546 5768; x_wconf 85' lang='lat' dir='ltr'>&#39;acultatem.</span> 
     </span>
    </p>
   </div>
  </div>
