  <div class='ocr_page' id='page_1' title='image "/cluster/home/n/w/nwhite01/storage/ocr_20150623/14/hvd.32044048207138/610.png"; bbox 0 0 4146 6190; ppageno 0'>
   <div class='ocr_carea' id='block_1_1' title="bbox 316 397 473 463">
    <p class='ocr_par' dir='ltr' id='par_1_1' title="bbox 316 397 473 463">
     <span class='ocr_line' id='line_1_1' title="bbox 316 397 473 463; baseline -0.019 0"><span class='ocrx_word' id='word_1_1' title='bbox 316 400 344 463; x_wconf 84' lang='grc'>1</span> <span class='ocrx_word' id='word_1_2' title='bbox 355 397 473 462; x_wconf 74' lang='grc'><strong>209</strong></span> 
     </span>
    </p>
   </div>
   <div class='ocr_carea' id='block_1_2' title="bbox 1385 390 2699 469">
    <p class='ocr_par' dir='ltr' id='par_1_2' title="bbox 1385 390 2699 469">
     <span class='ocr_line' id='line_1_2' title="bbox 1385 390 2699 469; baseline 0.011 -15"><span class='ocrx_word' id='word_1_3' title='bbox 1385 390 1846 454; x_wconf 81' lang='lat' dir='ltr'>ENARRATIO</span> <span class='ocrx_word' id='word_1_4' title='bbox 1891 392 1971 455; x_wconf 78' lang='grc' dir='ltr'>ῙΝ</span> <span class='ocrx_word' id='word_1_5' title='bbox 2019 395 2406 464; x_wconf 79' lang='lat' dir='ltr'>PSALMUM</span> <span class='ocrx_word' id='word_1_6' title='bbox 2452 401 2699 469; x_wconf 79' lang='lat' dir='ltr'>XLVII.</span> 
     </span>
    </p>
   </div>
   <div class='ocr_carea' id='block_1_3' title="bbox 3603 415 3761 482">
    <p class='ocr_par' dir='ltr' id='par_1_3' title="bbox 3603 415 3761 482">
     <span class='ocr_line' id='line_1_3' title="bbox 3603 415 3761 482; baseline 0.032 -5"><span class='ocrx_word' id='word_1_7' title='bbox 3603 415 3761 482; x_wconf 67' lang='lat'>“10</span> 
     </span>
    </p>
   </div>
   <div class='ocr_carea' id='block_1_4' title="bbox 313 525 3760 622">
    <p class='ocr_par' dir='ltr' id='par_1_4' title="bbox 313 525 3760 622">
     <span class='ocr_line' id='line_1_4' title="bbox 313 525 3760 622; baseline 0.006 -37"><span class='ocrx_word' id='word_1_8' title='bbox 313 532 405 605; x_wconf 68' lang='lat' dir='ltr'>i3)</span> <span class='ocrx_word' id='word_1_9' title='bbox 441 545 618 604; x_wconf 61' lang='lat' dir='ltr'>;~qua3</span> <span class='ocrx_word' id='word_1_10' title='bbox 649 526 869 586; x_wconf 71' lang='lat' dir='ltr'>diffusa</span> <span class='ocrx_word' id='word_1_11' title='bbox 889 531 1008 587; x_wconf 90' lang='lat' dir='ltr'>toto</span> <span class='ocrx_word' id='word_1_12' title='bbox 1040 525 1179 622; x_wconf 83' lang='lat' dir='ltr'>orbe</span> <span class='ocrx_word' id='word_1_13' title='bbox 1208 529 1521 622; x_wconf 84' lang='lat' dir='ltr'>terrarum,</span> <span class='ocrx_word' id='word_1_14' title='bbox 1556 525 1883 622; x_wconf 40' lang='lat' dir='ltr'>{DA-{fecit</span> <span class='ocrx_word' id='word_1_15' title='bbox 1918 533 1984 585; x_wconf 88' lang='lat' dir='ltr'>ut</span> <span class='ocrx_word' id='word_1_16' title='bbox 2013 536 2073 603; x_wconf 80' lang='grc' dir='ltr'><strong>Α</strong></span> <span class='ocrx_word' id='word_1_17' title='bbox 2103 531 2251 590; x_wconf 88' lang='lat' dir='ltr'>ciem</span> <span class='ocrx_word' id='word_1_18' title='bbox 2283 539 2544 608; x_wconf 86' lang='lat' dir='ltr'>spectare</span> <span class='ocrx_word' id='word_1_19' title='bbox 2577 537 2856 613; x_wconf 82' lang='lat' dir='ltr'>coeperint</span> <span class='ocrx_word' id='word_1_20' title='bbox 2886 539 3214 610; x_wconf 76' lang='lat' dir='ltr'>veritatem,</span> <span class='ocrx_word' id='word_1_21' title='bbox 3272 547 3413 601; x_wconf 91' lang='lat' dir='ltr'>tunc</span> <span class='ocrx_word' id='word_1_22' title='bbox 3468 545 3569 604; x_wconf 89' lang='lat' dir='ltr'>illa</span> <span class='ocrx_word' id='word_1_23' title='bbox 3632 565 3760 622; x_wconf 60' lang='lat' dir='ltr'>qua</span> 
     </span>
    </p>
   </div>
   <div class='ocr_carea' id='block_1_5' title="bbox 313 615 1989 693">
    <p class='ocr_par' dir='ltr' id='par_1_5' title="bbox 313 615 1989 693">
     <span class='ocr_line' id='line_1_5' title="bbox 313 615 1989 693; baseline -0.004 -14"><span class='ocrx_word' id='word_1_24' title='bbox 313 626 440 679; x_wconf 87' lang='lat' dir='ltr'>tota</span> <span class='ocrx_word' id='word_1_25' title='bbox 469 625 624 677; x_wconf 88' lang='lat' dir='ltr'>terra</span> <span class='ocrx_word' id='word_1_26' title='bbox 655 619 832 693; x_wconf 87' lang='lat' dir='ltr'>plena</span> <span class='ocrx_word' id='word_1_27' title='bbox 861 618 1054 675; x_wconf 78' lang='lat' dir='ltr'>laudis</span> <span class='ocrx_word' id='word_1_28' title='bbox 1085 617 1216 688; x_wconf 83' lang='lat' dir='ltr'>ejus</span> <span class='ocrx_word' id='word_1_29' title='bbox 1248 620 1404 674; x_wconf 83' lang='lat' dir='ltr'>esset</span> <span class='ocrx_word' id='word_1_30' title='bbox 1432 621 1490 672; x_wconf 89' lang='lat' dir='ltr'>et</span> <span class='ocrx_word' id='word_1_31' title='bbox 1509 615 1788 672; x_wconf 84' lang='lat' dir='ltr'>nominis.</span> <span class='ocrx_word' id='word_1_32' title='bbox 1822 616 1989 674; x_wconf 87' lang='lat' dir='ltr'>Sicut</span> 
     </span>
    </p>
   </div>
   <div class='ocr_carea' id='block_1_6' title="bbox 313 705 1986 782">
    <p class='ocr_par' dir='ltr' id='par_1_6' title="bbox 313 705 1986 782">
     <span class='ocr_line' id='line_1_6' title="bbox 313 705 1986 782; baseline -0.005 -14"><span class='ocrx_word' id='word_1_33' title='bbox 313 712 477 768; x_wconf 90' lang='lat' dir='ltr'>enim</span> <span class='ocrx_word' id='word_1_34' title='bbox 510 709 796 782; x_wconf 87' lang='lat' dir='ltr'>scriptum</span> <span class='ocrx_word' id='word_1_35' title='bbox 833 713 953 764; x_wconf 88' lang='lat' dir='ltr'>est:</span> <span class='ocrx_word' id='word_1_36' title='bbox 989 728 1019 757; x_wconf 80' lang='grc' dir='ltr'>α</span> <span class='ocrx_word' id='word_1_37' title='bbox 1052 705 1274 762; x_wconf 85' lang='lat' dir='ltr'>Laudis</span> <span class='ocrx_word' id='word_1_38' title='bbox 1296 706 1426 777; x_wconf 84' lang='lat' dir='ltr'>ejus</span> <span class='ocrx_word' id='word_1_39' title='bbox 1469 705 1647 778; x_wconf 88' lang='lat' dir='ltr'>plena</span> <span class='ocrx_word' id='word_1_40' title='bbox 1692 709 1782 760; x_wconf 89' lang='lat' dir='ltr'>est</span> <span class='ocrx_word' id='word_1_41' title='bbox 1829 709 1986 761; x_wconf 86' lang='lat' dir='ltr'>terra</span> 
     </span>
    </p>
   </div>
   <div class='ocr_carea' id='block_1_7' title="bbox 315 795 1989 873">
    <p class='ocr_par' dir='ltr' id='par_1_7' title="bbox 315 795 1989 873">
     <span class='ocr_line' id='line_1_7' title="bbox 315 795 1989 873; baseline -0.004 -15"><span class='ocrx_word' id='word_1_42' title='bbox 315 802 557 873; x_wconf 79' lang='lat' dir='ltr'>(Hahae.</span> <span class='ocrx_word' id='word_1_43' title='bbox 608 816 698 865; x_wconf 90' lang='grc' dir='ltr'>ιιι,</span> <span class='ocrx_word' id='word_1_44' title='bbox 746 799 825 868; x_wconf 87' lang='lat'>3),</span> <span class='ocrx_word' id='word_1_45' title='bbox 885 797 967 852; x_wconf 89' lang='lat' dir='ltr'>ita</span> <span class='ocrx_word' id='word_1_46' title='bbox 1025 795 1312 868; x_wconf 90' lang='lat' dir='ltr'>scriptum</span> <span class='ocrx_word' id='word_1_47' title='bbox 1371 799 1498 850; x_wconf 89' lang='lat' dir='ltr'>est:</span> <span class='ocrx_word' id='word_1_48' title='bbox 1572 817 1600 844; x_wconf 86' lang='lat'><strong><em>«</em></strong></span> <span class='ocrx_word' id='word_1_49' title='bbox 1631 795 1846 850; x_wconf 82' lang='lat' dir='ltr'>Datum</span> <span class='ocrx_word' id='word_1_50' title='bbox 1897 800 1989 851; x_wconf 87' lang='lat' dir='ltr'>est</span> 
     </span>
    </p>
   </div>
   <div class='ocr_carea' id='block_1_8' title="bbox 315 883 1986 959">
    <p class='ocr_par' dir='ltr' id='par_1_8' title="bbox 315 883 1986 959">
     <span class='ocr_line' id='line_1_8' title="bbox 315 883 1986 959; baseline -0.004 -12"><span class='ocrx_word' id='word_1_51' title='bbox 315 891 370 947; x_wconf 86' lang='lat' dir='ltr'>ei</span> <span class='ocrx_word' id='word_1_52' title='bbox 399 906 614 948; x_wconf 86' lang='lat' dir='ltr'>nomen</span> <span class='ocrx_word' id='word_1_53' title='bbox 635 904 811 959; x_wconf 82' lang='lat' dir='ltr'>super</span> <span class='ocrx_word' id='word_1_54' title='bbox 839 901 1014 941; x_wconf 91' lang='lat' dir='ltr'>omne</span> <span class='ocrx_word' id='word_1_55' title='bbox 1047 901 1258 940; x_wconf 87' lang='lat' dir='ltr'>nomen</span> <span class='ocrx_word' id='word_1_56' title='bbox 1286 902 1299 951; x_wconf 91' lang='lat'>;</span> <span class='ocrx_word' id='word_1_57' title='bbox 1337 889 1399 938; x_wconf 87' lang='lat' dir='ltr'>ut</span> <span class='ocrx_word' id='word_1_58' title='bbox 1429 884 1490 939; x_wconf 90' lang='lat' dir='ltr'>in</span> <span class='ocrx_word' id='word_1_59' title='bbox 1551 883 1792 940; x_wconf 85' lang='lat' dir='ltr'>nomine</span> <span class='ocrx_word' id='word_1_60' title='bbox 1842 885 1986 940; x_wconf 87' lang='lat' dir='ltr'>Jesu</span> 
     </span>
    </p>
   </div>
   <div class='ocr_carea' id='block_1_9' title="bbox 315 972 1991 1051">
    <p class='ocr_par' dir='ltr' id='par_1_9' title="bbox 315 972 1991 1051">
     <span class='ocr_line' id='line_1_9' title="bbox 315 972 1991 1051; baseline -0.004 -14"><span class='ocrx_word' id='word_1_61' title='bbox 315 995 496 1037; x_wconf 88' lang='lat' dir='ltr'>omne</span> <span class='ocrx_word' id='word_1_62' title='bbox 524 994 674 1051; x_wconf 89' lang='lat' dir='ltr'>genu</span> <span class='ocrx_word' id='word_1_63' title='bbox 728 979 926 1031; x_wconf 87' lang='lat' dir='ltr'>curvet</span> <span class='ocrx_word' id='word_1_64' title='bbox 973 973 1322 1041; x_wconf 63' lang='lat' dir='ltr'>calestium,</span> <span class='ocrx_word' id='word_1_65' title='bbox 1379 976 1437 1028; x_wconf 89' lang='lat' dir='ltr'>et</span> <span class='ocrx_word' id='word_1_66' title='bbox 1478 972 1869 1042; x_wconf 80' lang='lat' dir='ltr'>terrestrium,</span> <span class='ocrx_word' id='word_1_67' title='bbox 1931 979 1991 1031; x_wconf 90' lang='lat' dir='ltr'>et</span> 
     </span>
    </p>
   </div>
   <div class='ocr_carea' id='block_1_10' title="bbox 315 1063 1987 1134">
    <p class='ocr_par' dir='ltr' id='par_1_10' title="bbox 315 1063 1987 1134">
     <span class='ocr_line' id='line_1_10' title="bbox 315 1063 1987 1134; baseline -0.004 -9"><span class='ocrx_word' id='word_1_68' title='bbox 315 1070 681 1125; x_wconf 80' lang='lat' dir='ltr'>infernarum</span> <span class='ocrx_word' id='word_1_69' title='bbox 716 1082 730 1132; x_wconf 89' lang='lat'>;</span> <span class='ocrx_word' id='word_1_70' title='bbox 761 1069 821 1120; x_wconf 89' lang='lat' dir='ltr'>et</span> <span class='ocrx_word' id='word_1_71' title='bbox 841 1063 1037 1120; x_wconf 90' lang='lat' dir='ltr'>omnis</span> <span class='ocrx_word' id='word_1_72' title='bbox 1065 1063 1270 1134; x_wconf 82' lang='lat' dir='ltr'>lingua</span> <span class='ocrx_word' id='word_1_73' title='bbox 1300 1063 1650 1118; x_wconf 86' lang='lat' dir='ltr'>confiteatur</span> <span class='ocrx_word' id='word_1_74' title='bbox 1670 1064 1824 1134; x_wconf 93' lang='lat' dir='ltr'>quod</span> <span class='ocrx_word' id='word_1_75' title='bbox 1873 1063 1987 1119; x_wconf 90' lang='lat' dir='ltr'>Do-</span> 
     </span>
    </p>
   </div>
   <div class='ocr_carea' id='block_1_11' title="bbox 313 1151 1987 1226">
    <p class='ocr_par' dir='ltr' id='par_1_11' title="bbox 313 1151 1987 1226">
     <span class='ocr_line' id='line_1_11' title="bbox 313 1151 1987 1226; baseline -0.003 -14"><span class='ocrx_word' id='word_1_76' title='bbox 313 1157 516 1212; x_wconf 87' lang='lat' dir='ltr'>minus</span> <span class='ocrx_word' id='word_1_77' title='bbox 536 1155 718 1211; x_wconf 85' lang='lat' dir='ltr'>Jesus</span> <span class='ocrx_word' id='word_1_78' title='bbox 750 1153 807 1208; x_wconf 92' lang='lat' dir='ltr'>in</span> <span class='ocrx_word' id='word_1_79' title='bbox 859 1152 1049 1226; x_wconf 83' lang='lat' dir='ltr'>gloria</span> <span class='ocrx_word' id='word_1_80' title='bbox 1104 1156 1196 1208; x_wconf 90' lang='lat' dir='ltr'>est</span> <span class='ocrx_word' id='word_1_81' title='bbox 1250 1151 1353 1207; x_wconf 87' lang='lat' dir='ltr'>Dei</span> <span class='ocrx_word' id='word_1_82' title='bbox 1400 1152 1592 1208; x_wconf 79' lang='lat' dir='ltr'>Patris</span> <span class='ocrx_word' id='word_1_83' title='bbox 1630 1152 1878 1225; x_wconf 80' lang='lat' dir='ltr'>Philipp.</span> <span class='ocrx_word' id='word_1_84' title='bbox 1924 1171 1987 1221; x_wconf 87' lang='grc' dir='ltr'>ιι,</span> 
     </span>
    </p>
   </div>
   <div class='ocr_carea' id='block_1_12' title="bbox 309 1243 557 1298">
    <p class='ocr_par' dir='ltr' id='par_1_12' title="bbox 309 1243 557 1298">
     <span class='ocr_line' id='line_1_12' title="bbox 309 1243 557 1298; baseline -0.032 0"><span class='ocrx_word' id='word_1_85' title='bbox 309 1243 490 1298; x_wconf 78' lang='grc'><strong>911).</strong></span> <span class='ocrx_word' id='word_1_86' title='bbox 528 1262 557 1292; x_wconf 81' lang='lat'><strong>»</strong></span> 
     </span>
    </p>
   </div>
   <div class='ocr_carea' id='block_1_13' title="bbox 384 1243 1987 1402">
    <p class='ocr_par' dir='ltr' id='par_1_13' title="bbox 384 1243 1987 1402">
     <span class='ocr_line' id='line_1_13' title="bbox 384 1243 1987 1402; baseline 0.002 -23"><span class='ocrx_word' id='word_1_87' title='bbox 384 1243 683 1402; x_wconf 42' lang='lat' dir='ltr'>11.).(3ers.</span> <span class='ocrx_word' id='word_1_88' title='bbox 752 1329 863 1399; x_wconf 94' lang='grc'><strong>11.)</strong></span> <span class='ocrx_word' id='word_1_89' title='bbox 922 1329 1088 1383; x_wconf 90' lang='lat' dir='ltr'>Unde</span> <span class='ocrx_word' id='word_1_90' title='bbox 1161 1327 1390 1399; x_wconf 82' lang='lat' dir='ltr'>proprie</span> <span class='ocrx_word' id='word_1_91' title='bbox 1439 1328 1585 1383; x_wconf 84' lang='lat' dir='ltr'>dixit</span> <span class='ocrx_word' id='word_1_92' title='bbox 1653 1327 1987 1398; x_wconf 86' lang='lat' dir='ltr'>Propheta:</span> 
     </span>
    </p>
   </div>
   <div class='ocr_carea' id='block_1_14' title="bbox 311 1416 1991 1487">
    <p class='ocr_par' dir='ltr' id='par_1_14' title="bbox 311 1416 1991 1487">
     <span class='ocr_line' id='line_1_14' title="bbox 311 1416 1991 1487; baseline -0.001 -15"><span class='ocrx_word' id='word_1_93' title='bbox 311 1445 341 1472; x_wconf 80' lang='grc' dir='ltr'>α</span> <span class='ocrx_word' id='word_1_94' title='bbox 375 1419 724 1476; x_wconf 86' lang='lat' dir='ltr'>Secundum</span> <span class='ocrx_word' id='word_1_95' title='bbox 759 1434 973 1473; x_wconf 88' lang='lat' dir='ltr'>nomen</span> <span class='ocrx_word' id='word_1_96' title='bbox 997 1421 1192 1487; x_wconf 90' lang='lat' dir='ltr'>tuum,</span> <span class='ocrx_word' id='word_1_97' title='bbox 1228 1418 1405 1483; x_wconf 84' lang='lat' dir='ltr'>Deus,</span> <span class='ocrx_word' id='word_1_98' title='bbox 1437 1417 1519 1472; x_wconf 88' lang='lat' dir='ltr'>ita</span> <span class='ocrx_word' id='word_1_99' title='bbox 1541 1420 1596 1472; x_wconf 87' lang='lat' dir='ltr'>et</span> <span class='ocrx_word' id='word_1_100' title='bbox 1615 1416 1745 1472; x_wconf 89' lang='lat' dir='ltr'>laus</span> <span class='ocrx_word' id='word_1_101' title='bbox 1777 1420 1882 1470; x_wconf 87' lang='lat' dir='ltr'>tua</span> <span class='ocrx_word' id='word_1_102' title='bbox 1927 1416 1991 1471; x_wconf 91' lang='lat' dir='ltr'>in</span> 
     </span>
    </p>
   </div>
   <div class='ocr_carea' id='block_1_15' title="bbox 309 1504 1991 1578">
    <p class='ocr_par' dir='ltr' id='par_1_15' title="bbox 309 1504 1991 1578">
     <span class='ocr_line' id='line_1_15' title="bbox 309 1504 1991 1578; baseline -0.002 -13"><span class='ocrx_word' id='word_1_103' title='bbox 309 1511 464 1565; x_wconf 82' lang='lat' dir='ltr'>fines</span> <span class='ocrx_word' id='word_1_104' title='bbox 481 1512 652 1565; x_wconf 66' lang='lat' dir='ltr'>terrae</span> <span class='ocrx_word' id='word_1_105' title='bbox 681 1506 954 1578; x_wconf 87' lang='lat' dir='ltr'>:justitiu</span> <span class='ocrx_word' id='word_1_106' title='bbox 985 1505 1159 1577; x_wconf 88' lang='lat' dir='ltr'>plena</span> <span class='ocrx_word' id='word_1_107' title='bbox 1189 1508 1278 1560; x_wconf 79' lang='lat' dir='ltr'>est</span> <span class='ocrx_word' id='word_1_108' title='bbox 1316 1506 1556 1564; x_wconf 84' lang='lat' dir='ltr'>dextera</span> <span class='ocrx_word' id='word_1_109' title='bbox 1607 1509 1726 1562; x_wconf 91' lang='lat' dir='ltr'>tua.</span> <span class='ocrx_word' id='word_1_110' title='bbox 1764 1527 1793 1554; x_wconf 82' lang='grc'><strong>››</strong></span> <span class='ocrx_word' id='word_1_111' title='bbox 1860 1504 1991 1561; x_wconf 90' lang='lat' dir='ltr'>Non</span> 
     </span>
    </p>
   </div>
   <div class='ocr_carea' id='block_1_16' title="bbox 315 1593 1996 1667">
    <p class='ocr_par' dir='ltr' id='par_1_16' title="bbox 315 1593 1996 1667">
     <span class='ocr_line' id='line_1_16' title="bbox 315 1593 1996 1667; baseline -0.003 -13"><span class='ocrx_word' id='word_1_112' title='bbox 315 1597 538 1654; x_wconf 88' lang='lat' dir='ltr'>mirum</span> <span class='ocrx_word' id='word_1_113' title='bbox 571 1600 662 1654; x_wconf 87' lang='lat' dir='ltr'>est</span> <span class='ocrx_word' id='word_1_114' title='bbox 689 1596 737 1650; x_wconf 88' lang='lat' dir='ltr'>si</span> <span class='ocrx_word' id='word_1_115' title='bbox 768 1595 979 1667; x_wconf 90' lang='lat' dir='ltr'>plenus</span> <span class='ocrx_word' id='word_1_116' title='bbox 1010 1594 1359 1665; x_wconf 67' lang='lat' dir='ltr'>estjustitiaa</span> <span class='ocrx_word' id='word_1_117' title='bbox 1382 1595 1506 1662; x_wconf 87' lang='lat' dir='ltr'>Dei,</span> <span class='ocrx_word' id='word_1_118' title='bbox 1539 1594 1638 1666; x_wconf 88' lang='lat' dir='ltr'>qui</span> <span class='ocrx_word' id='word_1_119' title='bbox 1689 1599 1780 1649; x_wconf 89' lang='lat' dir='ltr'>est</span> <span class='ocrx_word' id='word_1_120' title='bbox 1858 1593 1996 1650; x_wconf 87' lang='lat' dir='ltr'>dex-</span> 
     </span>
    </p>
   </div>
   <div class='ocr_carea' id='block_1_17' title="bbox 311 1683 1992 1756">
    <p class='ocr_par' dir='ltr' id='par_1_17' title="bbox 311 1683 1992 1756">
     <span class='ocr_line' id='line_1_17' title="bbox 311 1683 1992 1756; baseline -0.002 -11"><span class='ocrx_word' id='word_1_121' title='bbox 311 1692 443 1745; x_wconf 81' lang='lat' dir='ltr'>tera</span> <span class='ocrx_word' id='word_1_122' title='bbox 472 1687 598 1742; x_wconf 87' lang='lat' dir='ltr'>Dei.</span> <span class='ocrx_word' id='word_1_123' title='bbox 638 1687 796 1742; x_wconf 89' lang='lat' dir='ltr'>Idem</span> <span class='ocrx_word' id='word_1_124' title='bbox 829 1685 1025 1739; x_wconf 89' lang='lat' dir='ltr'>autem</span> <span class='ocrx_word' id='word_1_125' title='bbox 1095 1688 1187 1738; x_wconf 87' lang='lat' dir='ltr'>est</span> <span class='ocrx_word' id='word_1_126' title='bbox 1238 1683 1424 1740; x_wconf 89' lang='lat' dir='ltr'>virtus</span> <span class='ocrx_word' id='word_1_127' title='bbox 1475 1683 1600 1751; x_wconf 87' lang='lat' dir='ltr'>Dei,</span> <span class='ocrx_word' id='word_1_128' title='bbox 1659 1688 1716 1739; x_wconf 86' lang='lat' dir='ltr'>et</span> <span class='ocrx_word' id='word_1_129' title='bbox 1744 1684 1992 1756; x_wconf 87' lang='lat' dir='ltr'>justitia</span> 
     </span>
    </p>
   </div>
   <div class='ocr_carea' id='block_1_18' title="bbox 314 1771 1985 1845">
    <p class='ocr_par' dir='ltr' id='par_1_18' title="bbox 314 1771 1985 1845">
     <span class='ocr_line' id='line_1_18' title="bbox 314 1771 1985 1845; baseline -0.002 -12"><span class='ocrx_word' id='word_1_130' title='bbox 314 1776 420 1833; x_wconf 89' lang='lat' dir='ltr'>Dei</span> <span class='ocrx_word' id='word_1_131' title='bbox 455 1778 526 1830; x_wconf 79' lang='lat' dir='ltr'>ut</span> <span class='ocrx_word' id='word_1_132' title='bbox 549 1777 610 1829; x_wconf 88' lang='lat' dir='ltr'>et</span> <span class='ocrx_word' id='word_1_133' title='bbox 640 1773 966 1828; x_wconf 84' lang='lat' dir='ltr'>secundum</span> <span class='ocrx_word' id='word_1_134' title='bbox 990 1771 1048 1827; x_wconf 90' lang='lat' dir='ltr'>id</span> <span class='ocrx_word' id='word_1_135' title='bbox 1081 1772 1242 1843; x_wconf 87' lang='lat' dir='ltr'>quod</span> <span class='ocrx_word' id='word_1_136' title='bbox 1254 1771 1503 1842; x_wconf 73' lang='lat' dir='ltr'>justitiae</span> <span class='ocrx_word' id='word_1_137' title='bbox 1527 1772 1622 1828; x_wconf 92' lang='lat' dir='ltr'>Dei</span> <span class='ocrx_word' id='word_1_138' title='bbox 1651 1772 1860 1845; x_wconf 87' lang='lat' dir='ltr'>plenus</span> <span class='ocrx_word' id='word_1_139' title='bbox 1873 1779 1985 1844; x_wconf 87' lang='lat' dir='ltr'>est,</span> 
     </span>
    </p>
   </div>
   <div class='ocr_carea' id='block_1_19' title="bbox 2104 625 3763 707">
    <p class='ocr_par' dir='ltr' id='par_1_19' title="bbox 2104 625 3763 707">
     <span class='ocr_line' id='line_1_19' title="bbox 2104 625 3763 707; baseline 0.01 -29"><span class='ocrx_word' id='word_1_140' title='bbox 2104 639 2261 680; x_wconf 88' lang='lat' dir='ltr'>nunc</span> <span class='ocrx_word' id='word_1_141' title='bbox 2325 625 2600 684; x_wconf 90' lang='lat' dir='ltr'>videntur</span> <span class='ocrx_word' id='word_1_142' title='bbox 2644 629 3080 701; x_wconf 89' lang='lat' dir='ltr'>inscrutabilia,</span> <span class='ocrx_word' id='word_1_143' title='bbox 3142 635 3763 707; x_wconf 87' lang='lat' dir='ltr'>comprehendent,et</span> 
     </span>
    </p>
   </div>
   <div class='ocr_carea' id='block_1_20' title="bbox 2105 716 3045 790">
    <p class='ocr_par' dir='ltr' id='par_1_20' title="bbox 2105 716 3045 790">
     <span class='ocr_line' id='line_1_20' title="bbox 2105 716 3045 790; baseline 0.011 -25"><span class='ocrx_word' id='word_1_144' title='bbox 2105 727 2308 767; x_wconf 91' lang='lat' dir='ltr'>eorum</span> <span class='ocrx_word' id='word_1_145' title='bbox 2333 716 2666 786; x_wconf 84' lang='lat' dir='ltr'>cognitione</span> <span class='ocrx_word' id='word_1_146' title='bbox 2684 720 3045 790; x_wconf 88' lang='lat' dir='ltr'>gaudebunt.</span> 
     </span>
    </p>
   </div>
   <div class='ocr_carea' id='block_1_21' title="bbox 2174 803 3763 884">
    <p class='ocr_par' dir='ltr' id='par_1_21' title="bbox 2174 803 3763 884">
     <span class='ocr_line' id='line_1_21' title="bbox 2174 803 3763 884; baseline 0.011 -29"><span class='ocrx_word' id='word_1_147' title='bbox 2174 804 2264 856; x_wconf 78' lang='lat'>2!.</span> <span class='ocrx_word' id='word_1_148' title='bbox 2301 803 2489 873; x_wconf 89' lang='lat' dir='ltr'>(Vers.</span> <span class='ocrx_word' id='word_1_149' title='bbox 2525 804 2636 876; x_wconf 82' lang='lat' dir='ltr'>l3.)</span> <span class='ocrx_word' id='word_1_150' title='bbox 2691 829 2710 855; x_wconf 82' lang='lat'><strong>«</strong></span> <span class='ocrx_word' id='word_1_151' title='bbox 2746 808 3140 878; x_wconf 87' lang='lat' dir='ltr'>Circumdate,</span> <span class='ocrx_word' id='word_1_152' title='bbox 3202 811 3415 882; x_wconf 87' lang='lat' dir='ltr'>inquit,</span> <span class='ocrx_word' id='word_1_153' title='bbox 3479 814 3639 884; x_wconf 84' lang='lat' dir='ltr'>Sion,</span> <span class='ocrx_word' id='word_1_154' title='bbox 3703 821 3763 873; x_wconf 90' lang='lat' dir='ltr'>et</span> 
     </span>
    </p>
   </div>
   <div class='ocr_carea' id='block_1_22' title="bbox 2105 890 3750 976">
    <p class='ocr_par' dir='ltr' id='par_1_22' title="bbox 2105 890 3750 976">
     <span class='ocr_line' id='line_1_22' title="bbox 2105 890 3750 976; baseline 0.009 -33"><span class='ocrx_word' id='word_1_155' title='bbox 2105 890 2566 963; x_wconf 89' lang='lat' dir='ltr'>complectimini</span> <span class='ocrx_word' id='word_1_156' title='bbox 2599 912 2726 951; x_wconf 89' lang='lat' dir='ltr'>eam</span> <span class='ocrx_word' id='word_1_157' title='bbox 2762 915 2775 953; x_wconf 92' lang='lat'><strong>:</strong></span> <span class='ocrx_word' id='word_1_158' title='bbox 2828 903 3063 954; x_wconf 78' lang='lat' dir='ltr'>narrate</span> <span class='ocrx_word' id='word_1_159' title='bbox 3105 899 3164 954; x_wconf 89' lang='lat' dir='ltr'>in</span> <span class='ocrx_word' id='word_1_160' title='bbox 3215 903 3478 959; x_wconf 89' lang='lat' dir='ltr'>turribus</span> <span class='ocrx_word' id='word_1_161' title='bbox 3539 906 3690 976; x_wconf 84' lang='lat' dir='ltr'>ejus.</span> <span class='ocrx_word' id='word_1_162' title='bbox 3723 925 3750 958; x_wconf 67' lang='grc' dir='ltr'>η</span> 
     </span>
    </p>
   </div>
   <div class='ocr_carea' id='block_1_23' title="bbox 2103 979 3762 1066">
    <p class='ocr_par' dir='ltr' id='par_1_23' title="bbox 2103 979 3762 1066">
     <span class='ocr_line' id='line_1_23' title="bbox 2103 979 3762 1066; baseline 0.012 -34"><span class='ocrx_word' id='word_1_163' title='bbox 2103 979 2210 1044; x_wconf 88' lang='lat' dir='ltr'>Qui</span> <span class='ocrx_word' id='word_1_164' title='bbox 2245 979 2583 1053; x_wconf 89' lang='lat' dir='ltr'>intelligunt</span> <span class='ocrx_word' id='word_1_165' title='bbox 2612 983 2773 1054; x_wconf 90' lang='lat' dir='ltr'>Sion,</span> <span class='ocrx_word' id='word_1_166' title='bbox 2811 985 3181 1043; x_wconf 88' lang='lat' dir='ltr'>circumdant</span> <span class='ocrx_word' id='word_1_167' title='bbox 3218 1005 3371 1061; x_wconf 89' lang='lat' dir='ltr'>eam,</span> <span class='ocrx_word' id='word_1_168' title='bbox 3403 996 3461 1047; x_wconf 91' lang='lat' dir='ltr'>et</span> <span class='ocrx_word' id='word_1_169' title='bbox 3505 993 3762 1066; x_wconf 85' lang='lat' dir='ltr'>comple-</span> 
     </span>
    </p>
   </div>
   <div class='ocr_carea' id='block_1_24' title="bbox 2104 1069 3763 1140">
    <p class='ocr_par' dir='ltr' id='par_1_24' title="bbox 2104 1069 3763 1140">
     <span class='ocr_line' id='line_1_24' title="bbox 2104 1069 3763 1140; baseline 0.01 -19"><span class='ocrx_word' id='word_1_170' title='bbox 2104 1070 2344 1123; x_wconf 89' lang='lat' dir='ltr'>ctuntur</span> <span class='ocrx_word' id='word_1_171' title='bbox 2371 1069 2495 1125; x_wconf 93' lang='lat' dir='ltr'>suis</span> <span class='ocrx_word' id='word_1_172' title='bbox 2519 1072 2814 1140; x_wconf 89' lang='lat' dir='ltr'>sensibus,</span> <span class='ocrx_word' id='word_1_173' title='bbox 2849 1079 2916 1129; x_wconf 91' lang='lat' dir='ltr'>ut</span> <span class='ocrx_word' id='word_1_174' title='bbox 2947 1081 3179 1132; x_wconf 85' lang='lat' dir='ltr'>teneant</span> <span class='ocrx_word' id='word_1_175' title='bbox 3203 1081 3262 1132; x_wconf 89' lang='lat' dir='ltr'>et</span> <span class='ocrx_word' id='word_1_176' title='bbox 3293 1095 3406 1135; x_wconf 88' lang='lat' dir='ltr'>non</span> <span class='ocrx_word' id='word_1_177' title='bbox 3458 1079 3763 1138; x_wconf 87' lang='lat' dir='ltr'>dimittant</span> 
     </span>
    </p>
   </div>
   <div class='ocr_carea' id='block_1_25' title="bbox 2104 1159 3758 1242">
    <p class='ocr_par' dir='ltr' id='par_1_25' title="bbox 2104 1159 3758 1242">
     <span class='ocr_line' id='line_1_25' title="bbox 2104 1159 3758 1242; baseline 0.01 -32"><span class='ocrx_word' id='word_1_178' title='bbox 2104 1171 2256 1222; x_wconf 90' lang='lat' dir='ltr'>eam,</span> <span class='ocrx_word' id='word_1_179' title='bbox 2289 1174 2361 1212; x_wconf 91' lang='lat' dir='ltr'>ne</span> <span class='ocrx_word' id='word_1_180' title='bbox 2391 1159 2503 1214; x_wconf 88' lang='lat' dir='ltr'>sibi</span> <span class='ocrx_word' id='word_1_181' title='bbox 2530 1162 2923 1232; x_wconf 90' lang='lat' dir='ltr'>speculatoria</span> <span class='ocrx_word' id='word_1_182' title='bbox 2953 1164 3267 1237; x_wconf 86' lang='lat' dir='ltr'>disciplina</span> <span class='ocrx_word' id='word_1_183' title='bbox 3295 1168 3530 1224; x_wconf 86' lang='lat' dir='ltr'>virtutis</span> <span class='ocrx_word' id='word_1_184' title='bbox 3571 1173 3758 1242; x_wconf 87' lang='lat' dir='ltr'>possit</span> 
     </span>
    </p>
   </div>
   <div class='ocr_carea' id='block_1_26' title="bbox 2105 1246 3762 1320">
    <p class='ocr_par' dir='ltr' id='par_1_26' title="bbox 2105 1246 3762 1320">
     <span class='ocr_line' id='line_1_26' title="bbox 2105 1246 3762 1320; baseline 0.011 -22"><span class='ocrx_word' id='word_1_185' title='bbox 2105 1246 2341 1301; x_wconf 80' lang='lat' dir='ltr'>auferri.</span> <span class='ocrx_word' id='word_1_186' title='bbox 2377 1247 2626 1320; x_wconf 88' lang='lat' dir='ltr'>Ideoque</span> <span class='ocrx_word' id='word_1_187' title='bbox 2667 1250 2768 1306; x_wconf 87' lang='lat' dir='ltr'>illa</span> <span class='ocrx_word' id='word_1_188' title='bbox 2821 1253 2878 1306; x_wconf 91' lang='lat' dir='ltr'>in</span> <span class='ocrx_word' id='word_1_189' title='bbox 2938 1254 3191 1312; x_wconf 86' lang='lat' dir='ltr'>Canticis</span> <span class='ocrx_word' id='word_1_190' title='bbox 3248 1257 3438 1313; x_wconf 91' lang='lat' dir='ltr'>dicit:</span> <span class='ocrx_word' id='word_1_191' title='bbox 3505 1280 3527 1307; x_wconf 75' lang='grc' dir='ltr'><strong><em>α</em></strong></span> <span class='ocrx_word' id='word_1_192' title='bbox 3572 1261 3762 1315; x_wconf 90' lang='lat' dir='ltr'>Tenui</span> 
     </span>
    </p>
   </div>
   <div class='ocr_carea' id='block_1_27' title="bbox 2105 1338 3763 1422">
    <p class='ocr_par' dir='ltr' id='par_1_27' title="bbox 2105 1338 3763 1422">
     <span class='ocr_line' id='line_1_27' title="bbox 2105 1338 3763 1422; baseline 0.011 -35"><span class='ocrx_word' id='word_1_193' title='bbox 2105 1350 2261 1400; x_wconf 90' lang='lat' dir='ltr'>eum,</span> <span class='ocrx_word' id='word_1_194' title='bbox 2296 1339 2353 1389; x_wconf 89' lang='lat' dir='ltr'>et</span> <span class='ocrx_word' id='word_1_195' title='bbox 2382 1353 2496 1391; x_wconf 91' lang='lat' dir='ltr'>non</span> <span class='ocrx_word' id='word_1_196' title='bbox 2529 1338 2821 1396; x_wconf 85' lang='lat' dir='ltr'>dimittam</span> <span class='ocrx_word' id='word_1_197' title='bbox 2850 1359 2987 1397; x_wconf 89' lang='lat' dir='ltr'>eum</span> <span class='ocrx_word' id='word_1_198' title='bbox 3042 1347 3226 1412; x_wconf 78' lang='lat' dir='ltr'>(Cani.</span> <span class='ocrx_word' id='word_1_199' title='bbox 3280 1364 3364 1412; x_wconf 85' lang='grc' dir='ltr'>ιιι,</span> <span class='ocrx_word' id='word_1_200' title='bbox 3420 1348 3497 1417; x_wconf 65' lang='grc' dir='ltr'>ἆ),</span> <span class='ocrx_word' id='word_1_201' title='bbox 3530 1369 3557 1398; x_wconf 84' lang='grc'><strong>››</strong></span> <span class='ocrx_word' id='word_1_202' title='bbox 3635 1367 3763 1422; x_wconf 66' lang='lat' dir='ltr'>quae</span> 
     </span>
    </p>
   </div>
   <div class='ocr_carea' id='block_1_28' title="bbox 2105 1421 3761 1508">
    <p class='ocr_par' dir='ltr' id='par_1_28' title="bbox 2105 1421 3761 1508">
     <span class='ocr_line' id='line_1_28' title="bbox 2105 1421 3761 1508; baseline 0.011 -32"><span class='ocrx_word' id='word_1_203' title='bbox 2105 1421 2205 1476; x_wconf 89' lang='lat' dir='ltr'>Dei</span> <span class='ocrx_word' id='word_1_204' title='bbox 2236 1423 2585 1494; x_wconf 89' lang='lat' dir='ltr'>sapientiam</span> <span class='ocrx_word' id='word_1_205' title='bbox 2650 1430 3003 1500; x_wconf 89' lang='lat' dir='ltr'>requirebat,</span> <span class='ocrx_word' id='word_1_206' title='bbox 3037 1436 3096 1487; x_wconf 90' lang='lat' dir='ltr'>et</span> <span class='ocrx_word' id='word_1_207' title='bbox 3124 1433 3621 1505; x_wconf 80' lang='lat' dir='ltr'>complectebatur</span> <span class='ocrx_word' id='word_1_208' title='bbox 3657 1421 3761 1508; x_wconf 84' lang='lat' dir='ltr'>ju—</span> 
     </span>
    </p>
   </div>
   <div class='ocr_carea' id='block_1_29' title="bbox 2103 1511 3756 1593">
    <p class='ocr_par' dir='ltr' id='par_1_29' title="bbox 2103 1511 3756 1593">
     <span class='ocr_line' id='line_1_29' title="bbox 2103 1511 3756 1593; baseline 0.011 -29"><span class='ocrx_word' id='word_1_209' title='bbox 2103 1511 2330 1566; x_wconf 87' lang='lat' dir='ltr'>stitiam</span> <span class='ocrx_word' id='word_1_210' title='bbox 2363 1513 2461 1569; x_wconf 88' lang='lat' dir='ltr'>Dei</span> <span class='ocrx_word' id='word_1_211' title='bbox 2496 1515 2753 1572; x_wconf 87' lang='lat' dir='ltr'>brachiis</span> <span class='ocrx_word' id='word_1_212' title='bbox 2789 1519 3112 1587; x_wconf 86' lang='lat' dir='ltr'>charitatis,</span> <span class='ocrx_word' id='word_1_213' title='bbox 3145 1526 3202 1577; x_wconf 89' lang='lat' dir='ltr'>et</span> <span class='ocrx_word' id='word_1_214' title='bbox 3230 1524 3590 1593; x_wconf 87' lang='lat' dir='ltr'>quibusdam</span> <span class='ocrx_word' id='word_1_215' title='bbox 3619 1527 3756 1583; x_wconf 89' lang='lat' dir='ltr'>ﬁdei</span> 
     </span>
    </p>
   </div>
   <div class='ocr_carea' id='block_1_30' title="bbox 2104 1601 3766 1684">
    <p class='ocr_par' dir='ltr' id='par_1_30' title="bbox 2104 1601 3766 1684">
     <span class='ocr_line' id='line_1_30' title="bbox 2104 1601 3766 1684; baseline 0.011 -31"><span class='ocrx_word' id='word_1_216' title='bbox 2104 1603 2162 1653; x_wconf 91' lang='lat' dir='ltr'>et</span> <span class='ocrx_word' id='word_1_217' title='bbox 2205 1601 2528 1658; x_wconf 90' lang='lat' dir='ltr'>devotionis</span> <span class='ocrx_word' id='word_1_218' title='bbox 2582 1603 2856 1675; x_wconf 87' lang='lat' dir='ltr'>lacertis;</span> <span class='ocrx_word' id='word_1_219' title='bbox 2919 1608 3042 1680; x_wconf 91' lang='lat' dir='ltr'>ipse</span> <span class='ocrx_word' id='word_1_220' title='bbox 3099 1616 3186 1665; x_wconf 89' lang='lat' dir='ltr'>est</span> <span class='ocrx_word' id='word_1_221' title='bbox 3229 1611 3386 1667; x_wconf 90' lang='lat' dir='ltr'>enim</span> <span class='ocrx_word' id='word_1_222' title='bbox 3443 1613 3549 1684; x_wconf 69' lang='lat' dir='ltr'>pia:</span> <span class='ocrx_word' id='word_1_223' title='bbox 3610 1618 3766 1672; x_wconf 71' lang='lat'>944</span> 
     </span>
    </p>
   </div>
   <div class='ocr_carea' id='block_1_31' title="bbox 2103 1689 3766 1772">
    <p class='ocr_par' dir='ltr' id='par_1_31' title="bbox 2103 1689 3766 1772">
     <span class='ocr_line' id='line_1_31' title="bbox 2103 1689 3766 1772; baseline 0.011 -30"><span class='ocrx_word' id='word_1_224' title='bbox 2103 1689 2318 1744; x_wconf 89' lang='lat' dir='ltr'>mentis</span> <span class='ocrx_word' id='word_1_225' title='bbox 2348 1691 2670 1762; x_wconf 87' lang='lat' dir='ltr'>amplexus.</span> <span class='ocrx_word' id='word_1_226' title='bbox 2707 1696 3286 1767; x_wconf 87' lang='lat' dir='ltr'>Comprehendamus</span> <span class='ocrx_word' id='word_1_227' title='bbox 3331 1716 3470 1772; x_wconf 85' lang='lat' dir='ltr'>ergo</span> <span class='ocrx_word' id='word_1_228' title='bbox 3529 1706 3589 1757; x_wconf 89' lang='lat' dir='ltr'>et</span> <span class='ocrx_word' id='word_1_229' title='bbox 3659 1722 3766 1762; x_wconf 88' lang='lat' dir='ltr'>nos</span> 
     </span>
    </p>
   </div>
   <div class='ocr_carea' id='block_1_32' title="bbox 2100 1781 3761 1858">
    <p class='ocr_par' dir='ltr' id='par_1_32' title="bbox 2100 1781 3761 1858">
     <span class='ocr_line' id='line_1_32' title="bbox 2100 1781 3761 1858; baseline 0.011 -27"><span class='ocrx_word' id='word_1_230' title='bbox 2100 1781 2388 1848; x_wconf 88' lang='lat' dir='ltr'>quantum</span> <span class='ocrx_word' id='word_1_231' title='bbox 2424 1796 2745 1851; x_wconf 89' lang='lat' dir='ltr'>possumus</span> <span class='ocrx_word' id='word_1_232' title='bbox 2779 1783 3009 1839; x_wconf 89' lang='lat' dir='ltr'>interna</span> <span class='ocrx_word' id='word_1_233' title='bbox 3039 1788 3318 1854; x_wconf 86' lang='lat' dir='ltr'>mysteria</span> <span class='ocrx_word' id='word_1_234' title='bbox 3371 1789 3659 1858; x_wconf 86' lang='lat' dir='ltr'>veritatis,</span> <span class='ocrx_word' id='word_1_235' title='bbox 3703 1798 3761 1849; x_wconf 90' lang='lat' dir='ltr'>et</span> 
     </span>
    </p>
   </div>
   <div class='ocr_carea' id='block_1_33' title="bbox 315 1860 3763 1977">
    <p class='ocr_par' dir='ltr' id='par_1_33' title="bbox 315 1860 3763 1977">
     <span class='ocr_line' id='line_1_33' title="bbox 315 1860 3763 1977; baseline 0.004 -55"><span class='ocrx_word' id='word_1_236' title='bbox 315 1881 452 1922; x_wconf 83' lang='lat' dir='ltr'>eam</span> <span class='ocrx_word' id='word_1_237' title='bbox 478 1863 730 1936; x_wconf 72' lang='lat' dir='ltr'>justitiaa</span> <span class='ocrx_word' id='word_1_238' title='bbox 765 1860 1194 1934; x_wconf 87' lang='lat' dir='ltr'>plenitudinem</span> <span class='ocrx_word' id='word_1_239' title='bbox 1225 1861 1287 1916; x_wconf 88' lang='lat' dir='ltr'>in</span> <span class='ocrx_word' id='word_1_240' title='bbox 1313 1878 1378 1917; x_wconf 91' lang='lat' dir='ltr'>eo</span> <span class='ocrx_word' id='word_1_241' title='bbox 1400 1878 1529 1918; x_wconf 85' lang='lat' dir='ltr'>esse</span> <span class='ocrx_word' id='word_1_242' title='bbox 1587 1879 1765 1933; x_wconf 86' lang='lat' dir='ltr'>quam</span> <span class='ocrx_word' id='word_1_243' title='bbox 1811 1864 1985 1920; x_wconf 78' lang='lat' dir='ltr'>Pater</span> <span class='ocrx_word' id='word_1_244' title='bbox 2010 1911 2059 1977; x_wconf 83' lang='lat' dir='ltr'><strong>B</strong></span> <span class='ocrx_word' id='word_1_245' title='bbox 2098 1867 2434 1924; x_wconf 87' lang='lat' dir='ltr'>scribamus</span> <span class='ocrx_word' id='word_1_246' title='bbox 2455 1885 2522 1924; x_wconf 90' lang='lat' dir='ltr'>ea</span> <span class='ocrx_word' id='word_1_247' title='bbox 2551 1875 2726 1942; x_wconf 88' lang='lat' dir='ltr'>atque</span> <span class='ocrx_word' id='word_1_248' title='bbox 2752 1872 3068 1944; x_wconf 77' lang='lat' dir='ltr'>affigamus</span> <span class='ocrx_word' id='word_1_249' title='bbox 3097 1891 3166 1929; x_wconf 86' lang='lat' dir='ltr'>ea</span> <span class='ocrx_word' id='word_1_250' title='bbox 3197 1875 3471 1931; x_wconf 89' lang='lat' dir='ltr'>sensibus</span> <span class='ocrx_word' id='word_1_251' title='bbox 3523 1883 3763 1950; x_wconf 89' lang='lat' dir='ltr'>nostris,</span> 
     </span>
     <span class='ocr_line' id='line_1_34' title="bbox 317 1950 3369 1977; baseline 0 0"><span class='ocrx_word' id='word_1_252' title='bbox 317 1955 496 1977; x_wconf 66' lang='grc' dir='ltr'>ι.-1.-ι</span> <span class='ocrx_word' id='word_1_253' title='bbox 555 1950 783 1977; x_wconf 68' lang='grc' dir='ltr'>..-ιαΑ-ζι-</span> <span class='ocrx_word' id='word_1_254' title='bbox 839 1951 900 1977; x_wconf 68' lang='grc' dir='ltr'>ΠΙ.</span> <span class='ocrx_word' id='word_1_255' title='bbox 930 1951 1256 1977; x_wconf 67' lang='grc' dir='ltr'>ι-ΑΑι-ειιᾹ-.υνι</span> <span class='ocrx_word' id='word_1_256' title='bbox 1281 1950 1333 1977; x_wconf 68' lang='grc' dir='ltr'>ζ’]</span> <span class='ocrx_word' id='word_1_257' title='bbox 1372 1951 1519 1977; x_wconf 65' lang='grc' dir='ltr'>κηλοι</span> <span class='ocrx_word' id='word_1_258' title='bbox 1555 1952 1738 1977; x_wconf 66' lang='grc' dir='ltr'>..ἔ..ι.--</span> <span class='ocrx_word' id='word_1_259' title='bbox 1792 1957 1842 1977; x_wconf 69' lang='lat'>-1.</span> <span class='ocrx_word' id='word_1_260' title='bbox 1893 1954 1951 1977; x_wconf 65' lang='grc' dir='ltr'>ἐ.-</span> <span class='ocrx_word' id='word_1_261' title='bbox 2087 1954 2357 1977; x_wconf 70' lang='lat' dir='ltr'>-_:_L-_L-__</span> <span class='ocrx_word' id='word_1_262' title='bbox 2377 1973 2476 1977; x_wconf 37' lang='grc'><strong>..-1-</strong></span> <span class='ocrx_word' id='word_1_263' title='bbox 2523 1975 2536 1977; x_wconf 80' lang='lat'>_</span> <span class='ocrx_word' id='word_1_264' title='bbox 2604 1959 2616 1977; x_wconf 82' lang='grc' dir='ltr'><strong>ι</strong></span> <span class='ocrx_word' id='word_1_265' title='bbox 2695 1959 2729 1977; x_wconf 73' lang='grc' dir='ltr'>ιο</span> <span class='ocrx_word' id='word_1_266' title='bbox 2980 1961 3014 1977; x_wconf 80' lang='grc' dir='ltr'>ι·</span> <span class='ocrx_word' id='word_1_267' title='bbox 3361 1968 3369 1977; x_wconf 71' lang='grc' dir='ltr'><em>ι</em></span> 
     </span>
    </p>
   </div>
   <div class='ocr_carea' id='block_1_34' title="bbox 317 1950 1980 2024">
    <p class='ocr_par' dir='ltr' id='par_1_34' title="bbox 317 1950 1980 2024">
     <span class='ocr_line' id='line_1_35' title="bbox 317 1950 1980 2024; baseline -0.001 -14"><span class='ocrx_word' id='word_1_268' title='bbox 317 1955 524 2020; x_wconf 80' lang='lat' dir='ltr'>habet,</span> <span class='ocrx_word' id='word_1_269' title='bbox 555 1950 805 2007; x_wconf 84' lang='lat' dir='ltr'>noveris.</span> <span class='ocrx_word' id='word_1_270' title='bbox 839 1951 904 2005; x_wconf 87' lang='lat' dir='ltr'>Et</span> <span class='ocrx_word' id='word_1_271' title='bbox 930 1951 1259 2006; x_wconf 89' lang='lat' dir='ltr'>secundum</span> <span class='ocrx_word' id='word_1_272' title='bbox 1281 1950 1336 2004; x_wconf 93' lang='lat' dir='ltr'>id</span> <span class='ocrx_word' id='word_1_273' title='bbox 1370 1951 1520 2023; x_wconf 89' lang='lat' dir='ltr'>quod</span> <span class='ocrx_word' id='word_1_274' title='bbox 1555 1952 1740 2008; x_wconf 92' lang='lat' dir='ltr'>virtus</span> <span class='ocrx_word' id='word_1_275' title='bbox 1789 1957 1846 2008; x_wconf 90' lang='lat' dir='ltr'>et</span> <span class='ocrx_word' id='word_1_276' title='bbox 1884 1954 1980 2024; x_wconf 86' lang='lat' dir='ltr'>ju-</span> 
     </span>
    </p>
   </div>
   <div class='ocr_carea' id='block_1_35' title="bbox 319 2037 1980 2110">
    <p class='ocr_par' dir='ltr' id='par_1_35' title="bbox 319 2037 1980 2110">
     <span class='ocr_line' id='line_1_36' title="bbox 319 2037 1980 2110; baseline -0.002 -12"><span class='ocrx_word' id='word_1_277' title='bbox 319 2040 489 2098; x_wconf 86' lang='lat' dir='ltr'>stitia</span> <span class='ocrx_word' id='word_1_278' title='bbox 517 2039 622 2096; x_wconf 84' lang='lat' dir='ltr'>Dei</span> <span class='ocrx_word' id='word_1_279' title='bbox 648 2037 835 2093; x_wconf 82' lang='lat' dir='ltr'>Patris</span> <span class='ocrx_word' id='word_1_280' title='bbox 856 2041 912 2092; x_wconf 80' lang='lat' dir='ltr'>et</span> <span class='ocrx_word' id='word_1_281' title='bbox 927 2037 1219 2108; x_wconf 86' lang='lat' dir='ltr'>sapientia</span> <span class='ocrx_word' id='word_1_282' title='bbox 1246 2037 1481 2110; x_wconf 81' lang='lat' dir='ltr'>legitur,</span> <span class='ocrx_word' id='word_1_283' title='bbox 1510 2038 1658 2092; x_wconf 88' lang='lat' dir='ltr'>nihil</span> <span class='ocrx_word' id='word_1_284' title='bbox 1690 2039 1746 2094; x_wconf 91' lang='lat' dir='ltr'>in</span> <span class='ocrx_word' id='word_1_285' title='bbox 1771 2057 1837 2096; x_wconf 88' lang='lat' dir='ltr'>eo</span> <span class='ocrx_word' id='word_1_286' title='bbox 1886 2041 1980 2095; x_wconf 91' lang='lat' dir='ltr'>di-</span> 
     </span>
    </p>
   </div>
   <div class='ocr_carea' id='block_1_36' title="bbox 317 2125 1980 2200">
    <p class='ocr_par' dir='ltr' id='par_1_36' title="bbox 317 2125 1980 2200">
     <span class='ocr_line' id='line_1_37' title="bbox 317 2125 1980 2200; baseline -0.002 -13"><span class='ocrx_word' id='word_1_287' title='bbox 317 2131 478 2187; x_wconf 60' lang='lat' dir='ltr'>vina;</span> <span class='ocrx_word' id='word_1_288' title='bbox 503 2126 836 2200; x_wconf 76' lang='lat' dir='ltr'>majestatis</span> <span class='ocrx_word' id='word_1_289' title='bbox 865 2125 1165 2199; x_wconf 83' lang='lat' dir='ltr'>intelligas</span> <span class='ocrx_word' id='word_1_290' title='bbox 1195 2142 1328 2182; x_wconf 89' lang='lat' dir='ltr'>esse</span> <span class='ocrx_word' id='word_1_291' title='bbox 1356 2125 1668 2195; x_wconf 89' lang='lat' dir='ltr'>diversum,</span> <span class='ocrx_word' id='word_1_292' title='bbox 1703 2129 1805 2184; x_wconf 90' lang='lat' dir='ltr'>sed</span> <span class='ocrx_word' id='word_1_293' title='bbox 1855 2146 1980 2185; x_wconf 89' lang='lat' dir='ltr'>om-</span> 
     </span>
    </p>
   </div>
   <div class='ocr_carea' id='block_1_37' title="bbox 320 2213 1981 2289">
    <p class='ocr_par' dir='ltr' id='par_1_37' title="bbox 320 2213 1981 2289">
     <span class='ocr_line' id='line_1_38' title="bbox 320 2213 1981 2289; baseline -0.002 -13"><span class='ocrx_word' id='word_1_294' title='bbox 320 2219 424 2276; x_wconf 87' lang='lat' dir='ltr'>nia</span> <span class='ocrx_word' id='word_1_295' title='bbox 453 2217 753 2289; x_wconf 87' lang='lat' dir='ltr'>accepisse</span> <span class='ocrx_word' id='word_1_296' title='bbox 791 2233 824 2271; x_wconf 90' lang='lat' dir='ltr'>a</span> <span class='ocrx_word' id='word_1_297' title='bbox 846 2216 1010 2271; x_wconf 87' lang='lat' dir='ltr'>Patre</span> <span class='ocrx_word' id='word_1_298' title='bbox 1045 2213 1284 2282; x_wconf 89' lang='lat' dir='ltr'>Filium,</span> <span class='ocrx_word' id='word_1_299' title='bbox 1315 2219 1373 2270; x_wconf 90' lang='lat' dir='ltr'>et</span> <span class='ocrx_word' id='word_1_300' title='bbox 1400 2216 1596 2271; x_wconf 89' lang='lat' dir='ltr'>omnis</span> <span class='ocrx_word' id='word_1_301' title='bbox 1628 2216 1822 2289; x_wconf 75' lang='lat' dir='ltr'>gloriae</span> <span class='ocrx_word' id='word_1_302' title='bbox 1879 2234 1981 2288; x_wconf 90' lang='lat' dir='ltr'>pa-</span> 
     </span>
    </p>
   </div>
   <div class='ocr_carea' id='block_1_38' title="bbox 322 2303 1984 2376">
    <p class='ocr_par' dir='ltr' id='par_1_38' title="bbox 322 2303 1984 2376">
     <span class='ocr_line' id='line_1_39' title="bbox 322 2303 1984 2376; baseline -0.002 -12"><span class='ocrx_word' id='word_1_303' title='bbox 322 2312 506 2364; x_wconf 69' lang='lat' dir='ltr'>ternas</span> <span class='ocrx_word' id='word_1_304' title='bbox 537 2305 750 2361; x_wconf 88' lang='lat' dir='ltr'>Filium</span> <span class='ocrx_word' id='word_1_305' title='bbox 774 2303 1145 2376; x_wconf 90' lang='lat' dir='ltr'>splendorem</span> <span class='ocrx_word' id='word_1_306' title='bbox 1179 2320 1308 2360; x_wconf 90' lang='lat' dir='ltr'>esse</span> <span class='ocrx_word' id='word_1_307' title='bbox 1354 2320 1696 2376; x_wconf 87' lang='lat' dir='ltr'>cognoscas,</span> <span class='ocrx_word' id='word_1_308' title='bbox 1740 2310 1797 2360; x_wconf 91' lang='lat' dir='ltr'>et</span> <span class='ocrx_word' id='word_1_309' title='bbox 1855 2306 1984 2375; x_wconf 88' lang='lat' dir='ltr'>ejus</span> 
     </span>
    </p>
   </div>
   <div class='ocr_carea' id='block_1_39' title="bbox 326 2392 1983 2465">
    <p class='ocr_par' dir='ltr' id='par_1_39' title="bbox 326 2392 1983 2465">
     <span class='ocr_line' id='line_1_40' title="bbox 326 2392 1983 2465; baseline -0.002 -12"><span class='ocrx_word' id='word_1_310' title='bbox 326 2396 727 2453; x_wconf 88' lang='lat' dir='ltr'>characterem</span> <span class='ocrx_word' id='word_1_311' title='bbox 762 2393 1102 2449; x_wconf 59' lang='lat' dir='ltr'>substantia;</span> <span class='ocrx_word' id='word_1_312' title='bbox 1131 2407 1147 2450; x_wconf 88' lang='lat'><strong>:</strong></span> <span class='ocrx_word' id='word_1_313' title='bbox 1180 2393 1278 2465; x_wconf 88' lang='lat' dir='ltr'>qui</span> <span class='ocrx_word' id='word_1_314' title='bbox 1310 2392 1393 2448; x_wconf 88' lang='lat' dir='ltr'>ita</span> <span class='ocrx_word' id='word_1_315' title='bbox 1421 2394 1708 2465; x_wconf 86' lang='lat' dir='ltr'>expressit</span> <span class='ocrx_word' id='word_1_316' title='bbox 1728 2395 1983 2464; x_wconf 87' lang='lat' dir='ltr'>Patrem,</span> 
     </span>
    </p>
   </div>
   <div class='ocr_carea' id='block_1_40' title="bbox 333 2482 1988 2549">
    <p class='ocr_par' dir='ltr' id='par_1_40' title="bbox 333 2482 1988 2549">
     <span class='ocr_line' id='line_1_41' title="bbox 333 2482 1988 2549; baseline 0.001 -9"><span class='ocrx_word' id='word_1_317' title='bbox 333 2485 483 2540; x_wconf 91' lang='lat' dir='ltr'>utin</span> <span class='ocrx_word' id='word_1_318' title='bbox 519 2501 587 2540; x_wconf 91' lang='lat' dir='ltr'>eo</span> <span class='ocrx_word' id='word_1_319' title='bbox 617 2485 773 2539; x_wconf 87' lang='lat' dir='ltr'>totus</span> <span class='ocrx_word' id='word_1_320' title='bbox 795 2482 871 2538; x_wconf 91' lang='lat' dir='ltr'>sit</span> <span class='ocrx_word' id='word_1_321' title='bbox 900 2483 1090 2549; x_wconf 90' lang='lat' dir='ltr'>Pater,</span> <span class='ocrx_word' id='word_1_322' title='bbox 1150 2482 1304 2538; x_wconf 87' lang='lat' dir='ltr'>sicut</span> <span class='ocrx_word' id='word_1_323' title='bbox 1353 2482 1412 2536; x_wconf 91' lang='lat' dir='ltr'>in</span> <span class='ocrx_word' id='word_1_324' title='bbox 1468 2483 1635 2538; x_wconf 84' lang='lat' dir='ltr'>Patre</span> <span class='ocrx_word' id='word_1_325' title='bbox 1692 2486 1848 2539; x_wconf 88' lang='lat' dir='ltr'>totus</span> <span class='ocrx_word' id='word_1_326' title='bbox 1895 2490 1988 2541; x_wconf 86' lang='lat' dir='ltr'>est</span> 
     </span>
    </p>
   </div>
   <div class='ocr_carea' id='block_1_41' title="bbox 329 2572 543 2630">
    <p class='ocr_par' dir='ltr' id='par_1_41' title="bbox 329 2572 543 2630">
     <span class='ocr_line' id='line_1_42' title="bbox 329 2572 543 2630; baseline -0.014 0"><span class='ocrx_word' id='word_1_327' title='bbox 329 2572 543 2630; x_wconf 90' lang='lat' dir='ltr'>Filius.</span> 
     </span>
    </p>
   </div>
   <div class='ocr_carea' id='block_1_42' title="bbox 405 2657 1987 2732">
    <p class='ocr_par' dir='ltr' id='par_1_42' title="bbox 405 2657 1987 2732">
     <span class='ocr_line' id='line_1_43' title="bbox 405 2657 1987 2732; baseline 0 -12"><span class='ocrx_word' id='word_1_328' title='bbox 405 2663 492 2722; x_wconf 83' lang='lat' dir='ltr'>t0.</span> <span class='ocrx_word' id='word_1_329' title='bbox 518 2659 704 2732; x_wconf 76' lang='lat' dir='ltr'>(Vera.</span> <span class='ocrx_word' id='word_1_330' title='bbox 731 2659 840 2730; x_wconf 84' lang='grc'><strong>12.)</strong></span> <span class='ocrx_word' id='word_1_331' title='bbox 870 2659 939 2714; x_wconf 90' lang='lat' dir='ltr'>Et</span> <span class='ocrx_word' id='word_1_332' title='bbox 969 2658 1108 2730; x_wconf 87' lang='lat' dir='ltr'>quia</span> <span class='ocrx_word' id='word_1_333' title='bbox 1135 2657 1282 2716; x_wconf 87' lang='lat' dir='ltr'>vidit</span> <span class='ocrx_word' id='word_1_334' title='bbox 1326 2657 1386 2716; x_wconf 91' lang='lat' dir='ltr'>in</span> <span class='ocrx_word' id='word_1_335' title='bbox 1435 2658 1648 2730; x_wconf 87' lang='lat' dir='ltr'>spiritu</span> <span class='ocrx_word' id='word_1_336' title='bbox 1697 2661 1987 2732; x_wconf 87' lang='lat' dir='ltr'>Propheta</span> 
     </span>
    </p>
   </div>
   <div class='ocr_carea' id='block_1_43' title="bbox 327 2747 1988 2821">
    <p class='ocr_par' dir='ltr' id='par_1_43' title="bbox 327 2747 1988 2821">
     <span class='ocr_line' id='line_1_44' title="bbox 327 2747 1988 2821; baseline -0.001 -13"><span class='ocrx_word' id='word_1_337' title='bbox 327 2750 536 2808; x_wconf 87' lang='lat' dir='ltr'>laudes</span> <span class='ocrx_word' id='word_1_338' title='bbox 567 2747 780 2804; x_wconf 87' lang='lat' dir='ltr'>Christi</span> <span class='ocrx_word' id='word_1_339' title='bbox 808 2748 978 2803; x_wconf 88' lang='lat' dir='ltr'>terris</span> <span class='ocrx_word' id='word_1_340' title='bbox 1009 2747 1067 2802; x_wconf 94' lang='lat' dir='ltr'>in</span> <span class='ocrx_word' id='word_1_341' title='bbox 1099 2747 1376 2803; x_wconf 91' lang='lat' dir='ltr'>omnibus</span> <span class='ocrx_word' id='word_1_342' title='bbox 1429 2749 1846 2821; x_wconf 70' lang='lat' dir='ltr'>praedicandas,</span> <span class='ocrx_word' id='word_1_343' title='bbox 1894 2768 1988 2808; x_wconf 87' lang='lat' dir='ltr'>ve-</span> 
     </span>
    </p>
   </div>
   <div class='ocr_carea' id='block_1_44' title="bbox 327 2836 1986 2910">
    <p class='ocr_par' dir='ltr' id='par_1_44' title="bbox 327 2836 1986 2910">
     <span class='ocr_line' id='line_1_45' title="bbox 327 2836 1986 2910; baseline 0.001 -15"><span class='ocrx_word' id='word_1_344' title='bbox 327 2839 420 2895; x_wconf 90' lang='lat' dir='ltr'>lut</span> <span class='ocrx_word' id='word_1_345' title='bbox 457 2837 689 2910; x_wconf 88' lang='lat' dir='ltr'>epilogo</span> <span class='ocrx_word' id='word_1_346' title='bbox 722 2838 976 2908; x_wconf 90' lang='lat' dir='ltr'>quodam</span> <span class='ocrx_word' id='word_1_347' title='bbox 996 2836 1215 2893; x_wconf 83' lang='lat' dir='ltr'>faciens</span> <span class='ocrx_word' id='word_1_348' title='bbox 1246 2838 1502 2910; x_wconf 85' lang='lat' dir='ltr'>suscepti</span> <span class='ocrx_word' id='word_1_349' title='bbox 1547 2839 1837 2896; x_wconf 84' lang='lat' dir='ltr'>sermonis</span> <span class='ocrx_word' id='word_1_350' title='bbox 1888 2857 1986 2896; x_wconf 88' lang='lat' dir='ltr'>cx-</span> 
     </span>
    </p>
   </div>
   <div class='ocr_carea' id='block_1_45' title="bbox 332 2925 1982 3000">
    <p class='ocr_par' dir='ltr' id='par_1_45' title="bbox 332 2925 1982 3000">
     <span class='ocr_line' id='line_1_46' title="bbox 332 2925 1982 3000; baseline 0.001 -15"><span class='ocrx_word' id='word_1_351' title='bbox 332 2943 590 2996; x_wconf 87' lang='lat' dir='ltr'>cessum,</span> <span class='ocrx_word' id='word_1_352' title='bbox 625 2927 696 2982; x_wconf 90' lang='lat' dir='ltr'>ad</span> <span class='ocrx_word' id='word_1_353' title='bbox 729 2925 988 2982; x_wconf 83' lang='lat' dir='ltr'>laetitiam</span> <span class='ocrx_word' id='word_1_354' title='bbox 1011 2943 1117 2983; x_wconf 91' lang='lat' dir='ltr'>nos</span> <span class='ocrx_word' id='word_1_355' title='bbox 1147 2930 1206 2981; x_wconf 89' lang='lat' dir='ltr'>et</span> <span class='ocrx_word' id='word_1_356' title='bbox 1251 2926 1474 2983; x_wconf 89' lang='lat' dir='ltr'>cultum</span> <span class='ocrx_word' id='word_1_357' title='bbox 1527 2927 1785 2984; x_wconf 90' lang='lat' dir='ltr'>nominis</span> <span class='ocrx_word' id='word_1_358' title='bbox 1853 2930 1982 3000; x_wconf 89' lang='lat' dir='ltr'>ejus</span> 
     </span>
    </p>
   </div>
   <div class='ocr_carea' id='block_1_46' title="bbox 337 3015 1987 3088">
    <p class='ocr_par' dir='ltr' id='par_1_46' title="bbox 337 3015 1987 3088">
     <span class='ocr_line' id='line_1_47' title="bbox 337 3015 1987 3088; baseline 0.002 -16"><span class='ocrx_word' id='word_1_359' title='bbox 337 3017 608 3072; x_wconf 87' lang='lat' dir='ltr'>hortatur</span> <span class='ocrx_word' id='word_1_360' title='bbox 635 3015 874 3071; x_wconf 90' lang='lat' dir='ltr'>dicens:</span> <span class='ocrx_word' id='word_1_361' title='bbox 909 3038 938 3065; x_wconf 84' lang='lat'><strong>«</strong></span> <span class='ocrx_word' id='word_1_362' title='bbox 1001 3016 1250 3072; x_wconf 69' lang='lat' dir='ltr'>Laetetur</span> <span class='ocrx_word' id='word_1_363' title='bbox 1280 3033 1450 3072; x_wconf 90' lang='lat' dir='ltr'>mons</span> <span class='ocrx_word' id='word_1_364' title='bbox 1499 3016 1667 3085; x_wconf 90' lang='lat' dir='ltr'>Sion;</span> <span class='ocrx_word' id='word_1_365' title='bbox 1705 3040 1731 3066; x_wconf 85' lang='lat'>»</span> <span class='ocrx_word' id='word_1_366' title='bbox 1772 3017 1830 3072; x_wconf 93' lang='lat' dir='ltr'>id</span> <span class='ocrx_word' id='word_1_367' title='bbox 1877 3025 1987 3088; x_wconf 90' lang='lat' dir='ltr'>est,</span> 
     </span>
    </p>
   </div>
   <div class='ocr_carea' id='block_1_47' title="bbox 341 3103 1989 3177">
    <p class='ocr_par' dir='ltr' id='par_1_47' title="bbox 341 3103 1989 3177">
     <span class='ocr_line' id='line_1_48' title="bbox 341 3103 1989 3177; baseline 0.003 -17"><span class='ocrx_word' id='word_1_368' title='bbox 341 3105 441 3177; x_wconf 90' lang='lat' dir='ltr'>qui</span> <span class='ocrx_word' id='word_1_369' title='bbox 476 3103 778 3160; x_wconf 85' lang='lat' dir='ltr'>conﬁdunt</span> <span class='ocrx_word' id='word_1_370' title='bbox 805 3103 866 3159; x_wconf 91' lang='lat' dir='ltr'>in</span> <span class='ocrx_word' id='word_1_371' title='bbox 897 3104 1168 3172; x_wconf 90' lang='lat' dir='ltr'>Domino,</span> <span class='ocrx_word' id='word_1_372' title='bbox 1201 3105 1355 3161; x_wconf 84' lang='lat' dir='ltr'>sicut</span> <span class='ocrx_word' id='word_1_373' title='bbox 1381 3106 1508 3177; x_wconf 91' lang='lat' dir='ltr'>ipse</span> <span class='ocrx_word' id='word_1_374' title='bbox 1555 3110 1758 3176; x_wconf 89' lang='lat' dir='ltr'>postea</span> <span class='ocrx_word' id='word_1_375' title='bbox 1811 3106 1989 3164; x_wconf 90' lang='lat' dir='ltr'>inter-</span> 
     </span>
    </p>
   </div>
   <div class='ocr_carea' id='block_1_48' title="bbox 2087 1954 3766 2039">
    <p class='ocr_par' dir='ltr' id='par_1_48' title="bbox 2087 1954 3766 2039">
     <span class='ocr_line' id='line_1_49' title="bbox 2087 1954 3766 2039; baseline 0.01 -31"><span class='ocrx_word' id='word_1_376' title='bbox 2087 1954 2484 2028; x_wconf 90' lang='lat' dir='ltr'>virtutemque</span> <span class='ocrx_word' id='word_1_377' title='bbox 2513 1959 2766 2014; x_wconf 63' lang='lat' dir='ltr'>caelestis</span> <span class='ocrx_word' id='word_1_378' title='bbox 2797 1961 3017 2016; x_wconf 88' lang='lat' dir='ltr'>oraculi</span> <span class='ocrx_word' id='word_1_379' title='bbox 3051 1979 3064 2016; x_wconf 87' lang='lat'><strong>:</strong></span> <span class='ocrx_word' id='word_1_380' title='bbox 3101 1979 3280 2034; x_wconf 88' lang='lat' dir='ltr'>quam</span> <span class='ocrx_word' id='word_1_381' title='bbox 3312 1968 3378 2019; x_wconf 92' lang='lat' dir='ltr'>ut</span> <span class='ocrx_word' id='word_1_382' title='bbox 3421 1981 3766 2039; x_wconf 86' lang='lat' dir='ltr'>asscquere-</span> 
     </span>
    </p>
   </div>
   <div class='ocr_carea' id='block_1_49' title="bbox 2092 2043 3764 2128">
    <p class='ocr_par' dir='ltr' id='par_1_49' title="bbox 2092 2043 3764 2128">
     <span class='ocr_line' id='line_1_50' title="bbox 2092 2043 3764 2128; baseline 0.01 -32"><span class='ocrx_word' id='word_1_383' title='bbox 2092 2045 2192 2097; x_wconf 89' lang='lat' dir='ltr'>tur</span> <span class='ocrx_word' id='word_1_384' title='bbox 2221 2043 2447 2115; x_wconf 82' lang='lat' dir='ltr'>Moyses</span> <span class='ocrx_word' id='word_1_385' title='bbox 2479 2045 2574 2100; x_wconf 86' lang='lat' dir='ltr'>ille</span> <span class='ocrx_word' id='word_1_386' title='bbox 2607 2048 2830 2118; x_wconf 89' lang='lat' dir='ltr'>peritus</span> <span class='ocrx_word' id='word_1_387' title='bbox 2860 2047 2918 2102; x_wconf 91' lang='lat' dir='ltr'>in</span> <span class='ocrx_word' id='word_1_388' title='bbox 2951 2050 3110 2103; x_wconf 91' lang='lat' dir='ltr'>omni</span> <span class='ocrx_word' id='word_1_389' title='bbox 3143 2050 3432 2122; x_wconf 88' lang='lat' dir='ltr'>sapientia</span> <span class='ocrx_word' id='word_1_390' title='bbox 3463 2057 3764 2128; x_wconf 68' lang='lat' dir='ltr'>Egyptio-</span> 
     </span>
    </p>
   </div>
   <div class='ocr_carea' id='block_1_50' title="bbox 2093 2131 3764 2208">
    <p class='ocr_par' dir='ltr' id='par_1_50' title="bbox 2093 2131 3764 2208">
     <span class='ocr_line' id='line_1_51' title="bbox 2093 2131 3764 2208; baseline 0.01 -23"><span class='ocrx_word' id='word_1_391' title='bbox 2093 2147 2248 2198; x_wconf 87' lang='lat' dir='ltr'>rum,</span> <span class='ocrx_word' id='word_1_392' title='bbox 2282 2131 2341 2187; x_wconf 86' lang='lat' dir='ltr'>in</span> <span class='ocrx_word' id='word_1_393' title='bbox 2379 2139 2635 2191; x_wconf 86' lang='lat' dir='ltr'>montem</span> <span class='ocrx_word' id='word_1_394' title='bbox 2669 2137 2956 2206; x_wconf 89' lang='lat' dir='ltr'>ascendit,</span> <span class='ocrx_word' id='word_1_395' title='bbox 2991 2137 3246 2208; x_wconf 88' lang='lat' dir='ltr'>atquein</span> <span class='ocrx_word' id='word_1_396' title='bbox 3308 2141 3528 2197; x_wconf 88' lang='lat' dir='ltr'>nubem</span> <span class='ocrx_word' id='word_1_397' title='bbox 3580 2144 3764 2200; x_wconf 87' lang='lat' dir='ltr'>intra-</span> 
     </span>
    </p>
   </div>
   <div class='ocr_carea' id='block_1_51' title="bbox 2092 2221 3762 2298">
    <p class='ocr_par' dir='ltr' id='par_1_51' title="bbox 2092 2221 3762 2298">
     <span class='ocr_line' id='line_1_52' title="bbox 2092 2221 3762 2298; baseline 0.01 -24"><span class='ocrx_word' id='word_1_398' title='bbox 2092 2221 2195 2287; x_wconf 89' lang='lat' dir='ltr'>vit,</span> <span class='ocrx_word' id='word_1_399' title='bbox 2229 2226 2291 2276; x_wconf 89' lang='lat' dir='ltr'>ut</span> <span class='ocrx_word' id='word_1_400' title='bbox 2319 2227 2521 2293; x_wconf 85' lang='lat' dir='ltr'>operta</span> <span class='ocrx_word' id='word_1_401' title='bbox 2581 2228 2640 2279; x_wconf 94' lang='lat' dir='ltr'>et</span> <span class='ocrx_word' id='word_1_402' title='bbox 2679 2224 2910 2280; x_wconf 89' lang='lat' dir='ltr'>occulta</span> <span class='ocrx_word' id='word_1_403' title='bbox 2971 2232 3367 2298; x_wconf 84' lang='lat' dir='ltr'>cognosceret,</span> <span class='ocrx_word' id='word_1_404' title='bbox 3423 2231 3762 2290; x_wconf 67' lang='lat' dir='ltr'>adherente</span> 
     </span>
    </p>
   </div>
   <div class='ocr_carea' id='block_1_52' title="bbox 2095 2308 3767 2394">
    <p class='ocr_par' dir='ltr' id='par_1_52' title="bbox 2095 2308 3767 2394">
     <span class='ocr_line' id='line_1_53' title="bbox 2095 2308 3767 2394; baseline 0.009 -30"><span class='ocrx_word' id='word_1_405' title='bbox 2095 2308 2206 2364; x_wconf 89' lang='lat' dir='ltr'>sibi</span> <span class='ocrx_word' id='word_1_406' title='bbox 2237 2310 2392 2365; x_wconf 92' lang='lat' dir='ltr'>socio</span> <span class='ocrx_word' id='word_1_407' title='bbox 2419 2313 2578 2379; x_wconf 77' lang='lat' dir='ltr'>Iesu,</span> <span class='ocrx_word' id='word_1_408' title='bbox 2605 2313 2746 2384; x_wconf 87' lang='lat' dir='ltr'>quia</span> <span class='ocrx_word' id='word_1_409' title='bbox 2795 2331 2966 2369; x_wconf 89' lang='lat' dir='ltr'>nemo</span> <span class='ocrx_word' id='word_1_410' title='bbox 2998 2314 3124 2370; x_wconf 89' lang='lat' dir='ltr'>sine</span> <span class='ocrx_word' id='word_1_411' title='bbox 3178 2333 3310 2372; x_wconf 90' lang='lat' dir='ltr'>vero</span> <span class='ocrx_word' id='word_1_412' title='bbox 3368 2318 3513 2374; x_wconf 79' lang='lat' dir='ltr'>Jesu</span> <span class='ocrx_word' id='word_1_413' title='bbox 3573 2326 3767 2394; x_wconf 86' lang='lat' dir='ltr'>potest</span> 
     </span>
    </p>
   </div>
   <div class='ocr_carea' id='block_1_53' title="bbox 2093 2398 3766 2476">
    <p class='ocr_par' dir='ltr' id='par_1_53' title="bbox 2093 2398 3766 2476">
     <span class='ocr_line' id='line_1_54' title="bbox 2093 2398 3766 2476; baseline 0.008 -24"><span class='ocrx_word' id='word_1_414' title='bbox 2093 2398 2318 2454; x_wconf 89' lang='lat' dir='ltr'>incerta</span> <span class='ocrx_word' id='word_1_415' title='bbox 2347 2400 2649 2473; x_wconf 73' lang='lat' dir='ltr'>sapientiae</span> <span class='ocrx_word' id='word_1_416' title='bbox 2706 2406 2763 2457; x_wconf 90' lang='lat' dir='ltr'>et</span> <span class='ocrx_word' id='word_1_417' title='bbox 2819 2403 3048 2459; x_wconf 89' lang='lat' dir='ltr'>occulta</span> <span class='ocrx_word' id='word_1_418' title='bbox 3115 2405 3632 2476; x_wconf 89' lang='lat' dir='ltr'>comprehendere.</span> <span class='ocrx_word' id='word_1_419' title='bbox 3693 2412 3766 2466; x_wconf 88' lang='lat' dir='ltr'>Et</span> 
     </span>
    </p>
   </div>
   <div class='ocr_carea' id='block_1_54' title="bbox 2094 2486 3764 2571">
    <p class='ocr_par' dir='ltr' id='par_1_54' title="bbox 2094 2486 3764 2571">
     <span class='ocr_line' id='line_1_55' title="bbox 2094 2486 3764 2571; baseline 0.008 -29"><span class='ocrx_word' id='word_1_420' title='bbox 2094 2487 2223 2543; x_wconf 91' lang='lat' dir='ltr'>ideo</span> <span class='ocrx_word' id='word_1_421' title='bbox 2254 2486 2313 2542; x_wconf 89' lang='lat' dir='ltr'>in</span> <span class='ocrx_word' id='word_1_422' title='bbox 2345 2489 2537 2561; x_wconf 88' lang='lat' dir='ltr'>specie</span> <span class='ocrx_word' id='word_1_423' title='bbox 2566 2491 2708 2546; x_wconf 87' lang='lat' dir='ltr'>Jesu</span> <span class='ocrx_word' id='word_1_424' title='bbox 2746 2490 2922 2560; x_wconf 89' lang='lat' dir='ltr'>Nave,</span> <span class='ocrx_word' id='word_1_425' title='bbox 2955 2492 3074 2548; x_wconf 88' lang='lat' dir='ltr'>veri</span> <span class='ocrx_word' id='word_1_426' title='bbox 3113 2492 3433 2556; x_wconf 80' lang='lat' dir='ltr'>Salvatoris</span> <span class='ocrx_word' id='word_1_427' title='bbox 3464 2497 3764 2571; x_wconf 82' lang='lat' dir='ltr'>significa-</span> 
     </span>
    </p>
   </div>
   <div class='ocr_carea' id='block_1_55' title="bbox 2092 2576 3764 2654">
    <p class='ocr_par' dir='ltr' id='par_1_55' title="bbox 2092 2576 3764 2654">
     <span class='ocr_line' id='line_1_56' title="bbox 2092 2576 3764 2654; baseline 0.007 -24"><span class='ocrx_word' id='word_1_428' title='bbox 2092 2576 2335 2631; x_wconf 88' lang='lat' dir='ltr'>baturei</span> <span class='ocrx_word' id='word_1_429' title='bbox 2372 2579 2702 2649; x_wconf 87' lang='lat' dir='ltr'>aspiratura</span> <span class='ocrx_word' id='word_1_430' title='bbox 2745 2579 3079 2651; x_wconf 66' lang='lat' dir='ltr'>praesentia,</span> <span class='ocrx_word' id='word_1_431' title='bbox 3141 2598 3246 2653; x_wconf 89' lang='lat' dir='ltr'>per</span> <span class='ocrx_word' id='word_1_432' title='bbox 3314 2601 3494 2654; x_wconf 89' lang='lat' dir='ltr'>quem</span> <span class='ocrx_word' id='word_1_433' title='bbox 3555 2589 3764 2644; x_wconf 82' lang='lat' dir='ltr'>fierent</span> 
     </span>
    </p>
   </div>
   <div class='ocr_carea' id='block_1_56' title="bbox 2095 2665 3764 2747">
    <p class='ocr_par' dir='ltr' id='par_1_56' title="bbox 2095 2665 3764 2747">
     <span class='ocr_line' id='line_1_57' title="bbox 2095 2665 3764 2747; baseline 0.007 -29"><span class='ocrx_word' id='word_1_434' title='bbox 2095 2679 2297 2720; x_wconf 90' lang='lat' dir='ltr'>omnes</span> <span class='ocrx_word' id='word_1_435' title='bbox 2333 2665 2614 2722; x_wconf 90' lang='lat' dir='ltr'>docibiles</span> <span class='ocrx_word' id='word_1_436' title='bbox 2635 2665 2761 2734; x_wconf 89' lang='lat' dir='ltr'>Dei,</span> <span class='ocrx_word' id='word_1_437' title='bbox 2788 2666 2886 2738; x_wconf 89' lang='lat' dir='ltr'>qui</span> <span class='ocrx_word' id='word_1_438' title='bbox 2946 2665 3136 2739; x_wconf 86' lang='lat' dir='ltr'>legem</span> <span class='ocrx_word' id='word_1_439' title='bbox 3192 2670 3464 2741; x_wconf 88' lang='lat' dir='ltr'>aperiret,</span> <span class='ocrx_word' id='word_1_440' title='bbox 3499 2674 3764 2747; x_wconf 86' lang='lat' dir='ltr'>Evange-</span> 
     </span>
    </p>
   </div>
   <div class='ocr_carea' id='block_1_57' title="bbox 2095 2750 2579 2809">
    <p class='ocr_par' dir='ltr' id='par_1_57' title="bbox 2095 2750 2579 2809">
     <span class='ocr_line' id='line_1_58' title="bbox 2095 2750 2579 2809; baseline 0.004 -3"><span class='ocrx_word' id='word_1_441' title='bbox 2095 2750 2242 2807; x_wconf 90' lang='lat' dir='ltr'>lium</span> <span class='ocrx_word' id='word_1_442' title='bbox 2276 2751 2579 2809; x_wconf 88' lang='lat' dir='ltr'>revelaret.</span> 
     </span>
    </p>
   </div>
   <div class='ocr_carea' id='block_1_58' title="bbox 2165 2842 3766 2921">
    <p class='ocr_par' dir='ltr' id='par_1_58' title="bbox 2165 2842 3766 2921">
     <span class='ocr_line' id='line_1_59' title="bbox 2165 2842 3766 2921; baseline 0.007 -25"><span class='ocrx_word' id='word_1_443' title='bbox 2165 2845 2255 2896; x_wconf 84' lang='lat'>22.</span> <span class='ocrx_word' id='word_1_444' title='bbox 2311 2842 2457 2915; x_wconf 88' lang='lat' dir='ltr'>Ergo</span> <span class='ocrx_word' id='word_1_445' title='bbox 2527 2842 2626 2914; x_wconf 92' lang='lat' dir='ltr'>qui</span> <span class='ocrx_word' id='word_1_446' title='bbox 2688 2843 2829 2899; x_wconf 89' lang='lat' dir='ltr'>Sion</span> <span class='ocrx_word' id='word_1_447' title='bbox 2887 2844 3379 2903; x_wconf 86' lang='lat' dir='ltr'>circumdederint</span> <span class='ocrx_word' id='word_1_448' title='bbox 3452 2851 3766 2921; x_wconf 87' lang='lat' dir='ltr'>prudentia</span> 
     </span>
    </p>
   </div>
   <div class='ocr_carea' id='block_1_59' title="bbox 2097 2930 3762 3002">
    <p class='ocr_par' dir='ltr' id='par_1_59' title="bbox 2097 2930 3762 3002">
     <span class='ocr_line' id='line_1_60' title="bbox 2097 2930 3762 3002; baseline 0.007 -17"><span class='ocrx_word' id='word_1_449' title='bbox 2097 2947 2226 2996; x_wconf 89' lang='lat' dir='ltr'>sua,</span> <span class='ocrx_word' id='word_1_450' title='bbox 2278 2933 2335 2984; x_wconf 91' lang='lat' dir='ltr'>et</span> <span class='ocrx_word' id='word_1_451' title='bbox 2390 2930 2677 3002; x_wconf 84' lang='lat' dir='ltr'>complexi</span> <span class='ocrx_word' id='word_1_452' title='bbox 2735 2931 2954 2987; x_wconf 86' lang='lat' dir='ltr'>fuerint</span> <span class='ocrx_word' id='word_1_453' title='bbox 3011 2933 3312 2990; x_wconf 89' lang='lat' dir='ltr'>intellectu</span> <span class='ocrx_word' id='word_1_454' title='bbox 3373 2940 3762 2996; x_wconf 88' lang='lat' dir='ltr'>ascendentes</span> 
     </span>
    </p>
   </div>
   <div class='ocr_carea' id='block_1_60' title="bbox 2099 3019 3762 3101">
    <p class='ocr_par' dir='ltr' id='par_1_60' title="bbox 2099 3019 3762 3101">
     <span class='ocr_line' id='line_1_61' title="bbox 2099 3019 3762 3101; baseline 0.007 -27"><span class='ocrx_word' id='word_1_455' title='bbox 2099 3034 2278 3090; x_wconf 90' lang='lat' dir='ltr'>super</span> <span class='ocrx_word' id='word_1_456' title='bbox 2309 3020 2502 3073; x_wconf 81' lang='lat' dir='ltr'>turres</span> <span class='ocrx_word' id='word_1_457' title='bbox 2531 3019 2680 3089; x_wconf 88' lang='lat' dir='ltr'>ejus,</span> <span class='ocrx_word' id='word_1_458' title='bbox 2715 3025 2962 3075; x_wconf 87' lang='lat' dir='ltr'>narrant</span> <span class='ocrx_word' id='word_1_459' title='bbox 2989 3021 3243 3094; x_wconf 90' lang='lat' dir='ltr'>desuper</span> <span class='ocrx_word' id='word_1_460' title='bbox 3263 3023 3313 3078; x_wconf 92' lang='lat' dir='ltr'>ei</span> <span class='ocrx_word' id='word_1_461' title='bbox 3355 3025 3458 3096; x_wconf 88' lang='lat' dir='ltr'>qui</span> <span class='ocrx_word' id='word_1_462' title='bbox 3490 3044 3605 3084; x_wconf 88' lang='lat' dir='ltr'>non</span> <span class='ocrx_word' id='word_1_463' title='bbox 3654 3046 3762 3101; x_wconf 90' lang='lat' dir='ltr'>po-</span> 
     </span>
    </p>
   </div>
   <div class='ocr_carea' id='block_1_61' title="bbox 2099 3107 3758 3185">
    <p class='ocr_par' dir='ltr' id='par_1_61' title="bbox 2099 3107 3758 3185">
     <span class='ocr_line' id='line_1_62' title="bbox 2099 3107 3758 3185; baseline 0.008 -24"><span class='ocrx_word' id='word_1_464' title='bbox 2099 3107 2278 3162; x_wconf 87' lang='lat' dir='ltr'>tuerit</span> <span class='ocrx_word' id='word_1_465' title='bbox 2308 3108 2622 3164; x_wconf 86' lang='lat' dir='ltr'>ascendere</span> <span class='ocrx_word' id='word_1_466' title='bbox 2653 3108 2711 3163; x_wconf 92' lang='lat' dir='ltr'>in</span> <span class='ocrx_word' id='word_1_467' title='bbox 2746 3113 2936 3165; x_wconf 87' lang='lat' dir='ltr'>turres</span> <span class='ocrx_word' id='word_1_468' title='bbox 2968 3111 3116 3180; x_wconf 85' lang='lat' dir='ltr'>ejus,</span> <span class='ocrx_word' id='word_1_469' title='bbox 3153 3111 3292 3182; x_wconf 93' lang='lat' dir='ltr'>quid</span> <span class='ocrx_word' id='word_1_470' title='bbox 3323 3115 3643 3185; x_wconf 89' lang='lat' dir='ltr'>agendum,</span> <span class='ocrx_word' id='word_1_471' title='bbox 3669 3119 3758 3174; x_wconf 90' lang='lat' dir='ltr'>vel</span> 
     </span>
    </p>
   </div>
   <div class='ocr_carea' id='block_1_62' title="bbox 341 3192 3758 3275">
    <p class='ocr_par' dir='ltr' id='par_1_62' title="bbox 341 3192 3758 3275">
     <span class='ocr_line' id='line_1_63' title="bbox 341 3192 3758 3275; baseline 0.006 -33"><span class='ocrx_word' id='word_1_472' title='bbox 341 3197 606 3266; x_wconf 73' lang='lat' dir='ltr'>pretatus</span> <span class='ocrx_word' id='word_1_473' title='bbox 637 3196 727 3248; x_wconf 82' lang='lat' dir='ltr'>est</span> <span class='ocrx_word' id='word_1_474' title='bbox 769 3193 1056 3248; x_wconf 82' lang='lat' dir='ltr'>dicens:«</span> <span class='ocrx_word' id='word_1_475' title='bbox 1108 3192 1215 3256; x_wconf 87' lang='lat' dir='ltr'>Qui</span> <span class='ocrx_word' id='word_1_476' title='bbox 1272 3194 1577 3249; x_wconf 85' lang='lat' dir='ltr'>conﬁdunt</span> <span class='ocrx_word' id='word_1_477' title='bbox 1625 3195 1684 3249; x_wconf 94' lang='lat' dir='ltr'>in</span> <span class='ocrx_word' id='word_1_478' title='bbox 1743 3197 1990 3255; x_wconf 85' lang='lat' dir='ltr'>Domino</span> <span class='ocrx_word' id='word_1_479' title='bbox 2025 3269 2055 3275; x_wconf 31' lang='grc' dir='ltr'><strong>Α</strong></span> <span class='ocrx_word' id='word_1_480' title='bbox 2103 3194 2244 3266; x_wconf 91' lang='lat' dir='ltr'>quid</span> <span class='ocrx_word' id='word_1_481' title='bbox 2278 3196 2600 3251; x_wconf 90' lang='lat' dir='ltr'>cavendum</span> <span class='ocrx_word' id='word_1_482' title='bbox 2633 3197 2728 3252; x_wconf 89' lang='lat' dir='ltr'>sit.</span> <span class='ocrx_word' id='word_1_483' title='bbox 2762 3197 2991 3253; x_wconf 88' lang='lat' dir='ltr'>Murata</span> <span class='ocrx_word' id='word_1_484' title='bbox 3029 3202 3118 3253; x_wconf 89' lang='lat' dir='ltr'>est</span> <span class='ocrx_word' id='word_1_485' title='bbox 3158 3199 3315 3255; x_wconf 90' lang='lat' dir='ltr'>enim</span> <span class='ocrx_word' id='word_1_486' title='bbox 3374 3201 3580 3259; x_wconf 89' lang='lat' dir='ltr'>civitas</span> <span class='ocrx_word' id='word_1_487' title='bbox 3637 3206 3758 3275; x_wconf 89' lang='lat' dir='ltr'>Dei,</span> 
     </span>
    </p>
   </div>
   <div class='ocr_carea' id='block_1_63' title="bbox 336 3281 1626 3352">
    <p class='ocr_par' dir='ltr' id='par_1_63' title="bbox 336 3281 1626 3352">
     <span class='ocr_line' id='line_1_64' title="bbox 336 3281 1626 3352; baseline -0.006 -13"><span class='ocrx_word' id='word_1_488' title='bbox 336 3283 488 3339; x_wconf 84' lang='lat' dir='ltr'>sicut</span> <span class='ocrx_word' id='word_1_489' title='bbox 517 3299 687 3338; x_wconf 91' lang='lat' dir='ltr'>mons</span> <span class='ocrx_word' id='word_1_490' title='bbox 707 3281 865 3337; x_wconf 89' lang='lat' dir='ltr'>Sion.</span> <span class='ocrx_word' id='word_1_491' title='bbox 893 3285 1000 3336; x_wconf 87' lang='lat' dir='ltr'>etc.</span> <span class='ocrx_word' id='word_1_492' title='bbox 1037 3281 1204 3350; x_wconf 84' lang='lat' dir='ltr'>(Psal.</span> <span class='ocrx_word' id='word_1_493' title='bbox 1247 3297 1436 3348; x_wconf 84' lang='lat' dir='ltr'>cxx1v,</span> <span class='ocrx_word' id='word_1_494' title='bbox 1491 3282 1562 3352; x_wconf 83' lang='lat' dir='ltr'>l).</span> <span class='ocrx_word' id='word_1_495' title='bbox 1599 3303 1626 3332; x_wconf 84' lang='lat'><strong>»</strong></span> 
     </span>
    </p>
   </div>
   <div class='ocr_carea' id='block_1_64' title="bbox 337 3456 1988 3534">
    <p class='ocr_par' dir='ltr' id='par_1_64' title="bbox 337 3456 1988 3534">
     <span class='ocr_line' id='line_1_65' title="bbox 337 3456 1988 3534; baseline 0.001 -20"><span class='ocrx_word' id='word_1_496' title='bbox 337 3476 466 3534; x_wconf 81' lang='lat' dir='ltr'>quae</span> <span class='ocrx_word' id='word_1_497' title='bbox 494 3459 791 3517; x_wconf 87' lang='lat' dir='ltr'>Christum</span> <span class='ocrx_word' id='word_1_498' title='bbox 824 3473 998 3513; x_wconf 90' lang='lat' dir='ltr'>suum</span> <span class='ocrx_word' id='word_1_499' title='bbox 1030 3460 1150 3513; x_wconf 89' lang='lat' dir='ltr'>toto</span> <span class='ocrx_word' id='word_1_500' title='bbox 1181 3456 1515 3529; x_wconf 86' lang='lat' dir='ltr'>speculatur</span> <span class='ocrx_word' id='word_1_501' title='bbox 1539 3457 1770 3525; x_wconf 71' lang='lat' dir='ltr'>affectu,</span> <span class='ocrx_word' id='word_1_502' title='bbox 1833 3459 1988 3516; x_wconf 82' lang='lat' dir='ltr'>laete-</span> 
     </span>
    </p>
   </div>
   <div class='ocr_carea' id='block_1_65' title="bbox 337 3544 1983 3618">
    <p class='ocr_par' dir='ltr' id='par_1_65' title="bbox 337 3544 1983 3618">
     <span class='ocr_line' id='line_1_66' title="bbox 337 3544 1983 3618; baseline 0.001 -14"><span class='ocrx_word' id='word_1_503' title='bbox 337 3551 435 3618; x_wconf 85' lang='lat' dir='ltr'>tur</span> <span class='ocrx_word' id='word_1_504' title='bbox 462 3548 576 3603; x_wconf 81' lang='lat' dir='ltr'>ﬁde</span> <span class='ocrx_word' id='word_1_505' title='bbox 607 3547 736 3618; x_wconf 84' lang='lat' dir='ltr'>ejus</span> <span class='ocrx_word' id='word_1_506' title='bbox 784 3550 843 3601; x_wconf 91' lang='lat' dir='ltr'>et</span> <span class='ocrx_word' id='word_1_507' title='bbox 890 3544 1196 3600; x_wconf 88' lang='lat' dir='ltr'>devotione</span> <span class='ocrx_word' id='word_1_508' title='bbox 1256 3562 1382 3618; x_wconf 71' lang='lat' dir='ltr'>quae</span> <span class='ocrx_word' id='word_1_509' title='bbox 1439 3544 1792 3618; x_wconf 83' lang='lat' dir='ltr'>complacuit</span> <span class='ocrx_word' id='word_1_510' title='bbox 1830 3548 1983 3605; x_wconf 81' lang='lat' dir='ltr'>Deo:</span> 
     </span>
    </p>
   </div>
   <div class='ocr_carea' id='block_1_66' title="bbox 338 3617 1988 3708">
    <p class='ocr_par' dir='ltr' id='par_1_66' title="bbox 338 3617 1988 3708">
     <span class='ocr_line' id='line_1_67' title="bbox 338 3617 1988 3708; baseline 0.002 -19"><span class='ocrx_word' id='word_1_511' title='bbox 338 3617 974 3706; x_wconf 13' lang='lat' dir='ltr'>quoniam’repudiata</span> <span class='ocrx_word' id='word_1_512' title='bbox 1014 3637 1104 3690; x_wconf 90' lang='lat' dir='ltr'>est</span> <span class='ocrx_word' id='word_1_513' title='bbox 1158 3617 1432 3690; x_wconf 83' lang='lat' dir='ltr'>inﬁdelis.</span> <span class='ocrx_word' id='word_1_514' title='bbox 1486 3617 1681 3691; x_wconf 84' lang='lat' dir='ltr'>Potest</span> <span class='ocrx_word' id='word_1_515' title='bbox 1723 3635 1902 3708; x_wconf 87' lang='lat' dir='ltr'>igitur</span> <span class='ocrx_word' id='word_1_516' title='bbox 1931 3642 1988 3694; x_wconf 91' lang='lat' dir='ltr'>et</span> 
     </span>
    </p>
   </div>
   <div class='ocr_carea' id='block_1_67' title="bbox 335 3720 1986 3795">
    <p class='ocr_par' dir='ltr' id='par_1_67' title="bbox 335 3720 1986 3795">
     <span class='ocr_line' id='line_1_68' title="bbox 335 3720 1986 3795; baseline 0.002 -17"><span class='ocrx_word' id='word_1_517' title='bbox 335 3723 448 3778; x_wconf 89' lang='lat' dir='ltr'>hoc</span> <span class='ocrx_word' id='word_1_518' title='bbox 476 3721 570 3795; x_wconf 94' lang='lat' dir='ltr'>pie</span> <span class='ocrx_word' id='word_1_519' title='bbox 596 3720 862 3794; x_wconf 83' lang='lat' dir='ltr'>intelligi,</span> <span class='ocrx_word' id='word_1_520' title='bbox 895 3721 1172 3795; x_wconf 89' lang='lat' dir='ltr'>quoniam</span> <span class='ocrx_word' id='word_1_521' title='bbox 1201 3721 1375 3778; x_wconf 86' lang='lat' dir='ltr'>etiam</span> <span class='ocrx_word' id='word_1_522' title='bbox 1416 3723 1683 3795; x_wconf 89' lang='lat' dir='ltr'>superior</span> <span class='ocrx_word' id='word_1_523' title='bbox 1711 3725 1986 3782; x_wconf 90' lang='lat' dir='ltr'>omnibus</span> 
     </span>
    </p>
   </div>
   <div class='ocr_carea' id='block_1_68' title="bbox 334 3810 1986 3886">
    <p class='ocr_par' dir='ltr' id='par_1_68' title="bbox 334 3810 1986 3886">
     <span class='ocr_line' id='line_1_69' title="bbox 334 3810 1986 3886; baseline 0.002 -20"><span class='ocrx_word' id='word_1_524' title='bbox 334 3810 462 3882; x_wconf 79' lang='lat' dir='ltr'>ipse</span> <span class='ocrx_word' id='word_1_525' title='bbox 491 3811 580 3882; x_wconf 75' lang='lat' dir='ltr'>est</span> <span class='ocrx_word' id='word_1_526' title='bbox 609 3825 778 3876; x_wconf 88' lang='lat' dir='ltr'>mons</span> <span class='ocrx_word' id='word_1_527' title='bbox 810 3810 911 3881; x_wconf 76' lang='lat'>(9),</span> <span class='ocrx_word' id='word_1_528' title='bbox 943 3810 1004 3866; x_wconf 91' lang='lat' dir='ltr'>in</span> <span class='ocrx_word' id='word_1_529' title='bbox 1048 3827 1224 3882; x_wconf 87' lang='lat' dir='ltr'>quem</span> <span class='ocrx_word' id='word_1_530' title='bbox 1279 3810 1334 3867; x_wconf 90' lang='lat' dir='ltr'>is</span> <span class='ocrx_word' id='word_1_531' title='bbox 1387 3812 1701 3872; x_wconf 81' lang='lat' dir='ltr'>ascendere</span> <span class='ocrx_word' id='word_1_532' title='bbox 1741 3813 1986 3886; x_wconf 86' lang='lat' dir='ltr'>jubetur</span> 
     </span>
    </p>
   </div>
   <div class='ocr_carea' id='block_1_69' title="bbox 333 3898 1981 3974">
    <p class='ocr_par' dir='ltr' id='par_1_69' title="bbox 333 3898 1981 3974">
     <span class='ocr_line' id='line_1_70' title="bbox 333 3898 1981 3974; baseline 0.003 -21"><span class='ocrx_word' id='word_1_533' title='bbox 333 3898 434 3974; x_wconf 88' lang='lat' dir='ltr'>qui</span> <span class='ocrx_word' id='word_1_534' title='bbox 468 3898 645 3956; x_wconf 84' lang='lat' dir='ltr'>fidem</span> <span class='ocrx_word' id='word_1_535' title='bbox 675 3899 969 3970; x_wconf 67' lang='lat' dir='ltr'>praedicat,</span> <span class='ocrx_word' id='word_1_536' title='bbox 1004 3900 1230 3956; x_wconf 87' lang='lat' dir='ltr'>dicente</span> <span class='ocrx_word' id='word_1_537' title='bbox 1257 3899 1598 3973; x_wconf 82' lang='lat' dir='ltr'>Scriptura:</span> <span class='ocrx_word' id='word_1_538' title='bbox 1625 3924 1652 3951; x_wconf 92' lang='grc'><em>‹‹</em></span> <span class='ocrx_word' id='word_1_539' title='bbox 1702 3903 1764 3957; x_wconf 91' lang='lat' dir='ltr'>In</span> <span class='ocrx_word' id='word_1_540' title='bbox 1815 3920 1981 3958; x_wconf 84' lang='lat' dir='ltr'>mon-</span> 
     </span>
    </p>
   </div>
   <div class='ocr_carea' id='block_1_70' title="bbox 330 3986 1976 4064">
    <p class='ocr_par' dir='ltr' id='par_1_70' title="bbox 330 3986 1976 4064">
     <span class='ocr_line' id='line_1_71' title="bbox 330 3986 1976 4064; baseline 0.002 -20"><span class='ocrx_word' id='word_1_541' title='bbox 330 3986 765 4058; x_wconf 82' lang='lat' dir='ltr'>temexcelsum</span> <span class='ocrx_word' id='word_1_542' title='bbox 797 3989 1046 4045; x_wconf 84' lang='lat' dir='ltr'>ascende</span> <span class='ocrx_word' id='word_1_543' title='bbox 1077 3988 1178 4061; x_wconf 90' lang='lat' dir='ltr'>qui</span> <span class='ocrx_word' id='word_1_544' title='bbox 1228 3989 1594 4064; x_wconf 88' lang='lat' dir='ltr'>evangelizas</span> <span class='ocrx_word' id='word_1_545' title='bbox 1653 3990 1794 4047; x_wconf 84' lang='lat' dir='ltr'>Sion</span> <span class='ocrx_word' id='word_1_546' title='bbox 1850 3993 1976 4064; x_wconf 70' lang='lat' dir='ltr'>(1.9a.</span> 
     </span>
    </p>
   </div>
   <div class='ocr_carea' id='block_1_71' title="bbox 329 4078 601 4152">
    <p class='ocr_par' dir='ltr' id='par_1_71' title="bbox 329 4078 601 4152">
     <span class='ocr_line' id='line_1_72' title="bbox 329 4078 601 4152; baseline -0.029 -19"><span class='ocrx_word' id='word_1_547' title='bbox 329 4096 421 4152; x_wconf 67' lang='lat' dir='ltr'>xc,</span> <span class='ocrx_word' id='word_1_548' title='bbox 453 4078 533 4148; x_wconf 74' lang='lat'>9).</span> <span class='ocrx_word' id='word_1_549' title='bbox 572 4099 601 4127; x_wconf 85' lang='grc'><strong>››</strong></span> 
     </span>
    </p>
   </div>
   <div class='ocr_carea' id='block_1_72' title="bbox 398 4165 1974 4243">
    <p class='ocr_par' dir='ltr' id='par_1_72' title="bbox 398 4165 1974 4243">
     <span class='ocr_line' id='line_1_73' title="bbox 398 4165 1974 4243; baseline 0.004 -21"><span class='ocrx_word' id='word_1_550' title='bbox 398 4169 489 4242; x_wconf 66' lang='lat'>30.</span> <span class='ocrx_word' id='word_1_551' title='bbox 523 4165 842 4236; x_wconf 80' lang='lat' dir='ltr'>Exsultent,</span> <span class='ocrx_word' id='word_1_552' title='bbox 873 4167 1088 4240; x_wconf 85' lang='lat' dir='ltr'>inquit,</span> <span class='ocrx_word' id='word_1_553' title='bbox 1119 4167 1327 4225; x_wconf 84' lang='lat' dir='ltr'>animae</span> <span class='ocrx_word' id='word_1_554' title='bbox 1354 4168 1694 4236; x_wconf 75' lang='lat' dir='ltr'>confitentes</span> <span class='ocrx_word' id='word_1_555' title='bbox 1715 4171 1819 4226; x_wconf 84' lang='lat' dir='ltr'>tibi</span> <span class='ocrx_word' id='word_1_556' title='bbox 1841 4171 1974 4243; x_wconf 75' lang='grc'><strong>(10).</strong></span> 
     </span>
    </p>
   </div>
   <div class='ocr_carea' id='block_1_73' title="bbox 331 4254 1972 4332">
    <p class='ocr_par' dir='ltr' id='par_1_73' title="bbox 331 4254 1972 4332">
     <span class='ocr_line' id='line_1_74' title="bbox 331 4254 1972 4332; baseline 0.004 -20"><span class='ocrx_word' id='word_1_557' title='bbox 331 4259 474 4330; x_wconf 69' lang='lat' dir='ltr'>Ipsa</span> <span class='ocrx_word' id='word_1_558' title='bbox 505 4259 643 4322; x_wconf 80' lang='lat' dir='ltr'>sunt</span> <span class='ocrx_word' id='word_1_559' title='bbox 665 4254 796 4310; x_wconf 69' lang='lat' dir='ltr'>filiae</span> <span class='ocrx_word' id='word_1_560' title='bbox 827 4256 1042 4312; x_wconf 61' lang='lat' dir='ltr'>Judam</span> <span class='ocrx_word' id='word_1_561' title='bbox 1075 4256 1236 4313; x_wconf 91' lang='lat' dir='ltr'>illius</span> <span class='ocrx_word' id='word_1_562' title='bbox 1268 4257 1332 4313; x_wconf 84' lang='lat' dir='ltr'>in</span> <span class='ocrx_word' id='word_1_563' title='bbox 1360 4276 1476 4332; x_wconf 87' lang='lat' dir='ltr'>qua</span> <span class='ocrx_word' id='word_1_564' title='bbox 1497 4263 1670 4315; x_wconf 84' lang='lat' dir='ltr'>notus</span> <span class='ocrx_word' id='word_1_565' title='bbox 1688 4264 1777 4318; x_wconf 86' lang='lat' dir='ltr'>est</span> <span class='ocrx_word' id='word_1_566' title='bbox 1797 4261 1972 4318; x_wconf 88' lang='lat' dir='ltr'>Deus.</span> 
     </span>
    </p>
   </div>
   <div class='ocr_carea' id='block_1_74' title="bbox 328 4343 1973 4422">
    <p class='ocr_par' dir='ltr' id='par_1_74' title="bbox 328 4343 1973 4422">
     <span class='ocr_line' id='line_1_75' title="bbox 328 4343 1973 4422; baseline 0.003 -21"><span class='ocrx_word' id='word_1_567' title='bbox 328 4343 476 4422; x_wconf 82' lang='lat' dir='ltr'>Nam</span> <span class='ocrx_word' id='word_1_568' title='bbox 506 4344 620 4402; x_wconf 86' lang='lat' dir='ltr'>ista</span> <span class='ocrx_word' id='word_1_569' title='bbox 647 4345 851 4402; x_wconf 80' lang='lat' dir='ltr'>Judaea</span> <span class='ocrx_word' id='word_1_570' title='bbox 881 4363 1010 4418; x_wconf 70' lang='lat' dir='ltr'>quae</span> <span class='ocrx_word' id='word_1_571' title='bbox 1041 4345 1101 4401; x_wconf 91' lang='lat' dir='ltr'>in</span> <span class='ocrx_word' id='word_1_572' title='bbox 1123 4363 1296 4402; x_wconf 88' lang='lat' dir='ltr'>carne</span> <span class='ocrx_word' id='word_1_573' title='bbox 1326 4351 1416 4402; x_wconf 88' lang='lat' dir='ltr'>est</span> <span class='ocrx_word' id='word_1_574' title='bbox 1463 4347 1550 4403; x_wconf 91' lang='lat' dir='ltr'>vel</span> <span class='ocrx_word' id='word_1_575' title='bbox 1584 4347 1800 4418; x_wconf 89' lang='lat' dir='ltr'>littera,</span> <span class='ocrx_word' id='word_1_576' title='bbox 1859 4367 1973 4406; x_wconf 89' lang='lat' dir='ltr'>non</span> 
     </span>
    </p>
   </div>
   <div class='ocr_carea' id='block_1_75' title="bbox 329 4434 1975 4508">
    <p class='ocr_par' dir='ltr' id='par_1_75' title="bbox 329 4434 1975 4508">
     <span class='ocr_line' id='line_1_76' title="bbox 329 4434 1975 4508; baseline 0.002 -16"><span class='ocrx_word' id='word_1_577' title='bbox 329 4434 565 4508; x_wconf 74' lang='lat' dir='ltr'>agnovit</span> <span class='ocrx_word' id='word_1_578' title='bbox 595 4434 928 4494; x_wconf 86' lang='lat' dir='ltr'>Dominum.</span> <span class='ocrx_word' id='word_1_579' title='bbox 963 4435 1109 4496; x_wconf 83' lang='lat' dir='ltr'>Nam</span> <span class='ocrx_word' id='word_1_580' title='bbox 1141 4435 1193 4490; x_wconf 90' lang='lat' dir='ltr'>si</span> <span class='ocrx_word' id='word_1_581' title='bbox 1222 4434 1576 4507; x_wconf 83' lang='lat' dir='ltr'>agnovisset,</span> <span class='ocrx_word' id='word_1_582' title='bbox 1608 4436 1783 4493; x_wconf 90' lang='lat' dir='ltr'>etiam</span> <span class='ocrx_word' id='word_1_583' title='bbox 1813 4454 1975 4496; x_wconf 85' lang='lat' dir='ltr'>rece-</span> 
     </span>
    </p>
   </div>
   <div class='ocr_carea' id='block_1_76' title="bbox 327 4522 1972 4598">
    <p class='ocr_par' dir='ltr' id='par_1_76' title="bbox 327 4522 1972 4598">
     <span class='ocr_line' id='line_1_77' title="bbox 327 4522 1972 4598; baseline 0.004 -21"><span class='ocrx_word' id='word_1_584' title='bbox 327 4522 530 4595; x_wconf 85' lang='lat' dir='ltr'>pisset.</span> <span class='ocrx_word' id='word_1_585' title='bbox 547 4523 658 4594; x_wconf 87' lang='lat' dir='ltr'>Sed</span> <span class='ocrx_word' id='word_1_586' title='bbox 689 4540 804 4579; x_wconf 91' lang='lat' dir='ltr'>non</span> <span class='ocrx_word' id='word_1_587' title='bbox 825 4523 1081 4596; x_wconf 84' lang='lat' dir='ltr'>agnovit,</span> <span class='ocrx_word' id='word_1_588' title='bbox 1110 4540 1289 4595; x_wconf 84' lang='lat' dir='ltr'>quem</span> <span class='ocrx_word' id='word_1_589' title='bbox 1318 4541 1433 4580; x_wconf 89' lang='lat' dir='ltr'>non</span> <span class='ocrx_word' id='word_1_590' title='bbox 1482 4524 1715 4597; x_wconf 88' lang='lat' dir='ltr'>recepit,</span> <span class='ocrx_word' id='word_1_591' title='bbox 1777 4530 1835 4582; x_wconf 86' lang='lat' dir='ltr'>et</span> <span class='ocrx_word' id='word_1_592' title='bbox 1874 4529 1972 4598; x_wconf 83' lang='lat' dir='ltr'>ju-</span> 
     </span>
    </p>
   </div>
   <div class='ocr_carea' id='block_1_77' title="bbox 1688 3269 3749 3362">
    <p class='ocr_par' dir='ltr' id='par_1_77' title="bbox 1688 3269 3749 3362">
     <span class='ocr_line' id='line_1_78' title="bbox 1688 3269 3749 3362; baseline 0.006 -25"><span class='ocrx_word' id='word_1_593' title='bbox 1688 3283 1816 3354; x_wconf 88' lang='lat' dir='ltr'>Ipse</span> <span class='ocrx_word' id='word_1_594' title='bbox 1870 3287 1982 3341; x_wconf 81' lang='lat' dir='ltr'>Do—</span> <span class='ocrx_word' id='word_1_595' title='bbox 2015 3269 2058 3336; x_wconf 90' lang='lat' dir='ltr'>C</span> <span class='ocrx_word' id='word_1_596' title='bbox 2096 3283 2344 3354; x_wconf 90' lang='lat' dir='ltr'>ideoque</span> <span class='ocrx_word' id='word_1_597' title='bbox 2375 3283 2515 3339; x_wconf 84' lang='lat' dir='ltr'>alibi</span> <span class='ocrx_word' id='word_1_598' title='bbox 2546 3285 2688 3340; x_wconf 92' lang='lat' dir='ltr'>dicit</span> <span class='ocrx_word' id='word_1_599' title='bbox 2713 3285 3035 3344; x_wconf 88' lang='lat' dir='ltr'>Dominus:</span> <span class='ocrx_word' id='word_1_600' title='bbox 3077 3306 3099 3335; x_wconf 72' lang='grc' dir='ltr'>ι</span> <span class='ocrx_word' id='word_1_601' title='bbox 3135 3289 3276 3344; x_wconf 89' lang='lat' dir='ltr'>Ecce</span> <span class='ocrx_word' id='word_1_602' title='bbox 3333 3306 3464 3362; x_wconf 90' lang='lat' dir='ltr'>ego,</span> <span class='ocrx_word' id='word_1_603' title='bbox 3511 3269 3749 3350; x_wconf 32' lang='lat' dir='ltr'>Jerusa-I</span> 
     </span>
    </p>
   </div>
   <div class='ocr_carea' id='block_1_78' title="bbox 335 3369 2042 3454">
    <p class='ocr_par' dir='ltr' id='par_1_78' title="bbox 335 3369 2042 3454">
     <span class='ocr_line' id='line_1_79' title="bbox 335 3369 2042 3454; baseline 0.001 -26"><span class='ocrx_word' id='word_1_604' title='bbox 335 3372 532 3430; x_wconf 86' lang='lat' dir='ltr'>minus</span> <span class='ocrx_word' id='word_1_605' title='bbox 547 3370 849 3442; x_wconf 82' lang='lat' dir='ltr'>Jesus,qui</span> <span class='ocrx_word' id='word_1_606' title='bbox 871 3372 1156 3425; x_wconf 89' lang='lat' dir='ltr'>estmons</span> <span class='ocrx_word' id='word_1_607' title='bbox 1173 3372 1230 3423; x_wconf 89' lang='lat' dir='ltr'>et</span> <span class='ocrx_word' id='word_1_608' title='bbox 1256 3369 1507 3426; x_wconf 89' lang='lat' dir='ltr'>altitudo.</span> <span class='ocrx_word' id='word_1_609' title='bbox 1534 3369 1797 3428; x_wconf 79' lang='lat' dir='ltr'>Ecclesiae</span> <span class='ocrx_word' id='word_1_610' title='bbox 1844 3391 1986 3442; x_wconf 73' lang='lat' dir='ltr'>suae,</span> <span class='ocrx_word' id='word_1_611' title='bbox 2032 3416 2042 3454; x_wconf 50' lang='grc' dir='ltr'><strong><em>ε</em></strong></span> 
     </span>
    </p>
   </div>
   <div class='ocr_carea' id='block_1_79' title="bbox 2099 3369 3758 3447">
    <p class='ocr_par' dir='ltr' id='par_1_79' title="bbox 2099 3369 3758 3447">
     <span class='ocr_line' id='line_1_80' title="bbox 2099 3369 3758 3447; baseline 0.008 -23"><span class='ocrx_word' id='word_1_612' title='bbox 2099 3369 2237 3439; x_wconf 90' lang='lat' dir='ltr'>lem,</span> <span class='ocrx_word' id='word_1_613' title='bbox 2270 3372 2431 3442; x_wconf 82' lang='lat' dir='ltr'>pinxi</span> <span class='ocrx_word' id='word_1_614' title='bbox 2463 3389 2664 3430; x_wconf 89' lang='lat' dir='ltr'>muros</span> <span class='ocrx_word' id='word_1_615' title='bbox 2695 3378 2828 3428; x_wconf 91' lang='lat' dir='ltr'>tuos</span> <span class='ocrx_word' id='word_1_616' title='bbox 2869 3374 2997 3445; x_wconf 73' lang='lat' dir='ltr'>(Im.</span> <span class='ocrx_word' id='word_1_617' title='bbox 3049 3394 3196 3430; x_wconf 73' lang='lat' dir='ltr'>xcix.</span> <span class='ocrx_word' id='word_1_618' title='bbox 3255 3377 3368 3447; x_wconf 78' lang='grc'><strong>16).</strong></span> <span class='ocrx_word' id='word_1_619' title='bbox 3400 3401 3429 3428; x_wconf 88' lang='grc'>››</span> <span class='ocrx_word' id='word_1_620' title='bbox 3473 3380 3758 3438; x_wconf 77' lang='lat' dir='ltr'>Distincta</span> 
     </span>
    </p>
   </div>
   <div class='ocr_carea' id='block_1_80' title="bbox 2097 3459 3756 3543">
    <p class='ocr_par' dir='ltr' id='par_1_80' title="bbox 2097 3459 3756 3543">
     <span class='ocr_line' id='line_1_81' title="bbox 2097 3459 3756 3543; baseline 0.009 -32"><span class='ocrx_word' id='word_1_621' title='bbox 2097 3463 2186 3512; x_wconf 91' lang='lat' dir='ltr'>est</span> <span class='ocrx_word' id='word_1_622' title='bbox 2215 3459 2500 3526; x_wconf 90' lang='lat' dir='ltr'>turribus,</span> <span class='ocrx_word' id='word_1_623' title='bbox 2534 3463 2606 3518; x_wconf 91' lang='lat' dir='ltr'>de</span> <span class='ocrx_word' id='word_1_624' title='bbox 2637 3462 2855 3533; x_wconf 88' lang='lat' dir='ltr'>quibus</span> <span class='ocrx_word' id='word_1_625' title='bbox 2885 3463 3194 3521; x_wconf 82' lang='lat' dir='ltr'>insidiator</span> <span class='ocrx_word' id='word_1_626' title='bbox 3224 3467 3432 3538; x_wconf 90' lang='lat' dir='ltr'>possit,</span> <span class='ocrx_word' id='word_1_627' title='bbox 3462 3468 3512 3524; x_wconf 90' lang='lat' dir='ltr'>si</span> <span class='ocrx_word' id='word_1_628' title='bbox 3544 3487 3756 3543; x_wconf 77' lang='lat' dir='ltr'>appro-</span> 
     </span>
    </p>
   </div>
   <div class='ocr_carea' id='block_1_81' title="bbox 2097 3545 3754 3623">
    <p class='ocr_par' dir='ltr' id='par_1_81' title="bbox 2097 3545 3754 3623">
     <span class='ocr_line' id='line_1_82' title="bbox 2097 3545 3754 3623; baseline 0.01 -25"><span class='ocrx_word' id='word_1_629' title='bbox 2097 3545 2382 3616; x_wconf 90' lang='lat' dir='ltr'>pinquare</span> <span class='ocrx_word' id='word_1_630' title='bbox 2412 3549 2671 3618; x_wconf 83' lang='lat' dir='ltr'>coeperit,</span> <span class='ocrx_word' id='word_1_631' title='bbox 2698 3550 3074 3621; x_wconf 90' lang='lat' dir='ltr'>deprehendi.</span> <span class='ocrx_word' id='word_1_632' title='bbox 3107 3554 3293 3610; x_wconf 86' lang='lat' dir='ltr'>Habet</span> <span class='ocrx_word' id='word_1_633' title='bbox 3323 3555 3421 3613; x_wconf 89' lang='lat' dir='ltr'>ille</span> <span class='ocrx_word' id='word_1_634' title='bbox 3467 3559 3754 3623; x_wconf 79' lang='lat' dir='ltr'>exercitus</span> 
     </span>
    </p>
   </div>
   <div class='ocr_carea' id='block_1_82' title="bbox 2097 3632 3752 3712">
    <p class='ocr_par' dir='ltr' id='par_1_82' title="bbox 2097 3632 3752 3712">
     <span class='ocr_line' id='line_1_83' title="bbox 2097 3632 3752 3712; baseline 0.01 -25"><span class='ocrx_word' id='word_1_635' title='bbox 2097 3648 2257 3699; x_wconf 86' lang='lat' dir='ltr'>suos,</span> <span class='ocrx_word' id='word_1_636' title='bbox 2291 3632 2509 3704; x_wconf 88' lang='lat' dir='ltr'>quibus</span> <span class='ocrx_word' id='word_1_637' title='bbox 2540 3634 2770 3690; x_wconf 87' lang='lat' dir='ltr'>animas</span> <span class='ocrx_word' id='word_1_638' title='bbox 2803 3636 2903 3691; x_wconf 92' lang='lat' dir='ltr'>Dei</span> <span class='ocrx_word' id='word_1_639' title='bbox 2933 3639 3201 3695; x_wconf 88' lang='lat' dir='ltr'>obsidere</span> <span class='ocrx_word' id='word_1_640' title='bbox 3259 3645 3588 3712; x_wconf 89' lang='lat' dir='ltr'>consuevit,</span> <span class='ocrx_word' id='word_1_641' title='bbox 3647 3648 3752 3703; x_wconf 89' lang='lat' dir='ltr'>ad-</span> 
     </span>
    </p>
   </div>
   <div class='ocr_carea' id='block_1_83' title="bbox 2095 3721 3754 3805">
    <p class='ocr_par' dir='ltr' id='par_1_83' title="bbox 2095 3721 3754 3805">
     <span class='ocr_line' id='line_1_84' title="bbox 2095 3721 3754 3805; baseline 0.008 -29"><span class='ocrx_word' id='word_1_642' title='bbox 2095 3737 2326 3776; x_wconf 90' lang='lat' dir='ltr'>movere</span> <span class='ocrx_word' id='word_1_643' title='bbox 2356 3721 2661 3777; x_wconf 87' lang='lat' dir='ltr'>machinas</span> <span class='ocrx_word' id='word_1_644' title='bbox 2693 3727 2760 3776; x_wconf 82' lang='lat' dir='ltr'>ut.</span> <span class='ocrx_word' id='word_1_645' title='bbox 2790 3724 2976 3795; x_wconf 89' lang='lat' dir='ltr'>possit</span> <span class='ocrx_word' id='word_1_646' title='bbox 3001 3729 3190 3782; x_wconf 90' lang='lat' dir='ltr'>turres</span> <span class='ocrx_word' id='word_1_647' title='bbox 3237 3745 3570 3805; x_wconf 85' lang='lat' dir='ltr'>expugnare</span> <span class='ocrx_word' id='word_1_648' title='bbox 3627 3752 3754 3792; x_wconf 89' lang='lat' dir='ltr'>mu-</span> 
     </span>
    </p>
   </div>
   <div class='ocr_carea' id='block_1_84' title="bbox 2094 3808 3750 3889">
    <p class='ocr_par' dir='ltr' id='par_1_84' title="bbox 2094 3808 3750 3889">
     <span class='ocr_line' id='line_1_85' title="bbox 2094 3808 3750 3889; baseline 0.009 -25"><span class='ocrx_word' id='word_1_649' title='bbox 2094 3808 2265 3865; x_wconf 88' lang='lat' dir='ltr'>nitas.</span> <span class='ocrx_word' id='word_1_650' title='bbox 2301 3810 2411 3866; x_wconf 89' lang='lat' dir='ltr'>Sed</span> <span class='ocrx_word' id='word_1_651' title='bbox 2441 3827 2562 3879; x_wconf 87' lang='lat' dir='ltr'>vos,</span> <span class='ocrx_word' id='word_1_652' title='bbox 2587 3810 2800 3883; x_wconf 90' lang='lat' dir='ltr'>inquit,</span> <span class='ocrx_word' id='word_1_653' title='bbox 2834 3813 3144 3885; x_wconf 69' lang='lat' dir='ltr'>prmdicate</span> <span class='ocrx_word' id='word_1_654' title='bbox 3188 3817 3259 3871; x_wconf 91' lang='lat' dir='ltr'>de</span> <span class='ocrx_word' id='word_1_655' title='bbox 3315 3821 3583 3876; x_wconf 91' lang='lat' dir='ltr'>turribus</span> <span class='ocrx_word' id='word_1_656' title='bbox 3618 3841 3631 3889; x_wconf 93' lang='lat'>;</span> <span class='ocrx_word' id='word_1_657' title='bbox 3660 3829 3750 3879; x_wconf 90' lang='lat' dir='ltr'>est</span> 
     </span>
    </p>
   </div>
   <div class='ocr_carea' id='block_1_85' title="bbox 2092 3898 3747 3965">
    <p class='ocr_par' dir='ltr' id='par_1_85' title="bbox 2092 3898 3747 3965">
     <span class='ocr_line' id='line_1_86' title="bbox 2092 3898 3747 3965; baseline 0.005 -11"><span class='ocrx_word' id='word_1_658' title='bbox 2092 3898 2250 3954; x_wconf 91' lang='lat' dir='ltr'>enim</span> <span class='ocrx_word' id='word_1_659' title='bbox 2285 3899 2343 3954; x_wconf 92' lang='lat' dir='ltr'>in</span> <span class='ocrx_word' id='word_1_660' title='bbox 2367 3900 2628 3956; x_wconf 87' lang='lat' dir='ltr'>turribus</span> <span class='ocrx_word' id='word_1_661' title='bbox 2673 3900 3038 3959; x_wconf 81' lang='lat' dir='ltr'>Hierusalem</span> <span class='ocrx_word' id='word_1_662' title='bbox 3091 3905 3474 3962; x_wconf 86' lang='lat' dir='ltr'>abundantia.</span> <span class='ocrx_word' id='word_1_663' title='bbox 3537 3909 3747 3965; x_wconf 69' lang='lat' dir='ltr'>Praedi-</span> 
     </span>
    </p>
   </div>
   <div class='ocr_carea' id='block_1_86' title="bbox 2091 3988 3746 4069">
    <p class='ocr_par' dir='ltr' id='par_1_86' title="bbox 2091 3988 3746 4069">
     <span class='ocr_line' id='line_1_87' title="bbox 2091 3988 3746 4069; baseline 0.007 -26"><span class='ocrx_word' id='word_1_664' title='bbox 2091 3991 2216 4044; x_wconf 90' lang='lat' dir='ltr'>cate</span> <span class='ocrx_word' id='word_1_665' title='bbox 2231 3988 2552 4060; x_wconf 86' lang='lat' dir='ltr'>justitiam,</span> <span class='ocrx_word' id='word_1_666' title='bbox 2584 3994 2814 4046; x_wconf 89' lang='lat' dir='ltr'>monete</span> <span class='ocrx_word' id='word_1_667' title='bbox 2855 3994 3222 4062; x_wconf 82' lang='lat' dir='ltr'>custodiam;</span> <span class='ocrx_word' id='word_1_668' title='bbox 3252 3996 3543 4069; x_wconf 88' lang='lat' dir='ltr'>sapientia</span> <span class='ocrx_word' id='word_1_669' title='bbox 3588 3999 3746 4056; x_wconf 89' lang='lat' dir='ltr'>enim</span> 
     </span>
    </p>
   </div>
   <div class='ocr_carea' id='block_1_87' title="bbox 2090 4077 3745 4160">
    <p class='ocr_par' dir='ltr' id='par_1_87' title="bbox 2090 4077 3745 4160">
     <span class='ocr_line' id='line_1_88' title="bbox 2090 4077 3745 4160; baseline 0.005 -26"><span class='ocrx_word' id='word_1_670' title='bbox 2090 4077 2152 4134; x_wconf 87' lang='lat' dir='ltr'>in</span> <span class='ocrx_word' id='word_1_671' title='bbox 2168 4079 2324 4135; x_wconf 83' lang='lat' dir='ltr'>exitu</span> <span class='ocrx_word' id='word_1_672' title='bbox 2344 4079 2590 4149; x_wconf 85' lang='lat' dir='ltr'>canitur,</span> <span class='ocrx_word' id='word_1_673' title='bbox 2623 4086 2680 4136; x_wconf 89' lang='lat' dir='ltr'>et</span> <span class='ocrx_word' id='word_1_674' title='bbox 2708 4080 2767 4136; x_wconf 91' lang='lat' dir='ltr'>in</span> <span class='ocrx_word' id='word_1_675' title='bbox 2815 4098 3120 4139; x_wconf 88' lang='lat' dir='ltr'>murorum</span> <span class='ocrx_word' id='word_1_676' title='bbox 3169 4083 3478 4141; x_wconf 90' lang='lat' dir='ltr'>altissimis</span> <span class='ocrx_word' id='word_1_677' title='bbox 3535 4086 3745 4160; x_wconf 75' lang='lat' dir='ltr'>praedi--</span> 
     </span>
    </p>
   </div>
   <div class='ocr_carea' id='block_1_88' title="bbox 2090 4167 3746 4234">
    <p class='ocr_par' dir='ltr' id='par_1_88' title="bbox 2090 4167 3746 4234">
     <span class='ocr_line' id='line_1_89' title="bbox 2090 4167 3746 4234; baseline 0.005 -12"><span class='ocrx_word' id='word_1_678' title='bbox 2090 4172 2273 4223; x_wconf 91' lang='lat' dir='ltr'>catur.</span> <span class='ocrx_word' id='word_1_679' title='bbox 2303 4169 2373 4224; x_wconf 88' lang='lat' dir='ltr'>Et</span> <span class='ocrx_word' id='word_1_680' title='bbox 2403 4167 2543 4224; x_wconf 88' lang='lat' dir='ltr'>alibi</span> <span class='ocrx_word' id='word_1_681' title='bbox 2575 4169 2787 4227; x_wconf 88' lang='lat' dir='ltr'>iterum</span> <span class='ocrx_word' id='word_1_682' title='bbox 2819 4171 2962 4227; x_wconf 90' lang='lat' dir='ltr'>dicit</span> <span class='ocrx_word' id='word_1_683' title='bbox 2989 4191 3002 4228; x_wconf 86' lang='lat'>:</span> <span class='ocrx_word' id='word_1_684' title='bbox 3036 4196 3063 4222; x_wconf 88' lang='grc'>‹‹</span> <span class='ocrx_word' id='word_1_685' title='bbox 3100 4174 3163 4228; x_wconf 89' lang='lat' dir='ltr'>In</span> <span class='ocrx_word' id='word_1_686' title='bbox 3197 4173 3386 4230; x_wconf 89' lang='lat' dir='ltr'>muris</span> <span class='ocrx_word' id='word_1_687' title='bbox 3417 4175 3537 4232; x_wconf 89' lang='lat' dir='ltr'>tuis</span> <span class='ocrx_word' id='word_1_688' title='bbox 3613 4192 3746 4234; x_wconf 85' lang='lat' dir='ltr'>con-</span> 
     </span>
    </p>
   </div>
   <div class='ocr_carea' id='block_1_89' title="bbox 2087 4257 3741 4327">
    <p class='ocr_par' dir='ltr' id='par_1_89' title="bbox 2087 4257 3741 4327">
     <span class='ocr_line' id='line_1_90' title="bbox 2087 4257 3741 4327; baseline 0.004 -14"><span class='ocrx_word' id='word_1_689' title='bbox 2087 4257 2252 4314; x_wconf 88' lang='lat' dir='ltr'>stitui</span> <span class='ocrx_word' id='word_1_690' title='bbox 2283 4260 2575 4327; x_wconf 86' lang='lat' dir='ltr'>custodes,</span> <span class='ocrx_word' id='word_1_691' title='bbox 2609 4259 2817 4316; x_wconf 88' lang='lat' dir='ltr'>diebus</span> <span class='ocrx_word' id='word_1_692' title='bbox 2843 4278 2910 4316; x_wconf 90' lang='lat' dir='ltr'>ac</span> <span class='ocrx_word' id='word_1_693' title='bbox 2947 4262 3222 4318; x_wconf 87' lang='lat' dir='ltr'>noctibus</span> <span class='ocrx_word' id='word_1_694' title='bbox 3278 4262 3337 4316; x_wconf 91' lang='lat' dir='ltr'>in</span> <span class='ocrx_word' id='word_1_695' title='bbox 3391 4263 3568 4320; x_wconf 80' lang='lat' dir='ltr'>ﬁnem</span> <span class='ocrx_word' id='word_1_696' title='bbox 3625 4281 3741 4319; x_wconf 91' lang='lat' dir='ltr'>non</span> 
     </span>
    </p>
   </div>
   <div class='ocr_carea' id='block_1_90' title="bbox 2083 4347 3739 4423">
    <p class='ocr_par' dir='ltr' id='par_1_90' title="bbox 2083 4347 3739 4423">
     <span class='ocr_line' id='line_1_91' title="bbox 2083 4347 3739 4423; baseline 0.004 -22"><span class='ocrx_word' id='word_1_697' title='bbox 2083 4347 2364 4403; x_wconf 87' lang='lat' dir='ltr'>tacebunt</span> <span class='ocrx_word' id='word_1_698' title='bbox 2393 4348 2520 4419; x_wconf 61' lang='lat' dir='ltr'>(,Isa.</span> <span class='ocrx_word' id='word_1_699' title='bbox 2555 4366 2690 4411; x_wconf 85' lang='lat' dir='ltr'>an,</span> <span class='ocrx_word' id='word_1_700' title='bbox 2725 4351 2802 4417; x_wconf 87' lang='grc'><strong>6).</strong></span> <span class='ocrx_word' id='word_1_701' title='bbox 2830 4373 2856 4400; x_wconf 91' lang='grc'>››</span> <span class='ocrx_word' id='word_1_702' title='bbox 2891 4351 3132 4406; x_wconf 90' lang='lat' dir='ltr'>Narrate</span> <span class='ocrx_word' id='word_1_703' title='bbox 3189 4367 3325 4423; x_wconf 91' lang='lat' dir='ltr'>ergo</span> <span class='ocrx_word' id='word_1_704' title='bbox 3379 4351 3506 4408; x_wconf 86' lang='lat' dir='ltr'>sine</span> <span class='ocrx_word' id='word_1_705' title='bbox 3561 4353 3739 4411; x_wconf 86' lang='lat' dir='ltr'>inter-</span> 
     </span>
    </p>
   </div>
   <div class='ocr_carea' id='block_1_91' title="bbox 2086 4435 3736 4512">
    <p class='ocr_par' dir='ltr' id='par_1_91' title="bbox 2086 4435 3736 4512">
     <span class='ocr_line' id='line_1_92' title="bbox 2086 4435 3736 4512; baseline 0.004 -22"><span class='ocrx_word' id='word_1_706' title='bbox 2086 4435 2389 4504; x_wconf 82' lang='lat' dir='ltr'>missione,</span> <span class='ocrx_word' id='word_1_707' title='bbox 2441 4437 2568 4493; x_wconf 89' lang='lat' dir='ltr'>sine</span> <span class='ocrx_word' id='word_1_708' title='bbox 2601 4437 2734 4494; x_wconf 86' lang='lat' dir='ltr'>ﬁne.</span> <span class='ocrx_word' id='word_1_709' title='bbox 2789 4439 3176 4496; x_wconf 88' lang='lat' dir='ltr'>Adversarius</span> <span class='ocrx_word' id='word_1_710' title='bbox 3233 4438 3459 4512; x_wconf 82' lang='lat' dir='ltr'>vigilat,</span> <span class='ocrx_word' id='word_1_711' title='bbox 3506 4441 3736 4511; x_wconf 84' lang='lat' dir='ltr'>circuit,</span> 
     </span>
    </p>
   </div>
   <div class='ocr_carea' id='block_1_92' title="bbox 2085 4523 3736 4600">
    <p class='ocr_par' dir='ltr' id='par_1_92' title="bbox 2085 4523 3736 4600">
     <span class='ocr_line' id='line_1_93' title="bbox 2085 4523 3736 4600; baseline 0.004 -20"><span class='ocrx_word' id='word_1_712' title='bbox 2085 4527 2141 4580; x_wconf 85' lang='lat' dir='ltr'>et</span> <span class='ocrx_word' id='word_1_713' title='bbox 2172 4523 2330 4581; x_wconf 89' lang='lat' dir='ltr'>rabie</span> <span class='ocrx_word' id='word_1_714' title='bbox 2365 4525 2550 4580; x_wconf 83' lang='lat' dir='ltr'>ferina</span> <span class='ocrx_word' id='word_1_715' title='bbox 2591 4527 2824 4598; x_wconf 64' lang='lat' dir='ltr'>quaerit,</span> <span class='ocrx_word' id='word_1_716' title='bbox 2867 4544 3016 4600; x_wconf 90' lang='lat' dir='ltr'>quos</span> <span class='ocrx_word' id='word_1_717' title='bbox 3074 4528 3378 4597; x_wconf 83' lang='lat' dir='ltr'>invenerit,</span> <span class='ocrx_word' id='word_1_718' title='bbox 3441 4531 3736 4590; x_wconf 80' lang='lat' dir='ltr'>devorare.</span> 
     </span>
    </p>
   </div>
   <div class='ocr_carea' id='block_1_93' title="bbox 327 4611 3739 4699">
    <p class='ocr_par' dir='ltr' id='par_1_93' title="bbox 327 4611 3739 4699">
     <span class='ocr_line' id='line_1_94' title="bbox 327 4611 3739 4699; baseline 0.002 -33"><span class='ocrx_word' id='word_1_719' title='bbox 327 4612 478 4685; x_wconf 73' lang='lat' dir='ltr'>dicis</span> <span class='ocrx_word' id='word_1_720' title='bbox 507 4612 643 4684; x_wconf 73' lang='lat' dir='ltr'>ejus.</span> <span class='ocrx_word' id='word_1_721' title='bbox 666 4611 916 4685; x_wconf 80' lang='lat' dir='ltr'>refugit:</span> <span class='ocrx_word' id='word_1_722' title='bbox 950 4612 1166 4685; x_wconf 88' lang='lat' dir='ltr'>quibus</span> <span class='ocrx_word' id='word_1_723' title='bbox 1195 4630 1296 4670; x_wconf 86' lang='lat' dir='ltr'>eos</span> <span class='ocrx_word' id='word_1_724' title='bbox 1316 4629 1433 4668; x_wconf 87' lang='lat' dir='ltr'>non</span> <span class='ocrx_word' id='word_1_725' title='bbox 1461 4629 1530 4669; x_wconf 80' lang='lat' dir='ltr'>ex</span> <span class='ocrx_word' id='word_1_726' title='bbox 1579 4618 1742 4686; x_wconf 89' lang='lat' dir='ltr'>patre</span> <span class='ocrx_word' id='word_1_727' title='bbox 1790 4616 1971 4673; x_wconf 88' lang='lat' dir='ltr'>Abra-</span> <span class='ocrx_word' id='word_1_728' title='bbox 2005 4635 2052 4699; x_wconf 70' lang='grc' dir='ltr'><strong>Β</strong></span> <span class='ocrx_word' id='word_1_729' title='bbox 2087 4612 2224 4668; x_wconf 85' lang='lat' dir='ltr'>Ideo</span> <span class='ocrx_word' id='word_1_730' title='bbox 2249 4630 2480 4686; x_wconf 89' lang='lat' dir='ltr'>semper</span> <span class='ocrx_word' id='word_1_731' title='bbox 2505 4616 2806 4674; x_wconf 89' lang='lat' dir='ltr'>canendus</span> <span class='ocrx_word' id='word_1_732' title='bbox 2837 4617 3243 4686; x_wconf 89' lang='lat' dir='ltr'>estDominus,</span> <span class='ocrx_word' id='word_1_733' title='bbox 3274 4619 3373 4689; x_wconf 91' lang='lat' dir='ltr'>qui</span> <span class='ocrx_word' id='word_1_734' title='bbox 3399 4619 3604 4675; x_wconf 89' lang='lat' dir='ltr'>dentes</span> <span class='ocrx_word' id='word_1_735' title='bbox 3626 4619 3739 4678; x_wconf 83' lang='lat' dir='ltr'>leo-</span> 
     </span>
    </p>
   </div>
   <div class='ocr_carea' id='block_1_94' title="bbox 326 4701 1970 4777">
    <p class='ocr_par' dir='ltr' id='par_1_94' title="bbox 326 4701 1970 4777">
     <span class='ocr_line' id='line_1_95' title="bbox 326 4701 1970 4777; baseline 0.004 -21"><span class='ocrx_word' id='word_1_736' title='bbox 326 4701 485 4768; x_wconf 87' lang='lat' dir='ltr'>ham,</span> <span class='ocrx_word' id='word_1_737' title='bbox 518 4702 619 4757; x_wconf 90' lang='lat' dir='ltr'>sed</span> <span class='ocrx_word' id='word_1_738' title='bbox 647 4718 715 4757; x_wconf 90' lang='lat' dir='ltr'>ex</span> <span class='ocrx_word' id='word_1_739' title='bbox 745 4701 962 4758; x_wconf 88' lang='lat' dir='ltr'>diaboli</span> <span class='ocrx_word' id='word_1_740' title='bbox 1005 4703 1230 4758; x_wconf 90' lang='lat' dir='ltr'>semine</span> <span class='ocrx_word' id='word_1_741' title='bbox 1281 4718 1520 4760; x_wconf 85' lang='lat' dir='ltr'>manare</span> <span class='ocrx_word' id='word_1_742' title='bbox 1571 4705 1970 4777; x_wconf 81' lang='lat' dir='ltr'>memorabat;</span> 
     </span>
    </p>
   </div>
   <div class='ocr_carea' id='block_1_95' title="bbox 326 4789 1972 4864">
    <p class='ocr_par' dir='ltr' id='par_1_95' title="bbox 326 4789 1972 4864">
     <span class='ocr_line' id='line_1_96' title="bbox 326 4789 1972 4864; baseline 0.002 -18"><span class='ocrx_word' id='word_1_743' title='bbox 326 4789 604 4862; x_wconf 80' lang='lat' dir='ltr'>quoniam</span> <span class='ocrx_word' id='word_1_744' title='bbox 635 4807 810 4848; x_wconf 88' lang='lat' dir='ltr'>omne</span> <span class='ocrx_word' id='word_1_745' title='bbox 837 4795 1142 4864; x_wconf 88' lang='lat' dir='ltr'>peccatum</span> <span class='ocrx_word' id='word_1_746' title='bbox 1172 4807 1373 4848; x_wconf 89' lang='lat' dir='ltr'>semen</span> <span class='ocrx_word' id='word_1_747' title='bbox 1405 4790 1633 4847; x_wconf 91' lang='lat' dir='ltr'>inimici</span> <span class='ocrx_word' id='word_1_748' title='bbox 1664 4796 1771 4847; x_wconf 88' lang='lat' dir='ltr'>est.</span> <span class='ocrx_word' id='word_1_749' title='bbox 1822 4798 1972 4850; x_wconf 89' lang='lat' dir='ltr'>Con-</span> 
     </span>
    </p>
   </div>
   <div class='ocr_carea' id='block_1_96' title="bbox 323 4878 1974 4954">
    <p class='ocr_par' dir='ltr' id='par_1_96' title="bbox 323 4878 1974 4954">
     <span class='ocr_line' id='line_1_97' title="bbox 323 4878 1974 4954; baseline 0.004 -21"><span class='ocrx_word' id='word_1_750' title='bbox 323 4878 599 4952; x_wconf 69' lang='lat' dir='ltr'>fessiouis</span> <span class='ocrx_word' id='word_1_751' title='bbox 629 4884 824 4937; x_wconf 88' lang='lat' dir='ltr'>autem</span> <span class='ocrx_word' id='word_1_752' title='bbox 855 4879 985 4936; x_wconf 73' lang='lat' dir='ltr'>ﬁlice</span> <span class='ocrx_word' id='word_1_753' title='bbox 1014 4884 1319 4954; x_wconf 85' lang='lat' dir='ltr'>peccatum</span> <span class='ocrx_word' id='word_1_754' title='bbox 1351 4897 1466 4936; x_wconf 92' lang='lat' dir='ltr'>non</span> <span class='ocrx_word' id='word_1_755' title='bbox 1500 4880 1850 4949; x_wconf 88' lang='lat' dir='ltr'>faciunt,sed</span> <span class='ocrx_word' id='word_1_756' title='bbox 1877 4884 1974 4939; x_wconf 93' lang='lat' dir='ltr'>ob-</span> 
     </span>
    </p>
   </div>
   <div class='ocr_carea' id='block_1_97' title="bbox 323 4969 1970 5044">
    <p class='ocr_par' dir='ltr' id='par_1_97' title="bbox 323 4969 1970 5044">
     <span class='ocr_line' id='line_1_98' title="bbox 323 4969 1970 5044; baseline 0.003 -20"><span class='ocrx_word' id='word_1_757' title='bbox 323 4969 622 5041; x_wconf 85' lang='lat' dir='ltr'>umbrant.</span> <span class='ocrx_word' id='word_1_758' title='bbox 656 4970 723 5030; x_wconf 90' lang='lat' dir='ltr'>Et</span> <span class='ocrx_word' id='word_1_759' title='bbox 752 4970 884 5026; x_wconf 89' lang='lat' dir='ltr'>ideo</span> <span class='ocrx_word' id='word_1_760' title='bbox 929 4970 1086 5028; x_wconf 87' lang='lat' dir='ltr'>beati</span> <span class='ocrx_word' id='word_1_761' title='bbox 1138 4986 1392 5044; x_wconf 90' lang='lat' dir='ltr'>quorum</span> <span class='ocrx_word' id='word_1_762' title='bbox 1461 4973 1614 5028; x_wconf 88' lang='lat' dir='ltr'>tecta</span> <span class='ocrx_word' id='word_1_763' title='bbox 1657 4974 1796 5026; x_wconf 91' lang='lat' dir='ltr'>sunt</span> <span class='ocrx_word' id='word_1_764' title='bbox 1833 4988 1970 5044; x_wconf 89' lang='lat' dir='ltr'>pec-</span> 
     </span>
    </p>
   </div>
   <div class='ocr_carea' id='block_1_98' title="bbox 321 5058 1968 5132">
    <p class='ocr_par' dir='ltr' id='par_1_98' title="bbox 321 5058 1968 5132">
     <span class='ocr_line' id='line_1_99' title="bbox 321 5058 1968 5132; baseline 0.001 -16"><span class='ocrx_word' id='word_1_765' title='bbox 321 5061 472 5128; x_wconf 77' lang='lat' dir='ltr'>cata.</span> <span class='ocrx_word' id='word_1_766' title='bbox 506 5058 829 5132; x_wconf 78' lang='lat' dir='ltr'>Meritoque</span> <span class='ocrx_word' id='word_1_767' title='bbox 859 5059 1242 5116; x_wconf 81' lang='lat' dir='ltr'>exsultabant</span> <span class='ocrx_word' id='word_1_768' title='bbox 1261 5059 1394 5116; x_wconf 81' lang='lat' dir='ltr'>ﬁliae</span> <span class='ocrx_word' id='word_1_769' title='bbox 1423 5058 1805 5128; x_wconf 77' lang='lat' dir='ltr'>confessionis</span> <span class='ocrx_word' id='word_1_770' title='bbox 1836 5077 1968 5132; x_wconf 88' lang='lat' dir='ltr'>pro-</span> 
     </span>
    </p>
   </div>
   <div class='ocr_carea' id='block_1_99' title="bbox 320 5146 1967 5221">
    <p class='ocr_par' dir='ltr' id='par_1_99' title="bbox 320 5146 1967 5221">
     <span class='ocr_line' id='line_1_100' title="bbox 320 5146 1967 5221; baseline 0.002 -19"><span class='ocrx_word' id='word_1_771' title='bbox 320 5150 450 5218; x_wconf 74' lang='lat' dir='ltr'>pter</span> <span class='ocrx_word' id='word_1_772' title='bbox 473 5146 699 5218; x_wconf 87' lang='lat' dir='ltr'>judicia</span> <span class='ocrx_word' id='word_1_773' title='bbox 732 5146 979 5215; x_wconf 84' lang='lat' dir='ltr'>Domini,</span> <span class='ocrx_word' id='word_1_774' title='bbox 1015 5164 1148 5203; x_wconf 90' lang='lat' dir='ltr'>cum</span> <span class='ocrx_word' id='word_1_775' title='bbox 1173 5146 1546 5218; x_wconf 87' lang='lat' dir='ltr'>cognoverint</span> <span class='ocrx_word' id='word_1_776' title='bbox 1567 5146 1794 5218; x_wconf 79' lang='lat' dir='ltr'>judicia</span> <span class='ocrx_word' id='word_1_777' title='bbox 1840 5150 1967 5221; x_wconf 91' lang='lat' dir='ltr'>ejus</span> 
     </span>
    </p>
   </div>
   <div class='ocr_carea' id='block_1_100' title="bbox 319 5233 1966 5308">
    <p class='ocr_par' dir='ltr' id='par_1_100' title="bbox 319 5233 1966 5308">
     <span class='ocr_line' id='line_1_101' title="bbox 319 5233 1966 5308; baseline 0.002 -17"><span class='ocrx_word' id='word_1_778' title='bbox 319 5236 377 5291; x_wconf 88' lang='lat' dir='ltr'>et</span> <span class='ocrx_word' id='word_1_779' title='bbox 405 5233 528 5292; x_wconf 84' lang='lat' dir='ltr'>vias</span> <span class='ocrx_word' id='word_1_780' title='bbox 559 5236 713 5306; x_wconf 74' lang='lat' dir='ltr'>ejus,</span> <span class='ocrx_word' id='word_1_781' title='bbox 744 5252 870 5308; x_wconf 70' lang='lat' dir='ltr'>quae</span> <span class='ocrx_word' id='word_1_782' title='bbox 904 5235 965 5292; x_wconf 92' lang='lat' dir='ltr'>in</span> <span class='ocrx_word' id='word_1_783' title='bbox 1010 5234 1118 5291; x_wconf 89' lang='lat' dir='ltr'>hoc</span> <span class='ocrx_word' id='word_1_784' title='bbox 1177 5234 1389 5290; x_wconf 68' lang='lat' dir='ltr'>saeculo</span> <span class='ocrx_word' id='word_1_785' title='bbox 1448 5235 1852 5293; x_wconf 89' lang='lat' dir='ltr'>inscrutabilia</span> <span class='ocrx_word' id='word_1_786' title='bbox 1908 5244 1966 5294; x_wconf 92' lang='lat' dir='ltr'>et</span> 
     </span>
    </p>
   </div>
   <div class='ocr_carea' id='block_1_101' title="bbox 317 5323 1966 5398">
    <p class='ocr_par' dir='ltr' id='par_1_101' title="bbox 317 5323 1966 5398">
     <span class='ocr_line' id='line_1_102' title="bbox 317 5323 1966 5398; baseline 0.002 -20"><span class='ocrx_word' id='word_1_787' title='bbox 317 5323 750 5398; x_wconf 87' lang='lat' dir='ltr'>investigabilia</span> <span class='ocrx_word' id='word_1_788' title='bbox 775 5329 918 5380; x_wconf 90' lang='lat' dir='ltr'>sunt</span> <span class='ocrx_word' id='word_1_789' title='bbox 944 5323 1318 5391; x_wconf 88' lang='lat' dir='ltr'>hominibus;</span> <span class='ocrx_word' id='word_1_790' title='bbox 1353 5328 1411 5380; x_wconf 86' lang='lat' dir='ltr'>et</span> <span class='ocrx_word' id='word_1_791' title='bbox 1441 5341 1574 5380; x_wconf 83' lang='lat' dir='ltr'>cum</span> <span class='ocrx_word' id='word_1_792' title='bbox 1606 5325 1751 5382; x_wconf 81' lang='lat' dir='ltr'>facie</span> <span class='ocrx_word' id='word_1_793' title='bbox 1783 5328 1854 5392; x_wconf 89' lang='lat' dir='ltr'>ad</span> <span class='ocrx_word' id='word_1_794' title='bbox 1887 5327 1966 5382; x_wconf 80' lang='lat' dir='ltr'>fa-</span> 
     </span>
    </p>
   </div>
   <div class='ocr_carea' id='block_1_102' title="bbox 2085 4706 3735 4781">
    <p class='ocr_par' dir='ltr' id='par_1_102' title="bbox 2085 4706 3735 4781">
     <span class='ocr_line' id='line_1_103' title="bbox 2085 4706 3735 4781; baseline 0.002 -25"><span class='ocrx_word' id='word_1_795' title='bbox 2085 4718 2227 4757; x_wconf 85' lang='lat' dir='ltr'>num</span> <span class='ocrx_word' id='word_1_796' title='bbox 2243 4707 2528 4770; x_wconf 88' lang='lat' dir='ltr'>conterat,</span> <span class='ocrx_word' id='word_1_797' title='bbox 2561 4708 2617 4760; x_wconf 87' lang='lat' dir='ltr'>et</span> <span class='ocrx_word' id='word_1_798' title='bbox 2645 4722 2746 4762; x_wconf 88' lang='lat' dir='ltr'>ora</span> <span class='ocrx_word' id='word_1_799' title='bbox 2772 4706 3124 4781; x_wconf 80' lang='lat' dir='ltr'>confringat,</span> <span class='ocrx_word' id='word_1_800' title='bbox 3166 4711 3234 4764; x_wconf 93' lang='lat' dir='ltr'>ut</span> <span class='ocrx_word' id='word_1_801' title='bbox 3300 4707 3470 4764; x_wconf 91' lang='lat' dir='ltr'>nobis</span> <span class='ocrx_word' id='word_1_802' title='bbox 3530 4723 3735 4763; x_wconf 90' lang='lat' dir='ltr'>nocere</span> 
     </span>
    </p>
   </div>
   <div class='ocr_carea' id='block_1_103' title="bbox 2084 4791 2486 4861">
    <p class='ocr_par' dir='ltr' id='par_1_103' title="bbox 2084 4791 2486 4861">
     <span class='ocr_line' id='line_1_104' title="bbox 2084 4791 2486 4861; baseline 0.005 -17"><span class='ocrx_word' id='word_1_803' title='bbox 2084 4806 2200 4845; x_wconf 92' lang='lat' dir='ltr'>non</span> <span class='ocrx_word' id='word_1_804' title='bbox 2239 4791 2486 4861; x_wconf 89' lang='lat' dir='ltr'>possint.</span> 
     </span>
    </p>
   </div>
   <div class='ocr_carea' id='block_1_104' title="bbox 2152 4879 3731 4956">
    <p class='ocr_par' dir='ltr' id='par_1_104' title="bbox 2152 4879 3731 4956">
     <span class='ocr_line' id='line_1_105' title="bbox 2152 4879 3731 4956; baseline 0.004 -24"><span class='ocrx_word' id='word_1_805' title='bbox 2152 4879 2241 4933; x_wconf 85' lang='lat'>23.</span> <span class='ocrx_word' id='word_1_806' title='bbox 2276 4879 2460 4951; x_wconf 85' lang='lat' dir='ltr'>(Vers.</span> <span class='ocrx_word' id='word_1_807' title='bbox 2494 4881 2583 4948; x_wconf 76' lang='grc'>44,</span> <span class='ocrx_word' id='word_1_808' title='bbox 2645 4884 2756 4956; x_wconf 89' lang='grc'><strong>15.)</strong></span> <span class='ocrx_word' id='word_1_809' title='bbox 2787 4906 2815 4934; x_wconf 89' lang='grc'>‹‹</span> <span class='ocrx_word' id='word_1_810' title='bbox 2847 4885 3068 4952; x_wconf 90' lang='lat' dir='ltr'>Ponite,</span> <span class='ocrx_word' id='word_1_811' title='bbox 3138 4884 3352 4955; x_wconf 88' lang='lat' dir='ltr'>inquit,</span> <span class='ocrx_word' id='word_1_812' title='bbox 3413 4883 3589 4939; x_wconf 87' lang='lat' dir='ltr'>corda</span> <span class='ocrx_word' id='word_1_813' title='bbox 3631 4900 3731 4938; x_wconf 89' lang='lat' dir='ltr'>ve-</span> 
     </span>
    </p>
   </div>
   <div class='ocr_carea' id='block_1_105' title="bbox 2081 4968 3728 5043">
    <p class='ocr_par' dir='ltr' id='par_1_105' title="bbox 2081 4968 3728 5043">
     <span class='ocr_line' id='line_1_106' title="bbox 2081 4968 3728 5043; baseline 0.003 -22"><span class='ocrx_word' id='word_1_814' title='bbox 2081 4968 2206 5022; x_wconf 88' lang='lat' dir='ltr'>stra</span> <span class='ocrx_word' id='word_1_815' title='bbox 2259 4968 2319 5023; x_wconf 91' lang='lat' dir='ltr'>in</span> <span class='ocrx_word' id='word_1_816' title='bbox 2368 4969 2579 5027; x_wconf 88' lang='lat' dir='ltr'>virtute</span> <span class='ocrx_word' id='word_1_817' title='bbox 2635 4974 2802 5043; x_wconf 86' lang='lat' dir='ltr'>ejus;</span> <span class='ocrx_word' id='word_1_818' title='bbox 2837 4996 2864 5023; x_wconf 86' lang='grc'><strong>››</strong></span> <span class='ocrx_word' id='word_1_819' title='bbox 2897 4975 2952 5028; x_wconf 91' lang='lat' dir='ltr'>id</span> <span class='ocrx_word' id='word_1_820' title='bbox 2981 4979 3088 5041; x_wconf 89' lang='lat' dir='ltr'>est,</span> <span class='ocrx_word' id='word_1_821' title='bbox 3109 4972 3462 5029; x_wconf 87' lang='lat' dir='ltr'>utvirtutem</span> <span class='ocrx_word' id='word_1_822' title='bbox 3490 4973 3619 5042; x_wconf 84' lang='lat' dir='ltr'>ejus</span> <span class='ocrx_word' id='word_1_823' title='bbox 3640 4970 3728 5026; x_wconf 84' lang='lat' dir='ltr'>in-</span> 
     </span>
    </p>
   </div>
   <div class='ocr_carea' id='block_1_106' title="bbox 2079 5054 3731 5135">
    <p class='ocr_par' dir='ltr' id='par_1_106' title="bbox 2079 5054 3731 5135">
     <span class='ocr_line' id='line_1_107' title="bbox 2079 5054 3731 5135; baseline 0.004 -25"><span class='ocrx_word' id='word_1_824' title='bbox 2079 5054 2386 5128; x_wconf 89' lang='lat' dir='ltr'>telligatis:</span> <span class='ocrx_word' id='word_1_825' title='bbox 2423 5082 2450 5110; x_wconf 85' lang='lat'><strong>«</strong></span> <span class='ocrx_word' id='word_1_826' title='bbox 2485 5064 2543 5116; x_wconf 86' lang='lat' dir='ltr'>et</span> <span class='ocrx_word' id='word_1_827' title='bbox 2572 5060 2906 5118; x_wconf 87' lang='lat' dir='ltr'>distribuite</span> <span class='ocrx_word' id='word_1_828' title='bbox 2935 5063 3156 5135; x_wconf 88' lang='lat' dir='ltr'>gradus</span> <span class='ocrx_word' id='word_1_829' title='bbox 3182 5061 3332 5132; x_wconf 89' lang='lat' dir='ltr'>ejus,</span> <span class='ocrx_word' id='word_1_830' title='bbox 3366 5064 3434 5116; x_wconf 87' lang='lat' dir='ltr'>ut</span> <span class='ocrx_word' id='word_1_831' title='bbox 3501 5075 3731 5118; x_wconf 83' lang='lat' dir='ltr'>enarre-</span> 
     </span>
    </p>
   </div>
   <div class='ocr_carea' id='block_1_107' title="bbox 2078 5143 3727 5222">
    <p class='ocr_par' dir='ltr' id='par_1_107' title="bbox 2078 5143 3727 5222">
     <span class='ocr_line' id='line_1_108' title="bbox 2078 5143 3727 5222; baseline 0.005 -24"><span class='ocrx_word' id='word_1_832' title='bbox 2078 5143 2154 5199; x_wconf 88' lang='lat' dir='ltr'>tis</span> <span class='ocrx_word' id='word_1_833' title='bbox 2187 5145 2244 5200; x_wconf 92' lang='lat' dir='ltr'>in</span> <span class='ocrx_word' id='word_1_834' title='bbox 2277 5149 2554 5222; x_wconf 88' lang='lat' dir='ltr'>progenie</span> <span class='ocrx_word' id='word_1_835' title='bbox 2585 5150 2784 5205; x_wconf 87' lang='lat' dir='ltr'>altera.</span> <span class='ocrx_word' id='word_1_836' title='bbox 2819 5150 3106 5216; x_wconf 87' lang='lat' dir='ltr'>Quoniam</span> <span class='ocrx_word' id='word_1_837' title='bbox 3136 5150 3230 5206; x_wconf 89' lang='lat' dir='ltr'>hic</span> <span class='ocrx_word' id='word_1_838' title='bbox 3253 5154 3344 5206; x_wconf 90' lang='lat' dir='ltr'>est</span> <span class='ocrx_word' id='word_1_839' title='bbox 3372 5150 3529 5206; x_wconf 89' lang='lat' dir='ltr'>Deus</span> <span class='ocrx_word' id='word_1_840' title='bbox 3549 5150 3727 5216; x_wconf 86' lang='lat' dir='ltr'>,Deus</span> 
     </span>
    </p>
   </div>
   <div class='ocr_carea' id='block_1_108' title="bbox 2079 5237 3723 5312">
    <p class='ocr_par' dir='ltr' id='par_1_108' title="bbox 2079 5237 3723 5312">
     <span class='ocr_line' id='line_1_109' title="bbox 2079 5237 3723 5312; baseline 0.004 -23"><span class='ocrx_word' id='word_1_841' title='bbox 2079 5239 2277 5291; x_wconf 87' lang='lat' dir='ltr'>noster</span> <span class='ocrx_word' id='word_1_842' title='bbox 2304 5237 2362 5292; x_wconf 93' lang='lat' dir='ltr'>in</span> <span class='ocrx_word' id='word_1_843' title='bbox 2394 5242 2698 5304; x_wconf 66' lang='lat' dir='ltr'>aeternum,</span> <span class='ocrx_word' id='word_1_844' title='bbox 2727 5242 2784 5293; x_wconf 90' lang='lat' dir='ltr'>et</span> <span class='ocrx_word' id='word_1_845' title='bbox 2824 5238 2881 5292; x_wconf 90' lang='lat' dir='ltr'>in</span> <span class='ocrx_word' id='word_1_846' title='bbox 2913 5239 3194 5296; x_wconf 61' lang='lat' dir='ltr'>saeculum</span> <span class='ocrx_word' id='word_1_847' title='bbox 3227 5238 3425 5296; x_wconf 69' lang='lat' dir='ltr'>saeculi</span> <span class='ocrx_word' id='word_1_848' title='bbox 3454 5257 3466 5294; x_wconf 93' lang='lat'><strong>:</strong></span> <span class='ocrx_word' id='word_1_849' title='bbox 3501 5239 3628 5312; x_wconf 89' lang='lat' dir='ltr'>ipse</span> <span class='ocrx_word' id='word_1_850' title='bbox 3663 5255 3723 5296; x_wconf 88' lang='lat' dir='ltr'>re</span> 
     </span>
    </p>
   </div>
   <div class='ocr_carea' id='block_1_109' title="bbox 2075 5319 3691 5399">
    <p class='ocr_par' dir='ltr' id='par_1_109' title="bbox 2075 5319 3691 5399">
     <span class='ocr_line' id='line_1_110' title="bbox 2075 5319 3691 5399; baseline 0.004 -21"><span class='ocrx_word' id='word_1_851' title='bbox 2075 5319 2173 5393; x_wconf 69' lang='lat' dir='ltr'>g&#39;et</span> <span class='ocrx_word' id='word_1_852' title='bbox 2202 5343 2310 5380; x_wconf 91' lang='lat' dir='ltr'>nos</span> <span class='ocrx_word' id='word_1_853' title='bbox 2340 5325 2397 5380; x_wconf 94' lang='lat' dir='ltr'>in</span> <span class='ocrx_word' id='word_1_854' title='bbox 2429 5325 2659 5381; x_wconf 69' lang='lat' dir='ltr'>saecula.</span> <span class='ocrx_word' id='word_1_855' title='bbox 2697 5350 2718 5379; x_wconf 78' lang='grc' dir='ltr'>ι</span> <span class='ocrx_word' id='word_1_856' title='bbox 2757 5337 2920 5399; x_wconf 77' lang='grc' dir='ltr'>Βάρεις</span> <span class='ocrx_word' id='word_1_857' title='bbox 2952 5329 3100 5384; x_wconf 84' lang='lat' dir='ltr'>dixit</span> <span class='ocrx_word' id='word_1_858' title='bbox 3136 5332 3390 5397; x_wconf 60' lang='lat' dir='ltr'>Graecus,</span> <span class='ocrx_word' id='word_1_859' title='bbox 3443 5329 3552 5385; x_wconf 89' lang='lat' dir='ltr'>hoc</span> <span class='ocrx_word' id='word_1_860' title='bbox 3630 5346 3691 5384; x_wconf 89' lang='lat' dir='ltr'>es</span> 
     </span>
    </p>
   </div>
   <div class='ocr_carea' id='block_1_110' title="bbox 388 5499 3718 5587">
    <p class='ocr_par' dir='ltr' id='par_1_110' title="bbox 388 5499 3718 5587">
     <span class='ocr_line' id='line_1_111' title="bbox 388 5499 3718 5587; baseline 0.003 -33"><span class='ocrx_word' id='word_1_861' title='bbox 388 5499 464 5569; x_wconf 85' lang='lat'>(9)</span> <span class='ocrx_word' id='word_1_862' title='bbox 499 5500 640 5555; x_wconf 89' lang='lat' dir='ltr'>Mss.</span> <span class='ocrx_word' id='word_1_863' title='bbox 670 5501 914 5573; x_wconf 89' lang='lat' dir='ltr'>aliquot.</span> <span class='ocrx_word' id='word_1_864' title='bbox 958 5500 1261 5570; x_wconf 75' lang='lat' dir='ltr'>superioris</span> <span class='ocrx_word' id='word_1_865' title='bbox 1317 5501 1472 5578; x_wconf 60' lang='lat' dir='ltr'>illius</span> <span class='ocrx_word' id='word_1_866' title='bbox 1528 5501 1658 5556; x_wconf 85' lang='lat' dir='ltr'>Sion</span> <span class='ocrx_word' id='word_1_867' title='bbox 1720 5504 1834 5574; x_wconf 79' lang='lat' dir='ltr'>ipse</span> <span class='ocrx_word' id='word_1_868' title='bbox 1886 5513 1962 5560; x_wconf 65' lang='lat' dir='ltr'>est</span> <span class='ocrx_word' id='word_1_869' title='bbox 2073 5515 2142 5587; x_wconf 65' lang='lat' dir='ltr'>ac</span> <span class='ocrx_word' id='word_1_870' title='bbox 2169 5501 2356 5587; x_wconf 52' lang='lat' dir='ltr'>Iudice</span> <span class='ocrx_word' id='word_1_871' title='bbox 2385 5501 2851 5587; x_wconf 59' lang='lat' dir='ltr'>confessionem,</span> <span class='ocrx_word' id='word_1_872' title='bbox 2892 5509 2957 5587; x_wconf 68' lang='lat' dir='ltr'>ut</span> <span class='ocrx_word' id='word_1_873' title='bbox 3002 5507 3129 5587; x_wconf 84' lang='lat' dir='ltr'>jam</span> <span class='ocrx_word' id='word_1_874' title='bbox 3175 5505 3548 5587; x_wconf 62' lang='lat' dir='ltr'>observatum</span> <span class='ocrx_word' id='word_1_875' title='bbox 3602 5513 3718 5575; x_wconf 90' lang='lat' dir='ltr'>est,</span> 
     </span>
    </p>
   </div>
   <div class='ocr_carea' id='block_1_111' title="bbox 316 5585 1955 5715">
    <p class='ocr_par' dir='ltr' id='par_1_111' title="bbox 316 5585 1955 5715">
     <span class='ocr_line' id='line_1_112' title="bbox 316 5585 1955 5715; baseline 0.005 -21"><span class='ocrx_word' id='word_1_876' title='bbox 535 5639 732 5715; x_wconf 82' lang='lat' dir='ltr'>Hicut</span> <span class='ocrx_word' id='word_1_877' title='bbox 760 5641 900 5698; x_wconf 89' lang='lat' dir='ltr'>alibi</span> <span class='ocrx_word' id='word_1_878' title='bbox 932 5660 1046 5698; x_wconf 91' lang='lat' dir='ltr'>non</span> <span class='ocrx_word' id='word_1_879' title='bbox 1081 5658 1196 5697; x_wconf 91' lang='lat' dir='ltr'>uno</span> <span class='ocrx_word' id='word_1_880' title='bbox 1251 5639 1374 5715; x_wconf 81' lang='lat' dir='ltr'>loco</span> <span class='ocrx_word' id='word_1_881' title='bbox 1432 5660 1536 5715; x_wconf 87' lang='lat' dir='ltr'>pro</span> <span class='ocrx_word' id='word_1_882' title='bbox 1586 5647 1748 5701; x_wconf 84' lang='lat' dir='ltr'>textu</span> <span class='ocrx_word' id='word_1_883' title='bbox 1806 5648 1955 5703; x_wconf 86' lang='lat' dir='ltr'>Scri-</span> 
     </span>
    </p>
   </div>
   <div class='ocr_carea' id='block_1_112' title="bbox 2070 5571 3719 5649">
    <p class='ocr_par' dir='ltr' id='par_1_112' title="bbox 2070 5571 3719 5649">
     <span class='ocr_line' id='line_1_113' title="bbox 2070 5571 3719 5649; baseline 0.001 -18"><span class='ocrx_word' id='word_1_884' title='bbox 2070 5571 2442 5649; x_wconf 76' lang='lat' dir='ltr'>significent;</span> <span class='ocrx_word' id='word_1_885' title='bbox 2479 5573 2694 5649; x_wconf 75' lang='lat' dir='ltr'>idcirco</span> <span class='ocrx_word' id='word_1_886' title='bbox 2726 5591 2872 5645; x_wconf 85' lang='lat' dir='ltr'>quas</span> <span class='ocrx_word' id='word_1_887' title='bbox 2901 5571 3199 5648; x_wconf 82' lang='lat' dir='ltr'>Scriptura</span> <span class='ocrx_word' id='word_1_888' title='bbox 3227 5577 3348 5647; x_wconf 82' lang='lat' dir='ltr'>ﬁlia</span> <span class='ocrx_word' id='word_1_889' title='bbox 3398 5579 3571 5645; x_wconf 70' lang='lat' dir='ltr'>.huiaz,</span> <span class='ocrx_word' id='word_1_890' title='bbox 3617 5571 3719 5634; x_wconf 86' lang='lat' dir='ltr'>seu</span> 
     </span>
    </p>
   </div>
   <div class='ocr_carea' id='block_1_113' title="bbox 2068 5644 3716 5730">
    <p class='ocr_par' dir='ltr' id='par_1_113' title="bbox 2068 5644 3716 5730">
     <span class='ocr_line' id='line_1_114' title="bbox 2068 5644 3716 5730; baseline 0.001 -27"><span class='ocrx_word' id='word_1_891' title='bbox 2068 5644 2300 5726; x_wconf 46' lang='lat' dir='ltr'>Iudaeis,</span> <span class='ocrx_word' id='word_1_892' title='bbox 2320 5644 2426 5726; x_wconf 79' lang='lat' dir='ltr'>has</span> <span class='ocrx_word' id='word_1_893' title='bbox 2459 5644 2546 5699; x_wconf 91' lang='lat' dir='ltr'>vir</span> <span class='ocrx_word' id='word_1_894' title='bbox 2577 5644 2814 5730; x_wconf 77' lang='lat' dir='ltr'>sanctus</span> <span class='ocrx_word' id='word_1_895' title='bbox 2847 5644 3062 5704; x_wconf 57' lang='lat' dir='ltr'>animus</span> <span class='ocrx_word' id='word_1_896' title='bbox 3111 5644 3422 5730; x_wconf 72' lang='lat' dir='ltr'>conﬁtentes</span> <span class='ocrx_word' id='word_1_897' title='bbox 3453 5655 3512 5706; x_wconf 90' lang='lat' dir='ltr'>et</span> <span class='ocrx_word' id='word_1_898' title='bbox 3560 5644 3716 5721; x_wconf 77' lang='lat' dir='ltr'>ﬁlias</span> 
     </span>
    </p>
   </div>
   <div class='ocr_carea' id='block_1_114' title="bbox 312 5712 2632 5792">
    <p class='ocr_par' dir='ltr' id='par_1_114' title="bbox 312 5712 2632 5792">
     <span class='ocr_line' id='line_1_115' title="bbox 312 5712 2632 5792; baseline 0.004 -23"><span class='ocrx_word' id='word_1_899' title='bbox 312 5715 496 5785; x_wconf 72' lang='lat' dir='ltr'>pliqu</span> <span class='ocrx_word' id='word_1_900' title='bbox 529 5712 766 5784; x_wconf 90' lang='lat' dir='ltr'>ponitur</span> <span class='ocrx_word' id='word_1_901' title='bbox 793 5715 919 5786; x_wconf 88' lang='lat' dir='ltr'>ejus</span> <span class='ocrx_word' id='word_1_902' title='bbox 952 5713 1388 5788; x_wconf 85' lang='lat' dir='ltr'>interpretatio;</span> <span class='ocrx_word' id='word_1_903' title='bbox 1432 5712 1568 5775; x_wconf 76' lang='lat' dir='ltr'>cum</span> <span class='ocrx_word' id='word_1_904' title='bbox 1598 5717 1755 5775; x_wconf 87' lang='lat' dir='ltr'>enim</span> <span class='ocrx_word' id='word_1_905' title='bbox 1802 5720 1958 5779; x_wconf 67' lang='lat' dir='ltr'>Judee</span> <span class='ocrx_word' id='word_1_906' title='bbox 2066 5712 2421 5792; x_wconf 66' lang='grc' dir='ltr'>σοηΐϐδνςίοηίδ</span> <span class='ocrx_word' id='word_1_907' title='bbox 2448 5720 2632 5775; x_wconf 62' lang='lat' dir='ltr'>vocat.</span> 
     </span>
    </p>
   </div>
  </div>
