4112 6190
498 358 650 425 1211
1480 406 1492 426 .
1651 373 1654 378 ’
1952 359 2021 425 Β.
2063 359 2122 424 Α

2281 359 2442 426 .OSIl
2791 432 2795 438 ,
3755 361 3905 423 1212

495 500 752 552 excelsas
784 497 839 551 et
869 491 1110 552 turritas
1143 492 1348 554 domos
1377 512 1390 564 ;
1451 495 1606 554 unde
1667 492 1958 570 Propheta
2006 512 2139 551 cum
2166 513 2218 582 Α
2251 493 2516 568 capiebat
2543 493 2658 568 (11)
2689 492 2998 554 universus
3029 493 3286 571 populus
3315 494 3613 572 percipere
3663 496 3897 570 sapien-

495 587 564 640 de
595 584 826 641 civitate
856 583 956 641 Dei
983 589 1040 640 et
1067 585 1534 642 inhabitantibus
1581 603 1708 642 eam
1765 585 2138 658 loqueretur:
2249 586 2394 642 tiam
2422 586 2481 642 in
2516 585 2793 658 mysterio
2827 602 2956 659 quas
2986 587 3334 644 abscondita
3362 593 3472 644 est.

497 695 525 723 «
559 673 922 740 Distribuite,
947 673 1160 745 inquit,
1187 675 1406 747 gradus
1436 675 1586 746 ejus,
1644 675 1751 731 hoc
1809 679 1916 738 est,
1973 690 2138 728 man-
2321 676 2473 732 945
2505 677 2592 731 25.
2627 676 2762 731 Ideo
2794 691 2924 732 eam
2954 676 3226 732 Christus
3257 677 3589 746 abscondit,
3655 681 3726 732 ut
3783 693 3904 732 eam

493 765 690 820 siones
720 765 847 833 ejus
881 763 1027 819 altas
1053 766 1228 834 atque
1249 763 1532 819 sublimes
1555 763 1614 818 in
1633 763 1989 819 coelestibus.
2015 764 2136 827 Quo
2249 763 2412 818 stulti
2441 780 2555 819 non
2587 763 2938 836 intelligant,
2985 765 3307 836 prudentes
3365 766 3702 822 studiosius
3751 783 3909 838 qure-

493 854 661 908 docet
689 851 951 907 ordinem
981 851 1327 906 servandum
1359 867 1488 908 esse
1502 852 1864 906 meritorum.
1903 873 1931 901 «
1953 850 2139 906 Unus-
2246 856 2416 907 rant:
2447 855 2504 907 et
2528 857 2801 908 enarrent
2829 853 2886 907 in
2922 854 3198 925 progenie
3229 853 3438 923 altera,
3471 852 3603 926 erute
3660 855 3905 928 spiritus

491 942 743 1014 quisque
772 940 928 995 enim
963 940 1020 994 in
1053 957 1158 995 suo
1189 941 1392 995 ordine
1426 941 1602 1012 (Joan.
1638 958 1753 1003 xw,
1803 941 1878 1010 2).
1912 963 1930 987 ι
1971 940 2135 994 Unde
2243 939 2389 996 foret
2412 941 2624 996 virtute
2655 940 2984 1012 perfectior,
3027 943 3306 1014 quoniam
3361 943 3667 1016 generatio
3720 960 3899 1016 supe-

491 1036 548 1086 et
573 1030 850 1086 Dominus
896 1029 976 1083 ire
1034 1033 1091 1083 et
1131 1045 1454 1100 praeparare
1502 1045 1565 1083 se
1632 1028 1776 1083 dicit
1829 1027 2137 1100 discipulis
2244 1029 2361 1084 rior
2390 1045 2492 1100 per
2521 1028 2923 1084 infirmitatem
2957 1029 3114 1097 ﬁdei,
3149 1031 3412 1102 perfecta:
3446 1031 3761 1103 sapientiae
3811 1049 3906 1086 co-

491 1118 826 1175 mansiones
857 1116 1041 1187 (lbi/1.)
1072 1142 1084 1182 ;
1117 1121 1182 1171 ut
1213 1134 1314 1188 pro
1347 1133 1585 1172 suorum
1621 1116 1840 1172 ratione
1899 1116 2133 1171 merito-
2243 1133 2520 1189 gnoscere
2550 1120 2919 1173 sacramenta
2949 1134 3065 1173 non
3099 1118 3307 1190 potuit.
3371 1121 3440 1174 Et
3485 1119 3620 1176 ideo
3667 1121 3899 1194 signum

489 1226 618 1264 rum
652 1205 1259 1279 dignaunusquisquc
1284 1204 2040 1277 habitarulaeonsequatur,
2073 1204 2131 1260 in
2240 1207 2555 1278 quaerebat,
2586 1206 2890 1262 veritatem
2920 1207 3308 1278 repudiabat;
3343 1225 3478 1263 cum
3517 1209 3720 1281 utique
3778 1227 3897 1266 non

490 1299 705 1370 quibus
739 1293 997 1367 requiem
1023 1293 1182 1348 illam
1214 1300 1414 1365 carpat
1443 1301 1738 1349 zeternam.
2241 1297 2451 1350 veritas
2481 1295 2658 1367 signi.
2692 1296 2794 1351 sed
2825 1296 3062 1369 signum
3121 1296 3384 1353 veritatis
3444 1297 3543 1352 sit.
3598 1298 3759 1355 Unde
3805 1316 3896 1354 re-

555 1386 816 1441 211.Snnt
850 1385 1023 1438 etiam
1058 1383 1331 1437 sublimia
1364 1388 1419 1438 et
1448 1383 1560 1437 alta
1597 1389 1900 1456 praecepta,
1927 1383 1984 1438 in
2028 1384 2128 1455 qui
2242 1383 2478 1454 spondit
2506 1383 2556 1439 ei
2590 1383 2914 1450 Dominus;
2955 1405 2977 1431 ε
3013 1385 3321 1440 Generatio
3355 1401 3614 1456 nequam
3649 1393 3710 1443 et
3730 1388 3895 1442 adul-

487 1477 600 1532 bus
631 1479 769 1531 sunt
792 1473 1017 1529 occulta
1052 1471 1284 1544 pietatis
1330 1472 1626 1543 mysteria,
1675 1479 1732 1525 et
1773 1473 2133 1527 theoremata
2239 1477 2363 1526 tera
2417 1472 2656 1543 signum
2715 1473 2947 1544 quierit,
3003 1476 3062 1528 et
3147 1473 3384 1545 signum
3474 1491 3589 1530 non
3661 1476 3895 1531 dabitur

487 1579 828 1620 sermonum
857 1560 1203 1616 crelestium.
1239 1560 1388 1622 Haec,
1423 1559 1632 1630 inquit,
1666 1559 2019 1622 distribuite,
2077 1564 2133 1613 et
2239 1560 2313 1626 ei,
2349 1559 2458 1615 nisi
2487 1560 2649 1614 Jonas
2708 1560 3002 1633 propheta:
3051 1561 3261 1630 (Matth.
3297 1579 3398 1627 xu,
3430 1564 3547 1632 39).
3584 1587 3614 1612 ››
3665 1565 3760 1619 Ad
3796 1581 3880 1620 ar-

489 1671 592 1724 pro
624 1656 795 1724 captu
829 1649 1296 1718 uniuscujusque
1327 1647 1586 1714 dividite,
1612 1653 1898 1717 quantum
1948 1647 2133 1719 possit
2237 1649 2532 1719 guendam
2565 1648 2759 1720 itaque
2793 1649 3097 1720 perﬁdiam
3125 1649 3485 1719 Judaeorum,
3507 1652 3670 1707 Jonas
3695 1669 3895 1708 exem-

485 1741 893 1812 unusquisque
921 1738 1152 1809 ingenio
1177 1736 1414 1807 proprio
1465 1736 1976 1806 comprehendere.
2027 1735 2131 1790 Ne-
2240 1737 2404 1808 plum
2431 1737 2780 1805 accersitur;
2808 1753 2875 1793 eo
2907 1738 3061 1809 quod
3093 1737 3358 1794 Ninivitac
3386 1739 3544 1811 signo
3603 1741 3894 1796 credide-

484 1847 597 1900 que
617 1828 774 1884 enim
800 1826 1075 1882 omnibus
1106 1824 1322 1879 Paulus
1352 1824 1554 1879 eadem
1587 1825 1944 1896 disputabat.
1977 1824 2124 1879 Aliis
2163 1885 2208 1900 ἢ
2241 1829 2397 1896 runt,
2429 1830 2486 1881 et
2516 1825 2988 1898 praedicationem
3041 1826 3202 1882 Jonas
3232 1828 3332 1899 qui
3391 1829 3572 1884 fuerat
3618 1829 3683 1883 in
3714 1835 3897 1885 utero

486 1885 634 1972 nihil
682 1915 1036 1988 praedicabat
1084 1913 1194 1968 nisi
1237 1911 1534 1967 Christum
1589 1885 1816 1977 Jeshm,
1869 1916 1926 1968 et
1970 1912 2129 1970 hunc
2163 1885 2210 1949 B
2241 1885 2766 1986 ceti,'sequsndam
2799 1919 3117 1988 putarunt:
3146 1885 3334 1973 διιέωί
3366 1922 3558 1973 autem
3590 1934 3702 1973 nec
3764 1925 3893 1990 post

484 2005 851 2070 crucifixum,
901 2019 1015 2057 non
1063 2002 1119 2056 in
1175 2000 1552 2072 persuasione
1597 2000 1901 2072 sapientiae
1943 2001 2125 2067 verbi,
2242 2003 2729 2060 resurrectionem
2759 2003 2992 2060 Domini
3022 2003 3163 2060 Jesu
3213 2005 3613 2073 crediderunt,
3668 2005 3774 2078 qui
3823 2008 3892 2062 de

483 2095 582 2152 sed
616 2095 674 2149 in
725 2092 1060 2148 ostensione
1117 2089 1361 2160 spiritus
1420 2096 1595 2161 atque
1651 2089 1918 2157 virtutis;
1980 2089 2133 2146 inter
2239 2092 2412 2148 corde
2440 2097 2607 2148 terrae
2638 2096 2770 2164 post
2815 2092 3078 2148 triduum
3127 2093 3460 2161 resurrexit,
3519 2098 3579 2150 et
3628 2095 3771 2151 vivit
3816 2112 3885 2151 ac

483 2185 768 2257 perfectos
789 2185 982 2238 autem
1017 2177 1365 2251 sapientiam
1397 2177 1772 2250 loquebatur,
1818 2178 1960 2250 quia
2010 2196 2126 2234 non
2238 2185 2445 2253 regnat
2474 2197 2576 2253 per
2603 2181 2802 2237 omnia
2823 2179 3057 2237 saecula.
3089 2182 3293 2240 Amen.

555 2342 668 2413 (tl)
738 2341 899 2396 Rom.
967 2337 1130 2402 edit.,
1175 2338 1320 2416 _N_am
1364 2337 1581 2416 quibat,
1630 2337 1768 2392 Aliae
1827 2342 2024 2394 autem
2070 2343 2129 2416 et
2238 2340 2298 2394 in
2321 2340 2489 2416 Rom.
2539 2340 2676 2416 edit.
2735 2341 3132 2416 agnoscimus,
3191 2341 3373 2398 nihilo
3433 2343 3634 2401 secius
3691 2350 3889 2402 tamen

483 2409 626 2468 mss.
652 2409 886 2485 omnes,
917 2427 1029 2485 non
1059 2410 1341 2485 capiebat,
1361 2409 1419 2485 id
1450 2421 1557 2485 est,
1591 2425 1772 2485 capax
1831 2426 1945 2485 non
2004 2415 2129 2465 erat
2235 2412 2478 2468 verbum
2509 2409 2818 2485 antiquum
2859 2409 3201 2470 retinemus.

482 2486 682 2556 Itaque
710 2482 803 2537 hic
833 2488 890 2537 et
919 2480 978 2535 in
1011 2479 1216 2535 multis
1247 2479 1380 2535 aliis
1401 2480 1542 2535 locis
1572 2479 2126 2537 Ambrosiisensum

1228 2841 1340 2924 IN
1399 2841 1941 2930 PSALMUM
1997 2842 2363 2931 XLVIII
2421 2789 3124 2931 ENARRATIO.

1022 3044 1218 3121 Hujus
1260 3044 1479 3105 titulus
1522 3052 1616 3106 est
1657 3045 1851 3124 (Vera.
1898 3044 1954 3124 l)
1992 3063 2004 3104 :
2041 3044 2112 3106 In
2153 3044 2334 3125 ﬁnem
2375 3045 2520 3126 ﬁliis
2563 3046 2740 3121 Core,
2786 3046 3060 3109 Psalmue
3101 3047 3326 3110 David.

545 3360 594 3414 1.
660 3359 844 3430 (Vcrs.
908 3357 985 3425 2.)
1058 3382 1082 3403 «ο
1129 3355 1338 3410 Audite
1393 3355 1536 3421 haec,
1587 3373 1790 3413 omnes
1876 3362 2121 3429 gentes;
2153 3365 2197 3434 α
2237 3361 2432 3416 menta
2467 3359 2741 3432 proponit
2795 3361 2933 3432 (12),
2964 3363 3030 3416 ut
3083 3359 3318 3418 videant
3374 3360 3672 3433 homines,
3706 3370 3768 3422 et
3815 3369 3888 3425 ad

471 3448 714 3502 auribus
741 3445 1041 3517 percipite,
1071 3460 1277 3500 omnes
1307 3444 1407 3515 qui
1435 3444 1714 3502 habitatis
1753 3448 1954 3503 orbem
1999 3452 2113 3506 ter-
2223 3447 2548 3504 remedium
2574 3447 2784 3505 salutis
2810 3449 2928 3504 ﬁda
2982 3449 3293 3506 sedulitate
3338 3459 3713 3510 concurrant.
3779 3456 3872 3512 Sic

471 3552 614 3589 rae.»
667 3535 730 3588 In
771 3532 1058 3606 principio
1107 3533 1234 3604 ipso
1283 3550 1482 3589 vocem
1532 3533 1765 3591 Domini
1837 3536 2114 3596 salutaris
2221 3536 2323 3593 illa
2351 3538 2412 3593 in
2442 3537 2746 3611 Evangelia
2777 3537 2992 3595 meruit
3019 3538 3351 3606 sanitatem,
3397 3557 3523 3613 qua:
3583 3545 3875 3615 proﬂuvio

469 3621 846 3695 agnoscimus
873 3627 1072 3694 gentes
1097 3622 1356 3678 vocantis
1412 3623 1482 3678 ad
1524 3624 1860 3691 Ecclesium,
1913 3632 1977 3682 ut
2024 3645 2113 3684 er-
2221 3626 2526 3695 sanguinis
2559 3644 2663 3700 per
2691 3626 2997 3684 duodecim
3027 3645 3215 3685 annos
3253 3628 3577 3687 laborabat.
3628 3635 3877 3691 Audivit

469 3711 584 3766 rori
616 3709 970 3779 renuntient,
1003 3710 1303 3767 veritatem
1335 3716 1678 3783 sequantur,
1711 3718 1767 3770 et
1810 3714 1889 3786 pii
1916 3715 2111 3775 cultus
2221 3715 2516 3772 medicum
2562 3713 2810 3785 venisse,
2865 3716 3162 3773 festinavit
3217 3718 3555 3793 contingere
3633 3723 3876 3780 dicens:

468 3818 686 3856 munus
716 3803 1056 3872 agnoscant.
1083 3800 1195 3856 Sed
1227 3799 1366 3872 quia
1395 3802 1684 3873 serpentis
1733 3805 1972 3861 venenis
2028 3807 2115 3862 in-
2221 3827 2250 3856 «
2284 3805 2344 3861 Si
2375 3804 2617 3877 tetigero
2646 3804 2942 3861 ﬁmbriam
2972 3807 3121 3877 ejus,
3173 3805 3336 3862 salva
3391 3825 3488 3865 ero
3535 3810 3751 3881 (llam.
3790 3829 3880 3880 ιι,

467 3890 615 3946 fecta
642 3894 808 3946 erant
836 3889 1014 3945 corda
1043 3888 1433 3946 successionis
1465 3888 1831 3960 bumanae,et
1860 3895 2112 3964 peccatis
2219 3894 2332 3964 21).
2368 3915 2397 3943 ››
2427 3893 2584 3948 Intra
2613 3909 2676 3950 se
2705 3892 2816 3949 hoc
2869 3893 3036 3962 dixit,
3069 3898 3127 3950 et
3180 3895 3452 3954 Christus
3480 3897 3734 3954 audivit:
3815 3906 3884 3958 et

465 3979 714 4035 obnoxia
739 3977 1095 4035 conscientia
1125 3978 1264 4033 dum
1297 3980 1571 4050 desperat
1601 3981 1850 4049 veniam,
1904 4001 1966 4039 sc
2028 4002 2112 4040 re-
2219 3982 2410 4055 tetigit
2439 3983 2756 4050 fimbriam,
2784 3985 2842 4038 et
2871 3983 3055 4039 virtus
3086 3983 3156 4040 de
3203 3983 3500 4042 Salvatore
3555 3990 3885 4059 processit,

463 4085 667 4125 vocare
698 4085 812 4124 non
848 4072 1105 4139 poterat:
1158 4067 1483 4122 remedium
1532 4067 1861 4139 pollicetur,
1922 4072 2113 4130 indul-
2221 4072 3885 4148 qumcuravitazgrram,ﬁrmavitinvalidam,proﬂuvium

464 4158 722 4231 gentiam
753 4161 960 4228 sponte
991 4155 1224 4228 pietatis
1254 4173 1372 4211 suae
1403 4154 1670 4230 largitate
1701 4161 2114 4230 promittit;nt
2221 4159 2446 4225 statuit,
2505 4159 2779 4232 pietatem
2839 4161 3121 4234 probavit.
3175 4162 3460 4221 Similiter
3508 4181 3651 4238 ergo
3681 4172 3741 4222 et
3787 4168 3883 4225 hic

467 4263 603 4303 reus
632 4263 748 4303 non
781 4246 1006 4313 timeat,
1039 4245 1185 4300 bene
1215 4243 1486 4300 conscius
1544 4247 1893 4320 gratuletur,
1954 4252 2109 4322 quod
2221 4265 2425 4305 omnes
2453 4252 2657 4321 gentes
2697 4253 2869 4306 vocat
2927 4250 2998 4306 ad
3059 4251 3369 4323 sapientia
3414 4253 3640 4310 fontem
3700 4260 3886 4330 atque

465 4335 617 4390 bono
657 4335 895 4391 domino
927 4333 1197 4390 exhibeat
1229 4333 1622 4390 ministerium
1647 4336 1964 4406 servitutis,
2010 4340 2107 4411 qui
2220 4337 2578 4409 prudentiae:
2616 4339 3075 4411 redemptionem
3118 4341 3393 4398 omnibus
3421 4342 3762 4414 pollicetur,
3825 4353 3890 4402 ut

469 4423 689 4478 noverit
719 4429 952 4495 peccata
982 4424 1219 4490 donare,
1254 4421 1536 4478 honorare
1551 4424 1812 4481 virtutes.
1849 4426 2111 4500 Denique
2221 4443 2392 4482 nemo
2422 4426 2692 4498 trepidet,
2727 4443 2898 4484 nemo
2923 4429 3214 4500 desperet,
3240 4430 3336 4486 ubi
3390 4430 3595 4488 nullus
3656 4434 3884 4507 excipi-

468 4511 671 4565 eadem
704 4512 854 4566 serie
883 4512 1200 4567 vocationis
1231 4511 1405 4567 etiam
1438 4511 1496 4567 in
1530 4513 1835 4586 Evangelio
1868 4534 1974 4573 nos
2005 4517 2111 4573 Do-
2220 4517 2354 4582 tur;
2383 4515 2483 4569 sed
2517 4514 2710 4569 omnis
2768 4515 2966 4571 anima
3014 4515 3293 4573 invitatur
3341 4519 3413 4574 ad
3479 4521 3764 4591 gratiam,
3821 4531 3885 4580 ut

468 4597 664 4653 minus
692 4597 1035 4654 adhortatur
1063 4599 1299 4654 dicens:
1335 4624 1361 4649 ‹‹
1396 4600 1601 4657 Venite
1627 4603 1697 4656 ad
1732 4621 1844 4672 me,
1905 4621 2110 4662 omnes
2219 4602 2346 4658 sine
2375 4603 2559 4674 pretio
2589 4603 2917 4660 redimatur
2946 4621 2980 4660 a
3003 4605 3272 4676 crimine,
3304 4612 3360 4662 et
3419 4607 3683 4664 fructum
3748 4613 3880 4668 vita

467 4688 569 4759 qui
598 4686 876 4743 laboratis
906 4692 960 4742 et
993 4687 1212 4743 onerati
1243 4688 1404 4754 estis,
1438 4694 1494 4745 et
1527 4707 1662 4762 ergo
1694 4710 1792 4749 vos
1826 4693 2104 4752 reﬁciam.
2141 4737 2186 4763 η
2220 4692 2579 4763 adipiscatur
2610 4695 2855 4748 (sternte.

472 4737 569 4759 ν-
599 4737 873 4743 mn“---
911 4737 959 4742 --
996 4737 1212 4743 ---π-η
1247 4737 1404 4754 --ν-η,
1441 4737 1494 4745 --
1530 4737 1661 4762 νον
1704 4737 1792 4749 ,νη
1827 4737 2104 4752 Nam“...
2220 4737 2568 4763 ..-την-η..
2610 4737 2855 4748 ...νηησ-

467 4776 908 4849 Tollitejugum
943 4793 1138 4831 meum
1161 4793 1338 4847 super
1365 4794 1491 4845 vos,
1533 4783 1588 4834 et
1645 4780 1851 4839 discite
1901 4802 1935 4839 a
1993 4801 2106 4857 me,
2139 4737 2186 4806 Β
2290 4781 2444 4837 946
2475 4781 2528 4835 3.
2563 4780 2666 4837 Hic
2696 4797 2908 4838 sensus
2937 4787 3026 4840 est
3053 4783 3290 4857 psalmi,
3324 4801 3500 4858 quem
3533 4803 3644 4844 suo
3666 4789 3884 4846 ordine

465 4866 604 4938 quia
635 4864 797 4921 mitis
831 4882 984 4933 sum,
1019 4869 1078 4921 et
1108 4863 1354 4919 humilis
1385 4867 1555 4921 corde
1611 4869 1820 4939 (Matth.
1880 4890 1958 4939 x1,
2015 4877 2109 4942 28,
2223 4869 3713 4948 digeremus,cumexplicucrimussuperiorumvim
3729 4896 3882 4951 qua-

463 4955 576 5028 29).
626 4978 653 5005 »
690 4955 909 5012 Deinde
949 4955 1162 5027 jngum
1219 4969 1393 5008 suum
1444 4972 1638 5024 suave,
1687 4962 1746 5014 et
1795 4977 1946 5017 onus
1990 4961 2112 5020 leve
2220 4957 2564 5032 litatemque
2593 4959 2925 5017 verborum.
2958 4962 3385 5036 Prmoipiuntur
3440 4965 3600 5021 enim
3662 4968 3884 5024 audire

463 5061 592 5100 esse
611 5047 1051 5112 commemorat,
1084 5041 1363 5114 quoniam
1414 5042 1515 5114 qui
1572 5044 1968 5117 desperaverit
1997 5067 2113 5108 me-
2219 5051 2448 5119 gentes,
2478 5051 2535 5104 et
2563 5044 2807 5107 auribus
2837 5051 3132 5123 percipere
3161 5053 3263 5125 qui
3293 5053 3632 5111 inhabitant
3661 5056 3878 5113 orbem

466 5132 745 5200 dicinam,
778 5150 960 5189 sanus
988 5149 1117 5188 esse
1149 5148 1263 5187 non
1294 5130 1522 5202 poterit.
1554 5132 1625 5187 Et
1655 5133 1784 5190 ideo
1833 5140 2111 5197 omnibus
2218 5141 2405 5192 terrae.
2441 5135 2612 5192 Illum
2642 5136 2845 5210 utique
2875 5139 3077 5196 orbem
3107 5147 3418 5214 terrarum,
3448 5142 3520 5198 de
3549 5160 3671 5215 quo
3694 5161 3886 5218 supra

466 5227 631 5293 grata
696 5227 788 5277 est
844 5221 1256 5287 mansuetudo,
1307 5237 1434 5291 qua:
1485 5219 1725 5278 vulnera
1767 5223 2109 5285 interiorum
2221 5224 2400 5280 dixit:
2432 5249 2462 5275 ‹‹
2494 5225 2728 5282 Domini
2758 5231 2848 5282 est
2876 5232 3031 5285 terra
3059 5234 3118 5286 et
3146 5229 3450 5302 plenitudo
3507 5232 3676 5303 ejus:
3714 5235 3883 5290 orbis

467 5314 634 5364 curat
650 5311 1006 5366 animorum.
2218 5319 2531 5382 terrarum,
2563 5319 2620 5371 et
2643 5315 2745 5387 qui
2774 5315 3044 5375 habitant
3072 5319 3132 5375 in
3162 5337 3250 5376 eo.
3285 5322 3416 5394 Ipse
3448 5337 3632 5395 super
3685 5324 3878 5380 maria

536 5401 590 5453 2.
624 5398 913 5453 Venturus
935 5398 1116 5472 igitur
1136 5398 1206 5453 ad
1239 5401 1504 5470 aegrotos,
1556 5403 1836 5458 venturus
1885 5408 1949 5460 ut
1995 5423 2111 5464 mc-
2219 5403 2484 5460 fundavit
2515 5420 2682 5460 cum:
2717 5408 2774 5460 et
2803 5422 2981 5479 super
3011 5407 3258 5466 ﬂumina
3312 5411 3662 5484 preparavit
3718 5412 3876 5469 9-“

467 5484 654 5551 dicus,
687 5488 782 5557 qui
826 5489 1022 5557 gravis
1074 5486 1268 5542 ulcera
1315 5491 1514 5542 nostra
1563 5494 1814 5560 curaret,
1859 5496 2109 5553 medica-
2217 5491 2556 5566 eum(Psal.
2591 5511 2752 5560 XXIII,
2803 5495 2920 5551 tet
2976 5496 3054 5569 2).
3114 5500 3298 5565 Quam
3342 5499 3521 5556 ϐπ·ωοὶ
3573 5509 3875 5574 οἰκουμένην

540 5663 652 5735 (12)
683 5663 824 5720 Mss.
856 5662 1096 5734 aliquot,
1142 5667 1420 5737 proponit,
1471 5674 1533 5743 ut
1576 5670 1810 5728 audiant
1865 5673 2112 5740 homines
