4146 6190
259 343 413 411 1213

1325 337 1791 407 ENARRATIO
1830 335 1915 406 IN
1959 335 2350 404 PSALMUM
2393 341 2669 409 XLVIII.

3546 342 3712 416 13M

256 482 478 547 dicunt,
511 494 579 534 eo
610 474 770 548 quod
803 471 1173 533 inhabitetur
1221 489 1256 532 a
1282 475 1538 546 Christo,
1595 476 1754 531 sicut
1801 475 1930 546 ipse
1959 473 2014 540 Α
2045 474 2216 529 catio.
2255 475 2315 530 in
2360 479 2677 548 quamdam
2737 475 3134 537 humilitatem
3194 476 3714 553 mqualitatemque,

256 571 426 628 dixit:
459 593 491 619 ‹‹
547 565 843 633 Quoniam
895 563 1239 621 inhabitabo
1300 565 1360 619 in
1416 564 1538 621 illis
1568 567 1615 633 (ι
1666 566 1788 620 Cor.
1851 580 1930 625 vx,

257 662 373 733 l6);
415 656 712 715 inhabitat
741 656 925 720 enim,
986 657 1052 708 ut
1080 652 1327 726 impleat
1355 671 1488 726 quze
1519 670 1710 709 vacua
1778 653 1934 708 vide-

255 751 493 807 bantur.
522 748 661 813 Quae
717 749 809 799 est
865 758 1004 812 ergo
1072 750 1356 813 οἰκουμένη.
1393 741 1511 798 nisi
1563 746 1772 797 sancta
1829 742 1932 796 Ec-

258 839 458 904 clesia,
503 832 795 905 templum
829 829 956 895 Dei,
979 834 1037 886 et
1063 829 1469 886 habitaculum
1503 829 1772 886 Christi?
1828 846 1933 884 nec

258 928 581 999 incongrue
613 919 798 976 Latini
835 917 1077 973 dissono
1101 919 1337 989 quidem
1364 918 1780 983 sermone,sed
1806 916 1931 989 pari

260 1031 463 1080 sensu,
497 1011 696 1068 orbem
731 1011 900 1062 terra;
929 1011 1439 1078 uuncupaverunt,
1475 1021 1551 1060 eo
1603 1007 1760 1078 quod
1818 1006 1935 1061 vita

258 1107 598 1158 sanctorum
626 1096 727 1168 qui
760 1094 1178 1150 inhabitantur
1204 1096 1277 1149 ab
1310 1091 1568 1164 Spiritu,
1625 1095 1779 1150 sicut
1808 1098 1934 1149 rota

255 1190 310 1245 in
342 1190 546 1245 orbem
579 1186 708 1241 sine
739 1183 860 1238 ulla
890 1199 1103 1238 cursus
1130 1182 1219 1238 sui
1261 1179 1596 1238 offensione
1645 1182 1928 1238 volvatur.

323 1280 374 1332 4.
436 1279 499 1331 ln
563 1272 1054 1330 tribulationibus
1108 1271 1290 1343 igitur
1375 1271 1671 1327 fundatur
1746 1272 1933 1327 Eccle-

257 1367 364 1433 sia,
398 1367 459 1421 in
491 1362 949 1435 tempestatibus
997 1364 1056 1414 et
1106 1359 1403 1430 procellis,
1466 1357 1527 1413 in
1581 1360 1932 1416 sollicitudi-

257 1457 433 1513 nibus
465 1459 523 1509 et
553 1467 820 1518 maerore,
857 1451 913 1504 in
977 1449 1152 1504 rebus
1211 1449 1485 1505 adversis
1515 1454 1574 1504 et
1631 1450 1689 1504 in
1743 1451 1932 1504 flumi-

258 1545 434 1601 nibus
465 1544 848 1613 prsaparatur.
898 1539 954 1591 ln
989 1537 1206 1606 quibus
1243 1536 1642 1592 fluminibus?
1664 1539 1814 1592 Audi
1843 1539 1931 1591 di-

258 1637 524 1690 centem:
559 1653 586 1678 ‹‹
622 1629 1009 1683 Elevaverunt
1041 1624 1292 1678 flumina
1322 1642 1528 1680 vocem
1563 1643 1733 1680 suam
1756 1627 1927 1691 (Psal.

258 1739 391 1787 xcn,
418 1721 495 1789 3).
532 1740 560 1765 ››
589 1715 737 1772 Audi
796 1721 857 1770 ct
891 1715 947 1768 in
1007 1711 1325 1781 Evangelio
1355 1730 1368 1767 :
1398 1738 1425 1761 ‹‹
1489 1715 1598 1778 Qui
1657 1714 1840 1768 credit
1871 1715 1930 1769 in

261 1825 372 1876 me,
399 1808 556 1863 sicut
574 1804 715 1860 dicit
745 1803 1076 1873 Scriptura,
1110 1801 1374 1856 ﬂumina
1435 1803 1508 1856 de
1566 1807 1762 1857 ventre
1803 1805 1932 1873 ejus

261 1899 444 1955 fluent
473 1910 636 1966 aqua:
667 1893 825 1947 vivae.
869 1891 982 1945 Hoc
1035 1895 1241 1945 autem
1305 1890 1550 1947 dicebat
1578 1891 1648 1946 de
1708 1891 1929 1963 Spiritu

261 2001 437 2060 quem
469 1980 831 2054 accipiebant
862 1977 1162 2033 credentes
1194 1977 1260 2032 in
1286 1994 1433 2034 eum
1468 1981 1646 2050 (Joan.
1679 1997 1776 2043 vu,
1836 1981 1926 2047 38,

260 2076 375 2147 39.)
407 2096 434 2124 η
469 2075 532 2129 ln
563 2071 652 2127 his
680 2085 815 2141 ergo
851 2066 1200 2122 fluminibus
1235 2073 1609 2140 praeparatur
1656 2067 1929 2134 Ecclesia,

263 2166 324 2222 in
353 2163 573 2237 quibus
605 2158 846 2232 profluit
877 2155 978 2212 Dei
1011 2155 1226 2227 gratia.
1268 2156 1341 2211 Hi
1366 2161 1513 2212 sunt
1533 2157 1690 2212 fluvii
1714 2156 1813 2229 qui
1827 2175 1930 2213 au-

268 2271 331 2311 re
359 2249 690 2326 percipiunt
717 2247 968 2304 verbum
1008 2242 1132 2311 Dei,
1163 2248 1224 2299 et
1267 2243 1634 2316 loquuntur:
1685 2249 1750 2300 ut
1798 2263 1930 2302 ver-

266 2343 412 2400 bum
463 2337 779 2396 infundant
835 2331 1176 2406 pectoribus
1231 2331 1633 2403 singulorum.
1681 2333 1932 2404 Ideoque

272 2430 578 2502 Scriptura
591 2424 1006 2482 discretionem
1031 2420 1170 2475 fecit
1187 2420 1442 2476 dicendo
1467 2437 1480 2475 :
1512 2443 1532 2469 ι
1557 2421 1765 2477 Audite
1786 2421 1927 2488 hinc,

273 2534 483 2576 omnes
513 2518 742 2588 gentes:
776 2511 1028 2568 auribus
1059 2507 1362 2579 percipite,
1414 2525 1620 2564 omnes
1667 2510 1766 2580 qui
1827 2510 1931 2566 ha-

274 2607 418 2664 tatis
447 2605 646 2660 orbem
679 2606 863 2656 terrae.
902 2621 930 2647 »
962 2598 1220 2652 Possunt
1276 2613 1484 2653 omnes
1542 2598 1767 2678 audire,
1814 2616 1931 2655 non

277 2709 486 2752 omnes
515 2698 712 2748 tamen
761 2687 1007 2745 auribus
1037 2684 1358 2757 percipere,
1409 2685 1524 2740 nisi
1582 2685 1755 2742 Electi
1804 2688 1926 2745 Dei.

278 2784 530 2854 Ideoque
559 2779 820 2836 Salvator
839 2774 1010 2832 dicit:
1049 2796 1077 2823 ‹‹
1101 2773 1208 2840 Qui
1240 2773 1417 2830 habet
1437 2790 1608 2830 aures
1630 2777 1928 2845 audiendi,

281 2871 486 2930 audiat
516 2869 674 2940 (Luc.
713 2883 836 2922 VIII.
869 2865 951 2934 8).
991 2885 1018 2912 ››
1051 2861 1183 2918 Illas
1235 2879 1410 2919 aures
1467 2863 1610 2918 dicit
1637 2862 1930 2922 interioris

280 2957 539 3016 hominis
568 2954 885 3028 spiritales,
909 2945 1086 3023 cujus
1116 2956 1176 3008 et
1203 2968 1374 3008 nares
1405 2951 1677 3024 legimus,
1701 2953 1930 3010 dicente

281 3047 420 3105 Job:
454 3069 480 3097 «
514 3045 767 3118 Spiritus
799 3043 1036 3099 divinus
1074 3041 1175 3113 qui
1223 3045 1314 3098 est
1369 3041 1429 3097 in
1482 3041 1722 3098 naribus
1781 3043 1928 3100 meis

284 3137 426 3208 (Job.
465 3152 640 3202 xxvu,
671 3135 750 3202 3).
782 3152 810 3185 ο
845 3132 970 3187 Non
1002 3145 1207 3186 omnes
1263 3129 1533 3186 homines
1591 3129 1698 3187 has
1756 3148 1927 3188 aures

2043 578 2152 616 nos
2185 570 2496 632 provocat:
2533 571 2597 623 ut
2629 584 2814 640 neque
2844 568 3004 626 dives
3029 567 3290 625 fastidiat
3320 567 3576 639 in0pem,
3599 587 3696 626 ne-

2042 667 2158 723 que
2207 653 2382 710 diviti
2433 673 2654 728 pauper
2711 657 3006 714 invideat:
3059 659 3160 713 sed
3215 661 3532 727 utrumque
3586 658 3695 712 sibi

2039 739 2235 810 gratia
2270 759 2389 798 una
2419 749 2756 802 connectat:
2790 747 2927 817 quia
2957 751 3013 802 et
3035 747 3314 802 Dominus
3337 761 3556 817 pauper
3579 747 3696 800 f'ac-

2039 833 2139 884 tus
2170 834 2285 898 est,
2327 849 2461 888 cum
2492 835 2650 889 dives
2681 840 2860 890 esset:
2925 839 2990 891 ut
3040 835 3194 889 idem
3254 839 3310 889 et
3363 849 3687 906 pauperum

2040 916 2540 977 salvatoressetet
2569 923 2836 977 divitum.

2109 1005 2493 1081 6.(Vers.4.)
2527 1011 2592 1066 Et
2649 1010 2973 1067 subtexuit:
3033 1011 3108 1066 Os
3167 1026 3363 1066 meum
3421 1011 3694 1081 loquetur

2041 1095 2414 1167 sapientiam,
2449 1103 2506 1154 et
2536 1100 2837 1155 meditatio
2868 1099 3060 1155 cordis
3117 1100 3229 1154 moi
3289 1099 3684 1170 prudentiam.

2039 1183 2243 1240 Merito
2276 1204 2480 1242 omnes
2511 1193 2813 1252 vocantur,
2855 1188 2994 1258 quia
3046 1188 3322 1242 omnibus
3380 1186 3683 1258 sapientia)

2043 1275 2172 1330 f‘ons
2193 1277 2476 1342 abundat,
2511 1293 2615 1332 nec
2640 1277 2915 1332 thesauro
2939 1275 3271 1347 pecuniario
3293 1280 3688 1346 comparatur,

2042 1381 2168 1435 quae
2202 1365 2510 1435 pretiosior
2540 1365 2834 1421 thesauris
2854 1367 3130 1420 omnibus
3157 1364 3508 1419 declaratur.
3536 1364 3692 1418 Ideo-

2041 1468 2154 1522 que
2186 1470 2291 1508 nec
2324 1453 2485 1507 dives
2541 1453 2842 1516 avertitur,
2899 1470 3004 1508 nec
3055 1469 3276 1523 pauper
3323 1450 3688 1506 excluditur:

2041 1540 2180 1612 quia
2237 1541 2523 1610 sapientia
2582 1559 2694 1596 non
2753 1541 3058 1596 facultates
3117 1542 3503 1604 discriminat,
3590 1539 3690 1594 sed

2041 1627 2390 1684 voluntates.
2431 1629 2525 1684 Ille
2556 1631 2764 1701 aptior,
2798 1631 2899 1700 qui
2951 1630 3108 1700 prior
3163 1630 3392 1692 affectu,
3449 1634 3506 1684 et
3561 1645 3692 1698 pro-

2041 1716 2232 1770 ximus
2262 1717 2593 1788 disciplina.
2628 1718 2790 1780 Quod
2851 1717 2899 1771 si
2959 1717 3256 1771 meditatio
3306 1716 3498 1772 cordis
3555 1733 3692 1787 pru-

2043 1804 2302 1858 dentiam
2338 1805 2615 1875 loquitur,
2652 1810 2872 1876 quanto
2931 1805 3119 1876 magis
3169 1806 3422 1875 perfecta
3477 1805 3693 1858 doctri-

2041 1909 2116 1947 na
2140 1892 2152 1946 Ξ
2179 1892 2397 1948 Deinde
2428 1895 2814 1950 admonemur
2846 1911 2960 1948 non
2989 1892 3442 1948 tumultuarium
3466 1893 3692 1962 profer—

2040 1998 2100 2036 re
2135 1997 2496 2036 sermonem:
2531 1982 2630 2036 sed
2663 1980 2935 2036 exercitio
2967 1981 3221 2051 quodam
3273 1977 3694 2044 meditationis,

2040 2073 2098 2124 et
2149 2073 2366 2125 statera
2423 2068 2634 2125 mentis
2693 2070 2940 2123 internae
2995 2069 3329 2122 examinare
3399 2066 3688 2122 dicenda:

2041 2156 2180 2229 quia
2209 2157 2492 2230 scripturn
2524 2164 2614 2214 est
2669 2157 2850 2213 alibi:
2915 2159 3141 2220 Statera
3181 2155 3358 2211 fallax
3416 2172 3530 2210 non
3589 2155 3694 2210 bo-

2047 2261 2189 2300 num
2223 2247 2336 2316 (16)
2370 2247 2554 2315 (Prov.
2589 2263 2680 2310 xx,
2715 2247 2824 2314 23).
2866 2267 2893 2293 »

2112 2335 2165 2388 7.
2227 2334 2410 2403 (Vers.
2468 2335 2548 2403 5.)
2614 2333 2910 2389 Inclinabo
2969 2333 3040 2388 ad
3093 2329 3429 2402 parabolam
3489 2347 3694 2386 aurem

2043 2437 2273 2476 meam:
2307 2421 2561 2493 aperiam
2587 2422 2645 2476 in
2679 2421 2953 2492 psalterio
2986 2419 3444 2492 prOpositionem
3476 2435 3692 2474 meam.

2043 2509 2289 2581 Sapiens
2337 2510 2569 2565 auditor
2624 2509 2899 2575 intendit,
2960 2515 3136 2580 atque
3193 2507 3435 2563 inclinat
3490 2523 3695 2562 aurem

2042 2614 2233 2663 suam,
2259 2601 2323 2652 ut
2352 2597 2640 2670 intelligat
2671 2597 3083 2669 parabolarum
3107 2597 3346 2668 figuras.
3365 2596 3563 2666 Ipsum
3587 2613 3693 2651 au-

2041 2702 2165 2742 rem
2199 2703 2370 2742 suam
2391 2686 2532 2743 dicit
2551 2687 2941 2758 Salvator,qui
2963 2702 3167 2742 aurem
3189 2685 3366 2741 habet
3390 2683 3692 2739 audiendi.

2039 2776 2243 2848 Aperit
2299 2775 2476 2830 etiam
2534 2774 2818 2831 Dominus
2875 2774 3138 2830 clausam
3224 2771 3690 2845 propositionem

2041 2880 2243 2932 suam;
2275 2880 2409 2919 cum
2440 2869 2643 2936 aptum
2675 2879 2961 2935 organum
2993 2862 3128 2930 sibi,
3163 2866 3221 2919 et
3248 2878 3350 2918 vas
3391 2859 3696 2918 electionis

2041 2952 2346 3018 invenerit,
2381 2953 2537 3024 quod
2586 2952 2930 3025 psalterium
2987 2958 3184 3008 vocat:
3246 2951 3418 3021 cujus
3477 2948 3696 3006 similis

2040 3041 2255 3097 Paulus
2293 3040 2482 3097 dulcis
2512 3041 2710 3112 gratias
2768 3039 3122 3097 cantilenam
3173 3039 3363 3096 nervis
3414 3039 3695 3096 omnibus

2041 3129 2153 3186 sibi
2185 3129 2627 3186 concinentibus
2658 3129 2984 3196 resultavit,
3016 3130 3205 3185 sancti
3247 3128 3504 3201 Spiritus
3533 3127 3690 3200 plec-

282 3196 342 3281 et
369 3224 476 3280 has
506 3196 679 3279 nares
709 3196 946 3276 habent.
977 3216 1110 3272 Alia
1137 3221 1226 3271 est
1255 3217 1413 3272 enim
1445 3218 1633 3273 forma
1670 3220 1930 3290 corporis
1961 3196 2003 3263 (ἶ
2038 3223 2132 3278 tro
2153 3220 2487 3276 interiorem
2519 3219 2821 3287 chordam,
2855 3196 3317 3291 exterioremque
3375 3196 3690 3290 pulsando,

284 3312 402 3368 alia
458 3309 656 3383 gratias
715 3305 1025 3380 spiritalis.
1080 3302 1188 3367 Qui
1237 3303 1520 3373 spiritalis
1575 3308 1683 3368 est,
1771 3307 1938 3363 audit

289 3397 822 3469 omnia,dijudicat
878 3393 1114 3449 omnia:
1165 3390 1438 3446 animalis
1491 3394 1684 3445 autem
1762 3390 1935 3449 homo

287 3505 406 3546 non
437 3486 686 3560 percipit
715 3501 842 3554 quae
873 3485 1013 3538 sunt
1040 3479 1294 3552 Spiritus
1315 3479 1438 3535 Dei.
1473 3478 1574 3534 llic
1603 3478 1762 3535 enim
1819 3484 1934 3535 ter-

281 3579 490 3648 rigena
519 3578 628 3638 est,
655 3572 755 3627 ille
785 3570 1062 3626 cmlestis.

350 3665 406 3718 5.
426 3661 614 3732 (Vers.
645 3660 723 3730 3.)
759 3659 1009 3729 Ideoque
1038 3654 1296 3713 addidit:
1337 3655 1562 3726 Quique
1605 3655 1930 3728 terrigenas,

277 3754 337 3808 et
367 3750 472 3806 filii
503 3747 846 3804 hominum:
875 3745 1053 3801 simul
1084 3745 1144 3800 in
1177 3760 1360 3799 unum
1390 3744 1550 3800 dives
1581 3747 1638 3799 et
1686 3761 1930 3816 pauper,

273 3843 340 3895 ut
370 3837 676 3894 universos
705 3839 937 3891 vocaret
969 3835 1103 3906 (13).
1133 3833 1272 3899 Quis
1302 3837 1392 3889 est
1438 3832 1751 3904 terrigena,
1811 3832 1926 3888 nisi

276 3927 436 3984 filius
468 3923 765 3981 hominis?
793 3923 935 3988 Quis
965 3928 1054 3979 est
1078 3921 1380 3993 spiritalis,
1415 3921 1528 3976 nisi
1573 3921 1672 3976 Dei
1698 3920 1928 3976 Filius?

272 4014 378 4071 Ille
408 4031 476 4070 ex
506 4011 794 4085 sanguine
853 4015 1182 4075 concretus,
1213 4015 1271 4065 et
1311 4026 1380 4066 ex
1435 4009 1628 4066 carnis
1677 4009 1811 4081 (14),
1871 4016 1929 4066 et

271 4104 382 4160 viri
408 4101 706 4174 voluptate
734 4105 1087 4174 generatus:
1122 4099 1234 4155 isto
1263 4115 1332 4155 ex
1361 4099 1478 4156 Deo
1510 4104 1707 4155 natus.
1757 4097 1926 4156 Alius

271 4192 435 4249 dives
467 4191 526 4246 in
585 4189 746 4246 omni
799 4190 996 4254 verbo,
1046 4192 1103 4245 et
1132 4187 1411 4244 scientia:
1472 4187 1624 4244 alius
1680 4203 1921 4260 pauper,

271 4280 464 4354 gratia
491 4283 690 4336 tamen
717 4278 879 4335 dives
905 4295 917 4334 :
943 4277 1085 4348 quia
1112 4279 1133 4344 (
1171 4277 1226 4345 5)
1256 4280 1316 4332 et
1370 4293 1592 4348 pauper
1627 4275 1922 4342 clamavit,

272 4374 332 4426 et
375 4367 656 4426 Dominus
707 4366 1002 4423 exaudivit
1044 4381 1201 4420 eum.
1257 4365 1297 4418 E
1342 4364 1633 4420 contrario
1693 4369 1783 4420 est
1865 4371 1924 4422 et

273 4457 436 4515 dives
465 4458 524 4513 in
549 4455 846 4529 superbia,
879 4458 936 4510 et
964 4469 1187 4526 pauper
1212 4452 1271 4506 in
1301 4451 1656 4508 humilitate.
1705 4452 1924 4509 Omnes

2045 3312 2110 3364 ut
2129 3313 2186 3364 et
2204 3309 2407 3378 lingua
2435 3313 2627 3365 oraret
2668 3313 2725 3364 et
2778 3312 2990 3363 mente.
3053 3309 3305 3380 Ideoque
3351 3307 3464 3363 ait:
3500 3307 3694 3363 Orabo

2043 3396 2277 3466 spiritu,
2309 3396 2487 3450 orabo
2517 3403 2575 3452 et
2604 3401 2830 3454 mente:
2864 3395 3114 3468 psallam
3157 3397 3389 3468 spiritu,
3444 3394 3693 3468 psallam

2043 3487 2102 3537 et
2131 3487 2325 3538 mente
2353 3485 2400 3548 (l
2431 3484 2550 3538 Cor.
2584 3503 2700 3551 xw,
2763 3487 2871 3552 15).
2937 3486 3283 3556 Hujusmodi
3314 3501 3450 3558 ergo
3497 3485 3690 3542 virum

2041 3569 2308 3626 Christus
2341 3569 2526 3626 multo
2555 3579 2687 3628 ante
2715 3573 3024 3643 promittit,
3059 3593 3160 3646 per
3207 3591 3383 3645 quem
3443 3575 3694 3631 manife-

2041 3661 2224 3713 staret
2261 3658 2624 3729 abscondita,
2676 3663 2733 3714 et
2786 3659 3046 3715 involuta
3105 3661 3428 3734 prophetici
3476 3664 3693 3720 obscu-

2041 3745 2212 3801 ritate
2243 3745 2534 3802 sermonis
2561 3747 2834 3820 aperiret.
2869 3748 3094 3804 Bonum
3128 3748 3492 3820 psalterium,
3553 3768 3690 3809 cum

2038 3835 2173 3890 fidei
2203 3834 2322 3891 vita
2351 3837 2661 3903 consentit,
2695 3840 2753 3892 et
2809 3851 2942 3891 caro
2990 3838 3221 3907 animm,
3279 3837 3477 3891 virtuti
3537 3841 3690 3910 aspi-

2038 3927 2124 3978 rat
2154 3922 2450 3978 voluntas.
2497 3925 2613 3980 Hoc
2643 3930 2733 3980 est
2802 3923 2972 3980 dulce
3020 3925 3386 3996 psalterium,
3443 3925 3543 3979 ubi
3592 3943 3686 3981 ca-

2036 4027 2177 4067 nora
2202 4017 2292 4066 est
2339 4010 2653 4084 disciplina
2707 4013 2978 4069 vivendi:
3042 4021 3108 4069 ut
3163 4012 3481 4084 impleatur
3540 4012 3686 4070 illud

2035 4100 2191 4170 quod
2218 4099 2504 4170 scriptum
2536 4107 2661 4157 est:
2699 4123 2726 4151 «
2757 4100 2927 4158 Clara
2957 4103 3070 4158 erit
3116 4102 3320 4174 lingua
3377 4106 3680 4158 mutorum

2033 4189 2163 4258 (Isa.
2194 4205 2362 4256 xxxv,
2386 4188 2466 4260 6).
2492 4211 2520 4239 »

2103 4280 2157 4332 8.
2189 4278 2370 4349 (Vers.
2401 4279 2482 4346 6.)
2531 4279 2841 4350 Sequitur:
2876 4301 2903 4330 ‹‹
2939 4281 3006 4336 Ut
3035 4280 3175 4352 quid
3228 4280 3444 4336 timebo
3477 4281 3535 4336 in
3591 4281 3686 4337 die

2031 4365 2190 4422 mala
2208 4366 2235 4421 ?
2257 4366 2540 4437 Iniquitas
2561 4365 2815 4422 calcanei
2839 4368 2950 4422 mei
2969 4368 3360 4424 circumdabit
3381 4385 3492 4423 me.
3509 4392 3538 4419 ››
3564 4371 3678 4425 Hoc

2029 4459 2139 4523 est,
2172 4472 2303 4509 cum
2337 4471 2402 4510 os
2433 4470 2630 4510 meum
2664 4454 2939 4526 loquatur
2985 4458 3356 4529 sapientiam,
3387 4465 3445 4512 ct
3499 4458 3682 4514 medi-

271 4551 556 4604 vocantur
584 4546 657 4602 ad
705 4543 1047 4610 Ecclesiam,
1104 4545 1169 4596 ut
1220 4557 1424 4596 omnes
1477 4540 1841 4597 redimantur
1889 4560 1924 4597 a
1954 4562 1999 4625 D
2030 4543 2173 4599 tatio
2203 4542 2397 4599 cordis
2430 4543 2542 4597 mei
2572 4542 2964 4612 prudentiam,
2999 4545 3058 4599 in
3091 4547 3185 4622 die
3209 4546 3417 4616 judicii
3477 4546 3685 4602 timere

270 4635 520 4693 Christo.
577 4634 688 4702 Qui
745 4651 896 4706 (eger
941 4635 1051 4698 est,
1116 4629 1408 4686 medicum
1467 4628 1733 4685 invenit:
1821 4631 1920 4702 qui

272 4742 478 4792 sanus,
511 4723 863 4797 sapientiam
919 4719 1206 4792 acquirit:
1267 4718 1535 4790 captivus
1595 4719 1921 4792 redempto-

271 4831 422 4881 rem,
454 4814 604 4870 liber
632 4815 1158 4870 remuneratorem.
1199 4808 1415 4864 Omnes
1463 4807 1712 4864 aedificat
1767 4809 1920 4865 Scri-

269 4907 445 4976 ptura
474 4903 690 4960 divina.
727 4904 789 4957 ln
820 4918 890 4958 ea
912 4899 1135 4955 invenit
1163 4899 1311 4954 947
1351 4895 1781 4968 unusquisque,
1806 4914 1920 4968 quo

269 4991 629 5050 autvulnera
659 5008 768 5048 sua
812 4993 995 5057 curet,
1027 4991 1129 5043 aut
1189 4986 1397 5042 merita
1445 4985 1772 5041 confirmet.
1829 4986 1919 5041 Si-

269 5079 394 5151 mul
426 5086 622 5138 autem
655 5080 714 5136 in
751 5095 933 5135 unum
966 5074 1161 5132 divitis
1192 5077 1250 5130 et
1278 5073 1552 5146 pauperis
1611 5074 1766 5129 facta
1821 5091 1920 5130 vo-

341 5295 455 5366 (13)
489 5296 651 5350 Rom.
675 5292 851 5358 edit.,
885 5299 933 5345 et
957 5304 1186 5361 pauper.
1227 5291 1344 5342 Hoc
1370 5288 1524 5356 dicit,
1558 5292 1616 5342 ut
1671 5288 1918 5344 ostendat

265 5367 411 5439 quod
437 5369 722 5439 (universos
737 5366 917 5439 cacat.
1096 5437 1103 5439 _
1181 5428 1192 5439 .

341 5436 452 5506 (14)
485 5437 652 5490 Rom.
686 5435 824 5489 edit.
857 5448 990 5488 cum
1021 5437 1145 5506 vet.
1178 5431 1236 5484 in
1269 5445 1455 5501 marg.
1481 5446 1546 5485 ac
1569 5447 1750 5498 mss.,
1773 5431 1912 5486 duo.

263 5503 371 5564 me
401 5503 470 5561 ea:
497 5508 770 5574 sanguine
799 5503 1148 5574 coucretuset
1177 5516 1246 5557 ex
1273 5517 1460 5574 carne1

343 5576 456 5647 (45)
489 5571 618 5631 Sic.w
638 5575 776 5631 edit.
813 5592 876 5629 ac
903 5590 1046 5629 mss.
1078 5571 1221 5647 Eiet.
1254 5577 1310 5628 et
1369 5571 1526 5647 Colb.
1560 5591 1572 5639 ;
1609 5573 1747 5645 Reg.
1809 5591 1911 5629 au-

263 5645 413 5717 tem,
440 5645 601 5705 Alius
629 5662 835 5718 pauper
856 5647 1054 5717 gratia.
1090 5645 1284 5702 Tamen
1313 5645 1467 5717 quia,
1501 5647 1609 5700 etc.
1654 5647 1914 5713 Quatuor

2032 4632 2172 4703 quid
2206 4648 2482 4703 possum;
2509 4631 2620 4688 nisi
2654 4633 2798 4687 forte
2817 4632 3074 4689 calcanei
3094 4636 3207 4690 mei
3232 4635 3513 4706 iniquitas
3536 4635 3678 4690 mihi

2031 4721 2110 4776 sit
2181 4719 2472 4775 abluenda
2531 4719 2638 4789 (Cf.
2695 4721 2944 4793 August.
3004 4721 3094 4777 1.1
3149 4732 3319 4780 contr.
3377 4725 3488 4780 Jul.
3556 4724 3672 4776 Pet.

2030 4825 2164 4880 cap.
2203 4809 2259 4876 3)
2281 4811 2307 4864 2
2339 4830 2367 4856 ο»
2396 4807 2523 4863 Alia
2553 4813 2643 4864 est
2672 4807 2953 4880 iniquitas
2985 4817 3204 4879 nostra,
3251 4811 3366 4867 alia
3404 4809 3669 4874 calnanei

2029 4897 2237 4962 nostri,
2260 4896 2320 4952 in
2343 4913 2458 4968 quo
2487 4897 2672 4953 Adam
2703 4899 2876 4955 dente
2921 4901 3211 4971 serpentis
3268 4903 3358 4954 est
3406 4896 3676 4954 vulnera-

2030 4989 2147 5052 tus,
2179 4990 2236 5040 et
2261 4985 2573 5042 obnoxiam
2605 4986 2998 5042 haereditatem
3026 4985 3417 5041 successionis
3461 4985 3673 5040 huma-

2029 5091 2115 5130 na:
2138 5090 2244 5130 suo
2273 5073 2510 5130 vulnere
2539 5074 2870 5145 dereliquit,
2908 5078 2973 5128 ut
3019 5090 3224 5130 omnes
3280 5072 3380 5128 illo
3429 5071 3667 5130 vulnere

2028 5288 2150 5352 alii,
2185 5289 2339 5343 Alius
2368 5302 2578 5358 pauper
2615 5287 2817 5355 gratia.
2842 5285 3012 5340 Habes
3041 5294 3226 5341 tamen
3257 5287 3386 5358 quia
3418 5293 3468 5341 et
3521 5303 3676 5358 pau-

2021 5376 2121 5430 per
2149 5360 2440 5430 clamavit,
2459 5360 2568 5410 etc.

2095 5431 2209 5501 (16)
2230 5429 2382 5501 Edit._
2411 5428 2576 5481 Rom.
2613 5427 2758 5501 sola,
2792 5427 3134 5484 Abominatio
3191 5430 3418 5484 Domino
3475 5427 3678 5500 duplex

2023 5499 2252 5563 statera,
2284 5505 2334 5555 et
2354 5499 2559 5569 jagum
2617 5500 2873 5554 dolosam
2928 5515 3037 5554 non
3087 5501 3288 5555 bonum
3334 5517 3517 5556 coram
3553 5499 3672 5556 me.

2022 5573 2132 5629 Sed
2158 5572 2350 5628 locum
2382 5570 2674 5641 integrum
2705 5569 2944 5625 reddere
2974 5569 3176 5638 voluit,
3210 5572 3382 5642 cujus
3407 5573 3674 5629 ultimam

2023 5648 2252 5701 tantum
2285 5645 2510 5714 partem
2534 5646 2918 5714 proposuerat
2947 5643 3310 5700 Ambrosius.
