4112 6190
425 295 595 387 me

1795 293 1799 299 '
1895 310 1963 399 s.
2009 309 2391 379 AMBROSI}

3694 313 3854 378 1210

426 453 841 515 claudicamus.
872 447 1033 508 Unde
1063 444 1347 508 Dominus
1377 442 1681 524 discipulis
1706 444 1885 522 pedes
1931 442 2073 504 lavit
2102 446 2157 516 Α
2185 450 2293 505 est:
2314 440 2627 504 «Dominus
2639 444 3849 523 regnavit,decoreminduit(P:al.xcn,l).n

423 550 491 604 ut
518 544 737 601 levaret
762 532 984 598 venena
1012 538 1334 613 serpentis:
1363 547 1419 596 et
1446 543 1661 595 Petrus
1705 535 2077 612 reprehendi-

420 637 519 690 tur
545 633 699 706 quod
730 631 1064 701 excusabat,
1086 646 1159 686 ne
1180 629 1292 686 sibi
1320 628 1601 685 Dominus
1631 628 1808 700 pedes
1832 625 2070 681 lavaret.

2257 538 2342 592 12.
2366 536 2556 609 (Vers.
2583 537 2662 609 7).
2696 535 2785 593 Illi
2813 552 2952 610 ergo
2981 541 3124 595 eunt
3152 537 3529 608 calnaneum,
3591 539 3669 595 de
3721 538 3855 611 qui'

2183 626 2294 682 bus
2324 626 2498 684 dicit:
2528 647 2559 677 ‹‹
2590 625 2699 693 Qui
2729 625 3038 683 confidunt
3067 626 3128 683 in
3148 628 3367 684 virtute
3387 642 3516 696 sua,
3541 628 3772 699 quique
3794 627 3850 683 in

421 721 556 776 Ideo
575 719 798 776 dictum
829 723 918 775 est
947 717 1037 773 ei:
1073 738 1103 768 α
1134 716 1257 774 Nisi
1289 716 1478 773 lavero
1534 714 1642 771 tibi
1704 716 1903 787 pedes,
1957 730 2073 768 non
2186 716 2549 772 abundantia
2577 715 2917 772 divitiarum
2947 732 3192 773 suarum
3252 715 3608 790 gloriantur.
3642 747 3715 757 —
3754 716 3849 771 Di~

417 808 663 865 habebis
685 823 911 863 mecum
947 809 1170 877 partem
1203 806 1379 875 (Joan.
1404 821 1531 871 xm,
1555 805 1629 873 8).
1659 803 1832 866 »-Quo
1849 801 2071 869 audito,

419 914 535 954 non
567 897 757 953 solum
790 896 984 967 pedes,
1018 895 1118 950 sed
1151 894 1325 949 etiam
1357 902 1569 948 manus
1589 890 1801 948 obtulit
1826 890 2067 946 abluen-

417 967 731 1043 das.l9:l8
760 984 863 1042 Cui
895 982 1180 1039 Dominus
1210 981 1544 1054 respondit:
1580 1001 1607 1031 (ι
1643 980 1750 1045 Qui
1783 978 1941 1035 lotus
1961 982 2068 1046 est,

415 1092 535 1133 non
565 1075 743 1131 habet
772 1088 1005 1129 necesse
1038 1076 1101 1126 ut
1131 1072 1348 1126 iterum
1389 1069 1561 1137 lavet,
1597 1068 1710 1125 nisi
1775 1071 1840 1123 ut
1891 1066 2069 1139 pedes

418 1165 602 1222 lavet:
637 1164 738 1221 sed
766 1167 856 1219 est
874 1161 1134 1217 mundus
1166 1164 1324 1216 totus
1346 1159 1504 1228 (Ibid.
1537 1159 1648 1229 40).
1683 1180 1710 1208 »

483 1256 540 1309 9.
574 1255 723 1326 Ergo
751 1251 927 1308 David
960 1249 1127 1305 dicit:
1155 1270 1183 1298 «
1220 1248 1562 1321 Iniquitatcs
1604 1263 1745 1302 mea:
1786 1261 2067 1318 supcrpo-

414 1348 655 1401 suerunt
682 1345 859 1414 caput
891 1356 1083 1395 meum
1118 1339 1292 1410 (l’sul.
1317 1355 1534 1404 xxxvn,
1566 1337 1658 1406 5);
1696 1358 1723 1385 »
1757 1335 1856 1406 qui
1881 1351 1941 1390 se
1965 1351 2066 1389 no-

410 1436 571 1488 verat
598 1432 656 1487 in
689 1428 996 1502 iniquitate
1025 1444 1155 1483 esse
1184 1430 1552 1498 conceptum,
1586 1429 1643 1480 et
1670 1423 1731 1478 in
1774 1422 2002 1479 delictis
2034 1440 2069 1477 a

415 1526 599 1578 matre
631 1536 760 1576 esse
779 1520 1142 1590 generatum.
1159 1515 1444 1570 Dominus
1466 1517 1660 1569 autem
1687 1511 1787 1583 qui
1812 1529 1921 1569 sua
1942 1527 2067 1583 pec-

411 1615 543 1669 cata
571 1627 685 1665 non
708 1606 936 1673 habuit,
972 1621 1076 1660 nec
1098 1603 1369 1676 cognovit
1401 1601 1667 1674 proprias
1698 1599 2059 1671 iniquitates,

414 1700 525 1756 ait:
562 1721 590 1751 ‹‹
624 1697 910 1769 Iniquitas
929 1693 1187 1749 calcanei
1202 1691 1313 1748 mei
1332 1690 1722 1746 circumdabit
1745 1706 1871 1757 me;
1901 1710 1928 1739 »ι
1954 1688 2063 1744 hoc

415 1793 524 1854 est,
548 1786 831 1858 iniquitas
857 1784 1008 1851 Adae,
1043 1799 1159 1837 non
1217 1797 1366 1836 mea.
1401 1780 1511 1836 Sed
1571 1795 1639 1834 ea
1698 1793 1813 1833 non
1873 1781 2065 1849 potest

411 1875 557 1931 mihi
588 1889 716 1931 esse
744 1871 946 1927 terrori
976 1888 989 1938 ;
1024 1870 1084 1924 in
1117 1869 1209 1923 die
1238 1866 1621 1938 enimjudicii
1650 1870 1851 1922 nostra
1872 1865 1931 1920 in
1956 1882 2058 1921 no-

414 1964 527 2032 bis,
560 1979 675 2019 non
708 1960 907 2017 alienae
935 1956 1262 2029 iniquitatis
1287 1956 1509 2028 ﬂagitia
1526 1954 1872 2026 puniuntur.
1896 1954 2059 2009 Unde

410 2069 542 2109 reor
569 2051 940 2123 iniquitatem
991 2046 1246 2102 calcanei
1278 2045 1467 2117 magis
1524 2043 1817 2099 lubricum
1871 2042 2058 2098 delin-

410 2140 648 2215 quendi,
683 2155 860 2212 quam
893 2143 1116 2192 reatum
1148 2133 1404 2207 aliquem
1436 2133 1623 2189 nostri
1678 2148 1808 2208 esse
1862 2130 2058 2188 delicti

414 2230 547 2302 (17).
580 2228 900 2299 Meritoque
933 2223 1214 2280 Dominus
1251 2222 1351 2295 qui
1411 2238 1514 2294 pro
1568 2221 1737 2277 nobis
1786 2220 2060 2276 universa

408 2316 704 2388 suscepit:
757 2321 1058 2378 Lavemus,
1116 2310 1328 2382 inquit,
1359 2314 1414 2366 et
1442 2310 1641 2382 pedes,
1695 2313 1758 2364 ut
1804 2307 2059 2365 calcanei

409 2404 705 2462 lubricum
734 2401 1032 2474 possimus
1062 2400 1320 2466 auferre;
1355 2414 1468 2470 quo
1496 2398 1615 2454 ﬁda
1643 2396 1817 2453 statio
1868 2397 2061 2469 possit

408 2510 540 2551 esse
567 2492 872 2559 virtutum,
908 2493 964 2544 et
993 2505 1065 2545 nc
1095 2491 1334 2560 paterno
1362 2487 1495 2559 quis
1548 2502 1741 2543 errore
1806 2486 2057 2556 labatur,

409 2583 510 2656 qui
542 2598 650 2639 suo
678 2584 922 2654 paratus
951 2582 1040 2634 est
1070 2582 1224 2633 stare
1253 2576 1586 2649 proposito:
1620 2579 1678 2632 et
1698 2592 1812 2632 non
1834 2578 2060 2632 metuat

410 2671 703 2729 lubricum
734 2666 1113 2735 hmreditatis,
1147 2665 1251 2737 qui
1280 2664 1442 2738 cupit
1497 2664 1807 2737 vestigium
1861 2668 2059 2720 tenere

406 2760 663 2818 virtutis.
700 2757 984 2831 lniquitas
1013 2771 1151 2829 ergo
1172 2754 1425 2811 calcanei
1451 2754 1639 2810 nostrl
1663 2751 2057 2826 praevaricatio

412 2851 503 2905 est
530 2847 690 2918 Adae,
723 2862 827 2919 per
854 2860 1033 2916 quam
1065 2841 1379 2915 prolapsus
1434 2841 1610 2898 estin
1657 2846 2057 2914 contemptum

407 2941 467 2994 et
496 2933 1029 2993 dissimulationem
1062 2931 1383 2988 caelestium
1417 2930 1849 2987 mandatorum.

481 3026 567 3082 10.
602 3025 705 3081 Est
731 3023 906 3080 etiam
928 3020 1212 3094 iniquitas
1242 3019 1518 3087 calcanei,
1541 3020 1706 3077 Judae
1733 3019 2058 3076 haesitanda

407 3114 517 3187 (18)
554 3113 825 3188 proditio.
873 3110 1141 3168 Calcanei
1201 3110 1352 3179 ideo,
1402 3110 1544 3181 quia
1590 3109 1880 3182 scriptum
1927 3112 2054 3165 est:

410 3185 437 3255 ξι
472 3185 579 3271 Qui
610 3204 928 3260 manducat
970 3216 1166 3256 meum
1221 3215 1454 3271 panem.
1508 3198 1722 3254 levabit
1758 3214 1935 3271 super
1962 3185 2130 3253 meC

411 3292 752 3349 calcaneum
781 3304 957 3347 suum
987 3289 1142 3344 Psal.
1174 3305 1265 3356 XL,
1306 3288 1413 3357 10).
1440 3308 1468 3336 ››
1499 3290 1646 3342 Bene
1666 3290 1723 3341 et
1750 3285 1831 3342 ibi
1853 3288 2050 3356 suum,

406 3386 464 3439 et
493 3381 587 3437 hic
618 3380 812 3438 meum
844 3377 1024 3433 dixit:
1061 3392 1262 3443 suum,
1294 3374 1434 3446 quia
1463 3373 1750 3442 Christus,
1781 3374 1910 3431 sine
1938 3374 2051 3430 ini-

408 3470 652 3541 quitate,
683 3468 808 3524 haec
862 3469 1059 3521 autem
1117 3461 1301 3519 solius
1366 3461 1647 3535 iniquitas
1696 3464 2049 3535 proditoris:

408 3572 608 3614 meum
638 3558 831 3612 autem
863 3552 1223 3621 calcaneum,
1257 3551 1424 3624 quasi
1463 3550 1739 3609 ultimum
1797 3552 1889 3609 sui
1935 3570 2054 3610 cor-

408 3645 567 3718 poris
596 3645 810 3703 Judam
842 3642 1108 3699 Christus
1139 3640 1412 3714 appellat,
1472 3643 1644 3713 cujus
1685 3658 1792 3699 nos
1847 3659 2054 3699 sumus

407 3749 619 3808 corpus
648 3737 706 3790 et
734 3731 1017 3788 membra.
1048 3730 1308 3803 Apostoli
1333 3731 1736 3803 praestantiora
1767 3737 1825 3788 et
1853 3736 2054 3789 actuo-

406 3840 474 3881 sa
497 3823 762 3880 membra
791 3824 933 3877 sunt
952 3820 1197 3877 Christi:
1249 3821 1435 3876 Judas
1484 3819 1846 3889 calcaneum,
1904 3836 2048 3895 qua-

406 3913 456 3970 si
485 3918 742 3970 extrema
773 3909 908 3983 pars
938 3909 1198 3982 corporis
1230 3908 1485 3981 serpenti
1531 3909 1800 3978 obnoxia,
1833 3914 1892 3966 et
1949 3926 2055 3983 pa-

405 4006 535 4059 tens
565 3999 815 4057 vulneri.
850 3998 1111 4054 Primum
1144 4013 1281 4069 ergo
1311 3996 1649 4053 calcaneum
1701 3998 1908 4067 Adam,
1968 4014 2057 4055 se-

404 4093 663 4148 cundum
695 4089 1035 4146 calcaneum
1068 4087 1275 4142 Judas.
1312 4085 1414 4142 Ille
1435 4085 1641 4159 lapsus
1669 4087 1851 4145 totius
1870 4088 2054 4145 haere-

404 4180 626 4252 ditatis,
660 4179 756 4236 hic
789 4177 974 4234 solius
1005 4176 1337 4250 proditoris,
1367 4176 1466 4248 qui
1507 4175 1903 4233 haeredi‘tatem
1943 4177 2053 4256 im-

403 4269 619 4343 plicare
649 4285 764 4325 nou
792 4267 1008 4341 potuit;
1040 4266 1319 4338 quiajam
1352 4281 1469 4321 non
1511 4265 1777 4323 carnales
1822 4284 2051 4337 sumus,

405 4359 506 4415 sed
529 4357 934 4430 Redemptoris
957 4354 1285 4424 hanreditas,
1310 4354 1609 4428 Scriptura
1629 4355 1884 4413 dicente:
1905 4380 1933 4407 ‹‹
1955 4357 2058 4414 Est

405 4446 715 4502 haereditas
745 4446 858 4517 (l9)
881 4444 1255 4502 credentibus
1282 4444 1340 4499 iu
1363 4444 1611 4500 Domino
1635 4446 1887 4518 (Isamw,
1912 4447 1997 4501 17.
2024 4468 2053 4496 ››

478 4535 566 4590 11.
599 4535 784 4627 Dst‘et
804 4535 909 4590 illa
937 4533 1220 4627 iniquitas
1251 4532 1507 4627 calcanei
1531 4533 1645 4627 sui,
1667 4552 1791 4627 quae
1809 4534 2058 4627 circum-
2084 4560 2130 4627 D

406 4623 568 4682 dedit
595 4621 926 4679 Christum:
968 4648 994 4673 ,ι
1032 4621 1497 4690 Circumdantcs,
1539 4622 1750 4696 inquit,
1811 4624 2057 4682 circum-

407 4713 704 4771 dederunt.
726 4728 842 4780 me,
873 4715 928 4766 et
958 4710 1018 4766 in
1048 4710 1285 4765 nomine
1316 4711 1546 4767 Domini
1598 4712 1760 4770 ultus
1812 4730 1946 4770 sum
1993 4714 2053 4770 in

405 4820 506 4860 eos
535 4802 712 4874 (Psal.
729 4817 901 4868 cxvu,
927 4798 1071 4872 41).»
1106 4796 1454 4855 Calcaneum
1479 4801 1607 4872 ejus
1633 4803 1941 4877 Synagoga
1968 4808 2057 4861 est

407 4894 581 4950 decor
611 4895 669 4948 et
695 4890 880 4965 gloria
906 4888 1102 4945 vultus
1134 4888 1262 4959 ejus
1281 4886 1568 4958 Ecclesia;
1601 4889 1754 4948 sicut
1774 4893 2055 4966 scriptum

480 5068 594 5142 [17)
623 5067 830 5142 Agitur
856 5068 952 5142 hic
971 5068 1043 5124 de
1067 5064 1344 5142 ﬁdelibus
1364 5065 1603 5142 adultis,
1637 5068 1740 5142 qui
1769 5069 2056 5138 judicium

410 5137 527 5213 ιιοή
559 5137 630 5196 de
658 5137 926 5213 originali
963 5144 1216 5213 peccato,
1249 5137 1348 5213 sed
1381 5138 1453 5213 de
1475 5137 1803 5213 actualibus
1836 5142 2060 5198 subitu-

410 5212 460 5268 ri
492 5215 650 5268 sunt.
676 5210 838 5278 Qu'od
860 5210 992 5267 vero
1014 5210 1289 5266 subditur
1307 5210 1651 5280 iniquitatem
1673 5212 1917 5269 calcanei
1946 5230 2061 5269 ma-

412 5286 495 5353 gis
528 5282 799 5356 lubricum
827 5282 1208 5356 delinquendi,
1240 5298 1403 5356 quam
1423 5284 1638 5356 reatum
1673 5282 1913 5356 aliquem
1957 5301 2060 5342 no-

413 5355 524 5428 stri
540 5371 652 5428 esse
672 5354 878 5428 delicti,
902 5352 1012 5409 hoc
1034 5352 1727 5428 nimirum‘signiﬁcatur,
1752 5352 1918 5428 quod,
1928 5361 2062 5428 post

414 5440 483 5479 ea
511 5424 569 5478 in
600 5424 858 5480 'l‘rident.
892 5424 1111 5497 synodo
1138 5439 1281 5478 sess.
1313 5425 1367 5490 5,
1403 5424 1702 5497 ῥεια-υἷι,
1762 5424 2056 5484 sancitum

414 5501 522 5572 estz
547 5494 1076 5572 concupiscentiam
1109 5496 1181 5550 ab
1209 5494 1483 5572 Apostolo
1541 5501 1842 5572 peccatum
1899 5498 2057 5572 apel-

415 5564 545 5641 lari,
581 5564 891 5641 nonfquocl
918 5584 1039 5623 vere
1068 5572 1118 5641 et
1146 5564 1368 5641 proprie
1415 5568 1472 5641 in
1530 5564 1737 5624 renatis
1778 5564 2060 5641 peccatum

415 5639 526 5705 sit;
546 5636 640 5693 sed
667 5638 800 5708 quia.
826 5652 894 5690 ex
918 5640 1133 5707 peccato
1147 5636 1258 5707 est,
1291 5640 1342 5693 et
1378 5638 1450 5694 ad
1468 5647 1749 5709 peccatum
1778 5636 2053 5701 ’τἠσιίηαι.

2179 803 2324 860 vites
2351 808 2638 875 eguerunt
2666 808 2725 860 et
2750 804 3089 860 esurierunt
3107 805 3279 876 (Paul.
3305 822 3505 875 mm,
3523 805 3847 875 ﬂ).nQuod

2180 893 2252 949 de
2278 892 2496 949 Judaais
2526 892 2747 948 dictum
2777 895 2887 949 est.
2920 892 3031 949 Sed
3062 898 3120 949 et
3155 910 3360 950 omnes
3391 894 3495 967 qui
3539 894 3849 951 luxurioso

2178 980 2397 1049 vivunt,
2418 985 2476 1037 et
2496 997 2613 1037 non
2634 984 2839 1037 tenent
2860 986 3058 1054 caput,
3080 982 3425 1039 calcaneum
3435 983 3659 1040 Christi
3682 987 3841 1040 sunt.

2179 1070 2288 1126 Sed
2320 1070 2442 1126 hmo
2473 1069 2789 1142 generalia,
2821 1087 2949 1142 qua:
2972 1069 3088 1128 late
3111 1076 3329 1145 patent.
3363 1072 3658 1129 Caeterum
3710 1088 3843 1144 spe-

2178 1157 2403 1214 cialiter
2431 1159 2502 1213 de
2528 1157 2684 1214 Juda
2712 1157 2946 1215 locutus
2977 1163 3066 1215 est
3096 1159 3414 1231 proditore,
3448 1160 3554 1233 qui
3588 1160 3697 1216 sibi
3740 1177 3836 1216 va-

2178 1245 2335 1302 lidus
2364 1252 2422 1302 et
2452 1246 2616 1303 dives
2646 1246 3015 1320 apostolatus
3043 1247 3232 1320 gloria
3257 1249 3595 1306 videbatur.

2247 1337 2335 1390 13.
2369 1335 2555 1407 (Vers.
2588 1339 2642 1404 8,
2685 1336 2766 1408 9.)
2824 1335 3084 1408 Denique
3138 1337 3211 1393 de
3265 1337 3545 1408 passione
3604 1338 3835 1394 Domini

2175 1440 2367 1479 sermo
2397 1424 2726 1480 contexitur
2749 1446 2777 1475 «
2802 1427 3006 1482 Frater
3018 1442 3141 1482 non
3174 1426 3430 1493 redimit,
3454 1428 3717 1483 redimet
3732 1428 3833 1483 ho-

2175 1530 2270 1568 mo
2295 1532 2308 1579 ;
2344 1530 2448 1569 nec
2464 1513 2627 1569 dabit
2649 1513 2765 1570 Deo
2789 1513 3266 1587 propitiationem
3290 1532 3483 1588 suam,
3506 1520 3564 1573 et
3572 1516 3834 1589 pretium

2174 1602 2594 1675 redemptionis
2609 1601 2820 1659 animae
2842 1619 2964 1659 suae
2994 1622 3008 1673 ;
3040 1622 3068 1655 ιι
3094 1604 3207 1660 hoc
3221 1607 3330 1671 est,
3352 1608 3416 1661 ut
3442 1605 3584 1677 quid
3607 1606 3836 1662 timebo

2178 1689 2239 1745 in
2269 1690 2363 1747 die
2393 1690 2551 1747 mala
2568 1691 2596 1746 ‘l
2615 1691 2765 1756 Quid
2789 1691 2943 1747 enim
2966 1696 3159 1765 potest
3182 1692 3328 1749 mihi
3348 1694 3684 1767 nocere,qui
3704 1710 3834 1751 non

2172 1778 2364 1836 solum
2394 1796 2512 1836 non
2542 1780 2776 1852 indigeo
2797 1782 2955 1838 040
2985 1782 3374 1855 redemptore,
3401 1783 3499 1839 sed
3521 1784 3651 1856 ipse
3688 1800 3828 1839 om-

2170 1867 2333 1925 nium
2365 1885 2499 1925 sum
2529 1870 2864 1942 redemptor
2885 1871 2915 1925 ‘l
2942 1870 3100 1928 Alios
3125 1871 3345 1927 liberos
3364 1870 3595 1939 faciam,
3630 1875 3690 1928 et
3722 1888 3833 1945 pro

2169 1974 2262 2014 me
2292 1954 2419 2030 ipso
2449 1958 2577 2030 ipse
2604 1958 2909 2031 trepidabo
2929 1959 2958 2015 ?
2989 1959 3129 2016 Ecce
3154 1960 3366 2016 faciam
3405 1976 3555 2016 nova
3601 1963 3829 2033 omnia,

2168 2062 2296 2118 quae
2326 2063 2507 2119 supra
2527 2048 2723 2119 ipsum
2744 2044 3149 2120 germanitatis
3180 2048 3455 2105 affectum
3487 2050 3613 2105 sint
3651 2054 3828 2123 atque

2167 2135 2654 2207 pietatem.Quem
2669 2137 2849 2193 frater
2859 2138 3063 2194 eodem
3077 2138 3465 2195 matrisutero
3484 2140 3707 2197 effusus
3756 2140 3821 2198 in

2164 2223 2357 2280 lucem
2385 2225 2672 2282 redimere
2690 2241 2805 2282 non
2829 2227 3188 2299 potest,quia
3207 2227 3410 2300 parilis
3423 2232 3653 2284 natura;
3668 2228 3828 2285 inir-

2166 2312 2370 2369 mitate
2397 2312 2699 2381 retinetur,
2731 2313 2978 2371 redimet
3021 2315 3230 2372 homo:
3264 2315 3365 2373 sed
3389 2310 3489 2372 ille
3519 2316 3697 2373 homo
3756 2319 3828 2375 de

2168 2401 2583 2475 quoscriptum
2596 2406 2716 2471 est;
2735 2403 2875 2476 quia
2886 2406 3068 2461 mittet
3087 2404 3821 2475 iWsDominushemm,

2165 2493 2262 2564 qui
2285 2491 2519 2547 salvabit
2542 2506 2630 2547 eos
2660 2492 2788 2563 (Isa.
2823 2508 2941 2563 xIx,
2973 2492 3065 2565 20)
3094 2510 3108 2563 ;
3143 2493 3253 2565 qui
3282 2494 3356 2550 de
3381 2510 3443 2550 se
3475 2492 3609 2567 ipso
3639 2495 3820 2551 dixit:

2165 2602 2195 2631 «
2227 2579 2494 2654 Quaeritis
2514 2595 2607 2637 me
2635 2579 2915 2650 occidere,
2931 2580 3234 2638 hominem
3271 2582 3373 2655 qui
3402 2583 3713 2640 veritatem
3742 2584 3823 2640 lo-

2165 2672 2339 2725 cutus
2367 2684 2500 2725 sum
2529 2667 2694 2725 vobis
2712 2669 2893 2741 (Joan.
2925 2684 3052 2737 vm,
3080 2670 3192 2742 40).
3222 2691 3252 2720 ››
3275 2671 3391 2727 Sed
3423 2673 3699 2744 quamvis
3720 2673 3820 2729 ho-

2166 2772 2262 2814 mo
2279 2757 2378 2825 sit,
2399 2757 2535 2830 quis
2548 2762 2859 2831 cognoscet
2870 2773 3009 2815 eum
3027 2758 3257 2826 ?Quare
3268 2776 3443 2817 nemo
3470 2763 3822 2834 cognoscet?

2164 2845 2310 2912 Quia
2337 2845 2492 2902 sicut
2518 2861 2674 2902 unus
2704 2846 2970 2916 Deus,ita
2996 2852 3057 2903 et
3075 2862 3232 2904 unus
3261 2849 3550 2906 mediator
3593 2850 3703 2906 Dei
3761 2856 3820 2907 et

2164 2934 2473 2991 hominum
2501 2934 2677 2991 homo
2696 2934 2964 2992 Christus
2990 2935 3184 2994 Jesns.
3218 2938 3348 3010 Ipse
3379 2942 3471 2995 est
3498 2937 3661 2996 solus
3706 2941 3814 3012 qui
3850 2930 3853 2931 ⁷

2163 3022 2412 3080 redimet
2436 3024 2759 3093 hominem,
2787 3023 3026 3082 vincens
3056 3025 3274 3098 pietate
3321 3042 3640 3100 germanos
3672 3028 3813 3101 quia

2164 3127 2271 3186 pro
2303 3112 2510 3169 alienis
2540 3112 2889 3185 sanguinem
2911 3128 3088 3170 suum
3112 3115 3281 3183 fudit,
3306 3130 3484 3188 quem
3515 3132 3691 3173 nemo
3721 3108 3821 3190 po-

2164 3205 2285 3257 test
2311 3200 2517 3259 offerre
2545 3217 2650 3273 pro
2681 3201 2876 3258 fratre.
2910 3201 3113 3276 Itaque
3136 3205 3366 3277 corpori
3399 3205 3639 3278 proprie
3702 3223 3817 3262 non

2163 3290 2441 3364 pepercit,
2466 3294 2532 3346 ut
2560 3307 2667 3347 nos
2698 3290 3011 3348 redimeret
3038 3308 3073 3349 a
3101 3297 3336 3366 peccato
3361 3312 3377 3351 :
3403 3298 3462 3350 et
3505 3294 3670 3350 dedit
3725 3312 3816 3352 se-

2163 3379 2479 3452 metipsum
2494 3379 2954 3453 redemptionem
2977 3397 3081 3454 pro
3120 3383 3437 3451 ommibus,
3472 3382 3819 3441 sicutverus

2161 3467 2291 3538 ejus
2320 3465 2487 3523 testis
2515 3466 2772 3524 asseruit
2799 3468 3101 3540 apostolus
3117 3469 3357 3537 Paulus,
3390 3471 3492 3543 qui
3508 3471 3593 3527 ait
3617 3487 3677 3526 τα
3708 3472 3817 3528 Ve-

2173 3554 2411 3611 ritatem
2438 3555 2714 3624 dicomon
2752 3557 3008 3613 mentior
3029 3558 3203 3630 (Rom.
3239 3577 3317 3627 ιχ,
3350 3560 3426 3629 1).
3464 3581 3494 3609 ››
3522 3558 3636 3616 Sed
3669 3577 3817 3633 qua-

2163 3659 2225 3699 re
2254 3642 2415 3700 solus
2445 3643 2539 3700 hic
2571 3644 2819 3701 redimet
2833 3645 2862 3701 ‘l
2882 3646 3031 3712 Quia
3054 3663 3226 3704 nemo
3242 3652 3433 3720 potest
3454 3664 3599 3705 eum
3616 3666 3815 3723 aequa-

2164 3748 2225 3788 re
2253 3732 2465 3804 pietate
2490 3749 2503 3801 ;
2535 3736 2603 3789 ut
2630 3748 2741 3806 pro
2765 3733 3015 3791 servulis
3045 3735 3171 3793 suis
3201 3737 3465 3794 animam
3505 3752 3672 3794 suam
3703 3754 3819 3810 po-

2164 3824 2293 3876 nat:
2318 3837 2488 3877 nemo
2522 3821 2893 3894 integritate;
2925 3838 3133 3881 omnes
3173 3826 3330 3882 enim
3392 3826 3502 3882 sub
3544 3830 3807 3898 peccato,

2163 3924 2368 3965 omnes
2396 3909 2531 3965 Adae
2559 3906 2718 3967 illius
2749 3911 3057 3983 subjaoent
3084 3913 3469 3987 prolapsioni.
3495 3912 3660 3970 Solus
3688 3904 3812 3970 ae-

2163 3999 2434 4070 demptor
2461 3997 2717 4072 eligitur,
2743 4000 2844 4069 qui
2875 4004 3112 4074 peccato
3140 4002 3322 4059 veteri
3351 4002 3637 4062 obnoxias
3678 4017 3820 4060 esse

2167 4102 2280 4142 non
2309 4086 2515 4159 possit.
2561 4090 2709 4160 Ergo
2739 4104 2844 4161 per
2870 4089 3189 4161 hominem,
3234 4093 3549 4149 Dominum
3608 4092 3820 4150 Iesum

2162 4173 2582 4247 intelligamus,
2615 4176 2717 4247 qui
2748 4180 3010 4252 suscepit
3038 4176 3297 4238 hominis
3318 4181 3724 4239 conditionem
3758 4184 3827 4238 ut

2162 4265 2223 4321 in
2244 4279 2418 4320 carne
2449 4280 2558 4320 sua
2587 4269 2892 4337 peceatum
2925 4268 3190 4326 omnium
3214 4271 3667 4343 cruciﬁgeret,et
3694 4269 3825 4326 ehi-

2164 4353 2523 4427 rographum
2548 4353 2959 4425 universorum
2992 4366 3099 4414 suo
3130 4372 3337 4415 cruore
3367 4357 3609 4415 deleret.

2237 4443 2323 4499 14.
2358 4442 2470 4499 Sed
2502 4442 2651 4501 forte
2679 4444 2842 4502 dicas
2861 4445 3181 4511 :Quomodo
3212 4448 3827 4522 redempturusﬁater

2164 4535 2433 4605 negatur,
2465 4546 2600 4588 cum
2630 4531 2756 4606 ipse
2786 4533 3028 4592 dixerit:
3062 4559 3099 4587 «ι
3114 4536 3372 4592 Narrabo
3401 4524 3617 4592 nomen
3647 4541 3824 4593 tuum

2163 4621 2445 4678 fratribus
2477 4621 2625 4678 meis
2676 4624 2847 4695 (Psal.
2876 4638 2994 4695 1m,
3054 4625 3198 4697 23)?
3235 4647 3265 4675 »ι
3323 4624 3435 4683 Sed
3494 4638 3625 4683 non
3673 4642 3827 4698 qua-

2163 4710 2223 4767 si
2245 4710 2425 4767 frater
2454 4709 2645 4778 nobis,
2678 4712 2780 4767 sed
2813 4712 2983 4785 quasi
3015 4713 3193 4771 homo
3213 4714 3388 4771 Jesus
3416 4713 3715 4783 Christus,
3764 4716 3825 4770 in

2164 4815 2280 4872 quo
2310 4796 2461 4855 Deus
2500 4803 2646 4866 erat,
2692 4799 2861 4857 nobis
2918 4805 3154 4877 peccata
3203 4803 3447 4860 dimisit.
3506 4804 3605 4859 Sic
3659 4802 3826 4860 enim

2165 4888 2450 4961 scriptum
2476 4891 2603 4945 est:
2639 4911 2668 4939 «
2688 4889 2845 4948 Deus
2870 4895 2996 4948 erat
3021 4890 3082 4949 in
3112 4892 3346 4950 Christo
3394 4892 3691 4949 mundum
3732 4909 3829 4950 re—

2164 5068 2434 5125 Conferre
2465 5071 2646 5143 podes
2664 5067 2832 5143 hunc
2850 5070 3037 5126 nostri
3069 5069 3267 5128 lucum
3297 5086 3433 5128 cum
3456 5070 3531 5127 iis
3560 5086 3697 5143 qua:
3710 5070 3830 5128 lib.

2167 5158 2228 5207 ιι,
2259 5156 2386 5216 cap.
2420 5139 2617 5216 40,_de
2649 5139 2838 5216 Gratia
2861 5145 2914 5197 et
2942 5146 3168 5216 Reccato
3196 5144 3468 5216 originali
3488 5139 3679 5216 tradit
3706 5145 3829 5199 Au-

2166 5213 2462 5342 gustinus.
2494 5214 2711 5296 varum
2739 5211 3017 5285 loquendi
3048 5213 3158 5270 hac
3180 5215 3253 5271 de
3282 5211 3344 5272 re
3372 5213 3516 5272 alibi
3548 5213 3834 5273 adhaese

2209 5285 2330 5341 abit
2357 5301 2606 5342 occasio.

2209 5285 2330 5341 abit
2357 5285 2606 5342 occasio.

2238 5356 2350 5437 (18)
2378 5355 2719 5437 haesitantis,
2753 5355 3402 5437 quta‘pr‘qferendanon
3435 5360 3546 5437 est,
3580 5356 3705 5437 nisi
3740 5371 3833 5437 re:

2168 5425 2431 5501 luctante
2448 5432 2734 5501 '_ac_prope
2761 5425 2953 5483 invita
2974 5425 3196 5501 lingua,
3231 5433 3296 5484 ut
3340 5425 3537 5485 evenit
3582 5427 3665 5484 iis
3728 5427 3835 5500 qui

2168 5498 2505 5557 haesitantia
2534 5498 2821 5557 laborant.

2172 5571 2352 5700 pagg)
2387 5571 2555 5630 Rom.
2586 5570 2725 5628 edit.
2758 5568 2904 5641 sola,
2960 5571 3056 5630 Est
3105 5571 3399 5629 haereditas
3454 5570 3834 5633 servientibus

2332 5660 2421 5700 no.

2219 5657 2421 5714 ommo,
