4146 6190
261 406 418 467 1217

1339 391 1801 456 ENARRA'I‘IO
1847 388 1924 452 IN
1971 384 2358 448 PS’ALMUM
2400 387 2670 450 XLVIII.

3554 391 3710 458 1918

262 536 589 597 concilians
619 530 732 587 sibi
765 531 844 600 (II
875 531 997 585 Cor.
1030 544 1086 594 ν,
1116 527 1229 598 49).
1268 550 1296 576 ››
1329 528 1392 582 In
1423 526 1526 582 illo
1555 527 1789 582 Christo
1844 524 1943 580 Je-
1979 523 2027 589 Α
2063 519 2382 576 Lahorabit
2413 526 2628 589 tamen,
2663 523 2726 576 ut
2755 525 2942 578 servet
2985 524 3270 593 praecepta
3309 521 3556 586 vivendi,
3589 529 3646 578 et
3676 541 3712 577 a

261 648 355 698 :su,
382 629 453 683 de
481 641 599 697 quo
623 619 747 678 solo
771 619 999 675 dictum
1021 620 1112 672 est
1135 633 1147 670 :
1184 639 1212 666 ‹‹
1247 616 1395 682 Quia
1415 615 1680 672 Verbum
1703 632 1837 671 caro
1864 615 1945 669 fa-

261 723 424 774 ctum
462 717 576 781 est,
605 714 663 767 et
693 706 985 765 habitavit
1006 705 1066 761 in
1094 704 1265 761 nobis
1296 705 1478 776 (Joan.
1516 722 1555 771 ι,
1592 703 1697 759 lli.
1731 725 1754 754 α
1817 703 1944 758 Non

261 824 401 880 ergo
435 802 609 876 quasi
640 801 842 862 frater,
879 795 982 852 sed
1011 794 1182 866 quasi
1213 792 1506 850 Dominus
1538 792 1829 848 habitavit
1881 790 1945 846 in

261 895 457 962 nobis,
493 908 630 949 cum
663 887 959 943 habitaret
987 883 1046 938 in
1079 886 1425 940 carne.Cum
1461 880 1652 953 igitur
1687 880 1944 936 reconci-

262 963 497 1042 -iaverit
525 983 641 1038 Deo
673 975 994 1040 mundum,
1027 972 1232 1045 utique
1273 972 1400 1044 ipse
1461 968 1946 1026 reconciliatione

264 1091 382 1134 non
413 1069 593 1146 eguit.
634 1068 736 1123 Pro
769 1081 888 1138 quo
919 1062 1081 1121 enim
1131 1063 1369 1134 peccato
1428 1075 1548 1146 suo
1604 1058 1947 1132 propitiaret

261 1145 470 1226 Deum,
495 1157 598 1231 qui
612 1155 1031 1226 nullapeecata
1045 1151 1320 1224 cognovit
1335 1149 1363 1204 ?
1384 1145 1660 1220 Denique
1681 1147 1946 1203 didrach-

257 1267 355 1306 ma
386 1245 774 1322 poscentibus
803 1240 1051 1306 Judazis,
1085 1241 1241 1311 quod
1285 1255 1390 1312 pro
1411 1241 1660 1311 peccato
1691 1237 1948 1292 dabatur

258 1357 328 1395 ex
357 1338 529 1410 Lege,
563 1335 710 1390 dixit
730 1333 802 1388 ad
832 1333 1070 1387 Petrum
1098 1347 1112 1384 :
1153 1350 1181 1379 ‹‹
1214 1328 1446 1394 Simon,
1473 1342 1644 1398 reges
1704 1329 1868 1382 terrae
1910 1343 1946 1380 a

257 1428 479 1501 quibus
503 1423 802 1496 accipiunt
829 1420 1119 1474 tributum
1142 1418 1229 1474 vel
1254 1432 1532 1483 censum,
1569 1434 1602 1471 a
1624 1415 1762 1470 [iliis
1794 1415 1944 1482 suis,

261 1521 368 1573 aut
398 1516 470 1572 ab
504 1510 756 1569 alienis?
786 1506 1114 1580 Respondit
1143 1507 1354 1562 Petrus
1381 1523 1396 1561 :
1426 1506 1499 1561 ab
1551 1503 1779 1560 alienis.
1838 1503 1944 1559 Cui

262 1606 415 1662 «.lixit
443 1601 768 1660 Dominus:
803 1599 955 1668 Ergo
977 1595 1147 1652 liberi
1215 1598 1366 1650 sunt
1428 1593 1558 1649 ﬁlii.
1620 1593 1694 1648 Ut
1746 1597 1944 1647 autem

269 1712 384 1752 non
416 1693 704 1749 faciamus
724 1687 840 1743 illis
877 1683 1377 1741 oﬂ‘endiculum...
1418 1683 1587 1738 mitte
1618 1682 1948 1748 hamum,et

269 1800 405 1842 cum
422 1782 645 1857 piscem
659 1776 759 1851 qui
781 1775 1012 1850 primus
1025 1770 1538 1838 ascenderit,tolle
1557 1773 1825 1842 etaperto
1848 1785 1946 1824 ore

2056 609 2364 666 mandatis
2413 610 2744 667 ccelestibus
2795 628 2908 667 non
2963 611 3210 666 recedat.
3264 610 3415 665 Dum
3461 609 3709 677 vivit,in

2054 697 2264 752 labore
2302 699 2398 766 sit,
2431 705 2487 755 et
2528 703 2851 772 perseveret
2881 700 2940 756 in
2989 716 3092 765 eo;
3145 704 3209 754 ut
3238 699 3390 755 vivat
3423 699 3481 754 in
3511 700 3708 767 finem,

2055 803 2128 841 ne
2162 789 2218 840 et
2254 785 2380 859 ipse
2411 793 2595 845 morte
2629 788 2930 858 moriatur,
2964 805 3097 844 cum
3117 787 3342 858 sitjam
3368 787 3710 859 redemptus

2055 892 2090 932 a
2129 879 2342 934 morte.

2130 974 2216 1028 16.
2251 975 2438 1044 (Vers.
2474 975 2582 1047 1'l.)
2614 976 2720 1040 Qui
2753 981 2948 1032 autem
2979 975 3293 1032 servaverit
3325 975 3606 1030 mandata
3634 973 3715 1028 vi-

2055 1075 2149 1136 tes,
2183 1088 2301 1128 non
2343 1074 2560 1128 videdit
2608 1074 2931 1142 interitum,
2979 1091 3112 1130 cum
3165 1071 3372 1150 viderit
3405 1072 3552 1128 mori
3584 1087 3704 1141 eos,

2055 1160 2154 1233 qui
2182 1161 2297 1217 sibi
2321 1161 2746 1234 sapientissimi
2765 1167 2820 1218 et
2835 1161 3281 1234 prudentissimi
3302 1162 3359 1215 in
3379 1160 3486 1216 hoc
3499 1158 3711 1216 saeculo

2053 1249 2422 1306 videbantur.
2457 1253 2616 1317 Quod
2651 1251 2974 1324 specialiter
3025 1252 3096 1307 ad
3146 1250 3378 1306 Scribas
3411 1253 3466 1305 et
3510 1248 3712 1304 Phari-

2056 1357 2202 1394 szeos
2234 1343 2478 1410 spectat,
2512 1339 2613 1411 qui
2641 1343 2750 1395 sibi
2777 1343 3084 1395 cathedras
3107 1341 3162 1394 in
3187 1339 3499 1412 synagogis
3523 1339 3712 1393 vindi-

2058 1432 2212 1494 cant,
2250 1430 2418 1499 quasi
2448 1429 2745 1500 sapientiae
2769 1429 3182 1501 principatum.
3207 1427 3313 1492 Qui
3335 1444 3463 1484 vere
3497 1427 3713 1481 frustra

2057 1515 2351 1582 laborant,
2385 1533 2516 1572 cum
2551 1522 2756 1589 putant
2788 1518 2929 1589 quia
2969 1535 3071 1590 per
3118 1517 3531 1572 didrachmum
3561 1515 3714 1569 libe-

2059 1609 2283 1674 rentur,
2313 1621 2446 1659 eum
2491 1605 2753 1677 spiritale
2809 1607 3061 1678 pretium
3113 1606 3320 1661 animae
3365 1623 3505 1671 suae,
3535 1607 3714 1675 atque

2057 1692 2201 1747 illud
2227 1693 2524 1764 singulare
2550 1694 2834 1748 Dominiei
2857 1695 3115 1766 corporis
3137 1694 3515 1760 sacriﬁcium,
3545 1690 3707 1746 inani

2059 1782 2315 1854 quadam
2349 1782 2516 1855 Legis
2551 1783 3022 1854 interpretatione
3053 1782 3534 1853 contempserint,
3559 1781 3712 1835 refu-

268 1876 402 1947 sjus
419 1868 680 1928 invenies
710 1869 990 1922 staterem
1015 1880 1026 1918 :
1049 1861 1221 1917 illum
1259 1860 1486 1916 tollens
1511 1857 1679 1957 dabis
1709 1874 1812 1959 pro
1853 1873 1946 1913 me
1982 1895 2031 1959 Β
2061 1870 2290 1941 εἰδυίας
2321 1871 2694 1942 baptismatis
2726 1875 3188 1928 sacramentum.
3221 1870 3527 1925 Neminem
3549 1867 3708 1923 enim

270 1970 332 2020 et
358 1978 466 2035 pro
493 1963 551 2016 te
581 1956 784 2030 (Matth.
808 1969 954 2020 xvn,
985 1951 1077 2016 24,
1106 1951 1222 2018 '26).
1252 1972 1282 2000 ››
1313 1947 1594 2004 Ostendit
1617 1947 1771 2018 quod
1830 1963 1947 2001 non

273 2070 378 2128 pro
400 2067 464 2108 se
482 2045 965 2123 propitiationem
991 2039 1195 2094 debeat
1219 2035 1816 2128 peccatorumiquia
1835 2052 1954 2091 ser-

273 2124 384 2199 vus
409 2137 633 2214 peccati
665 2152 777 2191 non
807 2135 960 2198 erat,
991 2128 1093 2184 sed
1124 2128 1198 2182 ab
1232 2127 1429 2181 ommi
1462 2129 1586 2181 erat
1617 2124 1763 2188 liber
1791 2141 1949 2180 erro-

278 2249 341 2288 re
371 2213 556 2286 Filius
585 2226 706 2282 Dei.
741 2222 932 2278 Filius
960 2217 1116 2274 enim
1147 2215 1321 2284 liber,
1346 2231 1560 2271 servus
1591 2218 1679 2269 est
1708 2213 1765 2268 in
1825 2229 1948 2269 rea-

281 2329 367 2376 tu.
397 2318 550 2390 Ergo
580 2315 728 2370 liber
754 2312 867 2368 iste
900 2309 972 2363 ab
1025 2305 1330 2370 omnibus,
1377 2321 1490 2359 nec
1548 2303 1801 2374 pretium
1862 2320 1950 2358 re-

290 2405 650 2479 demptionis
674 2401 881 2458 animae
901 2413 1021 2453 suae
1043 2393 1342 2464 dat,cujus
1365 2391 1676 2464 sanguinis
1697 2392 1949 2464 pretium

293 2500 521 2573 poterat
551 2492 847 2549 abundare
875 2487 950 2543 ad
993 2483 1267 2541 universa
1298 2481 1506 2537 mundi
1559 2479 1738 2536 totius
1796 2482 1948 2536 redi-

290 2570 510 2643 menda
542 2584 794 2654 peccata.
829 2577 1005 2632 Recte
1036 2588 1172 2644 ergo
1204 2570 1350 2626 alios
1395 2570 1626 2635 liberat,
1686 2570 1785 2641 qui
1845 2587 1947 2642 pro

292 2691 358 2732 se
385 2671 536 2728 nihil
567 2670 790 2725 debeat.

368 2763 457 2817 15.
491 2759 679 2832 (Vers.
723 2756 812 2827 10)
845 2753 982 2808 Plus
1017 2749 1249 2820 adjicio.
1284 2749 1410 2804 Non
1469 2747 1660 2803 solum
1727 2765 1830 2819 pro
1887 2767 1950 2805 se

294 2850 569 2908 Christus
590 2845 840 2918 pretium
875 2859 988 2897 non
1023 2839 1196 2895 debet
1238 2855 1358 2892 suae
1401 2835 1818 2907 redemptionis
1850 2842 1953 2892 aut

297 2936 768 3012 propitiationem
802 2950 904 3005 pro
941 2931 1193 3003 peccato,
1225 2927 1326 2982 sed
1358 2926 1534 2982 etiam
1562 2925 1611 2978 si
1663 2926 1734 2981 de
1793 2925 1949 2981 ﬁdeli

297 3040 651 3100 quocunque
704 3021 941 3077 homine
973 3016 1250 3089 accipias,
1283 3017 1468 3088 possit
1520 3014 1766 3086 intelligi
1813 3016 1952 3086 quia

298 3132 415 3171 non
433 3113 684 3169 debeant
705 3108 924 3180 singuli
947 3105 1421 3180 propi—tiationem
1436 3121 1606 3159 suam
1634 3121 1647 3171 ;
1667 3104 1805 3176 quia
1827 3122 1952 3176 pro-

298 3201 529 3278 pitiatio
543 3199 809 3257 omnium
825 3197 1094 3254 Christus
1107 3197 1215 3260 est,
1229 3196 1283 3248 et
1299 3193 1424 3264 ipse
1441 3195 1531 3247 est
1545 3192 1948 3251 universorum

2061 1959 2306 2030 sanguis
2358 1961 2604 2016 redemit
2649 1961 2948 2016 hircorum
2999 1965 3173 2031 atque
3223 1964 3566 2015 taurorum:
3611 1957 3713 2012 sed

2062 2063 2267 2102 omnes
2301 2065 2455 2103 unus
2488 2049 2731 2120 sanguis
2759 2049 2970 2104 liberat
2999 2047 3236 2114 Christi,
3271 2045 3525 2117 cujusin
3557 2045 3712 2100 Levi-

2061 2137 2175 2192 tico
2251 2136 2457 2208 figura,
2541 2153 2653 2192 non
2730 2139 2943 2192 veritas
3015 2142 3124 2192 est.
3201 2136 3327 2191 Non
3397 2134 3552 2190 enim
3612 2147 3715 2204 per

2063 2225 2429 2293 didrachma,
2455 2228 2556 2282 sed
2580 2227 2738 2281 illius
2758 2227 2942 2282 solius
2960 2224 3266 2298 sanguinis
3289 2223 3470 2296 pretio
3498 2222 3709 2278 libera-

2064 2331 2217 2370 HIUI‘.

2135 2407 2222 2458 17.
2257 2404 2454 2460 Simus
2486 2422 2621 2478 ergo
2653 2404 2933 2460 docibiles
2955 2404 3057 2460 Dei
3085 2422 3098 2472 ;
3133 2408 3197 2460 ut
3243 2418 3412 2458 nemo
3444 2403 3714 2457 nos'trum

2064 2493 2258 2549 videat
2291 2493 2592 2549 interitum
2627 2493 2684 2548 in
2719 2493 2816 2548 illo
2848 2495 2961 2561 die,
3010 2494 3244 2565 quando
3277 2491 3713 2546 damnabantur

2066 2587 2247 2637 morte
2264 2588 2542 2654 perpetua
2563 2583 2856 2655 sapientes
2878 2583 3045 2637 istius
3067 2581 3290 2649 mundi,
3311 2580 3396 2636 vel
3420 2579 3717 2651 principes

2059 2669 2418 2740 Judeorum,
2484 2672 2718 2744 quando
2763 2693 2793 2722 «
2842 2671 3020 2727 simul
3071 2670 3358 2742 insipiens
3407 2672 3463 2723 et
3494 2667 3714 2722 stultus

2061 2762 2419 2832 peribunt.»
2467 2762 2590 2816 Non
2640 2761 2793 2816 idem
2841 2765 2928 2816 est
2979 2765 3315 2831 utrumque.
3365 2757 3591 2812 Stultus
3625 2760 3719 2813 est

2063 2851 2162 2921 qui
2194 2850 2341 2904 nihil
2374 2850 2548 2920 sapit,
2580 2854 2637 2905 et
2684 2849 2863 2905 stulta
2906 2848 3218 2918 intelligit;
3269 2845 3574 2918 insipiens,
3609 2846 3712 2917 qui

2064 2939 2214 2993 male
2259 2938 2431 3010 sapit.
2485 2938 2638 2993 Dixit
2687 2938 2990 3010 insipiens,
3049 2937 3188 3008 quia
3237 2953 3349 2990 non
3400 2939 3488 2990 est
3539 2939 3712 2989 Deus.

2062 3029 2362 3093 Quomodo
2414 3027 2676 3098 iniquus,
2728 3045 2842 3082 non
2893 3026 3031 3098 quia
3079 3026 3412 3096 aequitatem
3463 3023 3708 3090 nesciat,

2062 3117 2162 3171 sed
2189 3117 2326 3188 quia
2359 3117 2728 3188 improbitate
2760 3115 2952 3171 cordis
2984 3114 3075 3169 sui
3109 3115 3311 3185 iniqua
3341 3113 3710 3168 committat:

2061 3206 2366 3278 improbus
2399 3221 2631 3276 quoque
2661 3204 2909 3269 dicitur;
2944 3219 3009 3257 eo
3043 3205 3199 3275 quod
3225 3202 3567 3274 probitatem
3595 3217 3716 3256 ma-

306 3264 462 3349 ἱηο
493 3287 837 3360 redemptio.
869 3285 1051 3355 Cujus
1080 3280 1238 3337 enim
1268 3279 1528 3334 hominis
1557 3283 1798 3353 sanguis
1821 3285 1948 3353 jam

2063 3264 2190 3348 litia
2221 3311 2330 3348 sua
2359 3264 2660 3349 destruere
2690 3292 2849 3359 velit,
2874 3264 3150 3362 nonquia
3176 3264 3522 3364 probitatem
3546 3289 3713 3361 igno-

307 3381 552 3436 idoneus
581 3381 671 3433 est
699 3376 771 3431 ad
805 3371 1262 3443 redemptionem
1278 3369 1532 3434 sui,cum
1562 3385 1666 3439 pro
1690 3371 1954 3441 redemp-

315 3471 468 3526 tione
491 3465 758 3522 omnium
777 3479 952 3518 suum
981 3457 1327 3530 sanguinem
1358 3456 1627 3512 Christus
1648 3457 1956 3512 eﬂ‘uderit?

307 3560 410 3614 Est
437 3571 576 3626 ergo
606 3553 958 3624 cujusquam
990 3545 1232 3617 sanguis
1263 3545 1585 3616 quiChristi
1613 3546 1799 3617 possit
1819 3563 1954 3601 san-

302 3644 472 3719 guini
503 3638 829 3711 comparari
854 3637 1014 3692 ?Aut
1044 3635 1176 3707 quis
1207 3638 1327 3689 tam
1359 3638 1563 3705 potens
1611 3634 1806 3704 homo,
1853 3636 1951 3705 qui

302 3748 408 3807 pro
439 3746 502 3786 se
533 3727 1012 3800 prepitiationem
1045 3740 1215 3780 suam
1242 3723 1380 3777 dare
1411 3723 1597 3794 possit
1619 3740 1798 3795 supra
1823 3738 1952 3779 eam

304 3815 804 3895 propitiationem,
837 3831 1014 3886 quam
1048 3813 1106 3867 in
1140 3829 1201 3867 se
1241 3811 1454 3866 obtulit
1500 3811 1789 3879 Christus,
1851 3813 1951 3883 qui

300 3909 468 3967 solus
505 3911 613 3961 Deo
645 3905 934 3959 mundum
965 3900 1361 3959 reconciliavit
1391 3916 1492 3972 per
1511 3917 1689 3956 suum
1721 3901 1953 3970 sangui-

301 4014 439 4054 nem
469 3996 498 4050 ‘?
528 3997 662 4061 Quas
684 3994 874 4064 major
895 3992 1087 4048 hostia
1112 4009 1124 4058 ;
1159 3989 1312 4062 quod
1335 3990 1709 4060 prestantius
1736 3989 1951 4045 sacrifi-

297 4085 500 4150 cium;
529 4083 629 4155 qui
661 4080 869 4137 melior
899 4081 1235 4148 advocatus,
1261 4096 1438 4150 quam
1468 4079 1566 4151 qui
1600 4095 1704 4150 pro
1737 4096 1949 4151 pecca-

302 4175 379 4230 tis
410 4172 676 4228 omnium
710 4172 896 4226 factus
926 4175 1017 4226 est
1045 4167 1471 4240 deprecatio,et
1509 4169 1747 4224 animan
1779 4186 1949 4227 suam

296 4262 462 4317 dedit
491 4276 594 4334 pro
627 4259 799 4315 nobis
812 4257 1275 4329 redemptionem
1296 4255 1324 4309 ?
1347 4256 1468 4311 Non
1502 4257 1786 4327 quaeritur
1813 4276 1949 4332 ergo

298 4348 658 4424 prepitiatio,
683 4352 788 4402 aut
821 4345 1146 4417 redemptio
1171 4343 1540 4414 singulorum
1575 4363 1588 4411 ;
1622 4345 1762 4415 quia
1819 4365 1949 4404 om-

299 4438 468 4494 nium
499 4437 753 4509 pretium
779 4435 1022 4508 sanguis
1050 4436 1138 4489 est
1165 4430 1400 4501 Christi,
1420 4449 1534 4504 quo
1566 4450 1674 4488 nos
1706 4436 1951 4494 redemit

296 4525 584 4584 Dominus
609 4527 806 4589 Jesus,
840 4525 938 4596 qui
972 4521 1134 4579 solus
1161 4521 1389 4576 Patrem
1423 4521 1834 4592 reconciliavit,
1892 4531 1949 4582 et

2066 3383 2171 3432 ret.
2204 3379 2333 3449 Ipse
2359 3395 2495 3449 ergo
2529 3381 2813 3452 insipiens
2843 3383 2899 3435 et
2927 3378 3145 3435 stultus
3177 3380 3412 3452 quando
3445 3383 3710 3450 pereunt,

2065 3465 2270 3520 alienis
2303 3465 2646 3535 relinquunt
2668 3468 2900 3523 divitias
2923 3485 3062 3523 suas
3087 3487 3100 3535 ;
3125 3487 3298 3525 suum
3322 3470 3478 3524 enim
3501 3471 3558 3522 et
3576 3466 3718 3540 legi-

2065 3553 2274 3608 timum
2309 3551 2568 3607 stultitia:
2599 3559 2654 3609 et
2685 3555 3079 3625 improbitatis
3129 3557 3417 3612 haeredem
3464 3556 3716 3628 reperire

2064 3659 2180 3698 non
2231 3643 2500 3712 possunt.
2551 3641 2820 3712 Legitimi
2871 3641 3028 3696 enim
3078 3645 3317 3700 dicunt:
3353 3667 3380 3692 ‹‹
3414 3644 3560 3707 Quia
3608 3644 3713 3700 ﬁlii

2062 3730 2163 3786 Dei
2194 3745 2423 3784 sumus.
2460 3728 2518 3782 Si
2573 3733 2767 3785 autem
2820 3728 2946 3797 filii,
2997 3733 3054 3784 et
3113 3731 3370 3786 haeredes
3405 3747 3417 3784 :
3454 3731 3713 3788 haeredes

2062 3817 2299 3890 quidem
2349 3817 2469 3880 Dei,
2515 3817 2844 3873 cohaeredes
2891 3822 3087 3872 autem
3139 3817 3390 3873 Christi:
3435 3817 3483 3871 si
3515 3823 3712 3876 tamen

2061 3906 2474 3979 compatimur,
2511 3910 2574 3961 ut
2606 3912 2662 3962 et
2711 3905 2887 3962 simul
2935 3905 3333 3978 gloriﬁcemur
3379 3907 3554 3976 (Rom.
3587 3923 3709 3976 vm,

2062 3998 2130 4050 16
2158 4000 2208 4051 et
2244 3998 2349 4064 17).
2387 4018 2413 4042 »
2465 3995 2811 4068 Insipientes
2859 4012 2996 4067 ergo
3027 3995 3261 4051 divitias
3308 4011 3421 4050 non
3471 3994 3710 4062 habent,

2061 4085 2199 4156 quia
2227 4101 2331 4140 nec
2363 4083 2761 4140 haereditatem
2796 4084 3029 4139 habent.
3065 4085 3192 4140 Non
3224 4084 3443 4138 habent
3479 4084 3711 4140 divi-tias

2061 4173 2248 4238 infidi,
2282 4190 2397 4228 non
2444 4173 2592 4228 951
2651 4173 3084 4246 possessionem
3135 4174 3284 4245 (20);
3344 4171 3500 4226 fideli
3551 4175 3709 4229 enim

2060 4266 2220 4318 totus
2250 4262 2509 4317 mundus
2544 4262 2838 4334 possessio
2871 4265 2976 4317 est.
3007 4261 3132 4316 Non
3164 4261 3384 4316 habent
3409 4260 3713 4317 hwredita—

2058 4356 2197 4418 tem,
2245 4351 2383 4423 quia
2433 4349 2558 4405 sola
2603 4354 2692 4405 est
2729 4349 3037 4404 hiereditas
3083 4351 3203 4419 (21)
3243 4349 3616 4405 credentibus
3648 4351 3708 4406 in

2059 4440 2327 4494 Domino.
2362 4440 2510 4494 Suas
2543 4443 2737 4494 autem
2769 4439 3005 4493 divitias
3039 4438 3276 4494 habent.
3306 4439 3552 4510 Ideoque
3583 4456 3712 4495 ava-

2061 4545 2159 4582 rus
2201 4526 2368 4581 dicit:
2422 4551 2448 4574 α
2503 4527 2626 4581 Non
2678 4527 2860 4581 habeo
2911 4543 3026 4598 quo
3083 4544 3429 4599 congregem
3482 4528 3706 4584 l'ructus

294 4614 582 4672 laboravit
606 4612 1055 4685 usqueinﬁnem
1081 4610 1526 4681 ;quianostrum
1550 4608 1948 4684 laboremipse
1978 4626 2023 4689 D
2058 4632 2217 4670 meos
2249 4616 2397 4686 (Luc.
2430 4632 2531 4681 χιι,
2565 4616 2690 4686 17);
2726 4636 2754 4664 ››
2787 4633 2900 4671 non
2933 4616 3090 4670 enim
3121 4633 3290 4671 verus
3323 4617 3568 4684 fructus,
3603 4618 3704 4671 sed

292 4703 582 4775 suscepit,
613 4703 851 4758 dicens:
888 4699 1144 4754 «Venite
1189 4697 1261 4752 ad
1285 4713 1398 4765 me,
1423 4715 1626 4754 omnes
1666 4700 1766 4769 qui
1799 4700 1954 4758 labo-

291 4791 508 4850 ratis...
541 4795 598 4849 et
627 4807 732 4864 ego
765 4789 1020 4845 reﬁciam
1061 4803 1165 4843 vos
1195 4787 1400 4859 (Matth.
1434 4803 1512 4854 x1,
1567 4787 1682 4858 28).
1720 4811 1747 4837 ‹‹
1807 4790 1950 4848 Vide

292 4883 700 4940 laborantem:
736 4902 764 4930 ι(
799 4877 1078 4934 Laboravi
1095 4875 1379 4945 clamans,
1410 4893 1596 4931 rauca:
1619 4877 1780 4932 factae
1812 4885 1952 4936 sunt

300 4978 498 5028 tauces
529 4987 635 5027 mae
668 4969 839 5043 (Psal.
894 4984 1088 5035 mvm,
1147 4966 1289 5036 4).»
1353 4965 1416 5020 Et
1469 4965 1643 5022 alibi:
1704 4990 1731 5015 «
1795 4967 1948 5023 Issa-

291 5061 442 5118 char
473 5061 629 5134 quod
662 5061 881 5116 bonum
908 5060 1016 5124 est,
1051 5053 1381 5126 concupivit
1402 5054 1777 5126 requiescens
1798 5056 1950 5113 inter

299 5145 478 5205 tortes
508 5152 528 5220 (
558 5149 689 5205 Gen.
721 5164 867 5214 xux,
902 5147 1007 5218 14).
1045 5166 1072 5193 ››
1107 5143 1174 5198 Et
1203 5142 1393 5199 infra:
1430 5166 1458 5195 ει
1487 5144 1810 5217 Supposuit
1839 5147 1944 5201 bu-

293 5254 531 5295 ;nerum
563 5253 742 5294 suum
773 5235 846 5291 ad
891 5231 1298 5298 laborandum,
1359 5235 1416 5286 et
1471 5231 1660 5288 factus
1716 5238 1807 5290 est
1861 5233 1948 5289 vir

295 5326 557 5399 agricola
586 5325 750 5397 (Ibid.
789 5325 896 5395 15).
930 5343 958 5371 ››
1011 5321 1155 5391 Ergo
1214 5319 1388 5373 homo
1442 5336 1556 5375 non
1615 5321 1779 5377 dabit
1817 5323 1942 5393 jam

304 5415 781 5487 propitiationem
836 5427 1025 5477 suam,
1081 5425 1186 5464 nec
1248 5408 1733 5480 redemptionem,
1807 5412 1946 5483 quia

295 5503 484 5563 semel
515 5501 754 5558 ablutus
773 5504 862 5556 est
890 5517 924 5556 a
943 5501 1175 5571 peccato
1210 5512 1313 5569 per
1331 5497 1680 5570 sanguinem
1701 5499 1938 5558 Christi.

372 5646 484 5720 (20)
516 5643 658 5724 Mss.
690 5643 829 5712 duo,
860 5657 969 5699 non
998 5640 1198 5699 habent
1227 5639 1450 5700 divitias
1475 5644 1536 5702 in
1562 5643 1688 5719 ﬁde,
1711 5661 1823 5703 non
1877 5647 1938 5706 in

294 5742 325 5801 ι,
337 5733 652 5781 asserum.

2062 4704 2217 4758 avari
2252 4706 2496 4771 fruetus,
2533 4704 2778 4776 pecunia
2808 4708 2914 4759 est.
2940 4705 3008 4759 Et
3030 4705 3314 4760 Dominus
3336 4721 3504 4759 avaro
3528 4703 3700 4757 dicit:

2060 4793 2298 4860 «Vade,
2350 4793 2533 4848 vende
2584 4793 2736 4848 bona
2793 4798 2957 4849 tua...
3019 4799 3076 4848 et
3133 4794 3282 4861 veni,
3339 4806 3580 4861 sequere
3610 4805 3704 4845 me

2059 4882 2264 4950 (Matth.
2297 4899 2412 4949 xxx,
2444 4883 2554 4953 21).
2590 4903 2619 4930 ››
2651 4882 2776 4937 Non
2808 4883 2964 4938 enim
3012 4883 3331 4952 perfectum
3365 4879 3584 4932 bonum
3614 4882 3704 4934 est

2059 4970 2500 5041 patrimonium,
2535 4971 2636 5025 sed
2669 4970 2812 5037 haec,
2863 4974 3002 5024 sunt
3053 4968 3207 5022 avari
3257 4969 3431 5033 bona,
3481 4981 3611 5036 quae
3641 4966 3700 5020 in

2056 5059 2450 5115 emolumento
2484 5058 2680 5130 aliquo
2711 5057 3026 5114 constituta
3056 5061 3214 5110 sunt.
3244 5055 3459 5120 Vende,
3484 5053 3699 5125 inquit,

2056 5166 2184 5219 quae
2233 5152 2405 5220 putas
2463 5152 2566 5202 tua
2615 5164 2762 5215 esse,
2821 5161 2956 5200 eum
3005 5147 3108 5198 tua
3155 5160 3268 5199 non
3301 5143 3440 5212 sint,
3473 5141 3611 5213 quia
3639 5141 3697 5198 id

2055 5235 2200 5292 alios
2250 5236 2510 5291 ﬂuminis
2566 5235 2741 5288 modo
2790 5235 3126 5287 transeunt:
3186 5236 3243 5287 et
3291 5247 3533 5303 sequere
3582 5246 3696 5299 me,

2055 5329 2119 5381 ut
2147 5325 2364 5382 bonum
2397 5321 2726 5379 immortale
2767 5337 3106 5392 cognoscas.
3139 5320 3437 5393 Sapientes
3467 5335 3602 5392 ergo
3636 5321 3694 5375 in

2053 5412 2351 5470 interitum
2433 5411 2822 5481 deducuntur,
2899 5409 3114 5481 quibus
3180 5409 3332 5465 Deus
3390 5409 3696 5465 abscondit

2049 5517 2176 5572 quae
2206 5499 2461 5575 parvulis
2493 5497 2791 5553 revelavit.
2843 5497 3124 5554 Perihunt
3171 5497 3371 5567 simul,
3398 5501 3456 5553 et
3487 5497 3544 5552 in
3579 5514 3693 5554 uno

2118 5646 2228 5725 (21)
2285 5644 2450 5703 Rom.
2483 5640 2646 5715 edit.,
2680 5640 2970 5703 hereditas
3013 5641 3374 5702 servientibus
3435 5641 3689 5707 Domino.
