4112 6190
474 391 631 455 1919

1935 384 2001 448 S.
2046 382 2426 450 AMBROSII—

3732 387 3888 449 1220

471 525 790 591 eodemque
822 519 947 572 loco
977 523 1147 573 erunt
1178 518 1466 589 insipiens
1496 524 1552 573 et
1583 517 1825 583 stultus,
1861 540 1887 566 ‹‹
1909 523 1964 572 et
1987 517 2121 573 alie-
2150 520 2204 584 Α
2237 519 2332 589 qui
2391 516 2675 591 apostolis
2731 516 2954 572 sanctis
3029 507 3088 570 in
3151 516 3520 588 dispersione
3551 516 3893 589 linguarum

468 611 558 666 nis
593 609 926 680 relinquent
956 607 1191 663 divitias
1240 624 1419 674 suas;
1457 629 1483 656 »
1546 606 1684 678 quia
1732 623 1847 662 non
1897 606 2123 662 invenit

470 698 731 770 nequitia
760 696 1088 768 legitimum
1120 712 1511 752 sucessorem.

542 790 629 843 1-8.
661 785 850 858 (Vers.
889 787 997 853 12.)
1027 808 1054 834 ‹‹
1090 786 1162 840 Et
1199 785 1471 857 sepulcra
1515 800 1718 840 eorum
1749 785 1961 838 domus
1992 783 2122 838 illo-

470 893 601 932 rum
633 876 691 931 in
723 873 1026 940 sacculum,
1068 873 1454 930 tabernacula
1499 890 1704 931 eorum
1751 872 1812 928 in
1845 871 2120 944 progenie

469 971 526 1020 et
570 963 980 1037 generatione;
1039 964 1450 1017 invocaverunt
1517 961 1760 1017 nomina
1804 977 2007 1016 eorum
2058 960 2118 1016 in

468 1053 658 1109 terris
686 1052 969 1124 ipsorum.
1006 1075 1032 1099 »
1079 1051 1304 1122 Ubique
1356 1050 1659 1122 Scriptura
1705 1051 1977 1122 sepulcra
2017 1066 2122 1121 pro

466 1142 682 1197 vilibus
713 1140 894 1208 ducit,
928 1141 1144 1212 quibus
1174 1141 1510 1213 degeneres,
1544 1145 1600 1195 et
1646 1139 1773 1194 vita:
1807 1139 1987 1210 hujus
2018 1155 2119 1194 cu-

468 1231 590 1304 pidi
622 1237 1057 1302 comparantur.
1113 1252 1140 1279 ‹‹
1175 1229 1518 1301 Sepulcrum
1548 1232 1755 1301 patens
1798 1233 1888 1284 est
1915 1232 2121 1301 guttur

467 1336 669 1377 eorum
701 1320 853 1390 (Psal
887 1360 900 1374 .
932 1337 988 1384 ν,
1019 1320 1129 1387 ll).
1167 1340 1195 1367 ››
1227 1319 1329 1374 His
1359 1335 1495 1391 ergo
1527 1317 1627 1390 qui
1671 1318 1742 1374 ad
1774 1317 1928 1374 diem
1960 1321 2018 1372 et
2049 1317 2119 1373 de

468 1409 562 1465 die
607 1409 826 1476 vivunt,
880 1406 1148 1480 sepulcra
1205 1424 1308 1479 pro
1353 1407 1629 1464 domibus
1685 1410 1843 1462 sunt.
1898 1411 2119 1462 Domus

468 1498 625 1554 enim
649 1499 946 1568 justorum
980 1515 1094 1552 non
1127 1497 1184 1551 in
1217 1500 1372 1552 terra
1399 1502 1508 1563 est,
1535 1496 1634 1551 sed
1659 1495 1717 1550 in
1749 1495 1893 1552 coelo
1923 1513 1936 1551 :
1966 1496 2121 1550 sicut

465 1585 779 1659 Apostolus
809 1585 1009 1641 docuit
1054 1585 1291 1640 dicens:
1328 1609 1353 1633 ‹‹
1392 1585 1603 1640 Nostra
1648 1590 1845 1640 autem
1878 1599 2116 1638 conver-

467 1675 614 1731 satio
646 1675 703 1729 in
736 1673 895 1730 cmlis
925 1679 1011 1728 est
1043 1673 1306 1744 (Philipp.
1346 1690 1431 1739 ιιι,
1451 1673 1563 1743 20).
1593 1695 1618 1719 ››
1643 1674 1774 1743 Ipsa
1794 1671 2116 1726 estdomus

469 1769 691 1827 nostra,
723 1780 849 1834 qua:
883 1763 1094 1816 domus
1115 1767 1204 1816 est
1224 1761 1462 1816 Christi.
1495 1761 1657 1815 Unde
1679 1761 2112 1832 aitScriptura:

2230 613 2512 679 tanquam
2545 605 2700 679 ignis
2733 603 2946 660 illuxit.

2300 699 2387 751 20.
2423 696 2609 767 (Vers.
2663 697 2752 759 13,
2809 693 2920 763 Η.)
2966 696 3280 766 Sequitur:
3327 718 3353 744 «
3389 695 3574 750 Homo
3639 711 3782 750 cum
3838 695 3896 751 in

2230 785 2447 840 honore
2493 789 2668 851 esset,
2721 800 2836 839 non
2887 783 3207 840 intellexit:
3256 786 3638 855 comparatus
3683 789 3776 840 est
3795 787 3898 856 ju-

2230 874 2444 928 mentis
2473 889 2603 944 qua:
2633 873 2758 928 sine
2791 889 2968 928 sensu
3015 876 3173 937 sunt,
3223 877 3278 928 et
3309 872 3528 928 similis
3575 873 3772 930 factus
3804 878 3897 929 est

2228 961 2366 1019 illis.
2390 962 2518 1017 Haec
2537 962 2631 1018 via
2649 977 2852 1016 eorum
2877 961 2935 1016 in
2961 960 3375 1016 olfendiculum
3397 960 3546 1033 ipsis
3572 979 3584 1016 :
3610 966 3672 1016 et
3694 966 3900 1032 postea

2229 1052 2288 1108 in
2302 1068 2400 1107 ore
2412 1067 2518 1107 suo
2531 1050 2998 1124 complacebunt.
3018 1073 3046 1098 »
3067 1049 3215 1115 Quia
3238 1067 3351 1106 non
3376 1049 3673 1106 intellexit
3690 1049 3768 1105 ho
3779 1067 3897 1117 mo,

2227 1157 2360 1196 cum
2383 1141 2441 1196 in
2465 1141 2681 1196 honore
2701 1140 2982 1211 esset(est
2992 1144 3189 1196 autem
3205 1139 3410 1207 honor,
3434 1139 3578 1211 quia
3592 1140 3664 1194 ad
3686 1139 3896 1212 imagi-

2229 1247 2361 1286 nem
2385 1230 2478 1286 Dei
2497 1230 2684 1286 factus
2701 1232 2810 1296 est,
2834 1229 3024 1286 factus
3033 1227 3376 1286 estrationis
3393 1229 3625 1300 capax),
3640 1244 3893 1300 compa-

2229 1324 2390 1374 ratus
2420 1323 2510 1374 est
2533 1318 2845 1388 jumentis,
2877 1335 3004 1389 qua
3046 1334 3286 1374 sensum
3329 1333 3447 1372 non
3494 1316 3748 1384 habent;
3781 1316 3893 1388 qui

2227 1410 2420 1462 autem
2454 1404 2759 1474 intellexit,
2792 1405 3019 1477 angelis
3059 1409 3460 1478 comparatur.
3508 1405 3580 1462 Et
3626 1405 3762 1461 ideo
3791 1404 3890 1460 hic

2226 1495 2512 1550 bonorum
2552 1510 2796 1567 operum
2851 1493 3116 1549 claritate
3165 1493 3586 1566 magniﬁcatus
3627 1497 3760 1550 est:
3793 1492 3894 1550 ille

2226 1584 2377 1639 sicut
2405 1599 2593 1654 equus
2625 1582 2976 1638 adliinniens
2994 1581 3322 1638 aestimatur
3341 1580 3674 1639 colluvione
3687 1582 3894 1639 vim-

2225 1673 2308 1737 di,
2340 1689 2466 1743 qua:
2497 1671 2601 1725 viae
2632 1669 3046 1725 otiendiculum
3099 1669 3270 1724 affert
3319 1669 3376 1724 in
3427 1670 3806 1742 turpitudine
3835 1676 3898 1726 et

2224 1761 2582 1815 obscenitate
2611 1760 2959 1814 viventibus.
3001 1759 3339 1830 [nsipientia
3357 1759 3500 1813 enim
3526 1759 3632 1812 viri
3659 1763 3895 1816 conta-

468 1875 495 1901 ‹‹
529 1853 598 1905 Et
629 1851 856 1918 Moyses
886 1851 1123 1920 quidem
1158 1849 1346 1903 lidelis
1379 1850 1436 1903 in
1472 1855 1590 1902 tota
1611 1850 1784 1903 domo
1808 1849 1958 1918 ejus,
1983 1854 2112 1902 tan-
2147 1883 2194 1948 Β
2227 1849 2412 1903 minat
2465 1847 2586 1902 vias
2645 1849 2789 1915 ejus.
2847 1847 3196 1918 Hujusmodi
3257 1852 3449 1900 autem
3499 1847 3607 1900 viri
3663 1847 3895 1901 vivunt

465 1955 644 2011 quam
680 1937 936 1992 famulus
968 1938 1025 1991 in
1061 1936 1468 1992 testimonium
1490 1953 1693 1991 eorum
1717 1953 1844 2007 quae
1869 1936 2117 1991 dicenda

465 2029 690 2082 essent:
723 2025 991 2082 Christus
1022 2041 1156 2080 vero
1186 2029 1468 2096 tanquam
1503 2024 1660 2079 filius
1709 2025 1766 2080 in
1802 2025 1976 2080 domo
2008 2042 2117 2080 sua

465 2115 649 2185 (Hebr.
678 2131 763 2180 ιιι,
795 2115 831 2168 5
859 2121 909 2168 ει
945 2114 1023 2183 6).
1069 2135 1102 2187 Δ››
1148 2112 1265 2168 Piis
1298 2129 1434 2186 ergo
1466 2116 1678 2170 domus
1728 2118 1784 2169 et
1832 2113 2112 2182 Ecclesia,

467 2204 578 2276 piis
609 2203 795 2275 patria
816 2202 1027 2257 cmlum
1049 2206 1156 2256 est.
1182 2203 1434 2274 Ideoque
1448 2203 1650 2273 justus
1673 2203 1753 2257 ait
1783 2221 1794 2258 :
1825 2226 1851 2251 «
1877 2203 2114 2258 Advena

465 2309 571 2364 ego
593 2307 723 2346 sum
744 2290 895 2362 apud
921 2296 975 2345 te
999 2290 1054 2345 in
1080 2295 1233 2344 terra
1254 2299 1307 2345 et
1326 2291 1692 2362 peregrinus,
1737 2291 1891 2346 sicut
1911 2307 2116 2346 omnes

467 2385 660 2452 patres
689 2379 801 2434 mei
835 2379 1003 2450 (Psal.
1039 2395 1274 2446 xxxvm,
1311 2380 1415 2449 13).
1454 2401 1480 2426 ››
1528 2379 1868 2433 Luxuriosis
1901 2379 2115 2435 domus

467 2467 802 2540 sepulcrum
834 2471 940 2522 est.
983 2466 1241 2538 Denique
1289 2472 1570 2536 tanquam
1622 2466 1681 2521 in
1733 2467 2000 2539 sepulcro
2030 2469 2113 2522 vi-

468 2561 630 2623 vunt,
663 2556 760 2628 qui
796 2559 1041 2628 possunt
1071 2555 1296 2610 dicere:
1332 2579 1358 2605 «
1395 2556 1814 2611 Manducemus
1862 2560 1918 2613 et
1951 2557 2114 2612 biba-

469 2663 625 2712 mus,
699 2662 829 2700 cras
903 2644 1058 2700 enim
1117 2645 1440 2700 moriemur
1501 2646 1634 2716 (lsa.
1712 2662 1866 2712 xm,
1947 2647 2051 2716 l3).
2085 2667 2113 2695 »

474 2734 960 2792 resurrectionem
995 2737 1128 2788 ante
1163 2733 1363 2788 oculos
1392 2751 1505 2788 non
1529 2733 1830 2790 habentes.
1867 2735 2116 2807 Ideoque

468 2825 736 2880 tumulus
757 2823 882 2879 suis
906 2823 1061 2878 afﬁxi
1085 2827 1255 2892 atque
1278 2822 1613 2878 attumulati
1633 2823 1950 2886 adhaerent.
1975 2825 2116 2896 quia

473 2912 810 2970 resuscitari
844 2928 905 2967 se
937 2928 1108 2984 posse
1139 2929 1253 2966 non
1286 2911 1678 2968 crediderunt.
1705 2911 2114 2969 Habitaculum

470 3019 606 3076 ergo
637 3001 756 3057 illis
786 3001 843 3056 in
876 3016 982 3056 suo
1013 3001 1184 3056 busto
1219 3005 1327 3066 est,
1352 3005 1408 3056 et
1437 3000 1877 3056 tabernaculum
1912 3018 2110 3058 eorum

469 3093 530 3148 in
561 3089 836 3165 progenie
865 3093 920 3145 et
949 3089 1322 3160 generatione
1351 3094 1582 3144 terrena
1602 3094 1711 3156 est,
1750 3090 1849 3160 qui
1891 3107 2116 3146 vermes

471 3182 558 3239 sui
607 3179 866 3253 corporis
915 3180 1023 3248 (‘2?)
1059 3178 1318 3233 haerech
1360 3177 1721 3248 relinquunt,
1774 3178 1832 3232 ui
1866 3177 1958 3231 hic
1990 3183 2116 3233 tan-

2227 1938 2552 1994 secundum
2595 1935 2990 2008 appetentiam
3040 1952 3230 2002 suam,
3277 1952 3405 2006 quae
3455 1932 3888 1990 olfendiculum

2226 2032 2404 2092 creat,
2433 2031 2492 2081 et
2536 2030 2669 2098 post
2717 2023 3135 2080 oll'endiculum
3186 2023 3639 2096 complacebunt
3687 2024 3747 2078 in
3783 2039 3888 2079 ore

2226 2132 2354 2183 suo,
2387 2115 2489 2171 sed
2519 2131 2634 2169 non
2666 2113 2724 2168 in
2758 2113 2948 2169 corde.
2996 2112 3120 2167 Non
3161 2112 3318 2168 enim
3366 2112 3529 2169 boni.
3559 2111 3633 2166 de
3663 2112 3885 2183 quibus

2226 2204 2477 2261 dicitur:
2511 2226 2538 2252 ‹‹
2575 2203 2684 2257 Ore
2714 2219 2822 2257 suo
2854 2201 3295 2267 benedicebant,
3330 2206 3390 2256 et
3418 2201 3592 2257 corde
3616 2217 3720 2256 suo
3753 2217 3884 2256 ma-

2223 2293 2551 2349 ledicebant
2577 2292 2750 2361 (Psal.
2777 2309 2887 2357 ωιι,
2910 2294 2989 2360 5).
3016 2313 3042 2339 ιι
3069 2293 3190 2356 Quo
3214 2306 3565 2363 responsum
3589 2295 3681 2346 est
3699 2291 3884 2346 etiam

2224 2382 2296 2438 iis
2327 2383 2428 2454 qui
2462 2381 2680 2436 habent
2710 2380 2766 2434 in
2799 2379 3103 2434 codicibus
3129 2378 3254 2434 suis
3284 2379 3364 2434 ita
3385 2379 3716 2451 scriptum:
3756 2403 3782 2427 α
3815 2379 3882 2434 Et

2225 2476 2426 2546 postea
2455 2470 2512 2524 in
2547 2485 2644 2525 ore
2663 2486 2769 2525 suo
2791 2469 3157 2524 benedicent.
3192 2492 3216 2515 ››
3245 2469 3500 2523 Verbum
3518 2469 3677 2524 enim
3702 2473 3873 2524 tuum

2224 2577 2424 2633 prope,
2457 2564 2514 2615 et
2542 2559 2602 2613 in
2635 2575 2734 2613 ore
2763 2563 2865 2612 tuo
2895 2557 2991 2622 sit,
3025 2562 3083 2611 et
3114 2557 3168 2610 in
3202 2557 3394 2612 corde.

2293 2651 2383 2705 21.
2435 2647 2650 2703 «Vers.
2707 2647 2815 2716 15.)
2863 2645 3023 2700 Sicut
3079 2661 3213 2700 oves
3270 2645 3330 2700 in
3362 2645 3663 2700 infernum
3694 2646 3882 2700 dedu-

2225 2742 2450 2802 centur,
2475 2753 2631 2791 mors
2653 2737 2925 2808 depascet
2946 2751 3064 2789 eos.
3083 2735 3152 2789 Et
3173 2733 3642 2790 dominabuntur
3669 2751 3880 2789 eorum

2217 2827 2365 2899 justi
2399 2827 2458 2882 in
2491 2826 2846 2880 matutinum
2877 2842 2889 2890 ;
2923 2829 2981 2878 et
3014 2822 3296 2879 auxilium
3323 2839 3524 2879 eorum
3550 2828 3880 2879 veterascet

2223 2917 2283 2971 in
2317 2917 2564 2982 inferno,
2624 2932 2656 2968 a
2712 2912 2895 2983 gloria
2952 2929 3176 2968 eorum.
3214 2935 3241 2962 »
3296 2913 3403 2975 Qui
3460 2911 3789 2968 noluerunt
3820 2917 3882 2967 ut

2225 3010 2486 3078 pasceret
2505 3021 2601 3059 eos
2622 3003 2911 3070 Christus,
2942 3002 3227 3073 depascet
3245 3017 3343 3056 eos
3367 3018 3542 3056 mors.
3565 3000 3712 3065 Quis
3741 3017 3881 3075 ergo

2226 3095 2484 3149 dimittat
2514 3093 2730 3147 bonum
2765 3095 3080 3162 pastorem,
3115 3090 3211 3162 qui
3241 3107 3344 3163 pro
3366 3089 3571 3146 ovibus
3595 3091 3726 3146 suis
3757 3091 3881 3146 ani-

2227 3201 2380 3239 mam
2405 3197 2572 3236 suam
2611 3180 2793 3252 ponit,
2826 3179 2964 3252 quia
2992 3181 3244 3252 pertinet
3271 3179 3340 3234 ad
3383 3196 3518 3235 eum
3549 3180 3755 3252 gregis
3786 3180 3879 3236 sui

470 3277 596 3327 tum
630 3270 706 3324 sit
744 3267 1025 3323 memoria
1073 3283 1296 3329 eorum,
1345 3270 1401 3320 et
1445 3266 1502 3319 in
1548 3270 1829 3320 aeternum
1864 3266 2112 3322 transire
2144 3252 2186 3318 C
2227 3272 2412 3327 cura?
2441 3273 2553 3325 Aut
2592 3268 2726 3341 quis
2755 3268 2930 3340 eligat
2976 3268 3398 3324 mercenariam
3432 3271 3711 3335 mortem,
3745 3285 3877 3340 qua

472 3375 588 3416 non
620 3356 823 3429 possit.

545 3448 631 3501 19.
656 3443 916 3513 Denique
940 3463 966 3490 ‹‹
991 3440 1228 3496 nomina
1250 3457 1449 3495 eorum
1471 3440 1528 3495 in
1564 3441 1736 3496 terris
1760 3441 2054 3514 ipsorum;
2081 3466 2109 3492 »

473 3535 613 3607 quia
637 3547 811 3603 opera
847 3545 1046 3584 eorum
1093 3529 1494 3600 corruptibilia
1547 3534 1720 3602 atque
1768 3536 2014 3586 terrena.
2047 3533 2110 3587 Et

469 3623 600 3677 ideo
631 3619 712 3675 ibi
761 3617 1098 3674 scribuntur
1138 3633 1338 3672 eorum
1373 3619 1632 3679 nomina.
1659 3619 1754 3673 ubi
1780 3619 1967 3674 vivere
1991 3637 2110 3674 ma-

468 3711 721 3766 luerunt.
757 3707 864 3772 Qui
895 3710 1090 3761 autem
1117 3705 1487 3761 elevaverunt
1506 3723 1682 3779 opera
1701 3725 1829 3774 sua,
1864 3708 1934 3761 iis
1966 3710 2105 3762 (lici-

468 3805 599 3854 tur:
634 3822 660 3848 «
690 3795 876 3852 Nolite
907 3795 1180 3866 gaudere,
1215 3795 1352 3866 quia
1398 3795 1684 3850 daemonia
1732 3797 1894 3850 vobis
1921 3798 2112 3867 subje-

468 3893 561 3958 cta
592 3891 766 3944 sunt:
801 3885 901 3939 sed
934 3883 1202 3955 gaudete,
1241 3884 1378 3954 quia
1407 3885 1646 3939 nomina
1676 3889 1866 3939 vestra
1897 3885 2113 3957 scripta

468 3982 608 4032 sunt
637 3977 696 4031 in
734 3972 879 4029 coelo
911 3973 1058 4041 (Luc.
1092 3989 1147 4035 x,
1181 3973 1293 4042 20).
1328 3995 1354 4022 ››
1390 3973 1534 4028 Hinc
1555 3973 2112 4045 ergointelligamus

469 4066 604 4137 quia
627 4081 739 4120 non
765 4061 945 4116 otiose
967 4060 1252 4115 Dominus
1267 4078 1367 4116 eos
1389 4061 1600 4133 arguit,
1626 4063 1722 4133 qui
1747 4063 2112 4118 aedificabant

469 4154 582 4210 sibi
613 4151 903 4225 sepulcra,
947 4147 1034 4204 vel
1084 4150 1344 4206 tumulos
1396 4149 1834 4221 prophetarum,
1867 4156 1925 4206 et
1948 4167 2109 4206 exor-

468 4244 687 4299 nabant
713 4258 780 4298 ea
807 4241 1012 4313 (Matth.
1046 4257 1208 4303 xxm,
1262 4239 1374 4309 29).
1425 4239 1903 4294 Coudemnantur
1954 4243 2111 4296 enim

466 4332 673 4397 Judaei,
744 4332 843 4404 qui
907 4330 1206 4403 prophetis
1269 4345 1417 4400 quos
1483 4329 1836 4396 occiderant,
1887 4333 2114 4384 terrena

470 4419 697 4486 solatia,
750 4437 861 4476 non
924 4426 1136 4476 aeterna
1166 4417 1406 4491 praemia
1455 4417 1809 4473 deferebant.
1867 4419 2112 4490 Ideoque

472 4507 765 4578 prohibet,
791 4514 854 4563 ut
875 4508 1204 4582 discipulus
1227 4524 1370 4561 suus
1397 4506 1640 4577 sepeliut
1664 4510 1883 4573 patrem
1907 4508 2110 4578 (Matth.

2220 3376 2460 3432 operum
2525 3358 2916 3430 pessimorum
2977 3356 3157 3430 digna
3217 3357 3482 3412 mercede
3538 3358 3878 3413 referatur?

2219 3447 2406 3503 Simul
2440 3463 2746 3518 cognosce,
2782 3462 2814 3500 ο
2844 3445 3040 3513 homo,
3088 3446 3228 3517 quia
3273 3445 3545 3502 Christus
3574 3461 3751 3501 verus
3780 3451 3872 3501 est

2222 3543 2437 3608 pastor,
2473 3535 2570 3606 qui
2604 3551 2742 3590 suos
2774 3533 2960 3605 pascit
2991 3534 3064 3589 ad
3097 3533 3295 3588 vitam.
3329 3534 3484 3589 Mors
3515 3534 3872 3590 subintravit

2219 3643 2346 3696 qure
2377 3625 2446 3678 ad
2479 3622 2777 3678 interitum
2810 3622 3048 3678 adducit
3077 3621 3317 3682 alienos.
3369 3628 3424 3678 et
3455 3625 3695 3678 devorat
3742 3639 3866 3689 eos,

2221 3716 2436 3785 quibus
2486 3715 2678 3784 potest
2724 3715 2959 3784 propter
3010 3726 3211 3780 eorum
3257 3711 3479 3782 ﬂagitia
3517 3711 3872 3783 praevalere:

2219 3804 2442 3866 Quibus
2474 3801 2609 3856 licet
2639 3801 2698 3855 in
2731 3800 2839 3856 hac
2863 3800 2982 3854 vita
3013 3800 3273 3855 studium
3308 3800 3573 3872 potentiae
3607 3799 3785 3854 fuerit
3805 3805 3868 3854 et

2219 3891 2578 3958 divitiarum,
2610 3894 2674 3944 ut
2702 3885 2835 3943 aliis
2877 3888 3348 3944 dominarentur:
3383 3890 3481 3944 sed
3513 3889 3564 3941 in
3596 3903 3868 3942 resurre-

2220 3980 2408 4035 ctione
2437 3977 2546 4033 erit
2577 3977 2848 4042 servitus,
2876 3993 3008 4033 cum
3027 3977 3209 4048 justis
3243 3979 3566 4032 matutinus
3584 3975 3877 4048 splendor

2219 4067 2474 4123 illuxerit
2501 4085 2513 4121 :
2550 4082 2802 4137 quorum
2835 4066 3024 4137 ﬁgura
3052 4069 3161 4131 est,
3196 4067 3349 4137 quod
3385 4066 3562 4122 Jacob
3590 4065 3875 4121 dominus

2219 4154 2580 4228 praeponitur
2611 4153 2801 4209 fratri.
2845 4153 3195 4209 Miserabilis
3227 4154 3424 4226 itaque
3453 4154 3703 4209 servitus
3737 4154 3879 4225 (23),

2223 4252 2286 4300 ut
2313 4262 2379 4300 eo
2414 4248 2673 4314 tempore
2703 4259 2819 4314 quo
2851 4241 2948 4298 alii
2981 4247 3264 4299 vocantur
3294 4243 3351 4297 in
3382 4243 3634 4312 gloriam
3671 4242 3883 4314 splen-

2221 4335 2380 4390 doris
2409 4337 2465 4388 et
2494 4331 2758 4398 luminis,
2794 4331 3004 4386 horum
3038 4331 3223 4404 gloria
3242 4336 3563 4387 veterascat
3581 4335 3644 4387 et
3667 4347 3885 4387 consu-

2222 4427 2418 4478 matur
2448 4421 2507 4476 in
2540 4419 2796 4476 tenebris
2828 4419 3171 4476 inferorum.
3207 4420 3533 4492 Meritoque
3571 4421 3647 4476 de
3671 4419 3769 4475 his
3799 4421 3886 4475 di-

2222 4511 2405 4566 citur:
2435 4509 2513 4564 De
2545 4508 2762 4563 honore
2795 4524 2900 4563 suo
2945 4512 3004 4562 et
3049 4507 3234 4580 gloria
3263 4525 3369 4564 sua
3415 4507 3646 4581 expulsi
3695 4513 3881 4574 sunt;

470 4612 594 4662 νιιι,
627 4595 719 4664 22)
753 4613 766 4662 ;
817 4596 954 4666 quia
1001 4602 1212 4651 arterno
1263 4595 1412 4649 Patri
1464 4595 1590 4648 sine
1634 4595 1956 4650 cessatione
1986 4613 2113 4652 esse
2149 4619 2191 4684 υ
2225 4601 2363 4672 quia
2394 4597 2736 4670 temporalis
2765 4597 2885 4652 haec
2917 4595 3122 4669 gloria.

469 4685 642 4740 debet
689 4683 970 4739 intentus.
1017 4685 1084 4738 Et
1132 4685 1187 4736 in
1241 4683 1398 4737 Isaiae
1448 4682 1596 4737 libro
1647 4684 1931 4755 scriptum
1983 4689 2108 4739 est:

471 4798 496 4823 α
534 4773 703 4838 Quid,
738 4773 948 4845 inquit,
983 4772 1080 4845 qui
1104 4773 1398 4826 acditicasti
1423 4776 1480 4826 et
1502 4772 1765 4826 excidisti
1795 4773 1892 4827 tibi
1919 4773 2113 4846 sepul-

469 4879 632 4918 crum
666 4865 792 4934 (Isa.
825 4880 961 4929 χχιι,
1001 4863 1081 4924 16)
1103 4862 1130 4915 ‘.’
1153 4884 1178 4908 ››
1205 4860 1273 4912 Et
1296 4859 1740 4930 reprehenditur
1761 4863 1960 4929 Maria,
1989 4880 2114 4934 quae

470 4951 766 5006 Christum
802 4953 858 5006 in
883 4951 1108 5005 tumulo
1137 4948 1488 5020 requirebat.
1518 4948 1798 5019 Relinque
1827 4951 2114 5021 sepulcra,

472 5058 600 5113 quae
633 5041 1014 5114 reliquerunt,
1048 5041 1146 5112 qui
1182 5039 1381 5093 audita
1415 5054 1550 5091 voce
1582 5037 1812 5091 Domini
1842 5041 1897 5092 in
1932 5041 2117 5111 ipsius

473 5131 745 5201 passione
793 5145 1095 5186 surrexere
1137 5129 1208 5184 de
1257 5125 1522 5182 tumulis.
1571 5125 1699 5181 Noli
1753 5126 1906 5182 inter
1961 5129 2117 5184 952

475 5225 736 5274 mortuos
767 5218 1056 5285 habitare,
1089 5216 1190 5288 qui
1219 5216 1384 5271 vivis.
1416 5213 1568 5270 Audi
1616 5231 1813 5270 vocem
1869 5216 2118 5272 resusci-

475 5308 654 5362 tantis
692 5307 868 5364 Jesu:
921 5331 948 5356 ‹‹
1001 5308 1186 5377 Surge
1245 5305 1343 5376 qui
1404 5303 1646 5371 dormis,
1704 5307 1760 5358 et
1810 5320 2122 5377 exsurgea

477 5394 744 5459 mortuis,
779 5400 843 5450 ut
874 5395 1072 5450 lumen
1103 5393 1206 5448 tibi
1257 5393 1471 5448 Christi
1526 5393 1871 5448 infundatur
1901 5395 2117 5466 (Ephes.

477 5496 532 5548 v,
568 5482 676 5552 14).
712 5506 738 5531 ››
770 5482 1033 5540 Alterum
1065 5482 1261 5539 lumen
1296 5481 1423 5552 ejus
1455 5480 1709 5553 Spiritus
1741 5486 1982 5538 sanctus
2011 5487 2120 5554 est,

517 5621 839 5703 _(22)_Mss.
885 5625 1130 5700 aliquot,
1179 5625 1388 5685 terreni
1442 5633 1573 5685 sunt
1629 5642 1724 5700 qui
1772 5643 1985 5686 vermes
2034 5631 2125 5687 sui

478 5698 740 5766 carparis,
775 5698 886 5750 etc.

2293 4691 2382 4742 22.
2416 4686 2602 4754 (Vers.
2638 4685 2745 4755 l6.)
2777 4709 2802 4734 ‹‹
2835 4684 3251 4741 Verumtamen
3282 4686 3436 4742 Deus
3465 4685 3767 4752 liberabit,
3803 4687 3890 4740 in-

2225 4776 2371 4848 quit,
2398 4774 2652 4829 animam
2681 4788 2869 4828 meum
2891 4773 2960 4828 de
2982 4789 3158 4828 manu
3179 4773 3409 4839 inferni,
3429 4791 3564 4830 cum
3585 4775 3889 4846 acceperit

2224 4881 2373 4920 eam.
2415 4887 2433 4910 η
2470 4863 2620 4918 Bene
2651 4861 2758 4916 hoc
2788 4862 2946 4928 dicit,
2982 4863 3079 4933 qui
3107 4863 3324 4918 sciebat
3348 4863 3604 4918 animam
3629 4880 3814 4918 suam
3833 4864 3890 4917 in

2225 4953 2453 5008 inferno
2486 4967 2595 5005 non
2648 4948 3189 5022 derelinquendam.
3241 4951 3552 5008 Descendit
3594 4951 3788 5016 enim,
3828 4955 3892 5006 ut

2227 5041 2485 5114 captivos
2515 5038 2841 5094 absolveret
2871 5039 2940 5094 de
2971 5040 3239 5095 faucibus
3284 5041 3631 5107 inferorum,
3667 5057 3794 5095 non
3831 5044 3891 5094 ut

2228 5131 2287 5186 in
2320 5129 2413 5185 his
2443 5128 2674 5200 captiva
2703 5133 3053 5185 remaneret.

2297 5220 2387 5274 23.
2421 5217 2606 5290 (Vers.
2642 5216 2663 5271 4
2717 5217 2756 5288 .)
2797 5218 2945 5290 Ergo
2994 5219 3272 5289 quoniam
3323 5219 3465 5286 haec,
3513 5235 3644 5290 qua:
3678 5218 3740 5274 in
3776 5217 3887 5274 isto

2229 5308 2440 5364 saeculo
2472 5310 2632 5376 sunt,
2665 5306 2972 5362 nobiscum
3003 5308 3255 5364 transire
3285 5325 3402 5364 non
3425 5312 3685 5380 possunt
3711 5325 3728 5373 ;
3764 5308 3890 5362 ideo

2228 5397 2334 5453 tibi
2365 5396 2580 5451 dicitur
2611 5411 2623 5450 :
2658 5415 2686 5444 «
2721 5394 2802 5449 Ne
2832 5393 3101 5452 timueris
3131 5413 3265 5453 cum
3296 5396 3461 5453 dives
3487 5397 3683 5452 factus
3712 5394 3889 5451 fuerit

2229 5486 2433 5542 homo:
2459 5488 2662 5539 etcum
2685 5482 3074 5555 multiplicata
3098 5484 3271 5542 fuerit
3291 5483 3475 5560 gloria
3493 5485 3714 5541 domus
3739 5485 3891 5556 ejus.

2448 5627 2600 5711 Mss:
2621 5624 2748 5712 Yet.
2783 5629 2843 5682 et
2869 5631 3123 5701 quatuor
3150 5628 3376 5714 Gallic"
3403 5630 3742 5703 proponitur
3771 5629 3888 5701 [Te-

2338 5697 2667 5759 muerabzli.
2699 5698 2886 5759 Itaque
2912 5701 3061 5759 male
3092 5710 3344 5759 servitus.
3377 5706 3486 5758 etc.

2231 5697 2319 5762 tri
2338 5697 2667 5762 miserabili.
2699 5697 3061 5775 Itaque'mala
3092 5704 3344 5770 servitus,
3365 5697 3486 5758 'e'to.
