4146 6190
299 357 446 422 1221

1339 349 1800 413 ΕΝΑΗΒΑἸἸΟ
1851 345 1926 408 ΙΝ
1981 343 2363 415 ΡὸᾸΙλΜιυΜ
2414 354 2686 416 XLVIII.

3587 375 3744 435 1222

295 493 588 556 Quoniam
619 508 732 547 non
765 507 900 546 cum
922 486 1222 551 morietur,
1256 484 1508 566 accipiet
1528 482 1951 577 omniazneqnc
1986 486 2039 550 Α
2071 490 2127 539 et
2159 486 2344 556 digito
2379 504 2492 541 suo
2517 485 2824 574 contingat
2855 490 3119 566 linguam
3151 497 3301 569 ejus,
3332 518 3448 572 quo
3485 507 3744 577 requiem

300 581 481 638 simul
508 571 819 639 descendet
846 594 977 636 cum
1008 593 1073 632 eo
1104 574 1288 648 gloria
1321 574 1539 628 domus
1571 574 1719 643 ejus.
1745 594 1771 619 »
1804 571 1952 639 Noli,

297 671 518 743 inquit,
549 684 920 742 expavescere
951 664 1266 727 divitias,et
1300 660 1624 734 potentiam
1657 659 1872 726 divitis,
1899 663 1959 716 et

299 759 552 832 gloriam
584 757 913 815 saecularem
941 773 954 823 ;
1004 753 1286 825 quoniam
1320 750 1546 806 caduca
1577 749 1677 804 illa
1707 753 1870 818 sunt,
1902 754 1962 805 et

299 847 479 903 citius
509 847 663 904 953
694 846 906 902 abeunt
950 859 1128 914 quam
1168 843 1476 897 venerunt.
1529 838 1836 894 Somnium
1868 842 1958 894 est

301 935 413 990 iste
454 935 761 991 thesaurus
787 951 799 1000 ;
825 931 1088 1003 evigilas,
1120 934 1178 984 et
1205 926 1492 994 recessit;
1524 927 1805 999 quoniam
1855 927 1955 998 qui

300 1024 557 1095 potuerit
589 1021 884 1093 crapulam
914 1019 1122 1076 mundi
1142 1019 1314 1074 istius
1338 1017 1717 1080 edormire,et
1739 1016 1958 1072 sobrie-

301 1114 483 1164 tatem
514 1107 748 1163 virtutis
778 1122 1102 1175 assumere,
1139 1106 1252 1162 ista
1280 1103 1627 1170 contemnit,
1660 1107 1717 1158 et
1745 1121 1848 1176 pro
1873 1104 1958 1160 ni-

299 1197 418 1253 hilo
449 1197 761 1269 pecuniam
793 1196 975 1251 ducit.
1007 1195 1210 1267 Neque
1256 1193 1527 1250 timueris
1576 1210 1709 1248 cum
1753 1193 1956 1248 multi-

298 1285 579 1358 plicatam
611 1284 856 1358 gloriam
880 1285 1094 1341 domus
1119 1281 1372 1354 alicujus
1393 1281 1653 1356 potentis
1675 1281 1952 1338 audieris.

301 1374 534 1447 Inspice
564 1374 892 1447 diligenter,
922 1377 979 1429 et
1007 1390 1195 1430 vacua
1223 1376 1467 1443 est,quae
1491 1370 1638 1426 nihil
1660 1371 1872 1427 habeat
1894 1371 1955 1426 in

302 1479 367 1520 se
397 1464 470 1519 de
502 1463 635 1520 ﬁdei
668 1463 1129 1536 plenitudine.Et
1159 1461 1300 1534 quid
1324 1461 1394 1516 de
1415 1461 1588 1517 domo
1612 1461 1800 1516 dicam
1822 1461 1958 1516 ’Νει-

303 1569 454 1608 cuus
485 1555 610 1608 erat
638 1555 793 1608 totus
822 1550 916 1606 hic
947 1550 1208 1606 mundus
1232 1553 1550 1621 antequam
1573 1565 1818 1604 numero
1840 1565 1959 1604 cre-

305 1640 574 1696 dentium
606 1656 740 1696 eum
771 1639 1041 1696 Christus
1071 1637 1363 1710 impleret.
1399 1637 1646 1710 Ideoque
1669 1638 1956 1709 scriptum

304 1731 432 1784 est:
465 1751 491 1778 «
527 1728 824 1784 Judicabit
857 1728 1008 1783 inter
1038 1732 1266 1799 gentes,
1293 1725 1542 1798 replebit
1564 1727 1762 1782 ruinas
1782 1727 1954 1799 (Psal.

303 1833 420 1882 cxx,
450 1818 528 1887 6).
565 1839 592 1865 ››
615 1816 763 1879 Quid
795 1817 953 1870 enim
986 1813 1144 1869 aliud
1179 1817 1304 1868 erat
1332 1819 1466 1868 ante
1489 1813 1548 1867 in
1579 1813 1687 1868 hoc
1711 1815 1954 1876 mundo.
1986 1851 2032 1916 Β

306 1905 424 1960 nisi
454 1905 625 1960 ruina
655 1903 958 1976 perﬁdiae?
987 1902 1134 1966 Quid
1166 1905 1255 1957 est
1302 1901 1518 1956 ruina?
1563 1902 1712 1957 Audi
1759 1903 1954 1958 dicen-

305 2000 424 2050 tem
452 2011 464 2049 :
518 2016 545 2043 «
580 1993 689 2047 Ubi
713 1993 905 2058 ruina,
936 1991 1016 2046 ibi
1047 1995 1106 2046 et
1135 1989 1558 2062 aquilewlatth.
1592 2007 1743 2057 xx1v,
1772 1993 1863 2061 28)
1889 1992 1947 2046 Γ»

307 2083 364 2138 id
397 2087 505 2150 est,
542 2081 639 2137 ubi
672 2081 866 2148 ruina,
899 2080 978 2135 ibi
1009 2086 1066 2136 et
1114 2078 1482 2134 resurrectio.
1531 2079 1737 2147 Ruina,
1769 2097 1953 2136 vacua

309 2169 602 2226 ﬁrmitatis
649 2175 739 2226 est
780 2187 793 2236 ;
829 2168 1194 2232 resurrectio,
1246 2166 1545 2239 plenitudo
1585 2168 1809 2224 vivendi
1840 2175 1948 2226 est.

310 2261 558 2330 Ideoque
587 2275 695 2314 nos
724 2259 859 2313 Adae
893 2257 1052 2312 illius
1079 2258 1250 2312 ruina
1281 2256 1562 2322 vacuavit,
1598 2259 1695 2312 sed
1735 2257 1950 2314 Christi

309 2346 551 2420 replevit
577 2347 786 2418 gratia.
820 2346 951 2400 ldeo
984 2361 1045 2400 se
1092 2344 1190 2400 ille
1243 2343 1560 2399 exinanivit
1610 2352 1673 2400 ut
1720 2363 1826 2402 nos
1857 2364 1950 2403 re-

309 2437 510 2509 pleret,
545 2439 720 2508 atque
750 2435 809 2490 in
843 2451 1018 2490 carne
1066 2433 1325 2489 hominis
1375 2432 1672 2505 plenitudo
1719 2435 1951 2494 virtutis

309 2526 618 2580 habitaret.
677 2524 825 2589 Quid
882 2523 961 2578 sit
1017 2522 1206 2588 ruina,
1261 2538 1564 2594 cognosce.
1628 2529 1773 2579 Dum
1813 2527 1953 2582 vivit

311 2614 506 2681 homo,
540 2613 772 2668 infusus
799 2615 891 2667 est
920 2611 1171 2684 spiritu;
1205 2611 1304 2666 ubi
1330 2617 1597 2668 mortuus
1630 2613 1822 2680 fuerit,
1854 2632 1952 2671 va-

311 2720 458 2758 cuus
491 2702 692 2774 utique
724 2701 902 2772 hujus
932 2701 1124 2756 vitalis
1153 2704 1244 2757 est
1271 2702 1532 2774 spiritus.
1564 2704 1743 2760 Multo
1765 2708 1954 2778 magis

308 2807 558 2849 vacuum
589 2791 726 2846 facit
755 2791 994 2847 amissio
1023 2791 1226 2864 gratiae
1257 2791 1562 2862 spiritalis,
1594 2810 1767 2864 quem
1817 2813 1949 2867 gra-

307 2880 391 2934 tia
453 2878 674 2951 replere
767 2880 1067 2935 consuevit
1160 2883 1226 2934 ut
1325 2881 1625 2952 possimus
1721 2883 1950 2956 dicere;

313 2990 340 3016 «
373 2967 654 3032 Quoniam
688 2985 795 3024 nos
825 2986 1031 3026 omnes
1061 2970 1132 3025 de
1160 2967 1524 3041 plenitudine
1564 2971 1692 3042 ejus
1725 2975 1956 3046 accepi-

314 3072 468 3122 mus,
499 3061 555 3112 et
581 3058 829 3129 gratiam
862 3075 963 3129 pro
994 3057 1185 3130 gratia
1212 3061 1388 3126 (Joan.
1423 3077 1460 3129 ι,
1498 3060 1606 3132 16).
1660 3083 1688 3110 ››
1731 3065 1808 3117 De
1839 3063 1954 3120 alio

313 3144 621 3200 dicitur:«
670 3145 733 3201 In
798 3163 1045 3202 vacuum
1106 3145 1360 3203 laboravi
1421 3149 1549 3220 (Isa.
1607 3168 1756 3219 xux,
1789 3152 1880 3224 4);
1923 3174 1952 3204 »

305 3235 502 3304 justus
533 3239 728 3291 autem
761 3235 914 3290 sicut
945 3235 1089 3290 odor
1119 3234 1241 3306 agri
1275 3235 1452 3305 pleni.

380 3323 470 3378 24.
503 3323 692 3394 (Vers.
737 3324 846 3390 18).
901 3323 1050 3388 Quid
1096 3326 1291 3376 autem
1343 3340 1454 3378 non
1499 3341 1772 3392 vacuum,
1804 3331 1959 3397 quod

310 3411 588 3467 safculare
617 3415 797 3482 atque
825 3411 1193 3464 mundanum
1219 3427 1232 3476 ;
1266 3427 1400 3464 cum
1433 3415 1585 3466 recte
1606 3412 1833 3478 dixerit,
1858 3415 1959 3486 qui

321 3501 612 3555 mundum
642 3498 823 3554 istum
873 3497 1068 3555 sobria
1105 3498 1316 3553 virtute
1365 3499 1753 3570 contempsit:
1789 3524 1815 3551 ‹‹
1843 3502 1960 3557 Nu-

319 3589 432 3642 dus
481 3603 615 3642 sum
662 3591 858 3651 natus,
907 3587 1100 3640 nudus
1150 3590 1207 3641 et
1253 3587 1472 3642 moriar
1518 3589 1634 3659 (Job
1683 3606 1719 3653 ι,
1759 3591 1899 3661 2i)?
1931 3614 1959 3643 »

319 3674 617 3744 Numquid
649 3689 847 3729 secum
880 3675 1013 3746 quis
1046 3679 1235 3748 potest
1264 3676 1490 3730 auferre
1511 3693 1636 3748 quae
1661 3679 1960 3748 possidet?

319 3762 423 3818 Hic
451 3764 650 3818 omnia
686 3761 1061 3834 derelinquit,
1110 3765 1269 3820 solus
1323 3765 1502 3820 intrat
1548 3765 1607 3820 in
1640 3767 1958 3836 tumulum,

316 3856 373 3906 et
402 3867 649 3907 vacuum
680 3849 840 3907 illius
871 3852 1070 3908 divitis
1099 3856 1188 3909 est
1225 3852 1582 3925 sepulcrum,
1635 3871 1808 3926 quem
1854 3874 1958 3913 nec

316 3940 445 4012 ipsa
473 3943 626 3996 terra
661 3940 929 4012 capiebat
960 3943 1090 4013 (24).
1130 3943 1288 3998 Unde
1319 3943 1542 3999 dictum
1573 3948 1699 4000 est:
1735 3967 1760 3994 α
1786 3946 1960 4002 Num-

316 4028 456 4100 quid
489 4028 596 4085 soli
631 4028 971 4086 habitabilis
1003 4048 1180 4103 super
1211 4036 1422 4088 terram
1443 4031 1472 4087 ?
1517 4034 1813 4105 Numquid
1851 4036 1956 4090 de-

313 4117 540 4173 scendit
569 4118 627 4173 in
660 4117 804 4174 illud
839 4119 1175 4192 sepulcrum
1208 4120 1394 4194 gloria
1439 4122 1649 4177 domus
1697 4123 1824 4194 ejus
1855 4127 1958 4180 aut

311 4206 487 4278 copim
537 4208 665 4279 (lsa.
717 4224 770 4274 ν,
821 4209 928 4276 8)?
963 4232 983 4258 ι
1041 4208 1187 4265 Vide
1227 4208 1346 4266 vim
1395 4209 1725 4282 Scripturae.
1760 4212 1956 4269 Gloria

312 4295 504 4350 saeculi
554 4313 670 4352 non
718 4296 1023 4352 descendit
1070 4313 1204 4352 cum
1258 4302 1579 4368 peccatore,
1636 4301 1736 4355 sed
1767 4301 1954 4373 gloria

311 4383 544 4441 virtutis
576 4385 837 4441 ascendit
867 4403 998 4440 cum
1033 4385 1361 4441 innocente.
1394 4385 1463 4441 Et
1493 4390 1556 4442 ut
1586 4391 1956 4460 compendio-

311 4473 436 4529 sius
502 4473 789 4542 dicamus,
861 4474 1047 4548 gloria
1112 4473 1371 4529 hominis
1426 4490 1560 4529 cum
1605 4478 1952 4535 ascendente

2077 574 2340 643 aliquam
2379 576 2443 628 in
2499 571 2710 631 ardore
2744 581 3000 638 maximo
3025 571 3383 645 constitutus
3405 571 3594 661 possit
3624 596 3746 650 adi-

2068 662 2213 733 pisci
2247 664 2406 733 (Luc.
2443 681 2567 730 XVI,
2599 665 2816 736 23-24).
2839 668 2984 727 Vide
3016 673 3181 730 illum
3215 694 3532 748 pauperem
3575 683 3748 739 bonis

2067 751 2348 805 omnibus
2424 752 2858 827 abundantem,
2926 779 3103 832 quem
3159 767 3346 821 sancti
3398 770 3748 839 patriarcha

2067 839 2303 910 requies
2368 839 2560 894 beata
2613 842 3032 905 circumdabat.
3078 851 3224 910 Vide
3271 854 3429 911 hunc
3467 874 3741 929 vacuum,

2066 927 2166 998 qui
2201 927 2314 983 sibi
2349 928 2416 982 in
2453 926 2570 982 hoc
2604 935 2811 991 saeculo
2843 938 3144 996 abundare
3195 946 3470 1000 omnibus
3507 926 3744 1004 videba-

2066 1019 2183 1082 tur,
2234 1018 2419 1088 cujus
2473 1017 2681 1077 anima
2727 1025 2782 1079 in
2835 1026 2950 1082 vita
2999 1029 3186 1100 ipsius
3239 1032 3686 1092 benedicebatur
3729 1055 3742 1092 :

2065 1106 2165 1160 sed
2201 1107 2361 1162 954
2399 1120 2571 1163 nunc
2601 1110 2755 1168 iners
2791 1123 2974 1172 morte
3006 1120 3318 1176 cruciatur.

2137 1196 2228 1249 25.
2266 1195 2472 1268 (Vera.
2523 1197 2635 1272 19.)
2684 1202 2842 1260 Unde
2889 1205 3131 1277 pulchre
3175 1211 3477 1282 sequitur:
3525 1241 3551 1263 υ
3587 1215 3740 1278 Quo-

2065 1282 2225 1337 niam
2263 1283 2476 1339 anima
2508 1288 2638 1357 ejus
2671 1291 2726 1346 in
2761 1293 2876 1347 vita
2928 1294 3111 1366 ipsius
3150 1299 3524 1357 benedicatur
3553 1319 3564 1357 :
3601 1321 3740 1360 con-

2066 1369 2337 1427 fitebitur
2367 1368 2501 1441 tibi,
2550 1395 2683 1434 cum
2737 1382 3086 1440 benefeceris
3137 1386 3268 1457 ipsi.
3303 1411 3330 1439 ››
3365 1391 3738 1459 Bcnedicent,

2067 1456 2292 1528 inquit,
2323 1476 2465 1517 eum
2503 1464 2908 1526 benedictione
2959 1456 3206 1531 terrena.
3254 1478 3429 1534 Stulti
3469 1456 3740 1542 homines

2065 1545 2168 1616 qui
2243 1555 2588 1625 praesentia,
2659 1576 2772 1613 non
2845 1562 3044 1616 futura
3102 1567 3492 1627 considerant.
3557 1572 3743 1629 Bene-

2066 1634 2283 1735 dicent
2358 1654 2494 1696 eum
2563 1647 2798 1701 asseclte
2866 1652 2995 1720 ejus
3057 1658 3230 1726 atque
3295 1659 3534 1728 parasiti
3602 1664 3739 1735 (25).

2067 1723 2195 1794 Ipse
2257 1736 2509 1825 quoque
2559 1734 2792 1790 beatum
2840 1755 2900 1792 se
2934 1723 3219 1810 putat,_si
3249 1723 3455 1819 agrum
3484 1723 3742 1825 aliquem

2066 1828 2257 1884 quem
2281 1813 2698 1912 .d-esiderabat,
2729 1825 3024 1883 invaserit.
3068 1813 3386 1891 Coniiteiur
3436 1813 3741 1912 tunc.Deo,

2061 1918 2194 1957 cum
2235 1900 2294 1956 ei
2335 1904 2394 1962 in
2430 1908 2538 1966 hoc
2566 1912 2780 1968 saeculo
2813 1919 3070 1974 secunda
3101 1925 3459 1982 succedunt:
3503 1900 3742 2000 quando

2062 1995 2266 2048 autem
2325 1998 2573 2054 adversa
2619 2002 2993 2074 contingunt,
3051 2008 3232 2079 impio
3282 2029 3380 2068 ore
3419 1995 3737 2077 maledicit.

2063 2081 2181 2138 Hoc
2213 2097 2362 2156 ergo
2403 2086 2566 2153 dicit,
2601 2089 2741 2160 quia
2770 2091 3069 2149 saecularis
3102 2113 3215 2151 non
3249 2100 3370 2171 agit
3415 2105 3636 2174 gratias
3676 2108 3737 2164 in

2061 2178 2413 2243 paupertate
2453 2176 2687 2245 positus
2738 2183 2794 2230 et
2848 2180 3147 2251 adversis;
3193 2185 3395 2254 justus
3445 2196 3637 2248 autem
3671 2195 3732 2250 in

2061 2261 2357 2332 angustiis
2388 2263 2581 2334 magis
2613 2265 2931 2321 Dominum
2966 2273 3132 2340 grato
3176 2272 3471 2333 benedicit
3493 2279 3726 2338 affectu.

2061 2349 2326 2421 Denique
2357 2350 2634 2407 diabolus
2666 2355 2738 2408 ad
2771 2358 2956 2410 Deum
2989 2357 3171 2415 dicit:
3207 2362 3356 2425 Quid
3391 2367 3630 2434 mirum,
3675 2371 3727 2425 si

2060 2441 2116 2492 te
2148 2439 2442 2494 benedicit
2467 2440 2578 2495 Job
2602 2442 2626 2495 ‘2
2656 2442 2979 2498 Abundaut
3008 2446 3059 2500 ei
3092 2451 3311 2505 omnia.
3337 2475 3363 2501 ‹‹
3389 2453 3498 2508 Sed
3525 2456 3714 2527 mitte,

2061 2526 2274 2598 inquit,
2308 2544 2554 2582 manum
2605 2533 2790 2597 tuam,
2842 2537 2898 2585 et
2943 2537 3114 2604 tange
3160 2553 3227 2591 ea
3267 2556 3394 2608 quas
3435 2526 3739 2611 possidet’

2068 2615 2378 2670 videamus
2405 2617 2449 2670 si
2489 2617 2544 2670 in
2578 2617 2784 2672 faciem
2821 2625 2874 2673 te
2905 2620 3208 2677 benedicet
3242 2627 3357 2695 (Job
3389 2645 3427 2692 ι,
3463 2631 3565 2701 ll).
3601 2656 3630 2681 »
3665 2635 3735 2690 Et

2070 2704 2231 2758 dedit
2262 2703 2373 2775 ipsi
2403 2703 2691 2761 Dominus
2723 2712 3094 2778 potestatem,
3133 2716 3195 2765 ut
3225 2730 3352 2784 quae
3399 2719 3599 2773 sazculi
3631 2739 3731 2777 es-

2071 2797 2202 2847 sent
2246 2791 2447 2861 hujus,
2498 2795 2772 2862 auferret,
2825 2812 3060 2852 carnem
3110 2798 3300 2871 ipsius
3336 2803 3545 2862 ulceris
3571 2813 3728 2866 atro-

2071 2881 2242 2936 citate
2275 2881 2666 2952 perfunderet.
2697 2885 2810 2939 Job
2844 2891 3036 2941 tamen
3070 2887 3450 2948 benedicebat
3480 2896 3682 2953 dicens
3709 2917 3724 2954 :

2071 2991 2098 3019 a
2129 2969 2414 3025 Dominus
2462 2971 2642 3040 dedit,
2690 2973 2976 3029 Dominus
3025 2976 3334 3033 abstulit...
3394 2983 3479 3037 Sit
3508 3000 3725 3042 nomen

2072 3059 2301 3113 Domini
2333 3059 2706 3116 benedictum
2738 3062 2894 3132 (Ibid.
2923 3065 3040 3132 24).
3080 3088 3100 3114 ι

2142 3149 2232 3201 26.
2268 3147 2433 3215 (Vers
2471 3149 2561 3216 20,
2614 3152 2730 3218 21.)
2786 3171 2808 3198 ι
2865 3151 3133 3207 Introibit
3181 3171 3368 3226 usque
3418 3156 3474 3210 in
3509 3174 3723 3232 proge-

1981 3223 2024 3287 C
2069 3235 2224 3290 niem
2251 3240 2484 3307 patrum
2510 3238 2675 3308 ejus:
2711 3255 2899 3309 usque
2928 3239 2988 3294 in
3017 3241 3296 3297 sazculum
3350 3223 3719 3304 non‘videbit

2071 3322 2293 3377 lumen.
2327 3323 2508 3379 Homo
2540 3343 2674 3382 cum
2707 3326 2765 3381 in
2797 3326 3016 3384 honore
3049 3336 3224 3394 esset,
3259 3349 3372 3386 non
3399 3333 3714 3403 intellexit;

2071 3415 2443 3479 comparatus
2473 3415 2887 3484 estjumentis,
2920 3433 3047 3488 qua:
3078 3436 3319 3474 sensum
3345 3437 3455 3474 non
3479 3421 3714 3490 habent,

2069 3502 2126 3550 et
2154 3496 2366 3551 similis
2402 3499 2590 3556 factus
2619 3507 2707 3557 est
2737 3501 2876 3558 illis.
2910 3528 2937 3554 ››
2973 3508 3124 3571 Ideo,
3147 3508 3486 3580 inquit,iste
3510 3509 3565 3563 in
3592 3527 3720 3581 pro-

2070 3585 2298 3655 geniem
2345 3589 2576 3656 patrum
2626 3606 2869 3644 suorum
2921 3593 3204 3649 introibit.
3253 3599 3358 3660 Qui
3406 3602 3495 3651 est
3552 3603 3718 3668 pater

2070 3672 2410 3744 impiorum,
2467 3675 2746 3730 Dominus
2791 3677 3105 3734 declaravit
3151 3683 3383 3738 dicens:
3440 3704 3466 3734 α
3496 3685 3610 3740 Vos
3649 3703 3718 3740 ex

2069 3764 2232 3832 patre
2257 3760 2486 3816 diabolo
2519 3763 2660 3818 estis
2713 3764 2897 3835 (Joan.
2931 3784 3056 3830 vm,
3112 3769 3221 3838 44).
3259 3792 3286 3817 ››
3336 3770 3485 3823 Sunt
3527 3775 3584 3824 et
3633 3773 3715 3826 illi

2069 3855 2261 3921 patres
2294 3851 2363 3904 de
2395 3850 2611 3921 quibus
2637 3851 2884 3906 dicitur:
2912 3877 2931 3902 α
2959 3854 3242 3925 Relinque
3262 3862 3524 3911 mortuos
3550 3874 3716 3929 sepe-

2067 3938 2174 3993 lire
2205 3945 2466 3994 mortuos
2499 3957 2639 3996 suos
2669 3940 2874 4012 (Mat—th.
2911 3959 3030 4008 vni,
3060 3945 3173 4010 22).
3208 3965 3234 3993 »
3275 3943 3404 3998 Ideo
3465 3949 3522 3998 et
3561 3945 3714 4001 Moa-

2069 4027 2199 4082 bitae
2241 4046 2428 4100 usque
2477 4029 2535 4084 in
2591 4029 2822 4085 tertiam
2883 4036 2941 4086 et
2971 4035 3241 4102 quartam
3275 4032 3711 4104 generationem

2067 4114 2345 4187 prohibiti
2375 4124 2514 4172 sunt
2543 4117 2783 4174 introire
2815 4118 2873 4173 in
2908 4119 3224 4176 Ecclesium
3256 4121 3487 4176 Domini
3534 4123 3711 4193 (Deut.

2065 4221 2226 4271 XXIII,
2261 4207 2355 4276 ‘2):
2394 4210 2456 4260 ut
2507 4206 2604 4260 filii
2657 4223 2861 4263 eorum
2917 4212 3153 4281 propter
3213 4215 3449 4280 peccata
3477 4215 3711 4280 patrum

2063 4310 2306 4350 suorum
2340 4293 2648 4349 introirent
2678 4295 2737 4349 in
2769 4312 2970 4352 eorum
2993 4296 3711 4368 generationem,quorum

2063 4384 2215 4439 facta
2243 4383 2629 4438 imitabantur
2657 4388 2714 4438 et
2744 4401 2958 4439 mores.
2995 4385 3157 4440 Unde
3189 4385 3541 4457 etscriptum
3573 4391 3698 4442 est:

2063 4495 2089 4522 ‹‹
2127 4471 2255 4526 Filii
2287 4471 2684 4527 adulterorum
2727 4473 2787 4527 in
2834 4475 3343 4530 consummatione
3391 4480 3563 4531 erunt
3593 4477 3710 4547 (26)

311 4563 620 4619 ascendet:
655 4579 789 4618 cum
848 4563 1234 4619 descendente
1267 4579 1380 4617 non
1414 4562 1742 4620 descendet.
1789 4566 1949 4630 Quod
1983 4585 2030 4649 D
2062 4561 2209 4649 (Sep.
2247 4577 2331 4625 ιιι,
2368 4561 2478 4632 16).
2514 4583 2541 4609 ››
2575 4561 2720 4632 Ergo
2745 4561 2845 4632 qui
2875 4580 2987 4618 non
3021 4562 3187 4618 illum
3231 4568 3451 4636 patrem
3507 4563 3607 4636 qui
3642 4565 3699 4618 in

309 4649 506 4721 gratiae
535 4656 625 4707 est
653 4668 719 4707 ac
748 4652 1003 4720 virtutis,
1037 4651 1330 4708 ascendet.
1368 4651 1430 4705 In
1485 4651 1822 4722 paradisum
1856 4673 1951 4712 as-

308 4739 592 4807 cenditur,
629 4741 686 4795 in
733 4741 1026 4797 infernum
1076 4739 1470 4796 descenditur.
1507 4762 1534 4790 «
1567 4740 1951 4814 Descendunt,

308 4827 583 4898 inquit,in
613 4829 906 4886 infernum
936 4831 1191 4886 viventes
1219 4831 1388 4902 (Psal.
1427 4847 1534 4895 LIV,
1571 4832 1676 4901 16).
1720 4855 1746 4881 ››
1793 4833 1945 4888 Ideo-

305 4928 417 4986 que
445 4917 698 4973 Lazarus
731 4935 950 4991 pauper
979 4935 1082 4990 per
1112 4917 1352 4991 angelos
1383 4918 1442 4973 in
1476 4920 1725 4975 Abrahae
1755 4922 1950 4977 sinum

305 5007 393 5057 est
420 5004 700 5062 elevatus.
753 5007 918 5062 Dives
968 5007 1305 5061 luxuriosus
1355 5009 1588 5064 elevans
1637 5010 1691 5062 in
1727 5010 1951 5065 inferno

304 5093 502 5150 oculos
534 5111 674 5151 suos
715 5102 879 5168 rogat
925 5095 1223 5151 Abraham
1273 5100 1338 5151 ut
1385 5095 1581 5152 mittat
1607 5113 1950 5170 pauperem,

365 5310 484 5382 (24)
550 5309 836 5366 Videntur
896 5311 1017 5366 haec
1066 5308 1299 5382 proprie
1351 5309 1647 5382 caderein
1693 5311 1950 5382 Alexan-

299 5379 474 5436 drum
503 5383 900 5448 Macedonem,
933 5379 1109 5454 quem
1144 5379 1490 5454 Plutarchus
1520 5385 1578 5436 et
1603 5381 1730 5438 Val.
1767 5382 1949 5439 Maxi-

301 5469 435 5507 mus
457 5457 701 5507 narrant
729 5469 864 5507 cum
896 5451 967 5508 de
996 5451 1282 5507 infinitate
1314 5452 1670 5509 mundorum
1695 5454 1951 5511 philoso-

302 5522 485 5606 phum
527 5523 840 5606 quemdam
884 5524 1284 5606 disputantem
1311 5522 1945 5606 'audivisset,ilevisse,

300 5593 601 5728 ggpdwvix
658 5609 842 5656 unum
899 5593 1241 5671 possideret.
1310 5594 1456 5657 Hinc
1485 5596 1558 5657 de
1612 5597 1712 5657 illo
1737 5593 1941 5659 Juven.

2062 4648 2205 4703 ccelo
2236 4655 2346 4714 est,
2396 4650 2700 4720 sequitur;
2747 4651 2848 4704 sed
2903 4651 3068 4706 illum
3111 4657 3342 4707 terrena
3380 4651 3704 4708 colluvione

2062 4738 2368 4804 viventem,
2403 4738 2460 4791 in
2492 4739 2766 4810 progenie
2799 4741 3006 4795 terreni
3045 4745 3228 4811 patris
3278 4742 3471 4795 intrat.
3504 4738 3704 4802 Qualis

2060 4826 2215 4880 enim
2252 4833 2535 4894 terrenus,
2559 4827 2714 4888 tales
2734 4833 2791 4882 et
2823 4829 3058 4894 terreni,
3095 4837 3156 4882 ut
3187 4831 3264 4884 sit
3293 4831 3420 4897 ejus
3454 4826 3566 4880 vita
3595 4832 3703 4880 ter-

2062 4932 2220 4981 rena,
2279 4916 2507 4987 requies
2558 4916 2717 4971 nulla
2775 4925 2905 4988 post
2964 4925 3229 4971 mortem.
3297 4917 3356 4968 lu
3421 4918 3700 4968 aeternum

2063 5021 2174 5058 non
2212 5005 2426 5058 videbit
2463 5005 2680 5074 lumen,
2732 5007 3007 5077 qtmniam
3062 5002 3376 5074 tel‘nporale
3408 5001 3693 5072 quaesivit.

2062 5092 2162 5148 Ille
2191 5099 2386 5148 autem
2416 5094 2517 5164 qui
2549 5095 2760 5150 Christi
2793 5099 3028 5150 secutus
3059 5098 3149 5146 est
3179 5091 3446 5163 gloriam,
3480 5091 3578 5160 qni
3611 5090 3705 5144 de-

2232 5307 2378 5357 Unus
2408 5305 2593 5354 Pellaeo
2618 5303 2804 5366 juveni
2835 5317 2943 5352 non
2975 5302 3170 5353 sufﬁcit
3197 5302 3360 5366 orbis.

2245 5372 2450 5420 distant
2477 5364 2661 5416 infelix
2691 5372 2920 5429 angusto
2949 5367 3114 5415 limite
3146 5364 3349 5422 mundi,
3383 5367 3484 5412 etc.

2127 5453 2240 5523 (25)
2269 5446 2738 5523 Ραναδί-ιρηείμιιῑ,
2785 5446 2888 5523 qui
2935 5447 3196 5515 ciborum
3238 5444 3426 5517 gratia
3455 5458 3697 5514 magna-

2055 5517 2418 5590 tib'us'atque
2447 5517 2725 5572 divitibus
2755 5517 3092 5583 adulantur,
3122 5528 3218 5574 ἄπὸ
3245 5526 3330 5573 τοῦ
3360 5525 3510 5588 παρὰ,
3541 5524 3644 5574 καὶ.

2117 5599 2141 5640 ῦ
2174 5593 2329 5640 σίτου.

2052 5608 2414 5751 τοῖὗῖοίίεε.
2449 5659 2585 5722 duo.
2617 5660 3047 5724 incomummali
3072 5662 3252 5724 erunt.
