4146 6190
464 297 488 355 l
503 295 617 360 223

1922 293 1993 360 Sa
2033 284 2411 354 AMBROSII

3714 284 3867 350 1224

460 427 733 486 sideravit
762 423 905 480 illud
937 423 1159 491 lumen,
1193 424 1350 496 quod
1381 423 1682 480 illuminat
1724 438 1960 479 omnem
2001 422 2107 477 ho-
2136 426 2186 489 Α
2220 422 2437 479 honore
2467 425 2643 492 esset,
2676 439 2792 479 non
2826 420 3125 491 intellexit,
3150 444 3181 473 »
3232 423 3290 478 et
3326 419 3457 478 ideo
3505 419 3615 476 erit
3661 419 3865 476 similis

459 517 677 573 minem
709 514 1034 571 venientem
1078 512 1138 567 in
1191 513 1346 570 hunc
1389 513 1706 580 mundum,
1754 511 2010 568 inveniet
2047 515 2104 566 et

453 605 674 661 videbit
703 603 900 660 lumen
931 608 1240 669 aeternum,
1273 603 1413 675 quia
1459 620 1594 659 eum
1639 601 1905 658 Christus
1935 600 2103 656 rede-

452 694 564 749 mit
593 710 628 749 a
657 696 866 749 morte.

519 785 610 838 27.
668 783 834 839 Tune
899 797 1037 853 ergo
1085 780 1371 853 cogitabit
1427 798 1585 852 cum,
1644 781 1782 851 quia
1836 795 1971 834 cum
2046 777 2104 831 in

2205 511 2638 582 jumentorum,
2662 509 2761 583 qui
2794 509 3005 568 similis
3021 510 3221 568 debuit
3240 526 3370 567 esse
3402 507 3872 582 angelorum,per

2217 599 2449 656 Domini
2481 599 2668 656 nostri
2700 600 2843 656 Jesu
2874 599 3084 656 Christi
3140 599 3440 671 gratiam:
3491 597 3583 654 cui
3631 602 3722 652 est
3767 595 3870 652 ho-

2215 705 2342 759 nor,
2372 687 2580 761 gloria,
2613 687 2970 762 perpetuitas
3000 705 3034 744 a
3061 686 3310 755 saeculis,
3337 691 3396 742 et
3426 703 3604 752 nunc,
3635 689 3695 742 et
3713 700 3866 741 sem-

2216 793 2340 848 per,
2372 782 2430 834 et
2461 777 2521 833 in
2555 777 2754 840 omnia
2781 776 2994 835 saecula
3022 775 3387 834 saeculorum.
3419 777 3628 832 Amen.

1291 1160 1406 1245 IN
1463 1157 2014 1245 PSALMUM
2072 1155 2273 1241 LXI
2332 1153 3020 1244 ENARRATIO.

1010 1336 1256 1396 Titulus
1305 1353 1317 1393 :

1370 1318 1566 1415 (Vers.
1615 1334 1670 1415 1)
1709 1355 1722 1394 :
1759 1335 1830 1394 In
1873 1335 2072 1412 finem,
2115 1351 2229 1412 pro
2275 1331 2558 1408 [dit/lum,
2609 1333 2881 1396 Psalmus
2925 1335 3043 1414 ipsi
3080 1331 3302 1394 David.

447 1645 601 1715 955
654 1657 717 1712 In
769 1655 934 1726 hujus
980 1655 1184 1725 psalmi
1230 1657 1471 1709 tractatu
1515 1655 1575 1709 Β.
1613 1655 1924 1710 Ambrosius
1975 1655 2101 1724 infi-
2135 1655 2182 1720 B

515 1727 803 1782 delitatem
853 1733 905 1779 et
949 1727 1288 1794 impietatem
1330 1726 1559 1780 Maximi
1604 1727 1836 1796 tyranni
1861 1726 2103 1794 graviter

516 1797 823 1867 redarguit,
868 1797 966 1866 qui
1014 1813 1180 1850 ausus
1229 1805 1307 1852 est
1350 1797 1635 1852 dominum
1683 1814 1847 1851 suum
1878 1796 2099 1851 Gratia--

515 1885 654 1922 nam
701 1870 1084 1937 imperatorem
1149 1867 1346 1938 fraude
1375 1876 1425 1922 et
1453 1868 1572 1922 dolo
1602 1871 1870 1938 perimere
1892 1885 1909 1920 :
1942 1883 2102 1938 quem

515 1942 901 2010 imperatorem
932 1939 991 1992 in
1049 1939 1272 1994 Domim
1330 1939 1683 1994 tabernaculo
1745 1940 2017 2006 habitare,
2049 1946 2101 1992 et

515 2013 572 2066 in
607 2017 786 2065 monte
814 2010 932 2079 ejus
962 2011 1302 2080 requiescere
1335 2011 1489 2064 dicit.

516 2100 566 2154 1.
603 2098 792 2170 (Vers.
830 2097 905 2168 1.)
937 2096 1216 2152 Omnium
1262 2102 1532 2154 nostrum
1583 2097 1824 2153 indubia
1855 2113 2099 2152 consue-

442 2188 584 2242 tudo
613 2191 722 2254 est,
748 2192 812 2241 ut
853 2186 1201 2242 festinemus
1259 2187 1331 2241 ad
1381 2187 1582 2255 ﬁnem,
1632 2189 1691 2242 et
1739 2203 1939 2242 eorum
1973 2202 2100 2256 qua:

441 2275 696 2348 legimus
727 2273 815 2330 vel
846 2274 1102 2328 vidimus
1145 2277 1203 2328 et
1252 2273 1608 2340 audivimus,
1659 2275 1910 2328 velimus
1936 2290 2098 2328 sum-

445 2379 606 2419 mam
657 2379 1026 2434 cognoscere.
1081 2361 1243 2418 Unde
1290 2361 1500 2418 titulus
1557 2362 1682 2433 ipse
1730 2361 1946 2417 otiosos
1993 2378 2100 2416 nos

446 2469 575 2508 esse
627 2469 743 2506 non
793 2452 1034 2522 patitur,
1088 2468 1192 2506 nec
1243 2450 1463 2506 feriatis
1509 2450 1800 2522 prieterire
1858 2450 2100 2504 auribus

447 2539 720 2596 desiderii
755 2540 1087 2594 communis
1135 2538 1437 2593 indicium.
1490 2539 1610 2594 Prae
1663 2538 1887 2594 caeteris
1917 2538 2097 2606 enim,

459 2630 594 2685 licet
624 2628 799 2684 etiam
832 2629 904 2684 in-
940 2629 1162 2683 caeteris
1211 2627 1448 2694 clareat,
1497 2628 1762 2682 divinum
1808 2631 2007 2682 tamen
2039 2627 2100 2681 in

447 2717 791 2788 hujusmodi
832 2716 1060 2789 psalmo
1106 2715 1353 2787 refulget
1399 2715 1720 2771 oraculum.
1777 2715 1936 2770 Unde
1967 2715 2098 2770 dili-

445 2807 681 2880 gentius
712 2806 852 2877 quid
883 2806 960 2860 sit
991 2803 1126 2860 finis
1156 2804 1625 2873 consideremus,
1657 2805 1792 2860 linis
1820 2805 1975 2860 enim
2007 2804 2096 2858 di-

447 2899 596 2951 citur
626 2904 789 2963 τέλο),
824 2898 882 2951 et
913 2910 1148 2949 summa
1175 2893 1254 2947 rei
1300 2893 1428 2964 ejus
1476 2911 1654 2965 quam
1701 2891 1972 2948 volumus
2002 2909 2098 2947 cx-

443 2985 683 3058 plicare.
717 2983 878 3038 Finis
910 2982 1126 3038 dicitur
1155 2981 1445 3050 Christus,
1491 2982 1629 3052 quia
1677 2982 1801 3054 ipse
1846 2985 1935 3037 est
1963 2982 2097 3036 finis
2127 3019 2170 3084 C

449 3073 640 3146 Legis,
702 3073 856 3129 sicut
911 3070 1196 3142 scriptum
1253 3075 1381 3126 est:
1417 3094 1443 3119 ‹‹
1495 3069 1652 3126 Finis
1710 3071 1866 3126 enim
1927 3070 2094 3142 Legis

445 3162 712 3217 Christus
729 3161 815 3216 ad
843 3160 1134 3231 justitiam
1169 3159 1327 3214 omni
1377 3159 1634 3215 credenti
1659 3160 1831 3230 (Rom.
1864 3176 1919 3224 x,
1955 3161 2026 3229 4).
2065 3181 2092 3207 ››

448 3251 608 3306 Finis
638 3250 815 3306 etiam
865 3249 1098 3315 dicitur,
1153 3248 1292 3319 quia
1343 3248 1466 3320 ipse
1513 3253 1603 3304 est
1647 3247 1998 3319 principium
2039 3251 2096 3302 et

451 3340 759 3412 finis.Erg0
791 3339 887 3394 isti
919 3337 1129 3410 psalmi
1160 3335 1261 3407 qui
1294 3335 1635 3392 titulantur:
1671 3359 1698 3385 ‹‹
1733 3336 1793 3389 In
1828 3337 2025 3401 linem,
2067 3359 2086 3384 ι

449 3433 550 3484 aut
580 3429 650 3483 de
681 3427 906 3482 Christo
939 3430 1098 3491 sunt,
1152 3430 1253 3480 aut
1301 3424 1487 3496 ipsius
1535 3424 1781 3479 Christi:
1829 3425 1898 3479 de
1929 3423 2094 3478 Chri-

452 3521 562 3581 sto,
595 3532 728 3571 cum
768 3516 892 3586 ipse
948 3514 1370 3569 annuntiatur:
1439 3511 1628 3584 ipsius
1676 3512 1910 3579 Christi,
1960 3529 2094 3568 cum

454 3602 576 3674 ipse
607 3620 668 3659 se
701 3603 952 3673 nuntiat,
985 3606 1417 3672 venturumque
1469 3602 1756 3672 promittit
1799 3602 1856 3657 in
1889 3607 2096 3668 terras,

452 3697 508 3746 et
535 3693 796 3748 futuram
832 3691 997 3748 nobis
1022 3689 1271 3746 revelare
1291 3691 1568 3764 dignatur
1592 3691 1809 3762 proprii
1839 3691 2097 3762 corporis

456 3781 812 3852 passionem.

520 3874 574 3926 2.
632 3870 884 3941 Ideoque
941 3869 1049 3939 ipsi
1113 3867 1284 3922 David
1333 3867 1736 3922 inscribuntur
1787 3867 1845 3921 in
1904 3867 2096 3932 titulo,

453 3961 619 4031 quasi
648 3976 782 4014 vero
815 3957 1018 4025 David,
1053 3955 1163 4028 ipsi
1197 3956 1443 4012 Domino
1478 3957 1592 4028 (27)
1627 3956 1947 4028 prophetici
1983 3955 2099 4010 oris

455 4047 779 4103 ministeria
827 4048 1198 4118 deputentur,
1247 4061 1348 4115 per
1400 4062 1574 4115 quem
1625 4044 1896 4099 humanae
1945 4045 2102 4100 vocis

453 4137 644 4194 ofﬁcio
687 4137 775 4192 vis
823 4133 1073 4191 caelestis
1124 4133 1436 4205 increpuit,
1481 4139 1538 4189 et
1586 4133 1784 4188 divina
1813 4134 2103 4189 sententia

461 4225 782 4282 resultavit.

527 4316 580 4368 3.
615 4313 1056 4385 Meritoquepro
1078 4310 1340 4380 [dit/ium,
1399 4310 1498 4382 qui
1553 4311 1661 4364 fuit
1718 4310 2019 4382 propheta,
2048 4316 2104 4366 et

2283 1652 2546 1725 £.(Vers.
2581 1654 2661 1726 2.)
2718 1676 2738 1703 α
2802 1653 3002 1709 Nonne
3058 1656 3173 1709 Deo
3223 1653 3459 1709 subdita
3510 1653 3618 1708 erit
3648 1652 3852 1710 anima

2216 1757 2346 1796 mea
2365 1743 2393 1796 ‘?
2425 1765 2452 1790 »
2487 1742 2881 1815 Suscepturus
2901 1758 3135 1798 carnem
3166 1741 3424 1798 hominis
3454 1741 3728 1797 Dominus
3756 1758 3857 1797 no-

2213 1834 2333 1886 ster
2360 1828 2640 1898 Jesus,ut
2668 1831 2727 1885 in
2769 1848 2830 1888 se
2862 1847 2988 1886 eam
3021 1830 3146 1903 ipse
3179 1832 3508 1897 mundaret,
3532 1829 3674 1903 quid
3697 1829 3862 1902 prius

2213 1935 2393 1989 quam
2425 1919 2645 1991 peccati
2676 1919 2886 1975 veteris
2914 1919 3175 1991 primum
3205 1919 3410 1975 debuit
3450 1918 3686 1975 abolere
3734 1935 3861 1975 con-

2211 2008 2437 2080 tagium
2457 2008 2492 2084 ?_
2516 2009 2664 2063 Nam
2693 2007 2833 2079 quia
2862 2024 2964 2080 per
2994 2007 3451 2062 inobedientiam
3501 2005 3682 2079 culpa.
3724 2006 3856 2064 irre-

2212 2102 2428 2167 pserat,
2459 2096 2603 2152 dum
2635 2096 2912 2152 mandata
2936 2095 3131 2151 divina
3159 2100 3542 2164 temerantur,
3589 2096 3851 2151 obedien-

2211 2184 2353 2239 tiam
2375 2184 2578 2255 utique
2599 2202 2712 2256 praa
2753 2185 2974 2240 caeteris
2995 2184 3198 2240 debuit
3226 2184 3564 2249 reformare,
3588 2188 3658 2239 ut
3686 2185 3855 2240 semi-

2212 2272 2444 2328 narium
2484 2273 2701 2329 erroris
2724 2272 3073 2328 excluderet.
3102 2273 3275 2328 Fibra
3306 2272 3462 2328 enim
3494 2274 3721 2345 peccati
3750 2273 3852 2344 {29)

2209 2361 2345 2416 inde
2379 2367 2715 2418 manaverat
2739 2379 2752 2417 :
2777 2368 2835 2418 et
2864 2362 2992 2417 ideo
3023 2363 3176 2417 sicut
3208 2362 3398 2417 bonus
3456 2362 3724 2418 medicus
3772 2380 3854 2417 ra-

2211 2448 2369 2504 dices
2400 2449 2566 2520 prius
2614 2449 2824 2506 ulceris
2860 2449 3060 2504 debuit
3104 2454 3434 2522 amputare,
3494 2455 3560 2506 ut
3611 2450 3853 2506 medica-

2211 2543 2538 2594 mentorem
2567 2539 2804 2595 salubre
2834 2538 3155 2594 remedium
3214 2538 3473 2595 vulneris
3519 2556 3627 2595 ora
3686 2539 3851 2594 senti-

2211 2633 2359 2683 rent.
2385 2622 2623 2684 Frustra
2644 2629 2801 2684 enim
2839 2627 3164 2683 cicatricem
3202 2628 3523 2693 curaveris,
3547 2627 3598 2683 si
3629 2631 3851 2700 serpant

2209 2715 2490 2774 interiora
2519 2717 2820 2790 contagia:
2855 2716 2973 2772 imo
3005 2717 3317 2772 acerbatur
3345 2715 3585 2783 vulnus,
3621 2716 3669 2771 si
3713 2715 3843 2771 loris

2208 2806 2668 2870 clauditur,cum
2723 2805 2968 2862 interius
3017 2805 3177 2860 virus
3207 2805 3667 2861 exaestuatNam
3703 2803 3830 2875 quid

2210 2897 2482 2967 proderat
2513 2896 2763 2950 donasse
2799 2899 3123 2967 peccatum,
3169 2895 3220 2949 si
3266 2895 3545 2966 peccandi
3592 2895 3841 2970 maneret

2210 2985 2488 3040 all'ectus?
2504 2989 2620 3039 Hoc
2654 2988 2777 3039 erat
2801 3001 2914 3037 non
2938 2998 3145 3038 sanare
3166 2982 3525 3050 cicatricem,
3553 2983 3650 3039 sed
3696 2981 3846 3054 εδδ

2209 3072 2499 3130 claudere.
2536 3071 2727 3126 Voluit
2765 3072 2961 3142 itaque
3013 3071 3298 3126 mundare
3335 3071 3574 3138 vulnus,
3611 3075 3675 3126 ut
3722 3070 3848 3126 alie-

2203 3166 2360 3216 ctum
2379 3165 2631 3227 sanaret,
2658 3176 2729 3214 ne
2755 3159 3160 3215 inobedientia:
3183 3176 3314 3215 sors
3357 3159 3476 3215 ulla
3510 3162 3851 3216 remaneret.

2203 3250 2473 3322 Suscepit
2502 3249 2628 3321 ipse
2656 3247 3070 3315 obedientiam,
3103 3251 3167 3302 ut
3196 3248 3364 3303 nobis
3395 3265 3529 3304 eam
3564 3249 3856 3305 transfun-

2204 3339 2383 3394 deret.
2416 3338 2507 3392 Sic
2557 3336 2713 3393 enim
2748 3337 3071 3408 oportebat,
3103 3340 3167 3391 ut
3195 3337 3478 3408 quoniam
3532 3353 3642 3409 per
3668 3337 3861 3393 inobs-

2203 3427 2484 3482 dientiam
2506 3426 2685 3481 unius
2719 3426 2976 3481 hominis
3007 3429 3338 3498 peccatores
3359 3426 3675 3482 constituti
3697 3428 3858 3482 erant

2207 3515 2464 3586 plurimi,
2499 3533 2601 3587 per
2635 3513 2810 3570 unius
2842 3531 3048 3570 rursus
3089 3513 3484 3570 obedientiam
3526 3515 3687 3586 justi
3732 3531 3861 3571 con-

2206 3606 2591 3659 stituerentur
2620 3603 2810 3658 multi.

2277 3695 2330 3748 5.
2369 3693 2527 3748 Unde
2559 3692 2723 3748 valde
2752 3707 2948 3748 errare
2977 3710 3076 3749 eos
3106 3708 3196 3748 res
3229 3691 3469 3757 indicat,
3497 3692 3603 3764 qui
3628 3709 3864 3750 carnem

2209 3783 2467 3837 hominis
2497 3801 2530 3837 a
2559 3781 2788 3837 Christo
2819 3780 2986 3836 aiunt
3015 3797 3142 3838 esse
3187 3786 3552 3854 susceptam,
3585 3784 3857 3839 aﬂ‘ectum

2211 3877 2460 3942 negant:
2488 3875 2544 3926 et
2573 3875 2776 3926 contra
2807 3869 2993 3942 ipsius
3015 3869 3244 3926 Domini
3269 3870 3414 3925 Jesu
3445 3871 3638 3926 venire
3667 3868 3862 3925 consi-

2209 3961 2375 4027 lium,
2409 3959 2509 4030 qui
2541 3959 2839 4014 hominem
2870 3976 2940 4014 ex
2971 3958 3204 4015 homine
3235 3958 3473 4027 tollunt,
3507 3976 3641 4014 cum
3692 3959 3873 4015 homo

2209 4049 2336 4104 sine
2361 4049 2571 4103 affectu
2613 4047 2871 4104 hominis
2909 4063 3034 4103 esse
3092 4065 3205 4103 non
3262 4049 3472 4120 possit.
3527 4049 3683 4104 Nam
3742 4065 3873 4104 caro

2211 4140 2336 4194 sine
2359 4138 2565 4192 affectu
2597 4141 2655 4192 et
2684 4137 2906 4209 praemii
2938 4137 3220 4192 immunis
3248 4142 3307 4192 et
3354 4137 3539 4210 culpa:
3571 4143 3691 4194 est.
3728 4137 3870 4193 Illud

2211 4244 2346 4300 ergo
2378 4226 2673 4298 suscipere
2696 4225 2898 4281 debuit
2927 4231 2984 4281 et
3013 4241 3242 4294 sanare,
3267 4227 3427 4281 unde
3459 4225 3647 4299 culpa
3680 4242 3875 4282 mana-

2211 4321 2389 4382 verat,
2443 4320 2508 4370 ut
2547 4314 2833 4387 originem
2881 4314 3097 4370 erroris
3144 4318 3202 4370 et
3260 4315 3550 4385 quasdam
3606 4331 3878 4388 prorum-

456 4400 716 4472 psalmos
747 4419 882 4457 cum
915 4419 1017 4458 sex
1040 4400 1175 4455 filiis
1207 4401 1452 4456 canebat
1481 4399 1604 4455 suis
1627 4401 1761 4470 (28,)
1785 4399 2108 4470 velutquw-
2137 4387 2184 4452 D
2218 4406 2408 4477 pontis
2438 4403 2629 4460 delicti
2663 4404 2813 4459 fores
2842 4401 3160 4458 clauderet.
3195 4402 3358 4458 Unde
3388 4420 3496 4476 ego
3537 4387 3731 4460 hodie
3777 4403 3881 4459 ho-

460 4490 596 4544 dam
631 4491 892 4560 prazfatio
925 4495 1032 4557 est,
1066 4508 1131 4545 eo
1158 4491 1312 4560 quod
1346 4493 1501 4544 esset
1529 4488 1621 4543 his
1656 4490 1822 4544 venia
1855 4489 2101 4561 prophe-

457 4576 640 4645 tandi,
681 4577 782 4648 qui
831 4577 890 4631 in
942 4577 1229 4649 psallendi
1282 4576 1607 4632 ministerio
1658 4579 1983 4648 constituti,
2014 4577 2100 4632 di-

458 4667 590 4722 vina
637 4665 874 4722 oracula
928 4665 1188 4719 humana
1235 4681 1370 4719 voce
1418 4665 1813 4736 loquerentur.
1871 4667 1938 4722 Et
1968 4666 2106 4738 quia

458 4774 560 4828 pro
591 4756 770 4811 totius
804 4753 1008 4809 mundi
1041 4752 1326 4808 abolendo
1361 4769 1554 4808 errore
1593 4755 1961 4826 suscipienda
1993 4756 2103 4811 Do-

459 4845 658 4900 minici
709 4843 969 4916 corporis
1017 4840 1212 4914 passio
1273 4842 1438 4907 foret,
1487 4841 1664 4912 hujus
1709 4843 1838 4900 licet
1870 4846 2104 4900 nomine

456 4935 629 5008 cujus
659 4932 942 4989 sedulitas
975 4932 1340 5004 probaretur,
1369 4933 1924 4988 commendatiorem
1973 4951 2103 4989 eru-

454 5023 741 5078 ditionem
773 5022 959 5094 plebis
990 5020 1292 5092 expressit.
1333 5021 1532 5090 Itaque
1568 5020 1758 5092 ipsum
1795 5023 2105 5078 audiamus

456 5112 818 5183 loquentem.

529 5257 642 5323 (27)
674 5255 844 5312 Rom.
884 5254 1022 5309 edit.
1056 5252 1198 5308 sola.
1231 5253 1393 5322 quasi
1421 5269 1545 5308 vero
1569 5253 1755 5325 David
1797 5255 1905 5325 ipsi
1944 5271 1978 5308 a
1999 5255 2107 5308 Do-

456 5340 650 5398 mino;
681 5342 813 5381 cum
847 5331 966 5381 ant.
1019 5326 1157 5379 edit.
1213 5339 1278 5378 ac
1328 5339 1484 5398 mss,
1531 5324 1774 5398 aliquot.
1804 5324 2108 5398 prephetiei

459 5397 570 5468 oris
594 5397 899 5468 ministerio
927 5397 1271 5468 deputentur.
1327 5394 1528 5468 Plures
1559 5394 1817 5466 codices,
1851 5394 1916 5452 et
1945 5413 2106 5468 quae-

463 5465 600 5548 dam
629 5467 764 5548 edit.
818 5465 1048 5548 Ρυπιιξξςξ.ἶ
1087 5469 1402 5548 ministeria
1450 5465 1801 5548 deputentur.
1850 5465 2107 5536 Melius;

466 5541 638 5616 totus.
677 5538 855 5616 enim“
889 5541 981 5616 hic
1036 5539 1198 5616 locus
1245 5537 1525 5616 explicari
1569 5541 1744 5616 debet
1783 5556 1849 5598 eo
1880 5556 2115 5616 sensu:

466 5607 640 5678 Quasi
675 5607 785 5684 ipsi
820 5610 1064 5668 Domino
1095 5609 1196 5682 qui
1229 5607 1400 5669 verus
1432 5615 1521 5670 est
1574 5612 1773 5682 David,
1808 5611 2107 5687 propheti-

2215 4495 2434 4550 mincm
2467 4508 2840 4566 agnoscerem
2889 4491 3206 4547 Dominum
3253 4491 3482 4558 Jesum,
3528 4495 3717 4564 cujus
3761 4509 3881 4548 car-

2215 4599 2347 4639 nem
2404 4599 2518 4638 non
2577 4581 2763 4652 video,
2821 4581 3094 4636 affectum
3149 4580 3314 4653 lego:
3373 4581 3549 4647 unde,
3602 4581 3881 4655 inquam,

2213 4671 2511 4744 hominem
2560 4687 2694 4726 eum
2764 4685 3164 4741 agnoscerem,
3218 4669 3331 4724 nisi
3392 4669 3717 4738 esurisset,
3773 4668 3886 4724 nisi

2213 4761 2458 4817 sitisset:
2495 4759 2608 4814 nisi
2652 4757 2923 4826 flevisset,
2965 4757 3077 4813 nisi
3129 4758 3404 4814 dixisset:
3449 4782 3476 4806 ι(
3521 4759 3752 4815 Tristis
3801 4763 3887 4813 est

2215 4849 2414 4904 anima
2444 4864 2573 4902 mea
2604 4862 2790 4918 usque
2821 4846 2893 4900 ad
2947 4850 3194 4902 mortem
3235 4846 3445 4918 (Matth.
3476 4863 3642 4916 xxvx,
3678 4848 3820 4918 38)?
3851 4870 3878 4893 η

2215 4937 2478 5009 Denique
2511 4935 2797 5008 scriptum
2828 4940 2953 4991 est:
2989 4959 3016 4985 α
3050 4936 3120 4990 Et
3149 4937 3322 4992 homo
3353 4940 3463 5002 est,
3496 4940 3556 4990 et
3590 4937 3738 5008 quis
3788 4952 3880 4990 co-

2215 5031 2455 5100 gnoscet
2485 5042 2618 5081 eum
2662 5025 2832 5096 (llier.
2880 5041 3018 5093 xvn,
3065 5024 3168 5096 9)?
3217 5026 3328 5081 Sed
3379 5023 3555 5080 homo
3609 5041 3726 5096 per
3775 5025 3889 5080 ista

2215 5114 2606 5187 cognoscitur,
2638 5111 2739 5184 qui
2771 5128 2874 5184 per
2903 5128 3079 5184 opera
3123 5113 3318 5170 divina
3365 5130 3547 5185 supra
3599 5113 3884 5168 homines

2216 5275 2418 5314 corum
2449 5255 2810 5329 psalmorum
2840 5259 3048 5329 cantus
3093 5257 3468 5312 attribuatur.
3518 5257 3885 5329 Quanquam

2219 5347 2322 5386 nec
2351 5327 2530 5385 sensu
2561 5331 2773 5393 careat,
2810 5327 2859 5382 si
2889 5343 3087 5384 vocem
3117 5329 3426 5383 ministerio
3456 5327 3750 5384 retineas.

2294 5403 2405 5472 (28)
2431 5401 2652 5479 Horum
2681 5397 2921 5479 nomine
2948 5398 3206 5471 reperias
3226 5398 3422 5455 licebit
3451 5397 3554 5454 lib.
3594 5403 3644 5454 Ι.
3691 5399 3879 5457 Paral.

2617 5472 2850 5617 idem,
2901 5541 3118 5600 dicitur
3164 5560 3267 5618 per
3315 5541 3740 5619 metaphoram
3794 5557 3881 5601 ra-

2269 5632 2280 5670 Ι
2478 5633 2493 5671 ι
2540 5632 2641 5674 l‘lS.

2269 5631 2424 5673 Icum
2459 5631 2641 5674 llDl‘lS.
