4146 6190
292 320 449 387 1225

1415 310 1865 375 ENARRATIO
1909 310 1988 374 IN
2034 309 2419 374 PSALMUM
2463 311 2615 373 LXI.

3569 312 3725 375 I226

284 450 638 511 aestimatur.
672 448 879 520 Itaque
911 445 1039 520 ipse
1068 461 1135 503 eo
1167 460 1354 516 usque
1385 460 1447 503 se
1469 444 1768 502 hominem
1790 446 1944 502 credi
1975 446 2030 514 Α
2059 447 2350 515 suscepta,
2382 460 2502 499 non
2532 458 2601 499 ex
2635 444 2748 495 Deo
2779 439 2947 496 Patre
2977 444 3117 499 nata
3148 459 3160 499 :
3198 459 3544 516 quanquam
3589 446 3723 519 ipsa

285 544 542 611 volebat,
576 556 715 597 cum
745 537 905 597 Deus
936 540 1111 605 esset,
1144 538 1213 591 ut
1266 552 1328 592 se
1385 535 1706 608 appellaret
1762 536 1950 593 homi-

288 650 426 690 nem
458 632 665 688 dicens
694 646 708 686 :
743 651 774 680 «
808 628 961 695 Quid
993 643 1085 683 me
1117 624 1378 698 qumritis
1428 626 1710 692 occidere,
1768 626 1954 682 homi-

284 738 423 779 nem
458 720 561 794 qui
594 718 907 776 veritatem
938 716 1171 774 locutus
1202 731 1335 773 sum
1367 714 1532 771 vobis
1596 714 1773 786 (Joan.
1826 732 1949 783 VIII,

280 813 376 881 40)
409 811 437 867 ?
467 811 584 867 Nec
612 807 810 866 solum
842 806 1171 869 hominem,
1205 804 1307 862 sed
1340 804 1518 861 etiam
1550 804 1737 861 ﬁlium
1770 805 1954 862 homi-
1998 862 2003 865 ,

283 900 377 957 nis
408 900 645 964 diceret,
680 895 842 954 sicut
873 896 957 951 ait
989 914 1003 951 :
1037 918 1065 946 «
1099 895 1249 959 Quid
1284 908 1375 950 me
1404 893 1608 949 dicunt
1664 911 1793 951 esse
1848 894 1951 951 ho-

282 990 474 1047 mines
497 989 686 1045 ﬁlium
719 984 987 1042 hominis
1021 983 1227 1055 (Matth.
1261 1001 1377 1051 xw,
1415 981 1500 1053 13)
1532 983 1560 1038 ‘I
1595 1006 1621 1031 »
1670 984 1833 1041 Unde
1856 983 1953 1039 ille

284 1094 583 1137 summam
614 1080 819 1132 tenere
848 1074 987 1131 ﬁdei
1019 1072 1434 1146 pronuntiatus
1464 1076 1572 1135 est,
1606 1071 1708 1143 qui
1739 1077 1797 1129 et
1850 1072 1951 1129 Dei

282 1166 468 1223 ﬁlium
498 1163 791 1240 cognovit,
856 1167 915 1219 et
972 1162 1276 1219 hominem
1334 1178 1449 1217 non
1511 1160 1760 1234 negavit.
1824 1163 1951 1234 Ipse

286 1256 469 1329 igitur
498 1260 824 1326 utrumque
886 1269 1066 1317 unus,
1125 1249 1537 1323 inseparabilis
1597 1267 1841 1307 numero
1896 1255 1954 1307 et

287 1345 700 1418 agnoscendus
762 1342 960 1414 operis
1017 1339 1415 1408 distinctione,
1478 1356 1592 1395 non
1672 1339 1951 1396 varietate

286 1451 571 1506 personae.
631 1434 757 1490 Non
791 1432 962 1487 enim
995 1429 1143 1486 alter
1172 1446 1242 1487 ex
1272 1430 1458 1496 Patre,
1490 1432 1548 1484 et
1577 1427 1724 1484 alter
1742 1446 1810 1485 ex
1830 1430 1949 1485 Ma-

288 1520 421 1576 ria:
459 1521 562 1577 sed
596 1520 694 1592 qui
730 1522 856 1574 erat
915 1535 983 1573 ex
1037 1517 1221 1581 Patre,
1278 1532 1512 1572 carnem
1569 1516 1827 1588 sumpsit
1882 1533 1950 1572 ex

287 1610 534 1683 Virgine
571 1627 585 1666 :
619 1608 893 1664 aﬁ‘ectum
925 1605 1248 1676 assumpsit
1302 1620 1371 1660 ex
1429 1608 1635 1670 matre,
1669 1610 1735 1660 ut
1792 1607 1950 1661 inﬁr-

291 1706 528 1762 mitates
560 1700 793 1753 nostras
826 1694 954 1766 ipse
984 1693 1330 1764 susciperet.
1366 1692 1529 1749 Unde
1563 1692 1645 1748 ait
1702 1694 1949 1767 prephe-

2063 533 2351 604 subjectio
2398 549 2514 587 non
2545 530 2603 585 in
2662 529 2855 600 specie
2908 530 3151 603 quidem
3211 532 3575 591 inﬁrmitatis
3631 534 3731 604 sit,

2063 622 2163 678 sed
2194 621 2256 677 in
2302 620 2640 694 operatione
2695 617 2953 691 virtutis,
3016 622 3486 696 dispensationis
3538 622 3730 696 magis

2065 710 2432 782 temporariae
2481 705 2704 763 arbitra
2733 708 2871 780 (32),
2926 727 3108 783 quam
3165 716 3447 786 perpetuo
3502 712 3736 772 servitio

2064 799 2423 870 mancipata.
2463 795 2630 852 Unde
2658 798 2715 851 et
2744 798 2826 854 ait
2857 817 2871 855 :
2905 822 2934 851 «
2962 800 3170 858 Nonne
3200 802 3317 871 Deo
3348 802 3590 861 subdita
3631 802 3742 860 erit

2064 888 2262 943 anima
2295 901 2432 942 mea
2458 884 2487 939 ?
2520 904 2547 934 »

2132 978 2185 1033 7.
2216 976 2327 1031 Cur
2362 970 2534 1038 dixit,
2569 973 2700 1043 erit,
2733 975 2784 1032 si
2833 980 3199 1052 sempiterna
3256 983 3543 1055 subjectio
3600 986 3690 1041 est
3716 983 3745 1039 ‘I

2065 1065 2175 1121 Sed
2208 1063 2350 1136 quia
2386 1059 2576 1117 Filius
2625 1062 2729 1120 Dei
2781 1066 2883 1138 qui
2938 1067 3294 1142 loquebatur
3351 1077 3606 1131 aeternus
3658 1077 3749 1130 est

2064 1154 2324 1210 animam
2359 1151 2573 1206 autem
2605 1156 2866 1229 suscepit
2894 1173 2963 1215 ex
2991 1162 3277 1235 tempore,
3310 1162 3442 1220 ideo
3480 1164 3745 1222 futuram

2063 1239 2509 1314 subjectionem
2544 1242 2755 1300 animze
2816 1262 2933 1303 sua:
2991 1250 3148 1307 dicit.
3205 1256 3310 1309 Fer
3359 1253 3554 1326 ipsam
3612 1269 3749 1327 ergo

2062 1327 2437 1415 obedientia,
2472 1342 2580 1399 per
2616 1332 2806 1406 ipsam
2838 1336 3143 1397 humilitas
3177 1358 3190 1410 ;
3223 1359 3351 1415 quae
3380 1347 3583 1401 tamen
3633 1360 3749 1401 non

2063 1421 2134 1476 ad
2167 1412 2600 1476 inﬁrmitatem
2631 1424 2903 1494 potentiae
2963 1412 3258 1501 suscepta‘
3291 1437 3449 1503 sunt,
3512 1433 3618 1489 sed
3674 1433 3748 1489 ad

2063 1503 2489 1580 magisterium
2518 1502 2999 1588 disciplinastse
3019 1518 3176 1574 enim
3208 1520 3500 1577 Dominus
3546 1522 3745 1592 Jesus,

2063 1621 2090 1650 (ι
2121 1614 2257 1652 cum
2284 1597 2455 1652 esset
2486 1595 2547 1653 In
2578 1600 2676 1656 Dei
2714 1602 2919 1671 forma,
2954 1622 3068 1661 non
3101 1609 3369 1680 rapinam
3419 1610 3748 1668 arbitratus

2061 1690 2150 1742 est
2180 1701 2309 1742 esse
2340 1700 2413 1740 se
2443 1689 2726 1760 aqualem
2759 1692 2875 1748 Deo
2908 1710 2921 1759 ;
2956 1695 3057 1749 sed
3116 1698 3507 1769 semetipsum
3549 1700 3749 1756 exina-

293 1797 394 1851 ται
430 1814 458 1841 ‹(
493 1792 563 1844 Et
602 1802 705 1858 pro
739 1781 909 1840 nobis
940 1780 1096 1837 dolet
1126 1782 1241 1851 (lsa
1271 1798 1390 1849 LIII,
1449 1782 1521 1853 li).
1559 1803 1586 1830 ››
1646 1784 1946 1849 Quomodo
1980 1816 2029 1881 B
2062 1773 2228 1873 nivit,
2260 1774 2518 1881 ferinam
2551 1779 2703 1878 servi
2733 1779 3049 1879 accipiens,
3075 1782 3134 1836 in
3165 1784 3622 1843 similitudinem
3645 1787 3744 1844 bo-

286 1880 527 1938 dolebat
557 1891 687 1932 meo
717 1871 937 1941 dolore,
970 1871 1020 1928 si
1070 1887 1267 1927 meum
1328 1887 1441 1927 non
1490 1871 1728 1942 gerebat
1780 1872 1950 1929 aﬁ'ec-

285 1973 415 2025 tum
442 1967 471 2022 ?
501 1987 529 2016 «
563 1963 772 2025 Homo,
800 1958 1010 2031 inquit,
1042 1959 1102 2014 in
1134 1959 1328 2032 plaga,
1361 1963 1418 2016 et
1448 1958 1640 2016 sciens
1673 1961 1822 2017 ferre
1853 1961 1948 2017 in-

286 2055 632 2114 ﬁrmitatem
664 2048 826 2122 (Ibid.
860 2049 936 2119 3),
969 2070 998 2099 »

232 2162 240 2175 '
355 2150 411 2202 6.
448 2144 653 2214 Itaque
684 2137 853 2211 quasi
883 2137 1058 2193 homo
1091 2136 1422 2193 inﬁrmatus
1454 2141 1560 2205 est,
1623 2138 1791 2211 quasi
1849 2138 1948 2195 ho-

287 2252 383 2292 mo
414 2230 605 2291 doluit
635 2246 648 2297 ;
684 2232 742 2283 et
772 2242 881 2283 nos
925 2226 1095 2297 quasi
1156 2226 1454 2282 hominem
1522 2228 1944 2284 aestimavimus

285 2340 423 2381 eum
455 2336 587 2380 esse
616 2318 675 2373 in
707 2314 1007 2373 doloribus
1041 2332 1053 2382 ;
1088 2315 1189 2371 sed
1220 2315 1388 2384 quasi
1426 2314 1606 2370 victor
1635 2316 1941 2372 inﬁrmita-

285 2417 440 2480 tum,
472 2425 590 2467 non
623 2403 1069 2462 inﬁrmitatibus
1098 2402 1307 2469 victus,
1339 2420 1442 2475 pro
1475 2405 1642 2459 nobis
1674 2422 1785 2460 non
1838 2423 1943 2477 pro

286 2516 351 2557 se
381 2497 619 2555 dolebat
652 2514 665 2562 ;
696 2498 754 2550 et
786 2494 1122 2549 inﬁrmatus
1152 2501 1240 2548 est
1270 2509 1384 2547 non
1418 2496 1651 2564 propter
1681 2510 1808 2564 sua,
1840 2495 1942 2551 sed

283 2591 526 2662 propter
556 2588 755 2642 nostra
785 2585 1039 2655 peccata,
1076 2584 1139 2636 ut
1163 2598 1269 2637 nos
1301 2598 1407 2636 suo
1457 2582 1630 2638 livore
1688 2588 1939 2639 sanaret.

284 2678 436 2745 Quid
474 2675 679 2747 utique
708 2676 799 2729 est
830 2693 857 2722 «
888 2671 1063 2727 homo
1094 2671 1154 2725 in
1207 2669 1398 2743 plaga,
1433 2676 1488 2727 et
1546 2671 1735 2728 sciens
1794 2674 1943 2729 ferre

286 2764 719 2830 inﬁrmitatem,
754 2784 782 2811 ››
815 2760 929 2817 nisi
972 2758 1112 2831 quia
1143 2758 1325 2831 plaga
1358 2759 1612 2815 habebat
1667 2777 1941 2833 compas-

282 2856 512 2913 sionem
534 2854 562 2909 ?
593 2854 709 2908 Aut
740 2848 1036 2929 quomodo
1067 2848 1288 2904 sciebat
1321 2848 1466 2904 ferre
1514 2848 1938 2918 inﬁrmitatem,

286 2944 337 2999 si
369 2960 610 3001 sensum
643 2937 1006 2996 inﬁrmitatis
1038 2936 1406 2994 excluserat?
1435 2938 1597 3004 Quod
1628 2938 1783 2994 enim
1814 2955 1942 3010 por-

286 3036 507 3099 tamus,
540 3031 651 3086 boc
681 3046 784 3100 pro
815 3043 989 3085 onere
1037 3027 1423 3085 sustinemus.
1484 3028 1752 3100 Suscepit
1802 3043 1938 3101 ergo

2065 1863 2295 1919 minum
2328 1864 2545 1935 factus,
2576 1866 2635 1922 in
2666 1866 2861 1939 specie
2895 1868 3167 1926 inventus
3197 1874 3263 1926 ut
3290 1870 3470 1929 homo
3496 1891 3508 1930 :
3538 1874 3741 1933 humi-

2061 1951 2227 2008 liavit
2254 1954 2662 2026 semetipsum,
2697 1956 2884 2013 factus
2906 1958 3185 2015 obediens
3211 1976 3399 2031 usque
3432 1963 3510 2018 ad
3576 1980 3735 2022 mor-

2065 2045 2186 2097 tem
2220 2040 2491 2115 (Phttz’pp.
2524 2061 2587 2112 ii,
2618 2046 2652 2098 6
2681 2045 2756 2116 8).
2788 2066 2815 2093 »
2849 2046 3011 2101 Sicut
3038 2048 3355 2119 Apostolus
3386 2050 3557 2121 dicit,
3618 2071 3734 2110 non

2053 2132 2261 2204 jugem
2294 2136 2349 2189 et
2373 2138 2734 2205 perpetuam,
2761 2136 2862 2190 sed
2886 2136 3267 2208 temporalem
3289 2139 3731 2211 subjectionem

2061 2222 2306 2293 cupiens
2336 2222 2633 2279 declarare
2664 2240 2677 2278 :
2726 2222 2919 2295 qualis
2949 2225 3027 2280 sit
3055 2230 3330 2299 suscepta
3356 2244 3499 2285 cum
3530 2247 3729 2302 carne,

2060 2312 2119 2363 et
2148 2311 2412 2381 deposita
2442 2328 2575 2366 cum
2608 2312 2794 2383 ipsius
2825 2314 3084 2384 corporis
3128 2317 3410 2373 servitute
3456 2319 3599 2391 (33).
3634 2320 3729 2377 Sic

2060 2399 2235 2454 etiam
2272 2400 2341 2455 ad
2380 2401 2648 2455 Hebraeos
2681 2400 2967 2473 scriptum
2998 2407 3106 2458 est.
3139 2408 3284 2460 Nam
3316 2420 3457 2462 cum
3514 2424 3728 2481 propo-

2059 2488 2275 2545 suisset
2306 2489 2661 2562 exemplum,
2692 2490 2939 2546 dicens:
2976 2514 3003 2541 ‹‹
3068 2493 3153 2547 Tu
3211 2510 3274 2549 es
3327 2496 3610 2552 sacerdos
3664 2496 3727 2553 in

2057 2582 2362 2645 aeternum,
2397 2579 2724 2634 secundum
2756 2580 3020 2636 ordinem
3053 2581 3487 2640 Melchisedech
3549 2586 3722 2658 (Psal.

2055 2682 2164 2733 CIX,
2196 2666 2227 2721 4
2263 2683 2277 2733 ;
2310 2667 2471 2720 Hebr.
2507 2683 2559 2733 v,
2598 2667 2671 2735 6),
2708 2689 2735 2715 ››
2769 2667 3019 2739 subjecit
3049 2668 3203 2724 idem
3237 2669 3457 2728 Paulus
3486 2687 3498 2726 :
3535 2695 3565 2723 ‹‹
3610 2673 3721 2737 Qui

2054 2754 2113 2809 in
2145 2755 2354 2811 diebus
2384 2756 2578 2811 carnis
2609 2772 2808 2827 preces
2837 2760 2895 2812 et
2923 2758 3386 2830 supplicationes
3442 2761 3722 2819 adhibuit

2052 2842 2103 2898 ei
2135 2844 2232 2915 qui
2267 2846 2463 2916 posset
2492 2843 2740 2901 liberare
2770 2862 2903 2901 eum
2935 2846 3006 2902 de
3036 2850 3241 2914 morte,
3290 2863 3431 2905 cum
3501 2866 3719 2924 magna

2049 2948 2185 2988 voce
2216 2936 2272 2988 et
2300 2932 2575 3004 lacrymis
2607 2950 2618 2986 :
2655 2937 2712 2989 et
2742 2934 3054 2991 exauditus
3078 2937 3151 2992 ab
3179 2936 3279 2993 illo
3312 2941 3496 2994 metu.
3523 2942 3715 3007 Quan-

2051 3037 2230 3092 quam
2262 3024 2417 3076 esset
2448 3020 2657 3089 Filius,
2695 3021 2898 3079 didicit
2921 3039 2989 3079 ex
3048 3024 3142 3081 his
3173 3041 3299 3097 quas
3350 3042 3569 3098 passus
3623 3035 3714 3088 est

288 3124 527 3194 peccata
558 3121 778 3184 nostra,
820 3121 884 3173 ut
940 3120 1198 3194 portaret
1231 3136 1243 3173 :
1306 3116 1565 3188 suscepit
1621 3116 1819 3184 etiam,
1876 3121 1940 3173 ut
1977 3187 2007 3194 _
2046 3108 2438 3165 obedientiam
2475 3114 2565 3166 :et
2594 3116 3040 3170 consummatus
3071 3115 3619 3187 obtemperantibus
3636 3119 3711 3176 si-

287 3187 588 3282 purgaret.
621 3204 881 3279 Denique
912 3187 1198 3279 scriptum
1231 3210 1320 3261 est
1345 3223 1357 3259 :
1395 3228 1421 3256 ‹‹
1452 3187 1519 3260 Et
1548 3211 1781 3276 peccata
1836 3222 1937 3261 eo-
1967 3187 2008 3254 C
2048 3199 2107 3255 bi
2129 3216 2308 3255 causa
2334 3201 2517 3254 factus
2538 3204 2627 3255 est
2659 3200 2866 3257 salutis
2896 3205 3408 3263 aeternaewocatus
3428 3223 3463 3263 a
3483 3207 3599 3263 Deo
3618 3224 3705 3265 sa-

287 3315 420 3355 rum
453 3298 580 3371 ipse
612 3295 882 3369 purgavit
912 3294 1046 3367 (30).
1094 3293 1226 3350 Ideo
1258 3292 1382 3365 ipse
1438 3292 1775 3349 hereditate
1809 3310 1939 3365 pos-

286 3384 501 3444 sidebit
526 3383 766 3451 multos,
800 3387 857 3440 et
880 3380 1120 3438 fortium
1152 3380 1437 3451 partietur
1467 3377 1652 3449 spolia
1672 3378 1831 3449 (Ibid.
1856 3380 1940 3433 11.

288 3476 397 3546 12).
430 3498 458 3525 ››
492 3474 578 3530 Ibi
609 3472 769 3528 enim
801 3471 991 3541 major
1048 3466 1407 3539 triumphus,
1472 3465 1570 3521 ubi
1629 3482 1798 3521 mens
1855 3465 1940 3521 in-

287 3569 455 3619 terna
484 3561 825 3617 mundatur.
859 3557 1024 3622 Quod
1056 3558 1252 3626 portat
1279 3556 1478 3627 igitur,
1512 3555 1584 3611 ad
1643 3554 1945 3611 remissio—

290 3667 427 3706 nem
466 3649 763 3720 pertinet;
822 3645 973 3703 951
1038 3644 1192 3715 quod
1248 3648 1480 3717 purgat,
1542 3644 1614 3700 ad
1647 3643 1947 3701 correctio-

293 3752 452 3792 nem.
547 3733 816 3805 Suscepit
871 3733 1070 3804 itaque
1116 3732 1583 3805 compassionem
1662 3736 1943 3803 nostram,

290 3825 554 3897 suscepit
610 3827 667 3879 et
695 3821 1157 3893 subjectionem.
1191 3823 1351 3888 Quod
1376 3823 1533 3879 enim
1557 3823 1807 3893 subjecit
1835 3823 1948 3879 sibi

290 3913 491 3971 omnia
521 3927 697 3968 suum
728 3915 818 3967 est
848 3928 861 3967 :
894 3911 1051 3983 quod
1084 3911 1506 3982 subjectusest,
1535 3916 1802 3969 nostrum
1833 3917 1944 3982 est,

293 4002 543 4073 Ideoque
572 4001 654 4057 ait
681 4017 693 4057 :
729 4023 756 4050 «
788 4000 994 4056 Nonne
1013 3999 1128 4056 Deo
1146 4001 1386 4057 subdita
1407 4001 1516 4057 erit
1535 4002 1733 4057 anima
1756 4000 1943 4057 mea?»

290 4089 527 4155 Anima,
561 4090 777 4161 inquit,
811 4088 1072 4155 subdita,
1104 4106 1220 4146 non
1250 4089 1526 4148 divinitas
1557 4091 1788 4147 :anima
1811 4092 1950 4147 sub-

284 4180 462 4251 jecta,
496 4195 611 4234 non
642 4176 743 4233 Dei
778 4177 984 4233 virtus.
1018 4178 1221 4235 Virtus
1267 4180 1424 4235 enim
1460 4179 1558 4236 Dei
1618 4196 1734 4236 non
1791 4183 1949 4253 pote-

291 4267 427 4324 stati
458 4266 700 4322 subdita
728 4268 866 4333 est;
928 4265 1031 4321 sed
1092 4266 1314 4323 unitate
1367 4269 1499 4335 (3t),
1547 4272 1604 4324 et
1660 4268 1952 4331 consortio

290 4357 422 4427 ejus
453 4356 638 4413 utitur
668 4354 997 4427 potestatis.
1036 4353 1141 4410 Illa
1166 4356 1430 4427 subjecta
1479 4361 1586 4425 est,
1653 4373 1779 4428 qua:
1840 4358 1953 4413 hu-

293 4460 479 4501 manae
511 4442 864 4501 conditionis
897 4442 1213 4515 fragilitate
1262 4443 1605 4516 plerumque
1667 4449 1952 4515 mutatur,

295 4622 462 4689 titur,
496 4626 552 4678 et
581 4621 789 4679 anima
822 4637 977 4689 caro,
1014 4637 1143 4693 quae
1173 4621 1285 4677 sibi
1338 4622 1591 4694 quodam
1650 4623 1960 4679 contuber-

297 4711 397 4767 nio
414 4710 781 4783 copulantur.
807 4708 913 4765 llla
936 4708 1272 4780 subjicitur,
1296 4726 1422 4780 qua:
1446 4708 1632 4766 tristis
1684 4716 1790 4778 est,
1824 4711 1962 4784 quia

296 4798 587 4872 scriptum
619 4803 708 4855 est
740 4815 752 4853 :
794 4820 816 4849 ε
852 4798 1063 4853 Tristis
1091 4801 1181 4854 est
1210 4797 1407 4854 anima
1456 4816 1586 4855 mea
1644 4816 1830 4872 usque
1887 4802 1957 4857 ad

298 4891 548 4944 mortem
584 4888 792 4961 (Matth.
829 4903 975 4943 xxvx.
1035 4886 1150 4958 38).
1215 4910 1242 4936 ››
1306 4887 1408 4943 Illa
1464 4888 1776 4959 subjicitur
1832 4906 1960 4961 qua:

357 5001 489 5127 ⁸έ30)
524 5003 689 5059 Rom.
723 5002 889 5075 edit.,
914 5004 987 5059 Et
1010 5006 1230 5075 peccata
1258 5004 1563 5059 multorum
1596 5006 1709 5076 ipse
1754 5020 1961 5076 purga-

304 5090 405 5129 υιι.

375 5146 487 5221 (3_l_)
519 5146 921 5221 Cunctae‘edit.
956 5164 1023 5203 ac
1054 5147 1316 5221 plerique
1367 5165 1512 5206 mss.
1549 5165 1656 5205 non

291 5215 517 5273 subdita
544 5222 644 5285 est,
678 5217 772 5274 sed
802 5221 1027 5287 unitati,
1054 5215 1238 5276 ξω...-
1258 5220 1465 5277 Melius
1500 5221 1630 5277 cod.

300 5292 482 5351 ter,...
518 5289 618 5344 sed
652 5290 896 5360 unitate,
931 5294 1037 5347 etc.

374 5360 765 5434 (3_2)_.4rb_itra,
790 5360 855 5434 id
890 5366 997 5428 est,
1024 5361 1193 5434 testis
1230 5380 1242 5429 ;
1277 5380 1379 5434 per
1408 5363 1558 5419 hanc
1576 5362 1731 5417 enim
1757 5360 1963 5417 animas

300 5428 523 5510 Cbristi
558 5429 979 5510 subjectionem
1014 5428 1386 5510 dispensatio
1409 5435 1679 5510 humanae
1738 5433 1963 5510 redem-

303 5501 525 5572 ptionis
556 5501 925 5572 manifestata
956 5506 1044 5556 est
1078 5519 1090 5567 ;
1117 5501 1257 5557 eum
1291 5505 1424 5560 inde
1452 5504 1764 5561 consilium
1822 5504 1965 5559 divi-

304 5569 452 5645 nam
477 5569 879 5645 inobedientias
913 5573 1086 5645 primi
1108 5574 1240 5645 Adae
1267 5591 1367 5645 per
1389 5576 1634 5631 secundi
1689 5576 1963 5633 obedien-

304 5639 452 5702 tiam
479 5641 809 5717 reperandae
840 5639 1317 5704 intellexerimus.
1377 5652 1496 5706 Aut
1552 5646 1699 5707 forte
1748 5649 1965 5711 arbitra

633 5770 891 5834 PAIBUL.
940 5771 1098 5836 XIV.

1753 5149 1967 5204 otestatz'

1744 5237 1832 5294 eg.
1887 5218 1966 5274 al-

2050 3289 2255 3344 cerdos
2285 3289 2610 3344 secundum
2641 3290 2906 3346 ordinem
2935 3290 3359 3351 Melchisedech
3416 3296 3598 3368 (Hebr.
3648 3314 3703 3368 ν,

2050 3376 2228 3445 6-10).
2265 3398 2293 3425 ››
2326 3376 2530 3431 Nonne
2559 3377 2740 3449 igitur
2797 3379 3096 3436 evidenter
3150 3380 3428 3440 clamavit
3464 3390 3708 3458 Aposto-
3822 3370 3850 3389 ’

2052 3462 2168 3527 lus,
2191 3462 2390 3517 dicens
2431 3463 2826 3521 obedientiam
2857 3467 3019 3524 illam
3050 3473 3110 3526 et
3162 3470 3558 3531 humilitatem
3590 3490 3706 3533 non

2055 3549 2381 3606 divinitatis
2414 3549 2617 3617 fuisse,
2654 3554 2757 3608 sed
2791 3555 2984 3611 carnis
3014 3557 3041 3609 ?
3073 3558 3238 3621 Quod
3267 3563 3424 3619 enim
3470 3562 3705 3634 αἰσίων,

2054 3637 2375 3710 temporale
2405 3638 2513 3691 est.
2551 3638 2728 3701 Quasi
2760 3640 2935 3696 homo
2955 3658 3092 3715 ergo
3123 3662 3191 3701 ex
3222 3648 3317 3705 his
3345 3668 3474 3721 qua
3496 3668 3709 3724 passus

2056 3731 2163 3795 est,
2194 3726 2398 3781 didicit
2427 3725 2851 3797 obedientiam;
2884 3734 2949 3785 ut
2967 3743 3483 3795 consummaretur
3509 3740 3570 3796 in
3591 3756 3710 3797 car-

2057 3833 2149 3884 ne,
2180 3821 2235 3872 et
2266 3833 2368 3888 per
2396 3815 2738 3873 obedientiaa
2771 3819 3132 3878 transfusam
3162 3822 3223 3879 in
3256 3842 3362 3882 nos
3393 3829 3713 3885 successio-

2060 3921 2193 3961 nem
2223 3922 2401 3961 causa
2431 3905 2593 3961 ﬁeret
2622 3907 2791 3964 nobis
2821 3907 3028 3966 salutis
3060 3915 3309 3981 aeterna),
3334 3913 3550 3987 quibus
3577 3920 3713 3973 ante

2059 4011 2162 4068 per
2191 3994 2596 4051 inobedientiie
2628 3996 3027 4055 beereditatem
3086 4002 3316 4074 primus
3373 4003 3470 4061 ille
3524 4003 3711 4062 Adam

2062 4101 2241 4141 causa
2271 4084 2459 4141 factus
2488 4090 2577 4142 est
2598 4088 2823 4143 mortis.

2133 4175 2183 4229 8.
2222 4173 2520 4245 Subjectio
2552 4191 2687 4249 ergo
2719 4176 3127 4250 magisterium
3156 4180 3389 4239 virtutis
3419 4182 3714 4251 humanae,

2062 4279 2179 4319 non
2211 4263 2416 4319 divinae
2447 4263 2782 4322 imminutio
2814 4268 3118 4338 potestatis
3146 4274 3253 4327 est.
3287 4272 3432 4327 Nam
3464 4271 3514 4327 si
3546 4268 3715 4327 illum

2065 4352 2350 4409 minorem
2376 4352 2584 4409 Filium
2615 4358 2672 4409 et
2724 4355 3071 4428 inaequalem
3103 4358 3255 4415 Patri
3291 4360 3518 4427 dicunt,
3580 4358 3717 4433 quia

2064 4446 2189 4498 erat
2215 4442 2486 4499 subditus
2515 4442 2669 4499 Patri
2699 4443 2813 4500 Deo
2849 4462 2861 4513 ;
2915 4446 3204 4519 numquid
3237 4451 3295 4505 et
3345 4452 3533 4505 matre
3588 4449 3717 4505 ideo

176 4526 195 4547 '
296 4550 413 4590 non
444 4550 570 4605 quae
604 4533 819 4589 mutari
852 4549 966 4591 non
1002 4535 1208 4604 potest.
1240 4534 1454 4590 Anima
1499 4533 1660 4589 carni
1719 4551 1953 4607 compa-
1987 4554 2033 4618 Ι)
2066 4531 2276 4598 minor,
2336 4532 2475 4603 quia
2530 4533 2805 4589 subditus
2857 4538 2981 4589 erat
3056 4537 3285 4593 matri?
3337 4538 3575 4595 Lectum
3632 4541 3721 4594 est

2070 4620 2227 4676 enim
2259 4621 2329 4676 de
2357 4620 2575 4693 Joseph
2607 4626 2663 4677 et
2694 4622 2879 4678 Maria
2911 4640 2923 4678 :
2977 4647 3006 4674 «
3041 4624 3107 4682 Et
3142 4632 3267 4685 erat
3298 4628 3571 4684 subditus
3601 4626 3719 4681 illis

2072 4711 2221 4781 (Luc.
2257 4711 2453 4781 ii,5l).
2477 4712 2682 4768 »958
2724 4712 2833 4767 Sed
2856 4712 3042 4785 pietas
3077 4718 3357 4774 omnibus
3396 4714 3566 4772 nobis
3603 4730 3720 4769 non

2071 4798 2402 4871 dispendio,
2427 4801 2527 4855 sed
2551 4800 2908 4858 incremento
2931 4807 3055 4873 est;
3082 4821 3185 4877 per
3234 4821 3410 4877 quam
3446 4802 3721 4860 omnibus

2072 4886 2239 4945 nobis
2262 4887 2547 4946 Dominus
2569 4890 2743 4947 Jesus
2766 4891 2940 4946 tidem
2963 4891 3178 4947 infudit
3221 4896 3279 4947 et
3327 4890 3579 4964 gratiam
3611 4906 3626 4960 ;
3657 4891 3724 4945 ut

2074 5003 2229 5058 idem
2261 5006 2696 5086 quodammodo
2728 5009 2818 5086 est
2849 5005 3351 5086 achmodsratrixg
3403 5005 3548 5086 quia
3603 5004 3722 5086 dis:

2073 5075 2475 5149 pensationem
2509 5079 2671 5135 illam
2694 5078 2893 5149 anima
2920 5076 3134 5149 Christi
3184 5075 3445 5133 Domini_
3468 5075 3725 5149 suscepit

2075 5147 2191 5221 non
2223 5154 2441 5221 coacta,
2477 5152 2577 5206 sed
2612 5150 2830 5204 volens.
2865 5147 3087 5221 Quippe
3114 5148 3363 5221 oblatus
3419 5154 3528 5215 est,
3587 5147 3726 5221 quia

2073 5220 2200 5292 ipse
2229 5220 2430 5285 voluit,
2463 5226 2530 5276 ut
2560 5221 2891 5292 Isaias‘Liii,
2924 5220 2979 5283 7,
3010 5219 3382 5277 vaticinatur.

2146 5292 2255 5365 (33)
2288 5293 2387 5348 Dei
2421 5292 2601 5375 Filius
2628 5289 3082 5375 subiectionem.
3104 5292 3341 5363 quidem
3403 5308 3536 5347 cum
3593 5308 3725 5375 cor-

2075 5361 2213 5446 pore
2240 5361 2518 5434 SUscepit,
2546 5363 2647 5417 sed
2678 5377 2792 5416 non
2822 5361 3091 5441 deposuit
3120 5361 3254 5418 cum
3286 5380 3561 5445 corpore;
3587 5363 3727 5447 quia

2075 5434 2221 5490 illud
2257 5436 2411 5491 quod
2470 5436 2655 5489 semet
2693 5437 3035 5491 assumDSIt.
3096 5450 3423 5491 numquam
3481 5435 3726 5491 dimisit.

2075 5448 2221 5490 iiiua
2257 5448 2411 5506 quon
2470 5448 2655 5489 semet
2693 5448 3035 5502 assumpsu,
3096 5450 3423 5507 numquam
3481 5448 3726 5491 dimisit.

2075 5506 2355 5591 Deposuit
2384 5521 2512 5560 vero
2544 5520 2677 5559 cum
2710 5504 2984 5591 corporis.
2997 5506 3274 5591 servitute
3307 5524 3320 5575 ;
3354 5504 3728 5591 quando‘sci-

2074 5574 2210 5659 licet
2240 5593 2454 5659 corpus
2481 5592 2726 5659 excusso
2758 5574 3161 5659 mortalitatis“
3178 5579 3345 5654 jugo,
3370 5574 3729 5637 immortali-

2076 5648 2215 5708 tatis
2245 5647 2481 5707 dotibus
2512 5647 2824 5724 praaditum
2856 5647 3190 5713 resurrexit}

3329 5778 3408 5851 39
