4146 6190
470 226 624 285 1227

1945 225 2006 283 S.
2057 221 2431 286 AMBROSII

3715 223 3844 289 1298

468 373 575 413 nos
605 353 812 426 spiritu
843 351 999 408 fideli
1030 351 1298 408 subditos
1331 352 1484 408 Patri
1516 353 1689 409 faciat
1719 353 1855 410 Deo.
1891 354 1956 408 Et
1986 353 2114 409 ideo
2145 353 2199 420 Α
2229 356 2420 423 nobis,
2451 360 2509 413 et
2548 359 2718 428 quasi
2775 358 2964 414 bonus
3021 359 3345 430 negotiator
3399 357 3557 416 οδω
3618 373 3844 419 mercem

468 460 613 500 novo
642 446 699 499 et
725 441 1015 515 profundo
1045 441 1289 498 consilio
1318 443 1628 514 Apostolus
1658 443 1738 499 ait
1777 443 1931 516 quod
1984 443 2108 515 ipse

466 531 621 588 Patri
653 531 762 588 erit
793 532 1094 606 subjectus
1127 532 1185 586 in
1220 532 1407 598 nobis,
1440 549 1574 588 cum
1608 533 1781 588 fuerit
1811 534 1869 588 in
1925 532 2110 587 omni-

464 622 578 680 bus
608 620 910 695 plenitudo
945 621 1097 690 ﬁdei,
1131 625 1186 676 et
1217 623 1482 693 quaedam
1525 621 1847 678 devotionis
1895 621 2110 676 unitas.

465 711 633 768 Nunc
665 711 822 768 enim
855 711 1114 783 quandiu
1145 711 1448 767 sententiis
1489 711 1914 783 discrepamus,
1967 727 2112 783 quo-

468 800 783 857 dammodo
815 816 1061 873 regnum
1093 799 1306 856 Christi
1343 801 1707 856 minoramus
1741 818 1753 855 :
1788 800 1925 872 quia
1972 817 2114 853 non-

468 892 612 946 dum
643 889 694 946 ei
726 889 989 961 subjecta
1021 892 1159 945 sunt
1189 889 1407 957 omnia,
1443 890 1611 960 cujus
1645 905 1887 961 regnum
1923 889 2118 943 unitas

469 983 560 1035 est
594 997 606 1034 :
641 1002 668 1029 ‹‹
703 978 845 1034 Cum
878 983 1073 1034 autem
1106 978 1368 1048 subjecta
1395 977 1478 1032 illi
1512 979 1725 1033 fuerint
1757 979 2118 1045 omnia,tunc

469 1071 528 1124 et
555 1067 677 1141 ipse
709 1068 1007 1139 subjectus
1039 1068 1147 1123 erit
1174 1067 1256 1122 illi
1290 1067 1389 1138 qui
1447 1066 1558 1122 sibi
1617 1068 1868 1138 subjecit
1902 1055 2118 1132 omnia,

469 1163 535 1212 ut
566 1156 643 1213 sit
672 1161 825 1214 Deus
857 1157 1054 1213 omnia
1083 1157 1143 1212 in
1175 1156 1448 1213 omnibus
1482 1159 1524 1228 (ι
1559 1157 1681 1211 Cor.
1715 1173 1802 1223 xv,
1835 1158 1924 1228 28)
1951 1175 1963 1223 ;
1989 1178 2015 1206 »
2043 1156 2120 1210 si-

471 1251 570 1303 cut
596 1246 880 1319 scriptum
911 1251 1020 1302 est.
1055 1246 1219 1301 Nunc
1247 1245 1404 1301 cnim
1437 1249 1719 1317 potestate
1759 1262 1938 1317 supra
1996 1261 2121 1299 om—

472 1353 576 1393 nes
606 1340 714 1403 est,
747 1336 848 1392 sed
881 1352 1029 1408 opus
1059 1338 1148 1391 est
1179 1339 1241 1390 ut
1271 1334 1350 1391 sit
1382 1335 1439 1389 in
1473 1334 1749 1390 omnibus
1792 1333 2117 1388 voluntate:

469 1425 623 1483 volet
655 1429 874 1496 autem,
907 1442 1041 1480 eum
1073 1424 1270 1480 omnia
1302 1424 1361 1478 in
1412 1423 1580 1480 nobis
1637 1423 1971 1495 cognoverit
2030 1421 2121 1477 sui

471 1513 661 1588 plena,
694 1517 751 1570 et
782 1531 964 1571 vacua
993 1513 1359 1569 delictorum.
1396 1513 1667 1568 Nondum
1693 1513 1872 1585 igitur
1903 1511 2123 1581 subjec-

468 1608 568 1660 tus
597 1609 687 1660 est
741 1603 896 1659 Patri
946 1602 1084 1674 quia
1113 1603 1370 1657 nondum
1405 1601 1602 1657 omnia
1643 1606 1700 1656 et
1732 1601 1790 1656 in
1850 1601 2124 1655 omnibus

471 1691 736 1748 Christus
765 1708 782 1745 :
812 1707 948 1745 cum
981 1694 1181 1745 autem
1215 1690 1393 1745 fuerit
1425 1689 1624 1745 omnia
1651 1694 1707 1744 et
1737 1690 1795 1742 in
1850 1688 2123 1744 omnibus
2154 1717 2200 1783 Β

471 1779 760 1846 Christus,
792 1778 902 1834 erit
931 1778 1132 1834 omnia
1161 1782 1217 1834 et
1250 1778 1308 1831 in
1366 1779 1641 1833 omnibus
1724 1778 1898 1833 Deus.
1961 1776 2123 1831 Unde

473 1868 770 1941 colligitur
815 1884 996 1923 unum
1047 1883 1178 1922 esse
1235 1882 1478 1938 regnum
1536 1866 1723 1922 Patris
1777 1870 1833 1921 et
1888 1864 2035 1932 Filii,
2068 1868 2125 1919 et

475 1957 653 2014 etiam
684 1956 935 2028 Spiritus
965 1955 1154 2012 sancti
1187 1974 1198 2024 ;
1232 1956 1368 2026 quia
1401 1957 1500 2028 qui
1552 1954 1763 2010 Filium
1820 1953 2120 2026 receperit,

473 2050 530 2102 et
576 2050 830 2116 Patrem,
900 2045 1106 2118 recipit
1154 2050 1210 2100 et
1267 2045 1548 2116 Spiritum
1611 2048 1931 2111 sanctum;
1985 2043 2124 2115 quia

473 2153 594 2192 una
621 2135 830 2207 gratia,
861 2152 976 2191 una
1015 2134 1275 2206 operatio
1305 2134 1606 2190 Trinitatis
1631 2139 1737 2189 est.

543 2226 598 2293 9,
632 2225 952 2295 Meritoque
981 2223 1205 2279 addidit
1235 2223 1516 2279 Dominus
1551 2241 1562 2278 :
1599 2248 1622 2270 ‹‹
1661 2224 1747 2277 Ab
1779 2223 1905 2294 ipso
1964 2221 2124 2277 enim

475 2313 734 2370 salutare
764 2329 1045 2368 meum.»
1105 2312 1280 2376 Quasi
1334 2311 1597 2368 diceret:
1659 2311 1849 2366 Nolite
1899 2309 2120 2365 turbari

477 2402 616 2476 quia
646 2401 762 2456 dixi
795 2403 1048 2457 animam
1081 2417 1269 2456 meam
1302 2401 1422 2456 fore
1457 2403 1566 2456 Deo
1616 2400 1933 2456 subditam.
1986 2399 2122 2453 Ani-

476 2507 574 2547 ma
602 2490 712 2547 erit
740 2491 996 2559 subdita,
1031 2507 1158 2562 quae
1189 2490 1362 2546 vestri
1385 2495 1472 2546 est
1503 2489 1689 2562 portio
1716 2507 1728 2556 ;
1755 2487 2008 2544 salutare
2030 2505 2126 2542 au-

475 2584 593 2636 tem
625 2596 822 2636 meum
854 2580 925 2635 ab
956 2579 1083 2651 ipso
1119 2597 1132 2648 ;
1165 2579 1273 2635 hoc
1295 2583 1402 2646 est,
1462 2578 1600 2650 quia
1640 2597 1673 2634 a
1733 2579 1899 2634 Patre
1952 2581 2007 2632 et
2067 2577 2125 2631 in

476 2670 646 2726 Patre
679 2685 910 2742 semper
925 2685 1080 2726 sum.
1105 2671 1153 2721 A
1174 2671 1344 2723 Patre
1367 2667 1522 2723 enim
1553 2667 1682 2725 veni
1706 2666 1762 2721 in
1786 2667 1941 2722 hunc
1956 2683 2125 2721 mun-

476 2760 659 2828 dum;
693 2764 748 2814 et
780 2758 831 2814 si
855 2758 1066 2814 videtis
1108 2757 1432 2828 hominem,
1466 2756 1567 2812 Dei
1620 2756 1830 2811 Filium
1889 2755 2125 2810 credite.

481 2872 507 2900 ‹‹
541 2852 685 2904 Cum
715 2847 935 2904 venerit
965 2853 1163 2903 autem
1193 2846 1526 2902 Paracletus
1557 2862 1729 2917 quem
1761 2862 1866 2917 ego
1897 2844 2126 2899 mittam

478 2937 642 2996 vobis
673 2953 706 2993 a
736 2937 900 2993 Patre
933 2953 1081 3005 meo,
1113 2934 1366 3006 Spiritus
1395 2934 1675 3001 veritatis,
1711 2933 1810 3005 qui
1868 2951 1902 2988 a
1959 2937 2128 2988 Patre

479 3043 606 3084 meo
637 3024 915 3099 procedit,
950 3023 1044 3080 ille
1091 3023 1496 3079 testimonium
1555 3021 1878 3094 perhibebit
1907 3023 1976 3077 de
2034 3038 2126 3077 me

485 3085 659 3189 (Ιοαηῖ
693 3132 785 3186 xv,
965 3137 991 3163 »
1024 3115 1092 3170 Et
1123 3112 1301 3169 Filius
1330 3130 1363 3168 a
1395 3085 1870 3183 Patreprocedit,
1905 3117 1961 3165 et
2000 3114 2126 3183 Spi-
2159 3085 2200 3151 C

485 3205 634 3262 ritus
662 3205 734 3261 ab
765 3204 892 3277 ipso
923 3203 1205 3275 procedit.
1240 3203 1319 3256 De
1351 3201 1574 3256 unitate
1613 3217 1748 3273 ergo
1805 3201 2129 3256 divinitatis

480 3295 827 3367 ambiguum
858 3293 1024 3348 nihil.
1059 3292 1310 3360 Ideoque
1339 3289 1668 3361 concupivit
1698 3289 1874 3346 David
1899 3291 2005 3346 hoc
2035 3309 2126 3347 sa-

481 3383 669 3438 lutare
700 3381 800 3436 Dei
831 3380 1001 3435 nobis
1058 3378 1183 3434 dari
1235 3379 1371 3450 quia
1396 3379 1516 3451 ipse
1549 3383 1638 3434 est
1669 3379 1786 3434 vita
1815 3383 2047 3448 aeterna,
2078 3381 2128 3436 si

480 3476 538 3527 et
567 3471 797 3525 Patrem
826 3483 1030 3523 verum
1062 3467 1246 3523 Deum
1295 3484 1722 3540 cognoscamus
1776 3472 1833 3524 et
1889 3468 2127 3537 Filium,

481 3575 657 3632 quem
683 3575 787 3630 pro
819 3561 1019 3613 nostra
1074 3562 1294 3611 certum
1354 3562 1443 3613 est
1498 3557 1687 3613 salute
1743 3558 1970 3614 venisse
2025 3559 2127 3613 sed

479 3665 594 3706 non
617 3647 884 3720 rapinam
917 3646 1235 3702 arbitratus
1265 3652 1353 3702 est
1383 3664 1511 3702 esse
1553 3664 1612 3702 se
1644 3647 1925 3718 aequalem
1985 3647 2119 3702 Deo.

477 3737 878 3794 Asertionem
907 3753 1026 3792 suae
1059 3735 1382 3792 divinitatis
1413 3740 1760 3806 sequestrat,
1795 3741 1850 3791 et
1889 3736 2122 3808 dispen-

470 3827 716 3884 sationis
747 3826 1016 3882 hnmanae
1051 3828 1424 3898 repraesentat
1454 3824 1736 3880 officium.

548 3917 634 3971 10.
666 3915 850 3982 (Vers.
888 3916 964 3986 3.)
999 3914 1246 3986 Ideoque
1275 3914 1542 3986 adjunxit
1572 3914 1767 3968 statim
1797 3931 1807 3968 :
1841 3936 1865 3962 «
1901 3913 2123 3969 Etenim

475 4006 599 4078 ipse
629 4008 718 4061 est
744 4009 896 4060 Deus
929 4019 1115 4070 meus,
1153 4002 1423 4058 defensor
1454 4019 1620 4058 meus
1651 4001 1763 4072 (δι)
1800 4020 1812 4068 ;
1841 4019 1957 4057 non
2000 4019 2123 4058 mo-

471 4094 647 4151 vebor
676 4093 951 4166 amplius.
991 4117 1011 4141 ο
1048 4091 1178 4147 Haec
1203 4091 1401 4162 utique
1433 4090 1602 4162 quasi
1635 4091 1808 4146 homo
1840 4089 2120 4161 loquitur,

474 4184 612 4256 quia
635 4184 692 4238 in
725 4182 840 4238 Deo
873 4198 1034 4254 spem
1071 4184 1329 4236 nostram
1382 4181 1664 4236 debemus
1725 4196 2020 4251 reponere,
2054 4196 2123 4235 ne

471 4271 641 4328 facile
679 4271 998 4339 labamur;
1045 4286 1383 4341 quanquam
1443 4269 1500 4323 in
1559 4286 1624 4324 eo
1676 4269 1829 4340 quod
1891 4268 2124 4325 locutus

474 4365 599 4416 est:
626 4383 652 4409 «
686 4361 810 4416 Non
839 4361 1113 4416 movebor
1135 4358 1411 4432 amplius,
1438 4384 1464 4407 ››
1489 4359 1758 4414 ostendat
1801 4358 2014 4413 habere
2062 4375 2123 4413 se

2221 462 2388 500 suam
2421 445 2641 518 proprii
2674 447 2932 519 corporis
2964 448 3238 519 passione
3271 452 3545 504 servaret.

2298 536 2382 589 11.
2418 535 2607 604 (Vers.
2633 535 2713 607 5.)
2747 535 2975 590 Etcum
3007 535 3114 591 hoc
3144 537 3384 605 diceret,
3424 537 3640 594 levavit
3676 539 3851 596 oculos

2223 640 2390 690 suos,
2423 629 2477 678 et
2518 622 2662 678 vidit
2718 622 2855 678 hinc
2913 630 3330 695 persecutores,
3390 626 3527 682 inde
3585 628 3854 700 nequitias

2226 712 2522 784 Spiritales
2554 712 2612 766 in
2647 730 2830 767 unum
2863 714 3187 781 convenire,
3221 720 3277 770 et
3305 715 3389 770 ait
3423 733 3435 771 :
3478 740 3497 763 α
3562 717 3856 788 Quousque

2228 802 2454 857 irruitis
2519 801 2576 856 in
2645 801 2964 869 hominem,
3021 802 3432 858 interﬁcientes
3491 805 3855 872 universos,»

2229 890 2337 945 hoc
2369 896 2453 946 est
2487 908 2498 944 :
2535 891 2682 956 Quid
2717 891 2906 946 delere
2937 907 3121 962 genus
3153 891 3443 947 festinatis
3492 893 3859 950 humanum?

2230 979 2539 1034 Hominem
2573 979 2812 1034 nescitis
2872 996 2963 1034 mc
2992 996 3094 1050 pro
3153 980 3418 1035 omnium
3480 983 3861 1054 redemptione

2229 1068 2455 1124 venisse
2487 1068 2737 1123 ?0btu1i
2768 1086 2858 1123 me
2902 1085 3004 1140 pro
3063 1069 3314 1135 cunctis,
3355 1075 3421 1124 ut
3475 1085 3677 1126 omnes
3736 1089 3862 1128 mea

2231 1157 2523 1213 oblatione
2557 1161 2938 1230 protegerem.
2972 1157 3289 1213 Hominum
3320 1172 3477 1230 ergo,
3511 1165 3609 1214 aut
3637 1177 3734 1231 pro
3761 1161 3861 1216 hu-

2233 1265 2408 1302 mana
2438 1247 2597 1302 omni
2632 1247 2953 1318 accipimus
2986 1245 3358 1302 multitudine
3391 1265 3405 1314 ;
3439 1252 3541 1302 aut
3571 1248 3624 1304 si
3656 1249 3724 1304 de
3759 1266 3865 1305 uno

2231 1337 2575 1407 accipimus,
2631 1337 2702 1391 de
2734 1336 2859 1408 ipso
2911 1336 3132 1391 dictum
3162 1335 3546 1408 intelligimus
3581 1355 3596 1392 :
3633 1338 3871 1406 Irruitis,

2232 1426 2333 1482 sed
2369 1427 2424 1480 in
2461 1426 2757 1482 hominem
2794 1445 2806 1494 ;
2840 1426 2978 1498 quia
3017 1442 3198 1497 supra
3250 1425 3433 1480 Deum
3485 1426 3712 1483 irruere
3768 1444 3869 1484 non

2233 1515 2474 1586 potestis
2506 1537 2524 1582 ;
2557 1515 2708 1570 sicut
2739 1515 2919 1570 habes
2950 1513 3085 1569 alibi
3115 1531 3128 1567 :
3187 1536 3214 1564 ‹‹
3270 1513 3417 1578 Quid
3477 1531 3572 1570 me
3632 1516 3874 1587 quaeritis

2235 1604 2492 1659 occidere
2524 1603 2824 1658 hominem
2857 1605 3030 1673 (Joun.
3059 1618 3182 1670 VIII,
3211 1603 3299 1671 40)
3334 1625 3355 1650 ι
3390 1602 3418 1656 ?
3476 1602 3675 1674 Neque
3729 1605 3874 1660 enim

2235 1691 2509 1748 divinitas
2542 1692 2715 1747 morti
2746 1695 2973 1764 poterat
2992 1707 3119 1746 esse
3150 1691 3435 1762 subjecta,
3467 1692 3571 1747 sed
3626 1691 3876 1749 humana

2235 1781 2546 1851 susceptio.
2582 1781 2640 1836 Si
2673 1797 2809 1853 ergo
2840 1780 2899 1835 in
2935 1796 3024 1835 me
3057 1779 3302 1846 irruitis,
3333 1784 3392 1835 et
3421 1796 3517 1834 me
3562 1778 3739 1836 vultis
3792 1798 3872 1836 oc-

2233 1870 2420 1924 cidere
2456 1870 2482 1924 ?
2515 1870 2667 1925 Satis
2697 1874 2784 1925 est
2807 1869 2974 1925 vobis
3005 1868 3217 1923 habere
3248 1885 3423 1939 quem
3459 1868 3743 1940 quaeritis.
3780 1871 3874 1925 Ne-

2234 1976 2346 2030 que
2375 1975 2572 2030 quazro
2604 1962 2936 2014 consortem
2967 1956 3285 2029 passionis,
3343 1957 3446 2028 qui
3506 1957 3584 2012 ad
3644 1957 3872 2014 salutem

2233 2049 2497 2104 omnium
2531 2048 2799 2118 adjutore
2833 2064 2948 2102 non
2978 2062 3137 2118 egeo.
3168 2046 3294 2102 Non
3325 2047 3568 2118 requiro
3614 2046 3872 2119 legatum,

2235 2138 2508 2192 nuntium
2543 2154 2659 2192 non
2691 2137 2980 2208 praemitto
3016 2153 3028 2203 ;
3063 2135 3165 2192 sed
3196 2135 3317 2207 ipse
3355 2151 3449 2191 me
3484 2137 3735 2192 nuntius
3784 2137 3873 2191 ob-

2234 2226 2339 2281 tuli
2394 2243 2510 2281 non
2539 2226 2986 2297 quaerentibus:
3036 2240 3130 2279 me
3187 2224 3400 2280 tradidi
3460 2242 3582 2281 non
3642 2241 3878 2297 compre-

2233 2316 2628 2371 hendontibus
2665 2333 2676 2368 :
2715 2318 2777 2369 ut
2805 2313 3114 2369 liberarem
3148 2329 3247 2369 eos
3281 2314 3382 2385 qui
3415 2315 3630 2370 mortis
3670 2313 3876 2385 laqueis

2234 2407 2462 2460 fuerant
2494 2403 2919 2476 comprehensi.
2955 2403 3184 2458 Irruitis
3214 2402 3394 2474 igitur
3441 2408 3731 2474 tanquam
3786 2420 3876 2474 pa-

2237 2493 2365 2549 rieti
2398 2492 2674 2548 inclinato
2707 2498 2761 2548 et
2792 2492 3052 2547 maceriae
3085 2490 3375 2563 impulsae,
3408 2491 3602 2563 ignari
3635 2493 3772 2564 quia
3795 2507 3877 2546 ve-

2236 2583 2296 2638 ni
2331 2600 2443 2638 non
2480 2585 2543 2637 ut
2574 2581 2914 2638 inclinarem
2949 2581 3254 2652 parietem,
3287 2585 3344 2636 ct
3392 2581 3714 2636 maceriam
3768 2581 3871 2634 im-

2236 2671 2508 2744 pellerem
2542 2690 2554 2739 ;
2589 2671 2690 2726 sed
2724 2674 2786 2725 ut
2817 2669 3120 2725 solverem.
3159 2669 3302 2725 Veni
3332 2669 3488 2725 enim
3523 2687 3655 2740 pax,
3696 2673 3756 2724 ut
3807 2670 3879 2724 fa-

2238 2762 2389 2817 ciam
2423 2766 2667 2831 utraque
2707 2776 2888 2814 unum
2927 2776 2939 2825 ;
2973 2763 3030 2812 et
3061 2758 3319 2814 medium
3360 2758 3637 2829 parietem
3691 2771 3869 2810 mace-

2239 2851 2336 2905 rire
2368 2849 2618 2914 solvens,
2653 2848 2753 2919 qui
2786 2864 3020 2902 carnem
3055 2851 3110 2902 et
3161 2847 3426 2901 animam
3478 2845 3783 2909 dividebat,
3815 2847 3877 2898 ut

2239 2957 2424 2995 unum
2457 2937 2670 2994 sentire
2700 2953 2812 2992 non
2846 2939 3128 3007 possent:
3187 2938 3245 2988 et
3303 2933 3436 2989 ideo
3491 2950 3617 2989 caro
3675 2934 3877 2988 anime

2241 3027 2626 3100 repugnabat,
2655 3029 2710 3079 et
2740 3024 2982 3080 subdita
3014 3023 3252 3094 imperio
3284 3024 3415 3094 ejus
3458 3039 3585 3078 esse
3614 3039 3730 3078 non
3785 3038 3876 3094 po.

2242 3122 2410 3184 terat,
2445 3114 2584 3187 quia
2615 3113 2824 3184 objecti
2850 3112 3090 3184 parietis
3120 3110 3424 3167 obstaculo
3479 3110 3878 3183 gubernaculis

2241 3208 2367 3277 ejus
2407 3221 2606 3277 parere
2637 3219 2753 3258 non
2785 3207 3030 3274 poterat.

2318 3296 2397 3350 l2.
2433 3295 2545 3348 Lex
2576 3292 2753 3364 igitur
2782 3290 2976 3346 carnis
3004 3289 3116 3362 legi
3170 3289 3383 3345 mentis
3443 3287 3878 3345 adversabatur.

2239 3385 2403 3440 Hunc
2434 3382 2712 3454 parietem
2743 3383 3005 3434 veterum
3038 3378 3478 3433 inimicitiarum
3549 3377 3705 3432 velut
3757 3393 3879 3431 mu-

2238 3490 2370 3528 rum
2397 3468 2636 3527 sustulit
2666 3468 2947 3524 Dominus
2979 3468 3167 3534 Jesus,
3201 3471 3255 3521 et
3303 3467 3537 3537 pervios
3573 3467 3707 3521 fecit
3762 3480 3884 3520 esse

2236 3565 2557 3618 conventus
2591 3557 2804 3614 mentis
2835 3561 2892 3612 et
2923 3556 3118 3612 carnis
3150 3574 3162 3622 ;
3197 3561 3259 3610 ut
3291 3556 3351 3608 in
3383 3572 3571 3610 unum
3617 3559 3888 3611 coeuntes

2235 3652 2292 3706 id
2328 3651 2481 3723 quod
2507 3653 2629 3704 erat
2662 3647 2896 3719 utrique
2927 3645 3201 3710 salutare,
3234 3650 3641 3715 sequerentur.
3694 3644 3892 3698 Paries

2235 3757 2371 3812 ergo
2405 3738 2670 3810 quaedam
2705 3734 3023 3790 eminentia
3053 3731 3405 3789 delictorum
3435 3738 3537 3798 est,
3593 3731 3751 3785 Unde
3811 3730 3896 3784 ad

2235 3828 2570 3900 pontificem
2600 3825 2936 3880 Judasorum
2971 3822 3114 3877 dicit
3137 3819 3358 3876 Paulus
3395 3837 3408 3877 :
3441 3844 3466 3869 ‹‹
3491 3815 3791 3873 Perculere
3834 3820 3903 3872 te

2236 3916 2473 3988 incipiet
2503 3915 2676 3979 Deus,
2711 3912 2904 3985 paries
2943 3909 3206 3966 dealbate
3268 3911 3412 3981 (Act.
3468 3924 3622 3972 xxiii,
3682 3907 3747 3974 3)
3786 3924 3801 3973 ;
3869 3931 3888 3957 ι

2233 4005 2425 4077 paries
2457 4002 2610 4059 enim
2645 4002 2768 4057 luto
2827 3999 3239 4071 caementisque
3294 3997 3680 4055 construitur.
3752 3995 3899 4051 Hinc

2234 4093 2599 4148 zedificabant
2626 4089 2873 4163 ZEgyptii
2906 4089 3190 4154 civitates,
3210 4089 3444 4158 quando
3467 4086 3650 4144 Judaei
3685 4085 3900 4141 lateres

2234 4183 2420 4239 facere
2446 4181 2820 4253 cogebantur.
2859 4181 2920 4233 In
2952 4178 3195 4250 Egypto
3225 4175 3419 4232 lutum
3451 4175 3903 4238 conﬁciebatur,

2234 4277 2291 4326 et
2321 4269 2571 4343 populus
2598 4269 2696 4324 Dei
2728 4271 3030 4340 peccatum
3067 4265 3184 4322 illic
3212 4267 3590 4338 operabatur.
3627 4265 3763 4320 Ideo
3807 4279 3907 4336 ge-

2234 4362 2450 4427 mebat,
2485 4359 2612 4414 ideo
2643 4357 2952 4412 exauditus
2981 4360 3038 4411 et
3069 4355 3351 4411 liberatus
3396 4359 3485 4412 est
3538 4371 3574 4410 a
3630 4357 3910 4426 peccato.

475 4447 680 4504 divina:
703 4448 958 4520 insignia
982 4453 1306 4520 potestatis.
1331 4448 1518 4504 Habes
1558 4449 1713 4502 enim
1738 4447 1876 4502 alibi
1927 4447 2119 4502 dicen-
2153 4453 2198 4516 D
2233 4450 2364 4504 Ideo
2394 4448 2485 4504 lex
2515 4448 2669 4514 data,
2705 4447 2996 4518 promissa
3043 4445 3230 4518 gratia
3265 4461 3278 4499 :
3315 4448 3381 4500 ut
3435 4444 3526 4499 lex
3586 4447 3914 4515 peccatum

472 4542 620 4594 tem.
645 4560 673 4587 «
696 4536 899 4592 Adhuc
925 4553 1030 4609 ego
1057 4537 1237 4592 semel
1262 4542 1478 4592 terram
1503 4538 1741 4592 movebo
1765 4537 1916 4607 (Agg.
1946 4537 2117 4607 11,7.)-

471 4625 650 4682 Movit
677 4623 918 4692 diluvio,
947 4624 1183 4696 quando
1214 4629 1422 4696 praeter
1451 4641 1646 4680 arcam
1674 4625 1790 4679 Noe
1823 4641 1954 4679 caro
1996 4641 2123 4680 om-

469 4714 562 4771 nis
593 4714 816 4772 interiit
849 4732 862 4770 :
897 4713 1096 4782 movit,
1130 4729 1263 4769 cum
1296 4714 1547 4768 Sodoma
1579 4719 1634 4768 et
1664 4713 1988 4769 Gomorrha
2023 4731 2121 4769 sa-

463 4820 563 4860 cro
592 4805 724 4876 igne
755 4807 1120 4874 consumptae
1168 4806 1327 4857 sunt.
1363 4802 1490 4857 Haec
1545 4819 1810 4874 supernae
1844 4803 2122 4875 indigna-

466 4894 646 4951 tionis
675 4893 893 4950 indicia
923 4896 1078 4948 sunt.
1115 4892 1224 4946 Sed
1259 4891 1396 4964 quia
1421 4891 1588 4963 elegit
1608 4908 1792 4962 genus
1815 4892 2120 4946 hominum

467 4982 752 5040 Dominus
783 4982 972 5054 magis
1005 4997 1233 5036 servare
1266 4997 1442 5052 quam
1478 4981 1738 5052 perdere,
1770 4997 1883 5036 non
1929 4997 2122 5036 move-

467 5074 624 5130 bitur
653 5071 911 5144 amplius
943 5071 1014 5125 ad
1047 5069 1538 5142 indignationem,
1573 5069 1670 5139 qui
1704 5070 1860 5123 venit
1892 5070 1961 5123 ad
2015 5069 2122 5123 mi-

467 5161 844 5217 sericordiam
879 5180 892 5229 ς
920 5160 1076 5214 venit
1106 5164 1170 5214 ut
1202 5159 1513 5213 redimeret
1547 5176 1650 5213 nos
1683 5174 1787 5212 suo
1811 5157 2120 5229 sanguine,

469 5266 581 5305 non
615 5255 680 5306 ut
708 5253 974 5307 nostrum
1009 5249 1332 5304 effunderet
1365 5266 1376 5315 ;
1410 5247 1566 5303 venit
1597 5251 1660 5301 ut
1683 5263 1743 5302 se
1769 5246 1999 5302 offerret
2021 5262 2123 5317 pro

2233 4556 2301 4594 ex
2331 4542 2493 4610 parte
2528 4539 2830 4602 resecaret,
2865 4535 3052 4607 gratia
3083 4551 3255 4590 omne
3289 4533 3552 4590 donaret.

2305 4628 2392 4681 13.
2426 4625 2611 4696 (Vers.
2644 4625 2724 4694 5,)
2757 4623 2823 4678 Et
2854 4639 2989 4678 cum
3021 4622 3143 4677 haac
3174 4621 3348 4678 nobis
3395 4621 3716 4688 conferret,
3784 4621 3921 4676 hec

2231 4733 2336 4787 pro
2367 4715 2536 4770 nobis
2566 4712 2809 4777 subiret,
2845 4729 2951 4767 nos
2981 4711 3232 4783 pretium
3265 4712 3396 4782 ejus
3432 4709 3922 4783 repellebamus-

2234 4805 2396 4859 Unde
2427 4805 2507 4858 ait
2540 4819 2551 4855 :
2589 4826 2616 4851 ‹‹
2651 4807 3049 4856 verumtamen
3084 4800 3337 4872 pretium
3370 4815 3567 4854 meum
3596 4799 3926 4871 cogitave-

2234 4897 2369 4946 runt
2401 4891 2675 4963 repellere
2709 4906 2720 4942 :
2760 4911 2786 4939 ››
2823 4888 3056 4961 quando
3088 4887 3343 4961 pretium
3400 4887 3693 4944 referente
3746 4885 3926 4941 Juda

2233 4980 2545 5052 proditore,
2577 4978 2762 5034 Judaei
2798 4977 2855 5032 in
2888 4976 3148 5033 loculum
3180 4977 3414 5033 mittere
3447 4976 3819 5044 noluerunt,
3841 4973 3926 5030 di-

2233 5073 2432 5124 centes
2467 5085 2478 5122 :
2515 5092 2540 5117 ‹‹
2576 5068 2697 5121 Non
2731 5066 2867 5120 licet
2897 5065 3064 5121 nobis
3096 5067 3328 5122 mittere
3349 5065 3409 5120 in
3442 5063 3735 5135 loculum,
3768 5063 3926 5136 quia

2233 5159 2484 5229 pretium
2515 5156 2821 5228 sanguinis
2853 5160 2940 5212 est
2969 5155 3198 5227 (Matth.
3225 5172 3408 5221 xxvn,
3437 5156 3516 5224 6).
3557 5177 3583 5202 ››
3647 5153 3926 5208 Damna-

2234 5252 2330 5302 tur
2351 5245 2678 5316 hicjudicio
2697 5261 2802 5300 suo
2817 5243 3097 5317 proditor,
3114 5244 3214 5315 qui
3231 5243 3446 5300 refudit
3466 5242 3728 5315 pretium
3749 5239 3926 5315 quod

448 5530 454 5537 .
543 5479 851 5551 (35)ARom.
911 5484 1074 5548 edit.,
1129 5484 1267 5538 Deus
1323 5497 1495 5547 meus,
1547 5483 1597 5538 et
1659 5482 1922 5539 salutaris
1979 5497 2150 5538 meus.
2213 5479 2305 5538 Sic
2356 5485 2412 5537 et
2472 5479 2624 5537 infra
2682 5495 2844 5535 num.
2907 5477 2994 5535 48.
3035 5475 3328 5534 Nimirum
3384 5490 3456 5532 ex
3510 5473 3683 5544 LXX,
3753 5472 3930 5550 apud

471 5549 626 5632 quod
659 5549 838 5628 legas,
869 5556 984 5613 Θεός
1010 5570 1101 5621 μου
1133 5556 1214 5603 καὶ
1241 5553 1404 5621 σωτήρ
1434 5568 1545 5619 μου,
1579 5557 1687 5611 etc,
