4112 6190
338 302 503 364 ³1229

1452 299 1911 360 ENARRA'I‘IO
1955 297 2034 357 IN
2081 298 2461 359 PSALMUM
2508 298 2689 383 LXI..

3601 292 3761 357 1230

338 436 583 508 accepit,
616 434 889 491 infirmus
919 435 990 489 ad
1034 432 1181 489 sacri
1242 431 1503 487 muneris
1564 431 1989 498 testimonium,
2023 430 2076 495 Α
2112 430 2165 484 in
2202 430 2542 485 mendacio!
2577 454 2604 479 ‹‹
2638 430 2746 485 Ore
2778 446 2905 495 suo,
2938 427 3152 499 inquit,
3201 426 3644 496 benedicebant,
3704 432 3761 485 et

342 525 443 580 sed
475 523 703 580 validus
745 523 979 580 sceleris
1010 522 1100 578 sui
1141 521 1332 578 testis.
1368 520 1785 594 Unusquisque
1843 520 2000 577 enim

340 613 570 687 gravior
600 618 902 669 accusator
930 616 1018 668 est
1058 611 1169 679 sui,
1221 614 1277 667 et
1320 610 1779 668 inexcusabilem
1822 610 1879 665 in
1941 627 2002 665 se

327 701 451 757 .fert
482 701 608 774 ipse
638 702 1009 758 sententiam.
1044 700 1343 772 Principes
1369 704 1681 773 Synagogze
1715 715 1820 754 suo
1863 714 1999 755 eon-

337 790 616 845 demnant
645 809 705 846 se
726 790 971 861 judicio.
1008 790 1360 844 Proﬁtcntur
1388 787 1542 843 enim
1577 788 1828 860 pretium
1872 803 1999 843 esse

345 879 656 952 sanguinis
690 879 844 951 quod
876 879 1182 945 dederunt,
1220 878 1361 932 dum
1408 881 1663 949 arguunt
1698 877 1999 932 refunden-

340 971 481 1023 tem.
520 968 662 1023 Nam
697 968 744 1022 si
779 966 1174 1038 recipiendum
1211 983 1323 1021 non
1357 965 1483 1029 fuit,
1519 983 1622 1020 nec
1655 964 1996 1020 solvendum

338 1050 463 1110 fuit.
503 1060 685 1127 Atque
751 1056 972 1111 utinam
1032 1060 1140 1111 aut
1186 1072 1304 1111 non
1344 1054 1668 1119 dedissent,
1712 1058 1813 1109 aut
1862 1053 2000 1125 quia

333 1143 632 1211 dederant,
668 1162 767 1199 nec
802 1144 1175 1216 recepissent.
1214 1143 1618 1216 Repudiarunt
1653 1142 1807 1197 enim
1843 1143 1996 1214 quod

330 1232 495 1287 .960
542 1232 599 1287 in
643 1232 899 1288 loculum
950 1233 1179 1288 mittere
1230 1232 1565 1299 noluerunt,
1619 1236 1676 1286 et
1734 1234 1999 1285 emerunt

333 1321 467 1376 inde
498 1337 701 1394 agrum
740 1323 797 1376 in
842 1322 1205 1394 sepulturam
1260 1322 1723 1394 peregrinorum.
1786 1319 1989 1375 Merito

328 1424 469 1481 ergo
498 1409 767 1482 gentiles,
802 1412 1020 1482 quibus
1048 1411 1169 1483 agri
1194 1412 1324 1482 ejus
1374 1409 1473 1482 qui
1514 1413 1701 1464 morte
1759 1411 1994 1480 emptus

332 1502 421 1553 est
449 1499 684 1565 Christi,
719 1499 1022 1571 sepultura
1053 1499 1313 1572 profecit,
1343 1499 1470 1569 jam
1503 1514 1619 1552 non
1649 1500 1786 1551 sunt
1817 1499 1873 1551 et
1902 1496 1996 1550 ad-

324 1603 506 1654 venae,
543 1592 717 1659 atque
750 1588 1039 1660 peregrini
1079 1605 1090 1641 :
1128 1589 1228 1643 sed
1253 1588 1406 1642 cives
1458 1590 1794 1643 sanctorum
1856 1584 1992 1640 facti

330 1680 489 1740 sunt,
523 1681 580 1731 et
628 1675 936 1731 domestici
969 1676 1111 1744 Dei;
1157 1675 1298 1747 quia
1348 1674 1825 1747 consepeliuntur
1893 1673 1993 1729 Dei

329 1762 472 1819 Filio
507 1780 520 1819 :
555 1764 741 1819 Judaei
774 1768 992 1832 autem,
1028 1764 1127 1836 qui
1160 1764 1453 1836 passionis
1479 1765 1606 1835 ejus
1638 1763 1886 1836 pretium
1904 1778 1986 1818 re-

329 1850 670 1924 pudiarunt,
724 1852 1174 1923 peregrinantur
1205 1868 1239 1905 a
1286 1851 1514 1907 Christo
1550 1893 1561 1905 .
1605 1849 1987 1905 Tolerabilior

331 1939 447 1995 illis
474 1939 562 1995 vel
594 1939 652 1994 in
686 1938 793 1995 hoc
823 1939 1107 2012 proditor,
1144 1939 1298 2011 quod
1334 1939 1647 1994 conﬁtetur
1677 1953 1933 1993 errorem
1968 1954 1980 1991 :

329 2028 413 2083 illi
445 2033 641 2085 autem
673 2028 894 2084 crimen
928 2032 1104 2084 suum
1139 2029 1474 2084 excusando
1496 2029 1788 2084 acerbant.
1814 2028 1985 2083 Vere-

329 2118 575 2173 cundior
599 2122 689 2173 cst
718 2117 876 2173 enim
910 2118 1199 2173 confessio
1241 2121 1373 2189 post
1430 2116 1731 2171 delictum.
1793 2117 1986 2188 impu-

328 2206 531 2261 denter
598 2207 776 2279 igitur
840 2205 1181 2262 refellebant
1246 2222 1557 2261 commune
1614 2204 1986 2277 sacrilegium

329 2295 699 2350 conﬁtentem
731 2294 1025 2351 dicentes:
1062 2318 1088 2345 ‹‹
1121 2295 1268 2358 Quid
1320 2296 1390 2349 ad
1424 2313 1528 2350 nos
1560 2295 1587 2350 Ῡ
1636 2296 1719 2350 Tu
1772 2294 1987 2349 videris

328 2383 486 2454 (Ibid.
522 2384 599 2454 4).
638 2406 665 2433 ››
699 2383 846 2450 Quid
878 2384 1033 2439 enim
1088 2383 1318 2439 dicebat
1356 2384 1638 2456 proditor,
1672 2383 1783 2439 nisi
1836 2383 1983 2437 hoc:

324 2494 353 2521 ‹‹
404 2471 635 2527 Peccavi
688 2472 851 2543 quod
918 2472 1262 2527 tradiderim
1339 2472 1687 2544 sanguinem
1751 2473 1985 2543 justum

323 2560 591 2633 (Ibid.).?
640 2561 803 2625 Quod
869 2565 991 2616 erat
1047 2561 1266 2617 crimen
1319 2561 1625 2627 tradentis,
1694 2561 1986 2633 quomodo

324 2649 703 2722 suscipientis
736 2667 848 2706 non
884 2654 1112 2722 poterat
1142 2667 1269 2706 esse
1301 2655 1606 2723 peccatum
1643 2668 1654 2704 ε
1691 2667 1823 2705 cum
1856 2666 1985 2705 see-

318 2739 416 2794 lus
446 2738 649 2794 sceleri
682 2740 760 2794 sit
790 2739 1162 2810 adjunctum,
1199 2744 1264 2795 ut
1284 2756 1459 2812 quem
1510 2739 1787 2795 scelerate
1828 2756 1981 2795 eme-

321 2830 460 2882 runt
489 2826 828 2883 sceleratius
858 2827 1262 2884 trucidarent?

398 2936 483 2991 tt.
517 2934 828 3001 «Cucurri,
872 2934 1084 3006 inquit,
1136 2936 1194 2989 in
1240 2935 1356 2991 siti.
1385 2960 1411 2986 »
1455 2937 1672 2991 Verum
1721 2940 1811 2991 est
1858 2936 1981 3005 qui-

315 3023 457 3078 'dem
488 3024 644 3094 quod
676 3022 959 3077 Dominus
992 3026 1192 3078 noster
1219 3024 1393 3079 Jesus
1424 3023 1626 3079 sitivit.
1662 3024 1835 3078 Beata
1874 3027 1980 3078 Do-

329 3110 472 3165 mini
504 3110 674 3175 sitis;
718 3109 859 3181 quia
912 3108 1093 3163 sitivit
1139 3127 1241 3180 pro
1290 3110 1478 3175 nobis,
1519 3114 1575 3164 et
1623 3110 1874 3165 maxime
1922 3110 1980 3164 in

330 3200 621 3271 passione.
661 3198 929 3269 Denique
960 3196 1145 3252 dixit:
1200 3221 1227 3245 ‹‹
1259 3197 1401 3252 Sitio
1435 3200 1610 3269 (Joan.
1644 3216 1757 3266 xix,
1808 3196 1929 3269 28).'
1954 3222 1981 3250 ››

321 3289 486 3344 Tunc
514 3287 715 3359 itaque
748 3286 1011 3351 sitiebat,
1052 3287 1293 3357 quando
1320 3287 1390 3340 de
1421 3285 1601 3341 latere
1631 3303 1736 3341 suo
1780 3288 1990 3342 restin—

322 3368 489 3433 Ctura
514 3377 672 3432 sitim
714 3376 980 3431 omnium
1012 3375 1151 3429 vivae
1193 3391 1361 3446 aquae
1419 3374 1637 3430 ﬂuenta
1690 3375 1988 3430 fundebat.

322 3466 585 3537 Denique
629 3465 916 3536 scriptum
943 3468 1065 3519 est:
1125 3486 1144 3511 α
1183 3462 1454 3519 Flumina
1496 3463 1565 3517 de
1617 3469 1815 3518 ventre
1864 3464 1991 3534 ejus

320 3554 503 3609 ﬂuent
533 3569 697 3623 aqua:
728 3553 868 3607 vivae
917 3552 1096 3624 (Juan.
1129 3568 1228 3618 vn,
1283 3552 1392 3623 38).
1450 3575 1477 3599 ››
1528 3552 1635 3607 Sed
1687 3550 1747 3605 in
1797 3552 1991 3607 Grmco

323 3642 512 3697 medie
552 3642 810 3713 positum
869 3645 997 3708 est;
1027 3639 1171 3711 quia
1202 3648 1418 3713 ἔδραμον
1449 3646 1505 3695 et
1543 3638 1828 3711 pluralem
1878 3658 1988 3695 nu-

322 3746 549 3785 merum
580 3728 892 3802 signiﬁcat.
926 3729 1075 3799 Ergo
1107 3726 1287 3784 etiam
1319 3752 1345 3777 «
1387 3728 1657 3784 cucurri:
1684 3749 1711 3779 »
1745 3733 1803 3783 et
1832 3751 1859 3778 «
1898 3744 1990 3784 cu-

322 3823 651 3887 currerunt,
677 3842 704 3868 (ι
750 3818 922 3888 juxta
966 3817 1231 3873 Graecum
1273 3834 1594 3889 possumus
1645 3816 1990 3889 intelligere.

324 3908 590 3963 Diximus
613 3911 809 3963 autem
839 3906 981 3977 quid
1008 3906 1316 3978 exprimat,
1353 3931 1379 3956 ‹‹
1408 3906 1663 3973 cucurri,
1692 3930 1719 3956 ››
1746 3906 1853 3962 hoc
1881 3911 1991 3977 est,

331 3996 597 4053 festinavi
641 3995 801 4052 sitim
862 3995 1129 4050 omnium
1186 3996 1504 4067 suscipere,
1566 3998 1631 4051 ut
1689 3995 1990 4051 universos

330 4085 591 4158 perpetui
625 4084 804 4139 fontis
837 4084 1104 4139 ubertate
1134 4084 1411 4140 satiarem
1436 4084 1553 4154 (cui
1586 4085 1743 4140 enim
1780 4085 1990 4140 dedero

331 4190 567 4246 aquam,
605 4189 719 4227 non
752 4171 931 4240 sitiet,
968 4186 1156 4243 neque
1185 4173 1301 4237 hic,
1365 4190 1555 4244 neque
1615 4175 1672 4229 in
1723 4175 1989 4230 laturum

332 4265 513 4335 (Joan.
548 4254 623 4330 1v,
657 4260 769 4332 l3),
806 4260 961 4315 sicut
992 4259 1215 4314 dictum
1250 4265 1338 4315 est
1368 4262 1437 4315 ad
1497 4263 1945 4336 Samaritanam)
1975 4282 1987 4332 ;

332 4370 486 4407 nunc
508 4352 773 4407 dicamus
833 4349 975 4420 quid
1036 4347 1357 4420 signiﬁcet:
1394 4374 1421 4398 ‹‹
1474 4352 1873 4407 Cucurrerunt
1930 4352 1990 4407 in

334 4441 450 4497 siti.
487 4464 514 4491 ››
546 4440 663 4496 Hoc
694 4444 802 4504 est,
838 4437 1263 4494 festinaverunt
1288 4442 1350 4493 ut
1382 4438 1636 4509 perﬁdia:
1668 4456 1785 4495 suae
1844 4446 1990 4497 aastu

2111 520 2282 576 corde
2312 537 2418 575 suo
2442 519 2890 575 maledicebant.
2924 541 2951 568 ››
2986 516 3197 573 Misera
3217 514 3571 597 perfidorum
3606 516 3757 586 sitis,

2110 609 2209 680 qui
2243 608 2402 664 aliud
2436 610 2710 665 tenebant
2741 609 2932 676 corde,
2966 610 3021 662 et
3042 623 3140 662 ore
3158 604 3316 661 aliud
3347 604 3757 676 loquebantur.

2115 697 2215 752 Ubi
2250 703 2443 753 autem
2476 696 2609 752 ﬁdei
2641 698 2897 752 exundat
2916 695 3174 764 ubertas,
3203 694 3373 749 corde
3401 692 3659 749 creditur
3688 693 3758 748 ad

2102 786 2422 858 justitiam,
2456 803 2551 842 ore
2585 786 2873 842 confessio
2907 786 2971 839 fit
3009 785 3075 839 ad
3134 782 3406 838 salutem.
3460 783 3760 847 Quomodo

2109 880 2304 931 autem
2365 864 2769 931 benedixerint
2824 891 2942 940 ore,
3000 877 3057 930 et
3113 874 3283 928 corde
3331 870 3758 940 maledixerint,

2109 966 2290 1020 series
2322 966 2613 1037 passionis
2643 964 2915 1029 ostendit,
2949 980 3081 1018 cum
3110 952 3405 1017 dicerent:
3444 982 3471 1009 ‹‹
3510 962 3760 1016 Descen-

2109 1054 2209 1108 dat
2239 1055 2307 1109 de
2340 1070 2507 1109 cruce
2538 1057 2593 1108 et
2624 1054 2918 1107 credimus
2975 1052 3025 1107 ei
3081 1051 3286 1127 (Matth.
3346 1065 3523 1116 xxvu,
3583 1049 3692 1119 42).
3730 1070 3757 1096 ››

2108 1143 2319 1197 Stulti!
2366 1143 2445 1197 De
2494 1148 2677 1198 morte
2736 1142 3008 1211 surrexit,
3042 1144 3099 1197 et
3168 1157 3283 1195 non
3341 1139 3753 1207 crediderunt;

2108 1232 2398 1303 quomodo
2430 1232 2476 1287 si
2513 1233 2583 1286 de
2641 1247 2809 1287 cruce
2866 1229 3261 1294 descenderet,
3322 1225 3759 1283 credidissent?

2108 1344 2133 1369 ‹‹
2168 1320 2432 1392 Speravit
2462 1321 2519 1375 in
2551 1321 2819 1385 Domino,
2854 1320 3065 1391 eripiat
3119 1334 3287 1373 eum:
3347 1309 3555 1371 liberet
3600 1331 3757 1371 nunc

2099 1419 2262 1475 eum,
2299 1410 2575 1482 quoniam
2607 1409 2729 1465 vult
2761 1426 2894 1464 eum
2917 1408 3074 1478 (Ibid,
3108 1408 3174 1462 43
3198 1400 3217 1475 ς’
3271 1406 3420 1461 Psal.
3451 1423 3565 1474 xm,
3596 1403 3651 1475 9)
3680 1421 3692 1458 :
3728 1426 3757 1454 ››

2105 1499 2244 1570 quia
2265 1498 2575 1554 illudentes
2606 1499 2802 1570 potius
2825 1514 3003 1569 quam
3027 1498 3293 1569 optantes
3324 1494 3435 1549 ista
3464 1493 3755 1561 dicebant,

2103 1590 2159 1641 et
2184 1584 2630 1659 interrogabant
2660 1590 2858 1642 utrum
2889 1588 3043 1642 esset
3063 1584 3163 1640 Dei
3195 1582 3394 1649 Filius,
3432 1581 3624 1638 verbis
3654 1598 3757 1654 pa-

2102 1676 2267 1731 ciﬁca
2290 1675 2613 1748 loquentes,
2648 1676 2818 1731 corde
2849 1674 3278 1730 accusationem
3312 1670 3600 1744 sacrilegii
3662 1688 3757 1727 co-

2102 1762 2375 1834 gitautes.

2169 1851 2255 1906 l6.
2307 1852 2415 1906 Sed
2471 1851 2591 1905 haec
2650 1850 2916 1922 mystica,
2971 1849 3277 1904 veniamus
3334 1848 3405 1902 ad
3486 1846 3751 1903 moralia.

2097 1939 2323 1995 Etenim
2355 1940 2631 2009 quoniam
2648 1956 2763 1993 non
2783 1938 2960 1993 semel
2980 1938 3276 2010 appetitur
3298 1936 3748 2009 Christus,961

2097 2028 2392 2101 appetitus
2424 2031 2513 2083 est
2544 2026 2725 2083 semel
2755 2026 2815 2080 in
2845 2043 2951 2082 suo
2997 2041 3237 2097 corpore
3295 2025 3451 2096 quod
3495 2024 3755 2097 suscepit

2097 2117 2154 2172 in
2186 2117 2446 2189 Virgine,
2507 2116 2798 2188 appetitus
2829 2119 2917 2170 est
2950 2114 3281 2184 frequenter
3318 2113 3377 2167 in
3419 2128 3484 2167 eo
3515 2128 3752 2184 corpore

2098 2207 2250 2278 quod
2285 2209 2371 2260 est
2399 2204 2656 2261 Ecclesia
2684 2230 2696 2273 ;
2731 2221 2836 2259 nos
2869 2204 3024 2258 enim
3058 2219 3265 2258 sumus
3296 2218 3508 2273 corpus
3538 2200 3750 2257 Christi

2097 2299 2152 2349 et
2185 2295 2467 2349 membra.
2502 2293 2811 2366 Appetitur
2862 2297 2917 2347 et
2963 2291 3023 2346 in
3070 2289 3319 2363 singulis
3379 2289 3598 2346 sanctis
3629 2288 3752 2345 suis

2097 2388 2151 2469 et
2183 2382 2613 2451 innocentibus,
2649 2382 2747 2454 qui
2780 2381 3025 2437 Domino
3055 2396 3118 2436 se
3149 2380 3438 2434 dicarunt.

2170 2493 2254 2546 17.
2340 2490 2735 2545 Itecordamus
2802 2487 3057 2560 aliquem
3142 2487 3415 2559 (Gratum.
3478 2488 3752 2559 imperat.)

2096 2579 2356 2651 proxime
2386 2579 2457 2635 ab
2488 2578 2761 2634 omnibus
2793 2576 3145 2649 appetitum,
3179 2593 3213 2631 a
3244 2576 3371 2631 suis
3401 2576 3750 2631 destitutum

2094 2687 2161 2725 ac
2194 2668 2490 2741 proditum
2517 2686 2529 2723 :
2565 2669 2665 2740 qui
2698 2668 2920 2722 dudum
2950 2665 3008 2721 in
3037 2668 3323 2738 suggestu
3352 2663 3589 2739 (locatus
3635 2664 3749 2720 im-

2094 2758 2258 2829 perii,
2294 2757 2487 2813 subito
2517 2773 2694 2829 egens
2729 2755 2995 2811 omnium
3028 2755 3099 2810 ab
3120 2754 3263 2826 ipsis
3296 2770 3547 2826 quorum
3578 2753 3752 2809 haare-

2093 2847 2370 2903 ditarium
2404 2847 2592 2902 fuerat
2620 2847 2863 2902 sortitus
2897 2844 3269 2916 obsequium,
3304 2844 3479 2916 coepit
3531 2843 3750 2916 urgeri,

2090 2936 2509 3007 ingruuntibus
2540 2936 2599 2989 in
2632 2933 3256 3001 exitem,inferentibus
3288 2935 3557 3000 mortem,
3592 2930 3751 2988 nullo

2092 3024 2453 3094 auxiliatorc,
2487 3023 2645 3078 nullo
2669 3024 2797 3094 jam
2830 3022 2986 3078 socio
3018 3022 3131 3090 sui,
3156 3021 3315 3077 nullo
3340 3021 3572 3078 comite.
3598 3020 3748 3087 Quid

2086 3114 2251 3169 aliud
2279 3114 2490 3169 melius
2523 3113 2750 3178 dixerit,
2785 3129 2962 3182 quam
2996 3112 3151 3183 quod
3183 3128 3250 3166 ex
3282 3110 3408 3183 ipso
3439 3112 3533 3166 cui
3556 3127 3618 3165 se
3649 3109 3746 3164 de-

2097 3202 2270 3269 vovit,
2304 3204 2642 3273 acceperat:
2682 3202 2935 3255 «Nonne
2973 3200 3088 3255 Deo
3121 3199 3356 3255 subdita
3391 3198 3500 3254 erit
3554 3198 3752 3254 anima

2100 3307 2231 3346 mea
2251 3291 2278 3344 ?
2297 3291 2453 3346 »Hoc
2468 3294 2555 3345 est
2576 3289 2715 3361 quid
2732 3288 3184 3361 persequimini?
3201 3288 3339 3360 quid
3366 3287 3588 3343 furitis?
3609 3286 3753 3358 quid

2099 3378 2398 3433 insnltatis
2415 3379 2442 3432 ?
2459 3380 2705 3433 Carnem
2728 3378 2971 3449 potestis
2994 3377 3336 3443 interﬁcere,
3360 3376 3618 3432 animam
3636 3392 3753 3431 non

2100 3466 2364 3538 potestis.
2384 3465 2579 3520 Vitam
2595 3464 2752 3520 illam
2780 3466 3040 3536 corporis
3064 3466 3307 3536 potestis
3322 3464 3564 3537 eripere,
3584 3463 3758 3520 meri-

2101 3560 2225 3609 tum
2260 3571 2373 3609 non
2408 3552 2650 3625 potestis
2681 3553 3038 3624 extinguere.
3074 3554 3370 3624 Scriptum
3415 3558 3504 3609 est
3558 3553 3754 3609 enim:

2103 3666 2129 3693 ‹‹
2162 3642 2349 3698 Nolite
2365 3642 2568 3697 timere
2582 3658 2678 3696 eos
2693 3642 2791 3713 qui
2811 3643 3057 3713 possunt
3080 3641 3341 3697 occidere
3360 3658 3594 3696 carnem
3608 3641 3756 3708 ,ani-

2101 3749 2259 3788 mam
2293 3738 2486 3787 autem
2505 3749 2619 3787 nun
2638 3735 2918 3803 possunt:
2956 3731 3058 3786 sed
3085 3730 3281 3802 potius
3296 3746 3427 3785 eum
3443 3730 3641 3786 timete
3657 3730 3757 3801 qui

2102 3826 2291 3893 potest
2323 3821 2583 3877 animam
2642 3824 2698 3875 et
2755 3837 2967 3892 corpus
3014 3820 3255 3891 perdere
3313 3818 3371 3872 in
3429 3818 3758 3890 gehennam

2102 3912 2309 3981 (Matth.
2343 3930 2397 3977 x,
2430 3910 2542 3982 28).
2580 3934 2607 3959 ››
2640 3910 2853 3964 Anima
2885 3925 3021 3981 ergo
3054 3925 3179 3980 qua:
3212 3908 3328 3963 Deo
3355 3907 3591 3963 subdita
3648 3913 3757 3974 est,

2101 4018 2217 4055 non
2249 4004 2338 4055 est
2368 3999 2639 4054 humanae
2666 3986 2913 4054 subdita
2940 3997 3260 4070 potestati;
3292 3997 3363 4052 ab
3416 3996 3543 4069 ipso
3600 3997 3757 4052 enim

2098 4089 2230 4145 vitae
2259 4090 2514 4144 fructum
2548 4092 2745 4161 sperat
2784 4092 3032 4155 aaternae,
3084 4092 3141 4142 et
3198 4089 3489 4159 perpetuae
3550 4085 3760 4143 salutis

2101 4164 2536 4233 auxilium.llle
2580 4194 2717 4249 ergo
2776 4177 2869 4232 cui
2934 4194 3025 4232 me
3080 4176 3318 4243 tradidi,
3375 4180 3432 4231 et
3488 4179 3759 4231 necatum

2100 4266 2381 4333 tuebitur,
2416 4271 2473 4321 et
2528 4271 2828 4321 mortuum
2886 4265 3283 4332 resuscitabit,
3334 4270 3391 4321 et
3448 4263 3761 4321 ulciscatur

2100 4356 2378 4412 occisum.
2416 4356 2637 4426 Raptus
2679 4361 2782 4409 est~
2807 4355 3029 4424 justus,
3097 4372 3167 4409 ne
3226 4353 3451 4410 malitia
3510 4357 3762 4410 mutaret

2100 4462 2198 4501 cor
2254 4446 2402 4516 ejus.
2463 4445 2617 4499 Mors
2675 4460 2809 4516 ergo
2881 4445 2995 4499 ista
3051 4443 3240 4516 magis
3299 4444 3522 4516 peccati
3595 4444 3758 4517 fuga,

332 4530 553 4584 fontem
584 4529 776 4583 vivum
811 4530 1120 4599 negantes,
1155 4530 1369 4581 interna
1398 4526 1595 4583 fauces
1626 4545 1766 4583 suas
1822 4530 1993 4585 aridi-
2021 4536 2070 4602 Β
2100 4551 2279 4605 quam
2312 4532 2614 4589 morientis
2645 4537 2734 4587 est
2767 4532 3210 4588 detrimentum.

332 4622 449 4672 tate
477 4617 794 4672 siccarent:
829 4616 983 4672 sicut
1015 4616 1138 4689 ipse
1169 4615 1454 4671 Dominus
1486 4617 1602 4671 ait:
1637 4642 1662 4668 ‹‹
1702 4618 1790 4673 Me
1831 4619 1991 4675 dere-

336 4704 638 4776 liquerunt
668 4706 888 4760 fontem
923 4722 1087 4776 aqua:
1118 4703 1279 4771 vivae,
1314 4708 1370 4759 et
1400 4705 1661 4761 fecerunt
1691 4704 1802 4762 sibi
1852 4724 1994 4763 con-

333 4792 505 4848 tritos
539 4794 697 4849 lacus
727 4795 948 4862 (Jerem.
982 4811 1043 4864 ιι,
1078 4794 1188 4863 13).
1227 4816 1253 4843 ››
1289 4794 1401 4850 Nec
1448 4795 1661 4850 mirum
1723 4796 1771 4851 si
1834 4796 1993 4852 sitie-

338 4886 496 4949 runt,
531 4882 629 4954 qui
664 4899 882 4955 aquam
916 4883 1091 4939 fontis
1122 4884 1319 4939 interni
1350 4889 1541 4940 tenere
1574 4902 1688 4941 non
1730 4890 1996 4957 poterant

339 4972 548 5027 lubrici
580 4974 837 5045 perﬁdia:
878 4991 994 5028 sum
1055 4973 1241 5028 rimis.
1305 4974 1586 5029 Sitierunt
1639 4990 1795 5047 ergo,
1858 4976 1994 5047 quia

338 5077 399 5117 se
431 5065 570 5133 potu
597 5063 974 5135 privaverunt
1007 5062 1281 5135 spiritali,
1327 5080 1501 5135 quem
1560 5063 1879 5119 hauserant
1925 5065 1996 5119 de

338 5153 723 5223 consequenti
800 5156 978 5223 petra.
1015 5152 1176 5207 Unde
1206 5157 1263 5207 et
1320 5153 1709 5225 Symmachus
1772 5154 1887 5208 ait:
1922 5162 1997 5226 Τῷ

337 5246 465 5310 δόλῳ
491 5248 653 5296 αὐτῶν
683 5249 936 5312 εὐλόγουν,
970 5241 1079 5296 hoc
1110 5246 1219 5307 est,
1274 5241 1495 5313 placuit
1546 5242 1663 5298 illis
1712 5243 1773 5297 in
1833 5260 1994 5299 men-

339 5327 527 5396 dacio,
560 5346 694 5384 cum
727 5330 1046 5401 objicerent
1080 5329 1225 5385 falsa
1254 5348 1355 5402 pro
1382 5330 1551 5386 veris.
1602 5332 1785 5387 Omne
1834 5348 1993 5387 men-

340 5416 575 5472 dacium
607 5418 769 5473 sitim
818 5419 1013 5486 habet,
1075 5420 1290 5475 veritas
1350 5421 1694 5486 ubertatem,
1752 5438 1880 5493 quae
1937 5422 1995 5477 in

338 5512 689 5578 perpetuum
722 5512 1077 5579 perseverat.

416 5613 503 5670 45.
539 5613 608 5670 Et
637 5630 815 5688 quam
876 5615 990 5671 cito
1047 5616 1328 5690 probavit,
1387 5617 1527 5691 quia
1575 5623 1998 5677 concurrerunt

2179 4643 2263 4695 18.
2296 4639 2525 4694 Etenim
2560 4662 2585 4688 ‹‹
2623 4639 2747 4710 ipse
2779 4643 2865 4693 est
2898 4640 3046 4695 Deus
3077 4656 3265 4708 meus,
3300 4640 3532 4711 adjutor
3571 4655 3758 4705 meus,

2106 4730 2378 4785 defensor
2402 4744 2607 4783 meus:
2646 4744 2758 4782 non
2794 4728 3070 4783 movebor
3092 4728 3363 4800 amplius.
3391 4750 3419 4775 ››
3451 4727 3559 4791 Qui
3613 4725 3761 4781 labi-

2104 4823 2219 4885 tur,
2255 4821 2690 4883 commovetur;
2726 4833 2793 4871 eo
2827 4818 2981 4888 quod
3023 4818 3092 4872 de
3132 4807 3488 4888 integritatis
3518 4820 3574 4870 et
3592 4814 3758 4871 inno-

2106 4906 2307 4962 centies
2339 4923 2457 4960 suae
2481 4904 2734 4976 quadam
2760 4906 3009 4960 statione
3031 4905 3267 4958 deﬂuat.
3297 4903 3486 4958 Semel
3516 4903 3674 4958 enim
3700 4904 3761 4959 in

2105 5000 2270 5068 petra
2296 4993 2508 5050 Christi
2540 4993 2765 5051 locatus
2797 4994 3091 5049 lubricum
3142 5010 3256 5048 non
3319 4994 3489 5049 debet
3546 4992 3761 5050 habere

2108 5084 2443 5157 vestigium,
2478 5085 2575 5140 sed
2604 5090 2798 5139 tenere
2829 5087 3016 5137 status
3046 5081 3266 5153 proprii
3298 5083 3756 5139 ﬁrmamentum.

2108 5174 2271 5230 Unde
2320 5173 2640 5229 immobilis
2700 5171 2933 5238 dicitur,
2994 5170 3096 5242 qui
3157 5177 3348 5225 servat
3398 5171 3757 5227 immobilem

2105 5262 2551 5330 voluntatem,et
2580 5258 2943 5330 propositum
2971 5259 3202 5329 aliquod
3230 5260 3549 5316 intentione
3563 5260 3759 5315 anima

2106 5351 2295 5408 ﬁdelis
2324 5349 2679 5420 exsequitur.
2714 5347 2856 5402 Nam
2885 5352 2941 5402 et
2974 5348 3067 5403 Dei
3096 5347 3458 5403 immobilem
3490 5349 3757 5406 volunta-

2105 5444 2224 5496 tem
2255 5440 2527 5511 legimus,
2562 5436 2713 5492 sicut
2742 5436 2923 5492 habes
2953 5438 3024 5492 ad
3087 5437 3353 5493 llebrazos
3387 5455 3399 5493 :
3431 5460 3458 5488 ‹‹
3519 5442 3582 5492 In
3643 5456 3758 5511 quo

2108 5528 2361 5601 amplius
2396 5534 2543 5582 Deus
2574 5526 2880 5581 ostendere
2917 5526 3116 5581 volens
3171 5526 3500 5583 heredibus
3555 5543 3758 5600 repro-

2108 5615 2407 5679 missionis
2426 5614 2898 5674 immobilitatem
2929 5615 3243 5674 voluntatis
3266 5615 3761 5696 suae,interposuit
