  <div class='ocr_page' id='page_1' title='image "/cluster/home/n/w/nwhite01/storage/ocr_20150623/14/hvd.32044048207138/621.png"; bbox 0 0 4112 6190; ppageno 0'>
   <div class='ocr_carea' id='block_1_1' title="bbox 392 282 547 342">
    <p class='ocr_par' dir='ltr' id='par_1_1' title="bbox 392 282 547 342">
     <span class='ocr_line' id='line_1_1' title="bbox 392 282 547 342; baseline 0 -1"><span class='ocrx_word' id='word_1_1' title='bbox 392 282 547 342; x_wconf 74' lang='grc'><strong>1231</strong></span> 
     </span>
    </p>
   </div>
   <div class='ocr_carea' id='block_1_2' title="bbox 1857 278 2348 342">
    <p class='ocr_par' dir='ltr' id='par_1_2' title="bbox 1857 278 2348 342">
     <span class='ocr_line' id='line_1_2' title="bbox 1857 278 2348 342; baseline 0 -2"><span class='ocrx_word' id='word_1_2' title='bbox 1857 284 1920 340; x_wconf 90' lang='lat' dir='ltr'>S.</span> <span class='ocrx_word' id='word_1_3' title='bbox 1970 278 2348 342; x_wconf 81' lang='lat' dir='ltr'>AMBROSI]</span> 
     </span>
    </p>
   </div>
   <div class='ocr_carea' id='block_1_3' title="bbox 3656 282 3807 347">
    <p class='ocr_par' dir='ltr' id='par_1_3' title="bbox 3656 282 3807 347">
     <span class='ocr_line' id='line_1_3' title="bbox 3656 282 3807 347; baseline 0.007 -3"><span class='ocrx_word' id='word_1_4' title='bbox 3656 282 3807 347; x_wconf 72' lang='lat'>1232</span> 
     </span>
    </p>
   </div>
   <div class='ocr_carea' id='block_1_4' title="bbox 387 410 3820 488">
    <p class='ocr_par' dir='ltr' id='par_1_4' title="bbox 387 410 3820 488">
     <span class='ocr_line' id='line_1_4' title="bbox 387 410 3820 488; baseline 0.001 -16"><span class='ocrx_word' id='word_1_5' title='bbox 387 412 810 488; x_wconf 79' lang='lat' dir='ltr'>jusjurandum</span> <span class='ocrx_word' id='word_1_6' title='bbox 839 410 1017 483; x_wconf 83' lang='lat' dir='ltr'>(Hebr.</span> <span class='ocrx_word' id='word_1_7' title='bbox 1047 427 1121 467; x_wconf 83' lang='lat' dir='ltr'>v1.</span> <span class='ocrx_word' id='word_1_8' title='bbox 1160 411 1266 483; x_wconf 82' lang='lat' dir='ltr'>l7).</span> <span class='ocrx_word' id='word_1_9' title='bbox 1302 412 1475 468; x_wconf 84' lang='lat' dir='ltr'>Recte</span> <span class='ocrx_word' id='word_1_10' title='bbox 1533 427 1669 485; x_wconf 88' lang='lat' dir='ltr'>ergo</span> <span class='ocrx_word' id='word_1_11' title='bbox 1728 411 2049 469; x_wconf 85' lang='lat' dir='ltr'>immobilis</span> <span class='ocrx_word' id='word_1_12' title='bbox 2078 413 2134 481; x_wconf 78' lang='grc' dir='ltr'><strong>Α</strong></span> <span class='ocrx_word' id='word_1_13' title='bbox 2162 414 2339 485; x_wconf 84' lang='lat' dir='ltr'>pedes</span> <span class='ocrx_word' id='word_1_14' title='bbox 2362 430 2522 470; x_wconf 89' lang='lat' dir='ltr'>meos</span> <span class='ocrx_word' id='word_1_15' title='bbox 2554 413 2722 485; x_wconf 72' lang='lat' dir='ltr'>(Psat.</span> <span class='ocrx_word' id='word_1_16' title='bbox 2759 430 2882 481; x_wconf 79' lang='lat' dir='ltr'>va,</span> <span class='ocrx_word' id='word_1_17' title='bbox 2912 413 2989 486; x_wconf 89' lang='lat'>9).</span> <span class='ocrx_word' id='word_1_18' title='bbox 3011 432 3039 466; x_wconf 68' lang='grc' dir='ltr'>ι</span> <span class='ocrx_word' id='word_1_19' title='bbox 3088 411 3253 471; x_wconf 86' lang='lat' dir='ltr'>Unde</span> <span class='ocrx_word' id='word_1_20' title='bbox 3309 418 3366 471; x_wconf 88' lang='lat' dir='ltr'>et</span> <span class='ocrx_word' id='word_1_21' title='bbox 3421 418 3630 472; x_wconf 82' lang='lat' dir='ltr'>sancto</span> <span class='ocrx_word' id='word_1_22' title='bbox 3688 417 3820 474; x_wconf 85' lang='lat' dir='ltr'>dici-</span> 
     </span>
    </p>
   </div>
   <div class='ocr_carea' id='block_1_5' title="bbox 399 500 2050 574">
    <p class='ocr_par' dir='ltr' id='par_1_5' title="bbox 399 500 2050 574">
     <span class='ocr_line' id='line_1_5' title="bbox 399 500 2050 574; baseline -0.002 -13"><span class='ocrx_word' id='word_1_23' title='bbox 399 503 666 562; x_wconf 87' lang='lat' dir='ltr'>voluntas</span> <span class='ocrx_word' id='word_1_24' title='bbox 698 500 822 569; x_wconf 85' lang='lat' dir='ltr'>Dei,</span> <span class='ocrx_word' id='word_1_25' title='bbox 857 518 982 573; x_wconf 66' lang='lat' dir='ltr'>quae</span> <span class='ocrx_word' id='word_1_26' title='bbox 1016 500 1237 557; x_wconf 85' lang='lat' dir='ltr'>nullius</span> <span class='ocrx_word' id='word_1_27' title='bbox 1269 501 1488 574; x_wconf 78' lang='lat' dir='ltr'>peccati</span> <span class='ocrx_word' id='word_1_28' title='bbox 1548 505 1813 558; x_wconf 85' lang='lat' dir='ltr'>movetur</span> <span class='ocrx_word' id='word_1_29' title='bbox 1860 501 2050 557; x_wconf 87' lang='lat' dir='ltr'>illece-</span> 
     </span>
    </p>
   </div>
   <div class='ocr_carea' id='block_1_6' title="bbox 394 589 2051 662">
    <p class='ocr_par' dir='ltr' id='par_1_6' title="bbox 394 589 2051 662">
     <span class='ocr_line' id='line_1_6' title="bbox 394 589 2051 662; baseline -0.002 -14"><span class='ocrx_word' id='word_1_30' title='bbox 394 591 536 648; x_wconf 86' lang='lat' dir='ltr'>bris.</span> <span class='ocrx_word' id='word_1_31' title='bbox 570 589 848 647; x_wconf 80' lang='lat' dir='ltr'>Homines</span> <span class='ocrx_word' id='word_1_32' title='bbox 878 607 1011 647; x_wconf 90' lang='lat' dir='ltr'>vero</span> <span class='ocrx_word' id='word_1_33' title='bbox 1074 590 1340 658; x_wconf 85' lang='lat' dir='ltr'>mobiles,</span> <span class='ocrx_word' id='word_1_34' title='bbox 1372 589 1582 645; x_wconf 83' lang='lat' dir='ltr'>lubrici</span> <span class='ocrx_word' id='word_1_35' title='bbox 1605 590 1675 646; x_wconf 91' lang='lat' dir='ltr'>ad</span> <span class='ocrx_word' id='word_1_36' title='bbox 1709 590 2051 662; x_wconf 86' lang='lat' dir='ltr'>delinquen-</span> 
     </span>
    </p>
   </div>
   <div class='ocr_carea' id='block_1_7' title="bbox 397 679 2052 753">
    <p class='ocr_par' dir='ltr' id='par_1_7' title="bbox 397 679 2052 753">
     <span class='ocr_line' id='line_1_7' title="bbox 397 679 2052 753; baseline -0.002 -15"><span class='ocrx_word' id='word_1_37' title='bbox 397 683 563 753; x_wconf 89' lang='lat' dir='ltr'>dum,</span> <span class='ocrx_word' id='word_1_38' title='bbox 612 681 813 739; x_wconf 80' lang='lat' dir='ltr'>faciles</span> <span class='ocrx_word' id='word_1_39' title='bbox 844 682 916 738; x_wconf 89' lang='lat' dir='ltr'>ad</span> <span class='ocrx_word' id='word_1_40' title='bbox 975 681 1311 737; x_wconf 89' lang='lat' dir='ltr'>errandum.</span> <span class='ocrx_word' id='word_1_41' title='bbox 1377 680 1641 752; x_wconf 85' lang='lat' dir='ltr'>Denique</span> <span class='ocrx_word' id='word_1_42' title='bbox 1707 680 1777 735; x_wconf 85' lang='lat' dir='ltr'>de</span> <span class='ocrx_word' id='word_1_43' title='bbox 1833 679 2052 735; x_wconf 79' lang='lat' dir='ltr'>Judaeis</span> 
     </span>
    </p>
   </div>
   <div class='ocr_carea' id='block_1_8' title="bbox 397 769 2054 842">
    <p class='ocr_par' dir='ltr' id='par_1_8' title="bbox 397 769 2054 842">
     <span class='ocr_line' id='line_1_8' title="bbox 397 769 2054 842; baseline -0.004 -12"><span class='ocrx_word' id='word_1_44' title='bbox 397 773 621 830; x_wconf 87' lang='lat' dir='ltr'>dictum</span> <span class='ocrx_word' id='word_1_45' title='bbox 660 774 749 828; x_wconf 88' lang='lat' dir='ltr'>est</span> <span class='ocrx_word' id='word_1_46' title='bbox 772 814 786 828; x_wconf 93' lang='lat'>.</span> <span class='ocrx_word' id='word_1_47' title='bbox 822 795 849 823; x_wconf 84' lang='lat'><strong><em>«</em></strong></span> <span class='ocrx_word' id='word_1_48' title='bbox 884 772 1275 828; x_wconf 81' lang='lat' dir='ltr'>Transeuntes</span> <span class='ocrx_word' id='word_1_49' title='bbox 1320 774 1514 827; x_wconf 90' lang='lat' dir='ltr'>autem</span> <span class='ocrx_word' id='word_1_50' title='bbox 1565 769 2054 842; x_wconf 89' lang='lat' dir='ltr'>blasphemabant</span> 
     </span>
    </p>
   </div>
   <div class='ocr_carea' id='block_1_9' title="bbox 400 860 2051 934">
    <p class='ocr_par' dir='ltr' id='par_1_9' title="bbox 400 860 2051 934">
     <span class='ocr_line' id='line_1_9' title="bbox 400 860 2051 934; baseline -0.007 -14"><span class='ocrx_word' id='word_1_51' title='bbox 400 879 559 933; x_wconf 88' lang='lat' dir='ltr'>eum,</span> <span class='ocrx_word' id='word_1_52' title='bbox 610 865 910 918; x_wconf 85' lang='lat' dir='ltr'>moventes</span> <span class='ocrx_word' id='word_1_53' title='bbox 970 861 1162 934; x_wconf 87' lang='lat' dir='ltr'>capita</span> <span class='ocrx_word' id='word_1_54' title='bbox 1221 878 1329 917; x_wconf 87' lang='lat' dir='ltr'>sua</span> <span class='ocrx_word' id='word_1_55' title='bbox 1388 862 1596 933; x_wconf 81' lang='lat' dir='ltr'>(Matth.</span> <span class='ocrx_word' id='word_1_56' title='bbox 1653 877 1823 925; x_wconf 77' lang='lat' dir='ltr'>xxv&quot;,</span> <span class='ocrx_word' id='word_1_57' title='bbox 1876 860 2051 930; x_wconf 83' lang='lat'>39).»</span> 
     </span>
    </p>
   </div>
   <div class='ocr_carea' id='block_1_10' title="bbox 400 948 2052 1024">
    <p class='ocr_par' dir='ltr' id='par_1_10' title="bbox 400 948 2052 1024">
     <span class='ocr_line' id='line_1_10' title="bbox 400 948 2052 1024; baseline -0.004 -16"><span class='ocrx_word' id='word_1_58' title='bbox 400 953 471 1008; x_wconf 86' lang='lat' dir='ltr'>Et</span> <span class='ocrx_word' id='word_1_59' title='bbox 501 952 626 1024; x_wconf 89' lang='lat' dir='ltr'>ipse</span> <span class='ocrx_word' id='word_1_60' title='bbox 655 951 939 1008; x_wconf 90' lang='lat' dir='ltr'>Dominus</span> <span class='ocrx_word' id='word_1_61' title='bbox 960 951 1019 1006; x_wconf 91' lang='lat' dir='ltr'>in</span> <span class='ocrx_word' id='word_1_62' title='bbox 1044 950 1270 1022; x_wconf 87' lang='lat' dir='ltr'>psalmo</span> <span class='ocrx_word' id='word_1_63' title='bbox 1302 950 1385 1006; x_wconf 86' lang='lat' dir='ltr'>ait</span> <span class='ocrx_word' id='word_1_64' title='bbox 1412 967 1424 1004; x_wconf 91' lang='lat'>:</span> <span class='ocrx_word' id='word_1_65' title='bbox 1465 972 1485 1000; x_wconf 77' lang='grc' dir='ltr'>ι</span> <span class='ocrx_word' id='word_1_66' title='bbox 1520 950 1736 1006; x_wconf 86' lang='lat' dir='ltr'>Omnes</span> <span class='ocrx_word' id='word_1_67' title='bbox 1768 948 1869 1020; x_wconf 88' lang='lat' dir='ltr'>qui</span> <span class='ocrx_word' id='word_1_68' title='bbox 1898 948 2052 1003; x_wconf 91' lang='lat' dir='ltr'>vide-</span> 
     </span>
    </p>
   </div>
   <div class='ocr_carea' id='block_1_11' title="bbox 400 1037 2051 1113">
    <p class='ocr_par' dir='ltr' id='par_1_11' title="bbox 400 1037 2051 1113">
     <span class='ocr_line' id='line_1_11' title="bbox 400 1037 2051 1113; baseline -0.004 -16"><span class='ocrx_word' id='word_1_69' title='bbox 400 1042 546 1097; x_wconf 88' lang='lat' dir='ltr'>bant</span> <span class='ocrx_word' id='word_1_70' title='bbox 576 1057 690 1111; x_wconf 89' lang='lat' dir='ltr'>me,</span> <span class='ocrx_word' id='word_1_71' title='bbox 724 1040 1194 1113; x_wconf 80' lang='lat' dir='ltr'>aspernabantur</span> <span class='ocrx_word' id='word_1_72' title='bbox 1231 1055 1361 1097; x_wconf 88' lang='lat' dir='ltr'>me:</span> <span class='ocrx_word' id='word_1_73' title='bbox 1398 1042 1455 1095; x_wconf 91' lang='lat' dir='ltr'>et</span> <span class='ocrx_word' id='word_1_74' title='bbox 1484 1038 1660 1095; x_wconf 88' lang='lat' dir='ltr'>locuti</span> <span class='ocrx_word' id='word_1_75' title='bbox 1692 1042 1830 1094; x_wconf 89' lang='lat' dir='ltr'>sunt</span> <span class='ocrx_word' id='word_1_76' title='bbox 1860 1037 2051 1105; x_wconf 84' lang='lat' dir='ltr'>labiis,</span> 
     </span>
    </p>
   </div>
   <div class='ocr_carea' id='block_1_12' title="bbox 401 1128 2055 1202">
    <p class='ocr_par' dir='ltr' id='par_1_12' title="bbox 401 1128 2055 1202">
     <span class='ocr_line' id='line_1_12' title="bbox 401 1128 2055 1202; baseline -0.003 -15"><span class='ocrx_word' id='word_1_77' title='bbox 401 1136 459 1187; x_wconf 90' lang='lat' dir='ltr'>et</span> <span class='ocrx_word' id='word_1_78' title='bbox 489 1135 797 1187; x_wconf 90' lang='lat' dir='ltr'>moverunt</span> <span class='ocrx_word' id='word_1_79' title='bbox 827 1134 1001 1202; x_wconf 91' lang='lat' dir='ltr'>caput</span> <span class='ocrx_word' id='word_1_80' title='bbox 1033 1131 1201 1202; x_wconf 75' lang='lat' dir='ltr'>(Psat.</span> <span class='ocrx_word' id='word_1_81' title='bbox 1235 1147 1349 1198; x_wconf 75' lang='lat' dir='ltr'>xxr,</span> <span class='ocrx_word' id='word_1_82' title='bbox 1382 1130 1458 1200; x_wconf 90' lang='lat'>8).</span> <span class='ocrx_word' id='word_1_83' title='bbox 1500 1151 1529 1178; x_wconf 89' lang='lat'><strong>»</strong></span> <span class='ocrx_word' id='word_1_84' title='bbox 1562 1130 1749 1201; x_wconf 82' lang='lat' dir='ltr'>Caput</span> <span class='ocrx_word' id='word_1_85' title='bbox 1789 1128 2055 1183; x_wconf 92' lang='lat' dir='ltr'>omnium</span> 
     </span>
    </p>
   </div>
   <div class='ocr_carea' id='block_1_13' title="bbox 399 1217 2056 1292">
    <p class='ocr_par' dir='ltr' id='par_1_13' title="bbox 399 1217 2056 1292">
     <span class='ocr_line' id='line_1_13' title="bbox 399 1217 2056 1292; baseline -0.001 -16"><span class='ocrx_word' id='word_1_86' title='bbox 399 1220 667 1276; x_wconf 85' lang='lat' dir='ltr'>Christus</span> <span class='ocrx_word' id='word_1_87' title='bbox 697 1223 803 1276; x_wconf 89' lang='lat' dir='ltr'>est.</span> <span class='ocrx_word' id='word_1_88' title='bbox 835 1219 1041 1275; x_wconf 87' lang='lat' dir='ltr'>Melius</span> <span class='ocrx_word' id='word_1_89' title='bbox 1072 1223 1160 1276; x_wconf 89' lang='lat' dir='ltr'>est</span> <span class='ocrx_word' id='word_1_90' title='bbox 1189 1219 1370 1292; x_wconf 84' lang='lat' dir='ltr'>igitur</span> <span class='ocrx_word' id='word_1_91' title='bbox 1409 1222 1471 1273; x_wconf 91' lang='lat' dir='ltr'>ut</span> <span class='ocrx_word' id='word_1_92' title='bbox 1503 1221 1736 1274; x_wconf 91' lang='lat' dir='ltr'>maneat</span> <span class='ocrx_word' id='word_1_93' title='bbox 1792 1217 2056 1274; x_wconf 88' lang='lat' dir='ltr'>Christus</span> 
     </span>
    </p>
   </div>
   <div class='ocr_carea' id='block_1_14' title="bbox 403 1307 2056 1381">
    <p class='ocr_par' dir='ltr' id='par_1_14' title="bbox 403 1307 2056 1381">
     <span class='ocr_line' id='line_1_14' title="bbox 403 1307 2056 1381; baseline -0.002 -16"><span class='ocrx_word' id='word_1_94' title='bbox 403 1310 462 1365; x_wconf 92' lang='lat' dir='ltr'>in</span> <span class='ocrx_word' id='word_1_95' title='bbox 496 1309 687 1381; x_wconf 90' lang='lat' dir='ltr'>nobis,</span> <span class='ocrx_word' id='word_1_96' title='bbox 719 1325 898 1380; x_wconf 89' lang='lat' dir='ltr'>quam</span> <span class='ocrx_word' id='word_1_97' title='bbox 931 1308 1128 1380; x_wconf 90' lang='lat' dir='ltr'>aliqua</span> <span class='ocrx_word' id='word_1_98' title='bbox 1157 1308 1340 1363; x_wconf 85' lang='lat' dir='ltr'>nostri</span> <span class='ocrx_word' id='word_1_99' title='bbox 1390 1307 1779 1363; x_wconf 89' lang='lat' dir='ltr'>commotione</span> <span class='ocrx_word' id='word_1_100' title='bbox 1830 1323 2056 1362; x_wconf 86' lang='lat' dir='ltr'>movea-</span> 
     </span>
    </p>
   </div>
   <div class='ocr_carea' id='block_1_15' title="bbox 404 1396 2054 1468">
    <p class='ocr_par' dir='ltr' id='par_1_15' title="bbox 404 1396 2054 1468">
     <span class='ocr_line' id='line_1_15' title="bbox 404 1396 2054 1468; baseline -0.003 -13"><span class='ocrx_word' id='word_1_101' title='bbox 404 1403 519 1455; x_wconf 86' lang='lat' dir='ltr'>tur.</span> <span class='ocrx_word' id='word_1_102' title='bbox 554 1399 717 1455; x_wconf 87' lang='lat' dir='ltr'>Unde</span> <span class='ocrx_word' id='word_1_103' title='bbox 758 1398 942 1455; x_wconf 70' lang='lat' dir='ltr'>Judcei</span> <span class='ocrx_word' id='word_1_104' title='bbox 1002 1401 1303 1453; x_wconf 90' lang='lat' dir='ltr'>moventes</span> <span class='ocrx_word' id='word_1_105' title='bbox 1362 1397 1553 1468; x_wconf 87' lang='lat' dir='ltr'>capita</span> <span class='ocrx_word' id='word_1_106' title='bbox 1602 1414 1709 1451; x_wconf 90' lang='lat' dir='ltr'>sua</span> <span class='ocrx_word' id='word_1_107' title='bbox 1738 1396 2054 1452; x_wconf 84' lang='lat' dir='ltr'>dicebant:</span> 
     </span>
    </p>
   </div>
   <div class='ocr_carea' id='block_1_16' title="bbox 405 1486 2059 1558">
    <p class='ocr_par' dir='ltr' id='par_1_16' title="bbox 405 1486 2059 1558">
     <span class='ocr_line' id='line_1_16' title="bbox 405 1486 2059 1558; baseline -0.003 -14"><span class='ocrx_word' id='word_1_108' title='bbox 405 1512 431 1538; x_wconf 89' lang='grc'>‹‹</span> <span class='ocrx_word' id='word_1_109' title='bbox 467 1489 627 1545; x_wconf 89' lang='lat' dir='ltr'>Tolle</span> <span class='ocrx_word' id='word_1_110' title='bbox 654 1506 686 1544; x_wconf 89' lang='lat' dir='ltr'>a</span> <span class='ocrx_word' id='word_1_111' title='bbox 716 1495 865 1544; x_wconf 86' lang='lat' dir='ltr'>terra</span> <span class='ocrx_word' id='word_1_112' title='bbox 892 1488 1070 1543; x_wconf 88' lang='lat' dir='ltr'>talem</span> <span class='ocrx_word' id='word_1_113' title='bbox 1103 1488 1257 1543; x_wconf 89' lang='lat' dir='ltr'>hunc</span> <span class='ocrx_word' id='word_1_114' title='bbox 1280 1488 1416 1558; x_wconf 77' lang='lat' dir='ltr'>(Act.</span> <span class='ocrx_word' id='word_1_115' title='bbox 1452 1487 1717 1557; x_wconf 38' lang='lat'>33411,.22).</span> <span class='ocrx_word' id='word_1_116' title='bbox 1739 1510 1766 1535; x_wconf 86' lang='grc'>››</span> <span class='ocrx_word' id='word_1_117' title='bbox 1787 1486 2059 1541; x_wconf 85' lang='lat' dir='ltr'>Geraseni</span> 
     </span>
    </p>
   </div>
   <div class='ocr_carea' id='block_1_17' title="bbox 406 1576 2057 1651">
    <p class='ocr_par' dir='ltr' id='par_1_17' title="bbox 406 1576 2057 1651">
     <span class='ocr_line' id='line_1_17' title="bbox 406 1576 2057 1651; baseline -0.004 -17"><span class='ocrx_word' id='word_1_118' title='bbox 406 1580 693 1651; x_wconf 86' lang='lat' dir='ltr'>rogabant</span> <span class='ocrx_word' id='word_1_119' title='bbox 723 1582 787 1633; x_wconf 91' lang='lat' dir='ltr'>ut</span> <span class='ocrx_word' id='word_1_120' title='bbox 818 1579 885 1633; x_wconf 91' lang='lat' dir='ltr'>de</span> <span class='ocrx_word' id='word_1_121' title='bbox 917 1576 1136 1633; x_wconf 80' lang='lat' dir='ltr'>ﬁnibus</span> <span class='ocrx_word' id='word_1_122' title='bbox 1159 1593 1361 1632; x_wconf 90' lang='lat' dir='ltr'>eorum</span> <span class='ocrx_word' id='word_1_123' title='bbox 1395 1577 1685 1632; x_wconf 89' lang='lat' dir='ltr'>recederet</span> <span class='ocrx_word' id='word_1_124' title='bbox 1732 1577 1880 1646; x_wconf 83' lang='lat' dir='ltr'>(Luc.</span> <span class='ocrx_word' id='word_1_125' title='bbox 1939 1592 2057 1644; x_wconf 86' lang='lat' dir='ltr'>vm,</span> 
     </span>
    </p>
   </div>
   <div class='ocr_carea' id='block_1_18' title="bbox 405 1663 2057 1736">
    <p class='ocr_par' dir='ltr' id='par_1_18' title="bbox 405 1663 2057 1736">
     <span class='ocr_line' id='line_1_18' title="bbox 405 1663 2057 1736; baseline -0.001 -16"><span class='ocrx_word' id='word_1_126' title='bbox 405 1666 519 1736; x_wconf 86' lang='lat'>37).</span> <span class='ocrx_word' id='word_1_127' title='bbox 553 1665 809 1721; x_wconf 86' lang='lat' dir='ltr'>Ecclesia</span> <span class='ocrx_word' id='word_1_128' title='bbox 848 1669 1042 1720; x_wconf 90' lang='lat' dir='ltr'>autem</span> <span class='ocrx_word' id='word_1_129' title='bbox 1074 1664 1262 1719; x_wconf 88' lang='lat' dir='ltr'>tenuit</span> <span class='ocrx_word' id='word_1_130' title='bbox 1295 1681 1449 1727; x_wconf 89' lang='lat' dir='ltr'>eum,</span> <span class='ocrx_word' id='word_1_131' title='bbox 1493 1680 1597 1718; x_wconf 89' lang='lat' dir='ltr'>nec</span> <span class='ocrx_word' id='word_1_132' title='bbox 1637 1663 1863 1717; x_wconf 87' lang='lat' dir='ltr'>dimisit</span> <span class='ocrx_word' id='word_1_133' title='bbox 1901 1678 2057 1719; x_wconf 91' lang='lat' dir='ltr'>eum.</span> 
     </span>
    </p>
   </div>
   <div class='ocr_carea' id='block_1_19' title="bbox 407 1751 2059 1824">
    <p class='ocr_par' dir='ltr' id='par_1_19' title="bbox 407 1751 2059 1824">
     <span class='ocr_line' id='line_1_19' title="bbox 407 1751 2059 1824; baseline -0.001 -16"><span class='ocrx_word' id='word_1_134' title='bbox 407 1754 539 1808; x_wconf 90' lang='lat' dir='ltr'>Ideo</span> <span class='ocrx_word' id='word_1_135' title='bbox 572 1753 672 1809; x_wconf 88' lang='lat' dir='ltr'>illa</span> <span class='ocrx_word' id='word_1_136' title='bbox 700 1770 826 1824; x_wconf 71' lang='lat' dir='ltr'>quae</span> <span class='ocrx_word' id='word_1_137' title='bbox 859 1753 1048 1807; x_wconf 89' lang='lat' dir='ltr'>tenuit</span> <span class='ocrx_word' id='word_1_138' title='bbox 1076 1769 1231 1819; x_wconf 91' lang='lat' dir='ltr'>eum,</span> <span class='ocrx_word' id='word_1_139' title='bbox 1265 1753 1524 1823; x_wconf 79' lang='lat' dir='ltr'>possidet</span> <span class='ocrx_word' id='word_1_140' title='bbox 1554 1751 1663 1821; x_wconf 89' lang='lat' dir='ltr'>(illi</span> <span class='ocrx_word' id='word_1_141' title='bbox 1708 1751 1807 1823; x_wconf 92' lang='lat' dir='ltr'>qui</span> <span class='ocrx_word' id='word_1_142' title='bbox 1867 1768 2059 1807; x_wconf 86' lang='lat' dir='ltr'>move-</span> 
     </span>
    </p>
   </div>
   <div class='ocr_carea' id='block_1_20' title="bbox 408 1840 2063 1912">
    <p class='ocr_par' dir='ltr' id='par_1_20' title="bbox 408 1840 2063 1912">
     <span class='ocr_line' id='line_1_20' title="bbox 408 1840 2063 1912; baseline -0.001 -15"><span class='ocrx_word' id='word_1_143' title='bbox 408 1846 565 1910; x_wconf 90' lang='lat' dir='ltr'>runt,</span> <span class='ocrx_word' id='word_1_144' title='bbox 596 1846 792 1898; x_wconf 89' lang='lat' dir='ltr'>tenere</span> <span class='ocrx_word' id='word_1_145' title='bbox 824 1858 937 1897; x_wconf 90' lang='lat' dir='ltr'>non</span> <span class='ocrx_word' id='word_1_146' title='bbox 969 1844 1237 1912; x_wconf 91' lang='lat' dir='ltr'>possunt.</span> <span class='ocrx_word' id='word_1_147' title='bbox 1272 1840 1518 1895; x_wconf 84' lang='lat' dir='ltr'>Pulchre</span> <span class='ocrx_word' id='word_1_148' title='bbox 1549 1844 1744 1896; x_wconf 89' lang='lat' dir='ltr'>autem</span> <span class='ocrx_word' id='word_1_149' title='bbox 1776 1841 1856 1896; x_wconf 89' lang='lat' dir='ltr'>ait</span> <span class='ocrx_word' id='word_1_150' title='bbox 1885 1857 2063 1896; x_wconf 89' lang='lat' dir='ltr'>evan-</span> 
     </span>
    </p>
   </div>
   <div class='ocr_carea' id='block_1_21' title="bbox 342 1930 2065 2005">
    <p class='ocr_par' dir='ltr' id='par_1_21' title="bbox 342 1930 2065 2005">
     <span class='ocr_line' id='line_1_21' title="bbox 342 1930 2065 2005; baseline -0.002 -17"><span class='ocrx_word' id='word_1_151' title='bbox 342 1951 357 1960; x_wconf 87' lang='grc'><strong>·</strong></span> <span class='ocrx_word' id='word_1_152' title='bbox 406 1931 619 2005; x_wconf 82' lang='lat' dir='ltr'>gelista</span> <span class='ocrx_word' id='word_1_153' title='bbox 676 1930 815 2002; x_wconf 89' lang='lat' dir='ltr'>quia</span> <span class='ocrx_word' id='word_1_154' title='bbox 868 1934 1242 1985; x_wconf 88' lang='lat' dir='ltr'>transeuntes</span> <span class='ocrx_word' id='word_1_155' title='bbox 1296 1930 1606 1984; x_wconf 88' lang='lat' dir='ltr'>movebant</span> <span class='ocrx_word' id='word_1_156' title='bbox 1689 1931 1881 2002; x_wconf 88' lang='lat' dir='ltr'>capita</span> <span class='ocrx_word' id='word_1_157' title='bbox 1956 1946 2065 1985; x_wconf 93' lang='lat' dir='ltr'>sua</span> 
     </span>
    </p>
   </div>
   <div class='ocr_carea' id='block_1_22' title="bbox 404 2020 2063 2094">
    <p class='ocr_par' dir='ltr' id='par_1_22' title="bbox 404 2020 2063 2094">
     <span class='ocr_line' id='line_1_22' title="bbox 404 2020 2063 2094; baseline -0.001 -18"><span class='ocrx_word' id='word_1_158' title='bbox 404 2021 611 2094; x_wconf 76' lang='lat' dir='ltr'>(Matth.</span> <span class='ocrx_word' id='word_1_159' title='bbox 643 2036 817 2085; x_wconf 84' lang='lat' dir='ltr'>xxvu,</span> <span class='ocrx_word' id='word_1_160' title='bbox 848 2020 938 2089; x_wconf 86' lang='lat'>39)</span> <span class='ocrx_word' id='word_1_161' title='bbox 974 2037 985 2085; x_wconf 93' lang='lat'><strong>;</strong></span> <span class='ocrx_word' id='word_1_162' title='bbox 1025 2041 1052 2068; x_wconf 86' lang='grc'>››</span> <span class='ocrx_word' id='word_1_163' title='bbox 1084 2022 1481 2087; x_wconf 81' lang='lat' dir='ltr'>transeuntes,</span> <span class='ocrx_word' id='word_1_164' title='bbox 1514 2035 1629 2074; x_wconf 90' lang='lat' dir='ltr'>non</span> <span class='ocrx_word' id='word_1_165' title='bbox 1663 2023 1905 2075; x_wconf 88' lang='lat' dir='ltr'>stantes.</span> <span class='ocrx_word' id='word_1_166' title='bbox 1936 2020 2063 2075; x_wconf 89' lang='lat' dir='ltr'>Sta-</span> 
     </span>
    </p>
   </div>
   <div class='ocr_carea' id='block_1_23' title="bbox 409 2108 2063 2180">
    <p class='ocr_par' dir='ltr' id='par_1_23' title="bbox 409 2108 2063 2180">
     <span class='ocr_line' id='line_1_23' title="bbox 409 2108 2063 2180; baseline -0.001 -15"><span class='ocrx_word' id='word_1_167' title='bbox 409 2126 543 2166; x_wconf 90' lang='lat' dir='ltr'>mus</span> <span class='ocrx_word' id='word_1_168' title='bbox 574 2109 634 2164; x_wconf 86' lang='lat' dir='ltr'>in</span> <span class='ocrx_word' id='word_1_169' title='bbox 667 2108 831 2164; x_wconf 88' lang='lat' dir='ltr'>atriis</span> <span class='ocrx_word' id='word_1_170' title='bbox 863 2108 1105 2176; x_wconf 86' lang='lat' dir='ltr'>sanctis,</span> <span class='ocrx_word' id='word_1_171' title='bbox 1160 2109 1525 2180; x_wconf 67' lang='lat' dir='ltr'>praeterimus</span> <span class='ocrx_word' id='word_1_172' title='bbox 1560 2108 1618 2163; x_wconf 92' lang='lat' dir='ltr'>in</span> <span class='ocrx_word' id='word_1_173' title='bbox 1677 2108 1904 2178; x_wconf 88' lang='lat' dir='ltr'>plateis.</span> <span class='ocrx_word' id='word_1_174' title='bbox 1962 2108 2063 2164; x_wconf 87' lang='lat' dir='ltr'>Sa-</span> 
     </span>
    </p>
   </div>
   <div class='ocr_carea' id='block_1_24' title="bbox 408 2197 2066 2271">
    <p class='ocr_par' dir='ltr' id='par_1_24' title="bbox 408 2197 2066 2271">
     <span class='ocr_line' id='line_1_24' title="bbox 408 2197 2066 2271; baseline -0.001 -17"><span class='ocrx_word' id='word_1_175' title='bbox 408 2199 612 2255; x_wconf 89' lang='lat' dir='ltr'>cerdos</span> <span class='ocrx_word' id='word_1_176' title='bbox 642 2197 936 2271; x_wconf 83' lang='lat' dir='ltr'>praeteriit,</span> <span class='ocrx_word' id='word_1_177' title='bbox 970 2197 1141 2253; x_wconf 85' lang='lat' dir='ltr'>levita</span> <span class='ocrx_word' id='word_1_178' title='bbox 1170 2198 1563 2268; x_wconf 86' lang='lat' dir='ltr'>pertransivit,</span> <span class='ocrx_word' id='word_1_179' title='bbox 1597 2197 1755 2252; x_wconf 89' lang='lat' dir='ltr'>stetit</span> <span class='ocrx_word' id='word_1_180' title='bbox 1812 2197 1908 2253; x_wconf 90' lang='lat' dir='ltr'>ille</span> <span class='ocrx_word' id='word_1_181' title='bbox 1966 2199 2066 2269; x_wconf 86' lang='lat' dir='ltr'>qui</span> 
     </span>
    </p>
   </div>
   <div class='ocr_carea' id='block_1_25' title="bbox 412 2286 2067 2345">
    <p class='ocr_par' dir='ltr' id='par_1_25' title="bbox 412 2286 2067 2345">
     <span class='ocr_line' id='line_1_25' title="bbox 412 2286 2067 2345; baseline -0.002 0"><span class='ocrx_word' id='word_1_182' title='bbox 412 2287 889 2345; x_wconf 84' lang='lat' dir='ltr'>vulnerainilicta</span> <span class='ocrx_word' id='word_1_183' title='bbox 921 2286 1162 2342; x_wconf 89' lang='lat' dir='ltr'>curavit.</span> <span class='ocrx_word' id='word_1_184' title='bbox 1195 2287 1369 2342; x_wconf 70' lang='lat'><strong>962.</strong></span> <span class='ocrx_word' id='word_1_185' title='bbox 1404 2287 1470 2339; x_wconf 79' lang='lat' dir='ltr'>Et</span> <span class='ocrx_word' id='word_1_186' title='bbox 1491 2286 1620 2341; x_wconf 89' lang='lat' dir='ltr'>ideo</span> <span class='ocrx_word' id='word_1_187' title='bbox 1651 2286 1735 2340; x_wconf 89' lang='lat' dir='ltr'>illi</span> <span class='ocrx_word' id='word_1_188' title='bbox 1766 2304 1880 2342; x_wconf 91' lang='lat' dir='ltr'>non</span> <span class='ocrx_word' id='word_1_189' title='bbox 1904 2286 2067 2342; x_wconf 82' lang='lat' dir='ltr'>dixe-</span> 
     </span>
    </p>
   </div>
   <div class='ocr_carea' id='block_1_26' title="bbox 418 2374 2069 2448">
    <p class='ocr_par' dir='ltr' id='par_1_26' title="bbox 418 2374 2069 2448">
     <span class='ocr_line' id='line_1_26' title="bbox 418 2374 2069 2448; baseline -0.001 -16"><span class='ocrx_word' id='word_1_190' title='bbox 418 2382 558 2432; x_wconf 90' lang='lat' dir='ltr'>runt</span> <span class='ocrx_word' id='word_1_191' title='bbox 602 2376 702 2448; x_wconf 90' lang='lat' dir='ltr'>qui</span> <span class='ocrx_word' id='word_1_192' title='bbox 754 2376 1086 2431; x_wconf 84' lang='lat' dir='ltr'>transibant</span> <span class='ocrx_word' id='word_1_193' title='bbox 1115 2374 1313 2430; x_wconf 87' lang='lat' dir='ltr'>viam:</span> <span class='ocrx_word' id='word_1_194' title='bbox 1374 2398 1401 2425; x_wconf 84' lang='grc'>‹‹</span> <span class='ocrx_word' id='word_1_195' title='bbox 1456 2375 1788 2431; x_wconf 89' lang='lat' dir='ltr'>Benedictio</span> <span class='ocrx_word' id='word_1_196' title='bbox 1837 2375 2069 2431; x_wconf 89' lang='lat' dir='ltr'>Domini</span> 
     </span>
    </p>
   </div>
   <div class='ocr_carea' id='block_1_27' title="bbox 419 2464 2117 2539">
    <p class='ocr_par' dir='ltr' id='par_1_27' title="bbox 419 2464 2117 2539">
     <span class='ocr_line' id='line_1_27' title="bbox 419 2464 2117 2539; baseline -0.001 -17"><span class='ocrx_word' id='word_1_197' title='bbox 419 2483 597 2539; x_wconf 89' lang='lat' dir='ltr'>super</span> <span class='ocrx_word' id='word_1_198' title='bbox 625 2483 763 2521; x_wconf 89' lang='lat' dir='ltr'>vos:</span> <span class='ocrx_word' id='word_1_199' title='bbox 798 2464 1198 2520; x_wconf 74' lang='lat' dir='ltr'>benclicimus</span> <span class='ocrx_word' id='word_1_200' title='bbox 1228 2481 1329 2519; x_wconf 89' lang='lat' dir='ltr'>vos</span> <span class='ocrx_word' id='word_1_201' title='bbox 1360 2465 1431 2520; x_wconf 90' lang='lat' dir='ltr'>de</span> <span class='ocrx_word' id='word_1_202' title='bbox 1453 2465 1867 2521; x_wconf 90' lang='lat' dir='ltr'>domoDomini</span> <span class='ocrx_word' id='word_1_203' title='bbox 1901 2466 2066 2538; x_wconf 84' lang='lat' dir='ltr'>(Psal.</span> <span class='ocrx_word' id='word_1_204' title='bbox 2102 2480 2117 2489; x_wconf 67' lang='lat'><strong>‘</strong></span> 
     </span>
    </p>
   </div>
   <div class='ocr_carea' id='block_1_28' title="bbox 420 2553 2073 2628">
    <p class='ocr_par' dir='ltr' id='par_1_28' title="bbox 420 2553 2073 2628">
     <span class='ocr_line' id='line_1_28' title="bbox 420 2553 2073 2628; baseline -0.001 -17"><span class='ocrx_word' id='word_1_205' title='bbox 420 2573 649 2623; x_wconf 81' lang='lat' dir='ltr'>exxvm,</span> <span class='ocrx_word' id='word_1_206' title='bbox 683 2555 770 2628; x_wconf 87' lang='lat'>8);</span> <span class='ocrx_word' id='word_1_207' title='bbox 809 2577 835 2602; x_wconf 90' lang='grc'><strong>››</strong></span> <span class='ocrx_word' id='word_1_208' title='bbox 871 2557 1093 2609; x_wconf 88' lang='lat' dir='ltr'>stantes</span> <span class='ocrx_word' id='word_1_209' title='bbox 1123 2553 1302 2620; x_wconf 92' lang='lat' dir='ltr'>enim,</span> <span class='ocrx_word' id='word_1_210' title='bbox 1338 2571 1453 2609; x_wconf 90' lang='lat' dir='ltr'>non</span> <span class='ocrx_word' id='word_1_211' title='bbox 1504 2559 1877 2610; x_wconf 90' lang='lat' dir='ltr'>transeuntes</span> <span class='ocrx_word' id='word_1_212' title='bbox 1934 2558 2073 2611; x_wconf 90' lang='lat' dir='ltr'>sunt</span> 
     </span>
    </p>
   </div>
   <div class='ocr_carea' id='block_1_29' title="bbox 421 2642 2073 2718">
    <p class='ocr_par' dir='ltr' id='par_1_29' title="bbox 421 2642 2073 2718">
     <span class='ocr_line' id='line_1_29' title="bbox 421 2642 2073 2718; baseline -0.002 -17"><span class='ocrx_word' id='word_1_213' title='bbox 421 2646 597 2718; x_wconf 90' lang='lat' dir='ltr'>pedes</span> <span class='ocrx_word' id='word_1_214' title='bbox 646 2642 1137 2700; x_wconf 89' lang='lat' dir='ltr'>benedicentium.</span> <span class='ocrx_word' id='word_1_215' title='bbox 1195 2643 1456 2715; x_wconf 88' lang='lat' dir='ltr'>Denique</span> <span class='ocrx_word' id='word_1_216' title='bbox 1516 2646 1571 2698; x_wconf 88' lang='lat' dir='ltr'>et</span> <span class='ocrx_word' id='word_1_217' title='bbox 1622 2642 1853 2699; x_wconf 87' lang='lat' dir='ltr'>vineam</span> <span class='ocrx_word' id='word_1_218' title='bbox 1903 2643 2073 2714; x_wconf 85' lang='lat' dir='ltr'>cujus</span> 
     </span>
    </p>
   </div>
   <div class='ocr_carea' id='block_1_30' title="bbox 414 2731 2073 2799">
    <p class='ocr_par' dir='ltr' id='par_1_30' title="bbox 414 2731 2073 2799">
     <span class='ocr_line' id='line_1_30' title="bbox 414 2731 2073 2799; baseline -0.002 -9"><span class='ocrx_word' id='word_1_219' title='bbox 414 2733 608 2791; x_wconf 90' lang='lat' dir='ltr'>soluta</span> <span class='ocrx_word' id='word_1_220' title='bbox 642 2733 894 2789; x_wconf 90' lang='lat' dir='ltr'>munitio</span> <span class='ocrx_word' id='word_1_221' title='bbox 943 2736 1052 2796; x_wconf 86' lang='lat' dir='ltr'>est,</span> <span class='ocrx_word' id='word_1_222' title='bbox 1085 2736 1455 2789; x_wconf 86' lang='lat' dir='ltr'>transeuntes</span> <span class='ocrx_word' id='word_1_223' title='bbox 1514 2731 1896 2799; x_wconf 83' lang='lat' dir='ltr'>vindemiant,</span> <span class='ocrx_word' id='word_1_224' title='bbox 1957 2748 2073 2787; x_wconf 89' lang='lat' dir='ltr'>non</span> 
     </span>
    </p>
   </div>
   <div class='ocr_carea' id='block_1_31' title="bbox 423 2820 2075 2891">
    <p class='ocr_par' dir='ltr' id='par_1_31' title="bbox 423 2820 2075 2891">
     <span class='ocr_line' id='line_1_31' title="bbox 423 2820 2075 2891; baseline -0.002 -11"><span class='ocrx_word' id='word_1_225' title='bbox 423 2827 749 2880; x_wconf 88' lang='lat' dir='ltr'>manentes.</span> <span class='ocrx_word' id='word_1_226' title='bbox 781 2824 1178 2878; x_wconf 78' lang='lat' dir='ltr'>Transeuntes</span> <span class='ocrx_word' id='word_1_227' title='bbox 1207 2820 1465 2891; x_wconf 89' lang='lat' dir='ltr'>sibilant,</span> <span class='ocrx_word' id='word_1_228' title='bbox 1521 2821 1673 2876; x_wconf 89' lang='lat' dir='ltr'>sicut</span> <span class='ocrx_word' id='word_1_229' title='bbox 1708 2820 1762 2876; x_wconf 89' lang='lat' dir='ltr'>in</span> <span class='ocrx_word' id='word_1_230' title='bbox 1824 2820 2075 2877; x_wconf 88' lang='lat' dir='ltr'>Threnis</span> 
     </span>
    </p>
   </div>
   <div class='ocr_carea' id='block_1_32' title="bbox 420 2912 2075 2985">
    <p class='ocr_par' dir='ltr' id='par_1_32' title="bbox 420 2912 2075 2985">
     <span class='ocr_line' id='line_1_32' title="bbox 420 2912 2075 2985; baseline -0.002 -15"><span class='ocrx_word' id='word_1_231' title='bbox 420 2913 685 2970; x_wconf 71' lang='lat' dir='ltr'>Jeremiae</span> <span class='ocrx_word' id='word_1_232' title='bbox 720 2912 1009 2985; x_wconf 86' lang='lat' dir='ltr'>legimus;</span> <span class='ocrx_word' id='word_1_233' title='bbox 1050 2933 1078 2962; x_wconf 85' lang='grc'>‹‹</span> <span class='ocrx_word' id='word_1_234' title='bbox 1120 2912 1456 2967; x_wconf 88' lang='lat' dir='ltr'>&#39;l‘cnuerunt</span> <span class='ocrx_word' id='word_1_235' title='bbox 1514 2928 1692 2983; x_wconf 88' lang='lat' dir='ltr'>super</span> <span class='ocrx_word' id='word_1_236' title='bbox 1750 2915 1805 2965; x_wconf 91' lang='lat' dir='ltr'>te</span> <span class='ocrx_word' id='word_1_237' title='bbox 1864 2927 2075 2966; x_wconf 85' lang='lat' dir='ltr'>manus</span> 
     </span>
    </p>
   </div>
   <div class='ocr_carea' id='block_1_33' title="bbox 421 2999 2079 3073">
    <p class='ocr_par' dir='ltr' id='par_1_33' title="bbox 421 2999 2079 3073">
     <span class='ocr_line' id='line_1_33' title="bbox 421 2999 2079 3073; baseline -0.004 -13"><span class='ocrx_word' id='word_1_238' title='bbox 421 3019 624 3060; x_wconf 89' lang='lat' dir='ltr'>omnes</span> <span class='ocrx_word' id='word_1_239' title='bbox 658 3005 1030 3059; x_wconf 86' lang='lat' dir='ltr'>transeuntes</span> <span class='ocrx_word' id='word_1_240' title='bbox 1088 3017 1191 3073; x_wconf 88' lang='lat' dir='ltr'>per</span> <span class='ocrx_word' id='word_1_241' title='bbox 1218 3001 1371 3056; x_wconf 80' lang='lat' dir='ltr'>viain</span> <span class='ocrx_word' id='word_1_242' title='bbox 1409 2999 2079 3056; x_wconf 81' lang='lat' dir='ltr'>sibilaveruntetmove—</span> 
     </span>
    </p>
   </div>
   <div class='ocr_carea' id='block_1_34' title="bbox 423 3088 2077 3165">
    <p class='ocr_par' dir='ltr' id='par_1_34' title="bbox 423 3088 2077 3165">
     <span class='ocr_line' id='line_1_34' title="bbox 423 3088 2077 3165; baseline -0.005 -16"><span class='ocrx_word' id='word_1_243' title='bbox 423 3097 564 3149; x_wconf 87' lang='lat' dir='ltr'>runt</span> <span class='ocrx_word' id='word_1_244' title='bbox 593 3096 768 3165; x_wconf 90' lang='lat' dir='ltr'>caput</span> <span class='ocrx_word' id='word_1_245' title='bbox 798 3107 971 3147; x_wconf 90' lang='lat' dir='ltr'>suum</span> <span class='ocrx_word' id='word_1_246' title='bbox 1004 3106 1181 3163; x_wconf 90' lang='lat' dir='ltr'>super</span> <span class='ocrx_word' id='word_1_247' title='bbox 1239 3089 1419 3145; x_wconf 84' lang='lat' dir='ltr'>ﬁliam</span> <span class='ocrx_word' id='word_1_248' title='bbox 1476 3088 1815 3144; x_wconf 85' lang='lat' dir='ltr'>Jerusalem.</span> <span class='ocrx_word' id='word_1_249' title='bbox 1857 3088 2077 3158; x_wconf 69' lang='lat' dir='ltr'>(Thren,</span> 
     </span>
    </p>
   </div>
   <div class='ocr_carea' id='block_1_35' title="bbox 2161 501 3820 563">
    <p class='ocr_par' dir='ltr' id='par_1_35' title="bbox 2161 501 3820 563">
     <span class='ocr_line' id='line_1_35' title="bbox 2161 501 3820 563; baseline 0.005 -8"><span class='ocrx_word' id='word_1_250' title='bbox 2161 505 2258 556; x_wconf 89' lang='lat' dir='ltr'>tur</span> <span class='ocrx_word' id='word_1_251' title='bbox 2287 518 2320 557; x_wconf 91' lang='lat' dir='ltr'>a</span> <span class='ocrx_word' id='word_1_252' title='bbox 2353 501 2594 558; x_wconf 91' lang='lat' dir='ltr'>Domino</span> <span class='ocrx_word' id='word_1_253' title='bbox 2625 503 2740 558; x_wconf 90' lang='lat' dir='ltr'>Deo</span> <span class='ocrx_word' id='word_1_254' title='bbox 2770 506 2968 559; x_wconf 89' lang='lat' dir='ltr'>nostro</span> <span class='ocrx_word' id='word_1_255' title='bbox 2994 521 3005 560; x_wconf 91' lang='lat'>:</span> <span class='ocrx_word' id='word_1_256' title='bbox 3044 525 3073 553; x_wconf 74' lang='grc' dir='ltr'>α</span> <span class='ocrx_word' id='word_1_257' title='bbox 3104 504 3193 558; x_wconf 89' lang='lat' dir='ltr'>Tu</span> <span class='ocrx_word' id='word_1_258' title='bbox 3225 506 3421 560; x_wconf 85' lang='lat' dir='ltr'>autem</span> <span class='ocrx_word' id='word_1_259' title='bbox 3451 503 3548 560; x_wconf 90' lang='lat' dir='ltr'>hic</span> <span class='ocrx_word' id='word_1_260' title='bbox 3575 509 3673 562; x_wconf 80' lang='lat' dir='ltr'>sta</span> <span class='ocrx_word' id='word_1_261' title='bbox 3701 516 3820 563; x_wconf 84' lang='lat' dir='ltr'>me-</span> 
     </span>
    </p>
   </div>
   <div class='ocr_carea' id='block_1_36' title="bbox 2162 591 3819 666">
    <p class='ocr_par' dir='ltr' id='par_1_36' title="bbox 2162 591 3819 666">
     <span class='ocr_line' id='line_1_36' title="bbox 2162 591 3819 666; baseline 0.005 -21"><span class='ocrx_word' id='word_1_262' title='bbox 2162 608 2297 646; x_wconf 88' lang='lat' dir='ltr'>cum</span> <span class='ocrx_word' id='word_1_263' title='bbox 2326 592 2500 661; x_wconf 78' lang='lat' dir='ltr'>(Deut.</span> <span class='ocrx_word' id='word_1_264' title='bbox 2534 608 2586 660; x_wconf 93' lang='lat' dir='ltr'>v,</span> <span class='ocrx_word' id='word_1_265' title='bbox 2619 593 2710 663; x_wconf 84' lang='grc'>31)</span> <span class='ocrx_word' id='word_1_266' title='bbox 2736 610 2797 659; x_wconf 76' lang='grc'>;»</span> <span class='ocrx_word' id='word_1_267' title='bbox 2828 591 3109 664; x_wconf 88' lang='lat' dir='ltr'>quoniam</span> <span class='ocrx_word' id='word_1_268' title='bbox 3124 593 3226 665; x_wconf 88' lang='lat' dir='ltr'>qui</span> <span class='ocrx_word' id='word_1_269' title='bbox 3253 598 3366 650; x_wconf 84' lang='lat' dir='ltr'>Deo</span> <span class='ocrx_word' id='word_1_270' title='bbox 3390 594 3697 666; x_wconf 78' lang='lat' dir='ltr'>proximus</span> <span class='ocrx_word' id='word_1_271' title='bbox 3718 602 3819 664; x_wconf 80' lang='lat' dir='ltr'>est,</span> 
     </span>
    </p>
   </div>
   <div class='ocr_carea' id='block_1_37' title="bbox 2162 679 3823 757">
    <p class='ocr_par' dir='ltr' id='par_1_37' title="bbox 2162 679 3823 757">
     <span class='ocr_line' id='line_1_37' title="bbox 2162 679 3823 757; baseline 0.004 -22"><span class='ocrx_word' id='word_1_272' title='bbox 2162 679 2355 752; x_wconf 86' lang='lat' dir='ltr'>lapsui</span> <span class='ocrx_word' id='word_1_273' title='bbox 2391 697 2500 737; x_wconf 90' lang='lat' dir='ltr'>non</span> <span class='ocrx_word' id='word_1_274' title='bbox 2528 684 2720 752; x_wconf 89' lang='lat' dir='ltr'>potest</span> <span class='ocrx_word' id='word_1_275' title='bbox 2750 697 2879 736; x_wconf 90' lang='lat' dir='ltr'>esse</span> <span class='ocrx_word' id='word_1_276' title='bbox 2909 679 3155 737; x_wconf 88' lang='lat' dir='ltr'>vicinus.</span> <span class='ocrx_word' id='word_1_277' title='bbox 3191 682 3403 738; x_wconf 89' lang='lat' dir='ltr'>Omnis</span> <span class='ocrx_word' id='word_1_278' title='bbox 3447 684 3606 739; x_wconf 88' lang='lat' dir='ltr'>enim</span> <span class='ocrx_word' id='word_1_279' title='bbox 3659 684 3823 757; x_wconf 82' lang='lat' dir='ltr'>culp’a</span> 
     </span>
    </p>
   </div>
   <div class='ocr_carea' id='block_1_38' title="bbox 2162 768 3823 846">
    <p class='ocr_par' dir='ltr' id='par_1_38' title="bbox 2162 768 3823 846">
     <span class='ocr_line' id='line_1_38' title="bbox 2162 768 3823 846; baseline 0.005 -25"><span class='ocrx_word' id='word_1_280' title='bbox 2162 768 2319 825; x_wconf 83' lang='lat' dir='ltr'>velut</span> <span class='ocrx_word' id='word_1_281' title='bbox 2350 768 2677 825; x_wconf 88' lang='lat' dir='ltr'>adversario</span> <span class='ocrx_word' id='word_1_282' title='bbox 2706 768 2838 825; x_wconf 91' lang='lat' dir='ltr'>nisu</span> <span class='ocrx_word' id='word_1_283' title='bbox 2873 770 2944 826; x_wconf 91' lang='lat' dir='ltr'>de</span> <span class='ocrx_word' id='word_1_284' title='bbox 2973 769 3097 826; x_wconf 90' lang='lat' dir='ltr'>loco</span> <span class='ocrx_word' id='word_1_285' title='bbox 3118 772 3394 842; x_wconf 85' lang='lat' dir='ltr'>dejicere,</span> <span class='ocrx_word' id='word_1_286' title='bbox 3420 775 3479 827; x_wconf 89' lang='lat' dir='ltr'>et</span> <span class='ocrx_word' id='word_1_287' title='bbox 3493 772 3566 827; x_wconf 87' lang='lat' dir='ltr'>de</span> <span class='ocrx_word' id='word_1_288' title='bbox 3596 773 3823 846; x_wconf 90' lang='lat' dir='ltr'>proprio</span> 
     </span>
    </p>
   </div>
   <div class='ocr_carea' id='block_1_39' title="bbox 2164 860 3822 932">
    <p class='ocr_par' dir='ltr' id='par_1_39' title="bbox 2164 860 3822 932">
     <span class='ocr_line' id='line_1_39' title="bbox 2164 860 3822 932; baseline 0.003 -19"><span class='ocrx_word' id='word_1_289' title='bbox 2164 863 2320 914; x_wconf 89' lang='lat' dir='ltr'>statu</span> <span class='ocrx_word' id='word_1_290' title='bbox 2379 863 2634 914; x_wconf 89' lang='lat' dir='ltr'>mentem</span> <span class='ocrx_word' id='word_1_291' title='bbox 2695 874 2928 915; x_wconf 90' lang='lat' dir='ltr'>movere</span> <span class='ocrx_word' id='word_1_292' title='bbox 2986 860 3324 916; x_wconf 87' lang='lat' dir='ltr'>consuevit:</span> <span class='ocrx_word' id='word_1_293' title='bbox 3388 861 3549 932; x_wconf 92' lang='lat' dir='ltr'>quod</span> <span class='ocrx_word' id='word_1_294' title='bbox 3607 861 3697 916; x_wconf 90' lang='lat' dir='ltr'>vel</span> <span class='ocrx_word' id='word_1_295' title='bbox 3755 862 3822 918; x_wconf 88' lang='lat' dir='ltr'>ab</span> 
     </span>
    </p>
   </div>
   <div class='ocr_carea' id='block_1_40' title="bbox 2163 946 3822 1012">
    <p class='ocr_par' dir='ltr' id='par_1_40' title="bbox 2163 946 3822 1012">
     <span class='ocr_line' id='line_1_40' title="bbox 2163 946 3822 1012; baseline 0.002 -10"><span class='ocrx_word' id='word_1_296' title='bbox 2163 947 2350 1012; x_wconf 88' lang='lat' dir='ltr'>hoste,</span> <span class='ocrx_word' id='word_1_297' title='bbox 2382 946 2469 1003; x_wconf 88' lang='lat' dir='ltr'>vel</span> <span class='ocrx_word' id='word_1_298' title='bbox 2501 949 2571 1003; x_wconf 88' lang='lat' dir='ltr'>ab</span> <span class='ocrx_word' id='word_1_299' title='bbox 2602 947 2922 1004; x_wconf 88' lang='lat' dir='ltr'>luctamine</span> <span class='ocrx_word' id='word_1_300' title='bbox 2952 951 3205 1004; x_wconf 87' lang='lat' dir='ltr'>tractum</span> <span class='ocrx_word' id='word_1_301' title='bbox 3225 948 3476 1004; x_wconf 91' lang='lat' dir='ltr'>videtur.</span> <span class='ocrx_word' id='word_1_302' title='bbox 3512 949 3822 1006; x_wconf 81' lang='lat' dir='ltr'>Perturbat</span> 
     </span>
    </p>
   </div>
   <div class='ocr_carea' id='block_1_41' title="bbox 2164 1035 3828 1108">
    <p class='ocr_par' dir='ltr' id='par_1_41' title="bbox 2164 1035 3828 1108">
     <span class='ocr_line' id='line_1_41' title="bbox 2164 1035 3828 1108; baseline 0.002 -16"><span class='ocrx_word' id='word_1_303' title='bbox 2164 1037 2269 1103; x_wconf 90' lang='lat' dir='ltr'>ira,</span> <span class='ocrx_word' id='word_1_304' title='bbox 2306 1037 2561 1092; x_wconf 91' lang='lat' dir='ltr'>incendit</span> <span class='ocrx_word' id='word_1_305' title='bbox 2580 1036 2779 1103; x_wconf 89' lang='lat' dir='ltr'>libido,</span> <span class='ocrx_word' id='word_1_306' title='bbox 2813 1035 3080 1093; x_wconf 89' lang='lat' dir='ltr'>stimulat</span> <span class='ocrx_word' id='word_1_307' title='bbox 3132 1037 3692 1108; x_wconf 81' lang='lat' dir='ltr'>invidia,excruciat</span> <span class='ocrx_word' id='word_1_308' title='bbox 3707 1057 3828 1095; x_wconf 80' lang='lat' dir='ltr'>ava-</span> 
     </span>
    </p>
   </div>
   <div class='ocr_carea' id='block_1_42' title="bbox 2165 1126 3821 1200">
    <p class='ocr_par' dir='ltr' id='par_1_42' title="bbox 2165 1126 3821 1200">
     <span class='ocr_line' id='line_1_42' title="bbox 2165 1126 3821 1200; baseline 0.002 -19"><span class='ocrx_word' id='word_1_309' title='bbox 2165 1126 2319 1193; x_wconf 91' lang='lat' dir='ltr'>ritia,</span> <span class='ocrx_word' id='word_1_310' title='bbox 2353 1126 2529 1181; x_wconf 91' lang='lat' dir='ltr'>timor</span> <span class='ocrx_word' id='word_1_311' title='bbox 2560 1126 2779 1197; x_wconf 89' lang='lat' dir='ltr'>dejicit,</span> <span class='ocrx_word' id='word_1_312' title='bbox 2813 1143 3030 1182; x_wconf 74' lang='lat' dir='ltr'>mmror</span> <span class='ocrx_word' id='word_1_313' title='bbox 3053 1126 3282 1200; x_wconf 82' lang='lat' dir='ltr'>afﬂigit.</span> <span class='ocrx_word' id='word_1_314' title='bbox 3316 1128 3385 1183; x_wconf 88' lang='lat' dir='ltr'>Et</span> <span class='ocrx_word' id='word_1_315' title='bbox 3417 1128 3590 1185; x_wconf 86' lang='lat' dir='ltr'>Petro</span> <span class='ocrx_word' id='word_1_316' title='bbox 3608 1128 3821 1185; x_wconf 88' lang='lat' dir='ltr'>dictum</span> 
     </span>
    </p>
   </div>
   <div class='ocr_carea' id='block_1_43' title="bbox 2165 1214 3819 1289">
    <p class='ocr_par' dir='ltr' id='par_1_43' title="bbox 2165 1214 3819 1289">
     <span class='ocr_line' id='line_1_43' title="bbox 2165 1214 3819 1289; baseline 0.001 -19"><span class='ocrx_word' id='word_1_317' title='bbox 2165 1218 2254 1271; x_wconf 90' lang='lat' dir='ltr'>est</span> <span class='ocrx_word' id='word_1_318' title='bbox 2283 1232 2317 1269; x_wconf 91' lang='lat' dir='ltr'>a</span> <span class='ocrx_word' id='word_1_319' title='bbox 2347 1214 2593 1271; x_wconf 91' lang='lat' dir='ltr'>Domino</span> <span class='ocrx_word' id='word_1_320' title='bbox 2622 1214 2799 1270; x_wconf 86' lang='lat' dir='ltr'>Jesu:</span> <span class='ocrx_word' id='word_1_321' title='bbox 2840 1236 2868 1265; x_wconf 83' lang='grc'><strong>‹‹</strong></span> <span class='ocrx_word' id='word_1_322' title='bbox 2896 1214 3044 1271; x_wconf 88' lang='lat' dir='ltr'>Veni</span> <span class='ocrx_word' id='word_1_323' title='bbox 3086 1220 3238 1271; x_wconf 90' lang='lat' dir='ltr'>retro</span> <span class='ocrx_word' id='word_1_324' title='bbox 3298 1223 3432 1289; x_wconf 89' lang='lat' dir='ltr'>post</span> <span class='ocrx_word' id='word_1_325' title='bbox 3488 1233 3586 1274; x_wconf 90' lang='lat' dir='ltr'>me</span> <span class='ocrx_word' id='word_1_326' title='bbox 3645 1216 3819 1288; x_wconf 73' lang='lat' dir='ltr'>(lare.</span> 
     </span>
    </p>
   </div>
   <div class='ocr_carea' id='block_1_44' title="bbox 2166 1305 3825 1381">
    <p class='ocr_par' dir='ltr' id='par_1_44' title="bbox 2166 1305 3825 1381">
     <span class='ocr_line' id='line_1_44' title="bbox 2166 1305 3825 1381; baseline 0.001 -21"><span class='ocrx_word' id='word_1_327' title='bbox 2166 1322 2287 1373; x_wconf 78' lang='lat' dir='ltr'>VIII,</span> <span class='ocrx_word' id='word_1_328' title='bbox 2320 1307 2430 1373; x_wconf 87' lang='lat'>33).</span> <span class='ocrx_word' id='word_1_329' title='bbox 2470 1327 2497 1353; x_wconf 85' lang='grc'><strong>››</strong></span> <span class='ocrx_word' id='word_1_330' title='bbox 2530 1305 2655 1360; x_wconf 91' lang='lat' dir='ltr'>Non</span> <span class='ocrx_word' id='word_1_331' title='bbox 2705 1305 2850 1360; x_wconf 80' lang='lat' dir='ltr'>dixit</span> <span class='ocrx_word' id='word_1_332' title='bbox 2882 1322 2895 1361; x_wconf 90' lang='lat'>:</span> <span class='ocrx_word' id='word_1_333' title='bbox 2927 1305 3075 1362; x_wconf 90' lang='lat' dir='ltr'>Veni</span> <span class='ocrx_word' id='word_1_334' title='bbox 3133 1310 3299 1381; x_wconf 88' lang='lat' dir='ltr'>retro</span> <span class='ocrx_word' id='word_1_335' title='bbox 3337 1308 3452 1380; x_wconf 87' lang='lat'>(36)</span> <span class='ocrx_word' id='word_1_336' title='bbox 3483 1308 3618 1379; x_wconf 90' lang='lat' dir='ltr'>(hoc</span> <span class='ocrx_word' id='word_1_337' title='bbox 3673 1308 3825 1364; x_wconf 88' lang='lat' dir='ltr'>enim</span> 
     </span>
    </p>
   </div>
   <div class='ocr_carea' id='block_1_45' title="bbox 2169 1393 3829 1469">
    <p class='ocr_par' dir='ltr' id='par_1_45' title="bbox 2169 1393 3829 1469">
     <span class='ocr_line' id='line_1_45' title="bbox 2169 1393 3829 1469; baseline 0.004 -22"><span class='ocrx_word' id='word_1_338' title='bbox 2169 1393 2397 1450; x_wconf 84' lang='lat' dir='ltr'>diabolo</span> <span class='ocrx_word' id='word_1_339' title='bbox 2429 1394 2535 1449; x_wconf 90' lang='lat' dir='ltr'>soli</span> <span class='ocrx_word' id='word_1_340' title='bbox 2559 1393 2745 1462; x_wconf 87' lang='lat' dir='ltr'>dixit),</span> <span class='ocrx_word' id='word_1_341' title='bbox 2776 1395 2916 1450; x_wconf 89' lang='lat' dir='ltr'>sed:</span> <span class='ocrx_word' id='word_1_342' title='bbox 2953 1418 2980 1447; x_wconf 86' lang='grc'>‹‹</span> <span class='ocrx_word' id='word_1_343' title='bbox 3014 1395 3159 1451; x_wconf 88' lang='lat' dir='ltr'>Veni</span> <span class='ocrx_word' id='word_1_344' title='bbox 3219 1400 3372 1453; x_wconf 90' lang='lat' dir='ltr'>retro</span> <span class='ocrx_word' id='word_1_345' title='bbox 3430 1402 3562 1469; x_wconf 87' lang='lat' dir='ltr'>post</span> <span class='ocrx_word' id='word_1_346' title='bbox 3624 1414 3721 1453; x_wconf 88' lang='lat' dir='ltr'>me</span> <span class='ocrx_word' id='word_1_347' title='bbox 3753 1415 3767 1465; x_wconf 86' lang='lat'><strong>;</strong></span> <span class='ocrx_word' id='word_1_348' title='bbox 3800 1419 3829 1446; x_wconf 64' lang='grc' dir='ltr'><strong><em>ι</em></strong></span> 
     </span>
    </p>
   </div>
   <div class='ocr_carea' id='block_1_46' title="bbox 2170 1484 3832 1556">
    <p class='ocr_par' dir='ltr' id='par_1_46' title="bbox 2170 1484 3832 1556">
     <span class='ocr_line' id='line_1_46' title="bbox 2170 1484 3832 1556; baseline 0.003 -18"><span class='ocrx_word' id='word_1_349' title='bbox 2170 1502 2285 1539; x_wconf 91' lang='lat' dir='ltr'>non</span> <span class='ocrx_word' id='word_1_350' title='bbox 2317 1489 2403 1539; x_wconf 87' lang='lat' dir='ltr'>est</span> <span class='ocrx_word' id='word_1_351' title='bbox 2435 1484 2593 1538; x_wconf 87' lang='lat' dir='ltr'>enim</span> <span class='ocrx_word' id='word_1_352' title='bbox 2624 1489 2795 1555; x_wconf 87' lang='lat' dir='ltr'>retro,</span> <span class='ocrx_word' id='word_1_353' title='bbox 2849 1485 2948 1556; x_wconf 89' lang='lat' dir='ltr'>qui</span> <span class='ocrx_word' id='word_1_354' title='bbox 3008 1489 3142 1556; x_wconf 88' lang='lat' dir='ltr'>post</span> <span class='ocrx_word' id='word_1_355' title='bbox 3200 1485 3497 1543; x_wconf 87' lang='lat' dir='ltr'>Christum</span> <span class='ocrx_word' id='word_1_356' title='bbox 3546 1494 3657 1544; x_wconf 88' lang='lat' dir='ltr'>est.</span> <span class='ocrx_word' id='word_1_357' title='bbox 3722 1485 3832 1543; x_wconf 80' lang='lat' dir='ltr'>Sed</span> 
     </span>
    </p>
   </div>
   <div class='ocr_carea' id='block_1_47' title="bbox 2172 1573 3837 1649">
    <p class='ocr_par' dir='ltr' id='par_1_47' title="bbox 2172 1573 3837 1649">
     <span class='ocr_line' id='line_1_47' title="bbox 2172 1573 3837 1649; baseline 0.002 -22"><span class='ocrx_word' id='word_1_358' title='bbox 2172 1573 2309 1644; x_wconf 85' lang='lat' dir='ltr'>quia</span> <span class='ocrx_word' id='word_1_359' title='bbox 2338 1573 2569 1627; x_wconf 82' lang='lat' dir='ltr'>errabat</span> <span class='ocrx_word' id='word_1_360' title='bbox 2611 1573 2836 1640; x_wconf 89' lang='lat' dir='ltr'>Petrus,</span> <span class='ocrx_word' id='word_1_361' title='bbox 2898 1574 3048 1629; x_wconf 86' lang='lat' dir='ltr'>sicut</span> <span class='ocrx_word' id='word_1_362' title='bbox 3096 1575 3379 1632; x_wconf 89' lang='lat' dir='ltr'>Dominus</span> <span class='ocrx_word' id='word_1_363' title='bbox 3437 1575 3561 1649; x_wconf 89' lang='lat' dir='ltr'>ipse</span> <span class='ocrx_word' id='word_1_364' title='bbox 3618 1577 3705 1632; x_wconf 87' lang='lat' dir='ltr'>ait</span> <span class='ocrx_word' id='word_1_365' title='bbox 3766 1575 3837 1632; x_wconf 85' lang='lat' dir='ltr'>ad</span> 
     </span>
    </p>
   </div>
   <div class='ocr_carea' id='block_1_48' title="bbox 2170 1662 3837 1737">
    <p class='ocr_par' dir='ltr' id='par_1_48' title="bbox 2170 1662 3837 1737">
     <span class='ocr_line' id='line_1_48' title="bbox 2170 1662 3837 1737; baseline 0.003 -21"><span class='ocrx_word' id='word_1_366' title='bbox 2170 1662 2413 1735; x_wconf 84' lang='lat' dir='ltr'>ipsum:</span> <span class='ocrx_word' id='word_1_367' title='bbox 2451 1683 2471 1710; x_wconf 69' lang='grc' dir='ltr'>ει</span> <span class='ocrx_word' id='word_1_368' title='bbox 2501 1662 2646 1729; x_wconf 87' lang='lat' dir='ltr'>Quia</span> <span class='ocrx_word' id='word_1_369' title='bbox 2678 1679 2792 1718; x_wconf 92' lang='lat' dir='ltr'>non</span> <span class='ocrx_word' id='word_1_370' title='bbox 2824 1663 3005 1735; x_wconf 88' lang='lat' dir='ltr'>sapis,</span> <span class='ocrx_word' id='word_1_371' title='bbox 3055 1664 3264 1735; x_wconf 83' lang='lat' dir='ltr'>inquit,</span> <span class='ocrx_word' id='word_1_372' title='bbox 3315 1682 3436 1737; x_wconf 72' lang='lat' dir='ltr'>quae</span> <span class='ocrx_word' id='word_1_373' title='bbox 3499 1665 3602 1723; x_wconf 84' lang='lat' dir='ltr'>Dei</span> <span class='ocrx_word' id='word_1_374' title='bbox 3659 1668 3837 1729; x_wconf 83' lang='lat' dir='ltr'>sunt,</span> 
     </span>
    </p>
   </div>
   <div class='ocr_carea' id='block_1_49' title="bbox 2172 1750 3837 1826">
    <p class='ocr_par' dir='ltr' id='par_1_49' title="bbox 2172 1750 3837 1826">
     <span class='ocr_line' id='line_1_49' title="bbox 2172 1750 3837 1826; baseline 0.002 -20"><span class='ocrx_word' id='word_1_375' title='bbox 2172 1753 2272 1807; x_wconf 85' lang='lat' dir='ltr'>sed</span> <span class='ocrx_word' id='word_1_376' title='bbox 2297 1768 2422 1822; x_wconf 74' lang='lat' dir='ltr'>quae</span> <span class='ocrx_word' id='word_1_377' title='bbox 2455 1757 2593 1807; x_wconf 89' lang='lat' dir='ltr'>sunt</span> <span class='ocrx_word' id='word_1_378' title='bbox 2654 1750 2961 1807; x_wconf 90' lang='lat' dir='ltr'>hominum</span> <span class='ocrx_word' id='word_1_379' title='bbox 3016 1753 3203 1824; x_wconf 53' lang='lat' dir='ltr'>(Ibid)</span> <span class='ocrx_word' id='word_1_380' title='bbox 3238 1796 3251 1821; x_wconf 94' lang='lat'>,</span> <span class='ocrx_word' id='word_1_381' title='bbox 3287 1776 3312 1802; x_wconf 87' lang='grc'><strong>››</strong></span> <span class='ocrx_word' id='word_1_382' title='bbox 3363 1755 3487 1811; x_wconf 87' lang='lat' dir='ltr'>ideo</span> <span class='ocrx_word' id='word_1_383' title='bbox 3533 1759 3669 1826; x_wconf 87' lang='lat' dir='ltr'>post</span> <span class='ocrx_word' id='word_1_384' title='bbox 3731 1770 3837 1810; x_wconf 85' lang='lat' dir='ltr'>me</span> 
     </span>
    </p>
   </div>
   <div class='ocr_carea' id='block_1_50' title="bbox 2171 1840 3834 1913">
    <p class='ocr_par' dir='ltr' id='par_1_50' title="bbox 2171 1840 3834 1913">
     <span class='ocr_line' id='line_1_50' title="bbox 2171 1840 3834 1913; baseline 0.002 -17"><span class='ocrx_word' id='word_1_385' title='bbox 2171 1841 2323 1908; x_wconf 84' lang='lat' dir='ltr'>veni,</span> <span class='ocrx_word' id='word_1_386' title='bbox 2355 1846 2419 1896; x_wconf 91' lang='lat' dir='ltr'>ut</span> <span class='ocrx_word' id='word_1_387' title='bbox 2450 1840 2696 1913; x_wconf 89' lang='lat' dir='ltr'>incipias</span> <span class='ocrx_word' id='word_1_388' title='bbox 2729 1857 2844 1897; x_wconf 88' lang='lat' dir='ltr'>non</span> <span class='ocrx_word' id='word_1_389' title='bbox 2877 1841 3160 1911; x_wconf 89' lang='lat' dir='ltr'>humana,</span> <span class='ocrx_word' id='word_1_390' title='bbox 3196 1844 3301 1898; x_wconf 84' lang='lat' dir='ltr'>sed</span> <span class='ocrx_word' id='word_1_391' title='bbox 3331 1842 3523 1898; x_wconf 87' lang='lat' dir='ltr'>divina</span> <span class='ocrx_word' id='word_1_392' title='bbox 3582 1843 3834 1901; x_wconf 78' lang='lat' dir='ltr'>sentire.</span> 
     </span>
    </p>
   </div>
   <div class='ocr_carea' id='block_1_51' title="bbox 2175 1930 3841 2002">
    <p class='ocr_par' dir='ltr' id='par_1_51' title="bbox 2175 1930 3841 2002">
     <span class='ocr_line' id='line_1_51' title="bbox 2175 1930 3841 2002; baseline 0.002 -17"><span class='ocrx_word' id='word_1_393' title='bbox 2175 1932 2306 1985; x_wconf 87' lang='lat' dir='ltr'>[dco</span> <span class='ocrx_word' id='word_1_394' title='bbox 2337 1936 2395 1985; x_wconf 91' lang='lat' dir='ltr'>et</span> <span class='ocrx_word' id='word_1_395' title='bbox 2420 1930 2512 1985; x_wconf 90' lang='lat' dir='ltr'>hic</span> <span class='ocrx_word' id='word_1_396' title='bbox 2537 1931 2739 2000; x_wconf 92' lang='lat' dir='ltr'>justus</span> <span class='ocrx_word' id='word_1_397' title='bbox 2770 1930 3088 2002; x_wconf 88' lang='lat' dir='ltr'>rapiendus</span> <span class='ocrx_word' id='word_1_398' title='bbox 3145 1948 3176 1987; x_wconf 91' lang='lat' dir='ltr'>e</span> <span class='ocrx_word' id='word_1_399' title='bbox 3236 1932 3408 1988; x_wconf 90' lang='lat' dir='ltr'>terris</span> <span class='ocrx_word' id='word_1_400' title='bbox 3464 1932 3586 1988; x_wconf 87' lang='lat' dir='ltr'>ait:</span> <span class='ocrx_word' id='word_1_401' title='bbox 3622 1955 3653 1983; x_wconf 84' lang='grc'>‹‹</span> <span class='ocrx_word' id='word_1_402' title='bbox 3714 1932 3841 1989; x_wconf 82' lang='lat' dir='ltr'>Non</span> 
     </span>
    </p>
   </div>
   <div class='ocr_carea' id='block_1_52' title="bbox 2175 2018 3841 2091">
    <p class='ocr_par' dir='ltr' id='par_1_52' title="bbox 2175 2018 3841 2091">
     <span class='ocr_line' id='line_1_52' title="bbox 2175 2018 3841 2091; baseline 0.003 -18"><span class='ocrx_word' id='word_1_403' title='bbox 2175 2021 2449 2074; x_wconf 84' lang='lat' dir='ltr'>movebor</span> <span class='ocrx_word' id='word_1_404' title='bbox 2479 2018 2755 2091; x_wconf 87' lang='lat' dir='ltr'>amplius.</span> <span class='ocrx_word' id='word_1_405' title='bbox 2792 2051 2861 2060; x_wconf 91' lang='lat'>——</span> <span class='ocrx_word' id='word_1_406' title='bbox 2888 2019 3141 2076; x_wconf 89' lang='lat' dir='ltr'>Dissolvi</span> <span class='ocrx_word' id='word_1_407' title='bbox 3171 2020 3576 2088; x_wconf 88' lang='lat' dir='ltr'>enim,etcum</span> <span class='ocrx_word' id='word_1_408' title='bbox 3608 2020 3841 2078; x_wconf 85' lang='lat' dir='ltr'>Christo</span> 
     </span>
    </p>
   </div>
   <div class='ocr_carea' id='block_1_53' title="bbox 2174 2108 3839 2183">
    <p class='ocr_par' dir='ltr' id='par_1_53' title="bbox 2174 2108 3839 2183">
     <span class='ocr_line' id='line_1_53' title="bbox 2174 2108 3839 2183; baseline 0.001 -18"><span class='ocrx_word' id='word_1_409' title='bbox 2174 2126 2321 2176; x_wconf 89' lang='lat' dir='ltr'>esse,</span> <span class='ocrx_word' id='word_1_410' title='bbox 2375 2108 2560 2164; x_wconf 89' lang='lat' dir='ltr'>multo</span> <span class='ocrx_word' id='word_1_411' title='bbox 2593 2108 2803 2165; x_wconf 86' lang='lat' dir='ltr'>melius</span> <span class='ocrx_word' id='word_1_412' title='bbox 2837 2110 3064 2182; x_wconf 85' lang='lat' dir='ltr'>(Philip.</span> <span class='ocrx_word' id='word_1_413' title='bbox 3090 2127 3129 2181; x_wconf 82' lang='grc' dir='ltr'>ι,</span> <span class='ocrx_word' id='word_1_414' title='bbox 3161 2111 3276 2183; x_wconf 87' lang='lat'>23).</span> <span class='ocrx_word' id='word_1_415' title='bbox 3312 2134 3339 2159; x_wconf 87' lang='grc'><strong>››</strong></span> <span class='ocrx_word' id='word_1_416' title='bbox 3372 2111 3498 2166; x_wconf 84' lang='lat' dir='ltr'>Non</span> <span class='ocrx_word' id='word_1_417' title='bbox 3531 2112 3692 2167; x_wconf 91' lang='lat' dir='ltr'>enim</span> <span class='ocrx_word' id='word_1_418' title='bbox 3722 2111 3839 2167; x_wconf 86' lang='lat' dir='ltr'>labi</span> 
     </span>
    </p>
   </div>
   <div class='ocr_carea' id='block_1_54' title="bbox 2178 2197 3843 2272">
    <p class='ocr_par' dir='ltr' id='par_1_54' title="bbox 2178 2197 3843 2272">
     <span class='ocr_line' id='line_1_54' title="bbox 2178 2197 3843 2272; baseline 0.001 -17"><span class='ocrx_word' id='word_1_419' title='bbox 2178 2198 2387 2271; x_wconf 88' lang='lat' dir='ltr'>poterit</span> <span class='ocrx_word' id='word_1_420' title='bbox 2418 2197 2518 2271; x_wconf 85' lang='lat' dir='ltr'>qui</span> <span class='ocrx_word' id='word_1_421' title='bbox 2550 2198 2789 2270; x_wconf 85' lang='lat' dir='ltr'>coeperit</span> <span class='ocrx_word' id='word_1_422' title='bbox 2817 2214 2945 2255; x_wconf 90' lang='lat' dir='ltr'>esse</span> <span class='ocrx_word' id='word_1_423' title='bbox 2977 2214 3111 2253; x_wconf 92' lang='lat' dir='ltr'>cum</span> <span class='ocrx_word' id='word_1_424' title='bbox 3167 2199 3425 2268; x_wconf 86' lang='lat' dir='ltr'>Christo,</span> <span class='ocrx_word' id='word_1_425' title='bbox 3482 2201 3626 2272; x_wconf 87' lang='lat' dir='ltr'>quia</span> <span class='ocrx_word' id='word_1_426' title='bbox 3682 2217 3843 2257; x_wconf 85' lang='lat' dir='ltr'>mors</span> 
     </span>
    </p>
   </div>
   <div class='ocr_carea' id='block_1_55' title="bbox 2171 2286 3404 2360">
    <p class='ocr_par' dir='ltr' id='par_1_55' title="bbox 2171 2286 3404 2360">
     <span class='ocr_line' id='line_1_55' title="bbox 2171 2286 3404 2360; baseline 0.001 -18"><span class='ocrx_word' id='word_1_427' title='bbox 2171 2289 2332 2358; x_wconf 87' lang='lat' dir='ltr'>justo</span> <span class='ocrx_word' id='word_1_428' title='bbox 2368 2303 2483 2342; x_wconf 92' lang='lat' dir='ltr'>non</span> <span class='ocrx_word' id='word_1_429' title='bbox 2516 2290 2739 2341; x_wconf 72' lang='lat' dir='ltr'>naturae</span> <span class='ocrx_word' id='word_1_430' title='bbox 2765 2286 2919 2353; x_wconf 82' lang='lat' dir='ltr'>finis,</span> <span class='ocrx_word' id='word_1_431' title='bbox 2953 2287 3052 2344; x_wconf 88' lang='lat' dir='ltr'>sed</span> <span class='ocrx_word' id='word_1_432' title='bbox 3075 2286 3260 2360; x_wconf 71' lang='lat' dir='ltr'>culpae</span> <span class='ocrx_word' id='word_1_433' title='bbox 3291 2292 3404 2344; x_wconf 90' lang='lat' dir='ltr'>est.</span> 
     </span>
    </p>
   </div>
   <div class='ocr_carea' id='block_1_56' title="bbox 2247 2375 3847 2449">
    <p class='ocr_par' dir='ltr' id='par_1_56' title="bbox 2247 2375 3847 2449">
     <span class='ocr_line' id='line_1_56' title="bbox 2247 2375 3847 2449; baseline 0.003 -18"><span class='ocrx_word' id='word_1_434' title='bbox 2247 2377 2339 2431; x_wconf 82' lang='lat'>20.</span> <span class='ocrx_word' id='word_1_435' title='bbox 2374 2375 2525 2431; x_wconf 90' lang='lat' dir='ltr'>lnter</span> <span class='ocrx_word' id='word_1_436' title='bbox 2558 2376 2662 2432; x_wconf 90' lang='lat' dir='ltr'>has</span> <span class='ocrx_word' id='word_1_437' title='bbox 2696 2392 2864 2432; x_wconf 90' lang='lat' dir='ltr'>voces</span> <span class='ocrx_word' id='word_1_438' title='bbox 2896 2376 3090 2432; x_wconf 91' lang='lat' dir='ltr'>subito</span> <span class='ocrx_word' id='word_1_439' title='bbox 3134 2376 3293 2433; x_wconf 89' lang='lat' dir='ltr'>videt</span> <span class='ocrx_word' id='word_1_440' title='bbox 3343 2378 3587 2449; x_wconf 86' lang='lat' dir='ltr'>agmina</span> <span class='ocrx_word' id='word_1_441' title='bbox 3638 2395 3847 2449; x_wconf 78' lang='lat' dir='ltr'>perse-</span> 
     </span>
    </p>
   </div>
   <div class='ocr_carea' id='block_1_57' title="bbox 2180 2465 3847 2539">
    <p class='ocr_par' dir='ltr' id='par_1_57' title="bbox 2180 2465 3847 2539">
     <span class='ocr_line' id='line_1_57' title="bbox 2180 2465 3847 2539; baseline 0.002 -20"><span class='ocrx_word' id='word_1_442' title='bbox 2180 2465 2506 2537; x_wconf 84' lang='lat' dir='ltr'>quenlium,</span> <span class='ocrx_word' id='word_1_443' title='bbox 2540 2469 2595 2520; x_wconf 88' lang='lat' dir='ltr'>et</span> <span class='ocrx_word' id='word_1_444' title='bbox 2628 2466 2779 2520; x_wconf 82' lang='lat' dir='ltr'>inter</span> <span class='ocrx_word' id='word_1_445' title='bbox 2808 2465 3067 2539; x_wconf 91' lang='lat' dir='ltr'>pericula</span> <span class='ocrx_word' id='word_1_446' title='bbox 3096 2466 3324 2537; x_wconf 89' lang='lat' dir='ltr'>positus</span> <span class='ocrx_word' id='word_1_447' title='bbox 3357 2484 3473 2523; x_wconf 91' lang='lat' dir='ltr'>non</span> <span class='ocrx_word' id='word_1_448' title='bbox 3507 2468 3578 2523; x_wconf 90' lang='lat' dir='ltr'>de</span> <span class='ocrx_word' id='word_1_449' title='bbox 3609 2466 3847 2524; x_wconf 85' lang='lat' dir='ltr'>sesolli-</span> 
     </span>
    </p>
   </div>
   <div class='ocr_carea' id='block_1_58' title="bbox 2181 2555 3847 2629">
    <p class='ocr_par' dir='ltr' id='par_1_58' title="bbox 2181 2555 3847 2629">
     <span class='ocr_line' id='line_1_58' title="bbox 2181 2555 3847 2629; baseline 0.002 -20"><span class='ocrx_word' id='word_1_450' title='bbox 2181 2555 2353 2621; x_wconf 89' lang='lat' dir='ltr'>citus,</span> <span class='ocrx_word' id='word_1_451' title='bbox 2404 2555 2505 2609; x_wconf 87' lang='lat' dir='ltr'>sed</span> <span class='ocrx_word' id='word_1_452' title='bbox 2554 2556 2625 2609; x_wconf 90' lang='lat' dir='ltr'>de</span> <span class='ocrx_word' id='word_1_453' title='bbox 2720 2556 2809 2611; x_wconf 89' lang='lat' dir='ltr'>bis</span> <span class='ocrx_word' id='word_1_454' title='bbox 2858 2572 3006 2628; x_wconf 91' lang='lat' dir='ltr'>quos</span> <span class='ocrx_word' id='word_1_455' title='bbox 3056 2555 3307 2613; x_wconf 87' lang='lat' dir='ltr'>liberare</span> <span class='ocrx_word' id='word_1_456' title='bbox 3371 2557 3669 2629; x_wconf 89' lang='lat' dir='ltr'>cupiebat,</span> <span class='ocrx_word' id='word_1_457' title='bbox 3721 2558 3847 2613; x_wconf 83' lang='lat' dir='ltr'>ait:</span> 
     </span>
    </p>
   </div>
   <div class='ocr_carea' id='block_1_59' title="bbox 2184 2644 3852 2717">
    <p class='ocr_par' dir='ltr' id='par_1_59' title="bbox 2184 2644 3852 2717">
     <span class='ocr_line' id='line_1_59' title="bbox 2184 2644 3852 2717; baseline 0.005 -23"><span class='ocrx_word' id='word_1_458' title='bbox 2184 2668 2211 2694; x_wconf 76' lang='grc' dir='ltr'>ς(</span> <span class='ocrx_word' id='word_1_459' title='bbox 2272 2644 2584 2715; x_wconf 87' lang='lat' dir='ltr'>Quousque</span> <span class='ocrx_word' id='word_1_460' title='bbox 2638 2644 2862 2700; x_wconf 88' lang='lat' dir='ltr'>irruitis</span> <span class='ocrx_word' id='word_1_461' title='bbox 2915 2644 2975 2699; x_wconf 90' lang='lat' dir='ltr'>in</span> <span class='ocrx_word' id='word_1_462' title='bbox 3038 2644 3362 2717; x_wconf 89' lang='lat' dir='ltr'>hominem)</span> <span class='ocrx_word' id='word_1_463' title='bbox 3424 2647 3852 2703; x_wconf 79' lang='lat' dir='ltr'>interﬁcientes</span> 
     </span>
    </p>
   </div>
   <div class='ocr_carea' id='block_1_60' title="bbox 2183 2732 3853 2807">
    <p class='ocr_par' dir='ltr' id='par_1_60' title="bbox 2183 2732 3853 2807">
     <span class='ocr_line' id='line_1_60' title="bbox 2183 2732 3853 2807; baseline 0.001 -19"><span class='ocrx_word' id='word_1_464' title='bbox 2183 2732 2489 2788; x_wconf 88' lang='lat' dir='ltr'>universos</span> <span class='ocrx_word' id='word_1_465' title='bbox 2521 2733 2743 2804; x_wconf 82' lang='lat' dir='ltr'>(Supra,</span> <span class='ocrx_word' id='word_1_466' title='bbox 2780 2750 2915 2789; x_wconf 77' lang='lat' dir='ltr'>vers.</span> <span class='ocrx_word' id='word_1_467' title='bbox 2951 2736 3006 2803; x_wconf 78' lang='grc'>4)</span> <span class='ocrx_word' id='word_1_468' title='bbox 3036 2734 3063 2788; x_wconf 80' lang='lat'><strong>?</strong></span> <span class='ocrx_word' id='word_1_469' title='bbox 3097 2758 3118 2787; x_wconf 77' lang='grc' dir='ltr'><strong><em>ι</em></strong></span> <span class='ocrx_word' id='word_1_470' title='bbox 3162 2735 3223 2790; x_wconf 91' lang='lat' dir='ltr'>Si</span> <span class='ocrx_word' id='word_1_471' title='bbox 3256 2751 3351 2790; x_wconf 89' lang='lat' dir='ltr'>me</span> <span class='ocrx_word' id='word_1_472' title='bbox 3396 2735 3674 2807; x_wconf 71' lang='lat' dir='ltr'>quaeritis,</span> <span class='ocrx_word' id='word_1_473' title='bbox 3746 2753 3853 2792; x_wconf 84' lang='lat' dir='ltr'>cur</span> 
     </span>
    </p>
   </div>
   <div class='ocr_carea' id='block_1_61' title="bbox 2185 2821 3853 2897">
    <p class='ocr_par' dir='ltr' id='par_1_61' title="bbox 2185 2821 3853 2897">
     <span class='ocr_line' id='line_1_61' title="bbox 2185 2821 3853 2897; baseline 0.001 -19"><span class='ocrx_word' id='word_1_474' title='bbox 2185 2822 2329 2878; x_wconf 89' lang='lat' dir='ltr'>alios</span> <span class='ocrx_word' id='word_1_475' title='bbox 2357 2821 2533 2877; x_wconf 85' lang='lat' dir='ltr'>vultis</span> <span class='ocrx_word' id='word_1_476' title='bbox 2564 2822 2866 2878; x_wconf 89' lang='lat' dir='ltr'>occidere?</span> <span class='ocrx_word' id='word_1_477' title='bbox 2898 2822 3086 2879; x_wconf 76' lang='lat' dir='ltr'>Oﬂ‘ero</span> <span class='ocrx_word' id='word_1_478' title='bbox 3119 2839 3212 2879; x_wconf 91' lang='lat' dir='ltr'>me</span> <span class='ocrx_word' id='word_1_479' title='bbox 3268 2824 3396 2896; x_wconf 89' lang='lat' dir='ltr'>ipse</span> <span class='ocrx_word' id='word_1_480' title='bbox 3446 2841 3547 2897; x_wconf 88' lang='lat' dir='ltr'>pro</span> <span class='ocrx_word' id='word_1_481' title='bbox 3602 2824 3853 2895; x_wconf 84' lang='lat' dir='ltr'>multis,</span> 
     </span>
    </p>
   </div>
   <div class='ocr_carea' id='block_1_62' title="bbox 2187 2911 3853 2986">
    <p class='ocr_par' dir='ltr' id='par_1_62' title="bbox 2187 2911 3853 2986">
     <span class='ocr_line' id='line_1_62' title="bbox 2187 2911 3853 2986; baseline 0.001 -20"><span class='ocrx_word' id='word_1_482' title='bbox 2187 2911 2325 2985; x_wconf 89' lang='lat' dir='ltr'>quia</span> <span class='ocrx_word' id='word_1_483' title='bbox 2351 2929 2452 2984; x_wconf 92' lang='lat' dir='ltr'>pro</span> <span class='ocrx_word' id='word_1_484' title='bbox 2484 2911 2757 2967; x_wconf 90' lang='lat' dir='ltr'>omnibus</span> <span class='ocrx_word' id='word_1_485' title='bbox 2789 2911 2949 2967; x_wconf 91' lang='lat' dir='ltr'>solus</span> <span class='ocrx_word' id='word_1_486' title='bbox 2980 2929 3042 2968; x_wconf 89' lang='lat' dir='ltr'>se</span> <span class='ocrx_word' id='word_1_487' title='bbox 3071 2912 3169 2968; x_wconf 86' lang='lat' dir='ltr'>ille</span> <span class='ocrx_word' id='word_1_488' title='bbox 3212 2913 3399 2985; x_wconf 89' lang='lat' dir='ltr'>potuit</span> <span class='ocrx_word' id='word_1_489' title='bbox 3448 2913 3670 2981; x_wconf 73' lang='lat' dir='ltr'>offerre,</span> <span class='ocrx_word' id='word_1_490' title='bbox 3744 2914 3853 2986; x_wconf 87' lang='lat' dir='ltr'>qui</span> 
     </span>
    </p>
   </div>
   <div class='ocr_carea' id='block_1_63' title="bbox 2189 3001 3855 3075">
    <p class='ocr_par' dir='ltr' id='par_1_63' title="bbox 2189 3001 3855 3075">
     <span class='ocr_line' id='line_1_63' title="bbox 2189 3001 3855 3075; baseline 0.002 -19"><span class='ocrx_word' id='word_1_491' title='bbox 2189 3005 2391 3057; x_wconf 87' lang='lat' dir='ltr'>auctor</span> <span class='ocrx_word' id='word_1_492' title='bbox 2421 3004 2509 3056; x_wconf 88' lang='lat' dir='ltr'>est</span> <span class='ocrx_word' id='word_1_493' title='bbox 2538 3001 2823 3056; x_wconf 88' lang='lat' dir='ltr'>omnium.</span> <span class='ocrx_word' id='word_1_494' title='bbox 2858 3002 3049 3073; x_wconf 87' lang='lat' dir='ltr'>Ipsius</span> <span class='ocrx_word' id='word_1_495' title='bbox 3074 3018 3211 3074; x_wconf 87' lang='lat' dir='ltr'>ergo</span> <span class='ocrx_word' id='word_1_496' title='bbox 3256 3019 3428 3074; x_wconf 86' lang='lat' dir='ltr'>quem</span> <span class='ocrx_word' id='word_1_497' title='bbox 3482 3002 3855 3075; x_wconf 80' lang='lat' dir='ltr'>sequebatur</span> 
     </span>
    </p>
   </div>
   <div class='ocr_carea' id='block_1_64' title="bbox 2191 3089 3851 3163">
    <p class='ocr_par' dir='ltr' id='par_1_64' title="bbox 2191 3089 3851 3163">
     <span class='ocr_line' id='line_1_64' title="bbox 2191 3089 3851 3163; baseline 0.003 -20"><span class='ocrx_word' id='word_1_498' title='bbox 2191 3089 2450 3144; x_wconf 85' lang='lat' dir='ltr'>imitator</span> <span class='ocrx_word' id='word_1_499' title='bbox 2478 3089 2558 3144; x_wconf 90' lang='lat' dir='ltr'>ait</span> <span class='ocrx_word' id='word_1_500' title='bbox 2588 3091 2763 3161; x_wconf 81' lang='lat' dir='ltr'>(Joan.</span> <span class='ocrx_word' id='word_1_501' title='bbox 2788 3107 2944 3157; x_wconf 79' lang='lat' dir='ltr'>xvm,</span> <span class='ocrx_word' id='word_1_502' title='bbox 2977 3090 3032 3156; x_wconf 90' lang='lat'>8,</span> <span class='ocrx_word' id='word_1_503' title='bbox 3064 3091 3141 3157; x_wconf 92' lang='lat'>9,)</span> <span class='ocrx_word' id='word_1_504' title='bbox 3177 3109 3188 3146; x_wconf 89' lang='lat'>:</span> <span class='ocrx_word' id='word_1_505' title='bbox 3219 3115 3241 3140; x_wconf 76' lang='grc' dir='ltr'><strong>υ</strong></span> <span class='ocrx_word' id='word_1_506' title='bbox 3287 3090 3348 3147; x_wconf 87' lang='lat' dir='ltr'>Si</span> <span class='ocrx_word' id='word_1_507' title='bbox 3407 3107 3497 3147; x_wconf 88' lang='lat' dir='ltr'>me</span> <span class='ocrx_word' id='word_1_508' title='bbox 3553 3092 3851 3163; x_wconf 61' lang='lat' dir='ltr'>queritis,</span> 
     </span>
    </p>
   </div>
   <div class='ocr_carea' id='block_1_65' title="bbox 418 3167 3853 3254">
    <p class='ocr_par' dir='ltr' id='par_1_65' title="bbox 418 3167 3853 3254">
     <span class='ocr_line' id='line_1_65' title="bbox 418 3167 3853 3254; baseline -0 -16"><span class='ocrx_word' id='word_1_509' title='bbox 418 3196 481 3250; x_wconf 84' lang='lat' dir='ltr'>ll,</span> <span class='ocrx_word' id='word_1_510' title='bbox 514 3182 626 3254; x_wconf 71' lang='grc'>15).</span> <span class='ocrx_word' id='word_1_511' title='bbox 665 3203 687 3233; x_wconf 73' lang='grc' dir='ltr'><strong><em>ι</em></strong></span> <span class='ocrx_word' id='word_1_512' title='bbox 723 3182 855 3237; x_wconf 91' lang='lat' dir='ltr'>Ideo</span> <span class='ocrx_word' id='word_1_513' title='bbox 888 3181 1157 3236; x_wconf 88' lang='lat' dir='ltr'>sacerdos</span> <span class='ocrx_word' id='word_1_514' title='bbox 1190 3196 1303 3234; x_wconf 92' lang='lat' dir='ltr'>non</span> <span class='ocrx_word' id='word_1_515' title='bbox 1338 3177 1525 3250; x_wconf 92' lang='lat' dir='ltr'>potuit</span> <span class='ocrx_word' id='word_1_516' title='bbox 1556 3177 1840 3243; x_wconf 88' lang='lat' dir='ltr'>coronari,</span> <span class='ocrx_word' id='word_1_517' title='bbox 1904 3177 2077 3232; x_wconf 89' lang='lat' dir='ltr'>levita</span> <span class='ocrx_word' id='word_1_518' title='bbox 2106 3167 2147 3235; x_wconf 86' lang='lat' dir='ltr'>C</span> <span class='ocrx_word' id='word_1_519' title='bbox 2183 3178 2355 3235; x_wconf 81' lang='lat' dir='ltr'>sinite</span> <span class='ocrx_word' id='word_1_520' title='bbox 2386 3177 2492 3234; x_wconf 90' lang='lat' dir='ltr'>hos</span> <span class='ocrx_word' id='word_1_521' title='bbox 2524 3178 2683 3233; x_wconf 90' lang='lat' dir='ltr'>abire</span> <span class='ocrx_word' id='word_1_522' title='bbox 2717 3196 2729 3248; x_wconf 94' lang='lat'>;</span> <span class='ocrx_word' id='word_1_523' title='bbox 2766 3183 2829 3234; x_wconf 92' lang='lat' dir='ltr'>ut</span> <span class='ocrx_word' id='word_1_524' title='bbox 2860 3178 3175 3250; x_wconf 90' lang='lat' dir='ltr'>impleatur</span> <span class='ocrx_word' id='word_1_525' title='bbox 3215 3196 3407 3236; x_wconf 82' lang='lat' dir='ltr'>sermo</span> <span class='ocrx_word' id='word_1_526' title='bbox 3465 3196 3643 3252; x_wconf 90' lang='lat' dir='ltr'>quem</span> <span class='ocrx_word' id='word_1_527' title='bbox 3705 3182 3853 3237; x_wconf 77' lang='lat' dir='ltr'>dixit</span> 
     </span>
    </p>
   </div>
   <div class='ocr_carea' id='block_1_66' title="bbox 419 3267 2081 3343">
    <p class='ocr_par' dir='ltr' id='par_1_66' title="bbox 419 3267 2081 3343">
     <span class='ocr_line' id='line_1_66' title="bbox 419 3267 2081 3343; baseline -0.004 -15"><span class='ocrx_word' id='word_1_528' title='bbox 419 3289 535 3328; x_wconf 92' lang='lat' dir='ltr'>non</span> <span class='ocrx_word' id='word_1_529' title='bbox 565 3271 772 3343; x_wconf 89' lang='lat' dir='ltr'>potuit,</span> <span class='ocrx_word' id='word_1_530' title='bbox 803 3269 943 3342; x_wconf 89' lang='lat' dir='ltr'>quia</span> <span class='ocrx_word' id='word_1_531' title='bbox 979 3267 1358 3334; x_wconf 87' lang='lat' dir='ltr'>transierunt,</span> <span class='ocrx_word' id='word_1_532' title='bbox 1417 3270 1474 3321; x_wconf 89' lang='lat' dir='ltr'>et</span> <span class='ocrx_word' id='word_1_533' title='bbox 1530 3269 1813 3337; x_wconf 90' lang='lat' dir='ltr'>tanquam</span> <span class='ocrx_word' id='word_1_534' title='bbox 1872 3267 2081 3322; x_wconf 90' lang='lat' dir='ltr'>umbra</span> 
     </span>
    </p>
   </div>
   <div class='ocr_carea' id='block_1_67' title="bbox 420 3355 2082 3433">
    <p class='ocr_par' dir='ltr' id='par_1_67' title="bbox 420 3355 2082 3433">
     <span class='ocr_line' id='line_1_67' title="bbox 420 3355 2082 3433; baseline -0.002 -16"><span class='ocrx_word' id='word_1_535' title='bbox 420 3361 846 3433; x_wconf 68' lang='lat' dir='ltr'>praeterierunt.</span> <span class='ocrx_word' id='word_1_536' title='bbox 879 3357 1208 3429; x_wconf 89' lang='lat' dir='ltr'>Stephanus</span> <span class='ocrx_word' id='word_1_537' title='bbox 1240 3358 1437 3411; x_wconf 89' lang='lat' dir='ltr'>autem</span> <span class='ocrx_word' id='word_1_538' title='bbox 1464 3355 1743 3427; x_wconf 83' lang='lat' dir='ltr'>martyrio</span> <span class='ocrx_word' id='word_1_539' title='bbox 1773 3360 2082 3413; x_wconf 86' lang='lat' dir='ltr'>coronatus</span> 
     </span>
    </p>
   </div>
   <div class='ocr_carea' id='block_1_68' title="bbox 417 3444 2076 3520">
    <p class='ocr_par' dir='ltr' id='par_1_68' title="bbox 417 3444 2076 3520">
     <span class='ocr_line' id='line_1_68' title="bbox 417 3444 2076 3520; baseline -0.003 -14"><span class='ocrx_word' id='word_1_540' title='bbox 417 3454 506 3506; x_wconf 89' lang='lat' dir='ltr'>est</span> <span class='ocrx_word' id='word_1_541' title='bbox 549 3448 689 3520; x_wconf 91' lang='lat' dir='ltr'>quia</span> <span class='ocrx_word' id='word_1_542' title='bbox 745 3449 995 3502; x_wconf 89' lang='lat' dir='ltr'>stantem</span> <span class='ocrx_word' id='word_1_543' title='bbox 1017 3444 1249 3500; x_wconf 88' lang='lat' dir='ltr'>videbat</span> <span class='ocrx_word' id='word_1_544' title='bbox 1277 3444 1590 3500; x_wconf 89' lang='lat' dir='ltr'>Dominum</span> <span class='ocrx_word' id='word_1_545' title='bbox 1622 3445 2076 3512; x_wconf 86' lang='lat' dir='ltr'>Jesum,immo-</span> 
     </span>
    </p>
   </div>
   <div class='ocr_carea' id='block_1_69' title="bbox 417 3534 2076 3608">
    <p class='ocr_par' dir='ltr' id='par_1_69' title="bbox 417 3534 2076 3608">
     <span class='ocr_line' id='line_1_69' title="bbox 417 3534 2076 3608; baseline -0.002 -15"><span class='ocrx_word' id='word_1_546' title='bbox 417 3537 619 3603; x_wconf 89' lang='lat' dir='ltr'>bilem,</span> <span class='ocrx_word' id='word_1_547' title='bbox 653 3553 768 3592; x_wconf 91' lang='lat' dir='ltr'>non</span> <span class='ocrx_word' id='word_1_548' title='bbox 800 3539 1265 3608; x_wconf 68' lang='lat' dir='ltr'>praetereuntem.</span> <span class='ocrx_word' id='word_1_549' title='bbox 1301 3534 1626 3590; x_wconf 87' lang='lat' dir='ltr'>Immobilis</span> <span class='ocrx_word' id='word_1_550' title='bbox 1654 3551 1789 3607; x_wconf 85' lang='lat' dir='ltr'>ergo</span> <span class='ocrx_word' id='word_1_551' title='bbox 1813 3535 1923 3590; x_wconf 83' lang='lat' dir='ltr'>lide</span> <span class='ocrx_word' id='word_1_552' title='bbox 1953 3535 2076 3590; x_wconf 90' lang='lat' dir='ltr'>Ste-</span> 
     </span>
    </p>
   </div>
   <div class='ocr_carea' id='block_1_70' title="bbox 417 3623 2077 3700">
    <p class='ocr_par' dir='ltr' id='par_1_70' title="bbox 417 3623 2077 3700">
     <span class='ocr_line' id='line_1_70' title="bbox 417 3623 2077 3700; baseline -0.002 -17"><span class='ocrx_word' id='word_1_553' title='bbox 417 3626 651 3700; x_wconf 88' lang='lat' dir='ltr'>phanus</span> <span class='ocrx_word' id='word_1_554' title='bbox 685 3624 1046 3681; x_wconf 91' lang='lat' dir='ltr'>immobilem</span> <span class='ocrx_word' id='word_1_555' title='bbox 1080 3624 1377 3679; x_wconf 86' lang='lat' dir='ltr'>Christum</span> <span class='ocrx_word' id='word_1_556' title='bbox 1410 3624 1675 3692; x_wconf 86' lang='lat' dir='ltr'>videbat;</span> <span class='ocrx_word' id='word_1_557' title='bbox 1737 3623 1898 3679; x_wconf 90' lang='lat' dir='ltr'>nullo</span> <span class='ocrx_word' id='word_1_558' title='bbox 1956 3628 2077 3681; x_wconf 90' lang='lat' dir='ltr'>erat</span> 
     </span>
    </p>
   </div>
   <div class='ocr_carea' id='block_1_71' title="bbox 416 3712 2073 3785">
    <p class='ocr_par' dir='ltr' id='par_1_71' title="bbox 416 3712 2073 3785">
     <span class='ocr_line' id='line_1_71' title="bbox 416 3712 2073 3785; baseline -0.002 -13"><span class='ocrx_word' id='word_1_559' title='bbox 416 3716 626 3772; x_wconf 89' lang='lat' dir='ltr'>mortis</span> <span class='ocrx_word' id='word_1_560' title='bbox 654 3715 863 3771; x_wconf 90' lang='lat' dir='ltr'>timore</span> <span class='ocrx_word' id='word_1_561' title='bbox 924 3719 1273 3769; x_wconf 90' lang='lat' dir='ltr'>commotus.</span> <span class='ocrx_word' id='word_1_562' title='bbox 1300 3713 1425 3769; x_wconf 86' lang='lat' dir='ltr'>Non</span> <span class='ocrx_word' id='word_1_563' title='bbox 1449 3712 1627 3768; x_wconf 87' lang='lat' dir='ltr'>movit</span> <span class='ocrx_word' id='word_1_564' title='bbox 1646 3713 2073 3785; x_wconf 88' lang='lat' dir='ltr'>seStepbanus,</span> 
     </span>
    </p>
   </div>
   <div class='ocr_carea' id='block_1_72' title="bbox 418 3803 2073 3875">
    <p class='ocr_par' dir='ltr' id='par_1_72' title="bbox 418 3803 2073 3875">
     <span class='ocr_line' id='line_1_72' title="bbox 418 3803 2073 3875; baseline -0.004 -12"><span class='ocrx_word' id='word_1_565' title='bbox 418 3823 533 3863; x_wconf 91' lang='lat' dir='ltr'>non</span> <span class='ocrx_word' id='word_1_566' title='bbox 566 3805 749 3862; x_wconf 87' lang='lat' dir='ltr'>movit</span> <span class='ocrx_word' id='word_1_567' title='bbox 779 3820 841 3860; x_wconf 90' lang='lat' dir='ltr'>se</span> <span class='ocrx_word' id='word_1_568' title='bbox 871 3803 1155 3860; x_wconf 88' lang='lat' dir='ltr'>Christus.</span> <span class='ocrx_word' id='word_1_569' title='bbox 1182 3803 1472 3859; x_wconf 84' lang='lat' dir='ltr'>Commoti</span> <span class='ocrx_word' id='word_1_570' title='bbox 1518 3808 1657 3859; x_wconf 89' lang='lat' dir='ltr'>sunt</span> <span class='ocrx_word' id='word_1_571' title='bbox 1714 3803 1820 3857; x_wconf 84' lang='lat' dir='ltr'>ﬁlii</span> <span class='ocrx_word' id='word_1_572' title='bbox 1879 3804 2073 3875; x_wconf 88' lang='lat' dir='ltr'>prodi-</span> 
     </span>
    </p>
   </div>
   <div class='ocr_carea' id='block_1_73' title="bbox 418 3892 2076 3967">
    <p class='ocr_par' dir='ltr' id='par_1_73' title="bbox 418 3892 2076 3967">
     <span class='ocr_line' id='line_1_73' title="bbox 418 3892 2076 3967; baseline -0.002 -15"><span class='ocrx_word' id='word_1_573' title='bbox 418 3896 584 3963; x_wconf 91' lang='lat' dir='ltr'>toris,</span> <span class='ocrx_word' id='word_1_574' title='bbox 619 3895 689 3951; x_wconf 89' lang='lat' dir='ltr'>de</span> <span class='ocrx_word' id='word_1_575' title='bbox 720 3893 936 3967; x_wconf 88' lang='lat' dir='ltr'>quibus</span> <span class='ocrx_word' id='word_1_576' title='bbox 983 3892 1228 3948; x_wconf 89' lang='lat' dir='ltr'>dicitur:</span> <span class='ocrx_word' id='word_1_577' title='bbox 1266 3915 1293 3940; x_wconf 73' lang='grc' dir='ltr'><strong><em>α</em></strong></span> <span class='ocrx_word' id='word_1_578' title='bbox 1347 3892 1633 3948; x_wconf 87' lang='lat' dir='ltr'>Commoti</span> <span class='ocrx_word' id='word_1_579' title='bbox 1692 3896 2076 3948; x_wconf 87' lang='lat' dir='ltr'>amoveantur</span> 
     </span>
    </p>
   </div>
   <div class='ocr_carea' id='block_1_74' title="bbox 414 3980 2074 4055">
    <p class='ocr_par' dir='ltr' id='par_1_74' title="bbox 414 3980 2074 4055">
     <span class='ocr_line' id='line_1_74' title="bbox 414 3980 2074 4055; baseline -0.004 -15"><span class='ocrx_word' id='word_1_580' title='bbox 414 3984 518 4040; x_wconf 85' lang='lat' dir='ltr'>ﬁlii</span> <span class='ocrx_word' id='word_1_581' title='bbox 553 3984 702 4055; x_wconf 82' lang='lat' dir='ltr'>ejus,</span> <span class='ocrx_word' id='word_1_582' title='bbox 734 3987 790 4038; x_wconf 91' lang='lat' dir='ltr'>et</span> <span class='ocrx_word' id='word_1_583' title='bbox 851 3980 1182 4037; x_wconf 82' lang='lat' dir='ltr'>mendicent</span> <span class='ocrx_word' id='word_1_584' title='bbox 1239 3981 1408 4051; x_wconf 77' lang='lat' dir='ltr'>(Psot.</span> <span class='ocrx_word' id='word_1_585' title='bbox 1465 3997 1620 4049; x_wconf 85' lang='lat' dir='ltr'>cvm,</span> <span class='ocrx_word' id='word_1_586' title='bbox 1690 3980 1800 4051; x_wconf 61' lang='grc' dir='ltr'>ιω).</span> <span class='ocrx_word' id='word_1_587' title='bbox 1847 4003 1874 4029; x_wconf 90' lang='grc'><strong>››</strong></span> <span class='ocrx_word' id='word_1_588' title='bbox 1936 3981 2074 4052; x_wconf 85' lang='lat' dir='ltr'>Eget</span> 
     </span>
    </p>
   </div>
   <div class='ocr_carea' id='block_1_75' title="bbox 415 4070 2069 4144">
    <p class='ocr_par' dir='ltr' id='par_1_75' title="bbox 415 4070 2069 4144">
     <span class='ocr_line' id='line_1_75' title="bbox 415 4070 2069 4144; baseline -0.003 -15"><span class='ocrx_word' id='word_1_589' title='bbox 415 4074 571 4130; x_wconf 90' lang='lat' dir='ltr'>enim</span> <span class='ocrx_word' id='word_1_590' title='bbox 626 4072 852 4129; x_wconf 90' lang='lat' dir='ltr'>medico</span> <span class='ocrx_word' id='word_1_591' title='bbox 910 4072 1011 4144; x_wconf 91' lang='lat' dir='ltr'>qui</span> <span class='ocrx_word' id='word_1_592' title='bbox 1069 4074 1332 4126; x_wconf 84' lang='lat' dir='ltr'>movetur</span> <span class='ocrx_word' id='word_1_593' title='bbox 1389 4070 1521 4140; x_wconf 83' lang='lat'>(35).</span> <span class='ocrx_word' id='word_1_594' title='bbox 1556 4070 1730 4142; x_wconf 87' lang='lat' dir='ltr'>Ineps</span> <span class='ocrx_word' id='word_1_595' title='bbox 1785 4074 2069 4142; x_wconf 85' lang='lat' dir='ltr'>peccator,</span> 
     </span>
    </p>
   </div>
   <div class='ocr_carea' id='block_1_76' title="bbox 414 4159 2070 4235">
    <p class='ocr_par' dir='ltr' id='par_1_76' title="bbox 414 4159 2070 4235">
     <span class='ocr_line' id='line_1_76' title="bbox 414 4159 2070 4235; baseline -0.005 -14"><span class='ocrx_word' id='word_1_596' title='bbox 414 4164 575 4221; x_wconf 89' lang='lat' dir='ltr'>dives</span> <span class='ocrx_word' id='word_1_597' title='bbox 603 4168 692 4220; x_wconf 92' lang='lat' dir='ltr'>est</span> <span class='ocrx_word' id='word_1_598' title='bbox 714 4164 953 4235; x_wconf 88' lang='lat' dir='ltr'>justus;</span> <span class='ocrx_word' id='word_1_599' title='bbox 988 4160 1128 4234; x_wconf 90' lang='lat' dir='ltr'>quia</span> <span class='ocrx_word' id='word_1_600' title='bbox 1160 4159 1318 4216; x_wconf 90' lang='lat' dir='ltr'>nullo</span> <span class='ocrx_word' id='word_1_601' title='bbox 1337 4161 1487 4215; x_wconf 90' lang='lat' dir='ltr'>bono</span> <span class='ocrx_word' id='word_1_602' title='bbox 1509 4159 1722 4226; x_wconf 74' lang='lat' dir='ltr'>deficit,</span> <span class='ocrx_word' id='word_1_603' title='bbox 1742 4159 1841 4230; x_wconf 91' lang='lat' dir='ltr'>qui</span> <span class='ocrx_word' id='word_1_604' title='bbox 1874 4160 2070 4216; x_wconf 90' lang='lat' dir='ltr'>Domi-</span> 
     </span>
    </p>
   </div>
   <div class='ocr_carea' id='block_1_77' title="bbox 413 4250 1107 4326">
    <p class='ocr_par' dir='ltr' id='par_1_77' title="bbox 413 4250 1107 4326">
     <span class='ocr_line' id='line_1_77' title="bbox 413 4250 1107 4326; baseline -0.012 -14"><span class='ocrx_word' id='word_1_605' title='bbox 413 4271 557 4312; x_wconf 91' lang='lat' dir='ltr'>num</span> <span class='ocrx_word' id='word_1_606' title='bbox 581 4271 814 4326; x_wconf 91' lang='lat' dir='ltr'>semper</span> <span class='ocrx_word' id='word_1_607' title='bbox 841 4250 1107 4324; x_wconf 88' lang='lat' dir='ltr'>inquirit.</span> 
     </span>
    </p>
   </div>
   <div class='ocr_carea' id='block_1_78' title="bbox 490 4338 2065 4415">
    <p class='ocr_par' dir='ltr' id='par_1_78' title="bbox 490 4338 2065 4415">
     <span class='ocr_line' id='line_1_78' title="bbox 490 4338 2065 4415; baseline -0.003 -15"><span class='ocrx_word' id='word_1_608' title='bbox 490 4346 573 4400; x_wconf 80' lang='lat' dir='ltr'>l9.</span> <span class='ocrx_word' id='word_1_609' title='bbox 606 4345 676 4399; x_wconf 91' lang='lat' dir='ltr'>Et</span> <span class='ocrx_word' id='word_1_610' title='bbox 706 4344 845 4415; x_wconf 85' lang='lat' dir='ltr'>quia</span> <span class='ocrx_word' id='word_1_611' title='bbox 874 4343 1009 4398; x_wconf 90' lang='lat' dir='ltr'>inde</span> <span class='ocrx_word' id='word_1_612' title='bbox 1036 4345 1257 4397; x_wconf 87' lang='lat' dir='ltr'>tractus</span> <span class='ocrx_word' id='word_1_613' title='bbox 1308 4344 1398 4395; x_wconf 86' lang='lat' dir='ltr'>est</span> <span class='ocrx_word' id='word_1_614' title='bbox 1457 4356 1667 4405; x_wconf 89' lang='lat' dir='ltr'>sermo,</span> <span class='ocrx_word' id='word_1_615' title='bbox 1723 4338 1823 4409; x_wconf 92' lang='lat' dir='ltr'>qui</span> <span class='ocrx_word' id='word_1_616' title='bbox 1882 4339 2025 4394; x_wconf 82' lang='lat' dir='ltr'>dixit</span> <span class='ocrx_word' id='word_1_617' title='bbox 2053 4357 2065 4396; x_wconf 92' lang='lat'>:</span> 
     </span>
    </p>
   </div>
   <div class='ocr_carea' id='block_1_79' title="bbox 417 4428 2067 4503">
    <p class='ocr_par' dir='ltr' id='par_1_79' title="bbox 417 4428 2067 4503">
     <span class='ocr_line' id='line_1_79' title="bbox 417 4428 2067 4503; baseline 0.001 -21"><span class='ocrx_word' id='word_1_618' title='bbox 417 4453 444 4482; x_wconf 81' lang='grc'><strong>‹‹</strong></span> <span class='ocrx_word' id='word_1_619' title='bbox 480 4432 605 4486; x_wconf 85' lang='lat' dir='ltr'>Non</span> <span class='ocrx_word' id='word_1_620' title='bbox 640 4434 914 4487; x_wconf 80' lang='lat' dir='ltr'>movebar</span> <span class='ocrx_word' id='word_1_621' title='bbox 954 4429 1260 4503; x_wconf 80' lang='lat' dir='ltr'>amplius»</span> <span class='ocrx_word' id='word_1_622' title='bbox 1289 4430 1442 4502; x_wconf 89' lang='lat' dir='ltr'>quod</span> <span class='ocrx_word' id='word_1_623' title='bbox 1478 4429 1693 4485; x_wconf 86' lang='lat' dir='ltr'>moveri</span> <span class='ocrx_word' id='word_1_624' title='bbox 1727 4429 1799 4484; x_wconf 92' lang='lat' dir='ltr'>ad</span> <span class='ocrx_word' id='word_1_625' title='bbox 1832 4428 2067 4500; x_wconf 90' lang='lat' dir='ltr'>culpam</span> 
     </span>
    </p>
   </div>
   <div class='ocr_carea' id='block_1_80' title="bbox 2189 3267 3853 3342">
    <p class='ocr_par' dir='ltr' id='par_1_80' title="bbox 2189 3267 3853 3342">
     <span class='ocr_line' id='line_1_80' title="bbox 2189 3267 3853 3342; baseline 0.002 -20"><span class='ocrx_word' id='word_1_626' title='bbox 2189 3267 2363 3322; x_wconf 90' lang='lat' dir='ltr'>Jesus</span> <span class='ocrx_word' id='word_1_627' title='bbox 2389 3284 2400 3322; x_wconf 92' lang='lat'>:</span> <span class='ocrx_word' id='word_1_628' title='bbox 2422 3267 2567 3331; x_wconf 89' lang='lat' dir='ltr'>Quia</span> <span class='ocrx_word' id='word_1_629' title='bbox 2598 3283 2711 3323; x_wconf 90' lang='lat' dir='ltr'>non</span> <span class='ocrx_word' id='word_1_630' title='bbox 2745 3268 2969 3340; x_wconf 88' lang='lat' dir='ltr'>perdidi</span> <span class='ocrx_word' id='word_1_631' title='bbox 3003 3284 3069 3323; x_wconf 82' lang='lat' dir='ltr'>ex</span> <span class='ocrx_word' id='word_1_632' title='bbox 3092 3268 3235 3340; x_wconf 88' lang='lat' dir='ltr'>ipsis</span> <span class='ocrx_word' id='word_1_633' title='bbox 3259 3277 3853 3342; x_wconf 73' lang='lat' dir='ltr'>quemquamproater</span> 
     </span>
    </p>
   </div>
   <div class='ocr_carea' id='block_1_81' title="bbox 2192 3355 3855 3427">
    <p class='ocr_par' dir='ltr' id='par_1_81' title="bbox 2192 3355 3855 3427">
     <span class='ocr_line' id='line_1_81' title="bbox 2192 3355 3855 3427; baseline 0.001 -15"><span class='ocrx_word' id='word_1_634' title='bbox 2192 3373 2376 3413; x_wconf 90' lang='lat' dir='ltr'>unum</span> <span class='ocrx_word' id='word_1_635' title='bbox 2408 3378 2435 3407; x_wconf 84' lang='lat'><strong>»</strong></span> <span class='ocrx_word' id='word_1_636' title='bbox 2471 3356 2601 3427; x_wconf 89' lang='lat' dir='ltr'>(hoc</span> <span class='ocrx_word' id='word_1_637' title='bbox 2632 3356 2789 3413; x_wconf 90' lang='lat' dir='ltr'>enim</span> <span class='ocrx_word' id='word_1_638' title='bbox 2818 3356 2875 3410; x_wconf 93' lang='lat' dir='ltr'>in</span> <span class='ocrx_word' id='word_1_639' title='bbox 2908 3355 3021 3413; x_wconf 90' lang='lat' dir='ltr'>alio</span> <span class='ocrx_word' id='word_1_640' title='bbox 3060 3355 3207 3412; x_wconf 91' lang='lat' dir='ltr'>libro</span> <span class='ocrx_word' id='word_1_641' title='bbox 3268 3360 3562 3414; x_wconf 86' lang='lat' dir='ltr'>sententia</span> <span class='ocrx_word' id='word_1_642' title='bbox 3616 3359 3855 3415; x_wconf 88' lang='lat' dir='ltr'>Domini</span> 
     </span>
    </p>
   </div>
   <div class='ocr_carea' id='block_1_82' title="bbox 2188 3445 3853 3520">
    <p class='ocr_par' dir='ltr' id='par_1_82' title="bbox 2188 3445 3853 3520">
     <span class='ocr_line' id='line_1_82' title="bbox 2188 3445 3853 3520; baseline 0.002 -19"><span class='ocrx_word' id='word_1_643' title='bbox 2188 3445 2683 3518; x_wconf 88' lang='lat' dir='ltr'>comprehendit);</span> <span class='ocrx_word' id='word_1_644' title='bbox 2717 3445 2817 3517; x_wconf 92' lang='lat' dir='ltr'>qui</span> <span class='ocrx_word' id='word_1_645' title='bbox 2850 3450 3045 3501; x_wconf 90' lang='lat' dir='ltr'>tamen</span> <span class='ocrx_word' id='word_1_646' title='bbox 3082 3462 3191 3502; x_wconf 89' lang='lat' dir='ltr'>sua</span> <span class='ocrx_word' id='word_1_647' title='bbox 3220 3446 3410 3520; x_wconf 88' lang='lat' dir='ltr'>magis</span> <span class='ocrx_word' id='word_1_648' title='bbox 3443 3447 3615 3519; x_wconf 86' lang='lat' dir='ltr'>periit</span> <span class='ocrx_word' id='word_1_649' title='bbox 3641 3447 3853 3504; x_wconf 52' lang='lat' dir='ltr'>volun-</span> 
     </span>
    </p>
   </div>
   <div class='ocr_carea' id='block_1_83' title="bbox 2186 3534 3851 3607">
    <p class='ocr_par' dir='ltr' id='par_1_83' title="bbox 2186 3534 3851 3607">
     <span class='ocr_line' id='line_1_83' title="bbox 2186 3534 3851 3607; baseline 0.002 -18"><span class='ocrx_word' id='word_1_650' title='bbox 2186 3539 2323 3601; x_wconf 90' lang='lat' dir='ltr'>tate,</span> <span class='ocrx_word' id='word_1_651' title='bbox 2384 3552 2560 3606; x_wconf 89' lang='lat' dir='ltr'>quam</span> <span class='ocrx_word' id='word_1_652' title='bbox 2617 3551 2764 3601; x_wconf 87' lang='lat' dir='ltr'>mea,</span> <span class='ocrx_word' id='word_1_653' title='bbox 2826 3534 3037 3607; x_wconf 87' lang='lat' dir='ltr'>inquit,</span> <span class='ocrx_word' id='word_1_654' title='bbox 3088 3536 3392 3592; x_wconf 84' lang='lat' dir='ltr'>severitate</span> <span class='ocrx_word' id='word_1_655' title='bbox 3464 3536 3710 3607; x_wconf 88' lang='lat' dir='ltr'>punitus</span> <span class='ocrx_word' id='word_1_656' title='bbox 3742 3542 3851 3594; x_wconf 84' lang='lat' dir='ltr'>est.</span> 
     </span>
    </p>
   </div>
   <div class='ocr_carea' id='block_1_84' title="bbox 2186 3623 3849 3695">
    <p class='ocr_par' dir='ltr' id='par_1_84' title="bbox 2186 3623 3849 3695">
     <span class='ocr_line' id='line_1_84' title="bbox 2186 3623 3849 3695; baseline 0.002 -17"><span class='ocrx_word' id='word_1_657' title='bbox 2186 3625 2252 3679; x_wconf 86' lang='lat' dir='ltr'>Et</span> <span class='ocrx_word' id='word_1_658' title='bbox 2277 3640 2411 3680; x_wconf 91' lang='lat' dir='ltr'>eum</span> <span class='ocrx_word' id='word_1_659' title='bbox 2443 3639 2547 3695; x_wconf 91' lang='lat' dir='ltr'>ego</span> <span class='ocrx_word' id='word_1_660' title='bbox 2580 3640 2672 3678; x_wconf 89' lang='lat' dir='ltr'>me</span> <span class='ocrx_word' id='word_1_661' title='bbox 2711 3626 2917 3695; x_wconf 90' lang='lat' dir='ltr'>sponte</span> <span class='ocrx_word' id='word_1_662' title='bbox 2948 3623 3207 3692; x_wconf 68' lang='lat' dir='ltr'>offeram,</span> <span class='ocrx_word' id='word_1_663' title='bbox 3242 3623 3466 3680; x_wconf 88' lang='lat' dir='ltr'>irruitis</span> <span class='ocrx_word' id='word_1_664' title='bbox 3522 3628 3580 3681; x_wconf 88' lang='lat' dir='ltr'>et</span> <span class='ocrx_word' id='word_1_665' title='bbox 3619 3626 3849 3682; x_wconf 89' lang='lat' dir='ltr'>incum-</span> 
     </span>
    </p>
   </div>
   <div class='ocr_carea' id='block_1_85' title="bbox 2186 3712 3847 3784">
    <p class='ocr_par' dir='ltr' id='par_1_85' title="bbox 2186 3712 3847 3784">
     <span class='ocr_line' id='line_1_85' title="bbox 2186 3712 3847 3784; baseline 0.002 -17"><span class='ocrx_word' id='word_1_666' title='bbox 2186 3713 2323 3769; x_wconf 86' lang='lat' dir='ltr'>bitis</span> <span class='ocrx_word' id='word_1_667' title='bbox 2351 3736 2377 3762; x_wconf 87' lang='grc'><em>‹‹</em></span> <span class='ocrx_word' id='word_1_668' title='bbox 2412 3717 2693 3784; x_wconf 87' lang='lat' dir='ltr'>tanquam</span> <span class='ocrx_word' id='word_1_669' title='bbox 2727 3712 2933 3784; x_wconf 90' lang='lat' dir='ltr'>parieti</span> <span class='ocrx_word' id='word_1_670' title='bbox 2964 3712 3266 3780; x_wconf 85' lang='lat' dir='ltr'>inclinato,</span> <span class='ocrx_word' id='word_1_671' title='bbox 3300 3718 3357 3769; x_wconf 90' lang='lat' dir='ltr'>et</span> <span class='ocrx_word' id='word_1_672' title='bbox 3407 3714 3673 3771; x_wconf 71' lang='lat' dir='ltr'>maceriae</span> <span class='ocrx_word' id='word_1_673' title='bbox 3734 3717 3847 3771; x_wconf 59' lang='lat' dir='ltr'>im-</span> 
     </span>
    </p>
   </div>
   <div class='ocr_carea' id='block_1_86' title="bbox 2184 3801 3842 3874">
    <p class='ocr_par' dir='ltr' id='par_1_86' title="bbox 2184 3801 3842 3874">
     <span class='ocr_line' id='line_1_86' title="bbox 2184 3801 3842 3874; baseline 0.002 -18"><span class='ocrx_word' id='word_1_674' title='bbox 2184 3801 2365 3873; x_wconf 70' lang='lat' dir='ltr'>pulsae</span> <span class='ocrx_word' id='word_1_675' title='bbox 2397 3802 2568 3874; x_wconf 79' lang='lat' dir='ltr'>(Psal.</span> <span class='ocrx_word' id='word_1_676' title='bbox 2595 3819 2704 3872; x_wconf 75' lang='lat' dir='ltr'>LXI,</span> <span class='ocrx_word' id='word_1_677' title='bbox 2738 3803 2814 3870; x_wconf 85' lang='grc'>4).</span> <span class='ocrx_word' id='word_1_678' title='bbox 2849 3824 2877 3851; x_wconf 86' lang='grc'><strong>››</strong></span> <span class='ocrx_word' id='word_1_679' title='bbox 2908 3802 3026 3858; x_wconf 90' lang='lat' dir='ltr'>Hoc</span> <span class='ocrx_word' id='word_1_680' title='bbox 3054 3806 3178 3859; x_wconf 88' lang='lat' dir='ltr'>est:</span> <span class='ocrx_word' id='word_1_681' title='bbox 3204 3806 3364 3874; x_wconf 82' lang='lat' dir='ltr'>Apex</span> <span class='ocrx_word' id='word_1_682' title='bbox 3388 3803 3604 3858; x_wconf 90' lang='lat' dir='ltr'>dudum</span> <span class='ocrx_word' id='word_1_683' title='bbox 3622 3803 3842 3859; x_wconf 83' lang='lat' dir='ltr'>nobilis</span> 
     </span>
    </p>
   </div>
   <div class='ocr_carea' id='block_1_87' title="bbox 2184 3891 3836 3963">
    <p class='ocr_par' dir='ltr' id='par_1_87' title="bbox 2184 3891 3836 3963">
     <span class='ocr_line' id='line_1_87' title="bbox 2184 3891 3836 3963; baseline 0.002 -18"><span class='ocrx_word' id='word_1_684' title='bbox 2184 3891 2340 3945; x_wconf 89' lang='lat' dir='ltr'>sedis</span> <span class='ocrx_word' id='word_1_685' title='bbox 2392 3891 2548 3947; x_wconf 76' lang='lat'><strong>663</strong></span> <span class='ocrx_word' id='word_1_686' title='bbox 2611 3895 2893 3963; x_wconf 76' lang='lat' dir='ltr'>augustae,</span> <span class='ocrx_word' id='word_1_687' title='bbox 2964 3896 3020 3946; x_wconf 85' lang='lat' dir='ltr'>et</span> <span class='ocrx_word' id='word_1_688' title='bbox 3084 3891 3406 3948; x_wconf 89' lang='lat' dir='ltr'>circunfusi</span> <span class='ocrx_word' id='word_1_689' title='bbox 3492 3897 3605 3947; x_wconf 87' lang='lat' dir='ltr'>toto</span> <span class='ocrx_word' id='word_1_690' title='bbox 3690 3891 3836 3948; x_wconf 83' lang='lat' dir='ltr'>orbe</span> 
     </span>
    </p>
   </div>
   <div class='ocr_carea' id='block_1_88' title="bbox 2186 3978 3844 4055">
    <p class='ocr_par' dir='ltr' id='par_1_88' title="bbox 2186 3978 3844 4055">
     <span class='ocr_line' id='line_1_88' title="bbox 2186 3978 3844 4055; baseline 0.003 -21"><span class='ocrx_word' id='word_1_691' title='bbox 2186 3980 2445 4036; x_wconf 77' lang='lat' dir='ltr'>Romano</span> <span class='ocrx_word' id='word_1_692' title='bbox 2477 3978 2704 4036; x_wconf 86' lang='lat' dir='ltr'>validus</span> <span class='ocrx_word' id='word_1_693' title='bbox 2736 3980 3034 4053; x_wconf 91' lang='lat' dir='ltr'>quondam</span> <span class='ocrx_word' id='word_1_694' title='bbox 3066 3980 3276 4038; x_wconf 87' lang='lat' dir='ltr'>murus</span> <span class='ocrx_word' id='word_1_695' title='bbox 3303 3980 3712 4054; x_wconf 85' lang='lat' dir='ltr'>imperii,sicut</span> <span class='ocrx_word' id='word_1_696' title='bbox 3744 3998 3844 4055; x_wconf 81' lang='lat' dir='ltr'>pa-</span> 
     </span>
    </p>
   </div>
   <div class='ocr_carea' id='block_1_89' title="bbox 2184 4068 3717 4144">
    <p class='ocr_par' dir='ltr' id='par_1_89' title="bbox 2184 4068 3717 4144">
     <span class='ocr_line' id='line_1_89' title="bbox 2184 4068 3717 4144; baseline 0.003 -21"><span class='ocrx_word' id='word_1_697' title='bbox 2184 4070 2295 4124; x_wconf 88' lang='lat' dir='ltr'>ries</span> <span class='ocrx_word' id='word_1_698' title='bbox 2326 4068 2664 4137; x_wconf 89' lang='lat' dir='ltr'>inclinatus,</span> <span class='ocrx_word' id='word_1_699' title='bbox 2699 4074 2803 4125; x_wconf 90' lang='lat' dir='ltr'>aut</span> <span class='ocrx_word' id='word_1_700' title='bbox 2837 4071 3116 4127; x_wconf 89' lang='lat' dir='ltr'>maceries</span> <span class='ocrx_word' id='word_1_701' title='bbox 3147 4070 3407 4144; x_wconf 90' lang='lat' dir='ltr'>impulsa</span> <span class='ocrx_word' id='word_1_702' title='bbox 3434 4070 3717 4128; x_wconf 87' lang='lat' dir='ltr'>collabor.</span> 
     </span>
    </p>
   </div>
   <div class='ocr_carea' id='block_1_90' title="bbox 2250 4158 3843 4234">
    <p class='ocr_par' dir='ltr' id='par_1_90' title="bbox 2250 4158 3843 4234">
     <span class='ocr_line' id='line_1_90' title="bbox 2250 4158 3843 4234; baseline 0.004 -22"><span class='ocrx_word' id='word_1_703' title='bbox 2250 4158 2338 4212; x_wconf 82' lang='lat' dir='ltr'>2i.</span> <span class='ocrx_word' id='word_1_704' title='bbox 2371 4158 2481 4213; x_wconf 90' lang='lat' dir='ltr'>Sed</span> <span class='ocrx_word' id='word_1_705' title='bbox 2514 4159 2737 4226; x_wconf 89' lang='lat' dir='ltr'>esto,ad</span> <span class='ocrx_word' id='word_1_706' title='bbox 2774 4163 3023 4216; x_wconf 90' lang='lat' dir='ltr'>mortem</span> <span class='ocrx_word' id='word_1_707' title='bbox 3065 4176 3157 4216; x_wconf 91' lang='lat' dir='ltr'>me</span> <span class='ocrx_word' id='word_1_708' title='bbox 3211 4177 3401 4233; x_wconf 89' lang='lat' dir='ltr'>usque</span> <span class='ocrx_word' id='word_1_709' title='bbox 3450 4162 3843 4234; x_wconf 84' lang='lat' dir='ltr'>appetierunt,</span> 
     </span>
    </p>
   </div>
   <div class='ocr_carea' id='block_1_91' title="bbox 2180 4247 3840 4323">
    <p class='ocr_par' dir='ltr' id='par_1_91' title="bbox 2180 4247 3840 4323">
     <span class='ocr_line' id='line_1_91' title="bbox 2180 4247 3840 4323; baseline 0.003 -21"><span class='ocrx_word' id='word_1_710' title='bbox 2180 4247 2538 4319; x_wconf 69' lang='lat' dir='ltr'>quaesierunt</span> <span class='ocrx_word' id='word_1_711' title='bbox 2566 4249 2638 4303; x_wconf 90' lang='lat' dir='ltr'>ad</span> <span class='ocrx_word' id='word_1_712' title='bbox 2668 4265 2868 4305; x_wconf 89' lang='lat' dir='ltr'>necem</span> <span class='ocrx_word' id='word_1_713' title='bbox 2901 4250 3195 4306; x_wconf 89' lang='lat' dir='ltr'>dicentes:</span> <span class='ocrx_word' id='word_1_714' title='bbox 3228 4249 3536 4307; x_wconf 89' lang='lat' dir='ltr'>Tollamus</span> <span class='ocrx_word' id='word_1_715' title='bbox 3578 4252 3840 4323; x_wconf 88' lang='lat' dir='ltr'>justum,</span> 
     </span>
    </p>
   </div>
   <div class='ocr_carea' id='block_1_92' title="bbox 2180 4336 3849 4412">
    <p class='ocr_par' dir='ltr' id='par_1_92' title="bbox 2180 4336 3849 4412">
     <span class='ocr_line' id='line_1_92' title="bbox 2180 4336 3849 4412; baseline 0.003 -21"><span class='ocrx_word' id='word_1_716' title='bbox 2180 4336 2458 4393; x_wconf 88' lang='lat' dir='ltr'>tollamus</span> <span class='ocrx_word' id='word_1_717' title='bbox 2480 4336 2938 4393; x_wconf 90' lang='lat' dir='ltr'>misericordem:</span> <span class='ocrx_word' id='word_1_718' title='bbox 2961 4338 3117 4410; x_wconf 85' lang='lat' dir='ltr'>quia</span> <span class='ocrx_word' id='word_1_719' title='bbox 3127 4338 3320 4412; x_wconf 87' lang='lat' dir='ltr'>gravis</span> <span class='ocrx_word' id='word_1_720' title='bbox 3337 4342 3428 4396; x_wconf 88' lang='lat' dir='ltr'>est</span> <span class='ocrx_word' id='word_1_721' title='bbox 3459 4339 3632 4396; x_wconf 90' lang='lat' dir='ltr'>nobis</span> <span class='ocrx_word' id='word_1_722' title='bbox 3660 4340 3849 4396; x_wconf 86' lang='lat' dir='ltr'>etiam</span> 
     </span>
    </p>
   </div>
   <div class='ocr_carea' id='block_1_93' title="bbox 2180 4426 3848 4499">
    <p class='ocr_par' dir='ltr' id='par_1_93' title="bbox 2180 4426 3848 4499">
     <span class='ocr_line' id='line_1_93' title="bbox 2180 4426 3848 4499; baseline 0.002 -16"><span class='ocrx_word' id='word_1_723' title='bbox 2180 4426 2251 4483; x_wconf 88' lang='lat' dir='ltr'>ad</span> <span class='ocrx_word' id='word_1_724' title='bbox 2282 4426 2598 4483; x_wconf 90' lang='lat' dir='ltr'>videndum</span> <span class='ocrx_word' id='word_1_725' title='bbox 2623 4444 2635 4495; x_wconf 92' lang='lat'><strong>;</strong></span> <span class='ocrx_word' id='word_1_726' title='bbox 2663 4428 2764 4482; x_wconf 87' lang='lat' dir='ltr'>sed</span> <span class='ocrx_word' id='word_1_727' title='bbox 2782 4426 2957 4483; x_wconf 86' lang='lat' dir='ltr'>etiam</span> <span class='ocrx_word' id='word_1_728' title='bbox 2980 4428 3474 4485; x_wconf 80' lang='lat' dir='ltr'>existimationem</span> <span class='ocrx_word' id='word_1_729' title='bbox 3493 4446 3692 4486; x_wconf 86' lang='lat' dir='ltr'>meam</span> <span class='ocrx_word' id='word_1_730' title='bbox 3711 4431 3848 4499; x_wconf 76' lang='lat'>(37},</span> 
     </span>
    </p>
   </div>
   <div class='ocr_carea' id='block_1_94' title="bbox 406 4504 3842 4597">
    <p class='ocr_par' dir='ltr' id='par_1_94' title="bbox 406 4504 3842 4597">
     <span class='ocr_line' id='line_1_94' title="bbox 406 4504 3842 4597; baseline 0.001 -24"><span class='ocrx_word' id='word_1_731' title='bbox 406 4504 514 4586; x_wconf 31' lang='lat' dir='ltr'>‘sit,</span> <span class='ocrx_word' id='word_1_732' title='bbox 549 4519 803 4573; x_wconf 88' lang='lat' dir='ltr'>ostendit</span> <span class='ocrx_word' id='word_1_733' title='bbox 832 4520 954 4589; x_wconf 84' lang='lat' dir='ltr'>ipso</span> <span class='ocrx_word' id='word_1_734' title='bbox 984 4520 1164 4574; x_wconf 86' lang='lat' dir='ltr'>David</span> <span class='ocrx_word' id='word_1_735' title='bbox 1195 4520 1393 4575; x_wconf 86' lang='lat' dir='ltr'>dicens</span> <span class='ocrx_word' id='word_1_736' title='bbox 1424 4536 1435 4574; x_wconf 88' lang='lat'>:</span> <span class='ocrx_word' id='word_1_737' title='bbox 1471 4542 1497 4569; x_wconf 67' lang='grc' dir='ltr'>ις</span> <span class='ocrx_word' id='word_1_738' title='bbox 1531 4519 1640 4585; x_wconf 88' lang='lat' dir='ltr'>Qui</span> <span class='ocrx_word' id='word_1_739' title='bbox 1698 4519 1894 4589; x_wconf 90' lang='lat' dir='ltr'>posuit</span> <span class='ocrx_word' id='word_1_740' title='bbox 1943 4518 2065 4573; x_wconf 88' lang='lat' dir='ltr'>ani-</span> <span class='ocrx_word' id='word_1_741' title='bbox 2099 4533 2145 4597; x_wconf 82' lang='lat' dir='ltr'><strong>D</strong></span> <span class='ocrx_word' id='word_1_742' title='bbox 2176 4515 2587 4573; x_wconf 87' lang='lat' dir='ltr'>castimoniam</span> <span class='ocrx_word' id='word_1_743' title='bbox 2620 4532 2811 4572; x_wconf 88' lang='lat' dir='ltr'>meam</span> <span class='ocrx_word' id='word_1_744' title='bbox 2860 4517 3242 4574; x_wconf 89' lang='lat' dir='ltr'>sauciandam</span> <span class='ocrx_word' id='word_1_745' title='bbox 3288 4516 3457 4575; x_wconf 87' lang='lat' dir='ltr'>falsis</span> <span class='ocrx_word' id='word_1_746' title='bbox 3515 4517 3842 4576; x_wconf 86' lang='lat' dir='ltr'>calumniis</span> 
     </span>
    </p>
   </div>
   <div class='ocr_carea' id='block_1_95' title="bbox 419 4606 2063 4674">
    <p class='ocr_par' dir='ltr' id='par_1_95' title="bbox 419 4606 2063 4674">
     <span class='ocr_line' id='line_1_95' title="bbox 419 4606 2063 4674; baseline 0.001 -13"><span class='ocrx_word' id='word_1_747' title='bbox 419 4621 580 4661; x_wconf 81' lang='lat' dir='ltr'>mam</span> <span class='ocrx_word' id='word_1_748' title='bbox 610 4620 802 4660; x_wconf 89' lang='lat' dir='ltr'>meam</span> <span class='ocrx_word' id='word_1_749' title='bbox 834 4607 904 4660; x_wconf 87' lang='lat' dir='ltr'>ad</span> <span class='ocrx_word' id='word_1_750' title='bbox 954 4607 1157 4674; x_wconf 88' lang='lat' dir='ltr'>vitam,</span> <span class='ocrx_word' id='word_1_751' title='bbox 1216 4614 1271 4663; x_wconf 91' lang='lat' dir='ltr'>et</span> <span class='ocrx_word' id='word_1_752' title='bbox 1326 4626 1440 4664; x_wconf 92' lang='lat' dir='ltr'>non</span> <span class='ocrx_word' id='word_1_753' title='bbox 1498 4609 1658 4664; x_wconf 86' lang='lat' dir='ltr'>dedit</span> <span class='ocrx_word' id='word_1_754' title='bbox 1715 4606 2063 4665; x_wconf 89' lang='lat' dir='ltr'>commoveri</span> 
     </span>
    </p>
   </div>
   <div class='ocr_carea' id='block_1_96' title="bbox 488 4828 2064 4902">
    <p class='ocr_par' dir='ltr' id='par_1_96' title="bbox 488 4828 2064 4902">
     <span class='ocr_line' id='line_1_96' title="bbox 488 4828 2064 4902; baseline 0.003 -19"><span class='ocrx_word' id='word_1_755' title='bbox 488 4828 599 4901; x_wconf 84' lang='lat'>(35)</span> <span class='ocrx_word' id='word_1_756' title='bbox 632 4828 780 4902; x_wconf 80' lang='lat' dir='ltr'>Edit.</span> <span class='ocrx_word' id='word_1_757' title='bbox 817 4828 1007 4893; x_wconf 84' lang='lat' dir='ltr'>Rom.,</span> <span class='ocrx_word' id='word_1_758' title='bbox 1040 4829 1169 4897; x_wconf 82' lang='lat' dir='ltr'>Eget</span> <span class='ocrx_word' id='word_1_759' title='bbox 1198 4829 1425 4902; x_wconf 78' lang='lat' dir='ltr'>enimet</span> <span class='ocrx_word' id='word_1_760' title='bbox 1451 4829 1744 4895; x_wconf 72' lang='lat' dir='ltr'>mendicat,</span> <span class='ocrx_word' id='word_1_761' title='bbox 1808 4834 1906 4902; x_wconf 83' lang='lat' dir='ltr'>qui</span> <span class='ocrx_word' id='word_1_762' title='bbox 1951 4848 2064 4887; x_wconf 87' lang='lat' dir='ltr'>mo-</span> 
     </span>
    </p>
   </div>
   <div class='ocr_carea' id='block_1_97' title="bbox 412 4899 2063 4971">
    <p class='ocr_par' dir='ltr' id='par_1_97' title="bbox 412 4899 2063 4971">
     <span class='ocr_line' id='line_1_97' title="bbox 412 4899 2063 4971; baseline 0.002 -16"><span class='ocrx_word' id='word_1_763' title='bbox 412 4899 587 4957; x_wconf 78' lang='lat' dir='ltr'>vetur.</span> <span class='ocrx_word' id='word_1_764' title='bbox 619 4899 777 4969; x_wconf 59' lang='lat' dir='ltr'>Alite,</span> <span class='ocrx_word' id='word_1_765' title='bbox 811 4918 876 4956; x_wconf 89' lang='lat' dir='ltr'>ac</span> <span class='ocrx_word' id='word_1_766' title='bbox 910 4917 1052 4956; x_wconf 89' lang='lat' dir='ltr'>mss.</span> <span class='ocrx_word' id='word_1_767' title='bbox 1088 4916 1312 4966; x_wconf 86' lang='lat' dir='ltr'>omnes,</span> <span class='ocrx_word' id='word_1_768' title='bbox 1347 4901 1475 4967; x_wconf 71' lang='lat' dir='ltr'>Eget</span> <span class='ocrx_word' id='word_1_769' title='bbox 1503 4903 1651 4954; x_wconf 74' lang='lat' dir='ltr'>enim</span> <span class='ocrx_word' id='word_1_770' title='bbox 1683 4899 1905 4966; x_wconf 77' lang='lat' dir='ltr'>medim,</span> <span class='ocrx_word' id='word_1_771' title='bbox 1953 4909 2063 4971; x_wconf 90' lang='lat' dir='ltr'>etc,</span> 
     </span>
    </p>
   </div>
   <div class='ocr_carea' id='block_1_98' title="bbox 413 4970 2063 5045">
    <p class='ocr_par' dir='ltr' id='par_1_98' title="bbox 413 4970 2063 5045">
     <span class='ocr_line' id='line_1_98' title="bbox 413 4970 2063 5045; baseline 0 -17"><span class='ocrx_word' id='word_1_772' title='bbox 413 4973 609 5028; x_wconf 89' lang='lat' dir='ltr'>Bonus</span> <span class='ocrx_word' id='word_1_773' title='bbox 642 4990 853 5045; x_wconf 86' lang='lat' dir='ltr'>sensus</span> <span class='ocrx_word' id='word_1_774' title='bbox 874 4970 1457 5045; x_wconf 80' lang='lat' dir='ltr'>licetaliquantuluin</span> <span class='ocrx_word' id='word_1_775' title='bbox 1485 4974 1817 5045; x_wconf 80' lang='lat' dir='ltr'>reconditus</span> <span class='ocrx_word' id='word_1_776' title='bbox 1843 4993 1855 5041; x_wconf 91' lang='lat'><strong>;</strong></span> <span class='ocrx_word' id='word_1_777' title='bbox 1891 4992 2063 5045; x_wconf 81' lang='lat' dir='ltr'>quem</span> 
     </span>
    </p>
   </div>
   <div class='ocr_carea' id='block_1_99' title="bbox 413 5042 2064 5117">
    <p class='ocr_par' dir='ltr' id='par_1_99' title="bbox 413 5042 2064 5117">
     <span class='ocr_line' id='line_1_99' title="bbox 413 5042 2064 5117; baseline 0.001 -17"><span class='ocrx_word' id='word_1_778' title='bbox 413 5050 477 5100; x_wconf 90' lang='lat' dir='ltr'>ut</span> <span class='ocrx_word' id='word_1_779' title='bbox 508 5044 687 5117; x_wconf 87' lang='lat' dir='ltr'>probe</span> <span class='ocrx_word' id='word_1_780' title='bbox 718 5044 1034 5116; x_wconf 84' lang='lat' dir='ltr'>intelligas,</span> <span class='ocrx_word' id='word_1_781' title='bbox 1068 5042 1297 5117; x_wconf 82' lang='lat' dir='ltr'>adverto</span> <span class='ocrx_word' id='word_1_782' title='bbox 1340 5042 1434 5096; x_wconf 86' lang='lat' dir='ltr'>hic</span> <span class='ocrx_word' id='word_1_783' title='bbox 1488 5043 1678 5117; x_wconf 86' lang='lat' dir='ltr'>prima</span> <span class='ocrx_word' id='word_1_784' title='bbox 1710 5045 1823 5098; x_wconf 88' lang='lat' dir='ltr'>duo</span> <span class='ocrx_word' id='word_1_785' title='bbox 1896 5042 2064 5101; x_wconf 74' lang='lat' dir='ltr'>istius</span> 
     </span>
    </p>
   </div>
   <div class='ocr_carea' id='block_1_100' title="bbox 412 5116 2062 5186">
    <p class='ocr_par' dir='ltr' id='par_1_100' title="bbox 412 5116 2062 5186">
     <span class='ocr_line' id='line_1_100' title="bbox 412 5116 2062 5186; baseline 0.002 -16"><span class='ocrx_word' id='word_1_786' title='bbox 412 5116 686 5172; x_wconf 82' lang='lat' dir='ltr'>versiculi</span> <span class='ocrx_word' id='word_1_787' title='bbox 744 5118 921 5171; x_wconf 85' lang='lat' dir='ltr'>verba</span> <span class='ocrx_word' id='word_1_788' title='bbox 979 5116 1279 5186; x_wconf 81' lang='lat' dir='ltr'>explicarit</span> <span class='ocrx_word' id='word_1_789' title='bbox 1329 5116 1579 5169; x_wconf 74' lang='lat' dir='ltr'>commoti</span> <span class='ocrx_word' id='word_1_790' title='bbox 1661 5126 2062 5173; x_wconf 75' lang='lat' dir='ltr'>amoveantur:</span> 
     </span>
    </p>
   </div>
   <div class='ocr_carea' id='block_1_101' title="bbox 411 5186 2065 5258">
    <p class='ocr_par' dir='ltr' id='par_1_101' title="bbox 411 5186 2065 5258">
     <span class='ocr_line' id='line_1_101' title="bbox 411 5186 2065 5258; baseline 0 -16"><span class='ocrx_word' id='word_1_791' title='bbox 411 5187 832 5243; x_wconf 90' lang='lat' dir='ltr'>commotiones</span> <span class='ocrx_word' id='word_1_792' title='bbox 856 5192 1049 5242; x_wconf 90' lang='lat' dir='ltr'>autem</span> <span class='ocrx_word' id='word_1_793' title='bbox 1066 5188 1299 5241; x_wconf 89' lang='lat' dir='ltr'>morbos</span> <span class='ocrx_word' id='word_1_794' title='bbox 1318 5193 1491 5257; x_wconf 82' lang='lat' dir='ltr'>atque.</span> <span class='ocrx_word' id='word_1_795' title='bbox 1519 5186 1894 5258; x_wconf 62' lang='lat' dir='ltr'>aegritudines</span> <span class='ocrx_word' id='word_1_796' title='bbox 1936 5189 2065 5242; x_wconf 91' lang='lat' dir='ltr'>ani-</span> 
     </span>
    </p>
   </div>
   <div class='ocr_carea' id='block_1_102' title="bbox 410 5258 2067 5325">
    <p class='ocr_par' dir='ltr' id='par_1_102' title="bbox 410 5258 2067 5325">
     <span class='ocr_line' id='line_1_102' title="bbox 410 5258 2067 5325; baseline 0.001 -12"><span class='ocrx_word' id='word_1_797' title='bbox 410 5260 492 5313; x_wconf 90' lang='lat' dir='ltr'>mi</span> <span class='ocrx_word' id='word_1_798' title='bbox 522 5277 681 5315; x_wconf 90' lang='lat' dir='ltr'>esse:</span> <span class='ocrx_word' id='word_1_799' title='bbox 717 5261 869 5315; x_wconf 85' lang='lat' dir='ltr'>unde</span> <span class='ocrx_word' id='word_1_800' title='bbox 892 5277 925 5313; x_wconf 88' lang='lat' dir='ltr'>a</span> <span class='ocrx_word' id='word_1_801' title='bbox 955 5258 1169 5314; x_wconf 62' lang='lat' dir='ltr'>Graecis</span> <span class='ocrx_word' id='word_1_802' title='bbox 1198 5267 1327 5325; x_wconf 71' lang='grc' dir='ltr'>πάθη</span> <span class='ocrx_word' id='word_1_803' title='bbox 1360 5263 1568 5313; x_wconf 77' lang='lat' dir='ltr'>vocatae</span> <span class='ocrx_word' id='word_1_804' title='bbox 1608 5262 1767 5313; x_wconf 89' lang='lat' dir='ltr'>sunt.</span> <span class='ocrx_word' id='word_1_805' title='bbox 1798 5258 2067 5315; x_wconf 91' lang='lat' dir='ltr'>lnnuitur</span> 
     </span>
    </p>
   </div>
   <div class='ocr_carea' id='block_1_103' title="bbox 350 5329 2066 5404">
    <p class='ocr_par' dir='ltr' id='par_1_103' title="bbox 350 5329 2066 5404">
     <span class='ocr_line' id='line_1_103' title="bbox 350 5329 2066 5404; baseline 0.003 -22"><span class='ocrx_word' id='word_1_806' title='bbox 350 5378 353 5382; x_wconf 37' lang='lat'>.</span> <span class='ocrx_word' id='word_1_807' title='bbox 412 5329 608 5404; x_wconf 72' lang='lat' dir='ltr'>itaque</span> <span class='ocrx_word' id='word_1_808' title='bbox 641 5331 747 5404; x_wconf 88' lang='lat' dir='ltr'>hoc</span> <span class='ocrx_word' id='word_1_809' title='bbox 778 5335 896 5386; x_wconf 86' lang='lat' dir='ltr'>toto</span> <span class='ocrx_word' id='word_1_810' title='bbox 928 5330 1213 5385; x_wconf 88' lang='lat' dir='ltr'>versiculo</span> <span class='ocrx_word' id='word_1_811' title='bbox 1245 5335 1575 5404; x_wconf 75' lang='lat' dir='ltr'>peccatores</span> <span class='ocrx_word' id='word_1_812' title='bbox 1625 5334 1681 5384; x_wconf 88' lang='lat' dir='ltr'>et</span> <span class='ocrx_word' id='word_1_813' title='bbox 1716 5329 1785 5404; x_wconf 77' lang='lat' dir='ltr'>in</span> <span class='ocrx_word' id='word_1_814' title='bbox 1835 5331 2066 5404; x_wconf 65' lang='lat' dir='ltr'>{egritu-</span> 
     </span>
    </p>
   </div>
   <div class='ocr_carea' id='block_1_104' title="bbox 414 5400 2063 5474">
    <p class='ocr_par' dir='ltr' id='par_1_104' title="bbox 414 5400 2063 5474">
     <span class='ocr_line' id='line_1_104' title="bbox 414 5400 2063 5474; baseline 0.004 -22"><span class='ocrx_word' id='word_1_815' title='bbox 414 5400 547 5474; x_wconf 79' lang='lat' dir='ltr'>dine</span> <span class='ocrx_word' id='word_1_816' title='bbox 579 5407 635 5457; x_wconf 89' lang='lat' dir='ltr'>et</span> <span class='ocrx_word' id='word_1_817' title='bbox 665 5403 723 5456; x_wconf 92' lang='lat' dir='ltr'>in</span> <span class='ocrx_word' id='word_1_818' title='bbox 755 5407 1010 5474; x_wconf 83' lang='lat' dir='ltr'>egestate</span> <span class='ocrx_word' id='word_1_819' title='bbox 1046 5419 1109 5457; x_wconf 91' lang='lat' dir='ltr'>ac</span> <span class='ocrx_word' id='word_1_820' title='bbox 1144 5400 1389 5473; x_wconf 80' lang='lat' dir='ltr'>penuria</span> <span class='ocrx_word' id='word_1_821' title='bbox 1418 5419 1545 5457; x_wconf 87' lang='lat' dir='ltr'>esse</span> <span class='ocrx_word' id='word_1_822' title='bbox 1606 5400 1843 5473; x_wconf 86' lang='lat' dir='ltr'>positos.</span> <span class='ocrx_word' id='word_1_823' title='bbox 1888 5400 2063 5458; x_wconf 52' lang='lat' dir='ltr'>&#39;Ilanc</span> 
     </span>
    </p>
   </div>
   <div class='ocr_carea' id='block_1_105' title="bbox 406 5471 2065 5545">
    <p class='ocr_par' dir='ltr' id='par_1_105' title="bbox 406 5471 2065 5545">
     <span class='ocr_line' id='line_1_105' title="bbox 406 5471 2065 5545; baseline 0.004 -21"><span class='ocrx_word' id='word_1_824' title='bbox 406 5471 949 5545; x_wconf 77' lang='lat' dir='ltr'>interpretationem</span> <span class='ocrx_word' id='word_1_825' title='bbox 992 5471 1297 5529; x_wconf 73' lang='lat' dir='ltr'>conﬁrmat</span> <span class='ocrx_word' id='word_1_826' title='bbox 1349 5490 1473 5545; x_wconf 66' lang='lat' dir='ltr'>quas</span> <span class='ocrx_word' id='word_1_827' title='bbox 1507 5471 1657 5527; x_wconf 72' lang='lat' dir='ltr'>intra</span> <span class='ocrx_word' id='word_1_828' title='bbox 1687 5474 1757 5529; x_wconf 91' lang='lat' dir='ltr'>de</span> <span class='ocrx_word' id='word_1_829' title='bbox 1790 5474 1894 5539; x_wconf 88' lang='lat' dir='ltr'>ira,</span> <span class='ocrx_word' id='word_1_830' title='bbox 1938 5474 2065 5530; x_wconf 88' lang='lat' dir='ltr'>libi-</span> 
     </span>
    </p>
   </div>
   <div class='ocr_carea' id='block_1_106' title="bbox 409 5543 1812 5616">
    <p class='ocr_par' dir='ltr' id='par_1_106' title="bbox 409 5543 1812 5616">
     <span class='ocr_line' id='line_1_106' title="bbox 409 5543 1812 5616; baseline 0.004 -18"><span class='ocrx_word' id='word_1_831' title='bbox 409 5543 550 5598; x_wconf 85' lang='lat' dir='ltr'>dine</span> <span class='ocrx_word' id='word_1_832' title='bbox 580 5547 754 5616; x_wconf 84' lang='lat' dir='ltr'>atque</span> <span class='ocrx_word' id='word_1_833' title='bbox 787 5544 916 5599; x_wconf 86' lang='lat' dir='ltr'>aliis</span> <span class='ocrx_word' id='word_1_834' title='bbox 944 5543 1485 5616; x_wconf 86' lang='lat' dir='ltr'>perturbationibus</span> <span class='ocrx_word' id='word_1_835' title='bbox 1516 5546 1812 5603; x_wconf 89' lang='lat' dir='ltr'>dicuntur.</span> 
     </span>
    </p>
   </div>
   <div class='ocr_carea' id='block_1_107' title="bbox 486 5612 2058 5696">
    <p class='ocr_par' dir='ltr' id='par_1_107' title="bbox 486 5612 2058 5696">
     <span class='ocr_line' id='line_1_107' title="bbox 486 5612 2058 5696; baseline 0.003 -24"><span class='ocrx_word' id='word_1_836' title='bbox 486 5616 595 5696; x_wconf 86' lang='lat'>(36)</span> <span class='ocrx_word' id='word_1_837' title='bbox 627 5612 719 5671; x_wconf 87' lang='lat' dir='ltr'>Sic</span> <span class='ocrx_word' id='word_1_838' title='bbox 749 5612 962 5671; x_wconf 70' lang='lat' dir='ltr'>omnes</span> <span class='ocrx_word' id='word_1_839' title='bbox 1003 5632 1146 5673; x_wconf 86' lang='lat' dir='ltr'>mss.</span> <span class='ocrx_word' id='word_1_840' title='bbox 1201 5633 1265 5673; x_wconf 89' lang='lat' dir='ltr'>ac</span> <span class='ocrx_word' id='word_1_841' title='bbox 1312 5620 1419 5674; x_wconf 90' lang='lat' dir='ltr'>vet.</span> <span class='ocrx_word' id='word_1_842' title='bbox 1472 5616 1610 5689; x_wconf 88' lang='lat' dir='ltr'>edit,</span> <span class='ocrx_word' id='word_1_843' title='bbox 1662 5618 1828 5675; x_wconf 82' lang='lat' dir='ltr'>Rom.</span> <span class='ocrx_word' id='word_1_844' title='bbox 1906 5634 2058 5691; x_wconf 82' lang='lat' dir='ltr'>vero,</span> 
     </span>
    </p>
   </div>
   <div class='ocr_carea' id='block_1_108' title="bbox 2176 4605 3851 4681">
    <p class='ocr_par' dir='ltr' id='par_1_108' title="bbox 2176 4605 3851 4681">
     <span class='ocr_line' id='line_1_108' title="bbox 2176 4605 3851 4681; baseline 0.002 -19"><span class='ocrx_word' id='word_1_845' title='bbox 2176 4610 2556 4679; x_wconf 87' lang='lat' dir='ltr'>putaverunt;</span> <span class='ocrx_word' id='word_1_846' title='bbox 2590 4605 2699 4662; x_wconf 90' lang='lat' dir='ltr'>hoc</span> <span class='ocrx_word' id='word_1_847' title='bbox 2730 4611 2818 4662; x_wconf 90' lang='lat' dir='ltr'>est</span> <span class='ocrx_word' id='word_1_848' title='bbox 2849 4607 3007 4662; x_wconf 88' lang='lat' dir='ltr'>enim</span> <span class='ocrx_word' id='word_1_849' title='bbox 3040 4624 3053 4664; x_wconf 92' lang='lat'>:</span> <span class='ocrx_word' id='word_1_850' title='bbox 3090 4630 3117 4658; x_wconf 85' lang='grc'>‹‹</span> <span class='ocrx_word' id='word_1_851' title='bbox 3153 4606 3410 4663; x_wconf 89' lang='lat' dir='ltr'>Pretium</span> <span class='ocrx_word' id='word_1_852' title='bbox 3444 4624 3648 4665; x_wconf 89' lang='lat' dir='ltr'>meum</span> <span class='ocrx_word' id='word_1_853' title='bbox 3680 4610 3851 4681; x_wconf 83' lang='lat' dir='ltr'>cogi-</span> 
     </span>
    </p>
   </div>
   <div class='ocr_carea' id='block_1_109' title="bbox 2177 4831 3843 4906">
    <p class='ocr_par' dir='ltr' id='par_1_109' title="bbox 2177 4831 3843 4906">
     <span class='ocr_line' id='line_1_109' title="bbox 2177 4831 3843 4906; baseline 0.004 -22"><span class='ocrx_word' id='word_1_854' title='bbox 2177 4847 2287 4906; x_wconf 71' lang='lat' dir='ltr'>non</span> <span class='ocrx_word' id='word_1_855' title='bbox 2315 4831 2457 4906; x_wconf 73' lang='lat' dir='ltr'>d2‘.z;il</span> <span class='ocrx_word' id='word_1_856' title='bbox 2474 4849 2492 4885; x_wconf 90' lang='lat'>:</span> <span class='ocrx_word' id='word_1_857' title='bbox 2534 4832 2667 4887; x_wconf 79' lang='lat' dir='ltr'>Vade</span> <span class='ocrx_word' id='word_1_858' title='bbox 2698 4840 2859 4888; x_wconf 85' lang='lat' dir='ltr'>retro.</span> <span class='ocrx_word' id='word_1_859' title='bbox 2884 4832 3006 4906; x_wconf 80' lang='lat' dir='ltr'>Sed</span> <span class='ocrx_word' id='word_1_860' title='bbox 3040 4832 3354 4888; x_wconf 91' lang='lat' dir='ltr'>discrimen</span> <span class='ocrx_word' id='word_1_861' title='bbox 3382 4833 3453 4899; x_wconf 88' lang='lat' dir='ltr'>de</span> <span class='ocrx_word' id='word_1_862' title='bbox 3475 4849 3594 4904; x_wconf 89' lang='lat' dir='ltr'>quo</span> <span class='ocrx_word' id='word_1_863' title='bbox 3619 4834 3843 4906; x_wconf 88' lang='lat' dir='ltr'>agitur,</span> 
     </span>
    </p>
   </div>
   <div class='ocr_carea' id='block_1_110' title="bbox 2177 4902 3849 4975">
    <p class='ocr_par' dir='ltr' id='par_1_110' title="bbox 2177 4902 3849 4975">
     <span class='ocr_line' id='line_1_110' title="bbox 2177 4902 3849 4975; baseline 0.004 -20"><span class='ocrx_word' id='word_1_864' title='bbox 2177 4902 2234 4956; x_wconf 91' lang='lat' dir='ltr'>in</span> <span class='ocrx_word' id='word_1_865' title='bbox 2269 4904 2527 4969; x_wconf 80' lang='lat' dir='ltr'>vocibus,</span> <span class='ocrx_word' id='word_1_866' title='bbox 2556 4907 2677 4975; x_wconf 76' lang='lat' dir='ltr'>post</span> <span class='ocrx_word' id='word_1_867' title='bbox 2708 4920 2811 4969; x_wconf 83' lang='lat' dir='ltr'>me,</span> <span class='ocrx_word' id='word_1_868' title='bbox 2847 4904 3025 4959; x_wconf 91' lang='lat' dir='ltr'>situm</span> <span class='ocrx_word' id='word_1_869' title='bbox 3056 4909 3163 4973; x_wconf 90' lang='lat' dir='ltr'>est,</span> <span class='ocrx_word' id='word_1_870' title='bbox 3199 4922 3313 4959; x_wconf 91' lang='lat' dir='ltr'>non</span> <span class='ocrx_word' id='word_1_871' title='bbox 3339 4902 3535 4960; x_wconf 81' lang='lat' dir='ltr'>autem</span> <span class='ocrx_word' id='word_1_872' title='bbox 3601 4902 3688 4960; x_wconf 53' lang='lat' dir='ltr'>in&#39;</span> <span class='ocrx_word' id='word_1_873' title='bbox 3721 4902 3849 4962; x_wconf 58' lang='lat' dir='ltr'>ver;</span> 
     </span>
    </p>
   </div>
   <div class='ocr_carea' id='block_1_111' title="bbox 2178 4974 3853 5049">
    <p class='ocr_par' dir='ltr' id='par_1_111' title="bbox 2178 4974 3853 5049">
     <span class='ocr_line' id='line_1_111' title="bbox 2178 4974 3853 5049; baseline 0.004 -22"><span class='ocrx_word' id='word_1_874' title='bbox 2178 4974 2286 5049; x_wconf 76' lang='lat' dir='ltr'>bis,</span> <span class='ocrx_word' id='word_1_875' title='bbox 2323 4976 2454 5029; x_wconf 79' lang='lat' dir='ltr'>vade</span> <span class='ocrx_word' id='word_1_876' title='bbox 2479 4977 2683 5049; x_wconf 28' lang='lat' dir='ltr'>etAoeni</span> <span class='ocrx_word' id='word_1_877' title='bbox 2717 4992 2898 5049; x_wconf 28' lang='lat' dir='ltr'>,‘cum</span> <span class='ocrx_word' id='word_1_878' title='bbox 2922 4979 3127 5049; x_wconf 6' lang='lat' dir='ltr'>eodem,</span> <span class='ocrx_word' id='word_1_879' title='bbox 3155 4977 3330 5049; x_wconf 81' lang='lat' dir='ltr'>verbo</span> <span class='ocrx_word' id='word_1_880' title='bbox 3356 4977 3665 5049; x_wconf 78' lang='lat' dir='ltr'>scriptura</span> <span class='ocrx_word' id='word_1_881' title='bbox 3690 4985 3853 5034; x_wconf 84' lang='lat' dir='ltr'>utro-</span> 
     </span>
    </p>
   </div>
   <div class='ocr_carea' id='block_1_112' title="bbox 2176 5045 3844 5117">
    <p class='ocr_par' dir='ltr' id='par_1_112' title="bbox 2176 5045 3844 5117">
     <span class='ocr_line' id='line_1_112' title="bbox 2176 5045 3844 5117; baseline 0.002 -18"><span class='ocrx_word' id='word_1_882' title='bbox 2176 5045 2352 5117; x_wconf 91' lang='lat' dir='ltr'>bique</span> <span class='ocrx_word' id='word_1_883' title='bbox 2394 5062 2500 5101; x_wconf 89' lang='lat' dir='ltr'>usa</span> <span class='ocrx_word' id='word_1_884' title='bbox 2530 5046 2724 5102; x_wconf 87' lang='lat' dir='ltr'>fuerit.</span> <span class='ocrx_word' id='word_1_885' title='bbox 2750 5047 2893 5102; x_wconf 81' lang='lat' dir='ltr'>Nam</span> <span class='ocrx_word' id='word_1_886' title='bbox 2919 5048 2988 5103; x_wconf 89' lang='lat' dir='ltr'>de</span> <span class='ocrx_word' id='word_1_887' title='bbox 3020 5048 3253 5104; x_wconf 90' lang='lat' dir='ltr'>diabolo</span> <span class='ocrx_word' id='word_1_888' title='bbox 3285 5047 3365 5103; x_wconf 86' lang='lat' dir='ltr'>ait</span> <span class='ocrx_word' id='word_1_889' title='bbox 3392 5045 3604 5104; x_wconf 73' lang='lat' dir='ltr'>Matth.</span> <span class='ocrx_word' id='word_1_890' title='bbox 3638 5066 3720 5116; x_wconf 79' lang='lat' dir='ltr'>Iv,</span> <span class='ocrx_word' id='word_1_891' title='bbox 3760 5051 3844 5105; x_wconf 82' lang='lat'>10:</span> 
     </span>
    </p>
   </div>
   <div class='ocr_carea' id='block_1_113' title="bbox 2173 5119 3837 5188">
    <p class='ocr_par' dir='ltr' id='par_1_113' title="bbox 2173 5119 3837 5188">
     <span class='ocr_line' id='line_1_113' title="bbox 2173 5119 3837 5188; baseline 0.003 -17"><span class='ocrx_word' id='word_1_892' title='bbox 2173 5129 2344 5187; x_wconf 79' lang='grc' dir='ltr'><strong>Ὕπγε,</strong></span> <span class='ocrx_word' id='word_1_893' title='bbox 2376 5119 2706 5188; x_wconf 71' lang='grc' dir='ltr'>Σαιανᾶ;(ἰθ</span> <span class='ocrx_word' id='word_1_894' title='bbox 2762 5119 2930 5174; x_wconf 90' lang='lat' dir='ltr'>Petro</span> <span class='ocrx_word' id='word_1_895' title='bbox 2990 5124 3185 5175; x_wconf 87' lang='lat' dir='ltr'>autem</span> <span class='ocrx_word' id='word_1_896' title='bbox 3262 5119 3419 5175; x_wconf 88' lang='lat' dir='ltr'>Marc</span> <span class='ocrx_word' id='word_1_897' title='bbox 3496 5136 3624 5175; x_wconf 81' lang='lat' dir='ltr'>vnn</span> <span class='ocrx_word' id='word_1_898' title='bbox 3726 5121 3837 5176; x_wconf 85' lang='lat'>33:</span> 
     </span>
    </p>
   </div>
   <div class='ocr_carea' id='block_1_114' title="bbox 2172 5188 2926 5251">
    <p class='ocr_par' dir='ltr' id='par_1_114' title="bbox 2172 5188 2926 5251">
     <span class='ocr_line' id='line_1_114' title="bbox 2172 5188 2926 5251; baseline 0.007 -17"><span class='ocrx_word' id='word_1_899' title='bbox 2172 5191 2355 5250; x_wconf 63' lang='grc' dir='ltr'>Ὕπαγε</span> <span class='ocrx_word' id='word_1_900' title='bbox 2386 5188 2538 5240; x_wconf 80' lang='grc' dir='ltr'>ὀπίσω</span> <span class='ocrx_word' id='word_1_901' title='bbox 2570 5205 2681 5251; x_wconf 81' lang='grc' dir='ltr'>μου,</span> <span class='ocrx_word' id='word_1_902' title='bbox 2714 5194 2926 5240; x_wconf 72' lang='grc' dir='ltr'>Σατανᾶ.</span> 
     </span>
    </p>
   </div>
   <div class='ocr_carea' id='block_1_115' title="bbox 2246 5259 3837 5333">
    <p class='ocr_par' dir='ltr' id='par_1_115' title="bbox 2246 5259 3837 5333">
     <span class='ocr_line' id='line_1_115' title="bbox 2246 5259 3837 5333; baseline 0.003 -21"><span class='ocrx_word' id='word_1_903' title='bbox 2246 5260 2357 5330; x_wconf 80' lang='grc' dir='ltr'>(3ῖ)</span> <span class='ocrx_word' id='word_1_904' title='bbox 2390 5260 2506 5315; x_wconf 85' lang='lat' dir='ltr'>Hoc</span> <span class='ocrx_word' id='word_1_905' title='bbox 2539 5260 2787 5333; x_wconf 83' lang='lat' dir='ltr'>atrocior</span> <span class='ocrx_word' id='word_1_906' title='bbox 2815 5259 3208 5333; x_wconf 84' lang='lat' dir='ltr'>eacalumnia</span> <span class='ocrx_word' id='word_1_907' title='bbox 3231 5261 3358 5329; x_wconf 78' lang='lat' dir='ltr'>fuit,</span> <span class='ocrx_word' id='word_1_908' title='bbox 3394 5261 3550 5333; x_wconf 86' lang='lat' dir='ltr'>quod</span> <span class='ocrx_word' id='word_1_909' title='bbox 3595 5260 3660 5317; x_wconf 89' lang='lat' dir='ltr'>in</span> <span class='ocrx_word' id='word_1_910' title='bbox 3701 5277 3837 5320; x_wconf 78' lang='lat' dir='ltr'>eon-</span> 
     </span>
    </p>
   </div>
   <div class='ocr_carea' id='block_1_116' title="bbox 2176 5329 3838 5408">
    <p class='ocr_par' dir='ltr' id='par_1_116' title="bbox 2176 5329 3838 5408">
     <span class='ocr_line' id='line_1_116' title="bbox 2176 5329 3838 5408; baseline 0.002 -25"><span class='ocrx_word' id='word_1_911' title='bbox 2176 5329 2328 5408; x_wconf 84' lang='lat' dir='ltr'>fesso</span> <span class='ocrx_word' id='word_1_912' title='bbox 2358 5335 2445 5387; x_wconf 88' lang='lat' dir='ltr'>est</span> <span class='ocrx_word' id='word_1_913' title='bbox 2474 5332 2629 5402; x_wconf 90' lang='lat' dir='ltr'>apud</span> <span class='ocrx_word' id='word_1_914' title='bbox 2661 5348 2872 5408; x_wconf 83' lang='lat' dir='ltr'>omnes</span> <span class='ocrx_word' id='word_1_915' title='bbox 2894 5332 3202 5408; x_wconf 84' lang='lat' dir='ltr'>historicos</span> <span class='ocrx_word' id='word_1_916' title='bbox 3232 5329 3581 5408; x_wconf 75' lang='lat' dir='ltr'>Gratianum</span> <span class='ocrx_word' id='word_1_917' title='bbox 3619 5334 3838 5408; x_wconf 83' lang='lat' dir='ltr'>insigni</span> 
     </span>
    </p>
   </div>
   <div class='ocr_carea' id='block_1_117' title="bbox 2174 5403 3834 5470">
    <p class='ocr_par' dir='ltr' id='par_1_117' title="bbox 2174 5403 3834 5470">
     <span class='ocr_line' id='line_1_117' title="bbox 2174 5403 3834 5470; baseline 0.003 -15"><span class='ocrx_word' id='word_1_918' title='bbox 2174 5403 2440 5458; x_wconf 89' lang='lat' dir='ltr'>castitate</span> <span class='ocrx_word' id='word_1_919' title='bbox 2473 5408 2745 5459; x_wconf 88' lang='lat' dir='ltr'>ornatum</span> <span class='ocrx_word' id='word_1_920' title='bbox 2792 5403 2993 5460; x_wconf 80' lang='lat' dir='ltr'>fuisse.</span> <span class='ocrx_word' id='word_1_921' title='bbox 3053 5406 3203 5470; x_wconf 89' lang='lat' dir='ltr'>Quin</span> <span class='ocrx_word' id='word_1_922' title='bbox 3260 5405 3377 5460; x_wconf 92' lang='lat' dir='ltr'>imo</span> <span class='ocrx_word' id='word_1_923' title='bbox 3436 5404 3603 5460; x_wconf 80' lang='lat' dir='ltr'>fuere</span> <span class='ocrx_word' id='word_1_924' title='bbox 3655 5403 3834 5462; x_wconf 67' lang='lat' dir='ltr'>etiam</span> 
     </span>
    </p>
   </div>
   <div class='ocr_carea' id='block_1_118' title="bbox 2175 5475 3835 5552">
    <p class='ocr_par' dir='ltr' id='par_1_118' title="bbox 2175 5475 3835 5552">
     <span class='ocr_line' id='line_1_118' title="bbox 2175 5475 3835 5552; baseline 0.003 -25"><span class='ocrx_word' id='word_1_925' title='bbox 2175 5475 2271 5545; x_wconf 86' lang='lat' dir='ltr'>qui</span> <span class='ocrx_word' id='word_1_926' title='bbox 2294 5475 2558 5552; x_wconf 64' lang='lat' dir='ltr'>[nimiam</span> <span class='ocrx_word' id='word_1_927' title='bbox 2573 5475 3122 5552; x_wconf 73' lang='lat' dir='ltr'>ejusverecundiam</span> <span class='ocrx_word' id='word_1_928' title='bbox 3138 5476 3835 5552; x_wconf 82' lang='lat' dir='ltr'>reprehenderent,quasi</span> 
     </span>
    </p>
   </div>
   <div class='ocr_carea' id='block_1_119' title="bbox 2172 5546 3578 5622">
    <p class='ocr_par' dir='ltr' id='par_1_119' title="bbox 2172 5546 3578 5622">
     <span class='ocr_line' id='line_1_119' title="bbox 2172 5546 3578 5622; baseline 0.002 -20"><span class='ocrx_word' id='word_1_929' title='bbox 2172 5547 2447 5619; x_wconf 87' lang='lat' dir='ltr'>gerendis</span> <span class='ocrx_word' id='word_1_930' title='bbox 2479 5546 2710 5622; x_wconf 90' lang='lat' dir='ltr'>imperii</span> <span class='ocrx_word' id='word_1_931' title='bbox 2742 5549 2917 5605; x_wconf 89' lang='lat' dir='ltr'>rebus</span> <span class='ocrx_word' id='word_1_932' title='bbox 2936 5564 3146 5621; x_wconf 88' lang='lat' dir='ltr'>parum</span> <span class='ocrx_word' id='word_1_933' title='bbox 3178 5546 3578 5606; x_wconf 77' lang='lat' dir='ltr'>commodam.</span> 
     </span>
    </p>
   </div>
  </div>
