4112 6190
323 349 480 415 1233

1431 343 1895 410 ENARRA'I‘IO
1939 344 2019 409 IN
2060 343 2440 410 PSALMUM
2483 346 2633 410 LXI.

3576 346 3749 431 issi

318 485 590 546 taverunt
617 478 926 559 repellere;
954 500 984 534 »
1031 476 1170 555 quia
1222 478 1474 555 pretium
1533 478 1646 553 (38)
1704 481 1972 537 nostrum
1998 477 2057 547 Α
2083 495 2218 538 ossa
2246 477 2643 552 crepitarent?
2691 478 2846 538 964
2904 475 3049 537 Cum
3114 476 3317 539 vinum
3373 474 3623 549 biberes,
3681 485 3739 541 et

317 572 601 650 pudicitia
627 578 738 643 est,
771 590 897 647 quae
929 587 1036 628 nos
1067 575 1344 645 separata
1372 570 1716 643 pecudibus,
1749 568 1972 642 angelis

314 665 534 739 jungit.
581 663 838 720 Pretium
886 664 1159 717 nostrum
1217 659 1620 717 misericordia
1675 663 1782 727 est,
1843 675 1969 731 quae

322 771 430 813 nos
460 755 602 811 dum
625 753 917 809 confertur
942 750 1238 823 inopibus,
1274 748 1509 805 redimit
1539 766 1573 803 a
1603 753 1811 805 morte.
1837 748 1969 803 Pre-

319 846 469 901 tium
501 847 766 899 nostrum
796 841 942 897 fides
972 844 1082 909 est,
1108 855 1235 910 quae
1261 855 1464 894 omnes
1485 836 1970 910 hominesgentili

322 949 515 992 errore
557 935 613 987 et
657 928 935 986 servitute
992 928 1301 1000 depressos
1356 926 1587 983 Christo
1642 925 1971 997 acquisivit.

327 1020 585 1078 Pretium
617 1022 886 1075 nostrum
917 1017 1073 1073 bona
1101 1016 1453 1073 existimatio
1478 1019 1586 1083 est,
1620 1015 1757 1087 quia
1771 1016 1971 1071 unius-

321 1111 608 1181 cujusque
659 1110 932 1167 nostrum
984 1105 1331 1161 meritorum
1387 1105 1565 1167 series
1621 1106 1966 1160 azstimatur.

320 1198 577 1255 Pretium
607 1201 875 1252 nostrum
907 1193 1201 1251 munditia
1231 1197 1406 1265 atque
1454 1193 1801 1264 simplicitas
1859 1196 1968 1258 est,

320 1286 461 1359 quia
488 1284 774 1357 scriptum
800 1286 922 1339 est:
961 1304 990 1333 ‹‹
1019 1282 1320 1339 Possessio
1339 1282 1594 1355 pretiosa
1613 1282 1700 1336 vir
1712 1283 1969 1338 mundus

320 1376 503 1447 (Prov.
535 1391 639 1442 ΧΠ,
671 1374 784 1445 27),
821 1394 849 1422 ››
883 1371 1028 1427 nihil
1059 1372 1217 1428 enim
1276 1371 1593 1443 pretiosius
1623 1372 1767 1437 viro,
1827 1372 1967 1428 sim-

320 1462 479 1538 plici.
505 1463 668 1519 Unde
685 1460 998 1534 Apostolus
1020 1459 1262 1533 pulchre
1289 1480 1301 1517 :
1328 1483 1357 1510 ‹‹
1380 1460 1733 1529 Abundavit,
1755 1461 1967 1532 inquit,

319 1552 382 1608 in
411 1551 628 1607 divitiis
662 1549 1060 1621 simplicitatis
1090 1566 1207 1604 suae
1240 1550 1311 1619 (II
1342 1550 1460 1604 Cor.
1495 1566 1617 1611 VIII,
1650 1550 1724 1620 2).
1758 1571 1786 1599 ››
1821 1548 1967 1613 Quid

320 1641 476 1697 enim
508 1638 883 1711 simplicitate
910 1637 1121 1693 ditius:
1158 1654 1284 1709 qua
1317 1637 1472 1694 sicut
1517 1638 1706 1694 bonus
1746 1641 1967 1709 partor-

318 1727 573 1785 familias
590 1728 733 1783 satis
757 1727 869 1782 sibi
884 1726 1166 1794 abundat,
1195 1729 1251 1782 et
1273 1743 1380 1782 sua
1400 1726 1655 1798 puritate
1678 1728 1969 1795 contenta,

321 1834 438 1883 non
470 1816 676 1888 quaerit
705 1814 985 1881 alienum,
1018 1830 1123 1870 nec
1156 1815 1407 1882 abrodit,
1440 1816 1541 1870 sed
1564 1816 1710 1870 dese
1731 1818 1968 1870 caeteros

322 1905 519 1978 fugit?
548 1904 834 1965 Innocens
865 1903 1020 1958 enim
1051 1903 1235 1958 credit
1277 1902 1437 1958 omni
1494 1903 1688 1973 verbo,
1749 1919 1855 1960 nec
1908 1919 1969 1958 se

320 1994 381 2051 in
404 1998 558 2051 artes
586 1992 777 2049 varias
808 2008 959 2064 saepe
987 1994 1329 2059 commutat,
1362 1992 1516 2047 sicut
1545 1992 1762 2048 astutia
1818 2008 1967 2062 qum,

321 2088 389 2140 ut
417 2083 494 2140 sit
523 2085 715 2149 cauta,
746 2081 914 2137 timet
971 2080 1189 2148 omnia,
1250 2097 1356 2137 nec
1401 2096 1463 2136 se
1521 2079 1784 2136 consiliis
1843 2078 1968 2136 suis

321 2172 525 2241 credit,
579 2174 774 2228 versat
822 2186 962 2226 suas
1016 2169 1148 2242 ipsa
1204 2169 1548 2226 sententias.
1610 2168 1968 2241 Simplicitas

321 2265 515 2318 autem
545 2260 753 2316 timere
781 2258 865 2314 nil
896 2258 1072 2315 novit.
1105 2258 1223 2314 Hoc
1252 2257 1433 2331 igitur
1471 2274 1681 2331 genere
1712 2260 1968 2331 pretium

313 2350 465 2421 justi
496 2348 773 2421 repellere
830 2350 1237 2415 tentaverunt;
1298 2347 1406 2403 etsi
1464 2347 1651 2419 possit
1707 2352 1764 2404 et
1822 2348 1968 2405 illud

321 2436 593 2509 intelligi,
650 2436 789 2508 quia
833 2452 1043 2494 aurum
1093 2436 1221 2506 ejus
1278 2434 1552 2491 manibus
1583 2437 1966 2508 accipiebant,

321 2527 496 2584 corde
526 2525 735 2581 intimo
756 2522 1134 2595 repellebant,
1167 2524 1424 2596 prmdam
1456 2528 1740 2591 tenentes,
1791 2526 1967 2582 fidem

321 2618 622 2688 negantes.

348 2762 351 2767 ,
392 2704 480 2759 22.
515 2703 677 2759 Unde
707 2705 764 2758 et
792 2702 911 2758 ait:
945 2721 967 2750 α
1001 2702 1246 2757 Cucurri
1304 2701 1362 2757 in
1420 2701 1515 2757 siti
1551 2720 1564 2771 ;
1604 2724 1625 2752 ι
1680 2718 1746 2758 eo
1812 2704 1967 2775 quod

321 2793 497 2848 fidem
531 2793 833 2863 quaereret,
866 2794 925 2845 et
954 2789 1211 2845 invenire
1240 2807 1355 2846 non
1383 2794 1601 2861 posset,
1651 2791 1968 2848 destitutus

322 2898 357 2938 a
384 2878 580 2949 sociis,
611 2896 645 2934 a
674 2879 927 2951 propriis
953 2878 1286 2934 derelictus.
1319 2879 1411 2934 Sic
1428 2879 1742 2935 Dominum
1765 2880 1967 2936 Jesum

321 2969 574 3043 legimus
604 2967 664 3023 in
694 2965 1005 3039 Evangelia
1036 2971 1093 3022 et
1118 2968 1394 3037 esurisse,
1427 2972 1484 3022 et
1513 2968 1709 3023 sitisse
1758 2970 1966 3040 (Matth.

324 3076 401 3115 Iv.
460 3061 515 3123 2,
576 3060 633 3112 et
687 3058 845 3111 Joan.
903 3072 1021 3122 x1x,
1179 3058 1239 3122 );
1301 3071 1434 3111 cum
1484 3056 1735 3111 esuriret
1791 3058 1966 3113 ﬁdem

2080 570 2460 643 parricidium
2492 571 2798 643 cogitares,
2833 567 3120 643 quodillis
3138 567 3367 643 poculis
3383 569 3732 644 sanguinem

2077 658 2181 715 tibi
2215 658 2540 715 innocentis
2571 660 2911 716 infunderes
2940 660 3069 715 ?Ita
3097 676 3340 733 prorsus
3363 658 3591 716 alienus
3616 677 3733 717 non

2080 748 2272 804 solum
2306 749 2377 804 ab
2410 749 2757 818 imitatione,
2788 750 2886 805 sed
2916 749 3095 805 etiam
3126 767 3160 804 a
3188 748 3437 805 lectione
3492 749 3726 821 divina;

2077 842 2143 893 ut
2170 855 2287 894 non
2316 838 2422 893 tibi
2454 838 2674 894 veniret
2703 839 2762 894 in
2795 842 3050 894 mentem
3079 838 3405 895 versiculus
3434 837 3532 895 ille
3575 839 3732 912 psal-

2079 943 2309 983 morum
2337 946 2350 994 ;
2391 951 2411 979 ι
2446 928 2532 984 Tu
2561 945 2696 985 vero
2728 929 2902 984 homo
2927 927 3247 994 unanimis,
3276 928 3396 985 dux
3454 945 3620 985 meus
3673 932 3732 985 et

2078 1020 2252 1073 notus
2283 1032 2470 1085 meus,
2506 1018 2609 1090 qui
2668 1017 2845 1073 simul
2904 1034 3134 1073 mecum
3192 1017 3393 1073 dulces
3458 1016 3729 1089 capiebas

2079 1104 2238 1161 cibos
2269 1105 2438 1177 (Psal.
2473 1123 2584 1173 LIV,
2619 1106 2688 1161 44
2717 1110 2773 1160 et
2806 1107 2912 1178 15).
2946 1128 2972 1156 η
3002 1108 3190 1177 Atque
3222 1105 3316 1162 ille
3346 1104 3519 1174 alius,
3559 1107 3730 1178 cujus

2079 1193 2351 1251 meminit
2382 1196 2440 1250 in
2472 1194 2777 1267 Evangelia
2808 1195 2933 1268 ipse
2963 1196 3250 1251 Dominus
3278 1195 3451 1252 Jesus
3485 1213 3497 1250 :
3563 1217 3591 1247 ι(
3621 1194 3729 1261 Qui

2077 1282 2285 1339 edebat
2316 1300 2545 1341 mecum
2572 1301 2806 1357 panem,
2828 1284 3043 1340 levabit
3065 1302 3241 1357 super
3270 1301 3364 1340 me
3390 1283 3728 1342 calcaneum

2079 1372 2255 1442 (Joan.
2289 1390 2417 1441 xm,
2443 1374 2549 1443 18).
2584 1395 2611 1423 »

2147 1462 2236 1516 24.
2270 1485 2299 1510 ‹‹
2334 1463 2481 1527 Quid
2506 1462 2610 1517 tibi
2630 1462 3141 1535 faciam,Ephraem
3171 1463 3344 1536 ;quid
3367 1463 3473 1518 tibi
3493 1462 3725 1519 faciam.

2076 1547 2107 1602 J
2116 1549 2229 1603 uda
2261 1550 2413 1618 (Osee
2442 1569 2518 1615 v1,
2554 1553 2609 1620 4)
2642 1572 2670 1600 ››
2704 1551 2902 1607 Plures
2956 1551 3252 1624 reliquisti
3310 1551 3480 1607 nobis
3536 1552 3732 1623 prodi-

2079 1637 2257 1693 tionis
2288 1643 2400 1694 tuae
2432 1643 2490 1694 et
2519 1640 2743 1696 fraudis
2774 1640 3031 1696 haeredes
3057 1659 3070 1709 ;
3104 1641 3225 1697 haec
3256 1640 3411 1696 enim
3442 1640 3618 1696 etiam
3658 1642 3733 1696 ad

2078 1727 2435 1797 proditorem
2482 1729 2699 1787 Judam
2759 1733 2950 1801 potest
3007 1744 3110 1800 per
3167 1729 3558 1801 apostrophen
3619 1729 3729 1802 (40)

2077 1813 2344 1893 derivari.
2377 1816 2691 1874 Prodidisti
2723 1817 2922 1886 vitam,
2960 1833 3230 1889 regnum,
3263 1816 3728 1873 Dominum.Sed

2079 1908 2252 1963 Jesus
2284 1905 2569 1961 Dominus
2594 1906 2774 1961 semel
2805 1906 2864 1960 in
2898 1923 2980 1971 se,
3015 1906 3351 1978 frequenter
3378 1906 3440 1961 in
3479 1905 3728 1964 servulis

2078 1996 2201 2050 suis
2232 1994 2517 2066 proditur.
2558 2016 2578 2043 α
2613 1994 2775 2059 Quod
2806 1995 2961 2049 enim
2997 1994 3321 2049 unihorum
3346 1994 3726 2050 minimorum

2075 2083 2315 2152 fecistis,
2349 2082 2516 2150 mihi,
2572 2082 2781 2154 inquit,
2842 2082 3060 2139 fecistis
3120 2082 3334 2152 (Matth.
3384 2100 3516 2151 xxv,
3550 2084 3659 2155 40).
3699 2105 3753 2162 ››,

2077 2174 2163 2229 Tu
2192 2171 2542 2228 commissos
2573 2172 2678 2227 tibi
2713 2171 2935 2228 loculos
2967 2174 3025 2227 et
3066 2171 3344 2244 pecunias
3402 2188 3726 2244 pauperum

2077 2260 2409 2333 suscepisti,
2434 2261 2544 2317 iste
2574 2261 2901 2332 provincias
2949 2260 3061 2317 sibi
3107 2260 3378 2319 creditas.
3438 2261 3523 2316 Tu
3583 2277 3727 2333 apo-

2078 2348 2213 2406 stoli
2241 2349 2546 2417 honorem,
2575 2348 2672 2404 ille
2702 2348 2925 2404 militiae
2957 2349 3326 2422 dignitatem,
3360 2348 3729 2405 administra-

2076 2437 2253 2494 tionis
2281 2437 2519 2493 infulas.
2569 2437 2822 2493 Numero
2878 2437 3128 2494 honores
3178 2439 3327 2509 ejus,
3386 2442 3452 2493 ut
3506 2438 3728 2496 crimen

2077 2542 2438 2599 exaggerem.
2472 2526 2728 2581 Convivii
2760 2525 3022 2583 violastis
3053 2531 3295 2598 uterque
3324 2527 3686 2584 consortium
3711 2545 3725 2584 :

2076 2620 2140 2670 tu
2172 2619 2367 2671 tamen
2396 2616 2467 2670 de
2500 2615 2756 2671 convivio
2815 2616 2887 2671 ad
2947 2616 3335 2688 proditionem
3400 2616 3727 2683 surrexisti,

2076 2703 2188 2761 iste
2247 2705 2318 2759 ad
2378 2720 2621 2773 necem;
2683 2704 2792 2760 hoc
2837 2708 2944 2773 est,
3003 2708 3087 2774 tu,
3147 2703 3285 2761 licet
3350 2704 3411 2760 in
3487 2704 3724 2775 scelere,

2074 2793 2474 2862 verecundior,
2508 2793 2607 2865 qui
2640 2794 2866 2866 negasti
2898 2794 3057 2866 quod
3108 2793 3473 2849 inferendam
3525 2810 3725 2850 necem

2078 2881 2394 2938 credideris
2424 2882 2671 2938 Domino
2702 2899 2877 2955 quem
2928 2883 3239 2955 prodebas,
3302 2883 3401 2954 qui
3470 2882 3724 2955 pretium

2076 2970 2379 3039 refudisti;
2414 2988 2485 3026 ne
2515 2972 2768 3027 residere
2814 2972 2967 3043 apud
3030 2975 3085 3027 te
3144 2988 3367 3027 merces
3425 2971 3726 3043 parricidii

2072 3060 2387 3115 videretur.
2423 3061 2537 3116 Iste
2570 3076 2686 3115 non
2718 3059 2911 3116 solum
2942 3058 3133 3116 tenuit
3163 3065 3484 3132 acceptam,
3516 3076 3720 3117 verum

321 3151 606 3213 nostram,
639 3143 827 3201 sitiret
867 3159 1042 3214 opera
1099 3147 1318 3212 nostra,
1372 3159 1625 3213 quaerere
1676 3145 1968 3202 videretur
2014 3219 2036 3221 Η
2074 3147 2252 3203 etiam
2284 3148 2531 3204 extorsit
2559 3165 2675 3202 non
2708 3148 2964 3204 oblatam
2998 3149 3327 3205 mercedem
3348 3149 3718 3221 proditionis.

321 3235 530 3293 aliena.
562 3237 680 3288 Aut
710 3236 775 3288 ut
804 3231 875 3288 ad
907 3231 1067 3286 sitim
1103 3231 1358 3301 corporis
1387 3232 1966 3305 referamus,quanta
1996 3219 2038 3286 (Σ
2075 3236 2190 3293 Iste
2220 3253 2335 3292 non
2368 3235 2559 3292 solum
2591 3237 2867 3308 deceptus
2900 3255 3015 3294 non
3046 3240 3135 3293 est
3168 3219 3368 3292 alieno
3414 3237 3718 3295 mendacio

322 3323 671 3397 indignitate
696 3320 838 3376 dicit
888 3335 956 3375 ζα
1014 3318 1256 3374 Cucurri
1307 3319 1366 3373 in
1425 3318 1624 3375 siti?»
1684 3320 1794 3375 hoc
1856 3327 1962 3389 est,

319 3414 437 3486 Ego
478 3410 771 3474 sitiebam,
805 3424 939 3463 cum
971 3406 1069 3462 alii
1102 3423 1233 3463 mea
1259 3407 1393 3463 vina
1422 3411 1758 3477 ructarent;
1791 3413 1848 3464 et
1899 3426 1968 3465 ex

319 3502 418 3559 illo
463 3502 746 3572 suggestu
764 3496 1299 3569 sublimisimperii,
1331 3496 1742 3570 opulentiaque
1763 3498 1965 3571 regali,

321 3591 395 3646 ad
425 3593 684 3645 extrema
713 3585 845 3643 sitis
875 3583 1100 3657 plebeia
1137 3586 1391 3657 quadam
1433 3585 1652 3643 vilitate
1681 3587 1969 3644 deductus

321 3695 474 3737 sum.

390 3769 479 3824 23.
509 3767 578 3822 Et
607 3765 748 3837 quia
776 3765 1010 3822 Graecus
1041 3765 1220 3821 habet
1250 3773 1479 3838 ἔδραμον,
1560 3764 1711 3837 q‘uod
1789 3764 1970 3838 signi-

322 3860 456 3916 ficat
483 3860 541 3913 et
570 3854 803 3912 cucurri
834 3852 1227 3927 singulariter,
1273 3859 1330 3911 et
1351 3859 1732 3911 cucurrerunt
1777 3855 1971 3927 plura-

322 3948 472 4014 liter,
507 3948 699 4019 potest
728 3949 787 4000 et
818 3943 902 4001 sic
932 3943 1221 4017 intelligi:
1282 3944 1681 4000 Cucurrerunt
1735 3944 1794 4000 in
1852 3944 1972 4013 siti,

324 4051 575 4110 quorum
609 4035 809 4090 fauces
837 4037 983 4089 aestu
1002 4032 1183 4089 nimio
1215 4032 1498 4089 fundendi
1530 4033 1642 4089 mei
1670 4033 1976 4106 sanguinis

325 4125 624 4183 aruerunt.
658 4121 826 4177 Sicut
852 4121 1007 4176 enim
1041 4126 1131 4177 est
1160 4121 1289 4178 sitis
1321 4120 1477 4192 fidei,
1512 4121 1593 4177 ita
1621 4127 1676 4177 et
1699 4122 1973 4193 perﬁdiae.

323 4214 499 4273 Sitim
530 4210 693 4268 illam
716 4211 923 4281 justus
954 4207 1099 4275 sitit,
1147 4210 1248 4280 qui
1306 4210 1387 4264 ait
1419 4226 1431 4263 ε
1468 4232 1494 4258 ‹‹
1538 4209 1730 4267 Sitivit
1782 4211 1977 4267 anima

329 4319 461 4360 mea
489 4301 562 4361 ad
593 4303 667 4358 te.
695 4299 850 4355 Deus
881 4297 1058 4367 (Psal.
1083 4314 1195 4364 xm,
1227 4298 1302 4368 3).
1340 4320 1367 4345 ››
1388 4297 1563 4352 Istam
1588 4299 1819 4369 perfidi,
1841 4317 1979 4371 quo-

330 4407 461 4448 rum
491 4389 695 4462 lingua
721 4404 836 4459 prae
866 4386 964 4441 siti
1010 4385 1185 4442 aruit.
1246 4388 1432 4451 Quam
1490 4386 1672 4442 sitivit
1726 4385 1824 4442 ille
1877 4389 1978 4460 qui

328 4482 482 4537 inter
511 4476 756 4535 convivii
784 4476 964 4548 dapes
1007 4478 1065 4531 et
1112 4473 1323 4547 pocula
1379 4474 1755 4542 constitutus,
1814 4477 1979 4535 inno-

2077 3325 2178 3380 sed
2210 3324 2410 3379 fefellit
2439 3340 2568 3388 suo,
2600 3328 2658 3380 et
2715 3324 2922 3381 fefellit
2972 3329 3039 3380 ut
3094 3326 3402 3382 occideret.
3460 3328 3531 3382 Et
3586 3343 3721 3382 cum

2077 3410 2176 3467 ille
2207 3412 2536 3467 convivium
2569 3417 2883 3481 recusaret,
2917 3413 3018 3485 qui
3053 3431 3115 3470 se
3166 3415 3387 3472 videret
3441 3431 3569 3471 esse
3627 3431 3726 3487 pe-

2079 3499 2436 3564 rimendum,
2496 3498 2608 3553 iste
2666 3504 3100 3557 sacramentum
3162 3502 3413 3572 obtulit;
3458 3520 3531 3560 ne
3612 3519 3730 3575 qua

2081 3588 2297 3662 periret
2326 3586 2439 3643 sibi
2472 3588 2812 3644 cumulandi
2844 3606 2980 3661 pars
3009 3591 3294 3647 criminis.
3319 3596 3621 3649 Postremo
3637 3610 3734 3651 su-

2079 3676 2324 3751 perioris
2356 3674 2667 3747 proditoris
2698 3678 2951 3749 pecunia
2981 3679 3225 3749 profecit
3253 3680 3326 3734 ad
3367 3679 3732 3752 sepulturam

2081 3765 2559 3840 peregrinorum:
2596 3765 2706 3821 iste
2740 3766 3107 3838 sepulturam
3133 3766 3422 3839 integram
3452 3784 3560 3824 suo
3580 3767 3736 3840 prin-

2081 3854 2195 3927 cipi
2237 3852 2559 3927 denegavit.

2152 3946 2243 3999 25.
2276 3944 2390 3999 Nec
2423 3942 2611 3997 defuit
2647 3941 2746 4014 qui
2785 3958 2995 3999 manus
3022 3943 3259 4015 levaret,
3294 3942 3530 4000 dicens:
3588 3964 3609 3993 ι
3644 3943 3737 3999 In-

2087 4049 2306 4089 nocens
2336 4049 2469 4087 sum
2501 4049 2534 4087 a
2565 4030 2852 4103 sanguine
2882 4032 3025 4103 justi
3084 4033 3266 4105 hujus
3321 4032 3530 4102 (Matth.
3561 4049 3739 4103 xxvu,

2084 4123 2196 4192 24),
2235 4144 2255 4169 ι»
2290 4120 2351 4175 in
2386 4136 2502 4192 quo
2537 4136 2600 4175 se
2632 4119 2855 4176 Pilatus
2886 4137 3000 4176 non
3034 4120 3229 4190 diluit,
3256 4120 3357 4177 sed
3388 4119 3738 4192 inquinavit,

2087 4214 2144 4266 et
2174 4208 2515 4282 implicavit,
2551 4226 2666 4264 non
2699 4209 2878 4265 exuit.
2910 4209 3056 4265 Nam
3079 4210 3189 4267 etsi
3221 4208 3452 4265 nullum
3509 4208 3740 4282 pondus

2088 4300 2147 4355 in
2179 4298 2540 4371 perditorum
2568 4297 2832 4368 judiciis,
2870 4302 3066 4355 tamen
3097 4298 3398 4355 vinculum
3430 4299 3624 4370 majus
3680 4298 3741 4353 in

2090 4385 2579 4444 confessionibus.
2612 4386 2814 4441 Justos
2865 4387 3024 4442 enim
3082 4405 3197 4444 non
3255 4386 3445 4444 aliena
3498 4385 3746 4443 absolvit

2091 4475 2399 4544 sententia,
2434 4474 2535 4529 sed
2568 4489 2676 4529 sua
2705 4474 2858 4543 vita;
2893 4475 3102 4546 injusti
3129 4494 3191 4533 se
3250 4476 3412 4548 ipsos
3440 4476 3749 4533 vehemen-

332 4567 517 4625 centis
561 4565 812 4622 convivae
870 4579 1072 4620 necem
1124 4561 1479 4619 moliebatur
1532 4564 1786 4636 Augusti
1815 4566 1980 4637 (39)?
2015 4588 2058 4652 ι)
2090 4566 2208 4622 tius
2240 4563 2363 4620 suis
2386 4563 2622 4618 vocibus
2655 4561 2922 4652 alligant,
2976 4565 3079 4636 qui
3137 4564 3282 4622 alios
3338 4564 3573 4637 alligare
3631 4579 3748 4652 non

331 4655 535 4712 Nonne
582 4653 689 4709 tibi
745 4653 1074 4720 videbatur,
1135 4652 1334 4725 impie,
1386 4669 1519 4708 cum
1577 4654 1984 4726 manducares,

339 4743 554 4801 eadem
586 4757 843 4828 parares,
878 4741 1033 4815 quod
1064 4740 1325 4798 humana
1372 4742 1482 4797 sub
1542 4742 1817 4798 dentibus
1872 4744 1991 4800 tuis

407 4886 522 4966 (38)
578 4887 847 4966 Pretium,
924 4884 1019 4939 hic
1076 4883 1421 4966 dignitatem
1481 4889 1656 4957 atque
1712 4885 1990 4966 honorem

337 4956 555 5031 signat,
607 4973 755 5031 nam_
779 4956 869 5031 _ip_
909 4956 1293 5027 sequentibus
1325 4956 1499 5012 etiam
1553 4956 1655 5029 pro
1731 4960 1993 5014 mercede

336 5028 641 5101 accipitur.
732 5028 893 5092 LXX,
953 5035 1086 5095 πλὴν
1134 5039 1226 5096 τὴν
1273 5037 1420 5098 τιμήν
1478 5028 1570 5099 μού
1632 5035 1995 5089 ἐϐουλεύσαντα

336 5108 637 5159 ἀπώσασθαι.

415 5174 528 5243 (39)
550 5172 681 5227 Haec
702 5170 863 5226 necis
878 5169 1145 5243 Gratiani
1160 5169 1529 5243 imperatoris
1552 5171 1829 5242 adjuncta
1842 5173 1995 5243 apud

343 5241 578 5315 nullum
611 5242 794 5299 alium
823 5258 895 5315 ex
923 5241 1183 5315 antiquis
1215 5241 1465 5313 reperire
1494 5247 1602 5312 est,
1626 5241 1815 5315 quam
1842 5241 1995 5315 apud

342 5314 507 5370 hunc
538 5319 832 5371 nostrum.
865 5312 1109 5370 Orosius
1145 5317 1375 5369 tantum
1437 5312 1723 5370 memorat
1780 5312 1995 5384 ipsum,

343 5386 487 5441 dum
521 5384 583 5439 in
613 5384 840 5442 Italiam
871 5386 1120 5441 transire
1152 5385 1554 5451 meditaretur,
1586 5384 1737 5441 dolis
1759 5386 2003 5441 circum-

345 5459 588 5513 ventum
650 5474 685 5512 a
744 5455 995 5512 Maximo
1049 5462 1295 5513 tvranno
1363 5457 1733 5512 interfectum
1794 5458 1996 5513 fuisse.

340 5529 636 5586 Socrates.
673 5527 1054 5595 Sozomenus,

1134 5528 1305 5584 aulus
1339 5528 1493 5583 Diac.
1523 5532 1579 5584 et
1613 5528 1711 5583 alii
1743 5530 2005 5585 referunt

342 5597 819 5673 Andragathium
851 5616 1026 5672 quem
1056 5600 1127 5655 ad
1150 5599 1316 5655 illum
1334 5601 1807 5673 persequendum
1834 5602 2004 5656 mise-

344 5676 439 5729 rat
468 5670 780 5745 tyrannus,
840 5670 1136 5730 rumorem
1196 5670 1484 5744 sparsisse
1522 5670 1664 5744 iquo
1740 5672 2002 5745 ejusdem

2100 4656 2370 4727 possunt.
2402 4653 2622 4708 Tamen
2655 4669 2726 4707 ne
2746 4651 2886 4708 huic
2919 4669 3157 4727 quoque
3205 4656 3407 4711 deesse
3462 4650 3748 4729 confessio

2102 4741 2337 4814 prOpria
2365 4741 2679 4809 videretur,
2706 4742 2926 4813 juravit
2957 4747 3022 4799 ut
3051 4745 3356 4816 pejeraret.
3411 4738 3573 4796 Lavit
3626 4753 3751 4793 ma-

2104 4886 2316 4956 conjux
2343 4884 2662 4962 adventare
2703 4886 2773 4940 ad
2822 4902 2967 4962 eum
3030 4886 3353 4962 diceretur;
3409 4879 3753 4962 Gratianum

2105 4953 2301 5032 autem
2335 4957 2493 5013 fama
2523 4957 2864 5032 h‘ujusmodi
2896 4958 3203 5032 deceptum
3236 4954 3315 5032 ad
3337 4953 3755 5032 lecticamlﬁuti

2105 5029 2372 5102 putabat,
2406 5021 2668 5102 uxoriam
2696 5021 3237 5102 accessissefatquc
3268 5026 3339 5102 ab
3359 5021 3755 5102 Andgagathio

2106 5094 2173 5158 ex
2204 5100 2409 5156 eadem
2441 5099 2741 5176 exsiliente
2771 5099 2951 5176 fuisse
2976 5094 3421 5176 interemptum.
3456 5094 3754 5176 ,ﬁpz‘eme-

2108 5190 2221 5248 nus
2254 5177 2449 5248 tamen
2479 5170 2643 5248 facile
2674 5186 2805 5224 cum
2834 5169 3187 5248 AAmhrosio‘
3220 5164 3755 5248 potesticqunili‘acit

2107 5247 2160 5301 Is
2192 5244 2350 5299 enim
2375 5261 2484 5299 non
2508 5242 2726 5306 statim,
2752 5240 3021 5296 sedhaud
3044 5237 3756 5316 multdpostfmicidgkw}!

2109 5316 2315 5372 scribit
2363 5333 2375 5370 :
2404 5324 2493 5371 Καὶ
2522 5319 2831 5385 σολλτάρθεὶς,
2865 5318 2956 5368 οὐκ
2983 5306 3530 5385 εἰςιμαιρᾲᾶξεάνῃράθῃι.

2110 5387 2249 5460 quid
2295 5385 2391 5452 sit,
2447 5383 2759 5460 A_mbrosio
2818 5383 3584 5460 tanquamvutestirtantum

2111 5454 2343 5516 oculato
2375 5454 2730 5510 credendum
2761 5458 2901 5513 est»
2944 5454 2962 5506 i
3022 5474 3213 5513 ww;
3249 5492 3254 5507 ι
3294 5463 3368 5509 id;
3407 5464 3486 5525 pf:
3524 5462 3757 5511 neu-muri

2185 5530 2199 5599 (
2210 5529 2296 5599 40)
2328 5526 2675 5598 Apostrophe,
2704 5526 2907 5599 Latine
2924 5525 3174 5599 ρᾼυθπςξιό.
3194 5525 3421 5599 ;ﬁg'una.
3438 5535 3445 5582 ἕ
3466 5534 3604 5599 φιλέῃ
3622 5532 3762 5599 ιβιωέ

2114 5592 2410 5673 nionem-ti
2460 5614 2520 5652 re
2549 5592 2856 5670 proposita
2886 5596 2974 5655 and
3016 5592 3457 5673 [all/0t}me
3484 5592 3765 5665 inlinunt!)

2115 5670 2554 5745 convertimus;
2622 5696 2741 5745 4.3;:
2801 5686 2969 5729 ιΗι’.Ῐ⁴)
3005 5670 3126 5728 1:":11
3158 5698 3197 5727 μί
3238 5696 3247 5731 ;
3283 5678 3444 5728 ιξὶψιι·
3479 5674 3755 5727 authlulfl
