4112 6190
376 360 547 439 1235'

1836 374 1899 433 S.
1946 368 2317 435 AMBROSII

3638 375 3800 437 1236

369 527 505 581 nus,
531 524 665 567 eum
695 507 1072 584 Evangelium
1097 515 1362 585 tangeret
1394 529 1406 569 :
1467 528 1538 567 ne
1594 512 1734 585 quid
1787 512 2017 568 deesset
2044 502 2101 572 Α
2131 508 2549 584 perseveravit:
2584 476 2700 565 ηὸτι
2719 504 3031 564 immutata
3059 520 3164 581 per
3218 506 3656 581 susceptionem
3680 504 3829 565 cor“

374 599 637 673 exemplo
672 600 804 673 (41).
839 602 999 657 Lavit
1056 620 1209 676 aqua
1266 620 1496 663 manus.
1560 608 1622 657 ut
1681 602 2021 658 sceleratius

373 690 709 763 inquinaret
740 690 1067 747 innocentis
1098 693 1399 766 sanguine.
1433 694 1547 747 Nec
1592 694 1846 748 Herodes
1913 693 2026 763 (’12)

375 780 581 847 defuit,
614 779 706 834 cui
739 780 884 835 alter
913 780 1133 836 Pilatus
1167 798 1229 836 se
1261 782 1612 852 placiturum
1646 781 1915 851 credidit,
1977 782 2024 835 si

379 873 616 941 captum
649 869 972 941 principem
1004 870 1374 926 destinasset.
1409 872 1552 938 Quid
1585 870 1731 925 illud
1791 887 2025 941 quoque

383 958 597 1025 dicam,
631 959 785 1030 quod
819 960 869 1015 is
901 976 1132 1031 quoque
1162 965 1380 1015 vestem
1425 960 1752 1015 dealbatam
1786 959 2027 1013 indutus

383 1051 474 1104 est
519 1047 589 1103 ad
644 1047 1050 1116 illudendum;
1110 1052 1311 1119 postea
1367 1048 1819 1121 quoque'regia
1870 1052 2029 1103 veste

384 1137 638 1193 donatus
668 1140 757 1191 est
782 1137 850 1191 ad
873 1137 1261 1202 moriendum,
1296 1154 1366 1191 ne
1423 1136 1692 1191 amisisse
1748 1136 2030 1191 honorem

387 1225 814 1282 debitum965
838 1225 1335 1280 videretur?Nam
1375 1226 1481 1280 etsi
1529 1224 1745 1280 scelere
1790 1223 2027 1290 interiit,

380 1314 480 1385 jus
511 1319 706 1370 tamen
734 1314 953 1370 collatae
975 1314 1086 1371 sibi
1147 1313 1451 1387 potestatis
1507 1315 1685 1369 etiam
1765 1317 2033 1369 mortuus

387 1404 737 1474 reservabat,
769 1419 972 1458 eorum
1021 1404 1283 1474 ipsorum
1344 1420 1376 1457 a
1416 1402 1630 1475 quibus
1688 1402 2030 1474 negabatur,

384 1491 472 1547 vel
505 1492 851 1555 ministerio,
884 1491 973 1546 vel
1004 1508 1272 1547 assensu.

455 1582 546 1636 26.
569 1581 910 1637 Addebatur
937 1580 1075 1636 huic
1105 1585 1263 1636 tanto
1298 1580 1497 1637 sceleri
1533 1596 1747 1652 pompa
1798 1577 2030 1646 feralis;

387 1669 500 1724 nisi
535 1670 584 1724 is
616 1669 713 1740 qui
750 1670 1120 1741 impatienter
1150 1670 1261 1724 ista
1291 1670 1559 1736 deflebat,
1602 1667 1851 1739 cognitis
1907 1683 2034 1737 qua:

388 1758 767 1828 parabantur,
789 1758 952 1827 justo
984 1761 1314 1810 commotus
1337 1756 1531 1811 dolore
1564 1755 1920 1826 increpasset
1949 1754 2032 1807 vi-

390 1848 608 1900 ctorem
628 1845 970 1915 superbum,
1005 1846 1270 1916 tyrannis
1300 1844 1419 1909 illa,
1476 1863 1589 1899 non
1650 1845 1884 1915 regibus
1946 1844 2031 1897 iu-
2061 1872 2111 1937 B

390 1932 525 1988 ferri
558 1932 761 1988 solere.
797 1934 889 1988 Sic
920 1933 1159 1988 horrore
1188 1932 1391 2004 flagitii
1423 1935 1533 2003 (43)
1568 1932 1805 1988 territus
1862 1934 2035 2003 depo-

391 2022 511 2077 suit
570 2021 849 2076 teterrimi
911 2021 1146 2077 sceleris
1200 2026 1566 2093 apparatum.
1626 2022 1741 2076 Nec
1827 2021 2040 2093 petitor

389 2110 571 2183 igitur
595 2110 906 2182 sepulturae
939 2111 1144 2176 defuit,
1179 2111 1285 2166 elsi
1317 2111 1536 2181 Joseph
1566 2110 1661 2166 ille
1694 2111 1794 2181 qui
1835 2111 2038 2180 justus

391 2199 713 2265 dicebatur,
747 2200 951 2254 defuit.
986 2199 1095 2253 Sed
1126 2198 1295 2271 longe
1326 2199 1616 2254 Maximus
1648 2198 1852 2255 saevior
1871 2200 2040 2255 dene-

390 2288 585 2360 gabat,
619 2288 774 2358 quod
818 2288 943 2357 ipse
997 2286 1218 2342 Pilatus
1250 2289 1477 2343 auferre
1532 2304 1646 2343 non
1706 2289 1912 2359 potuit.
1974 2288 2037 2343 In

389 2392 506 2447 quo
536 2374 837 2447 parricida“:
867 2375 1206 2430 humanitas
1262 2376 1465 2443 defuit,
1504 2376 1796 2432 innocenti
1842 2381 2039 2431 tamen

391 2481 508 2519 non
534 2463 718 2520 defuit
746 2464 933 2536 gratia
966 2468 1057 2519 :et
1087 2465 1157 2519 ad
1192 2469 1425 2538 tempus
1457 2470 1764 2538 assumpta
1812 2465 2039 2538 patien-

388 2553 493 2618 tia,
523 2552 781 2608 vindicta
811 2554 921 2623 (44)
955 2552 1260 2625 paululum
1288 2555 1801 2627 comperendinata
1845 2560 1953 2610 est.

460 2645 550 2699 27.
587 2643 772 2713 (Vers.
805 2644 860 2709 6,
893 2644 971 2711 7,)
1004 2642 1252 2714 Ideoque
1283 2642 1363 2698 ait
1390 2661 1401 2697 :
1435 2668 1459 2693 ι‹
1492 2644 1905 2700 Verumtamen
1921 2644 2036 2700 Deo

393 2732 657 2802 subjecta
676 2736 764 2787 est
794 2731 991 2786 anima
1024 2746 1181 2798 mea;
1216 2732 1495 2801 quoniam
1528 2733 1600 2787 ab
1634 2732 1759 2803 ipso
1793 2738 1880 2787 est
1936 2750 2037 2804 pa-

390 2820 573 2877 tentia
605 2836 753 2875 mca.
787 2819 933 2883 Quia
964 2820 1088 2892 ipse
1118 2823 1206 2875 est
1237 2821 1389 2876 Deus
1423 2838 1610 2889 meus,
1654 2826 1711 2876 et
1758 2821 2037 2878 salutaris

393 2925 581 2977 meus,
614 2912 917 2979 susceptor
949 2925 1138 2976 meus,
1174 2926 1287 2964 non
1336 2909 1655 2981 emigrabo.
1694 2934 1721 2959 ››
1754 2910 1866 2966 lloc
1925 2915 2032 2978 est,

393 2997 679 3070 numquid
716 2996 1018 3069 sepultura
1046 2998 1305 3069 corporis
1337 3002 1547 3070 negata
1562 3004 1851 3071 perpetuze
1874 3001 2036 3071 quie-

392 3086 469 3141 tis
503 3086 870 3141 mansionem
904 3086 1045 3142 mihi
1080 3086 1324 3143 abstulit
1351 3088 1379 3142 ?
1411 3088 1604 3143 Habeo
1635 3087 2035 3143 habitaculum

396 3189 593 3228 meum
624 3174 685 3228 in
717 3173 946 3229 Domini
978 3174 1374 3242 tabernaculo,
1408 3181 1463 3230 et
1494 3176 1550 3228 in
1586 3181 1787 3230 sancto
1841 3180 2039 3229 mon-te

2136 600 2295 670 poris
2325 600 2424 655 Dei
2458 598 2665 671 gloria,
2697 598 2800 655 sed
2829 602 3121 665 manente,
3162 596 3536 669 triumphum
3594 599 3805 671 acqui-

2136 690 2287 755 sivit,
2350 689 2667 762 potentiam
2743 705 2859 743 non
2944 687 3162 742 amisit.
3247 687 3412 743 Unde
3472 688 3602 759 ipse
3668 691 3802 744 ait:

2137 803 2163 827 ‹‹
2198 780 2420 835 Amodo
2452 778 2721 835 videbitis
2772 777 2982 832 Filium
3040 775 3299 832 hominis
3359 777 3662 833 sedentem
3728 780 3802 834 ad

2136 868 2432 923 dexteram
2463 867 2693 922 virtutis
2726 868 2918 937 (Marc.
2953 884 3073 936 xxv,
3103 866 3217 937 62).
3257 890 3283 914 ››

2205 958 2295 1011 29.
2329 958 2515 1026 (Vers.
2544 956 2626 1013 9.)
2660 956 2822 1010 Unde
2846 959 3194 1010 convocatos
3222 955 3483 1028 gentium
3517 957 3803 1029 populos,

2137 1051 2195 1101 et
2225 1046 2541 1118 acquisitos
2575 1046 2749 1110 Patri,
2793 1061 2900 1099 suo
2930 1043 3238 1116 sanguine,
3270 1044 3536 1100 hortatur
3590 1048 3667 1102 ad
3740 1048 3807 1101 fi-

2138 1135 2270 1189 dem
2304 1135 2538 1189 dicens:
2576 1156 2605 1182 ‹‹
2639 1134 2879 1203 Sperate
2911 1133 2967 1187 in
3016 1150 3147 1188 eum
3207 1150 3410 1189 omnes
3464 1140 3810 1191 conventus

2137 1222 2324 1294 plebis
2356 1240 2533 1290 meae;
2574 1245 2597 1269 ι)
2630 1222 2739 1276 hoc
2770 1226 2877 1289 est,
2914 1238 3026 1276 non
3060 1220 3221 1276 solus
3254 1222 3451 1288 Israel,
3495 1224 3596 1277 sed
3658 1241 3810 1278 om-

2140 1329 2263 1374 nes.
2296 1312 2523 1382 inquit:
2552 1328 2656 1366 nec
2688 1310 2822 1367 solae
2855 1310 3132 1382 reliquiae,
3166 1312 3265 1366 sed
3297 1311 3475 1366 etiam
3522 1314 3803 1384 gentium

2141 1400 2479 1473 plenitudo:
2506 1416 2612 1455 nec
2635 1399 2767 1454 sola:
2799 1402 3023 1471 gentes,
3057 1399 3159 1454 sed
3191 1400 3364 1454 Israel
3402 1425 3417 1466 ;
3447 1417 3583 1455 cum
3634 1404 3805 1457 enim

2142 1490 2443 1545 intraverit
2475 1488 2773 1560 plenitudo
2806 1487 3093 1560 gentium,
3152 1492 3292 1542 tunc
3350 1488 3545 1544 omnis
3616 1490 3803 1546 Israel

2142 1578 2337 1634 salvus
2369 1577 2493 1633 erit.
2555 1578 2697 1641 Quis
2756 1580 2948 1648 potest
2978 1576 3175 1631 divina
3217 1578 3493 1649 mysteria
3522 1595 3806 1651 compre-

2142 1667 2730 1731 hendere?Quorum
2790 1668 2951 1719 tanta
3001 1662 3315 1719 multitudo
3371 1670 3470 1731 est,
3536 1671 3599 1721 ut
3645 1670 3803 1739 jure

2142 1756 2358 1811 Paulus
2390 1756 2655 1820 miretur,
2714 1755 3040 1825 meritoque
3091 1754 3340 1809 dixerit:
3371 1778 3393 1801 «
3426 1754 3468 1808 Ο
3524 1755 3819 1812 altitudo'

2143 1845 2478 1900 divitiarum
2562 1842 2858 1916 sapientia:
2915 1846 2971 1897 et
3028 1841 3285 1897 scientiae
3346 1842 3443 1897 Dei
3475 1845 3648 1914 (Rem.
3712 1862 3804 1910 x1,

2145 1935 2233 2004 33)
2270 1934 2334 1987 l»
2375 1932 2661 2004 Repulsae,
2713 1936 2915 2004 gentes
2972 1935 3132 1997 sunt,
3157 1932 3308 1987 966
3369 1938 3429 1986 ut
3484 1930 3810 2005 eligeretur

2146 2022 2317 2078 Israel
2352 2038 2363 2075 :
2389 2026 2633 2077 czecatus
2646 2024 2734 2075 est
2754 2025 2953 2092 postea
2972 2019 3143 2075 Israel
3165 2024 3401 2091 propter
3429 2021 3805 2078 vocationem

2145 2112 2408 2183 gentium
2437 2128 2450 2178 ;
2482 2115 2539 2165 et
2569 2110 2763 2166 caecati
2797 2108 2972 2165 Israel
3006 2108 3263 2180 reliquiae
3294 2110 3625 2166 secundum
3655 2112 3803 2168 elec-

2144 2201 2363 2256 tionem
2396 2199 2595 2271 gratise
2625 2198 2794 2254 salvae
2826 2199 2987 2253 facta:
3023 2203 3184 2260 sunt,
3242 2203 3560 2270 postquam
3618 2200 3805 2255 intra-

2146 2289 2227 2343 vit
2282 2288 2547 2359 gentium
2596 2286 2917 2359 plenitudo.
2978 2288 3060 2341 Ita
3114 2286 3285 2358 culpa
3342 2287 3520 2343 Israel
3582 2290 3811 2361 profuit

2146 2377 2451 2448 gentibus:
2488 2376 2631 2431 fides
2680 2377 2944 2447 gentium
3004 2375 3323 2431 Israelitem
3384 2377 3675 2449 pepulum
3740 2379 3811 2433 li-

2146 2465 2386 2521 beravit.

2216 2555 2305 2608 30.
2346 2576 2371 2603 »
2415 2550 2724 2621 Etl'undite,
2804 2552 3015 2625 inquit,
3120 2569 3313 2609 coram
3416 2553 3515 2608 illo
3625 2557 3831 2611 corda:

2145 2647 2413 2697 vestra.»
2445 2642 2767 2707 Quiinduit
2796 2643 2995 2706 fidem,
3052 2642 3217 2713 prius
3276 2643 3585 2714 perfidiam
3629 2646 3828 2701 debet

2147 2748 2374 2797 exuere,
2407 2748 2685 2787 evacuare
2743 2747 2841 2785 cor
2898 2747 3073 2786 suum
3116 2732 3276 2786 omni
3333 2730 3463 2787 labe
3514 2733 3806 2789 malitia:

2146 2826 2211 2875 ut
2241 2837 2419 2890 capax
2442 2822 2544 2873 fiat
2598 2838 2698 2874 cor
2741 2820 2869 2889 ejus
2922 2818 3119 2891 gratiae
3180 2819 3477 2890 spiritalis.
3538 2820 3809 2892 Ideoque

2144 2909 2457 2981 Apostolus
2488 2909 2567 2964 ait
2593 2925 2604 2963 :
2645 2932 2664 2958 α
2702 2907 3080 2964 chovamini
3112 2907 3317 2979 spiritu
3351 2908 3556 2963 mentis
3583 2918 3811 2967 vestrae

2146 2999 2358 3069 (Ephes.
2394 3015 2468 3063 1v,
2499 2998 2609 3063 23).
2640 3020 2666 3045 υ
2696 3000 2837 3051 Cum
2869 2997 3025 3051 enim
3058 2996 3371 3051 effunditur
3397 3004 3567 3053 vetus
3622 2998 3806 3054 mali-

2148 3087 2248 3153 tia,
2272 3104 2418 3142 nova
2440 3086 2695 3141 sumitur
2730 3084 2937 3157 gratia,
2985 3101 3102 3157 qua
3150 3086 3563 3158 unusquisque
3625 3098 3825 3144 reno-’

2147 3182 2334 3232 vatur.
2369 3176 2517 3230 Dicit
2560 3192 2696 3245 ergo
2757 3174 2937 3230 Filius
2995 3174 3134 3230 Dei:
3185 3198 3213 3223 ‹‹
3248 3175 3541 3230 Eti'undite
3601 3194 3805 3233 coram

395 3261 523 3331 ejus
552 3262 935 3339 requiescam.
967 3264 1089 3319 Non
1129 3263 1426 3333 emigrabo
1486 3263 1744 3317 humano
1788 3262 2033 3331 scelere;
2068 3236 2111 3304 (ἶ
2150 3264 2250 3320 illo
2280 3266 2454 3321 corda
2497 3269 2725 3327 vestra;
2786 3264 2924 3334 quia
2971 3264 3194 3318 sciebat
3248 3268 3479 3318 Patrem
3530 3282 3664 3320 esse
3716 3266 3819 3320 di--

392 3350 531 3420 quia
561 3350 789 3404 Domini
825 3352 1016 3403 favore
1048 3354 1359 3419 susceptus
1417 3366 1589 3415 sum;
1650 3351 1787 3421 quia
1845 3367 2034 3422 neque

391 3453 570 3501 mors,
603 3452 791 3507 neque
822 3435 1070 3506 gladius,
1105 3452 1292 3506 neque
1321 3437 1620 3492 tribulatio
1667 3456 1699 3492 a
1755 3439 2035 3495 charitate

392 3522 607 3577 Christi
640 3540 731 3579 me
762 3539 1032 3594 separare
1060 3529 1352 3596 poterunt.
1386 3526 1509 3581 Non
1542 3527 1695 3582 enim
1756 3528 2034 3584 innocens

392 3611 463 3666 de
493 3611 887 3667 tabernaculis
909 3612 1230 3682 justorum,
1288 3614 1385 3669 sed
1449 3620 1714 3686 peccator
1762 3616 2029 3687 emigrat.

391 3699 641 3771 Migrant
667 3699 832 3755 Judaa
859 3699 1173 3771 proditoris
1203 3701 1482 3769 haeredes,
1516 3703 1584 3757 de
1616 3704 1830 3774 quibus
1862 3710 1917 3759 et
1948 3704 2033 3761 si-

388 3787 628 3843 milibus
658 3804 861 3843 eorum
886 3789 1091 3843 merito
1148 3790 1400 3845 dicitur:
1435 3814 1463 3839 ‹‹
1526 3790 1811 3847 Commoti
1868 3810 2032 3849 amo-

385 3881 632 3932 veantur
659 3875 767 3931 filii
797 3877 926 3948 ejus
955 3884 1011 3933 et
1042 3878 1393 3949 mendicent,
1428 3878 1737 3950 ejiciantur
1761 3881 1832 3936 de
1863 3881 2029 3937 habi-

384 3964 594 4020 taculis
624 3965 748 4019 suis
777 3967 931 4031 (Psal
968 4006 980 4019 .
1012 3983 1171 4031 cvm,
1211 3968 1356 4037 10).»

454 4052 543 4106 28.
577 4052 736 4116 Quod
769 4053 914 4108 bene
943 4058 997 4107 et
1028 4054 1099 4107 ad
1133 4054 1446 4109 Dominum
1478 4057 1681 4111 Jesum
1731 4056 2027 4114 Christum

382 4141 645 4209 refertur,
681 4142 779 4212 qui
813 4158 945 4196 cum
974 4142 1371 4199 descendisset
1402 4144 1460 4199 in
1513 4148 1721 4211 terras,
1784 4152 1849 4201 ut
1891 4165 2026 4205 cru-

384 4228 734 4300 cifigeretur,
768 4235 831 4282 ut
862 4230 1224 4301 sepeliretur,
1257 4248 1370 4286 non
1406 4233 1711 4304 emigravit
1758 4252 1789 4289 a
1840 4236 2030 4307 Patre,

384 4316 484 4371 sed
511 4317 572 4371 in
604 4317 770 4372 Patre
801 4322 1052 4374 mansit:
1090 4342 1114 4368 ‹‹
1152 4320 1430 4375 Traditus
1462 4338 1616 4387 sum,
1652 4327 1834 4379 etnon
1867 4342 2027 4397 egre-

383 4402 584 4458 diebar
613 4407 784 4473 (Psal.
819 4424 1063 4474 Lxxxvu,
1096 4408 1171 4479 9).
1209 4431 1234 4455 η
1267 4410 1379 4463 Nec
1412 4410 1683 4480 deposuit
1704 4414 1858 4483 quod
1882 4419 2026 4482 erat,

383 4490 483 4545 sed
520 4494 830 4547 reservavit
856 4511 867 4549 :
903 4511 1007 4551 nec
1038 4496 1248 4552 desivit
1277 4512 1405 4553 esse
1435 4499 1492 4552 in
1526 4499 1626 4554 Dei
1657 4500 1863 4570 forma,
1924 4504 2024 4558 sed

2144 3359 2374 3411 cturum
2410 3370 2473 3409 ;‹‹
2506 3353 2814 3408 Effundam
2846 3353 2917 3407 de
2955 3351 3171 3423 Spiritu
3197 3369 3324 3408 meo
3357 3370 3538 3425 super
3562 3371 3801 3410 omnem

2145 3457 2377 3496 carnem
2410 3441 2542 3512 (Joel
2576 3458 2638 3508 ιι,
2669 3442 2829 3511 '28).-
2878 3441 2980 3495 Est
3030 3441 3207 3495 etiam
3261 3439 3363 3494 illa
3417 3443 3672 3509 traditio,
3737 3450 3800 3497 ut

2144 3548 2242 3586 cor
2271 3538 2539 3586 nostrum
2573 3528 2875 3583 videamur
2922 3529 3238 3595 effundere,
3287 3531 3528 3600 quando
3587 3548 3797 3587 omnes

2142 3619 2522 3690 cogitationes
2553 3617 2725 3671 alicui
2757 3622 2814 3672 et
2842 3617 3169 3673 voluntates
3200 3619 3385 3673 nostri
3432 3619 3631 3674 cordis
3661 3637 3798 3693 ape-

2142 3707 2349 3761 rimus.
2383 3707 2531 3777 Ergo
2567 3706 2861 3775 jactemus
2903 3706 2962 3759 in
3013 3706 3200 3762 Deum
3241 3708 3629 3778 cogitationes
3688 3726 3795 3764 no-

2143 3800 2315 3861 stras,
2339 3811 2442 3850 nec
2468 3793 2690 3865 aliquid
2710 3811 2842 3849 eum
2862 3793 3044 3849 latere
3063 3795 3397 3851 credamus.
3424 3797 3786 3851 Ilﬂ‘undimus

2141 3901 2240 3939 cor
2268 3888 2534 3939 nostrum
2568 3899 2761 3937 coram
2794 3882 2944 3954 ipso,
2971 3899 3106 3938 cum
3162 3882 3608 3956 disceptationes
3654 3884 3778 3939 exi-

2141 3972 2416 4028 nanimus
2474 3972 2787 4027 humanas.

2209 4064 2295 4115 31.
2331 4063 2347 4131 (
2382 4060 2541 4114 Vers.
2580 4060 2658 4113 10.
2698 4059 2715 4129 )
2748 4082 2777 4109 ‹‹
2808 4060 3223 4117 Verumtamen
3244 4062 3378 4117 vani
3435 4061 3537 4116 filii
3583 4061 3783 4118 homi-

2137 4165 2277 4205 num
2306 4166 2318 4215 ;
2352 4148 2664 4203 mendaces
2696 4147 2798 4202 ﬁlii
2822 4148 3127 4205 hominum
3170 4150 3227 4205 in
3264 4152 3497 4206 stateris
3527 4155 3595 4206 ut
3634 4152 3789 4207 deci-

2138 4238 2317 4309 piant.
2355 4259 2382 4285 ››
2416 4237 2472 4291 Si
2506 4236 2635 4291 vaui
2686 4236 2787 4291 lilii
2848 4237 3177 4301 hominum.
3208 4245 3267 4295 et
3312 4240 3627 4296 mendaces
3684 4242 3787 4296 lilii

2136 4327 2738 4397 hominum,possunt
2795 4343 2908 4381 non
2954 4328 3085 4383 vani
3145 4344 3273 4384 esse
3323 4329 3429 4383 ﬁlii
3484 4330 3624 4397 Dei;
3681 4332 3785 4401 qui

2137 4432 2251 4471 non
2283 4433 2347 4469 ex
2381 4414 2687 4485 sanguine,
2715 4431 2985 4486 nequeex
3012 4416 3305 4472 voluntate
3327 4419 3546 4486 carnis,
3600 4435 3791 4491 neque

2135 4521 2202 4559 ex
2232 4503 2525 4558 voluntate
2547 4503 2675 4568 viri,
2710 4503 2809 4558 sed
2843 4519 2910 4557 ex
2940 4504 3055 4560 Deo
3102 4506 3219 4558 nati
3264 4512 3423 4560 sunt.
3473 4507 3623 4562 Nam
3684 4507 3791 4563 lilii

450 4615 560 4685 (41)
583 4614 1021 4702 Qbservandum
1048 4620 1250 4702 obiter.
1279 4638 1481 4702 quam_
1519 4624 1761 4702 antiqua
1818 4625 1894 4680 sit
1952 4643 2018 4682 ea
2048 4607 2096 4669 Ῑ)
2130 4633 2259 4702 ctus
2276 4626 2445 4702 epist.
2481 4623 2789 4702 adValent
2817 4634 2870 4681 et
2894 4626 2951 4680 in
2985 4627 3141 4683 Orat.
3173 4628 3245 4683 de
3275 4629 3541 4702 ejusdem
3608 4631 3791 4687 Obitu

378 4687 759 4753 consuetudo,
787 4704 903 4759 qua
932 4690 1207 4759 gravidus
1236 4687 1518 4748 in'causis
1536 4687 1799 4750 contacto
1830 4713 2020 4753 sacro-

376 4762 579 4838 sancto
607 4758 915 4838 Evangelio
940 4758 1231 4838 juramus.
1265 4762 1409 4818 Vide
1436 4766 1645 4820 Adnot.
1681 4767 1747 4822 II.
1804 4766 2017 4824 Valesii

373 4827 433 4883 in
458 4827 565 4904 lib.
594 4847 656 4904 _v1
687 4827 1010 4904 Soiomeni,
1040 4849 1167 4902 cap.
1200 4836 1290 4894 30,
1325 4850 1437 4904 pag
1472 4837 1590 4891 145.

444 4901 553 4981 (42)
593 4900 852 4981 Intellige
899 4900 1367 4981 Andragathium
1404 4900 1761 4981 priusquam
1817 4926 2015 4965 necem

372 4969 645 5053 Gratiane
676 4969 935 5034 inferret.
970 4979 1034 5029 ut
1063 4969 1372 5030 duceretur
1400 4969 1466 5030 ad
1504 4969 1845 5044 Maiimum,
1880 4999 2013 5053 ope-

370 5057 496 5096 ram
518 5042 765 5098 dedisse.

442 5113 549 5182 (43)
586 5114 671 5188 Ita
699 5115 827 5181 cod,
879 5116 997 5188 Reg
1048 5134 1220 5172 unus.
1253 5117 1365 5172 Alii
1423 5121 1479 5173 et
1538 5122 1646 5173 vet.
1708 5120 1870 5185 edit.,
1925 5124 2016 5177 Sic

368 5180 591 5256 horrere
621 5180 851 5256 ﬂagitiis
898 5180 1059 5243 etvsz‘c
1112 5191 1267 5244 citus.
1329 5190 1518 5255 llom.,
1588 5191 1678 5244 Sic
1734 5180 2013 5248 horrorem

368 5251 590 5322 ﬁagilii,
621 5251 889 5321 siccitas,
923 5264 1031 5315 etc.
1066 5264 1347 5314 Neutrum
1382 5251 1524 5315 satis
1556 5262 1879 5317 commode.
1912 5267 2009 5319 At-

365 5326 559 5399 tamen
593 5327 754 5399 valde
787 5330 1159 5399 suspicamur
1180 5349 1550 5385 communem
1614 5339 1720 5396 vet,
1755 5335 1891 5389 edit.
1946 5353 2010 5389 ac

367 5407 510 5473 mss.
547 5395 849 5473 lectionem
885 5395 1308 5455 emendandam
1342 5422 1469 5456 esse
1504 5406 1607 5457 hoc
1661 5410 1864 5473 pacto;
1926 5407 2009 5461 sic

361 5462 598 5547 horrore
631 5467 827 5547 flagitii
863 5473 1101 5547 excitus.
1155 5476 1439 5547 (tartarum
1501 5475 1593 5528 hic
1651 5462 1721 5528 de
1779 5462 2008 5547 se'ipso

365 5532 526 5617 loqui
556 5532 926 5615 Ambrosium
1004 5542 1152 5596 alam
1188 5545 1405 5599 iaciunt
1438 5561 1548 5597 non
1585 5549 1756 5600 modo
1799 5532 1922 5617 (ιιιεὸ
1948 5549 2005 5603 in

365 5624 486 5665 alus
519 5611 633 5659 Vita
662 5607 731 5659 de
764 5560 1017 5665 secuntih
1048 5613 1235 5665 iusius
1260 5617 1329 5665 ad
1355 5616 1665 5665 Maximum
1723 5618 2005 5665 IPLrnlinnn

360 5607 633 5687 giusvvita
662 5607 731 5687 de
764 5607 1017 5687 secunda
1048 5613 1235 5683 ipsius
1260 5617 1330 5670 ad
1355 5616 1667 5671 Maximum
1720 5607 2006 5687 legatione

361 5676 645 5733 Paulinus
669 5678 884 5743 tradit;
920 5676 1118 5736 verum
1149 5686 1321 5740 etiam
1374 5704 1499 5756 qua}
1556 5676 1808 5758 ipsemet
1858 5691 2002 5746 San-

2131 4698 2385 4777 scripsit,
2420 4698 2715 4777 ambigere
2747 4713 2854 4777 nos
2876 4714 2991 4752 non
3022 4698 3347 4777 patiuntur.
3374 4700 3591 4756 Mirare
3640 4702 3791 4759 inte-

2129 4768 2407 4844 rim’eum
2439 4768 2762 4844 sanctiviri
2811 4768 3226 4844 constantiam,
3283 4789 3401 4843 qua
3456 4778 3788 4844 tyrannum

2126 4841 2499 4915 ferocientem,
2528 4843 2688 4915 tanta
2708 4839 3132 4915 cumlibertate
3161 4839 3519 4915 compescuit
3551 4862 3565 4911 ;
3653 4850 3785 4901 tum

2127 4927 2420 4989 summam
2453 4912 2713 4989 ejusdem
2740 4912 3116 4989 modestiam,
3170 4912 3312 4985 qua'
3335 4932 3468 4971 cum
3518 4915 3789 4989 Josepho

2118 4987 2281 5064 justo
2312 4987 2577 5064 senne‘ga‘t
2607 4998 2734 5064 esse
2766 4985 3249 5064 comparandum.

2196 5057 2307 5124 (44)
2340 5051 2609 5127 Vindicta
2637 5051 2736 5106 illa
2768 5051 3025 5127 Gratiani
3082 5072 3186 5127 per
3231 5073 3533 5111 summum
3586 5058 3785 5114 scelus

2123 5124 2395 5198 trucidati
2422 5123 2512 5198 _sic
2542 5129 2775 5195 peracta
2797 5132 2903 5198 est.
2946 5123 3339 5198 Occupaverat
3390 5128 3629 5198 magnis
3686 5146 3783 5185 co-

2124 5196 2236 5266 piis
2305 5195 2538 5275 Alpium
2612 5197 2915 5275 augustias
2966 5195 3196 5275 _comes
3233 5195 3618 5275 Andrathius.
3666 5200 3781 5275 Has

2123 5284 2255 5321 cum
2290 5266 2570 5320 divinitus
2598 5266 2919 5337 obcmeatus
2950 5268 3329 5334 deseruisset,
3382 5271 3778 5337 Theodosius,

2120 5338 2437 5393 υχυιτοίῑιιιιι
2504 5355 2677 5391 suum
2756 5336 2890 5394 licet
2946 5339 3130 5396 multo
3180 5341 3514 5397 inferiorem
3578 5336 3782 5399 tradu-

2120 5426 2278 5471 cens,
2315 5409 2654 5485 Maximum,
2680 5410 2780 5485 qui
2813 5414 3093 5485 tanquam
3125 5412 3377 5485 victoria:
3424 5430 3546 5469 sum
3610 5431 3779 5485 spec-

2119 5485 2272 5535 tator
2335 5478 2610 5550 Aquileiae
2678 5478 2989 5555 insederat,
3065 5484 3220 5555 cepit.
3275 5491 3452 5555 atque
3508 5478 3773 5540 occidit:

2117 5567 2232 5629 quo
2283 5557 2579 5629 comperto
2620 5552 3149 5629 Andragathius‘in
3179 5552 3450 5629 mare‘se
3503 5559 3774 5629 praecipi-

2115 5627 2519 5747 tttamlarmatus
2548 5622 2709 5676 dedit
2738 5622 2878 5678 Vide
2925 5624 3216 5690 Orosium,
3256 5626 3474 5695 lib.vn,
3500 5622 3633 5700 cap.
3681 5622 3773 5693 35,

2115 5710 2143 5747 c
2196 5710 2227 5747 a
2258 5710 2361 5747 lOS.

2114 5698 2169 5747 et
2196 5698 2361 5747 alios.
