4112 6190
287 356 474 457 .1237

1410 348 1871 416 ENARRA'I‘IO
1913 348 1992 410 IN
2036 347 2417 415 PSALMUM
2460 348 2616 413 LXI.

3562 343 3718 413 1938

313 491 625 551 hominum
652 488 928 551 videntur
981 487 1095 550 sibi
1144 490 1465 566 ponderare
1511 488 1845 566 aequitatem
1905 491 1961 547 et
1989 482 2041 552 A
2069 481 2158 542 vel
2189 502 2252 543 se
2280 484 2477 559 ipsum
2507 481 2667 543 illius
2701 483 2959 553 nomine,
2984 477 3254 543 exercitio
3276 476 3548 558 spiritali,
3581 484 3718 542 sub-

312 582 594 657 gravitate
648 581 951 641 severioris
1000 580 1211 654 judicii
1256 581 1588 640 examinare
1628 582 1945 653 justitiam,

310 672 446 730 duri
472 672 627 743 aliis,
658 673 771 731 sibi
801 672 1055 740 remissi,
1087 673 1362 746 operibus
1422 672 1607 744 iniqui
1638 673 1772 745 (45),
1834 690 1954 728 ser-

307 778 483 820 mone
513 779 809 821 censores.
863 763 1027 819 Unde
1054 762 1329 819 Salomon
1379 762 1492 819 ait:
1527 782 1554 814 α
1594 760 1957 818 Exsecrabile

307 851 559 909 Domino
589 852 803 925 duplex
831 853 1087 924 pondus,
1111 856 1166 907 et
1197 855 1414 908 statera
1445 851 1622 908 fallax
1650 868 1765 907 non
1793 851 1950 907 bona

308 941 490 1013 (Prov.
524 959 615 1010 xx,
644 942 757 1013 23).
797 963 825 991 »
856 944 923 997 In
956 958 1071 1013 quo
1101 940 1394 1013 signiﬁcat
1418 956 1517 997 eos
1542 941 1643 1012 qui
1687 939 1955 1013 rapinam

310 1028 645 1102 inexplebili
674 1031 848 1086 corde
880 1030 1260 1097 meditantur,
1287 1034 1343 1086 et
1373 1028 1747 1085 sobrietatem
1770 1029 1956 1085 fronte

310 1119 698 1191 praetendunt.
760 1118 932 1175 Tales
990 1119 1193 1175 scribae
1240 1118 1577 1175 Judaaorum
1624 1122 1783 1186 sunt,
1853 1117 1954 1189 qui

220 1252 223 1261 ν
309 1222 487 1264 onera
516 1207 716 1280 gravia
746 1206 879 1264 aliis
910 1207 1287 1265 observantiae
1317 1208 1571 1263 durioris
1622 1208 1954 1279 imponunt,

310 1311 426 1352 non
459 1294 745 1351 habentes
773 1300 999 1353 rectum
1022 1298 1234 1369 jugum
1265 1298 1377 1368 (46)
1409 1297 1616 1351 anima:
1660 1313 1800 1363 suae,
1851 1294 1955 1350 sed

308 1399 603 1456 propensa
636 1385 944 1457 iniquitate
974 1385 1226 1442 curvati:
1280 1386 1392 1458 ipsi
1448 1388 1644 1441 autem
1711 1399 1955 1440 suorum

310 1472 500 1546 refugi
530 1477 952 1547 praeceptorum
988 1478 1145 1530 sunt.
1178 1475 1475 1530 Invenitur
1504 1475 1701 1545 itaque
1732 1474 1787 1527 in
1822 1489 1954 1527 ava-

309 1559 444 1617 ritia
469 1566 752 1634 tanquam
783 1563 844 1618 in
874 1562 1070 1619 radice
1103 1562 1377 1618 vitiorum
1409 1562 1695 1629 omnium,
1728 1578 1855 1633 quae
1880 1560 1956 1616 sit

307 1652 486 1723 caput
514 1649 846 1722 iniquitatis
864 1654 921 1706 et
941 1651 1157 1706 fomes:
1192 1666 1371 1722 quam
1396 1649 1571 1707 homo
1605 1648 1953 1705 renuntiatis

305 1737 548 1805 mundo,
606 1741 665 1794 et
709 1737 1090 1810 consepultus
1133 1738 1364 1794 Christo
1412 1755 1513 1810 per
1577 1736 1951 1810 baptismatis

304 1828 759 1895 sacramentum,
794 1824 896 1897 qui
926 1825 1004 1881 sit
1055 1829 1325 1882 mortuus
1372 1825 1606 1893 saeculo,
1659 1825 1951 1882 declinare
1982 1859 2031 1924 Β

306 1913 478 1970 debet
507 1916 685 1986 atque
714 1913 1012 1986 defugere.

375 2003 463 2058 32.
525 2002 712 2075 (Vers.
776 2002 888 2073 11.)
920 2024 951 2053 ‹‹
1008 2001 1217 2074 Nolite,
1272 2002 1488 2074 inquit,
1575 2018 1809 2075 sperare
1889 2000 1950 2057 in

202 2148 209 2159 ,
301 2089 632 2163 iniquitate,
658 2094 714 2147 et
744 2090 1007 2164 rapinam
1040 2089 1218 2147 nolite
1247 2090 1690 2163 concupiscere:
1739 2089 1952 2146 divitiae

304 2178 355 2236 si
386 2179 592 2248 ﬂuant,
643 2179 823 2235 nolite
879 2196 977 2236 cor
1024 2196 1398 2253 apponere.»
1446 2179 1623 2236 Vides
1672 2178 1811 2251 quia
1866 2179 1949 2234 af-

306 2267 518 2334 ﬂuunt,
578 2284 695 2323 non
740 2268 903 2324 vides
953 2269 1095 2341 quia
1132 2268 1572 2342 praeterﬂuunt?
1626 2268 1833 2324 Nudus
1889 2285 1952 2324 es

305 2359 500 2423 natus,
533 2356 730 2412 nudus
760 2356 1082 2414 moriturus
1106 2373 1189 2414 es.
1223 2357 1372 2423 Quid
1427 2358 1692 2431 excipere
1739 2357 1951 2431 quieris

304 2444 459 2516 quod
488 2447 683 2500 tecum
716 2445 945 2501 auferre
976 2463 1093 2503 non
1125 2446 1359 2518 possis?
1377 2446 1622 2503 Fluenta
1654 2451 1794 2503 sunt
1825 2463 1950 2519 quae

303 2531 569 2589 miraris:
604 2535 899 2606 quomodo
928 2535 1190 2607 veniunt,
1218 2536 1304 2592 sic
1333 2538 1645 2592 transeunt
1682 2539 1739 2591 et
1795 2552 1949 2591 recc-

301 2620 468 2677 dunt.
520 2621 694 2678 Solus
748 2622 1026 2680 Jordanis
1078 2629 1401 2681 retrorsum
1461 2640 1776 2681 conversus
1837 2627 1947 2694 est,

299 2707 359 2763 in
391 2725 567 2782 quem
621 2711 941 2768 decendisti
1001 2712 1322 2785 (47):907
1383 2713 1484 2785 qui
1542 2716 1600 2769 te
1652 2712 1946 2779 admonet,

302 2800 367 2851 ut
397 2797 456 2852 in
486 2798 683 2870 ipsum
711 2802 930 2857 naturae
961 2801 1183 2858 fontem
1215 2804 1272 2857 et
1301 2800 1588 2875 originem
1620 2799 1945 2867 revertaris,

302 2899 429 2955 qua:
460 2888 515 2941 te
575 2889 822 2956 nudum,
888 2907 1004 2945 non
1061 2894 1222 2946 veste
1280 2892 1563 2947 amictum
1621 2890 1823 2956 edidit,
1886 2892 1950 2944 ut

303 2970 496 3029 discas
526 2974 824 3046 superﬂua
851 2991 967 3032 non
999 2977 1315 3048 requirere.
1367 2978 1485 3035 Hoc
1545 2979 1699 3050 quod
1747 2978 1949 3033 erube-

302 3061 441 3129 scis,
475 3077 604 3118 esse
629 3066 686 3117 te
716 3063 945 3118 nudum
976 3065 1109 3133 (48),
1145 3064 1319 3138 culpa
1339 3065 1555 3133 docuit,
1578 3082 1693 3121 non
1714 3070 1943 3121 natura.

2069 576 2279 633 eundis
2310 575 2731 634 tentationibus
2763 574 3031 643 erudivit,
3051 578 3116 631 ut
3144 573 3203 630 in
3236 571 3526 649 angustiis
3582 574 3718 647 quis

2066 665 2291 738 positus
2322 665 2599 738 subjiciat
2628 683 2687 722 se
2719 665 2865 735 Deo;
2899 669 2957 721 et
2985 663 3033 721 si
3067 662 3325 738 peccavit
3371 667 3523 731 ante,
3583 679 3717 737 pec-

2064 771 2194 811 care
2225 755 2493 824 desistat,
2526 772 2631 812 nec
2663 754 2913 811 recidivo
2944 771 3137 811 errore
3169 757 3492 811 moveatur.

2138 846 2226 900 f3.
2252 846 2269 916 (
2300 844 2464 901 Vers.
2492 845 2604 917 l2.)
2638 868 2666 895 ‹‹
2698 844 2889 901 Semel
2931 844 3164 900 locutus
3222 847 3311 900 est
3368 844 3540 907 Deus,
3597 842 3714 900 duo

2064 932 2187 989 haec
2225 933 2497 989 audivi.»
2541 933 2729 991 Semel
2775 933 3009 990 locutus
3065 936 3152 990 est
3208 933 3386 1000 Deus,
3447 936 3504 989 et
3545 931 3718 1005 plura

2067 1022 2269 1078 audita
2297 1029 2465 1091 sunt;
2499 1023 2639 1095 quia
2665 1041 2780 1079 non
2834 1040 2936 1096 per
2982 1022 3207 1080 litteras
3237 1026 3295 1079 et
3325 1021 3580 1093 syllabas
3627 1026 3716 1080 est

2066 1111 2317 1167 locutus.
2352 1112 2606 1169 Locutus
2626 1118 2716 1169 est
2746 1130 2848 1185 per
2877 1112 3208 1185 aenigmata,
3239 1111 3472 1169 locutus
3490 1114 3581 1169 est
3608 1128 3713 1186 per

2062 1199 2341 1266 visiones,
2398 1200 2631 1258 locutus
2687 1205 2775 1257 est
2823 1219 2925 1273 per
2980 1200 3297 1259 divisiones
3361 1202 3708 1275 gratiarum,

2062 1289 2294 1345 locutus
2324 1293 2412 1346 est
2442 1305 2544 1362 per
2572 1289 2855 1363 Spiritum
2901 1290 3291 1363 singulorum.
3350 1290 3467 1347 Nos
3516 1293 3713 1348 autem

2062 1378 2234 1449 plura
2260 1378 2579 1451 loquimur,
2611 1384 2668 1436 et
2687 1380 2780 1436 vix
2808 1380 3101 1437 audimur.
3136 1379 3329 1437 Semel
3371 1379 3604 1437 locutus
3650 1378 3710 1435 in

2063 1466 2189 1539 lege
2220 1472 2326 1534 est,
2360 1469 2563 1524 eadem
2593 1469 2806 1525 iterum
2838 1469 3070 1525 locutus
3123 1473 3210 1525 est
3264 1468 3324 1524 in
3373 1467 3708 1541 Evangelia.

2063 1555 2217 1611 968
2248 1558 2366 1610 Aut
2395 1556 2662 1625 fortasse,
2699 1562 2764 1613 ut
2790 1575 2896 1631 ego
2928 1561 3090 1631 puto,
3149 1556 3290 1630 quia
3328 1556 3711 1614 multifariam

2061 1641 2296 1700 locutus
2321 1645 2490 1700 estin
2522 1646 2845 1718 prophetis,
2876 1646 3192 1704 novissime
3221 1650 3419 1703 autem
3475 1645 3710 1703 locutus

2062 1735 2149 1787 est
2179 1731 2238 1787 in
2273 1732 2416 1788 Filio
2447 1750 2576 1790 suo.
2607 1734 2798 1791 Semel
2827 1734 3062 1792 locutus
3089 1739 3199 1802 est,
3226 1735 3459 1806 quando
3480 1734 3710 1791 locutus

2062 1819 2122 1874 in
2155 1820 2299 1877 Filio
2330 1826 2523 1891 est;et
2582 1824 2784 1880 audita
2835 1828 2976 1880 sunt
3023 1824 3199 1881 etiam
3254 1822 3359 1879 illa
3397 1840 3524 1897 qua:
3577 1827 3712 1880 ante

2063 1909 2264 1964 audita
2293 1926 2409 1965 non
2442 1916 2608 1967 erant
2641 1913 2713 1967 ab
2743 1911 2816 1967 iis
2847 1913 3064 1984 quibus
3093 1912 3325 1969 locutus
3364 1911 3553 1969 fuerat
3608 1928 3712 1985 per

2064 1997 2402 2070 prophetas.
2436 1999 2628 2055 Semel
2656 2015 2791 2072 ergo
2822 2001 3054 2056 loeutus
3085 2004 3175 2056 est
3203 2001 3264 2056 in
3296 2001 3452 2057 Novo
3508 2002 3709 2058 Testa-

2064 2090 2282 2153 mento,
2317 2093 2375 2143 et
2404 2088 2583 2144 Vetus
2614 2088 2881 2144 auditum
2912 2092 3001 2146 est
3025 2090 3490 2154 Testamentum,
3550 2089 3708 2160 quod

2063 2191 2179 2231 non
2240 2175 2626 2246 audiebatur;
2678 2177 2817 2249 quia
2873 2178 2999 2251 ipse
3045 2177 3333 2234 Dominus
3406 2176 3553 2233 dixit
3635 2177 3708 2233 de

2060 2265 2277 2338 populo
2334 2265 2702 2322 Judaeorum:
2748 2290 2776 2318 «
2826 2267 3147 2337 Videbunt,
3221 2270 3279 2323 et
3353 2283 3470 2324 non
3548 2266 3707 2324 vide-

2060 2354 2246 2410 bunt:
2299 2354 2557 2422 audient,
2617 2359 2674 2411 et
2721 2372 2837 2411 non
2890 2354 3130 2412 audient
3176 2356 3359 2424 (Marc.
3392 2372 3469 2423 1v,
3532 2355 3641 2427 12).
3679 2377 3708 2406 ››

2058 2442 2311 2499 Audient
2340 2460 2478 2501 aure
2535 2460 2829 2516 corporea,
2862 2446 2965 2502 sed
3024 2461 3141 2502 non
3200 2445 3442 2502 audient
3496 2443 3709 2502 mentis

2060 2532 2284 2587 auditu.

2128 2620 2217 2674 34.
2251 2619 2431 2678 Nobis
2460 2638 2619 2695 ergo,
2652 2621 2762 2678 hoc
2809 2625 2898 2679 est
2953 2621 3245 2692 Ecclesiae,
3302 2620 3484 2679 semel
3542 2620 3708 2679 locu-

2061 2710 2158 2763 tus
2180 2713 2292 2777 est,
2315 2714 2373 2765 et
2401 2710 2516 2766 duo
2548 2711 2750 2767 audita
2776 2714 2946 2780 sunt;
2975 2712 3116 2784 quia
3145 2712 3205 2767 in
3235 2710 3337 2768 illa
3374 2709 3708 2768 audivimus

2059 2799 2116 2851 et
2146 2796 2564 2867 intelleximus,
2599 2817 2725 2872 quae
2782 2816 2897 2856 non
2953 2799 3363 2858 intellexerunt
3411 2799 3514 2872 qui
3556 2799 3707 2873 lege-

2059 2890 2217 2952 runt,
2251 2904 2365 2943 non
2402 2888 2719 2945 audierunt
2774 2888 2875 2961 qui
2929 2889 3261 2945 audierunt.
3326 2887 3498 2945 Solus
3544 2888 3703 2945 enim

2056 2973 2322 3031 Christus
2352 2993 2553 3032 aurem
2582 2977 2808 3050 aperuit
2837 2977 3159 3034 humanam
3189 2978 3261 3034 ad
3301 2977 3708 3052 cognoscenda

2056 3063 2365 3135 mysteria;
2401 3064 2561 3121 solus
2591 3065 2730 3121 libri
2759 3065 3132 3139 signaculum
3163 3065 3354 3134 solvit,
3381 3069 3441 3123 et
3467 3063 3706 3123 resolvit

301 3148 476 3206 Nulla
505 3150 660 3207 enim
685 3155 841 3208 esset
866 3153 1216 3208 verecundia
1242 3153 1615 3225 genitalium,
1674 3154 1723 3210 si
1774 3153 1947 3226 culpa
1995 3225 2000 3226 ί
2054 3150 2365 3222 aenigmata
2405 3153 2845 3226 praphetarum.

301 3255 419 3295 non
450 3242 626 3296 esset.
657 3239 857 3312 Neque
888 3240 1045 3295 enim
1077 3244 1285 3296 caetera
1314 3240 1592 3297 animalia
1618 3225 1947 3297 vestiuntur
1976 3225 2018 3292 C
2127 3239 2218 3295 35.
2252 3225 2437 3308 (V'ers.
2484 3225 2595 3314 13.)
2654 3242 2906 3314 Ideoque
2963 3243 3088 3315 ipse
3140 3244 3340 3301 reddet
3386 3242 3702 3316 unicuique

303 3331 367 3382 ut
396 3330 690 3401 tegantur,
723 3344 912 3401 neque
941 3328 1273 3385 vestiuntur
1296 3333 1362 3385 ut
1389 3328 1754 3385 muniantur.
1797 3330 1950 3385 Satis

302 3416 532 3472 munita
548 3421 688 3472 sunt
717 3418 918 3473 omnia
948 3420 1167 3473 natura
1201 3434 1320 3473 sua:
1343 3417 1627 3490 tegmine;
1662 3434 1767 3473 nos
1808 3418 1949 3472 dum

302 3504 604 3576 superﬂua
659 3505 1001 3576 quaerimus,
1054 3509 1287 3579 tegmen
1346 3508 1567 3561 naturae
1617 3506 1949 3573 amisimus,

298 3593 402 3665 jus
431 3607 746 3648 commune
775 3592 1162 3666 perdidimus.
1194 3594 1445 3667 Ideoque
1474 3595 1534 3648 in
1565 3593 1674 3650 hoc
1724 3593 1952 3666 psalmo

311 3678 665 3737 adscribitur
693 3680 959 3739 doctrina
988 3680 1381 3751 medicabilis;
1406 3681 1546 3755 quia
1563 3682 1651 3739 vel
1672 3683 1950 3739 Idithum.

382 3855 494 3939 (.45)
527 3854 612 3939 Ita
642 3855 783 3928 Reg.
818 3873 929 3939 ms.
955 3857 1082 3939 jam
1115 3861 1394 3939 ante_n_on
1427 3856 1606 3939 semel
1630 3858 1952 3939 _laudat_us.

308 3925 423 4010 alii
452 3925 648 4011 autem
679 3925 758 3984 ac
805 3925 976 3995 edit.,
1023 3930 1162 3983 Duri
1216 3929 1371 3995 aliis,
1422 3931 1639 3985 remissi
1703 3931 1957 4002 operibus

309 4002 539 4070 iniquis,
564 4002 675 4054 etc.

379 4070 731 4143 _(46)_Jugum
751 4068 810 4124 in
840 4069 1063 4143 trutina
1092 4086 1307 4142 scapus
1338 4075 1426 4125 est
1456 4086 1544 4143 ex_
1561 4072 1730 4143 cujus
1780 4074 1961 4143 extre-

311 4140 427 4196 mis
460 4138 608 4211 bignae
634 4139 832 4195 lances
861 4141 1145 4211 pendent;
1179 4138 1334 4198 unde
1363 4138 1649 4198 translata
1700 4147 1791 4199 est
1835 4141 1959 4197 haec

312 4209 678 4282 metaphora.

382 4280 494 4353 (47)
524 4280 953 4338 Descendimus
984 4296 1188 4335 omnes
1220 4281 1277 4336 in
1309 4281 1623 4337 Jordanem
1648 4299 1783 4338 cum
1804 4283 1963 4338 Chri-

309 4356 400 4425 sto
429 4354 885 4425 capitenostro,
907 4353 1081 4425 cujus
1111 4355 1413 4408 contactus
1446 4370 1658 4424 aquam
1691 4370 1806 4408 non
1866 4372 1959 4410 so-

308 4422 432 4480 lum
460 4422 758 4488 Jordanis,
791 4423 892 4480 sed
925 4423 1165 4479 omnino
1187 4439 1421 4479 omnem
1444 4422 1862 4492 sanctiﬁcavit;
1896 4430 1962 4480 ut

305 4494 573 4568 dignum
610 4493 1066 4568 regenerationis
1123 4501 1336 4568 nostris
1390 4495 1553 4568 fieret
1593 4495 1957 4568 instrumen-

307 4564 763 4638 _tuin._Alioquin
787 4569 982 4638 autem
1016 4564 1189 4621 multi
1227 4565 1368 4621 olim
1412 4566 1472 4638 in
1530 4566 1658 4638 ipso
1705 4567 1961 4623 Jordane

306 4635 593 4720 baptizari
626 4635 1034 4720 peroptabant,
1066 4635 1572 4720 quemadmodum
1616 4637 1687 4692 de
1732 4638 1965 4720 sanctis
1995 4635 2040 4653 "
2075 4635 2377 4720 de'Peecato
2405 4635 2568 4720 o'r_ig.2

309 4706 665 4777 quibusdam
699 4706 1052 4780 in’ipsorum
1082 4706 1221 4764 vitis
1251 4707 1443 4781 legere
1474 4713 1584 4775 est,
1618 4725 1684 4764 ac
1715 4710 1786 4766 de
1817 4710 1963 4766 Con-

2059 3329 2386 3384 secundum
2426 3345 2622 3401 opera,
2677 3331 2736 3385 in
2797 3348 2913 3403 quo
2959 3335 3018 3387 et
3073 3332 3415 3405 qualitatem
3460 3348 3703 3405 operum

2062 3416 2542 3487 comprehendit:
2604 3422 2668 3473 ut
2734 3425 2836 3475 aut
2917 3420 3309 3494 complurium
3367 3425 3427 3479 et
3504 3420 3705 3478 melio-

2065 3519 2194 3557 rum
2258 3504 2527 3559 restituat
2585 3508 2824 3577 praemia
2865 3508 3091 3565 meritis
3140 3508 3531 3583 singulorum,
3608 3511 3747 3566 aut‘

2067 3595 2271 3647 contra
2300 3596 2356 3648 ct
2418 3609 2663 3650 numero
2721 3610 3031 3667 gravemur
3059 3600 3115 3652 et
3169 3597 3483 3655 acerbitate
3536 3597 3714 3655 meri-

2062 3682 2279 3735 torum.

2072 3856 2331 3941 θὲαριίρρ
2390 3857 2600 3941 Masso
2648 3857 3038 3941 Hieroaysme
3075 3857 3461 3941 ,εκηἙιιεθιλίο
3516 3859 3714 3941 sedi!-

2068 3928 2215 3984 Vide
2243 3928 2694 3985 Adnotationem
2725 3930 2794 3984 Η.
2826 3928 3040 3986 Valesii
3072 3930 3131 3984 in
3162 3928 3265 3985 lib.
3288 3947 3343 3986 ιν
3370 3930 3607 3988 Eusebii
3653 3931 3721 3987 de

2074 4000 2195 4055 Vita
2223 4000 2576 4072 Constantini
2604 4001 2663 4056 in
2721 4018 2847 4072 cap,
2881 4002 2972 4068 62,
3030 4001 3132 4057 ubi
3179 4001 3332 4058 inter
3385 4001 3501 4058 alia
3567 4002 3714 4059 scitu

2071 4071 2731 4145 dignissimalegituret
2760 4071 2921 4128 istud
2951 4088 3018 4128 ex
3058 4073 3359 4145 itinerario
3414 4074 3716 4143 Antonini,

2070 4142 2226 4213 qu’od
2259 4160 2392 4198 eum
2424 4142 2533 4199 hoc
2564 4143 2688 4200 loco
2720 4161 2832 4200 non
2884 4160 3092 4215 parum
3148 4144 3325 4201 habet
3380 4142 3713 4201 afﬁnitatis:

2069 4215 2351 4288 Descendit
2407 4215 2650 4271 sacerdos
2677 4218 2733 4271 in
2818 4218 3046 4288 ﬂumen,
3078 4218 3129 4271 et
3181 4216 3316 4272 hora
3373 4232 3482 4288 qua
3556 4217 3716 4288 coepit

2071 4284 2381 4339 benedicere
2410 4303 2627 4359 aquam,
2664 4303 2792 4341 mox
2818 4284 3071 4342 Iordanis
3098 4303 3226 4341 cum
3278 4284 3476 4359 magno
3521 4284 3714 4358 rugitu

2069 4359 2186 4432 post
2213 4372 2267 4432 s_e
2287 4358 2606 4432 reuertitur;
2639 4365 2689 4432 ei
2715 4362 2823 4432 stat
2851 4374 2994 4429 aqua
3034 4359 3284 4432 superior
3326 4358 3388 4414 iri
3443 4375 3498 4415 se
3543 4374 3715 4432 usque

2052 4427 2200 4495 dum
2232 4428 2529 4498 haptismus
2556 4429 2860 4499 perﬁcitur,
2895 4427 3162 4499 inferior
3205 4437 3390 4486 autem
3444 4433 3591 4501 fugit
3618 4427 3712 4487 'z'n

2068 4515 2242 4554 mare.

2146 4569 2256 4644 (ζιδ)
2293 4570 2395 4625 His
2425 4569 2598 4641 plane
2630 4570 2863 4644 gemina
2884 4571 3052 4644 docet
3078 4570 3470 4644 Augustinus,
3518 4572 3620 4628 lib.
3673 4588 3712 4627 ιι

2629 4641 2678 4695 c.
2710 4642 2807 4709 31;
2840 4641 2878 4715 l.
2914 4659 2932 4715 ξ
2985 4642 3049 4715 de
3094 4641 3369 4715 Nuﬁuet
3427 4643 3661 4714 Coneup.
3694 4658 3709 4711 ;

2075 4709 2176 4767 lib.
2208 4730 2262 4780 v,
2297 4728 2423 4783 cap.
2454 4709 2506 4782 5:
2540 4713 2737 4768 Contra
2763 4714 2875 4769 Jul.
2905 4714 3115 4785 Pelag.,
3149 4709 3206 4770 e't
3225 4713 3387 4770 alibi.

1107 5050 1469 5114 EXPLICIT
1512 5054 1706 5118 TOMI
1749 5052 2018 5116 DEGIMI
2064 5054 2359 5126 QUARTI
2404 5056 2602 5117 PARS
2650 5056 2906 5117 PRIOR.
