3792 6146
151 495 185 499 .._
197 490 353 500 ...ς-ν..-
357 490 576 498 .——_—
579 492 594 497 -

1193 723 2260 882 PR/EFATIO.

187 1281 428 1352 Quamvis
473 1297 664 1352 operm
705 1290 946 1353 pretium
989 1280 1236 1337 facturos
1277 1295 1379 1336 nos
1417 1295 1539 1336 esse
1588 1279 1981 1336 arbitraremur
2023 1281 2074 1336 si
2119 1279 2370 1354 Origenis
2411 1281 2586 1352 Opera
2627 1283 2833 1346 omnia,
2870 1293 2977 1338 tam
3011 1281 3098 1338 ina
3131 1295 3365 1352 quorum

129 1379 389 1446 genuinum
429 1392 559 1432 eum
603 1390 729 1430 esse
782 1386 1065 1429 auctorem
1107 1381 1349 1438 constat,
1389 1389 1550 1444 quam
1594 1389 1658 1430 ea
1684 1391 1804 1443 qua:
1834 1375 1932 1430 sub
1968 1375 2085 1444 ejus
2119 1377 2338 1430 nomine
2368 1377 2497 1431 olim
2530 1378 3080 1442 circumferebantur,
3113 1379 3164 1432 in
3197 1393 3362 1432 unmn

132 1486 301 1538 corpus
332 1465 753 1536 colligeremus,
780 1465 1041 1536 quoniam
1078 1475 1259 1543 tamen
1293 1465 1576 1535 conquesti
1602 1474 1730 1520 sunt
1763 1464 1861 1518 viri
1893 1465 2098 1534 aliquot
2127 1465 2348 1531 eruditi,
2371 1481 2622 1536 aegreque
2653 1469 2823 1523 tulere
2867 1471 3008 1538 quod
3038 1469 3090 1522 in
3123 1471 3364 1538 priorum

133 1559 322 1626 hujusce
357 1558 626 1613 editionis
653 1559 994 1613 voluminum
1025 1558 1134 1612 ﬁne
1159 1573 1326 1628 opera
1363 1558 1611 1626 qumdam
1642 1555 1862 1628 Origeni
1896 1573 2180 1628 perperam
2216 1560 2452 1628 ascripta
2498 1559 2678 1614 addita
2723 1561 2946 1625 fuerint,
2988 1576 3109 1629 qua:
3143 1561 3366 1614 omnino

133 1652 362 1719 superﬂua
393 1653 655 1721 adeoque
686 1651 996 1706 ementibus
1021 1665 1256 1705 onerosa
1287 1650 1390 1704 sibi
1425 1650 1771 1716 videbantur,
1803 1650 1923 1703 ideo
1959 1649 2010 1703 in
2044 1650 2443 1718 posterioribus
2476 1653 2636 1706 tomis
2677 1652 2883 1722 reliqua
2930 1652 3198 1722 ejusmodi
3230 1666 3363 1717 spu-

134 1749 195 1798 ria
225 1747 516 1800 omittenda
549 1746 895 1811 censuimus,
925 1745 1104 1816 qualia
1147 1755 1272 1799 sunt
1317 1745 1757 1800 Commentarius
1788 1744 1928 1798 alter
1961 1744 2012 1796 in
2040 1741 2141 1798 Job
2175 1759 2204 1797 a
2239 1742 2525 1800 Joachimo
2560 1745 2808 1801 Perionio
2832 1745 3023 1799 Latine
3043 1758 3361 1806 conversus,

138 1839 508 1892 Commentaria
551 1840 608 1892 in
640 1837 997 1910 Evangelium
1031 1837 1195 1892 Marci
1223 1853 1352 1907 qua:
1383 1837 1484 1891 sibi
1515 1837 1809 1907 aliquando
1851 1837 2057 1892 edenda
2107 1846 2472 1905 proposuerat
2502 1838 2846 1893 doctissimus
2882 1837 3131 1902 lluetius,
3174 1835 3361 1890 llomi-

139 1929 204 1981 lia:
231 1928 280 1982 in
308 1928 582 1994 diversos,
621 1939 679 1983 et
703 1928 808 1982 alia
848 1943 968 1996 quae
997 1926 1295 1996 praeferunt
1321 1928 1554 1998 vulgatae
1584 1937 1746 1982 antea
1780 1926 1984 1981 Latium
2018 1927 2282 1983 editiones
2315 1929 2499 1982 :unde
2533 1929 2592 1983 ﬁt
2627 1941 2682 1982 ut
2711 1946 2815 1984 non
2844 1931 2958 1999 jam
2994 1929 3361 1984 voluminibus

131 2024 357 2090 quinque,
405 2021 555 2077 sicut
605 2022 766 2077 initio
805 2022 1147 2092 propositum
1202 2021 1403 2088 fuerat,
1445 2023 1542 2076 sed
1599 2028 1833 2088 quatuor
1877 2019 2145 2073 duntaxat
2193 2028 2302 2073 tota
2351 2018 2811 2090 Origenianorum
2844 2020 3081 2090 Operuin
3111 2021 3363 2076 collectio

134 2116 444 2169 conﬁciatur.

185 2211 357 2264 mrum
385 2227 518 2267 vero
552 2211 792 2266 fortasse
816 2210 1095 2266 videbitur
1133 2215 1390 2278 quartum
1428 2206 1530 2260 hoc
1567 2214 1620 2259 et
1645 2202 1896 2256 ultimum
1924 2201 2199 2268 volumen,
2238 2206 2380 2273 quod
2426 2206 2477 2259 in
2526 2206 2846 2274 prazfatione
2883 2207 3027 2262 tertii
3055 2222 3200 2262 anno
3223 2207 3364 2262 1740

129 2305 254 2372 quasi
305 2321 424 2359 mox
461 2308 628 2374 prelo
665 2303 1116 2359 committendum
1157 2302 1564 2362 nuntiaveram,
1611 2309 1722 2352 tam
1780 2312 1903 2352 sero
1952 2307 2134 2352 tamen
2190 2309 2310 2368 post
2350 2298 2452 2352 alia
2503 2300 2741 2369 prodire.
2777 2298 2974 2355 Verum
3001 2312 3362 2372 praeterquam

130 2399 248 2465 quod
277 2396 499 2466 propius
525 2394 849 2464 inspicienti
879 2392 1013 2446 mibi
1038 2391 1128 2446 vix
1168 2391 1467 2460 quidquam
1519 2390 1574 2443 in
1610 2402 1675 2443 eo
1702 2387 2050 2442 elaboratum
2095 2388 2356 2459 preloque
2386 2401 2636 2459 paratum
2669 2393 2929 2456 occurrit,
2963 2395 3172 2448 absenti
3205 2396 3365 2462 paulo

130 2502 249 2561 post,
281 2493 596 2561 alienisque
633 2489 908 2544 laboribus
953 2496 1221 2555 occupato
1271 2483 1556 2554 promissis
1600 2492 1746 2536 stare
1785 2495 1892 2535 non
1923 2481 2099 2535 licuit.
2134 2481 2291 2536 Anno
2315 2484 2459 2538 enim
2494 2483 2632 2538 1742
2667 2496 2886 2542 mortuo
2926 2488 3147 2542 domino
3176 2498 3366 2543 nostro

132 2585 262 2640 Petro
289 2584 564 2646 Sabatier,
605 2583 699 2652 qui
731 2583 927 2637 veteris
968 2580 1172 2634 Latina:
1214 2577 1536 2640 Bibliorum,
1567 2590 1727 2645 quam
1774 2575 2016 2630 Italicam
2063 2586 2280 2642 vocant,
2317 2578 2598 2634 Versionis
2625 2581 2804 2649 priora
2837 2581 2944 2636 duo
2977 2581 3250 2637 volumina
3282 2583 3365 2638 in-

132 2680 234 2733 folio
263 2679 440 2732 Remis
474 2679 820 2749 vulgaverat,
857 2661 1053 2730 Remos
1104 2688 1247 2727 anno
1278 2670 1418 2726 1745
1447 2687 1475 2724 a
1512 2668 1901 2739 Superioribus
1948 2667 2147 2726 missus
2180 2671 2246 2724 ad
2283 2675 2713 2741 persequendam
2765 2675 2921 2736 hanc,
2956 2690 3117 2744 quam
3145 2675 3366 2746 potissi-

135 2791 252 2827 mum
285 2771 590 2842 ﬂagitabat,
626 2770 890 2840 cujusque
915 2766 1221 2837 sumptibus
1253 2766 1584 2820 subvenerat
1618 2762 2006 2818 serenissimus
2049 2764 2469 2818 Aurelianorum
2502 2767 2610 2838 duit
2637 2779 2702 2820 ac
2728 2768 3001 2836 princeps,
3031 2768 3350 2836 editionem,

134 2881 207 2920 sex
238 2880 404 2920 annos
436 2866 688 2934 integros
719 2864 919 2918 ibidem
951 2861 1216 2928 insumpsi
1252 2859 1414 2914 tertio
1441 2868 1499 2912 et
1533 2855 1722 2912 ultimo
1757 2855 1918 2925 hujus
1949 2855 2212 2910 volumini
2253 2855 2604 2912 absolvendo.
2638 2857 2755 2923 Quo
2786 2857 2938 2912 ﬁnito
2968 2868 3108 2915 totus
3133 2862 3200 2916 ad
3234 2860 3354 2917 Ori-

136 2977 294 3030 genem
324 2959 481 3027 redii,
516 2958 738 3029 singula
770 2959 838 3012 ad
877 2957 1279 3026 manuscriptos
1309 2954 1527 3008 codices
1566 2951 1772 3008 contuli
1807 2960 1862 3004 et
1884 2952 2166 3020 castigavi,
2192 2949 2338 3004 notis
2365 2946 2652 3010 illustravi.
2682 2951 2814 3005 nulli
2836 2952 3068 3022 denique
3095 2954 3178 3010 vel
3198 2970 3365 3024 curae,

135 3053 201 3108 vel
226 3054 419 3120 studio,
454 3055 544 3108 vel
586 3051 760 3107 labori
798 3050 1014 3122 peperci
1043 3058 1101 3103 ut
1136 3049 1406 3118 integrum
1436 3047 1568 3102 illud
1601 3062 1664 3100 ac
1705 3043 2006 3115 perfectum
2038 3043 2260 3112 suisque
2293 3045 2545 3098 omnibus
2595 3044 2836 3098 numeris
2866 3045 3172 3100 absolutum
3208 3047 3358 3102 voln-

135 3163 232 3201 rr.eu
269 3147 545 3203 evaderet.
579 3146 637 3201 Si
671 3145 799 3215 quid
829 3153 1018 3213 postea
1054 3157 1220 3197 morte
1253 3139 1646 3202 intercesserit,
1677 3138 1728 3191 id
1763 3137 2106 3192 tribuendum
2162 3138 2246 3190 vel
2287 3136 2532 3191 aviditati
2569 3145 2623 3192 et
2655 3137 2956 3191 oscitantia:
2999 3141 3363 3208 typographu-

136 3255 252 3305 rum,
280 3240 388 3310 qui,
429 3256 498 3296 ne
550 3238 940 3310 typographica
969 3251 1206 3306 unquam
1241 3250 1340 3290 sua
1368 3232 1581 3288 oﬁicina
1614 3241 1792 3296 vacet,
1819 3245 1956 3285 nova
1989 3244 2208 3298 semper
2241 3230 2604 3298 imprimenda
2648 3240 2930 3300 appetunt,
2963 3231 3210 3288 inchoata
3256 3249 3356 3289 neo-

138 3332 439 3400 gligunt,vel
471 3334 606 3389 aliis
640 3331 1054 3403 quibuscunque
1094 3327 1333 3392 casibus,
1366 3325 1552 3397 quales
1585 3324 1690 3380 fert
1725 3339 1905 3378 rerum
1941 3324 2306 3378 humanarum
2355 3339 2632 3394 nunquam
2677 3325 2780 3381 sibi
2809 3328 3175 3382 censtantium
3203 3330 3363 3386 vicis-

138 3427 308 3483 situdo.

195 3519 345 3573 Porro
377 3527 562 3572 tomus
596 3515 683 3569 hic
715 3521 940 3584 quartus
979 3522 1034 3565 et
1071 3510 1292 3563 ultimus
1334 3508 1386 3562 in
1417 3509 1550 3563 duas
1587 3519 1768 3577 partes
1799 3510 2079 3573 dividitur,
2114 3524 2346 3578 quarum
2388 3508 2540 3578 prior
2580 3513 2822 3564 continet
2867 3513 3081 3566 residua
3112 3511 3358 3584 Origeni:

141 3629 278 3682 opera
303 3613 353 3666 in
382 3609 677 3674 Joannem,
712 3608 1074 3678 fragmentum
1103 3619 1133 3658 c
1165 3611 1356 3673 quarta
1391 3603 1611 3658 homilia
1641 3604 1693 3656 in
1719 3604 1853 3658 Acta
1889 3605 2289 3673 apostolorum,
2323 3603 2761 3661 Commentarios
2789 3607 3028 3675 ejusdem
3066 3612 3116 3666 in
3151 3611 3362 3680 Episto—

145 3709 228 3761 ιλιι]
253 3705 391 3761 Pauli
420 3705 489 3761 ad
539 3703 840 3764 Romanos,
869 3714 991 3753 eum
1039 3697 1363 3768 fragmentis
1395 3696 1447 3750 in
1477 3696 1746 3764 Epistolas
1785 3697 1851 3750 ad
1880 3696 2122 3764 Galatas.
2163 3700 2231 3753 ad
2264 3699 2547 3768 Ephesios,
2581 3699 2646 3753 ad
2677 3699 3050 3771 Colossenses,
3094 3706 3158 3759 ad
3190 3706 3362 3764 Thes-

143 3799 488 3864 mlonicenses,
522 3797 594 3851 ad
642 3795 849 3861 Titum,
881 3793 948 3845 ad
1000 3790 1399 3852 Philemonem,
1430 3789 1498 3842 ad
1548 3787 1822 3852 Hebraeos,
1857 3800 1915 3844 et
1954 3790 2165 3845 duobus
2216 3793 2494 3846 consuetis
2540 3793 2833 3858 indicibus,
2895 3796 3064 3850 altero
3116 3799 3356 3856 locorum

146 3892 404 3960 Scriptura
442 3904 647 3951 sacrae,
669 3887 845 3940 altero
889 3897 1070 3938 rerum
1101 3880 1535 3936 memorabilium
1566 3896 1580 3931 :
1617 3881 1890 3948 posterior
1915 3896 2041 3949 pars
2073 3882 2458 3952 compiectitur
2485 3881 2664 3951 Opera
2699 3887 2765 3938 ad
2795 3883 3078 3956 Origenem
3109 3902 3362 3961 spectan-

148 3989 220 4052 tia,
242 3990 476 4043 nimirum
511 3987 573 4041 S.
607 3982 876 4052 Pamphili
905 3978 1166 4050 martyris
1202 3977 1514 4047 Apologiam
1541 3991 1635 4044 pro
1669 3973 1918 4046 Origene,
1947 3985 2003 4031 et
2035 3993 2134 4045 pro
2167 3978 2356 4032 eodem
2405 3975 2787 4048 Panegyricum
2824 3979 3130 4038 Orationem
3164 4003 3194 4040 a
3231 4004 3361 4044 san.

147 4094 215 4135 clo
235 4083 478 4151 Gregorio
513 4079 926 4144 'l‘hamnaturgo
954 4087 984 4126 e
1011 4070 1200 4126 schola
1249 4067 1502 4138 Origenis
1539 4069 1593 4121 in
1639 4067 1872 4137 patriam
1921 4069 2099 4123 redire
2139 4072 2350 4138 paranti
2386 4074 2766 4141 compositam,
2797 4091 2860 4128 ac
2888 4076 3147 4134 Cmsarea;
3175 4082 3229 4136 in
3258 4083 3358 4137 pa.

147 4176 315 4230 uestina
345 4175 563 4244 publice
593 4171 855 4232 habitam,
889 4165 1212 4234 Origeniana
1237 4178 1266 4214 a
1292 4160 1610 4216 doctissimo
1637 4159 1830 4216 lluetio
1861 4160 2086 4230 scripta,
2115 4164 2368 4231 notisque
2401 4162 2677 4218 historicis
2710 4181 2773 4219 ac
2796 4167 3001 4223 criticis
3035 4172 3124 4225 ubi
3144 4187 3263 4229 cum
3293 4192 3360 4231 co

151 4270 275 4323 nobis
294 4285 391 4323 non
420 4267 684 4324 convenit
713 4265 1000 4326 illustrata,
1033 4273 1154 4314 cum
1193 4270 1409 4311 summa
1440 4253 1682 4323 ejusdem
1715 4255 1896 4324 operis
1927 4254 2218 4319 librorum,
2251 4257 2587 4322 sectionum,
2621 4261 2858 4328 capitum
2886 4272 2941 4315 et
2969 4280 3312 4322 numerorum
3340 4287 3354 4334 ;

145 4371 189 4413 et
208 4373 505 4430 excerptum
543 4376 608 4416 ex
650 4358 885 4427 Georgio
936 4353 1090 4408 Bullo
1134 4358 1298 4418 caput
1348 4363 1550 4402 nonum
1586 4346 1922 4415 Defensiom's
1957 4348 2085 4416 ﬁdei
2137 4347 2396 4417 Nictena',
2431 4351 2497 4406 de
2536 4351 2671 4408 Filio
2702 4352 2778 4424 τῷ
2801 4357 3093 4429 opacus-im,
3135 4361 3224 4416 ubi
3267 4378 3354 4416 ca.

153 4454 312 4508 tholica
340 4452 593 4522 Origeuis
615 4453 682 4506 de
713 4449 981 4504 Trinitate
1019 4446 1150 4500 ﬁdes
1180 4441 1524 4512 potissimum
1552 4440 1883 4494 vindicatur.

207 4600 608 4658 Commentariis
649 4604 703 4657 in
749 4601 1038 4666 Joannem,
1071 4611 1127 4654 et
1170 4601 1437 4670 Apologia:
1485 4600 1752 4668 Pamphili
1785 4603 2021 4668 speciale
2051 4604 2314 4661 Monitum
2345 4612 2627 4678 praeﬁxum
2657 4627 2758 4670 ρει.
2785 4618 2918 4675 Cum
2951 4640 3080 4680 vero
3124 4630 3191 4685 de
3236 4631 3318 4688 fra
3341 4667 3357 4678 .

151 4698 346 4760 giuentis
370 4699 419 4751 in
446 4700 587 4752 Acta
622 4697 992 4765 aposwlorum
1027 4705 1083 4749 et
1128 4697 1180 4749 in
1225 4694 1495 4760 Epistolas
1529 4694 1679 4747 Pauli
1729 4709 1924 4765 agatur
1957 4697 2398 4771 Origenianorum
2443 4706 2580 4763 libro
2612 4725 2693 4776 Ill,
2722 4716 2961 4773 sectione
2985 4720 3039 4781 2,
3069 4739 3220 4778 num.
3248 4729 3278 4781 7
3305 4744 3356 4781 υι

151 4783 192 4847 8,
213 4802 317 4857 pag.
350 4789 477 4853 297,
507 4801 561 4844 et
584 4790 826 4844 sectione
854 4789 910 4854 5,
940 4804 1091 4845 num.
1122 4788 1189 4842 H
1213 4799 1268 4844 et
1295 4787 1380 4852 15,
1416 4803 1541 4857 pag.
1577 4788 1683 4842 505
1717 4801 1772 4843 et
1805 4789 1932 4855 506,
1968 4795 2057 4847 ubi
2085 4796 2213 4864 quid
2253 4801 2376 4854 novi
2412 4817 2441 4856 a
2471 4805 2627 4859 nobis
2660 4819 2928 4875 repertum
2978 4815 3051 4868 sit
3079 4819 3220 4874 notis
3259 4829 3354 4875 nl.-

150 4884 467 4980 aervavittius,
500 4885 625 4940 inde
675 4884 735 4938 ﬁt
787 4895 846 4937 ut
887 4885 954 4938 de
992 4883 1098 4938 illis
1126 4883 1321 4937 iterum
1354 4883 1572 4953 praefari
1596 4900 2063 4954 supervacaneum
2095 4893 2357 4958 videatur,
2385 4898 2487 4954 nisi
2518 4899 2656 4956 forte
2682 4903 2884 4973 aliquid
2914 4909 3137 4980 insuper
3166 4916 3352 4971 dicet.-

153 4971 252 5030 dum
275 4977 339 5032 sit
365 4979 430 5035 de
456 4977 879 5034 Commentariis
910 4976 961 5032 in
989 4976 1284 5048 Epistolam
1313 4978 1380 5031 ad
1415 4975 1709 5032 Romanos.

1064 5159 1140 5213 De
1179 5157 1581 5212 Commentariis
1610 5158 1663 5208 in
1690 5153 1981 5217 Epistolam
2013 5151 2082 5201 ad
2113 5149 2394 5204 Romanos.

209 5264 318 5322 Cum
359 5271 515 5325 libris
548 5285 579 5321 v
607 5278 663 5324 et
693 5282 787 5321 vm
822 5265 1016 5320 Contra
1050 5266 1259 5321 Celsum
1296 5281 1424 5322 snas
1467 5267 1520 5320 in
1555 5265 1854 5334 Epistolam
1881 5263 1961 5333 ad
2005 5261 2285 5318 Romanos
2334 5262 2740 5319 lucubrationes
2769 5281 3033 5326 memoret
3063 5272 3348 5344 Origenes.

159 5371 319 5416 certum
345 5375 424 5419 est
464 5365 518 5417 in
572 5364 714 5418 hanc
757 5364 906 5432 prius
940 5361 1260 5432 Epistolam,
1285 5377 1448 5430 quam
1496 5359 1698 5414 Contra
1737 5358 1974 5423 Celsum,
2002 5358 2247 5428 adeoque
2291 5370 2586 5428 antequam
2621 5359 2782 5416 ﬁnem
2819 5363 3120 5432 imperandi
3148 5367 3353 5426 faceret

160 5447 402 5522 Philippus,
448 5471 572 5511 eum
619 5456 924 5523 scripsisse.
974 5455 1170 5524 Liquet
1199 5456 1362 5509 etiam
1409 5453 1541 5508 illud
1583 5467 1720 5523 opus
1763 5451 1932 5506 fuisse
1972 5451 2311 5508 elaboratum
2345 5461 2465 5520 post
2498 5452 2613 5520 ejus
2645 5453 2698 5505 in
2729 5451 3029 5510 Leviticum
3063 5456 3350 5529 llomilias,

159 5562 341 5613 qllal'lllll
390 5551 644 5607 secundae
689 5549 936 5605 meminit
979 5549 1072 5604 lib.
1120 5564 1201 5614 lx,
1248 5563 1400 5604 num.
1449 5549 1474 5602 1
1525 5547 2050 5602 Commentariorum
2089 5546 2140 5599 in
2167 5546 2414 5600 ean‘idcm
2451 5546 2766 5615 Epistolam.
2800 5550 2970 5604 l’orro
3002 5554 3351 5622 cnui,judice

159 5635 330 5706 lluﬁno,
363 5645 474 5701 ista:
505 5645 756 5701 llomilia:
800 5659 866 5698 cx
924 5652 1168 5712 tempore
1208 5643 1574 5715 pronuntiata:
1609 5641 1738 5703 sint,
1773 5642 1990 5694 nonnisi
2025 5648 2147 5708 post
2188 5654 2391 5692 annum
2431 5638 2632 5695 Christi
2663 5641 2770 5697 245
2801 5643 2987 5698 haberi
3028 5651 3344 5712 potuerunt.

159 5728 277 5787 Unde
313 5736 604 5806 colligimus
649 5753 760 5806 quo
805 5745 1050 5808 tempore
1086 5737 1530 5793 Commentarios
1571 5735 1628 5788 in
1677 5733 1993 5788 Matthtcum
2027 5736 2391 5790 concinnabat
2423 5736 2708 5806 Origenes,
2744 5752 2935 5805 nempe
2967 5737 3113 5793 circa
3143 5755 3342 5796 annum

153 5817 252 5891 246,
279 5826 556 5898 imperante
601 5829 873 5900 Philippo,
916 5831 1106 5887 eodem
1144 5832 1309 5889 etiam
1348 5828 1750 5888 Commentaria
1796 5831 1851 5885 in
1906 5827 2201 5897 Epistulam
2249 5830 2316 5886 ad
2350 5829 2626 5887 Romanos
2659 5846 2780 5886 eum
2809 5833 3125 5891 adornasse.
3161 5831 3346 5904 quue

419 5930 690 5992 PnnOL.
732 5932 848 5993 Cn.
882 5929 1048 6001 XIV.
1322 5990 1327 5995 .
2995 5929 3029 5991 1

1466 6063 1544 6086 "‘
1565 6067 1632 6086 ν’
1664 6069 1805 6119 "an
1843 6068 1893 6119 .4
1922 6067 2004 6120 ί)
