3792 6146
370 367 433 427 tt
593 437 598 442 _
1531 363 1867 419 PliASFATb

2131 359 2316 418 )MUM
2351 359 2439 414 IV.
3564 353 3628 406 l9.

368 485 720 541 verisimilius
770 483 898 539 illud
952 482 1185 546 eruitur,
1228 481 1372 550 quod
1414 473 1560 535 tomo
1610 496 1721 534 xvn
1757 482 1808 534 in
1860 477 2171 534 Matthzeum
2215 490 2345 530 suas
2401 475 2453 528 in
2485 473 2777 544 Epistolam
2807 476 2872 528 ad
2909 473 3182 528 Romanos
3209 471 3630 542 explanationes

374 587 673 644 recenseat,
701 586 754 633 et
806 576 901 632 lib.
937 593 954 631 ι
990 577 1045 629 in
1070 574 1363 644 Epistolam
1395 573 1463 628 ad
1497 571 1790 637 Romanos,
1830 586 1983 624 num.
2017 571 2070 636 5,
2109 571 2175 626 de
2219 567 2531 640 genealogia
2580 567 2882 621 Salvatoris
2917 582 2944 620 a
2977 565 3228 619 Matthaco
3282 564 3452 620 relata
3503 577 3634 632 pro-

370 675 550 728 mittat
579 689 640 729 se
672 673 842 728 fusius
873 686 969 727 suo
995 669 1115 726 loco
1146 671 1197 725 in
1226 668 1577 738 sequentibus
1598 666 1948 734 scripturum.

439 766 817 828 Cassiodorus,
869 763 1114 817 lnstitut.
1155 762 1318 814 divin.
1359 758 1502 823 lect.,
1546 771 1672 825 cap.
1705 756 1760 821 8,
1799 756 1988 823 viginti
2042 755 2212 810 libros
2251 755 2306 807 in
2351 756 2492 808 hanc
2545 751 2845 822 Epistulam
2897 751 2964 804 ab
2999 749 3234 828 Origene
3285 751 3633 818 conscriptos

370 859 558 916 refert.
595 857 780 914 Sancti
813 856 970 910 Pauli
997 856 1167 922 prima
1197 853 1453 916 omnium,
1494 848 1687 920 inquit,
1719 857 1767 900 et
1814 847 2182 900 admirabilior
2209 845 2476 898 destinata
2509 845 2843 911 cognoscitur
2869 843 2936 895 ad
2976 842 3258 906 Romanos,
3301 858 3460 912 quam
3493 841 3627 896 Ori-

369 967 521 1025 genes
560 951 740 1020 viginti
793 950 945 1003 libris
983 943 1168 1003 erco
1210 962 1447 1002 sermone
1482 943 1790 998 declaravit.
1824 941 2024 996 Verum
2075 939 2325 1002 Ruﬁnus,
2359 939 2450 1008 qui
2507 936 2741 991 lleraclii
2784 937 3020 1005 impulsu
3052 952 3145 991 eos
3174 936 3382 990 Latina:
3422 935 3630 1003 lingua:

371 1044 652 1100 donandos
688 1042 944 1111 suscepit,
975 1042 1284 1105 quindecim
1318 1049 1528 1095 tantum
1575 1045 1861 1092 enumerat
1897 1036 1948 1088 in
1988 1049 2099 1089 sua:
2135 1031 2508 1087 translationis
2561 1030 2830 1100 procemio
2865 1048 2882 1082 ς
2913 1030 3023 1084 imo
3073 1027 3286 1083 variant
3331 1028 3626 1086 lectiOnes,

373 1147 429 1190 et
449 1118 556 1204 pro
583 1135 898 1204 quindecim,
934 1143 990 1188 ut
1042 1134 1228 1204 legunt
1266 1146 1456 1186 omnes
1503 1131 1655 1194 editi,
1688 1131 1814 1192 duo,
1846 1128 2045 1197 quibus
2080 1126 2162 1181 nsi
2193 1140 2404 1188 sumus,
2437 1122 2805 1191 antiquissimi
2831 1123 3076 1187 codices,
3110 1138 3249 1176 unus
3273 1121 3614 1176 cathedralis

372 1227 618 1281 ecclesia:
664 1226 1031 1292 Ebroicensis,
1065 1225 1206 1278 alter
1252 1224 1571 1278 monasterii
1602 1220 1992 1285 Vallis-Clam,
2023 1219 2224 1273 habent
2271 1217 2408 1271 alius
2456 1217 2654 1278 decem,
2684 1214 2821 1268 alius
2862 1214 3159 1267 duodecim.
3200 1213 3305 1268 Sed
3357 1215 3450 1268 hic
3507 1214 3625 1265 for-

375 1329 520 1372 tasse
545 1318 717 1371 libros
744 1317 835 1386 qni
868 1332 962 1371 sua
999 1327 1158 1373 aetate
1194 1323 1516 1384 supererant
1544 1314 1918 1369 tantummodo
1946 1313 2171 1366 denotat
2200 1309 2462 1373 Ruﬁnus;
2495 1309 2603 1376 jam
2645 1307 2792 1362 enim
2817 1307 3027 1375 aliquot
3065 1308 3407 1362 intercidisse
3445 1318 3620 1362 testae

375 1419 464 1462 tur
507 1410 559 1463 in
603 1409 922 1477 praefatione
975 1409 1042 1461 ad
1081 1407 1409 1462 lleraclium.
1440 1405 1509 1462 Ut
1540 1415 1597 1460 ut
1629 1405 1720 1469 sit,
1757 1403 2040 1472 deperdita
2086 1402 2153 1456 de
2179 1416 2278 1455 suo
2316 1399 2611 1461 addidisse,
2658 1406 2940 1465 totumque
2969 1412 3104 1466 opus
3130 1398 3197 1450 ad
3228 1397 3458 1450 mediam
3505 1397 3626 1450 fere

374 1510 580 1570 partem
603 1515 663 1555 se
692 1497 1028 1556 contraxisse
1057 1499 1256 1553 ibidem
1299 1497 1587 1568 proﬁtetur
1616 1515 1630 1550 :
1658 1506 1712 1550 et
1748 1495 1947 1563 reipsa,
1985 1501 2120 1548 teste
2163 1491 2487 1546 Cassiodoro
2520 1489 2716 1543 ibidem
2747 1503 2852 1556 quo
2881 1503 3070 1557 supra,
3119 1503 3184 1542 ex
3229 1489 3418 1559 viginti
3464 1489 3626 1544 libris

375 1593 557 1645 decem
595 1592 966 1645 tantummodo
993 1588 1228 1644 confecit
1261 1609 1273 1643 :
1314 1588 1457 1651 Quos
1508 1596 1702 1650 tamen,
1753 1585 1951 1654 inquit,
2002 1600 2166 1652 supra
2189 1584 2362 1635 dictus
2411 1579 2710 1649 Ruﬁnusin
2739 1583 2915 1633 decem
2950 1580 3113 1632 libros
3138 1581 3400 1649 redigens,
3437 1582 3624 1633 adhuc

374 1683 582 1750 copiose
636 1681 909 1734 transtulit
954 1681 1008 1733 in
1057 1678 1329 1732 Latinum.
1384 1678 1659 1733 Adversus
1703 1678 1847 1730 hanc
1893 1675 2176 1729 audaciam
2233 1671 2578 1728 excandescit
2635 1669 2918 1737 Erasmus,
2953 1686 3052 1725 nec
3091 1671 3364 1724 immerito
3393 1674 3621 1740 quidam

375 1774 627 1828 Ruﬁnum
653 1773 1030 1842 objurgarunt,
1059 1772 1515 1840 quemadmodum
1552 1773 1666 1840 ipse
1690 1771 1794 1825 sibi
1827 1768 2099 1837 objectum
2135 1767 2301 1822 luisse
2325 1769 2401 1820 ait
2433 1769 2487 1821 in
2523 1766 2873 1835 peroratione
2897 1781 3008 1820 sua:
3044 1768 3435 1833 translationis,
3468 1772 3623 1839 quod

373 1879 526 1917 suum
566 1863 748 1931 potius
791 1877 952 1931 quam
987 1861 1240 1927 Origenis
1277 1875 1469 1915 nomen
1515 1860 1675 1925 hujus
1703 1861 1884 1928 Operis
1918 1859 2073 1912 titulo
2100 1875 2208 1914 non
2239 1859 2625 1928 inscripsisset.
2668 1855 2805 1911 Hinc
2837 1858 2983 1912 enim
3017 1861 3074 1912 lit
3111 1870 3167 1913 ut
3205 1861 3295 1914 vix
3319 1861 3621 1930 Origo-nem

371 1957 426 2009 in
467 1954 703 2025 Origene
747 1954 1010 2023 reperias,
1048 1954 1406 2024 injuriamque
1446 1953 1666 2025 Origeni
1718 1955 1922 2008 illatam
1957 1953 2171 2008 facilius
2217 1953 2616 2022 deprehendes,
2646 1952 2690 2006 si
2728 1951 3034 2022 fragmenta
3071 1961 3317 2024 quaedam
3351 1959 3621 2013 lucubra-

375 2047 536 2100 tionis
567 2046 726 2116 hujus
759 2047 963 2100 inserta
995 2045 1302 2102 Philocalia:
1335 2063 1457 2102 cum
1493 2047 1776 2102 llutiniana
1807 2047 2166 2102 conversione
2203 2044 2482 2116 conﬂigas.

439 2141 773 2212 Theophilus
819 2142 1168 2208 Salodianus,
1208 2143 1417 2198 ordinis
1451 2143 1825 2198 Observantia:
1871 2142 2296 2197 Mendicantium
2341 2141 2458 2196 Divi
2511 2141 2823 2213 Hieronymi
2857 2136 3157 2211 professor,
3187 2149 3255 2192 ex
3283 2139 3470 2193 codice
3504 2157 3620 2191 ma-

370 2236 651 2304 nuscripto
699 2235 1017 2291 Phesulana:
1038 2239 1118 2292 sui
1157 2249 1454 2294 conventus
1493 2237 1857 2303 bibliothecae,
1894 2240 1986 2308 qui
2021 2235 2414 2308 Hieronymum
2458 2238 2809 2307 interpretem
2841 2236 2894 2290 in
2922 2234 3098 2287 fronte
3134 2232 3481 2302 praeferebat,
3513 2235 3618 2288 hos

370 2327 556 2381 decem
595 2326 764 2380 libros
804 2326 1008 2395 primus
1038 2329 1137 2383 sub
1173 2326 1486 2398 Hieronymi
1521 2328 1739 2382 nomine
1765 2328 2006 2383 Venetiis
2048 2328 2219 2384 edidit
2243 2343 2390 2382 anno
2420 2327 2578 2382 1506.
2615 2327 2768 2382 llunc
2796 2326 2966 2381 secuti
3001 2323 3288 2388 Merlinus,
3323 2324 3613 2388 Erasmus,

369 2417 772 2484 Genebrardus,
824 2417 1251 2488 iiieronymique
1300 2419 1536 2488 Opernm
1595 2420 1937 2476 Basileenses
1989 2421 2249 2485 editores,
2284 2436 2426 2475 anno
2474 2420 2631 2483 l57l,
2681 2429 2842 2490 atque
2891 2415 3168 2485 Philippus
3220 2415 3487 2472 Labbzeus
3536 2419 3614 2472 De

369 2512 613 2579 scriptor.
643 2512 850 2573 eccles.,
877 2523 1008 2564 tom.
1038 2510 1100 2576 ll,
1136 2527 1257 2582 pag.
1289 2512 1412 2576 145,
1438 2511 1556 2582 ejus
1584 2528 1766 2582 operis
1793 2511 2303 2581 interpretationem
2335 2509 2668 2582 Hieronymo
2696 2512 2879 2567 itidem
2910 2513 3308 2582 ascripserunt.
3340 2513 3445 2567 Sed
3471 2514 3615 2568 hanc

372 2601 567 2655 Ruﬁno
598 2615 719 2655 esse
753 2601 1096 2656 tribuendam
1121 2604 1530 2659 evidentissime
1553 2605 1786 2674 probant
1819 2612 1930 2657 tum
1962 2603 2345 2668 Cassiodorus,
2382 2614 2493 2658 tum
2525 2605 2881 2674 manuscripti
2906 2605 3100 2668 nostri,
3134 2615 3247 2658 tum
3274 2607 3389 2673 ipsa
3427 2605 3612 2659 Ruﬁni

370 2695 664 2763 peroratio,
712 2695 802 2750 ubi
851 2696 926 2748 ait
968 2710 1026 2748 se
1067 2695 1225 2764 paulo
1279 2705 1398 2764 post
1446 2711 1838 2751 conversurum
1887 2695 2181 2750 Clementis
2221 2695 2415 2760 libros,
2455 2695 2600 2765 quod
2645 2711 2675 2749 a
2724 2695 2922 2750 Rulino
2966 2695 3174 2750 factum
3208 2710 3328 2751 esse
3364 2709 3605 2751 constat.

369 2790 649 2850 Erasmus,
680 2788 952 2857 mangonii
1003 2787 1258 2842 librarios
1314 2788 1662 2850 insimulans,
1695 2789 1762 2841 ad
1796 2798 2071 2856 emptores
2103 2786 2427 2841 alliciendos
2464 2797 2781 2854 praetextum
2817 2787 2883 2841 ab
2933 2787 2999 2842 iis
3049 2788 3364 2859 llieronymi
3413 2804 3611 2843 nomen

371 2879 692 2934 arbitratur.
721 2879 821 2932 Ast
849 2877 1100 2942 Huetius,
1127 2879 1266 2932 hanc
1299 2877 1509 2932 Erasmi
1539 2877 1961 2948 probabiliorem
1991 2877 2320 2931 sententiam
2368 2891 2651 2946 respuens,
2679 2891 2858 2940 suam,
2897 2879 2984 2932 cui
3011 2879 3232 2934 minime
3261 2884 3611 2942 assentimus,

371 2972 441 3024 ita
469 2972 645 3040 aperit
679 2972 987 3042 Urigenian.
1038 2973 1130 3027 lib.
1167 2989 1248 3036 ut,
1279 2987 1401 3043 cap.
1430 2973 1484 3038 2,
1529 2981 1664 3028 sect.
1691 2975 1744 3036 5,
1780 2989 1930 3026 num.
1963 2973 2070 3027 15:
2104 2973 2250 3026 «Cur
2295 2970 2622 3044 Hieronymo
2675 2974 2875 3028 tributa
2921 2975 2995 3029 sit
3025 2975 3162 3043 (haac
3209 2976 3610 3046 interpretatio)

368 3063 547 3120 Ruﬁni
583 3074 700 3119 astu
748 3075 802 3119 et
840 3063 1054 3138 valritie
1097 3065 1299 3120 factum
1347 3076 1493 3135 puto,
1533 3066 1624 3135 qui
1661 3069 1727 3119 ad
1763 3065 2139 3119 declinandam
2185 3064 2316 3118 l‘acti
2354 3065 2612 3118 invidiam
2646 3064 2808 3134 (male
2853 3068 3050 3137 quippe
3077 3069 3331 3122 audiebat
3356 3068 3612 3133 Origenis

369 3161 609 3231 nomen),
645 3169 698 3215 et
735 3161 787 3214 in
814 3159 1222 3229 Hieronymum,
1255 3175 1287 3215 a
1325 3176 1433 3231 quo
1459 3176 1602 3228 saepe
1627 3159 1952 3230 Origenismi
1978 3173 2142 3213 causa
2182 3159 2487 3228 exagitatus
2523 3160 2722 3225 fuerat,
2766 3159 3181 3226 refundendam,
3219 3179 3414 3218 nomen
3446 3181 3609 3219 suum

368 3265 476 3306 non
521 3252 797 3320 apposuit,
823 3249 1088 3304 modestia
1133 3250 1338 3304 factum
1384 3250 1670 3313 simulans,
1702 3251 1847 3316 quod
1879 3249 2036 3303 malis
2087 3248 2298 3302 artibus
2351 3258 2530 3302 actum
2568 3257 2704 3303 erat.
2732 3267 2750 3301 ι
2797 3251 2998 3306 Eadem
3045 3254 3214 3310 ferme
3246 3255 3322 3310 ait
3365 3255 3611 3325 ejusdem

367 3344 628 3400 sectionis
653 3359 803 3398 num.
845 3343 902 3406 5,
949 3343 1038 3396 ubi
1070 3343 1136 3395 de
1163 3341 1417 3397 Homiliis
1441 3344 1492 3395 in
1523 3340 1705 3396 Josue.
1739 3341 1844 3395 Sed
1883 3342 1950 3395 de
1976 3341 2059 3394 his
2086 3356 2185 3394 suo
2214 3339 2330 3394 loco
2367 3341 2721 3396 disseremus.

437 3435 646 3490 Prmter
685 3444 1023 3489 contractam
1061 3433 1205 3486 illam
1235 3445 1290 3488 et
1325 3443 1630 3488 truncatam
1678 3432 1859 3486 Ruﬁni
1904 3432 2438 3500 interpretationem,
2488 3435 2752 3487 habemus
2791 3436 2918 3489 tomi
2961 3437 3120 3506 primi
3172 3454 3277 3492 non
3329 3440 3609 3500 mediocre

369 3528 731 3598 fragmentum
763 3527 816 3580 in
853 3526 1027 3595 capite.
1066 3516 1377 3578 Philocaliie
1411 3524 1538 3587 24‘,
1569 3538 1632 3577 ac
1659 3525 1794 3578 duas
1823 3523 2059 3575 minores
2107 3521 2334 3577 lacinias
2368 3524 2418 3576 in
2457 3523 2714 3593 Apoiogia
2746 3523 3074 3594 Pamphili”.
3104 3527 3364 3585 Socrates
3399 3527 3607 3586 lltstor.

365 3624 575 3688 cccles.,
597 3621 693 3674 lib.
725 3635 822 3683 vn,
852 3633 976 3688 cap.
1011 3618 1373 3683 52,0hservat
1398 3616 1690 3688 Origenem
1718 3617 1770 3670 in
1809 3616 1974 3684 priori
2001 3615 2188 3669 eodem
2215 3616 2398 3669 tomo’
2424 3615 2688 3670 latissime
2711 3619 3028 3685 exposuisse
3064 3633 3166 3688 qua
3205 3622 3416 3676 ratione
3440 3622 3611 3676 Maria

369 3711 532 3783 Virgo
564 3712 793 3782 Deipara
829 3711 1123 3767 diceretur.
1156 3712 1420 3781 Origenes
1463 3712 1576 3780 ipse
1595 3709 1638 3774 ⁸,
1667 3709 1761 3764 lib.
1792 3723 1822 3760 ν
1851 3705 2048 3762 Contra
2095 3706 2327 3775 Celsum,
2358 3724 2505 3762 num.
2535 3707 2626 3771 47,
2653 3707 2719 3763 de
2752 3709 3173 3765 circumcisione
3224 3715 3402 3780 egisse
3435 3729 3494 3768 se
3530 3717 3612 3767 ait

366 3805 782 3860 Commentariis
810 3803 864 3858 in
897 3804 1039 3860 hanc
1071 3806 1139 3860 ad
1165 3805 1442 3859 Romanos
1485 3801 1798 3874 Epistolam.
1841 3799 2072 3854 Sanctus
2103 3801 2335 3855 Basilius
2374 3802 2512 3854 libro
2539 3799 2617 3854 De
2649 3799 2860 3869 Spiritu
2901 3814 3108 3868 sancto,
3140 3819 3260 3873 cap.
3303 3805 3392 3871 29,
3427 3805 3610 3859 locum

363 3913 432 3952 ex
457 3896 665 3952 eisdem
693 3895 1115 3953 Commentariis
1146 3896 1314 3950 refert
1341 3896 1426 3950 his
1457 3895 1668 3950 verbis:
1707 3895 1772 3948 Ai
1802 3894 1860 3964 ἱει

2119 3909 2240 3965 piat;
2265 3893 2566 3963 χωρητικαὶ
2591 3892 2686 3945 τοῦ
2712 3893 3052 3961 Μονογενοῦς
3078 3895 3170 3947 καὶ
3202 3895 3302 3966 τῆς
3334 3896 3428 3949 τοῦ
3450 3897 3609 3966 ἁγίςυ

368 3991 681 4062 Πνεύματος
713 3989 996 4060 Θεότητος·
1030 3988 1210 4043 Sacra:
1260 3983 1474 4041 virtutes
1517 4003 1734 4056 capaces
1777 3997 1899 4041 sunt
1930 3983 2202 4056 Unigeniti
2243 3997 2292 4039 et
2323 3986 2493 4040 sancti
2536 3983 2766 4053 Spiritus
2789 3988 3002 4041 deitatis
3030 4004 3048 4041 :
3078 3987 3274 4041 librum
3300 4005 3427 4044 vero
3464 3992 3610 4045 unde

372 4083 522 4135 illum
560 4082 764 4137 eruerit
797 4096 904 4134 non
939 4080 1174 4146 notavit;
1205 4079 1298 4134 sed
1340 4080 1528 4133 eadem
1572 4079 1737 4133 verba
1779 4079 2130 4148 reperiuntur
2160 4078 2214 4132 in
2250 4078 2702 4148 interpretatione
2735 4077 2940 4143 Rulini,
2973 4078 3068 4133 lib.
3101 4096 3185 4143 ιιι,
3219 4097 3368 4139 num.
3400 4082 3455 4146 8,
3479 4098 3606 4152 pag.

363 4173 490 4228 5l5.
526 4172 731 4228 Rursus
763 4169 1029 4239 Origenes
1063 4181 1208 4226 tomo
1238 4186 1347 4225 xvn
1377 4172 1429 4225 in
1461 4170 1798 4235 Matthzeum,
1832 4187 1984 4225 num.
2033 4172 2127 4236 52,
2174 4171 2403 4239 plurima
2451 4171 2875 4226 Commentariis
2925 4173 3038 4228 suis
3091 4173 3143 4226 in
3195 4173 3490 4242 Epistolatn
3538 4179 3607 4229 ad

368 4266 639 4320 Romanos
667 4281 697 4318 a
731 4280 790 4319 se
817 4264 959 4317 dicta
1012 4263 1177 4318 fuisse
1227 4261 1392 4316 refert
1415 4263 1438 4294 ⁵
1467 4264 1519 4316 in
1559 4264 1701 4318 hunc
1741 4264 1982 4331 Apostoli
2035 4271 2349 4318 contextum
2386 4279 2400 4315 :
2436 4262 2517 4314 An
2571 4264 2850 4332 ignoratis,
2883 4263 3077 4333 fratres
3119 4265 3428 4335 (scientibus
3463 4268 3609 4320 enim

363 4359 525 4425 legem
559 4355 790 4425 loquor),
821 4357 947 4424 quia
994 4356 1078 4408 lea:
1127 4355 1180 4407 in
1227 4355 1435 4407 homine
1481 4356 1786 4408 dominatur
1811 4365 2007 4425 quanto
2063 4366 2290 4424 tempore
2320 4357 2462 4419 vivit,
2494 4365 2602 4408 etc.
2653 4369 2826 4424 usque
2856 4356 2924 4410 ad
2972 4356 3044 4420 id,
3076 4359 3121 4410 si
3153 4357 3310 4424 fuerit
3342 4374 3462 4412 cum
3499 4360 3609 4412 alio

360 4451 537 4503 Itiro“.
577 4449 737 4502 Aliud
783 4463 998 4517 quoque
1025 4457 1224 4502 etomo
1275 4463 1329 4501 lx
1364 4447 1723 4517 fragmentum
1777 4449 1937 4502 nobis
1981 4447 2140 4502 offert
2190 4458 2352 4515 caput
2396 4445 2708 4502 Philocalite
2754 4451 3014 4503 nonum".
3060 4449 3302 4520 Denique
3344 4450 3610 4521 Origenes

364 4549 559 4601 iterum
594 4544 688 4601 lib.
720 4559 814 4596 vm
848 4543 1044 4597 Contra
1071 4543 1318 4597 eumdem
1350 4541 1579 4604 Celsum,
1624 4557 1781 4601 num.
1814 4540 1906 4604 65,
1947 4541 2081 4595 dicit
2104 4540 2124 4570 ³
2155 4540 2401 4610 pluribus
2443 4543 2495 4594 in
2539 4542 2749 4595 varium
2788 4556 3006 4596 sensum
3040 4556 3099 4596 se
3130 4551 3395 4597 tractasse
3424 4546 3491 4599 de
3521 4547 3608 4599 his

364 4638 685 4694 versiculis:
719 4636 905 4690 Omnis
949 4637 1132 4689 anima
1175 4634 1522 4705 potestatibus
1571 4635 1986 4703 prwcellentibus
2018 4634 2234 4685 subdita
2290 4635 2380 4686 sit.
2415 4633 2538 4687 Non
2579 4643 2656 4687 est
2691 4634 2827 4686 enim
2861 4646 3089 4704 potestas
3116 4637 3217 4690 nisi
3244 4655 3274 4691 a
3311 4638 3458 4702 Deo;
3485 4655 3606 4708 qua:

361 4741 539 4786 autem
564 4739 684 4784 sunt
733 4741 1038 4798 potestates,
1071 4746 1104 4782 a
1143 4729 1249 4782 Deo
1298 4727 1560 4782 ordinata:
1613 4738 1783 4782 sunt:
1819 4728 1997 4796 itaque
2037 4726 2126 4795 qui
2169 4727 2413 4793 potestati
2453 4728 2727 4792 resistunt,
2766 4727 2860 4782 Dei
2912 4728 3238 4782 ordinationi
3285 4730 3601 4784 resistunt".

363 4826 537 4890 Atque
584 4825 700 4877 haec
747 4838 868 4878 cmn
925 4822 1226 4893 legitimum
1271 4825 1528 4877 horumce
1573 4819 2100 4874 Commentariorum
2149 4829 2432 4874 auctorem
2471 4819 2855 4873 Adamantium
2889 4836 3010 4876 esse
3042 4821 3341 4876 clarissime
3378 4823 3607 4876 deumn-

363 4926 556 4980 slrent,
587 4930 692 4969 non
725 4915 990 4970 dubitavit
1034 4927 1212 4971 tamen
1253 4917 1492 4971 novitius
1525 4914 1747 4983 quidam
1780 4915 2016 4982 scriptor
2065 4913 2434 4969 heterodoxus
2463 4913 2562 4968 hos
2595 4913 2742 4983 ipsos
2766 4913 2818 4966 in
2845 4915 3315 4983 supposititiorum
3352 4912 3604 4983 Origenis

362 5009 690 5077 scriptorum
740 5009 936 5063 seriem
993 5009 1299 5074 conjicere;
1349 5025 1380 5060 a
1423 5007 1714 5062 Cuilielmo
1743 5006 2006 5061 Perkinso
2041 5007 2285 5071 delusus,
2315 5005 2408 5075 qui
2458 5020 2554 5060 eos
2604 5005 2742 5060 male
2774 5007 3043 5074 quidema
3085 5005 3278 5062 Ruﬁno
3307 5021 3603 5063 conversos

365 5103 604 5172 scripsit,
639 5103 779 5171 quod
803 5103 1144 5156 verissimum
1175 5112 1281 5168 est,
1305 5103 1528 5174 Origeni
1570 5118 1698 5158 vero
1734 5101 1868 5158 falso
1895 5116 2014 5156 esse
2049 5103 2283 5156 tributos
2311 5101 2624 5170 neutiquam
2651 5100 2930 5171 cogitavit.

437 5257 454 5288 ¹
484 5256 538 5311 Ιιι
571 5257 846 5325 interpret.
883 5256 1034 5320 Ruf.,
1066 5258 1156 5313 lib.
1197 5273 1236 5322 ι,
1268 5273 1413 5310 ιιιιιιι.
1448 5259 1501 5317 5,
1536 5267 1647 5311 ιιοι.
1771 5258 1790 5286 ²
1817 5255 1926 5310 ibid

2113 5295 2128 5310 .
2164 5255 2219 5316 5,
2256 5265 2368 5308 not.
2464 5255 2485 5285 ³
2516 5255 2644 5310 ibid.
2678 5265 2788 5309 not.
2889 5255 2911 5286 ⁸
2945 5256 3094 5320 Ruﬁ,
3124 5257 3214 5312 lib.
3250 5272 3311 5322 ιι,
3349 5273 3496 5311 ιιιιιιι.
3531 5256 3599 5313 10

449 5329 550 5429 12..
585 5328 636 5452 ἑ
664 5328 809 5391 ltul'.,
842 5329 946 5450 lib.1
971 5343 1043 5393 νι,
1069 5344 1220 5384 ιιιιιιι.
1253 5328 1306 5380 7.
1394 5328 1412 5358 °
1444 5325 1605 5381 Rom.
1643 5343 1737 5394 vn,
1767 5329 1884 5383 1-5.
1960 5328 1978 5356 ⁷
2018 5325 2164 5392 ιιυι.,
2197 5327 2288 5381 lib.
2319 5342 2391 5392 νι,
2418 5342 2568 5381 ιιιιιιι.
2593 5325 2646 5391 8,
2679 5336 2792 5380 not.
2868 5326 2889 5359 ⁸
2911 5327 3055 5396 ιιυι.,
3089 5330 3181 5385 lib.
3207 5336 3286 5394 lx,
3319 5345 3468 5382 nunt.
3501 5327 3603 5383 9.5-

432 5435 450 5453 .
636 5414 744 5452 om.
775 5413 892 5461 λιιι,
960 5438 972 5450 .
