3792 6146
197 263 251 316 ,5
1067 259 1385 318 MONITUM
1416 260 1506 343 an
1544 259 1906 315 COMMENT.
1945 257 2271 316 ORIGENIS
2310 260 2376 315 IN
2408 260 2598 321 JOAN.
3383 263 3451 324 ιιι

358 419 374 444 =
701 418 836 443 :=:=:
851 419 962 443 τες
992 418 2452 442 ==______________________.__

2348 417 2650 427 .—.—-——_...—__

1483 667 2162 783 MONITUM

484 958 618 1045 AD
692 953 1591 1049 COMMENTARIA
1665 950 2245 1095 ORIGENIS
2321 954 2451 1043 IN
2521 954 3137 1049 JOANNEM.

255 1392 292 1449 1.
312 1390 601 1463 Origenes,
627 1406 740 1446 non
770 1391 929 1460 longe
959 1399 1244 1460 postquam
1267 1389 1557 1445 Antiochia
1583 1389 1764 1453 rediit,
1797 1394 1842 1449 Α
1874 1388 2221 1460 Evangelium
2277 1407 2386 1446 esse
2437 1389 2664 1445 Joannis
2698 1392 2847 1445 nobis
2892 1391 3241 1461 prepositum,
3294 1389 3447 1461 cujus

190 1501 337 1555 quoa
367 1484 680 1548 ﬂammma,
738 1484 1035 1538 Alexandri
1102 1482 1287 1537 Severi
1344 1496 1541 1547 matre,
1592 1482 1771 1537 fuerat

192 1579 494 1642 accersitus,
540 1579 809 1632 nimirum
839 1594 986 1631 anno
1018 1578 1222 1633 Christi
1256 1575 1387 1642 219,
1421 1577 1490 1630 ab
1521 1577 1673 1631 hisce
1713 1577 1765 1629 in

189 1669 437 1726 Joannem
471 1668 907 1725 Commentariis
938 1684 1033 1724 sua
1084 1670 1134 1723 in
1185 1669 1523 1736 Scripturam
1556 1653 1769 1737 Exege:

194 1765 284 1817 lica
312 1762 668 1817 Alexandriae
694 1762 1014 1831 auspicatus
1040 1770 1142 1826 est,
1182 1772 1239 1814 ut
1280 1762 1395 1830 ipse
1440 1760 1769 1827 inuuitpro-

190 1855 294 1923 loga
326 1852 379 1905 itt
408 1850 710 1916 Joannem,
737 1869 888 1908 num.
914 1852 948 1905 4
974 1869 985 1905 :
1025 1851 1212 1922 Πάσης
1235 1851 1414 1905 τοίνυν
1446 1854 1575 1922 ἡμῖν
1628 1851 1768 1923 πρά-

193 1943 310 2007 ξεως
359 1944 738 2014 ἀνακειμένης
787 1938 925 2013 Θεῷ,
974 1944 1067 1996 καὶ
1111 1943 1311 2005 παντὸς
1354 1942 1449 1995 τοῦ
1475 1943 1612 2012 βίου,
1645 1942 1767 1995 ἐπεὶ

193 2034 478 2104 σπεύδομεν
510 2037 612 2089 ἐπὶ
639 2036 707 2089 τὰ
739 2036 1043 2107 κρείττονα,
1083 2035 1178 2088 καὶ
1234 2034 1571 2105 βουλομένων
1607 2035 1765 2105 ὴμῶν

193 2128 319 2198 ἔχειν
344 2130 526 2182 πᾶσαν
566 2129 738 2203 αὐτὴν
792 2127 1043 2200 ἀπαρχὴν
1076 2127 1185 2181 τῶν
1236 2126 1444 2180 πολλῶν
1476 2126 1761 2199 ἀπαρχῶν,

193 2225 241 2275 εἴ
262 2223 424 2295 γε’μὴ
457 2223 817 2295 σφαλλόμεθα
842 2224 1003 2277 τοῦτο
1052 2222 1381 2294 νομίζοντες,
1413 2224 1570 2276 ποίαν
1598 2223 1763 2294 ἐχρῆν

193 2314 334 2381 εἶναι,
357 2318 496 2388 μετὰ
515 2319 589 2371 τὸ
615 2318 756 2372 κατὰ
780 2319 841 2371 τὸ
868 2316 1027 2388 σῶμα
1054 2315 1385 2386 κεχωρίσθαι
1426 2318 1573 2387 ἡμᾶς
1600 2317 1764 2382 ἀλλή-

193 2409 305 2473 λων,
333 2410 705 2482 διαφέρουσαν
734 2411 768 2482 ἢ
808 2409 903 2481 τὴν
940 2411 1066 2480 περὶ
1098 2409 1428 2478 Εὑαγγελίου
1475 2409 1761 2476 ἐξέτασιν;

196 2504 289 2556 Καὶ
322 2504 428 2573 γὰρ
454 2504 762 2574 τολμητέον
797 2506 969 2556 εἰπεῖν
1000 2502 1188 2555 πασῶν
1217 2502 1325 2554 τῶν
1353 2501 1584 2573 Γραφῶν
1623 2498 1762 2556 εἶναι

196 2598 428 2668 ἀπαρχὴν
453 2598 516 2649 τὸ
552 2596 908 2665 Εὑαγγέλιον.
950 2595 1228 2667 Ἀπαρχὴν
1253 2590 1345 2648 οὖν
1370 2593 1639 2664 πράξεων,
1703 2594 1761 2661 ἐξ

200 2683 252 2743 οὗ
280 2691 339 2760 τῇ
379 2688 765 2759 Ἀλεξανδρείᾳ
815 2687 1320 2757 ἐπιδεδημήκαμεν,
1359 2686 1478 2740 τίνα
1522 2686 1687 2758 ἄλλην
1725 2686 1757 2756 ἢ

199 2781 285 2852 τὴν
316 2783 391 2845 εἰς
418 2780 518 2850 τὴν
550 2779 813 2850 ἀπαρχὴν
845 2778 953 2831 τῶν
980 2777 1209 2849 Γραφῶν
1247 2777 1413 2850 ἐχρῆν
1441 2778 1757 2847 γεγονέναι;

202 2870 343 2926 Omni
372 2872 550 2941 itaque
577 2872 787 2925 actione
811 2879 860 2923 et
911 2877 1019 2922 tota
1065 2869 1168 2921 vita
1198 2880 1380 2922 nostra
1423 2868 1533 2923 Deo
1556 2869 1756 2933 dicata,

199 2966 425 3033 quoniam
448 2966 518 3016 ad
550 2962 929 3032 prwstantiora
956 2977 1143 3030 magno
1166 2959 1342 3013 studio
1370 2961 1756 3025 contendimus,

203 3060 612 3128 cupientibnsque
644 3058 792 3110 trabis
817 3056 1077 3124 primitias
1109 3071 1285 3108 omnes
1330 3056 1620 3107 multarum
1652 3056 1762 3122 pri-

203 3152 451 3204 uitiarum
476 3152 694 3214 habere,
731 3150 834 3203 nisi
896 3148 987 3200 hoc
1022 3147 1386 3201 existimantes
1445 3149 1756 3215 decipimur,

203 3260 419 3311 quanam
453 3242 580 3297 alia:
615 3244 760 3295 nobis
801 3240 1046 3302 primitia:
1087 3240 1476 3308 prwstantiores
1512 3257 1621 3294 esse
1670 3240 1760 3293 de-

206 3333 420 3394 buerunt,
450 3343 799 3403 posteaquam
852 3341 1033 3383 mutua
1090 3332 1322 3399 corporis
1381 3332 1759 3385 consuetudine

207 3425 401 3492 sejuncti
423 3443 632 3491 sumus,
659 3442 819 3492 quant
849 3428 1120 3479 instituere
1148 3427 1211 3477 de
1265 3423 1549 3494 Evangelia
1583 3426 1759 3491 dispu-

208 3520 469 3571 tationem?
551 3517 767 3571 Etenim
814 3519 1115 3570 audendum
1159 3525 1235 3571 est
1282 3501 1463 3569 dict-re
1522 3519 1757 3569 omnium

211 3606 581 3678 Scripturarum
633 3609 896 3676 primitias
946 3605 1291 3679 Evangelium
1335 3624 1463 3661 esse.
1527 3606 1612 3660 Ea:
1651 3620 1755 3676 quo

209 3700 349 3767 igitur
367 3711 597 3765 tempore
660 3701 1039 3754 Alexandriam
1097 3701 1448 3767 pervenimus,
1500 3716 1756 3770 quasnam

208 3792 322 3847 alias
361 3810 467 3847 esse
516 3794 755 3861 oportuit
811 3804 1120 3847 nostrarum
1170 3794 1436 3846 actionum
1494 3792 1756 3861 primitias

208 3900 339 3953 quam
369 3888 418 3940 in
446 3887 851 3956 Scripturarnm
880 3886 1166 3954 primitiis?
1194 3887 1256 3941 Et
1302 3885 1438 3940 infra
1490 3902 1642 3941 num.
1673 3886 1706 3940 6
1739 3905 1752 3939 :

216 3978 333 4047 Ἐγὼ
378 3980 421 4033 δ’
453 3977 614 4052 οἶμαι
677 3982 758 4034 ὅτι
808 3981 901 4033 καὶ
952 3979 997 4031 δ’
1040 3979 1208 4032 ὄντων
1234 3979 1342 4032 τῶν
1391 3979 1753 4048 Εὐαγγελίων,

1873 1501 2076 1537 sensum
2101 1501 2194 1550 pro
2220 1486 2365 1539 virili
2396 1497 2577 1539 nostra
2605 1486 2749 1555 jussi
2792 1502 2971 1539 sumus
3010 1484 3104 1539 abs
3136 1495 3186 1539 te
3230 1486 3445 1540 investi-

1871 1592 2016 1643 gare.
2072 1576 2417 1631 Ambrosium
2483 1576 2569 1630 hic
2634 1575 2930 1644 alloquitur
2991 1574 3145 1642 cujus
3227 1576 3444 1630 hortatu

1871 1669 2301 1723 Commentarios
2327 1668 2494 1722 hosce
2521 1668 2779 1736 suscepit,
2822 1668 2979 1735 eique
3018 1668 3372 1735 nuncupavit.

1940 1759 2002 1814 ll.
2050 1758 2292 1813 Achaico
2339 1760 2533 1812 itinere
2579 1758 2955 1812 intermissum
2999 1773 3155 1827 opus,
3188 1759 3357 1813 redux
3391 1767 3446 1813 et

1869 1853 2153 1923 presbyter
2187 1853 2297 1917 jam
2350 1852 2556 1916 lactus,
2608 1851 2951 1904 Alexandria:
3004 1851 3331 1920 resumpsit,
3386 1860 3446 1905 ut

1868 1954 2011 2013 patet
2040 1957 2103 1998 ex
2130 1943 2450 2012 praefatione
2474 1944 2604 1999 tomi
2634 1944 2768 1999 sexti
2793 1945 2845 1997 in
2870 1942 3156 2007 Joannem,
3189 1961 3340 2002 num.
3367 1945 3392 1998 1
3418 1963 3441 2021 ι

1866 2035 1977 2088 Καὶ
2001 2035 2162 2106 μέχρι
2201 2051 2264 2104 γε
2291 2036 2382 2089 τοῦ
2414 2036 2667 2108 πέμπτου
2695 2037 2880 2109 τόμου,
2916 2039 2964 2091 εί
2995 2038 3089 2092 καὶ
3120 2041 3149 2092 6
3178 2038 3320 2093 κατὰ
3344 2038 3446 2111 τὴν

1880 2126 2283 2199 ’Λλεξὰνδρειαν
2338 2128 2544 2200 χειμὼν
2594 2130 2974 2202 ἀντιπράττειν
3008 2132 3202 2199 ἐδόκει,
3263 2133 3332 2188 τὰ
3363 2132 3443 2187 δι-

1864 2220 2064 2292 δόμενα
2112 2222 2589 2293 ὐπηγορεύσαμεν,
2654 2223 3015 2294 ἐπιτιμῶντος
3061 2228 3174 2289 τοῖς
3221 2227 3443 2299 ἀνέμοις

1867 2314 1961 2367 καὶ
1993 2317 2104 2377 τοῖς
2129 2314 2334 2384 κύμασι
2365 2314 2462 2385 τῆς
2492 2313 2767 2387 θαλάσσης
2798 2315 2893 2369 τοῦ
2941 2318 3134 2389 Ἰησοῦ.
3192 2318 3316 2372 Iam
3373 2320 3442 2374 ad

1864 2409 2103 2475 quintum
2133 2423 2293 2475 usque
2342 2418 2561 2470 tomum,
2612 2410 2849 2476 quamvis
2876 2411 3143 2464 adversari
3192 2410 3341 2465 nobis
3368 2414 3445 2466 tri-

1865 2497 2077 2549 deretur
2108 2496 2446 2551 Alexandria:
2469 2498 2720 2567 procella,
2749 2516 2866 2569 qua:
2916 2515 3160 2555 concessa
3188 2503 3335 2571 fuere
3362 2501 3442 2555 lo-

1865 2590 1971 2642 cuti
2015 2605 2223 2652 sumus,
2266 2586 2398 2643 Jesu
2438 2591 2738 2658 increpante
2766 2601 2944 2645 ventos
2972 2599 3021 2646 et
3054 2595 3224 2647 undas
3254 2595 3440 2649 maris.

1868 2680 2019 2735 Unde
2047 2681 2217 2749 liquet
2242 2680 2453 2750 priores
2473 2681 2713 2749 quinque
2734 2688 2917 2737 tomos
2942 2682 3287 2738 Alexandriae
3315 2695 3441 2740 ante

1866 2790 2065 2826 annum
2103 2768 2232 2836 251,
2264 2787 2371 2840 quo
2401 2772 2702 2826 Cursaream
2742 2774 3016 2844 migravit,
3059 2775 3228 2832 fuisse
3278 2777 3436 2833 lucu-

1864 2866 2050 2919 bratos
2087 2883 2099 2917 :
2155 2866 2297 2934 quod
2351 2867 2515 2920 etiam
2557 2868 2715 2921 docet
2747 2867 3010 2923 Eusebius
3055 2870 3197 2924 Hist.
3233 2871 3330 2926 lib.
3359 2886 3434 2933 Vt,

1865 2973 1984 3026 cap.
2015 2956 2105 3010 24.
2140 2957 2249 3010 Imo
2276 2966 2487 3011 sextqu
2535 2958 2882 3013 Alexandria:
2913 2960 3098 3014 itidem
3147 2963 3439 3019 inchoave-

1866 3058 1970 3109 rat,
2000 3048 2093 3100 sed
2119 3062 2239 3101 cum
2278 3047 2454 3100 denuo
2485 3049 2722 3102 exordiri
2763 3065 2983 3105 necesse
3027 3053 3238 3121 habuit,
3292 3059 3437 3126 quod

1864 3143 2097 3210 priorem
2148 3140 2499 3208 scriptioncm
2554 3141 2883 3196 Alexandria
2921 3144 3202 3202 discedens
3251 3164 3436 3203 secum

1865 3251 1969 3287 non
1999 3243 2351 3301 asp0rtasset,
2379 3236 2831 3302 quemadmodum
2887 3238 2999 3307 ipse
3044 3239 3119 3293 ait
3157 3240 3209 3293 in
3242 3243 3436 3311 praefa-

1865 3327 2009 3379 tione
2033 3326 2271 3396 ejusdem
2304 3329 2453 3392 tumi,
2487 3327 2646 3398 paulo
2676 3328 2815 3382 infra
2846 3347 2860 3384 :
2904 3330 3042 3383 Ἵσθι
3091 3332 3147 3385 δὲ
3196 3333 3277 3387 ὅτι
3328 3334 3437 3389 ἀπὸ

1862 3417 2061 3488 πολλῆς
2092 3419 2398 3490 προθυμίας
2431 3421 2688 3492 δευτέραν
2714 3422 2917 3492 ταύτην
2960 3423 3133 3495 ἀρχὴν
3177 3425 3438 3498 ποιοῦμαι

1861 3514 2019 3568 ἕκτου
2049 3515 2237 3585 τόμου,
2267 3515 2355 3569 διὰ
2401 3517 2461 3569 τὸ
2505 3516 2573 3570 τὰ
2622 3518 3173 3589 προῡπαγορευοέντα
3201 3522 3332 3591 ἡμῖν
3378 3524 3437 3579 ἐν

1860 3610 1924 3678 τῇ
1966 3606 2335 3679 Ἀλεξανδρείᾳ
2365 3610 2463 3662 οὐκ
2494 3605 2590 3663 οἷδ’
2617 3613 2763 3674 ὅπως
2787 3611 2860 3683 μὴ
2891 3613 3233 3683 ἐκκομῖσθαι.
3263 3612 3433 3669 Crete-

1863 3716 1976 3752 rum
2007 3701 2143 3753 scias
2173 3718 2235 3754 ex
2265 3702 2433 3754 multa
2464 3719 2556 3756 nos
2596 3705 3010 3771 promptitadine
3061 3705 3266 3759 initium
3296 3708 3433 3762 sexti

1862 3793 1987 3844 tomi
2033 3792 2204 3845 denuo
2257 3792 2452 3860 facere,
2482 3809 2542 3846 eo
2591 3795 2731 3861 quod
2774 3811 2888 3864 qua:
2921 3804 3075 3849 antea
3106 3798 3434 3866 interpretati

1861 3883 2136 3951 fueramus
2189 3884 2547 3949 Alexandria’,
2585 3887 2757 3939 nescio
2813 3904 2915 3954 quo
2945 3896 3100 3954 pacto
3163 3892 3432 3945 nobiscum

1862 3973 2026 4027 allata
2057 3990 2156 4027 non
2183 3974 2420 4043 fuerunt.
2458 3975 2594 4030 llinc
2616 3978 2697 4031 vel
2730 3994 2838 4033 non
2869 3981 3199 4047 audiendus,
3240 3983 3323 4037 vel
3353 3986 3432 4037 sic

207 4074 338 4126 οἱονεὶ
368 4075 651 4146 στοιχείων
680 4074 779 4144 τῆς
813 4074 1046 4136 πίστεως
1070 4072 1168 4141 τῆς
1208 4072 1551 4143 Ἐκκλησίας,
1579 4072 1637 4136 ἐξ
1684 4064 1754 4126 ὧν

1866 4066 2244 4136 intelligendus
2270 4078 2353 4122 est
2374 4069 2708 4137 Nicephorus
2731 4087 2852 4125 cum
2888 4072 3080 4129 aitlib.
3113 4088 3168 4141 ν,
3192 4091 3313 4146 cap.
3339 4076 3429 4143 i5,

210 4168 448 4236 στοιχείων
461 4172 488 4221 ὁ
515 4170 625 4232 πᾶς
644 4168 937 4240 συνέστηκε
958 4168 1176 4237 κόσμος,
1190 4168 1246 4219 ἐν
1264 4165 1481 4237 Χριστῷ
1498 4165 1756 4219 καταλλα-

208 4259 303 4324 γείς
314 4260 533 4332 τῷθεῷ,
550 4261 690 4315 καθά
704 4278 865 4333 φησιν
879 4264 907 4314 6
930 4260 1141 4323 Παῦλος
1156 4276 1170 4289 ·
1190 4278 1209 4310 ι
1229 4259 1359 4321 Θεὸς
1373 4255 1440 4330 ἦν
1458 4261 1514 4312 ἐν
1531 4257 1754 4329 Χριστῷ

208 4352 380 4422 κόσμον
409 4354 800 4409 καταλλάσσων
830 4354 1026 4425 ἑαυτῷ,
1064 4374 1082 4404 ι
1112 4345 1172 4408 οὗ
1217 4354 1420 4424 κόσμου
1450 4352 1549 4423 τὴν
1574 4353 1755 4423 ἁμαρη

208 4442 308 4498 τίαν
329 4442 452 4518 ἦρεν
490 4446 737 4517 Ἰησοῦς·
790 4447 919 4518 περὶ
950 4445 1061 4517 γὰρ
1103 4444 1198 4498 τοῦ
1232 4444 1438 4515 κόσμου
1489 4445 1588 4514 τῆς
1626 4443 1751 4497 Ἐκ-

211 4532 402 4607 χλησίας
423 4538 450 4588 ὁ
469 4537 634 4606 λόγος
647 4537 793 4589 ἐστὶν
823 4540 851 4590 ὁ
878 4537 1258 4607 γεγραμμένος
1276 4552 1291 4566 ο
1316 4554 1334 4586 ε
1358 4534 1488 4588 Ἰδοὺ
1514 4536 1542 4588 ὁ
1557 4535 1611 4586 Ἀ
1621 4533 1752 4605 μνὸς

209 4626 286 4678 τοῦ
311 4627 434 4682 Θεοῦ
456 4631 485 4681 ὁ
510 4630 681 4699 αίρων
705 4629 804 4699 τὴν
828 4627 1102 4700 ἁμαρτίαν
1126 4626 1220 4680 τοῦ
1259 4628 1484 4698 κόσμου,
1522 4645 1541 4679 ι
1572 4629 1751 4697 ἀπαρ-

210 4715 289 4788 χὴν
312 4719 409 4773 τῶν
446 4719 798 4788 Εὖαγγελίων
836 4716 1060 4773 εἶναιτὸ
1102 4717 1571 4789 προστεταγμένον
1618 4720 1748 4789 ἡμῖν

211 4804 297 4860 ὕπὸ
324 4811 408 4865 σοῦ
429 4812 570 4866 κατὰ
596 4811 825 4883 δύναμιν
854 4811 1140 4883 ἐρευνῆσαι
1189 4811 1251 4864 τὸ
1287 4809 1427 4864 κατὰ
1472 4809 1745 4881 Ἰωάννην.

214 4898 419 4957 Arbitror
461 4922 581 4959 vero
630 4922 745 4973 ego,
784 4906 997 4959 etiamsi
1029 4914 1260 4975 quatuor
1302 4905 1406 4958 sint
1435 4901 1746 4972 Evangelia,

214 4993 344 5048 relati
367 4997 617 5050 elementa
642 4996 773 5066 ﬁdei
830 4996 1100 5061 Ecclesia,
1152 5011 1218 5049 ea:
1247 4996 1435 5067 quibus
1483 4994 1748 5049 elementis

215 5095 328 5141 totus
361 5100 556 5144 constat
582 5090 670 5143 Itic
710 5090 938 5143 mundus
996 5088 1107 5142 Deo
1129 5103 1221 5155 per
1261 5087 1529 5141 Christum
1566 5103 1748 5141 recon-

217 5177 410 5245 ciliatus,
455 5183 592 5237 sicut
646 5182 821 5251 inquit
874 5179 1079 5234 Paulus
1127 5182 1171 5212 ¹⁰
1219 5198 1234 5234 :
1281 5200 1299 5231 ι
1341 5179 1479 5233 Deus
1536 5187 1651 5234 erat
1691 5181 1746 5231 in

218 5269 412 5343 Christo,
447 5278 705 5332 mundum
733 5277 837 5331 sibi
882 5275 1266 5342 reconcilians;
1311 5294 1329 5328 ι
1358 5275 1510 5344 cujus
1562 5273 1748 5328 mundi

221 5376 443 5429 peccatum
486 5371 705 5425 sustulit
738 5369 929 5436 Iesus;
981 5369 1046 5421 de
1078 5368 1278 5424 mundo
1311 5370 1449 5423 enim
1494 5367 1746 5422 Ecclesiae

1808 4158 1811 4161 ⁷
1861 4173 1954 4213 sex
1992 4168 2165 4214 tomos
2200 4160 2250 4214 in
2280 4158 2545 4215 Joannem
2577 4162 2919 4229 Alexandria:
2951 4173 3062 4220 tum
3090 4167 3260 4224 fuisse
3291 4174 3433 4224 scri-

1861 4259 2000 4319 ptos.

1928 4339 2014 4396 Ill.
2070 4342 2264 4408 Anno,
2324 4352 2381 4398 ut
2416 4342 2529 4412 jam
2580 4345 2846 4411 diximus,
2902 4348 3032 4415 251,
3096 4350 3428 4407 Demetrium

1855 4436 2278 4492 Alexandrinum
2319 4440 2631 4507 episcopum
2665 4439 2849 4494 multis
2872 4441 2938 4495 de
2967 4442 3147 4497 causis
3198 4443 3301 4498 sibi
3341 4445 3425 4497 in.

1855 4527 2067 4583 fensum
2099 4540 2355 4600 expertus
2385 4530 2647 4601 Origenes
2671 4572 2686 4596 ,
2710 4530 3039 4587 Alexandria
3068 4534 3342 4601 discessit,
3373 4548 3430 4591 et

1853 4620 2114 4676 Caesarea:
2135 4623 2316 4677 sedem
2347 4624 2545 4689 posuit,
2575 4623 2664 4676 ubi
2694 4639 2796 4676 nou
2832 4623 3040 4688 statim,
3090 4626 3183 4680 sed
3243 4636 3422 4682 tamen

1855 4729 1961 4768 nou
1998 4713 2165 4769 multo
2221 4727 2364 4784 post,
2389 4724 2446 4768 et
2491 4714 2739 4769 fortassis
2792 4725 2915 4786 post
2964 4727 3194 4773 mortem
3226 4719 3422 4774 Demc-

1858 4807 1966 4867 trii,
1996 4821 2137 4860 anno
2175 4805 2386 4860 scilicet
2405 4806 2532 4871 252,
2568 4808 2802 4878 aliquam
2831 4820 3023 4865 nactus
3057 4814 3427 4882 tranquillita-

1856 4907 1984 4959 tem,
2023 4898 2385 4967 interruptum
2428 4912 2564 4967 opus
2617 4912 2936 4968 prosecutus
2968 4911 3071 4960 est.
3111 4903 3263 4971 Quod
3300 4911 3422 4977 qui-

1854 4989 1977 5044 dem
2007 5005 2201 5045 eruere
2228 4989 2394 5045 etiam
2446 4991 2575 5045 licet
2604 5007 2671 5047 ex
2722 4995 3040 5063 prmfatioue
3067 4998 3308 5065 ejusdem
3339 5013 3423 5055 to-

1853 5086 1925 5139 mi
1950 5085 2087 5173 sexti
2124 5101 2138 5138 :
2164 5083 2275 5139 Kal.
2294 5083 2361 5141 ὲκ
2390 5087 2482 5141 τοῦ
2516 5087 2573 5141 δὲ
2614 5090 2965 5156 ἐπιπεσόντος
2992 5095 3422 5166 προεληλυθότες

1852 5172 2255 5250 ὲξελκῦσθημεν
2283 5181 2407 5234 «ἀπὸ
2453 5181 2553 5253 τῆς
2590 5183 2889 5252 Αἰγύπτου,
2938 5187 3243 5257 ῥυσαμένου
3275 5191 3421 5260 ἡμᾶς

1850 5266 1944 5323 τοῦ
1974 5270 2107 5324 Θεοῦ
2136 5270 2230 5324 τοῦ
2261 5270 2621 5342 ἐξαγαγόντος
2648 5275 2738 5329 τὸν
2763 5275 2889 5329 λαὸν
2919 5278 3084 5332 αὐτοῦ
3107 5280 3202 5334 ἀπ’
3226 5282 3416 5352 αὐτῆς.

1855 5362 2085 5417 Ἔπειτα
2119 5362 2214 5417 τοῦ
2255 5363 2449 5437 ἐχθροῦ
2476 5366 2779 5438 πικρότατα
2828 5366 2986 5438 ἡμῶν
3015 5386 3421 5442 καταστρατευ-

222 5467 356 5510 mmo
379 5460 458 5515 ille
481 5472 554 5516 est
604 5461 836 5531 scriptus
861 5460 901 5492 “
931 5476 951 5516 :
997 5478 1017 5512 ι
1058 5459 1194 5514 Ecce
1246 5464 1423 5530 Agnus
1484 5457 1599 5523 Dei,
1654 5457 1745 5526 qui

1866 5452 2082 5526 ταμένου
2124 5455 2212 5510 διὰ
2270 5456 2379 5510 τῶν
2427 5458 2627 5512 καινῶν
2678 5458 2842 5514 αὑτοῦ
2888 5462 3266 5532 γραμμάτων,
3310 5464 3423 5519 τῶν

225 5548 364 5616 aufert
402 5563 666 5623 peccatum
719 5555 924 5622 mundi,
976 5573 995 5607 ›
1035 5552 1436 5625 Evangeliorum
1470 5551 1739 5624 primitias

283 5704 327 5777 “7
344 5700 383 5762 11
403 5708 513 5768 Cor.
538 5663 593 5783 νζ
627 5715 719 5771 19.
823 5715 861 5746 ¹¹
886 5710 1041 5770 Joan.
1069 5731 1108 5776 t.
1134 5714 1222 5771 50.

1846 5545 2061 5620 ἀληθῶς
2106 5550 2317 5622 ἐχθρῶν
2343 5550 2421 5622 τῷ
2461 5551 2775 5625 Εὑαγγελίῳ
2794 5594 2809 5621 ,
2854 5554 2944 5609 καὶ
2975 5554 3181 5619 πάντας
3202 5557 3327 5624 τοὺς
3361 5560 3420 5613 ἐν
