3792 6146
318 354 386 410 15
1192 350 1510 408 MONITUM
1538 349 1630 406 AD
1668 347 2024 407 COMMENT.
2064 347 2387 405 ORIGENIS
2419 348 2491 406 lN
2523 349 2712 406 JOAN.

3504 347 3567 401 16

309 477 572 548 Αἰγύπτῳ
606 474 836 547 ἀνέμους
871 475 971 546 τῆς
1017 475 1278 546 πονηρίας
1319 474 1440 527 καθ’
1469 473 1625 545 ἡμῶν
1648 474 1857 545 ἐγείραι

1997 472 2174 542 plures
2200 451 2340 526 enim
2373 472 2599 526 Rufinus
2625 480 2906 527 enumerat
2935 469 3186 526 Invectiv.
3212 471 3266 537 2,
3300 472 3392 527 ubi
3421 473 3567 527 hunc

308 584 422 630 τος,
458 568 645 638 στῆναι
679 567 874 637 μᾶλλόν
929 583 995 636 με
1028 565 1162 636 πρὸς
1189 567 1279 618 τὸν
1307 567 1493 634 ἀγῶνα
1542 566 1836 635 παρεκάλει
1860 567 1889 618 ὁ

310 660 486 730 λόγος,
527 661 618 714 καὶ
650 660 884 732 τηρῆσαι
910 659 969 712 τὸ
1011 658 1358 728 ἡγεμονικὸν,
1387 659 1592 728 μήποτε
1626 658 1888 729 μοχθηροὶ

311 751 560 822 λογισμοὶ
607 750 928 820 ὲξισχύσωσι
983 751 1071 803 τὺν
1097 750 1340 819 χειμῶνα
1396 751 1489 803 καὶ
1519 753 1584 822 τῇ
1609 749 1750 820 ψυχῇ
1783 768 1884 820 μου

311 845 713 911 ἐπεισαγαγεῖν,
759 843 903 913 ἤπερ
945 842 1188 912 ἀκαίρως
1221 841 1347 910 πρὶν
1376 841 1614 912 γαλήνην
1640 841 1736 913 τὴν
1765 841 1883 895 διά-

311 953 457 988 νοιαν
481 935 661 988 λαϐεῖν
696 935 984 987 συνάπτειν
1024 933 1092 986 τὰ
1117 933 1246 1003 ἑξῆς
1275 933 1375 1003 τῆς
1400 933 1642 1004 Γραφῆς.
1679 934 1788 986 Καὶ
1833 937 1880 988 οἱ

313 1025 565 1097 συνήθεις
604 1025 661 1078 δὲ
706 1024 1042 1095 ταχὺγραφοι
1097 1024 1172 1095 μὴ
1221 1026 1485 1094 παρόντες
1531 1024 1623 1077 τοῦ
1663 1025 1880 1096 ἔχεσθαι

307 1117 415 1171 τῶν
447 1116 862 1188 ὑπαγορεύσειαν
889 1115 1142 1169 ἐκώλυον.
1169 1113 1284 1168 Νῦν
1311 1116 1354 1168 δ’
1376 1117 1464 1170 ὅτε
1492 1117 1557 1170 τὰ
1579 1117 1699 1171 καθ’
1723 1117 1879 1188 ἡμῶν

306 1207 677 1280 πεπυρωμένα
710 1207 898 1271 πολλὰ,
927 1207 1240 1270 σϐεννύντος
1267 1207 1421 1271 Θεοῦ,
1462 1209 1588 1279 βέλη
1635 1211 1874 1280 ἤμϐλυν-

305 1318 420 1365 ται,
446 1302 539 1354 καὶ
561 1301 892 1354 ὲνεθισθεῖσα
919 1303 951 1372 ἡ
962 1301 1076 1372 μῶν
1104 1302 1137 1371 ἡ
1183 1301 1329 1372 ψυχὴ
1369 1304 1481 1365 τοῖς
1512 1302 1876 1373 συμϐεϐηκόσι

304 1394 393 1448 διὰ
423 1395 512 1448 τὸν
538 1394 784 1467 οὑράνιον
813 1395 989 1463 λόγον,
1021 1394 1206 1465 φέρειν
1228 1393 1358 1464 ῥᾷον
1389 1395 1632 1464 βιάζεται
1663 1394 1762 1458 τὰς
1784 1413 1877 1464 γε-

304 1489 606 1558 γενημένας
665 1487 974 1552 ἐπιϐουλὰς,
1019 1488 1259 1559 ὡσπερεὶ
1290 1487 1463 1556 ποσῆς
1495 1487 1673 1549 εὐδίας
1718 1486 1876 1540 λαϐό-

307 1596 478 1648 μενοι,
507 1579 686 1632 οὑκέτι
707 1577 1117 1649 ὑπερτιθέμενοι
1139 1577 1497 1649 ὑπαγορεύειν
1520 1575 1585 1628 τὰ
1607 1574 1873 1628 ἀκόλουθα

304 1669 623 1740 βουλόμεθα,
655 1668 786 1722 Θεὸν
813 1667 1130 1723 διδάσκαλον
1164 1667 1476 1738 ὑπηχοῦντα
1503 1667 1560 1719 ἐν
1590 1666 1666 1736 τῷ
1696 1665 1873 1736 ἀδύτῳ

299 1759 397 1830 τῆς
423 1759 603 1829 ψυχῆς
637 1761 668 1828 ή
679 1758 792 1829 μῶν
820 1760 1073 1828 παρεῖναι
1098 1757 1398 1828 εὐχόμενοι,
1438 1757 1523 1808 ἵνα
1554 1755 1704 1818 τέλος
1735 1755 1868 1826 λάϐῃ

299 1854 333 1924 ή
359 1853 458 1923 τῆς
485 1853 626 1906 κατὰ
661 1853 903 1906 Ἰωάννου
930 1851 1230 1922 διηγήσεως
1254 1848 1344 1902 τοῦ
1375 1848 1705 1917 Εὑαγγελίου
1736 1849 1872 1901 οἰκος

297 1946 454 2016 δομή.
493 1943 702 1997 Γένοιτο
725 1944 770 1996 δ’
807 1945 834 1995 ό
867 1942 994 2006 Θεὸς
1025 1943 1256 2013 ἐπήκοος
1288 1941 1442 2013 ήμῶν
1475 1943 1539 2011 τῇ
1574 1941 1726 2012 εὐχῇ,
1788 1943 1866 2006 εἰς

296 2036 356 2089 τὸ
391 2035 620 2105 συνάψαι
650 2032 937 2104 δυνηθῆναι
969 2031 1032 2085 τὸ
1084 2032 1240 2101 σῶμα
1272 2031 1365 2085 τοῦ
1395 2031 1516 2084 ὅλου
1549 2031 1728 2100 λόγου,
1765 2049 1867 2101 μη-

296 2129 414 2183 κέτι
444 2126 847 2199 μεσολαϐοὑσης
881 2124 1275 2196 περιστάσεως,
1319 2123 1581 2196 διακοπὴν
1633 2124 1724 2178 τοῦ
1757 2127 1868 2196 εἱρ-

299 2223 400 2295 μοῦ
433 2223 534 2292 τῆς
566 2219 787 2292 Γραφῆς
835 2220 1222 2291 ὁποιανδήποτε
1275 2217 1670 2290 ἐνεργήσασθαι
1707 2217 1867 2271 δυνα-

299 2315 502 2385 μένηςῑ
561 2312 647 2366 Ea:
669 2317 767 2365 hoc
827 2328 954 2366 casu
989 2313 1272 2381 progressi,
1318 2313 1536 2365 extracti
1577 2327 1755 2364 suntus
1803 2328 1867 2364 ex

293 2405 549 2475 AE'gypto,
582 2403 693 2458 Deo
745 2419 839 2456 nos
892 2403 1179 2468 liberante,
1243 2402 1334 2472 qui
1383 2403 1563 2456 eduxit
1613 2400 1861 2470 populum

291 2513 444 2550 suum
498 2512 561 2550 ea:
605 2511 665 2548 ea
694 2511 712 2548 :
743 2495 928 2547 deinde
979 2494 1191 2546 inimico
1247 2491 1564 2560 (Demetrio)
1613 2493 1859 2544 adversus

292 2603 386 2640 nos
413 2587 740 2640 acerbissime
765 2594 1026 2655 pugnante
1050 2601 1142 2652 per
1179 2600 1300 2638 suas
1334 2601 1496 2638 novas
1522 2583 1750 2644 litteras,
1784 2598 1863 2634 re-

292 2694 412 2732 vera
465 2674 750 2746 Evangelia
795 2676 1060 2742 inimicas,
1115 2690 1392 2744 omnesque
1432 2671 1646 2744 {Egypti
1685 2682 1861 2726 ventos

289 2771 542 2824 adversus
572 2786 662 2823 nos
704 2772 1021 2835 concitante,
1053 2780 1193 2822 stare
1222 2784 1300 2822 me
1332 2769 1498 2837 magis
1540 2767 1861 2820 adhortaba-

289 2875 377 2917 tur
411 2865 547 2917 ratio
577 2863 644 2917 ad
682 2875 964 2928 certamen,
1017 2871 1065 2915 et
1116 2877 1319 2914 servare
1369 2861 1860 2929 prwstantissintam

289 2958 388 3009 mei
415 2967 637 3026 portent,
688 2972 844 3026 quant
899 2956 1194 3022 importune
1239 2954 1554 3021 conjungere
1586 2962 1861 3005 restantem

288 3049 636 3117 Scriptorum,
687 3059 966 3118 antequam
991 3048 1215 3101 rationis
1244 3047 1516 3099 discursus
1562 3041 1864 3113 tranquilli-

286 3154 445 3200 tatem
474 3145 740 3212 reciperet,
797 3159 858 3196 ne
887 3141 1020 3211 forte
1060 3141 1403 3210 cogitationes
1447 3153 1622 3206 prava:
1652 3135 1855 3189 invale-

283 3246 483 3290 scerent
516 3236 571 3288 in
601 3236 832 3286 animam
865 3235 1019 3287 etiant
1053 3249 1220 3285 meam
1253 3228 1539 3298 procellam
1587 3228 1850 3280 inducere.

286 3328 428 3391 Quin
475 3327 708 3380 absentes
757 3339 982 3393 quoque,
1036 3323 1124 3391 qui
1175 3320 1306 3373 mihi
1353 3319 1416 3372 de
1451 3334 1592 3371 more
1638 3320 1853 3381 adsunt,

285 3419 478 3472 veloces
501 3417 802 3481 scriptores,
846 3431 926 3467 me
957 3412 1297 3482 prohibebant
1342 3427 1458 3479 qua:
1480 3410 1855 3478 excogitassem

282 3511 534 3564 mandare
582 3508 788 3561 litteris.
819 3505 977 3558 Nunc
1008 3521 1122 3558 vero
1181 3503 1392 3571 quando
1441 3501 1717 3553 adversum
1763 3517 1854 3552 nos

280 3608 462 3676 ignita:
486 3605 691 3674 sagitta:
728 3601 909 3656 multa:
937 3616 1082 3654 vana:
1112 3599 1331 3669 {uerunt
1386 3597 1562 3660 factis,
1599 3593 1706 3647 Deo
1735 3594 1852 3646 illas

281 3700 658 3767 exstinguente,
695 3705 741 3748 et
784 3704 994 3748 assueta
1024 3691 1201 3745 anima
1233 3701 1412 3744 nostra
1457 3690 1557 3755 Itis,
1601 3702 1718 3756 qua:
1754 3702 1856 3738 ca:-

282 3791 427 3845 lestis
459 3789 712 3843 sermonis
739 3803 900 3840 causa
945 3785 1275 3854 contingunt,
1305 3783 1442 3851 ferre
1467 3781 1677 3850 cogitur
1717 3779 1851 3847 faci-

280 3885 386 3938 lius
431 3883 600 3951 [actas
642 3879 906 3940 insidias,
957 3875 1112 3930 veluti
1178 3875 1506 3944 aliquantum
1556 3871 1854 3927 serenitatis

283 3973 446 4038 nacti,
479 3987 582 4025 non
629 3967 854 4035 amplius
881 3966 1176 4034 differentes
1217 3965 1420 4018 dictare
1451 3963 1693 4017 volumus
1737 3978 1854 4029 quw

279 4073 499 4129 restant,
555 4061 726 4114 Deum
753 4057 1068 4125 magistrum
1116 4055 1174 4107 in
1213 4056 1403 4108 anima:
1455 4064 1648 4107 nostra:
1693 4053 1850 4120 adyto

277 4154 536 4226 penetrali
568 4155 898 4206 insonantem
929 4151 1114 4202 adesse
1151 4157 1442 4216 precantes,
1497 4155 1551 4197 ut
1582 4145 1738 4213 [inem
1762 4161 1852 4196 ac-

279 4248 439 4315 cipiat
503 4253 770 4299 structura
827 4241 1182 4296 enarrationis
1238 4237 1507 4308 Evangelii
1565 4237 1851 4290 secundum

280 4340 560 4393 Joannem.
595 4339 761 4404 Atque
785 4335 989 4412 utinam
1021 4333 1204 4386 audiat
1239 4331 1376 4386 Deus
1408 4346 1584 4399 preces
1620 4339 1848 4393 nostras,

279 4442 337 4486 ut
367 4448 556 4500 corpus
586 4431 745 4483 totius
775 4428 945 4496 operis
971 4426 1287 4496 conjungere
1313 4427 1597 4495 possimus,
1624 4441 1714 4478 nec
1740 4422 1850 4476 ulla

280 4525 493 4594 posthac
563 4522 844 4576 necessitas
925 4520 1220 4588 intercipiat
1284 4530 1436 4588 atque
1496 4519 1847 4583 interrumpat
1880 4543 1922 4597 υ

279 4616 573 4683 δενίριιιιω
599 4611 823 4666 seriem!
850 4611 1104 4664 Attamen
1137 4609 1350 4665 nonnisi
1382 4609 1540 4679 longe
1587 4617 1708 4675 post
1734 4605 1847 4659 Ma-

279 4707 471 4763 ximini
510 4705 962 4775 persecutionem,
999 4704 1195 4773 quippe
1239 4703 1393 4772 cujus
1419 4709 1564 4755 ιοιιιο
1592 4715 1704 4754 χχιι
1734 4713 1849 4752 me-

277 4801 530 4864 minerat,
581 4807 717 4850 teste
772 4797 1004 4851 Eusebio
1040 4795 1183 4848 llist.
1239 4794 1334 4850 lib.
1363 4809 1436 4858 vr,
1478 4807 1597 4862 cap.
1639 4793 1730 4854 28,
1794 4800 1849 4844 et

279 4893 459 4946 forsan
510 4891 563 4944 in
609 4890 846 4944 secundo
897 4890 1088 4943 itinere
1137 4887 1477 4950 Atheniensi,
1522 4886 1596 4940 uti
1624 4884 1848 4953 conjicit

278 4983 521 5048 lluetius,
555 4981 881 5052 posteriores
910 4979 1039 5034 tomi
1073 4979 1308 5049 expliciti
1345 4989 1486 5034 sunt.

348 5075 439 5133 IV.
473 5075 834 5145 Hieronymus
856 5071 1081 5142 prologo
1107 5073 1198 5140 qui
1229 5071 1482 5140 prtelixus
1521 5081 1606 5125 est
1638 5069 1848 5124 Latina:

277 5165 708 5236 interpretationi
770 5163 1126 5218 Homiliarum
1182 5163 1431 5234 Origenis
1485 5163 1538 5215 in
1597 5162 1843 5225 Lucam,

277 5275 470 5314 novem
507 5269 562 5313 et
617 5257 835 5326 triginta
899 5264 1073 5310 tomos
1127 5256 1193 5308 ab
1245 5257 1434 5308 eodem
1508 5252 1741 5324 Origene
1789 5253 1844 5307 in

275 5352 542 5406 Joannem
573 5350 802 5417 scriptos
844 5359 1254 5402 commemorat.
1307 5345 1576 5416 Sx'quidem
1600 5388 1615 5414 ,
1648 5346 1843 5415 inquit,

276 5447 413 5515 quod
433 5445 553 5498 olim
569 5441 751 5498 lioma'
768 5452 948 5494 sancta
969 5440 1202 5494 Blwsilla
1225 5441 1575 5510 ﬂagitaverat,
1602 5451 1654 5492 ut
1681 5455 1843 5492 χχχιί

280 5535 420 5604 (lege
439 5533 565 5603 xxv)
594 5543 760 5586 tomos
781 5531 923 5584 illius
947 5533 998 5583 in
1023 5529 1352 5592 Matthteunt,
1383 5540 1428 5583 et
1457 5533 1682 5600 quinque
1708 5531 1841 5584 alios

278 5627 334 5678 in
362 5625 574 5690 Lucam,
594 5637 637 5676 et
663 5640 831 5677 χχχιχ
857 5626 909 5676 in
933 5623 1195 5676 Joannem
1219 5635 1411 5676 nostra:
1431 5625 1625 5690 lingua:
1659 5627 1842 5676 trade-

279 5731 407 5767 rem.
436 5717 850 5769 Ammuensium
875 5729 1115 5768 errorem
1142 5712 1229 5766 hic
1255 5714 1565 5780 suspicatur
1587 5714 1838 5767 doctissi-

281 5823 395 5860 mus
416 5805 653 5869 llnetius,
672 5817 719 5859 et
743 5822 838 5876 pro
862 5822 1018 5860 xxxix
1046 5805 1325 5876 legendum
1356 5811 1701 5874 putat‘xxxtt.
1726 5805 1838 5862 Non

1902 1821 2004 1918 Br

1991 565 2165 634 ipsum
2194 565 2508 636 Hieronymi
2559 565 2838 633 prologum
2896 566 3106 618 refert:
3158 575 3210 617 et
3262 566 3352 632 qui
3397 567 3562 634 paulo

1990 653 2128 708 infra
2183 657 2368 709 eadem
2424 655 2616 724 repetit
2671 655 2757 708 his
2808 655 3027 708 verbis:
3061 655 3301 717 Interim,
3358 659 3559 725 inQnit,

1991 746 2229 816 Origenis
2259 748 2442 813 libros,
2493 759 2549 800 ut
2576 765 2737 817 supra
2772 747 3023 812 diximus,
3058 749 3114 801 in
3147 763 3348 800 omnem
3379 749 3562 800 admi-

1985 839 2238 892 rationem
2276 840 2500 904 extollit,
2549 849 2597 893 et
2648 840 2775 892 dicit
2818 843 2959 908 quod
2987 839 3032 892 si
3069 856 3154 893 eos
3184 840 3561 907 interpretetur

1987 928 2228 984 Romana
2280 931 2483 1000 lingua,
2531 945 2803 1001 cognoscet
2861 941 3114 1002 quantunt
3166 932 3288 984 boni
3333 941 3380 983 et
3433 940 3559 982 ante

1983 1024 2220 1076 nescierit
2251 1033 2299 1076 et
2333 1023 2464 1077 scire
2490 1041 2628 1077 nunc
2651 1026 2884 1089 coeperit,
2915 1026 2967 1078 id
2999 1037 3093 1090 est,
3126 1025 3180 1078 in
3214 1025 3552 1086 Matt/tarum,

1981 1116 2185 1184 inquit,
2223 1131 2349 1168 χχιιι
2385 1115 2544 1168 libros
2583 1116 2720 1186 (lege
2755 1116 2883 1187 xxv)
2913 1109 2958 1171 et
2998 1120 3051 1168 in
3083 1116 3276 1169 Lucam
3300 1117 3549 1185 quinque,

1979 1222 2026 1262 et
2055 1210 2110 1262 in
2151 1209 2411 1264 Joannem
2436 1227 2608 1266 χχχιι.
2640 1211 2765 1266 Inde
2795 1221 2878 1266 est
2923 1212 3063 1280 quod
3115 1211 3167 1264 in
3221 1227 3324 1266 ms.
3359 1211 3553 1265 codice

1979 1301 2502 1356 Commentariorum
2534 1303 2584 1356 in
2609 1302 2873 1358 Joannem
2907 1318 3014 1372 quo
3044 1318 3173 1358 usus
3197 1311 3278 1356 est
3314 1304 3553 1357 Ambro-

1978 1395 2089 1448 sius
2115 1394 2417 1460 Ferrarius,
2455 1410 2648 1451 novem
2691 1395 3006 1465 interrupta:
3046 1395 3202 1450 seriei
3261 1397 3416 1463 t0mi,
3452 1395 3550 1464 qui

1976 1483 2135 1538 hodie
2167 1495 2476 1552 supersunt,
2531 1487 2583 1539 in
2643 1485 2863 1555 triginta
2917 1487 3052 1540 duos
3100 1493 3276 1540 tomos
3330 1485 3551 1540 fuerant

1974 1575 2270 1629 distributi.
2309 1575 2506 1631 Verum
2546 1576 2724 1630 Rufini
2756 1576 2972 1630 lectioni
3015 1576 3148 1632 fides
3206 1576 3428 1630 minime
3467 1578 3551 1630 vi-

1975 1669 2130 1722 detur
2155 1684 2274 1724 esse
2304 1670 2608 1724 adhibenda
2643 1687 2656 1723 :
2690 1686 2814 1724 nam
2857 1686 2978 1726 cum
3031 1681 3204 1726 tomus
3249 1686 3421 1735 χχχιι,
3451 1671 3545 1737 qni

1975 1759 2239 1830 hodieque
2265 1773 2536 1830 superest,
2597 1763 2809 1818 desinat
2859 1764 2924 1816 ad
2959 1763 3372 1833 capntJoannis
3418 1778 3543 1823 xm,

2013 1890 2025 1903 .
2055 1851 2144 1913 55,
2170 1852 2252 1905 vel
2280 1852 2546 1920 integrum
2577 1868 2713 1924 Opus
2738 1855 3045 1922 neutiquam
3075 1854 3304 1909 absolvit
3348 1851 3544 1922 Orige-

1974 1962 2088 2011 nes,
2117 1947 2196 2001 vel
2227 1946 2272 2000 si
2301 1949 2366 2001 ad
2397 1948 2554 2001 finem
2593 1962 2763 2016 usque
2794 1947 3068 2016 perduxit,
3120 1964 3224 2001 non
3258 1948 3544 2016 pauciores

1971 2055 2132 2109 quam
2157 2056 2323 2094 χχχιχ
2354 2050 2528 2094 tomos
2557 2040 2865 2094 elaborasse
2894 2039 3185 2094 verisimile
3207 2049 3310 2094 est.
3341 2040 3544 2093 Deinde

1970 2131 2150 2199 plures
2183 2146 2345 2199 quam
2376 2147 2527 2184 χχχιι
2552 2139 2724 2184 tomos
2749 2129 3026 2185 confectos
3052 2132 3214 2185 fuisse
3246 2131 3371 2184 inde
3391 2132 3540 2183 crni-

1971 2232 2079 2284 tur,
2115 2223 2255 2290 quod
2307 2221 2567 2291 Origenes
2617 2223 2731 2290 ipse
2797 2233 3026 2276 tractatu
3078 2237 3219 2276 xxxv
3280 2224 3331 2276 in
3393 2223 3535 2275 Mat-

1968 2313 2188 2378 thmum,
2217 2328 2336 2382 pag.
2366 2312 2488 2379 922,
2519 2312 2570 2365 in
2608 2314 2720 2367 haec
2756 2311 2990 2366 Matthzei
3041 2314 3207 2366 verba
3239 2326 3253 2361 :
3292 2310 3535 2378 ldipsum

1968 2413 2139 2454 autent
2167 2414 2215 2455 et
2237 2403 2482 2465 latrones,
2512 2404 2600 2471 qui
2623 2403 2864 2471 crucifixi
2895 2413 3182 2456 erantcum
3213 2419 3295 2466 eo,
3335 2403 3536 2468 impro-

1965 2495 2215 2560 perabant
2238 2494 2306 2557 ei,
2339 2494 2414 2546 ait
2438 2509 2497 2548 se
2519 2495 2570 2547 in
2595 2494 3010 2550 Commentariis
3051 2496 3163 2550 suis
3195 2495 3246 2548 in
3270 2495 3538 2550 Joannem

1967 2587 2279 2654 exposuisse
2308 2585 2373 2640 de
2404 2584 2612 2640 duobus
2644 2585 2944 2640 latronibus
2995 2587 3083 2656 qui
3132 2588 3374 2640 crucifixi
3412 2597 3540 2641 sunt

1965 2693 2088 2732 cum
2117 2676 2356 2739 Christo,
2382 2686 2435 2730 et
2462 2677 2532 2731 ibi
2563 2678 2797 2746 agitasse
2827 2693 2891 2730 an
2925 2678 3016 2730 alii
3053 2679 3162 2732 sint
3216 2681 3322 2734 duo
3376 2680 3428 2733 hi
3457 2679 3538 2732 la-

1969 2778 2152 2823 trones
2183 2783 2411 2836 quorum
2444 2783 2580 2821 unus
2633 2767 3046 2837 blasphemahat
3079 2770 3353 2824 Christum
3380 2771 3534 2840 juxta

1965 2859 2186 2924 Lucam,
2235 2869 2289 2915 et
2330 2861 2420 2914 alii
2470 2859 2671 2915 fuerint
2704 2860 2780 2914 illi
2808 2861 2913 2914 duo
2957 2860 3194 2913 latrones
3239 2862 3330 2931 qui
3366 2863 3529 2915 ambo

1965 2954 2476 3022 hlasphemaverunt
2511 2953 2662 3022 juxta
2697 2953 3004 3006 Matthmum
3055 2962 3109 3006 et
3163 2952 3426 3007 Marcum.
3458 2952 3528 3008 lt't

1964 3047 2104 3112 apud
2127 3043 2410 3109 Joannem,
2445 3045 2638 3112 Inquit,
2673 3046 2807 3098 sicut
2850 3047 3135 3111 potuimus,
3198 3047 3535 3112 exposuistth

1963 3135 2027 3190 de
2082 3137 2286 3190 duobus
2342 3136 2660 3202 latronibus,
2711 3138 2800 3196 qui
2852 3138 3066 3204 fuerunt
3118 3137 3362 3205 cruciﬁxi
3409 3155 3530 3192 cum

1960 3227 2190 3291 Christo,
2219 3231 2307 3299 qui
2328 3229 2611 3282 secundum
2643 3228 2950 3282 Mattha'unt
2976 3231 3184 3298 quidem
3209 3241 3255 3282 et
3284 3229 3526 3283 Marcum

1958 3323 2429 3389 improperaverunt
2459 3321 2504 3371 ei
2543 3323 2696 3374 ambo
2755 3323 2810 3376 in
2849 3337 3038 3385 cruce;
3087 3322 3372 3375 secundum
3423 3321 3527 3373 Ln-

1958 3429 2071 3466 cam
2101 3423 2273 3466 autem
2312 3412 2570 3466 dicentem
2600 3414 2847 3481 quoniam
2878 3430 3017 3467 unus
3060 3412 3125 3467 de
3178 3415 3524 3481 pendentibus

1957 3505 2249 3559 latronibus
2280 3506 2762 3573 blasphemabat....
2799 3504 3122 3560 Conveniens
3161 3522 3282 3576 ergo
3329 3517 3407 3558 est
3468 3519 3522 3560 ut

1956 3599 2011 3650 in
2039 3599 2219 3666 primis
2241 3597 2447 3667 quidem
2475 3597 2626 3649 ambo
2649 3598 2878 3650 latrones
2925 3597 3290 3667 intelligantur
3337 3603 3524 3656 Domi-

1957 3706 2082 3743 num
2135 3688 2606 3756 blasphemasse....
2673 3690 2776 3740 Aut
2827 3705 2888 3742 ne
2951 3693 3104 3758 forte,
3147 3694 3280 3746 sicut
3323 3705 3372 3748 et
3417 3697 3524 3751 illic

1955 3781 2183 3834 diximus
2241 3778 2676 3850 (Commentariis
2731 3779 2938 3834 scilicet
2987 3781 3041 3835 in
3090 3781 3396 3854 Joannem),
3430 3788 3524 3840 alii

1955 3883 2075 3928 sunt
2108 3872 2163 3925 hi
2187 3872 2290 3925 duo
2335 3873 2566 3924 latrones
2604 3886 2668 3923 ea:
2713 3873 2904 3940 quibus
2951 3889 3090 3928 unus
3132 3875 3522 3941 blasphematur

1953 3987 2094 4035 eum,
2125 3981 2172 4026 et
2199 3970 2292 4024 alii
2318 3969 2529 4040 fuerunt
2571 3971 2653 4024 illi
2681 3970 2787 4023 duo
2813 3971 3044 4026 latrones
3089 3974 3179 4043 qui
3206 3977 3357 4028 ambo
3404 3975 3518 4029 bla-

1953 4065 2349 4131 sphemaverunt
2387 4061 2487 4134 (sic
2539 4065 2682 4117 enim
2737 4063 3019 4134 legendum
3051 4075 3134 4119 est
3159 4064 3312 4134 juxta
3344 4068 3516 4136 mss.).

1955 4153 2079 4208 Hinc
2109 4167 2288 4208 autem
2319 4154 2506 4208 nullibi
2544 4153 2890 4224 reperiuntur
2921 4155 2973 4208 in
3003 4171 3193 4210 novem
3233 4157 3395 4211 tomis
3426 4161 3516 4226 qui

1954 4245 2250 4300 etiamnum
2279 4254 2495 4298 exstant
2526 4245 2577 4298 in
2601 4244 2890 4311 Joannem,
2920 4255 3082 4316 atque
3105 4263 3170 4302 ex
3199 4249 3378 4302 verbis
3406 4264 3520 4303 mo-

1952 4337 2021 4391 do
2043 4338 2224 4391 citatis
2254 4346 2302 4392 et
2342 4337 2460 4391 loco
2497 4337 2585 4391 ubi
2613 4353 2674 4391 ea
2698 4338 2861 4391 citata
2897 4349 3042 4404 sunt,
3090 4341 3302 4394 videtur
3330 4341 3520 4412 Orige-

1952 4443 2048 4482 nes
2077 4445 2180 4483 non
2209 4443 2306 4498 per
2351 4437 2721 4490 transennam,
2775 4431 2868 4484 sed
2919 4446 2982 4484 ex
3023 4433 3284 4500 professo,
3341 4443 3395 4488 et
3421 4449 3519 4488 suo

1952 4518 2090 4584 loco,
2144 4526 2406 4572 tractasse
2451 4517 2520 4572 de
2573 4516 2780 4572 duobus
2835 4518 3156 4573 latronibus.
3189 4519 3358 4574 Porro
3391 4535 3512 4573 cum

1955 4610 2260 4664 tricesimus
2315 4609 2584 4664 secundus
2639 4617 2816 4663 tomus
2845 4609 3055 4664 desinat
3092 4612 3156 4663 ad
3204 4620 3363 4679 caput
3395 4625 3514 4676 χιιι,

1949 4703 2004 4770 Ῡ.
2042 4702 2110 4757 55
2152 4702 2424 4773 Evangelii
2473 4701 2731 4769 Joannis,
2775 4712 2831 4756 ut
2874 4703 2986 4772 jam
3039 4703 3292 4764 diximus,
3325 4712 3518 4771 agatur

1950 4809 2080 4849 vero
2111 4796 2175 4850 de
2220 4794 2524 4850 latronibus
2579 4797 2633 4849 in
2668 4798 2845 4867 capite
2892 4810 3006 4858 χιχ,
3038 4799 3092 4864 ᾖ.
3152 4797 3216 4850 18
3275 4795 3513 4863 ejusdem

1949 4887 2246 4956 Evangelii,
2303 4888 2483 4958 plures
2523 4905 2686 4958 quam
2741 4905 2890 4942 χχχιι
2921 4897 3093 4943 tomos
3149 4889 3198 4942 in
3249 4889 3511 4943 Joannem

1947 4980 2257 5035 elaboratus
2286 4980 2448 5036 fuiSse
2473 4983 2765 5037 verisimile
2791 4993 2894 5046 est,
2931 4998 2997 5036 ac
3030 4982 3254 5050 proinde
3283 4983 3511 5052 genuina

1948 5072 2163 5127 videtur
2216 5072 2524 5143 Hieronymi
2583 5073 2772 5137 lectio,
2850 5090 2970 5142 qua:
3020 5089 3184 5127 χχχιχ
3237 5085 3412 5129 tomos
3461 5075 3513 5128 in

1945 5165 2209 5222 Joannem
2236 5175 2639 5219 commemorat.

2019 5257 2085 5312 γ.
2118 5256 2195 5310 Εχ
2225 5264 2303 5309 tot
2332 5256 2581 5326 Origenis
2631 5257 2684 5310 in
2713 5254 2975 5312 Joannem
3025 5257 3512 5323 lucubrationibus,

1946 5364 2059 5403 χχιι
2092 5349 2356 5402 duntaxat
2395 5359 2567 5402 tomos
2617 5350 2682 5400 ad
2733 5363 2882 5401 suam
2935 5358 3153 5403 (etatem
3201 5349 3514 5416 pervenisse

1947 5441 2136 5497 scribit
2189 5439 2454 5496 Eusebius
2490 5441 2630 5494 llist.
2688 5441 2783 5495 lib.
2844 5457 2918 5508 vr,
2955 5457 3078 5511 cap.
3113 5441 3205 5495 24.
3250 5442 3357 5495 Sed
3388 5457 3510 5496 cum

1944 5548 2111 5588 χχχιχ
2141 5532 2498 5604 Hieronymus
2530 5545 2736 5601 postea,
2789 5543 2844 5586 et
2894 5532 3119 5588 Rufinus
3160 5534 3342 5587 forsan
3377 5534 3511 5585 dun-

1947 5635 2096 5679 taxat
2126 5640 2274 5678 χχχ-ιι
2335 5641 2442 5694 pne
2493 5625 2740 5678 manibus
2786 5625 3095 5686 habuerint,
3146 5635 3200 5678 et
3238 5623 3512 5693 supersint

1945 5717 2210 5784 hodieque
2237 5719 2364 5771 lomi
2396 5731 2561 5770 xxvur
2593 5727 2648 5770 et
2673 5731 2844 5780 χχχιι,
2871 5715 3263 5782 conjiciendum
3286 5725 3369 5768 est
3399 5731 3504 5768 non

1943 5807 2123 5877 plures
2155 5824 2316 5880 quam
2344 5823 2455 5864 χχιι
2486 5807 2682 5863 vidisse
2741 5807 3050 5878 Eusebium,
3118 5807 3300 5878 plures
3330 5819 3509 5862 tamen
