3792 6146
144 384 194 436 \‘l
1041 369 1358 426 MONITUM
1401 370 1491 424 AD
1527 366 1886 424 COMMENT.
1924 362 2247 420 ORIGENIS
2283 360 2347 414 IN
2386 355 2574 414 JOAN.
3359 352 3422 406 18
3471 339 3473 342 ⁴

153 509 236 550 sua
289 497 453 545 attatc
482 485 799 542 exstitisse.
845 485 960 540 llos
1005 495 1306 554 temporum
1355 486 1554 557 injuria
1591 495 1736 555 post-
1770 489 1817 546 Α
1845 495 1935 537 aut
1962 483 2136 536 locum
2167 481 2460 550 signassem
2491 485 2812 544 suspectum.
2856 471 3044 540 Aliqua
3081 480 3260 524 tamen
3303 483 3427 537 per--

156 583 355 637 modum
393 578 731 649 absumpsit.
757 579 1010 647 exceptis
1049 578 1208 631 tomis
1248 595 1286 640 ι,
1325 595 1388 641 ιι,
1413 594 1490 641 vr,
1525 595 1582 643 x,
1619 593 1740 642 xm,

153 689 256 737 ιιι,
295 689 385 729 xx.
425 689 602 726 xxvut
631 681 684 725 et
734 687 925 736 xxxii,
981 687 1212 740 quorum
1271 674 1488 740 gemina
1540 675 1745 742 prodiit

156 767 560 834 interpretatio.
597 765 672 818 Ex
709 766 904 820 codice
940 765 1143 820 Veneto
1179 765 1238 822 S.
1271 765 1466 832 Marci,
1499 768 1592 836 qui
1626 767 1745 821 nul-

152 852 235 904 libi
268 852 440 906 hodie
465 861 778 922 comparet,
834 853 1070 921 priorem
1123 855 1473 910 concinnavit
1512 857 1750 913 Ambrov

151 949 252 997 sius
288 945 616 1011 Ferrarius,
645 945 1094 1013 Mediolanensis,
1128 950 1432 1003 monaclms
1463 950 1742 1015 Cassiuas,

149 1047 196 1091 et
227 1037 404 1090 edidit
440 1053 593 1090 anno
632 1039 768 1093 1551
799 1057 813 1106 ;
843 1041 1206 1109 posteriorem
1237 1056 1306 1094 ex
1353 1042 1545 1096 codice
1577 1041 1746 1112 Regio

148 1129 458 1184 Joachimus
497 1131 818 1198 Perionius,
877 1131 1261 1188 Benedictinus
1318 1134 1505 1188 itidem
1549 1149 1744 1189 mona-

147 1224 298 1286 chus,
335 1224 586 1278 triennio
623 1235 747 1294 post
771 1225 852 1279 vel
886 1226 1128 1280 circiter.
1156 1225 1326 1292 Quem
1379 1235 1509 1295 puto
1559 1243 1663 1282 non
1693 1228 1746 1282 iu

149 1333 207 1369 se
243 1317 550 1384 recepisset
584 1316 855 1383 laborem,
884 1318 928 1372 si
960 1332 1064 1371 non
1122 1325 1300 1372 actum
1355 1319 1513 1372 modo
1536 1334 1593 1374 se
1627 1333 1749 1387 age-

151 1425 229 1472 re,
262 1411 352 1462 sed
387 1411 538 1462 bene
572 1419 758 1462 actum
795 1409 1034 1478 pessime
1079 1423 1137 1463 se
1171 1425 1334 1477 agere
1362 1409 1746 1466 intellexisset.

153 1503 218 1553 At
264 1501 512 1554 nonduin
549 1510 884 1570 pervenerat
925 1502 990 1554 ad
1037 1515 1158 1556 eum
1211 1500 1537 1556 Ferrariana
1583 1504 1750 1558 inter-

157 1586 412 1655 pretatio;
449 1599 870 1657 proptereaque
899 1588 949 1640 in
977 1588 1385 1656 explanationis
1411 1604 1524 1642 suae
1553 1588 1751 1656 praeia-

158 1687 289 1734 tioue
314 1681 571 1749 primum
613 1695 675 1735 se
703 1680 903 1734 laboris
937 1679 1096 1750 hujus
1147 1680 1503 1748 inemptorcm
1534 1682 1752 1749 prolite-

159 1787 258 1825 tur.
284 1771 586 1826 Persuasit
611 1773 665 1826 id
702 1775 860 1827 Sixto
900 1772 1150 1838 Senensi,
1187 1774 1278 1843 qui
1342 1773 1571 1843 idipsum
1607 1784 1756 1827 retu-

159 1869 237 1929 lt;
263 1864 456 1919 Sixttts
488 1867 666 1918 etiam
710 1867 829 1919 viro
861 1866 1080 1920 erudito
1105 1866 1193 1936 qui
1233 1865 1373 1920 falso
1402 1865 1544 1920 idem
1593 1866 1755 1918 itera-

158 1963 250 2011 vit.
294 1958 410 2012 Hos
446 1969 646 2012 autem
671 1961 914 2023 codices,
967 1957 1232 2014 Venetum
1283 1969 1338 2013 et
1393 1957 1645 2026 Regium,
1689 1974 1751 2012 ex

160 2068 260 2103 uno
312 2051 643 2120 eodemque
692 2053 912 2106 venisse
961 2052 1259 2121 exemplari
1316 2051 1634 2121 intelligitur
1688 2066 1754 2106 ex

161 2142 407 2198 ειιιιῆὶειιι
470 2143 827 2199 Ferrariame
864 2146 1336 2216 interpretationis
1388 2161 1511 2200 cum
1572 2144 1756 2199 Perio-

165 2239 317 2289 niana
369 2247 425 2290 ct
462 2237 665 2291 Graeca
719 2235 899 2292 lluetii
946 2239 1186 2292 editione
1237 2239 1303 2292 ad
1337 2237 1619 2306 exemplar
1660 2238 1758 2291 Re-

167 2330 303 2392 gium
354 2329 669 2398 expressis,
725 2329 862 2384 adeo
890 2340 1148 2383 accurate
1180 2329 1386 2383 lacuna-
1419 2330 1630 2382 lacunis
1675 2343 1760 2382 re-

171 2425 452 2490 spondent,
482 2425 618 2478 licet
644 2425 698 2477 in
741 2424 1014 2493 aliquibus
1047 2425 1348 2479 auctiorem
1387 2434 1441 2478 et
1471 2425 1760 2492 perfectio-

174 2532 276 2568 rem
335 2516 516 2571 fuisse
575 2515 817 2571 Ferrarii
877 2517 1120 2571 codicem
1181 2515 1458 2570 fatendum
1513 2515 1603 2569 sit.
1648 2513 1761 2569 lloc

174 2608 434 2676 prmcipue
489 2607 848 2676 discrepabat
908 2617 1134 2678 uterque
1183 2605 1343 2672 liber,
1369 2607 1514 2676 quod
1563 2605 1763 2677 Regius

175 2714 350 2751 teram
401 2716 468 2754 ac.
499 2701 802 2772 genuinam
840 2715 1030 2754 novem
1063 2709 1332 2754 tomorum
1368 2709 1615 2755 servaret
1649 2699 1751 2754 dis-

180 2794 522 2856 tinctionem,
570 2808 695 2848 cum
748 2791 984 2848 Venetus
1013 2794 1066 2847 in
1099 2793 1318 2863 triginta
1341 2795 1476 2848 duos
1508 2794 1668 2848 unius
1699 2807 1764 2847 ac

177 2885 444 2939 coiitiuua:
474 2887 648 2940 seriei
679 2897 854 2941 tomos
885 2896 1066 2941 sectus
1096 2896 1260 2950 esset,
1297 2904 1328 2939 a
1358 2885 1600 2940 Griecqu
1629 2901 1764 2956 quo-

180 2997 292 3032 nam
324 2983 517 3033 incerti
557 2981 810 3044 nominis,
843 2980 918 3032 ait
950 2979 1136 3034 Sixtus
1170 2980 1454 3045 Senensis,
1498 2998 1631 3034 novo
1662 2984 1763 3036 int-

183 3079 401 3139 positura:
448 3086 675 3140 genere,
729 3080 787 3122 ut
840 3087 968 3136 opus
1025 3087 1361 3124 numerorum
1426 3071 1764 3127 multitudine

186 3172 411 3226 nactum,
473 3170 527 3216 et
560 3161 907 3214 arithmetica:
956 3163 1341 3231 supputationis
1374 3163 1558 3217 ordine
1593 3165 1765 3218 conti-
1793 3182 1837 3240 ο

187 3263 398 3307 natatum
432 3255 729 3324 optabilius
767 3255 1025 3318 redderet,
1057 3271 1118 3307 ac
1143 3256 1339 3325 majori
1380 3257 1550 3324 pretio
1580 3257 1766 3310 vende-

191 3355 260 3397 ret
291 3361 308 3398 :
340 3347 482 3399 unde
514 3346 740 3400 delusus
776 3345 1066 3400 Ferrarius
1111 3347 1356 3400 eamdem
1391 3348 1618 3402 retinuit
1646 3348 1765 3402 libri

192 3442 530 3508 partitionem
558 3479 575 3505 ,
629 3450 683 3494 et
731 3455 762 3493 e
793 3439 1012 3507 triginta
1061 3455 1252 3495 novem
1310 3441 1475 3494 tomis
1521 3455 1660 3510 quos
1715 3442 1768 3496 iu

195 3530 439 3588 Joannem
471 3532 771 3602 scripsisse
797 3531 1084 3602 Origeuem
1121 3533 1371 3601 putabat,
1423 3542 1630 3602 septem
1681 3550 1769 3589 so-

199 3626 295 3679 lum
323 3638 637 3696 postremos
688 3625 1007 3687 desiderari,
1033 3637 1087 3679 et
1139 3626 1347 3696 exiguis
1393 3625 1602 3696 aliquot
1633 3627 1769 3682 dun-

201 3727 339 3770 taxat
369 3717 591 3772 lacunis
628 3716 920 3786 abruptam
955 3732 1075 3772 esse
1103 3719 1282 3786 operis
1311 3718 1507 3772 seriem
1537 3721 1768 3774 censuit.

199 3812 509 3878 Quanquam
579 3809 826 3865 fraudem
865 3810 1100 3864 subinde
1131 3811 1393 3865 odoratus
1437 3821 1522 3865 est
1550 3812 1630 3865 vir
1681 3811 1773 3868 ille

200 3903 453 3968 eruditus,
497 3916 630 3954 nam
659 3900 715 3955 in
765 3901 951 3969 priore
984 3901 1456 3970 interpretationis
1502 3918 1615 3956 suae
1655 3903 1772 3956 edi-

205 3995 356 4057 tione,
391 3995 556 4048 initio
589 3995 718 4048 tomi
766 4010 884 4058 xix,
937 3994 1003 4048 ad
1035 4009 1209 4061 oram,
1251 3995 1518 4064 suspicaci
1554 4010 1611 4049 se
1639 3995 1778 4050 scri-

205 4084 274 4138 bit
302 4091 462 4142 hosce
524 4097 719 4150 tomos,
755 4103 821 4143 ne
867 4103 1126 4142 numerus
1174 4087 1642 4157 interpellaretur,
1703 4091 1776 4144 ita

206 4179 357 4236 luisse
387 4182 683 4238 dissectos.

278 4315 355 4369 Vl.
408 4318 480 4371 At
541 4318 943 4373 illustrissimus
991 4320 1243 4382 lluetius,
1303 4321 1393 4390 qui
1445 4320 1651 4390 primus
1683 4335 1776 4374 eos

209 4404 383 4464 Grzeee
413 4412 587 4465 edidit
621 4409 966 4482 Rothomagi,
1014 4429 1158 4467 anno
1185 4412 1340 4475 1668,
1394 4427 1549 4465 suum
1579 4411 1775 4479 cuique

1849 589 2017 629 versa}
2063 572 2325 628 doctrinae
2365 568 2503 622 ‘labe
2555 581 2801 634 respersa
2829 565 3078 620 consulto
3124 563 3426 619 detraxisse

1848 666 2080 728 videtur,
2133 678 2235 717 nec
2267 661 2525 732 pauciora
2588 672 2877 728 superesse
2926 672 3118 726 passus
3168 667 3272 722 est,
3305 669 3426 724 quae

1845 761 1914 814 ab
1965 757 2225 813 Ecclesia:
2269 754 2508 811 decretis
2541 768 2644 807 non
2688 752 2885 823 exiguo
2915 752 3233 805 recederent
3258 750 3424 804 inter-

1845 851 2006 906 vallo.
2037 851 2162 905 llaec
2187 864 2320 904 vero
2341 848 2524 903 omnia
2555 847 2670 903 suis
2694 857 2878 900 notata
2913 855 3040 899 sunt
3064 843 3219 899 locis.

1920 943 2029 1000 Vll.
2062 945 2139 998 Ex
2185 941 2398 1014 gemina
2452 939 2687 994 Ferrarii
2718 947 2774 994 et
2807 938 3046 992 Perionii
3099 937 3425 1003 interpreta-

1851 1037 1994 1090 tioue
2020 1045 2073 1091 et
2125 1036 2286 1090 unico
2316 1034 2506 1088 codice
2557 1031 2730 1102 Regio
2757 1031 3053 1084 editionem
3108 1044 3260 1084 suam
3293 1043 3427 1083 con-

1849 1129 1999 1184 [lavit
2027 1128 2274 1190 lluetius,
2307 1127 2400 1196 qui
2429 1125 2553 1179 laeto
2585 1139 2716 1178 sane
2753 1124 2936 1178 animo
2971 1122 3091 1177 aliis
3125 1137 3251 1177 usus
3281 1129 3428 1175 esset

1850 1222 2134 1278 codicibus
2171 1220 2328 1291 jussu
2363 1218 2497 1274 cleri
2546 1217 2810 1273 Gallicani
2846 1215 3136 1284 descriptis
3182 1223 3310 1268 ante
3339 1227 3430 1267 an-

1853 1332 1951 1370 nos
1983 1315 2189 1384 aliquot
2222 1329 2290 1369 ex
2323 1311 2491 1366 Italiae
2525 1309 2896 1374 Bibliothecis,
2926 1309 2970 1363 si
3000 1307 3244 1363 Joannes
3274 1307 3430 1360 Tari-

1852 1425 1973 1472 nns,
2009 1406 2332 1461 Parisiensis
2360 1403 2664 1473 professor,
2696 1403 2848 1471 cujus
2883 1401 3008 1455 iidei
3040 1401 3319 1456 commissi
3353 1401 3430 1454 illi

1853 1511 2010 1556 erant
2065 1507 2124 1554 ut
2150 1500 2337 1552 eadem
2369 1496 2776 1553 Commentaria
2811 1495 2865 1549 in
2912 1493 3216 1560 Joannem,
3270 1493 3431 1548 Com-

1855 1593 2153 1648 mentarios
2182 1593 2235 1646 in
2268 1591 2582 1646 Matthaeum
2631 1599 2688 1645 et
2734 1589 3088 1643 Philocaliam
3139 1589 3192 1641 in
3252 1586 3431 1642 lucem

1856 1687 2152 1751 emitteret,
2208 1701 2329 1739 cum
2386 1686 2503 1753 ipso
2541 1682 2951 1738 communicare
2999 1681 3258 1736 voluisset
3290 1701 3302 1736 :
3333 1694 3429 1734 ven

1858 1796 1977 1834 rum
2006 1779 2188 1833 lumen
2221 1780 2288 1834 de
2319 1793 2419 1834 suo
2448 1778 2655 1832 lumine
2683 1776 2983 1830 accendere
3010 1774 3099 1828 ille
3130 1773 3333 1838 noluit,
3363 1787 3434 1828 ne

1860 1875 2036 1928 minus
2067 1874 2165 1942 ipsi
2195 1888 2353 1928 suum
2382 1871 2590 1926 luceret
2628 1886 2750 1926 cum
2786 1869 3020 1924 aiienum
3072 1867 3431 1924 accendisset.

1857 1967 1973 2032 Qua
2011 1966 2076 2020 de
2108 1980 2165 2020 re
2197 1965 2440 2036 graviter
2473 1963 2764 2017 admodum
2811 1976 2916 2016 nec
2962 1959 3164 2029 injuste
3196 1973 3436 2028 conque-

1862 2059 1998 2112 ritur
2047 2055 2384 2111 clarissituus
2437 2053 2660 2108 Praesul.
2724 2051 2834 2106 Nos
2895 2066 3055 2117 vero,
3114 2050 3433 2115 feliciores,

1859 2154 2070 2208 duobus
2097 2151 2177 2206 usi
2206 2164 2393 2205 sumus
2422 2148 2723 2212 codicibus,
2770 2146 3068 2202 Bodleiano
3093 2144 3348 2199 nimirum
3379 2153 3436 2199 et

1858 2244 2174 2308 Barberino,
2201 2245 2270 2298 ad
2291 2256 2519 2313 quorum
2553 2239 2711 2296 ﬁdem
2741 2238 2930 2295 Graeca
2958 2239 3319 2305 rcstituimus,
3352 2237 3437 2291 la—

1861 2350 2031 2391 cunas
2074 2333 2455 2403 explevimus,
2519 2330 2870 2401 Ferrariique
2928 2330 3435 2399 interpretationem

1860 2428 2290 2492 cmendavimus,
2333 2435 2536 2480 mutata
2567 2425 2800 2494 primum
2835 2423 2967 2494 ejus,
3021 2439 3181 2494 quam
3212 2423 3438 2479 Huetius

1864 2523 1916 2576 iu
1951 2520 2146 2576 Latino
2177 2528 2522 2583 servaverat,
2555 2530 2824 2573 tomorum
2861 2517 3154 2573 divisione.

1935 2635 2066 2690 Vill.
2101 2634 2304 2690 Prieter
2337 2649 2528 2688 novem
2557 2635 2727 2688 hosce
2759 2643 2953 2696 tomos,
3003 2630 3316 2685 Philocatia:
3348 2645 3442 2684 ca—

1864 2729 1973 2798 pita
2001 2729 2035 2784 4
2057 2741 2110 2782 et
2140 2729 2174 2782 5
2201 2728 2308 2782 duo
2340 2727 2597 2781 exhibent
2621 2725 2924 2795 fragmenta
2951 2743 2980 2778 c
3021 2737 3168 2780 tomo
3202 2740 3278 2791 tv,
3311 2725 3442 2778 tria-

1865 2834 1973 2889 que
2031 2819 2136 2872 alia
2183 2833 2248 2874 ex
2285 2817 2605 2887 praefatione
2635 2817 2833 2886 quinti,
2868 2817 3008 2871 inter
3055 2831 3174 2886 quae
3202 2815 3440 2870 tnedium

1867 2922 2016 2968 tenet
2045 2911 2306 2982 particula
2347 2925 2379 2966 e
2431 2911 2527 2965 lib.
2581 2925 2633 2962 vr
2663 2909 2976 2963 Eusebiana:
3008 2907 3287 2974 Historiaz,
3317 2923 3438 2978 cap.

1865 3004 1960 3070 25,
2010 3005 2276 3059 traducta.
2319 3003 2436 3057 Duo
2487 3015 2703 3071 quoque
2746 3001 2936 3056 Latina
2971 3001 3274 3070 fragmenta
3316 3015 3444 3070 sup-

1871 3097 2075 3167 peditat
2103 3095 2359 3165 Apologia
2389 3093 2655 3162 Pamphili
2703 3094 2979 3163 martyris.
3034 3093 3274 3147 Primum
3308 3104 3393 3148 est
3414 3108 3445 3147 e

1871 3200 2016 3244 tomo
2051 3205 2099 3253 v,
2136 3189 2230 3244 sed
2266 3189 2526 3252 alterum,
2557 3188 2700 3256 quod
2730 3204 2759 3242 e
2793 3187 3032 3241 secundo
3067 3188 3443 3256 depromptum

1871 3283 2064 3345 fertur,
2121 3285 2172 3337 in
2229 3298 2295 3339 eo
2345 3282 2534 3337 nullibi
2568 3283 2825 3350 reperies.
2860 3281 2966 3336 Nec
3004 3292 3179 3336 tamen
3210 3282 3331 3336 ideo
3366 3293 3445 3335 to-

1875 3391 2020 3430 munt
2051 3376 2193 3430 hunc
2248 3390 2369 3430 esse
2404 3375 2785 3429 detruncatqu
2845 3373 3277 3428 concludendum
3311 3390 3445 3428 cen-

1875 3482 2076 3534 semus,
2109 3477 2294 3537 utpote
2324 3467 2414 3537 qui
2449 3482 2515 3520 ex
2559 3467 2706 3520 omni
2757 3475 2908 3534 parte
2951 3469 3180 3537 integer,
3237 3481 3336 3521 nec
3369 3466 3446 3520 la-

1875 3563 2033 3616 cunis
2069 3559 2191 3616 ullis
2241 3559 2527 3615 dehiscere
2558 3559 2826 3612 videatur.
2893 3557 3046 3612 Unde
3100 3557 3448 3612 verisimilius

1877 3654 2220 3724 suspicamur
2271 3651 2576 3722 fragmenta
2628 3651 2810 3704 haec-ce
2844 3650 2950 3703 duo
2982 3664 3051 3702 ex
3085 3665 3191 3702 uno
3225 3648 3447 3705 eodem-

1876 3759 1983 3813 que
2038 3753 2184 3798 tomo
2235 3745 2426 3814 quinto
2455 3757 2578 3798 esse
2605 3741 2878 3809 decerpta.
2926 3741 3092 3808 Cujus
3120 3741 3450 3809 conjectum

1880 3836 2146 3890 rationem
2187 3836 2519 3890 reddidimus
2553 3835 2642 3888 ubi
2671 3835 2951 3888 convenit.

1952 3927 2040 3983 IX.
2079 3929 2197 3983 Jam
2255 3938 2313 3982 ut
2340 3928 2544 3997 aliquid
2575 3929 2640 3982 de
2673 3927 2836 3982 tomis
2864 3926 3160 3996 deperditis
3183 3926 3450 3992 dicamus,

1881 4030 2240 4093 praeterquam
2294 4021 2439 4090 quod
2469 4022 2661 4076 scribit
2717 4021 2985 4076 Eusebius
3039 4019 3182 4074 Hist.
3236 4019 3335 4076 lib.
3371 4035 3449 4083 vx,

1881 4131 2004 4183 cap.
2065 4115 2156 4178 28,
2221 4114 2289 4168 de
2339 4114 2616 4168 Maximini
2675 4113 3080 4182 persecutione,
3131 4127 3251 4181 qua:
3311 4128 3454 4166 anno

1881 4204 2083 4259 Christi
2137 4202 2243 4257 255
2293 4205 2473 4258 furere
2517 4203 2700 4274 cmpit,
2751 4204 3086 4259 mentionem
3136 4203 3252 4258 ﬁeri
3308 4211 3452 4256 t0mo

1886 4317 2019 4362 xxii,
2050 4299 2312 4368 Origenes
2373 4298 2488 4366 ipse
2544 4308 2686 4352 tomo
2735 4313 2821 4351 xvi
2855 4299 2907 4350 iu
2961 4295 3291 4360 Matthaeum,
3328 4309 3452 4364 pag.

1885 4394 2008 4459 748,
2046 4394 2096 4447 iu
2125 4394 2238 4447 haec
2264 4391 2498 4446 Mattbtei
2524 4392 2565 4421 ¹²
2592 4392 2754 4444 verba
2790 4406 2804 4444 :
2848 4389 3100 4442 llosanna
3150 4385 3294 4441 Filio
3343 4386 3454 4442 Da-

213 4515 485 4556 nainerum
547 4502 600 4555 in
627 4501 817 4556 Grieco
860 4505 1121 4570 restituit,
1157 4513 1374 4558 servata
1421 4503 1656 4558 Ferrarii
1698 4505 1778 4556 in-

1889 4488 1988 4552 rid,
2023 4495 2152 4553 etc.,
2181 4485 2366 4539 eadem
2404 4500 2432 4537 a
2464 4484 2642 4552 seipso
2668 4480 3080 4536 Commentariis
3115 4481 3166 4532 in
3190 4477 3454 4534 Joannem

215 4597 616 4660 terpretatioue,
645 4606 696 4648 ut
728 4604 845 4649 erat
876 4597 1047 4664 prius,
1099 4597 1149 4650 iu
1201 4612 1350 4650 xxxu
1395 4607 1570 4652 tomos
1600 4597 1782 4652 distri-

218 4685 358 4749 buta,
386 4695 574 4755 utpote
603 4701 741 4753 qtae,
771 4686 895 4740 licet
927 4695 982 4740 et
1013 4687 1064 4738 in
1090 4687 1344 4740 oratione
1386 4686 1633 4749 horrida,
1683 4703 1781 4740 ne-

217 4790 315 4842 que
341 4779 474 4831 satis
510 4793 664 4847 pura,
724 4776 1046 4832 Periouiaua
1103 4790 1280 4831 tamen
1324 4777 1547 4833 nitidior
1580 4787 1634 4832 et
1667 4793 1782 4832 me-

221 4867 329 4934 lior,
358 4869 565 4924 Grawis
597 4871 851 4938 proprius
881 4869 1114 4934 insistat,
1141 4885 1407 4938 suamque
1439 4870 1596 4923 tidem
1644 4870 1779 4924 satis

221 4973 442 5027 praestet.
474 4964 600 5016 Suis
627 4977 802 5016 tamen
837 4962 1051 5017 laborat
1087 4979 1306 5032 quoque
1345 4963 1514 5029 vitiis,
1544 4973 1598 5017 et
1633 4963 1687 5017 in
1717 4978 1782 5018 eo

223 5050 442 5106 Ferrarii
480 5053 561 5107 vel
595 5053 819 5114 candor,
860 5051 941 5105 vel
993 5050 1350 5121 intelligentia
1401 5066 1578 5104 rerum
1627 5050 1782 5103 valde

224 5142 455 5197 videntur
509 5144 854 5212 requirenda,
883 5143 1025 5210 quod
1066 5141 1294 5196 solemni
1332 5141 1696 5195 obtestatione
1729 5141 1780 5192 in

231 5237 323 5288 line
345 5237 520 5304 operis
551 5237 630 5291 sui
675 5235 1081 5291 denuntiaverit
1110 5249 1169 5290 se
1203 5237 1257 5287 in
1296 5236 1391 5286 hoc
1431 5235 1564 5286 libro
1591 5244 1786 5286 verten-

232 5330 288 5377 do
311 5345 508 5381 summa
540 5345 692 5382 usum
735 5329 841 5394 ﬁde
869 5344 932 5380 ac
964 5329 1260 5396 diligentia,
1297 5336 1351 5379 ut
1400 5325 1532 5378 nihil
1566 5339 1784 5391 prorsus

235 5424 289 5472 sit
316 5425 636 5477 immutatum
666 5425 730 5476 ab
754 5440 814 5476 eo
846 5424 983 5491 quod
1005 5423 1182 5474 scribit
1221 5432 1430 5474 auctor.
1461 5421 1664 5474 Deinde
1691 5422 1790 5474 ad-

237 5517 303 5566 ilit
334 5535 345 5568 :
375 5514 514 5570 Scito
548 5531 804 5586 praeterea
847 5532 925 5568 me
967 5515 1099 5568 nihil
1132 5515 1387 5566 invenisse
1418 5513 1473 5565 in
1518 5513 1614 5564 hoc
1656 5510 1789 5563 libro

241 5609 361 5672 quod
386 5610 616 5662 videatur
639 5609 862 5662 decretis
885 5617 1084 5661 sancta:
1115 5607 1301 5658 matris
1341 5604 1585 5658 Ecclesiw
1609 5605 1793 5658 σάου-ο

243 5700 370 5761 tari;
403 5715 513 5751 nam
539 5700 582 5752 si
607 5698 943 5761 invenissem,
981 5707 1070 5748 aut
1125 5695 1320 5748 librum
1363 5711 1463 5748 non
1503 5695 1791 5759 vertissent,

317 5869 355 5898 ”
383 5868 558 5927 Matth.
598 5886 712 5940 xxi,
749 5869 806 5926 9.
885 5869 925 5900 ”
960 5865 1112 5924 Joan.
1145 5883 1242 5934 xn,
1272 5867 1357 5924 1‘2.

1887 4592 2121 4646 expensa
2155 4575 2322 4630 fuisse
2351 4575 2446 4634 ait,
2479 4574 2695 4643 quando
2724 4571 2978 4627 videlicet
3014 4571 3140 4625 illud
3174 4586 3453 4641 exponen-

1889 4668 2013 4719 dum
2063 4665 2165 4720 sibi
2233 4665 2566 4734 propositum
2625 4662 2774 4715 fuit:
2817 4662 2885 4715 In
2942 4665 3233 4716 crastinum
3280 4671 3459 4717 autem

1890 4757 2042 4808 turba
2090 4754 2264 4807 multa
2308 4770 2423 4822 qua:
2473 4762 2678 4805 venerat
2729 4753 2796 4802 ad
2844 4753 2983 4804 diem
3029 4755 3214 4818 festum
3248 4752 3312 4817 ³³,
3345 4765 3458 4810 etc.

1889 4850 2018 4916 Quae
2054 4849 2269 4916 quidem
2314 4858 2461 4902 tumo
2496 4862 2618 4899 xxix
2662 4852 2888 4898 tractata
2942 4845 3111 4900 fuisse
3166 4845 3462 4901 verisimile

1888 4956 1989 5000 est.
2027 4943 2229 4998 Deinde
2275 4943 2324 4994 in
2359 4940 2666 4993 lllattlizeum
2699 4939 2882 4992 itidem
2932 4948 3090 4992 tract.
3136 4955 3301 5006 xxxv,
3336 4955 3460 5011 pag.

1892 5039 2014 5100 895,
2069 5045 2298 5092 testatur
2352 5049 2412 5088 se
2466 5032 2775 5100 diligentius
2824 5032 2876 5085 in
2937 5031 3358 5088 Commentariis
3407 5034 3461 5086 in

1891 5131 2151 5186 Joannem
2200 5128 2544 5182 examinasse
2574 5142 2640 5180 an
2669 5124 2738 5178 ab
2787 5141 2891 5179 una
2951 5124 3064 5180 sola
3102 5125 3185 5180 vel
3220 5125 3466 5196 pluribus

1896 5222 2210 5278 mulieribus
2242 5220 2445 5276 Christi
2505 5221 2666 5289 pedes
2719 5219 2866 5271 ttncti
2916 5217 3149 5272 fuissent
3200 5220 3251 5272 in
3283 5233 3462 5274 cmna.

1891 5319 2042 5382 Quod
2069 5332 2200 5370 sane
2226 5317 2416 5368 eodem
2443 5323 2589 5366 tomo
2640 5327 2764 5364 xxix
2805 5312 3083 5380 prtelixum
3116 5323 3254 5364 erat.
3301 5310 3464 5364 Deni-

1893 5429 1998 5481 que
2028 5412 2079 5464 in
2110 5409 2404 5480 Epistolaut
2438 5410 2502 5460 ad
2531 5407 2809 5460 Romanos
2848 5419 2970 5472 cap.
3009 5419 3082 5465 v1,
3111 5403 3204 5456 lib.
3238 5417 3270 5454 ν
3307 5423 3318 5456 :
3363 5400 3467 5456 Ve-

1897 5520 2012 5556 rum
2042 5503 2104 5556 tle
2137 5503 2338 5556 ratione
2369 5501 2723 5570 baptismatis,
2777 5499 2971 5567 inquit,
3033 5512 3143 5548 cum
3183 5508 3468 5560 exponere.

1898 5614 2012 5651 mus
2069 5595 2413 5664 Et'angelium
2457 5595 2740 5647 secundum
2789 5593 3070 5652 Joannem,
3135 5585 3220 5638 ubi
3265 5594 3469 5640 ventum

1898 5703 1970 5746 est
2005 5693 2072 5746 ad
2108 5708 2223 5745 cum
2256 5690 2423 5744 locum
2463 5690 2515 5741 in
2569 5704 2668 5756 quo
2699 5687 2824 5740 dicit
2878 5685 2940 5736 tle
2969 5681 3092 5734 .Iesu
3124 5696 3141 5730 :
3182 5698 3198 5730 ι
3239 5677 3358 5746 Ipse
3382 5696 3468 5732 vos
