3792 6146
265 336 338 396 ις

1126 338 1444 395 MONITUM
1477 339 1568 393 AD
1598 338 1953 396 COMMENT.
1987 336 2310 395 ORIGENIS
2342 338 2409 392 IN
2446 338 2639 395 JOAN.

3529 341 3616 394 5:0

3533 381 3566 393 -

195 479 217 524 ε
269 446 553 518 ὸαριῑιαὸὶι
606 449 659 503 in
709 450 917 521 Spiritu
964 460 1147 505 sancto
1180 450 1246 520 “,
1286 470 1304 503 ι
1334 461 1380 505 et
1432 453 1557 505 item
1604 451 1692 504 ubi
1737 452 1846 520 ipse
1872 466 1920 524 Α
1951 458 2058 501 tur.
2117 448 2283 515 Licet,
2331 449 2525 520 inquit,
2598 448 2817 502 multum
2861 452 3183 516 perscrutati
3267 450 3606 517 fuerimus,

181 516 215 723 l

270 542 519 598 Salvator
552 543 681 596 dicit
722 557 741 596 .'
776 562 794 594 ι
836 543 956 598 Nisi
984 546 1103 608 quis
1149 554 1361 598 renotus
1390 544 1552 615 fuerit
1579 548 1751 599 denuo
1780 559 1845 597 ea:

268 652 407 704 aqua
462 645 512 688 et
545 634 782 705 Spiritu,
861 653 963 690 non
1017 645 1184 705 potest
1245 635 1466 692 introire
1516 639 1572 692 in
1629 653 1844 708 regnum

274 729 366 784 Bei
396 729 444 761 ¹⁸
468 748 488 787 :
526 747 546 782 ι
579 745 673 797 pro
701 730 897 784 viribus
942 731 1137 783 nostris
1163 746 1281 798 qua:
1328 747 1602 785 occurrere
1654 740 1844 799 potue-

270 832 414 888 runt,
445 823 549 876 into
575 840 695 894 quae
724 824 936 878 donavit
973 823 1130 883 Deus.
1160 824 1414 890 diximus,
1447 824 1538 878 ubi
1570 834 1618 878 et
1644 840 1847 878 sermo-

268 917 350 969 nis
377 915 481 970 vim
506 932 609 986 quo
634 917 831 969 dicitur
855 930 873 967 :
907 935 925 967 ι
968 914 1088 971 Nisi
1135 918 1252 987 quis
1308 927 1522 973 renatus
1563 918 1722 987 fuerit
1754 920 1846 972 de-

269 1024 399 1072 nuo,
432 1026 451 1061 ι
488 1007 648 1062 altius
677 1010 883 1078 aperire
925 1011 1263 1064 (curavimus.
1313 1008 1485 1065 Porro
1530 1019 1676 1065 lomo
1710 1025 1761 1064 vs
1791 1011 1844 1065 in

264 1096 527 1154 Joannem
563 1101 782 1169 exponit
826 1101 1045 1170 quidem
1096 1102 1212 1155 haec
1243 1101 1446 1156 verba:
1481 1099 1604 1170 Ipse
1639 1116 1728 1155 vos
1753 1101 1845 1155 ba-

267 1193 489 1258 ptizabit
545 1194 599 1246 in
645 1192 852 1261 Spiritu
909 1203 1124 1257 sancto;
1173 1194 1475 1261 posteriora
1535 1208 1684 1257 vero,
1743 1193 1845 1247 nisi

266 1283 407 1351 quis,
443 1292 574 1350 etc.,
607 1284 927 1353 exposuisse
957 1285 1145 1340 debuit
1172 1286 1327 1341 initio
1362 1286 1490 1342 tomi
1536 1302 1609 1340 χι.
1644 1285 1843 1340 Eusta-

269 1375 415 1428 thius
478 1374 851 1430 Antiochenus
926 1373 1178 1445 Origenis
1239 1381 1415 1432 locum
1488 1376 1698 1447 profert
1775 1389 1842 1430 cx

268 1467 456 1520 iisdem
484 1468 651 1522 tomis
676 1468 968 1537 deperditis
1003 1470 1057 1523 in
1087 1468 1371 1537 Joannem,
1398 1470 1489 1525 ubi
1533 1472 1601 1526 de
1631 1469 1845 1539 lapides

268 1559 413 1612 tione
441 1556 568 1613 Jesu
603 1575 631 1611 a
661 1558 861 1614 Jndaeis
920 1560 1060 1615 facta
1107 1564 1390 1631 agebatur.
1447 1562 1539 1617 Sic
1573 1562 1664 1616 ille
1707 1563 1843 1615 libro

264 1650 344 1703 De
378 1648 814 1721 Engastrimytho
847 1670 862 1705 :
892 1652 1005 1705 Οὐκ
1032 1650 1249 1706 ἔλαττον
1279 1652 1335 1705 δὲ
1370 1654 1463 1707 καὶ
1494 1653 1557 1707 τὺ
1581 1653 1679 1723 τῆς
1701 1653 1843 1706 λιθο-

266 1741 449 1805 ϐολίας
499 1741 681 1815 δρᾶμα
733 1744 972 1816 θεωρῶν,
1027 1747 1212 1819 ἐπειδὴ
1258 1748 1352 1801 καὶ
1388 1745 1547 1800 τοῦτο
1589 1748 1843 1817 πειρᾶται

1948 542 2182 595 nondum
2208 543 2497 596 invenimus
2534 544 2588 596 in
2639 544 2722 596 his
2748 560 2866 613 qua:
2896 544 3091 611 scripta
3131 554 3303 609 sunt,
3338 541 3607 597 Judcos

1945 634 2235 701 arripuisse
2263 635 2463 703 lapides
2487 647 2542 689 ut
2570 638 2625 690 in
2648 636 2800 689 illum
2822 637 3120 707 injicerent.
3154 666 3238 676 --
3277 633 3358 688 Et
3387 643 3603 706 paucis

1946 727 2143 779 additis
2175 743 2193 780 :
2220 724 2363 780 Nam
2388 729 2435 781 si
2465 730 2657 782 iterum
2691 740 3109 798 assumpserunt,
3141 731 3321 800 prius
3362 744 3606 783 assum-

1945 830 2179 890 pserunt.
2214 820 2337 876 Vult
2361 833 2535 876 autem
2562 834 2675 875 tum
2700 823 2754 875 in
2783 823 3165 892 superioribus,
3230 834 3366 877 tum
3393 825 3460 876 in
3500 825 3602 877 in-

1948 913 2249 981 ferioribus,
2279 914 2354 967 nil
2382 913 2487 969 tale
2515 916 2870 993 prtecessisse,
2906 925 2965 969 ut
3001 918 3189 984 probet
3228 917 3443 979 verba,
3496 917 3602 969 sed

1948 1023 2051 1060 non
2085 1007 2286 1075 lapides
2318 1009 2667 1073 assumpsisse
2700 1025 2973 1078 perperam
3033 1010 3088 1063 in
3115 1010 3319 1063 illum.
3386 1007 3460 1061 Et
3514 1020 3600 1063 ta-

1946 1115 2063 1152 men
2106 1099 2423 1168 evangelista
2447 1101 2596 1169 prius
2625 1101 2806 1155 dixit:
2842 1119 2860 1152 ι
2906 1100 3164 1156 Tulerunt
3196 1102 3403 1172 igitur
3437 1100 3594 1168 (apio

1947 1196 2036 1244 des
2091 1198 2150 1243 ut
2198 1193 2441 1262 jacerent
2482 1194 2538 1246 in
2590 1193 2742 1247 illum
2771 1193 2835 1246 ¹⁶ι
2881 1211 2900 1244 r
2938 1194 3068 1258 Qua:
3093 1195 3185 1247 ubi
3219 1194 3596 1261 scripsisset.

1946 1292 2149 1336 centum
2174 1284 2391 1351 triginta
2413 1286 2641 1355 quinque
2665 1285 2935 1340 versiculis
2959 1286 3297 1355 interjectis,
3334 1286 3546 1340 subdit
3570 1303 3591 1340 :

1952 1391 1971 1423 ι
2006 1372 2346 1430 Sustulerunt
2403 1377 2581 1446 itaque
2615 1375 2796 1431 Judaei
2844 1376 3070 1446 lapides,
3119 1388 3175 1430 ut
3235 1378 3590 1447 lapidarent

1946 1467 2116 1533 ipsum
2148 1466 2211 1518 ”.
2253 1486 2272 1518 ι
2311 1465 2439 1520 "(cc
2475 1466 2685 1537 quidem
2723 1466 2923 1536 duplici
2955 1467 3068 1520 loco
3093 1467 3393 1536 descripta
3421 1476 3593 1530 sunt,

1946 1560 2263 1629 diversisque
2291 1560 2610 1627 temporibus
2636 1569 2778 1628 gesta
2803 1569 3076 1626 (tppat'eul,
3110 1560 3270 1623 quod
3305 1574 3428 1611 non
3471 1556 3582 1610 Ita-

1948 1656 2096 1707 beant
2146 1656 2353 1707 eosdem
2402 1652 2674 1705 verborum
2736 1669 2899 1706 nexus
2948 1653 3026 1705 vel
3076 1653 3529 1721 conjunctiones
3560 1667 3585 1706 :

1945 1748 2034 1799 sed
2067 1747 2318 1816 Origenes
2352 1746 2482 1814 ipse,
2538 1745 2631 1813 qui
2670 1761 2725 1798 se
2769 1744 3075 1813 Scripturas
3122 1761 3328 1798 omnes
3384 1756 3584 1799 tenere

263 1835 681 1910 τροπολογῆσαι,
704 1837 799 1890 τοῦ
849 1838 1204 1907 εὐαγγελικοῧ
1233 1839 1628 1909 καταψεύδεται
1655 1842 1839 1912 γράμ-
1870 1832 1912 1886 Β
1941 1840 2096 1892 existi

2013 1840 2227 1900 istimat,
2257 1846 2367 1892 licet:
2398 1839 2626 1891 scribens
2657 1854 2760 1890 non
2788 1838 3022 1907 cognovit
3054 1845 3232 1890 totum
3282 1838 3345 1889 id
3380 1836 3582 1891 Eran-

266 1941 436 1994 ματος
458 1941 472 1956 ο
500 1925 561 1978 οὐ
593 1926 733 1980 πάνυ
766 1944 841 1993 τι,
893 1927 1086 1997 λέγων,
1120 1928 1361 2002 εὕραμεν
1408 1928 1745 2002 ζητήσαντες
1782 1934 1840 1985 ὲν

262 2020 374 2080 τοῖς
400 2017 506 2086 πρὸ
533 2017 746 2085 τούτου,
768 2018 849 2073 ὅτι
875 2018 1180 2074 ὲόάστασαν
1202 2022 1251 2073 οἱ
1285 2022 1524 2075 Ἰουδαῖοι
1554 2021 1733 2087 λίθους
1757 2024 1842 2078 ἵνα

263 2108 563 2165 λιθώσωσιν
591 2113 770 2166 αὐτόν.
798 2143 870 2153 —
891 2111 1023 2168 Εἶτα
1070 2117 1184 2186 μετ’
1210 2117 1366 2187 ὀλίγα
1394 2118 1555 2189 φησίν
1574 2135 1588 2148 ’
1630 2119 1693 2172 Εί
1732 2120 1841 2190 γὰρ

263 2203 425 2257 πάλιν
451 2203 779 2270 ἐϐάστασαν,
806 2206 1079 2278 πρότερον
1101 2208 1429 2265 ἐϐάστασαν.
1470 2212 1616 2265 Ἀνω
1652 2213 1711 2265 δὲ
1746 2214 1843 2266 καὶ

262 2297 413 2350 κάτω
443 2297 692 2368 βούλεται
718 2303 1148 2366 κατασκευάσαι,
1199 2304 1272 2375 μὴ
1315 2304 1693 2376 προηγεῖσθαι,
1745 2306 1843 2360 καὶ

261 2389 427 2462 ἄλλην
481 2392 682 2462 ὁμοίως
739 2394 965 2465 ἐκδοχὴν
1020 2395 1107 2448 ἵνα
1163 2398 1477 2450 συστάσειεν
1520 2399 1601 2451 ὅτι
1625 2399 1837 2467 λόγους,

261 2482 378 2536 ἀλλ’
409 2482 529 2555 οὐχὶ
557 2483 738 2549 λίθους
765 2485 1071 2559 ἐϐάστασαν
1100 2488 1334 2559 ἀμελητὶ
1364 2490 1482 2542 κατ’
1512 2491 1698 2545 αὐτοῦ.
1730 2491 1839 2543 Καί

258 2593 313 2630 τι
361 2576 455 2628 τοῦ
523 2577 905 2645 εὐαγγελιστοῦ
964 2579 1199 2649 πρόσθεν
1243 2581 1559 2652 εἰρηκότος,
1600 2602 1617 2634 ι
1656 2578 1838 2655 Ἶλιραν

258 2664 353 2725 οὖν
404 2668 584 2733 λίθους
646 2671 734 2724 ἵνα
767 2671 999 2741 βάλωσιν
1052 2675 1138 2725 ἐπ’
1174 2674 1361 2728 αὐτόν·
1397 2693 1416 2726 ι
1449 2674 1525 2738 ὡς
1580 2675 1636 2728 δὲ
1666 2674 1849 2731 ταῦτα

260 2761 614 2832 προύγραφεν
646 2763 704 2818 ὲν
734 2763 813 2835 τῷ
841 2762 1065 2834 μεταξὺ,
1103 2766 1263 2819 πέντε
1295 2785 1398 2820 που
1423 2768 1513 2821 καὶ
1545 2767 1839 2839 τριάκοντα

257 2855 396 2926 πρὸς
420 2859 529 2918 τοῖς
551 2858 742 2911 ἑκατὸν
759 2858 974 2929 στίχους
990 2860 1254 2932 ὑπερϐὰς,
1278 2861 1529 2933 ἐπιφέρει
1560 2861 1835 2934 προσθείς

265 2966 292 2996 ι
324 2943 662 3001 Ἐὅάστασαν
709 2942 801 3001 οὖν
853 2951 903 3001 oi
946 2949 1188 3003 Ἰουδαῖοι
1215 2951 1394 3016 λίθους
1424 2954 1512 3006 ἵνα
1546 2953 1839 3008 λιθάσωσιν

253 3035 440 3092 αὐτόν.
482 3056 501 3088 ι
555 3036 713 3091 Ἀλλὰ
740 3037 909 3091 ταῦτα
946 3039 1044 3109 μὲν
1077 3040 1273 3104 διττοῖς
1301 3041 1710 3113 ἀναγέγραπται
1741 3062 1840 3114 χω-

257 3129 416 3202 ρίοις,
449 3130 508 3180 ὲν
541 3128 815 3200 διαφόροις
838 3129 893 3183 δὲ
923 3131 1175 3198 φαίνεται
1205 3134 1567 3204 πεπραγμένα
1600 3141 1832 3208 καιροῖς,

255 3221 367 3275 ἀπὸ
411 3221 505 3274 τοῦ
566 3221 639 3293 μὴ
668 3222 766 3285 τὰς
798 3223 968 3286 αὐτὰς
994 3223 1137 3293 ἔχειν
1188 3226 1294 3279 τῶν
1320 3228 1579 3298 ῥημάτων
1613 3229 1837 3283 ἐπιπλο-

255 3314 360 3378 κὰς
388 3314 421 3386 ἢ
459 3314 718 3383 συζυγίας
738 3333 751 3345 ’
788 3314 922 3368 ἀλλὰ
982 3317 1277 3388 Ὠριγένης,
1324 3321 1354 3371 ὁ
1385 3320 1564 3382 πάσας
1594 3322 1837 3392 οἰόμενος

257 3406 455 3460 εἰδέναι
511 3407 608 3471 τὰς
657 3408 900 3479 Γραφὰς,
944 3410 1043 3462 οὐκ
1076 3410 1286 3478 ἀνέγνω
1333 3412 1492 3465 τοῦτο
1531 3415 1626 3466 καὶ
1663 3414 1836 3469 ταῦτα.

255 3499 483 3570 γράφων
539 3500 615 3563 ὡς
642 3500 761 3553 ὅλον
790 3501 949 3571 ὁμοῦ,
1002 3501 1061 3554 τὸ
1116 3503 1446 3571 Εὑαγγέλιον
1481 3506 1572 3558 ἐπὶ
1615 3504 1831 3571 λέξεως.

255 3593 320 3644 Εί
351 3591 409 3644 δέ
440 3609 526 3655 τις
555 3592 925 3664 ὑπολαμϐάνει
956 3593 1127 3648 ταῦτα
1162 3594 1414 3650 πλάττειν
1448 3600 1615 3669 ἡμᾶς,
1646 3601 1834 3664 αὐταῖς

255 3686 375 3747 ταῖς
426 3684 803 3755 εὐαγγελικαίς
866 3686 1103 3759 ἐντυχὼν
1153 3689 1497 3758 ἀποφάσεσι,
1576 3692 1672 3746 καὶ
1724 3695 1836 3757 τοῖς

257 3776 642 3848 ὲμπονηθεῖσιν
661 3779 808 3850 αὐτῷ
834 3781 960 3853 περὶ
979 3780 1137 3834 τοῦτο
1161 3783 1588 3855 σπουδάσμασιν,
1613 3786 1833 3857 εὑρήσει

259 3869 425 3940 μηδὲν
455 3873 604 3942 ἡμᾶς
625 3873 902 3943 εἰρηκέναι
933 3874 1150 3944 ψευδές.
1187 3876 1368 3948 Neque
1396 3880 1569 3933 minus
1597 3880 1677 3934 Itis
1707 3878 1831 3933 dum

257 3960 600 4023 lapidationis
678 3963 881 4030 factum
950 3967 1251 4032 speculatur
1320 3968 1647 4041 (Origenes),
1697 3970 1832 4023 illud

257 4055 417 4107 etiam
448 4071 510 4109 ac
556 4055 602 4109 si
632 4072 722 4121 per
753 4067 929 4125 tropos
961 4059 1162 4127 factum
1195 4061 1249 4114 in
1290 4063 1455 4116 aliam
1511 4064 1830 4118 sententiam

256 4144 473 4203 educere
520 4149 776 4215 obnitens,
809 4150 865 4203 in
910 4153 1225 4221 euangelicis
1256 4155 1423 4209 verbis
1456 4158 1588 4210 mire
1637 4158 1826 4210 menti-

325 4326 375 4362 ""
402 4323 564 4387 Joan.
594 4343 633 4394 ι,
664 4326 755 4382 53.

1944 1932 2067 2002 gelii
2097 1939 2292 1984 textum
2332 1930 2585 1993 scriptum
2611 1931 2679 1982 ad
2707 1929 2963 1983 litteram.
2996 1926 3168 1982 Porro
3197 1929 3254 1982 si
3286 1929 3426 1999 quis
3449 1931 3578 1984 llaec

1945 2039 2037 2076 nos
2073 2023 2310 2092 effingere
2356 2020 2644 2082 existimat,
2698 2020 2968 2073 sententiis
3001 2019 3340 2089 euangelicis
3388 2020 3578 2089 perle-

1942 2117 2059 2180 ctis,
2113 2117 2362 2186 illiusque
2409 2118 2463 2169 in
2514 2132 2602 2169 eas
2646 2114 3059 2180 commentariis,
3111 2116 3180 2168 ab
3245 2116 3413 2169 omni
3469 2132 3574 2170 nos

1941 2209 2257 2263 abstinuisse
2305 2208 2576 2261 mendacio
2627 2209 2925 2274 comperiet.
2972 2206 3061 2260 Ex
3090 2208 3180 2261 Itis
3210 2209 3419 2263 verbis
3450 2226 3567 2262 non

1944 2301 2109 2369 liquet
2136 2301 2228 2355 ubi
2257 2300 2326 2354 de
2349 2299 2677 2369 lapidatione
2701 2296 2825 2352 Jesu
2857 2313 2885 2349 a
2941 2295 3140 2352 Iudaeis
3172 2297 3339 2355 facta
3375 2302 3566 2370 egerit

1943 2394 2225 2463 Origenes,
2253 2408 2321 2445 an
2348 2407 2470 2447 cum
2498 2392 2740 2461 priorem
2770 2387 2996 2443 Joannis
3028 2400 3369 2445 contextum
3399 2394 3561 2448 edis-

1942 2486 2206 2550 sernerit,
2249 2485 2478 2538 tulerunt
2519 2484 2679 2551 igitur
2709 2482 2909 2551 lapides
2948 2491 3001 2535 ut
3025 2482 3279 2552 jacerent
3309 2486 3368 2539 in
3393 2502 3565 2552 eum;

1943 2598 2008 2633 an
2041 2596 2162 2633 cum
2199 2579 2577 2649 posteriorem,
2626 2577 2951 2632 sustulerunt
2976 2576 3151 2643 itaque
3179 2576 3381 2632 Judwi
3413 2581 3562 2648 lapi-

1943 2674 2054 2737 des,
2082 2683 2134 2726 ut
2160 2672 2452 2741 lapidarent
2484 2674 2671 2740 ipsum.
2705 2672 2963 2729 Fortasse
2994 2672 3332 2744 utrobique.
3393 2673 3558 2739 Quod

1943 2766 1986 2818 si
2020 2766 2090 2818 ita
2121 2775 2227 2829 est,
2258 2766 2325 2820 de
2354 2765 2684 2832 lapidatione
2712 2766 2813 2818 bac
2852 2776 2999 2820 tonio
3028 2781 3116 2819 xxI
3148 2778 3213 2820 et
3249 2777 3411 2819 lomo
3441 2781 3553 2821 xxv

1944 2856 2024 2908 vel
2061 2872 2185 2909 xxvr
2220 2872 2343 2911 eum
2394 2858 2568 2925 egisse
2621 2857 2732 2911 veri
2779 2872 3039 2927 perquam
3077 2857 3269 2912 simile
3300 2858 3549 2913 videtur.

2013 2947 2080 3002 Χ.
2137 2948 2513 3003 Τὶηεεηοιιιῑιις
2552 2946 2694 3001 Hist.
2728 2948 2858 3000 eccl.
2915 2958 3046 3003 tom.
3091 2948 3180 3009 ΙΙΙ,
3243 2964 3379 3019 pag.
3413 2948 3551 3014 572,

1944 3040 2143 3109 aliquid
2178 3026 2323 3094 lomo
2348 3055 2399 3091 γι
2425 3040 2612 3093 deesse
2639 3039 2971 3106 suspicatur,
3021 3038 3108 3092 ubi
3141 3048 3259 3092 tum
3294 3040 3367 3094 de
3398 3054 3551 3092 nuar-

1946 3131 2173 3200 Iyribus,
2208 3139 2317 3182 tum
2347 3128 2415 3182 de
2442 3140 2593 3198 peste
2621 3130 2853 3197 quadam
2884 3145 3004 3199 qum
3047 3130 3240 3185 nullibi
3277 3132 3335 3183 in
3370 3131 3552 3185 bisto—

1946 3226 2042 3278 riis
2090 3223 2378 3291 reperitur,
2411 3239 2665 3292 quaeque,
2726 3224 2923 3290 inquit,
2977 3223 3123 3277 circa
3178 3238 3398 3276 annum
3436 3222 3547 3277 232

1949 3317 2191 3369 fortassis
2228 3326 2478 3383 grassata
2506 3325 2609 3382 est,
2642 3318 2910 3386 Origenes
2960 3315 3125 3369 multa
3176 3316 3353 3369 verba
3391 3314 3544 3369 fece-

1948 3418 2051 3462 rat.
2090 3407 2284 3463 Verum
2342 3408 2391 3462 id
2425 3423 2529 3462 non
2567 3411 2700 3464 satis
2743 3425 3005 3478 assequar
3045 3411 3191 3464 unde
3250 3409 3543 3479 conjicere

1942 3502 2181 3569 potuerit
2232 3501 2635 3563 eruditissimus
2687 3502 2790 3555 vir.
2850 3500 3154 3567 Utrumque
3204 3504 3359 3555 enim
3389 3516 3546 3554 exse-

1941 3594 2125 3662 quitur
2154 3592 2416 3664 Origenes
2442 3604 2496 3648 et
2539 3595 2605 3649 de
2633 3595 2965 3665 martyribus
3018 3603 3076 3649 et
3098 3594 3165 3649 de
3205 3595 3278 3649 iis
3313 3594 3408 3663 qui
3441 3609 3541 3662 pc—

1945 3688 2153 3741 rierunt
2187 3687 2257 3742 ob
2287 3687 2718 3755 pestilentiarum
2767 3688 3191 3743 constitutiones
3232 3689 3405 3742 verba
3457 3685 3540 3738 fa-

1944 3780 2094 3834 ciens
2121 3797 2135 3833 :
2176 3794 2278 3835 nec
2304 3780 2375 3834 ibi
2400 3782 2580 3848 agitur
2605 3781 2670 3835 de
2711 3781 2777 3834 iis
2814 3782 2905 3850 qui
2934 3796 3071 3836 nova
3101 3780 3352 3849 quadam
3380 3791 3543 3850 peste

1943 3880 2248 3948 consumpti
2306 3881 2542 3948 periere,
2575 3883 2669 3936 sed
2703 3883 2770 3935 de
2820 3883 2886 3937 iis
2916 3882 3006 3951 qui
3044 3881 3358 3951 antiquitus
3388 3882 3537 3948 apud

1941 3973 2169 4041 gentiles
2195 3990 2314 4029 cum
2342 3975 2652 4041 pestilentes
2678 3976 2851 4031 morbi
2873 3985 3285 4044 grassarentur,
3304 3974 3518 4042 seipsos

1899 4123 1910 4137 ε
1940 4066 1993 4119 in
2026 4067 2275 4121 victimas
2315 4084 2410 4134 pro
2437 4068 2613 4137 patria
2653 4068 3017 4135 tradiderunt,
3052 4066 3539 4138 quemadmodum

1939 4174 2037 4213 suo
2067 4158 2185 4214 loco
2212 4160 2640 4216 observavimus.

835 4326 1064 4385 "Joan.
1095 4344 1181 4399 ut,
1205 4331 1265 4388 3.
1338 4332 1381 4364 ¹⁶
1403 4331 1559 4389 Joan.
1596 4349 1714 4400 vm,
1747 4333 1835 4389 59.
1908 4336 1948 4367 ¹⁷
1974 4333 2128 4391 Joan.
2163 4352 2217 4391 κ.
2253 4333 2342 4389 δίη.
