3792 6146
199 302 247 354 ει

1100 297 1422 355 ORIGENIS
1458 294 1817 355 COMMENT.
1860 292 1927 350 IN
1951 293 2145 351 JOAN.
2182 291 2422 351 TOMUS
2459 293 2503 348 ι.

1438 625 2181 758 ORIGENIS

925 891 2717 1051 COMMENTARIORUM

719 1255 1973 1464 EVANGELlUM
2081 1345 2902 1461 JOANNIS

1365 1581 1615 1676 ΤΟΜ
1636 1582 1774 1675 US
1822 1582 2280 1673 PRIMUS

1091 1775 1592 1838 lNTERPRETE
1636 1774 2047 1840 AMBROSIO
2089 1775 2523 1837 FERRARIO.

1757 1947 1830 1965 ο-

759 2055 1165 2111 ΠΡΟΟΙΜΙΟΝ.

244 2145 293 2203 l.
318 2147 414 2203 Ὃν
434 2148 661 2220 τῴπον,
695 2143 876 2219 οἶμαι,
893 2150 922 2201 ὁ
947 2146 1107 2201 πάλαι
1138 2143 1266 2208 λαὸς
1292 2145 1604 2217 ἐπικληθεὶς
1622 2147 1758 2202 Θεοῦ

185 2242 255 2304 si;
278 2240 444 2311 φυλὰς
473 2241 701 2313 διῄρητο
731 2240 1072 2305 δυοκαίδεκα,
1104 2239 1198 2294 καὶ
1223 2236 1322 2310 τὴν
1346 2238 1485 2310 ὑπὲρ
1516 2240 1615 2305 τὰς
1647 2241 1759 2294 λοι-

187 2333 282 2398 πὰς
309 2334 479 2403 φυλὰς
519 2335 677 2402 τάξιν
702 2334 1018 2404 Λευῖτικὴν,
1059 2332 1151 2385 καὶ
1175 2330 1343 2403 αὐτὴν
1371 2331 1511 2385 κατὰ
1541 2332 1759 2388 πλείονα

183 2427 427 2497 τάγματα
464 2426 724 2499 ίερατικὰ
748 2427 844 2480 καὶ
870 2424 1129 2480 Λευῖτικὰ
1158 2423 1220 2477 τὸ
1254 2424 1407 2477 Θεῖον
1438 2424 1762 2496 Θεραπεύου-

187 2534 291 2572 σαν·
320 2516 493 2581 οὕτως
511 2515 723 2587 νομίζω
754 2514 898 2569 κατὰ
922 2515 1013 2568 τὸν
1044 2512 1283 2585 κρυπτὸν
1314 2512 1390 2583 (l)
1415 2513 1513 2583 τῆς
1537 2513 1759 2585 καρδίας

184 2607 453 2678 ἄνθρωπον
485 2608 675 2661 πάντα
699 2606 789 2661 τὸν
822 2605 1057 2678 Χριστοῦ
1080 2605 1228 2667 λαὸν,
1262 2604 1663 2676 χρηματίζοντα
1700 2605 1759 2655 ἐν

185 2699 395 2772 κρυπτῷ
429 2700 691 2753 Ἰουδαῖον
719 2700 814 2753 καὶ
853 2701 911 2751 ὲν
961 2696 1227 2767 πνεύματι
1272 2695 1755 2767 περιτετμημένοι,

184 2792 314 2861 ἒχειν
356 2790 458 2855 τὰς
511 2791 785 2862 ἰδιότητας
840 2789 1240 2861 μυπικώτερον
1271 2787 1380 2840 τῶν
1437 2787 1637 2857 φυλῶν,
1683 2786 1757 2851 ὡς

182 2883 287 2937 ἐπι
310 2882 654 2955 γυμνότερον
687 2882 794 2936 ἀπὸ
833 2881 1078 2935 Ἰωάννου
1103 2881 1169 2933 ὲκ
1209 2878 1307 2948 τῆς
1342 2878 1756 2949 Ἀποκαλύψεως

186 2975 383 3044 μαθεῖν,
414 2974 540 3028 οὐδὲ
570 2974 685 3028 τῶν
712 2972 912 3027 λοιπῶν
941 2971 1237 3044 προφητῶν
1261 2974 1373 3035 τοῖς
1393 2970 1612 3025 ἀκούειν
1638 2972 1757 3024 ὲπι-

186 3067 459 3138 σταμένοις
492 3066 568 3120 τὰ
604 3066 825 3120 τοιαῦτα
857 3065 1375 3134 ἀποσιωπησάντων.
1406 3063 1542 3133 Φησὶ
1570 3061 1625 3115 δὲ
1661 3060 1756 3115 οὖ-

183 3172 281 3221 s»;
304 3160 332 3210 ὁ
371 3157 653 3228 Ἰωάννης·
685 3157 793 3211 Kal
824 3152 987 3211 εἶδον
1007 3156 1201 3210 ἄλλον
1229 3153 1488 3224 ἄγγελον
1512 3154 1756 3208 ἀναϐαί-

183 3263 354 3302 νοντα
402 3248 525 3303 ἀπὸ
579 3246 883 3316 ἀνατολῆς
942 3248 1142 3317 ἡλίου,
1190 3245 1408 3313 ἔχοντα
1460 3244 1756 3316 σφραγῖδα

188 3339 325 3393 θεοῦ
348 3338 590 3404 ζῶντος·
626 3339 726 3393 καί
753 3337 966 3407 ἐκραξε
996 3338 1070 3409 (2)
1100 3337 1269 3407 φωνῇ
1291 3337 1525 3407 μεγάλῃ
1561 3337 1683 3403 τοῖς
1706 3337 1757 3390 δ’

1775 2064 1824 2121 Α.

2411 2055 2454 2124 ι
2476 2051 2865 2109 nummo.

1935 2150 1985 2203 l.
2018 2147 2480 2215 Quemadmodum
2502 2144 2595 2215 qui
2616 2145 2744 2200 olim
2768 2144 2995 2217 populus
3024 2143 3118 2201 Dei
3145 2147 3427 2217 cognomi-

1862 2240 2109 2306 nabalur,
2148 2241 2199 2294 in
2231 2238 2515 2295 duodecim
2557 2235 2727 2292 tribus
2751 2236 3105 2308 ordinemque
3125 2236 3423 2294 Leviticum

1860 2330 2060 2386 divisus
2087 2341 2237 2396 erat,
2273 2346 2394 2387 cum
2436 2338 2663 2385 caueras
2703 2329 2872 2386 tribus
2910 2329 3115 2387 honore
3157 2339 3425 2401 praestan-

1862 2428 1991 2488 tem,
2014 2433 2126 2476 tum
2154 2422 2314 2475 etiam
2344 2421 2513 2476 Deum
2538 2419 2780 2490 pluribus
2809 2420 3089 2476 ordinibus
3108 2421 3419 2475 sacerdota-

1859 2516 1997 2572 libus
2011 2528 2065 2571 et
2093 2517 2353 2572 chiticis
2377 2515 2644 2572 colentem
2665 2531 2681 2581 ;
2699 2514 2773 2568 ita
2795 2530 2916 2571 meo
2938 2514 3146 2583 judicio
3172 2514 3417 2584 quisquis

1859 2606 2020 2662 fuerit
2040 2607 2240 2663 Christi
2271 2607 2497 2677 populus
2521 2609 2677 2677 juxta
2706 2607 3015 2663 interiorem
3040 2607 3220 2662 cordis
3250 2606 3424 2661 homi-

1860 2714 2003 2761 nem,
2034 2699 2242 2754 scilicet
2270 2700 2322 2755 in
2362 2701 2582 2756 occulto
2607 2699 2843 2766 Judaaus,
2875 2708 2931 2754 et
2968 2700 3160 2769 spiritu
3191 2699 3426 2753 circum-

1858 2791 2002 2844 cisus
2025 2792 2092 2857 ¹⁸,
2126 2792 2363 2847 tribuum
2396 2795 2636 2861 ipsarum
2663 2793 3023 2863 proprietates
3048 2792 3227 2855 habet,
3263 2792 3424 2862 idque

1859 2883 2153 2948 sacratius,
2196 2895 2256 2938 ut
2309 2886 2379 2939 ab
2427 2884 2637 2939 Joanne
2689 2900 2755 2941 ex
2810 2882 3128 2955 Apocalypsi
3186 2884 3424 2953 apertius

1860 2988 2146 3041 possumus
2178 2976 2408 3044 discere,
2435 2993 2559 3033 cum
2590 2991 2688 3032 nec
2716 2976 2908 3046 reliqui
2937 2975 3210 3045 prophetae
3235 2975 3301 3030 iis
3331 2975 3421 3042 qui

1863 3067 2040 3121 sciunt
2089 3070 2278 3123 audire
2328 3070 2453 3124 talia
2504 3070 2844 3124 reticuerint.
2891 3067 2982 3122 Sic
3024 3076 3203 3121 autem
3251 3067 3424 3135 inquit

1856 3161 2096 3218 Joannes
2131 3159 2207 3211 ηε
2242 3158 2310 3212 Et
2353 3159 2460 3214 vidi
2511 3158 2742 3214 alterum
2791 3157 3031 3228 angelum
3063 3158 3423 3211 ascendentem

1855 3255 1920 3308 ab
1953 3262 2072 3306 ortu
2102 3249 2249 3316 solis,
2274 3250 2545 3316 habentem
2572 3249 2779 3318 signum
2808 3247 2905 3302 Dei
2938 3247 3064 3310 vivi,
3097 3257 3146 3303 et
3181 3245 3421 3302 eiamavit

1856 3359 1976 3400 voce
2000 3358 2188 3411 magna
2210 3351 2434 3409 quatuor
2461 3339 2684 3411 angelis,
2706 3338 2894 3409 quibus
2927 3337 3109 3392 datum
3140 3346 3217 3391 est
3237 3353 3422 3391 noeens

186 3429 468 3501 ἀγγέλοις,
501 3426 601 3497 οἷς
630 3430 807 3499 ἐδόθη
834 3429 1035 3497 αὐτοῖς
1063 3429 1346 3498 ἀδικῆσαι
1372 3429 1487 3497 τὴν
1513 3429 1630 3500 γῆν
1658 3430 1755 3484 καὶ

1862 3443 2006 3487 terra
2042 3440 2087 3485 et
2119 3432 2277 3499 mari,
2301 3430 2477 3484 dicens
2502 3447 2521 3483 :
2547 3428 2729 3484 Nolite
2771 3443 2952 3483 nocere
2975 3439 3150 3490 terra,
3179 3437 3227 3479 et
3260 3428 3420 3492 mari,

187 3523 293 3590 τὴν
328 3523 676 3588 θάλασσαν,
719 3522 930 3592 λέγων·
962 3521 1058 3591 Μὴ
1102 3521 1430 3589 ἀδικήσητε
1459 3521 1612 3590 μήτε
1644 3521 1757 3590 τὴν

187 3614 313 3685 τῆν,
334 3614 489 3686 μήτε
515 3614 637 3684 τὴν
670 3614 1009 3679 θάλασσαν,
1035 3613 1187 3683 μήτε
1226 3613 1298 3668 τὰ
1339 3612 1575 3681 δένδρα,
1620 3613 1757 3683 ἄχρι

189 3708 608 3777 σφραγίσωμεν
634 3705 777 3771 τοὺς
819 3705 1076 3772 δούλους
1115 3705 1221 3760 τοῦ
1271 3705 1417 3759 Θεοῦ
1464 3704 1631 3774 ἡμῶν
1656 3705 1755 3759 ἐπὶ

187 3796 294 3849 τῶν
322 3797 622 3866 μετώπων
670 3795 891 3851 αὐτῶν.
941 3797 1053 3850 Καὶ
1096 3796 1333 3865 ἥκουσα
1359 3796 1467 3851 τὸν
1509 3796 1757 3866 ἀριθμὸν

187 3878 295 3935 τῶν
315 3883 850 3954 ἐσφραγισμένων·
875 3884 1010 3953 ρμδ⁷
1045 3883 1309 3952 χιλιάδες
1354 3884 1756 3954 ἐσφραγισμέ-

185 3988 269 4029 mc
301 3974 369 4029 ἐκ
402 3974 616 4042 πάσης
662 3973 863 4044 φυλῆς
901 3974 1046 4029 υἱῶν
1103 3974 1375 4043 Ἰσραήλ.
1431 3977 1525 4030 Ἐκ
1555 3975 1757 4045 φυλῆς

199 4064 369 4120 Ἰούδα
418 4066 497 4121 ιϐ’
544 4067 811 4136 χιλιάδες
855 4068 1340 4137 ἐσφραγισμένοι.
1410 4069 1507 4122 Ἐκ
1553 4069 1755 4138 φυλῆς

196 4154 435 4221 Ῥουϐὴν
464 4154 541 4209 ιϐ’
584 4155 870 4225 χιλιάδες·
902 4157 1011 4209 Καὶ
1054 4156 1191 4227 μετὰ
1234 4156 1296 4208 τὸ
1336 4156 1624 4227 διῃρῆσθαι
1655 4156 1756 4220 τὰς

187 4243 360 4308 λοιπὰς
382 4245 563 4314 φυλὰς
590 4245 762 4317 παρὲξ
794 4244 888 4299 τοῦ
921 4246 1045 4311 Δὰν,
1076 4245 1201 4318 ἑξῆς
1231 4246 1369 4318 μετά
1396 4246 1612 4300 πλείονα
1637 4250 1755 4302 ὲπι-

187 4334 347 4405 φέρει·
370 4336 485 4389 Καὶ
515 4331 699 4397 εἶδον,
740 4335 840 4388 καὶ
881 4335 1029 4400 ιδοὺ,
1062 4338 1127 4390 τὸ
1170 4337 1395 4405 Ἀρνίον
1440 4337 1630 4404 ἑστὼς
1655 4337 1755 4391 ἐπὶ

184 4425 243 4478 τὸ
290 4426 426 4494 ὅρος
461 4425 619 4480 Σιὼν
661 4426 759 4498 (3),
811 4428 909 4481 καὶ
940 4428 1067 4498 μετ’
1096 4428 1282 4483 αὐτοῦ
1322 4428 1457 4499 ρμδ⁹
1490 4427 1754 4498 χιλιάδες

184 4518 421 4584 ἔχουσαι
452 4519 521 4572 τὸ
565 4519 752 4589 ὄνομα
790 4520 1017 4585 αὐτοῦ,’
1043 4521 1141 4576 καὶ
1169 4520 1233 4574 τὸ
1283 4521 1469 4591 ὄνομα
1502 4520 1608 4575 τοῦ
1634 4524 1751 4575 Πα-

186 4609 310 4676 τρὸς
329 4610 521 4664 αὑτοῦ
546 4609 949 4679 γεγραμμένον
967 4611 1065 4663 ἐπὶ
1094 4611 1213 4664 τῶν
1221 4611 1510 4680 μετώπων
1530 4612 1746 4668 αὐτῶν.

186 4700 287 4752 Kal
311 4701 553 4769 ἥκουσα
585 4702 797 4771 φωνὴν
835 4702 903 4755 ἐκ
947 4702 1053 4757 τοῦ
1102 4701 1365 4770 οὐρανοῦ
1416 4704 1496 4770 ὡς
1540 4703 1751 4772 φωνὴν

185 4789 405 4846 ὑδάτων
431 4792 697 4857 πολλῶν,
728 4792 826 4846 καὶ
851 4794 928 4860 ὡς
954 4793 1165 4864 φωνὴν
1178 4793 1447 4862 ,βροντῆς
1459 4794 1744 4863 μεγάλης.

183 4882 284 4935 Kal
311 4885 349 4952 ἡ
379 4884 555 4954 φωνὴ
590 4883 670 4952 ἣν
685 4884 943 4953 ἤκουσα,
969 4886 1051 4951 ὠς
1074 4884 1416 4954 κιθαρῳδῶν
1437 4885 1748 4954 κιθαριζᾎν-

1856 3540 2017 3593 neque
2039 3522 2333 3585 arboribus,
2352 3522 2692 3592 quoadusque
2715 3521 2974 3590 signemus
2995 3536 3169 3575 servos
3207 3518 3303 3574 Dei
3328 3536 3425 3572 no-

1854 3618 1951 3670 stri
1974 3618 2028 3670 in
2053 3615 2314 3685 frontibus
2336 3614 2469 3671 suis.
2489 3612 2560 3666 Et
2579 3612 2761 3667 audivi
2778 3625 3052 3663 numerum
3070 3610 3419 3677 signatorum,

1855 3717 2061 3762 centum
2089 3707 2442 3778 quadraginta
2482 3715 2714 3776 quatuor
2757 3702 2926 3755 nttllia
2963 3702 3160 3771 signati
3188 3717 3254 3755 ex
3277 3704 3418 3755 omni

1854 3798 1992 3851 tribu
2025 3796 2253 3865 ﬁliorum
2283 3794 2475 3851 Israel.
2513 3794 2600 3849 Ea:
2638 3794 2781 3849 tribu
2816 3792 2960 3847 Juda
2998 3792 3272 3847 duodecim
3293 3793 3417 3844 mil-

1855 3887 1927 3940 lia
1954 3887 2178 3956 signati;
2208 3902 2273 3940 ea:
2318 3886 2458 3941 tribu
2488 3883 2668 3939 Ruben
2715 3881 2987 3935 duodecim
3026 3881 3218 3935 millia.
3249 3880 3415 3935 Cum~

1855 3992 1960 4046 que
2006 3986 2323 4031 cmterarum
2354 3975 2595 4030 tribuum
2639 3971 2961 4029 divisionem
3001 3969 3238 4034 fecisset,
3272 3971 3412 4024 tribu

1859 4070 1967 4124 Dan
1997 4068 2215 4132 omissa,
2247 4067 2300 4136 2
2328 4067 2579 4135 deinceps
2606 4074 2729 4136 post
2755 4064 2911 4134 plura
2941 4060 3271 4131 subiungit”
3300 4076 3314 4113 :
3346 4060 3414 4114 Et

1854 4160 1978 4225 vidi,
2001 4168 2051 4212 et
2086 4174 2199 4212 ecce
2218 4156 2405 4227 Agnus
2427 4168 2571 4211 stans
2596 4174 2752 4226 super
2775 4163 2999 4210 montem
3038 4151 3191 4219 Sion,
3217 4164 3267 4206 et
3297 4168 3417 4206 cum
3452 4190 3461 4197 .

1853 4266 1912 4303 eo
1940 4257 2145 4303 centum
2168 4249 2522 4319 quadraginta
2566 4257 2795 4316 quatuor
2822 4248 2995 4301 millia
3034 4243 3279 4301 habentia
3321 4259 3418 4297 no-

1853 4356 1970 4394 men
1995 4339 2128 4409 ejus,
2161 4330 2211 4394 e‘t
2246 4356 2434 4395 nomen
2475 4337 2658 4394 Patris
2710 4340 2824 4409 ejus
2859 4340 3112 4407 scriptum
3139 4338 3195 4390 in
3224 4334 3414 4405 fronti-

1854 4433 1949 4485 bus
1976 4433 2104 4486 suis.
2140 4432 2206 4485 Et
2241 4433 2423 4487 audivi
2454 4450 2624 4488 vocem
2651 4434 2716 4487 de
2757 4432 2907 4501 ctelo,
2952 4446 3201 4504 tanquam
3236 4446 3414 4485 vocem

1852 4540 2105 4594 aquarum
2144 4523 2453 4589 multarum,
2487 4534 2533 4579 et
2561 4535 2812 4589 tanquam
2841 4540 3013 4578 uocem
3057 4524 3276 4578 tonitrui
3297 4537 3414 4575 ma-

1851 4614 1963 4682 gni.
1993 4612 2061 4666 Et
2091 4630 2263 4669 vocem
2314 4616 2494 4671 audivi
2535 4613 2941 4669 citharaedorum
2986 4611 3416 4668 cithariznntium

1851 4706 2068 4758 citharis
2098 4707 2237 4771 suis,
2274 4718 2323 4760 et
2360 4708 2645 4762 cantabant
2702 4708 2855 4780 quasi
2920 4708 3181 4762 canticum
3220 4724 3410 4762 novum
3462 4768 3470 4778 I

1849 4810 1972 4855 ante
1999 4803 2192 4868 sedem,
2217 4814 2263 4858 et
2294 4813 2416 4858 ante
2453 4816 2680 4875 quatuor
2718 4804 2995 4872 animalia,
3018 4816 3067 4860 et
3091 4808 3410 4871 seniores,et

1850 4910 1997 4948 nemo
2026 4904 2230 4964 poterat
2266 4896 2435 4951 dicere
2478 4899 2758 4964 canticum,
2782 4898 2887 4951 nisi
2922 4897 3016 4955 illa
3051 4908 3256 4953 centum
3281 4915 3413 4968 qua-

184 4989 291 5027 των
313 4975 383 5029 ἐν
413 4974 546 5042 ταῖς
591 4975 859 5045 κιθάραις
902 4976 1115 5032 αὐτῶν·
1154 4975 1252 5030 καὶ
1280 4975 1533 5044 ᾄδουσιν
1583 4977 1748 5045 ᾠδὴν

1862 4984 2092 5052 lraginta
2111 4997 2340 5054 quatuor
2374 4987 2566 5054 millia,
2599 4989 2689 5058 qui
2715 4989 2873 5058 empti
2897 4998 3019 5043 sunt
3050 4990 3114 5042 de
3137 4999 3298 5043 terra.
3335 4987 3407 5042 Hi

183 5065 386 5135 καινὴν
416 5067 495 5136 (4)
528 5067 786 5121 ἐνώπιον
812 5068 917 5124 τοῦ
939 5070 1174 5137 θρόνου,
1208 5069 1305 5122 καί
1338 5068 1592 5122 ἐνώπιον
1628 5070 1747 5125 τῶν

1862 5082 1965 5129 mut
2003 5076 2093 5143 qui
2121 5092 2238 5129 cum
2269 5078 2569 5133 mulieribus
2614 5095 2718 5133 non
2756 5088 2875 5133 sunt
2908 5079 3279 5150 coinquinati;
3309 5080 3409 5131 viro

183 5157 225 5209 δ’
243 5158 412 5225 (iam,
437 5161 537 5214 καὶ
552 5160 672 5215 τῶν
694 5160 1125 5229 πρεσϐυτέρων·
1144 5162 1244 5215 καὶ
1276 5161 1474 5227 οὐδεὶς
1491 5161 1744 5218 ἐδύνατο

1862 5167 1986 5232 ιὲηεδ
2041 5168 2179 5221 enim
2229 5179 2371 5224 sunt.
2418 5169 2491 5225 Hi
2541 5183 2830 5241 sequuntur
2860 5172 3062 5242 Agnum
3101 5158 3407 5243 quocunque

247 5270 287 5303 "
316 5272 475 5327 Rom.
526 5289 589 5338 ll,
624 5272 717 5329 29.
792 5275 838 5306 ¹⁹
869 5276 1033 5343 Apoc.
1067 5290 1159 5336 vn,
1193 5276 1250 5338 2,
1291 5273 1326 5327 ὅ
1351 5284 1405 5329 et
1433 5290 1550 5346 seq.

246 5386 316 5457 (Ι)
345 5389 506 5460 Κατᾲ
541 5390 652 5443 τὸν
677 5391 965 5459 κρυπτάν,
987 5399 1096 5444 etc.
1125 5390 1200 5445 Ita
1233 5390 1430 5460 legitur
1457 5392 1508 5444 in
1539 5393 1740 5447 codici-

1670 5277 1714 5310 "
1739 5278 1904 5346 Apoc.
1940 5294 2051 5344 xlv,
2079 5279 2132 5348 l,
2172 5281 2208 5334 2
2233 5292 2285 5337 et
2316 5298 2429 5355 seq.

1913 5397 1986 5468 (5)
2023 5400 2145 5453 Ἐπὶ
2174 5400 2237 5454 τὸ
2266 5400 2403 5470 ὅρος
2434 5402 2602 5456 Σιών.
2640 5402 2761 5457 llzcc
2795 5419 2898 5457 non
2936 5402 3099 5457 vertit
3132 5402 3406 5469 interpres

187 5472 273 5509 nos
302 5459 842 5541 msshBodleianoet
869 5460 1184 5541 Barberi_n0_.
1230 5459 1429 5541 Sicque
1450 5461 1735 5541 legendum
1841 5459 2122 5541 Ferrarius
2150 5473 2240 5541 qui
2270 5459 2408 5527 {an},
2452 5489 2514 5527 ea
2548 5490 2651 5528 ι,οη
2691 5473 2900 5528 viderat
2958 5473 3011 5526 ίη
3064 5487 3162 5526 5υο
3223 5459 3409 5525 δέρω-

188 5527 377 5648 mgna
407 5526 639 5585 Huetius
684 5530 858 5599 quiin
897 5538 1041 5587 textu
1089 5531 1253 5587 liabet
1292 5526 1431 5585 κατὰ
1483 5526 1547 5585 τὸ
1606 5550 1735 5604 κρυ-

249 5666 319 5734 (τὶ)
346 5668 448 5723 Kal
473 5668 721 5737 ἕκραξε.
761 5667 934 5727 Codd.
991 5668 1316 5728 Bodleianus
1366 5681 1421 5729 ct
1472 5672 1729 5730 Barbcri~

190 5749 297 5800 nus.
323 5740 406 5793 καὶ
436 5739 736 5811 ὲκέκραξε.

1839 5537 1998 5609 plari.

1911 5608 1987 5683 (ἢ
2031 5610 2206 5681 ’ῼδὶιν
2252 5612 2483 5680 καινήν.
2536 5611 2803 5683 lnterprcs
2858 5610 3067 5683 legebat
3117 5609 3193 5675 ὡς
3262 5608 3406 5683 ᾠδὴν

1840 5681 2049 5752 καινῇ.
