3792 6146
374 319 441 373 27
1751 369 1760 382 ,
1819 317 1950 373 0th

2105 317 2143 370 S
3563 304 3637 359 23

374 443 475 508 χὴν
522 435 841 510 [primitias]
882 450 937 493 et
990 438 1422 511 πρωτογέννημα
1473 438 1735 511 [primam
1786 441 1940 510 geni-

2102 438 2288 511 ταρχὴ,
2306 436 2411 508 πρὸ
2436 435 2491 489 δὲ
2510 435 2724 489 πάντων
2744 433 2804 487 τὸ
2832 432 3177 506 πρωτογέννη
3186 447 3280 501 μα.
3309 427 3433 482 Τῶν
3450 427 3641 481 τοίνυν

377 526 605 600 turam].
667 530 950 599 Siquidem
1004 541 1127 601 post
1173 547 1362 589 omnes
1393 532 1613 588 fructus
1661 532 1946 588 dedicatur

2102 528 2365 602 ερομένων
2394 526 2626 599 Γραφῶν
2660 526 2755 579 καὶ
2790 526 2847 579 ἐν
2885 524 3087 586 πάσαις
3116 520 3464 591 Ἐκκλησίαις
3491 518 3640 571 Θεοῦ

372 621 597 693 ἀπαρχὴ
628 621 926 695 [primitiae]
959 641 974 691 ;
1001 635 1128 679 ante
1173 640 1364 681 omnes
1396 641 1526 682 vero
1569 626 1778 682 fruetus
1803 645 1948 699 πρω-

2102 619 2492 689 επιστευμένων
2509 613 2648 671 εἶναι
2681 615 2839 669 θείων
2872 616 2972 668 οὐκ
2998 613 3064 668 ἂν
3084 613 3319 683 ἁμάρτοι
3338 629 3424 676 τις
3452 611 3639 679 λέγων

372 709 678 781 τογέννημα
707 710 903 783 [prima
931 714 1223 786 genitura].
1252 714 1484 771 Proinde
1518 714 1661 770 baud
1696 718 1945 786 equidem

2102 711 2481 783 ρωτογέννημα
2511 710 2607 781 μὲν
2638 709 2728 761 τὸν
2756 708 3035 770 Μωῡσέως
3069 708 3252 777 νόμον,
3286 704 3551 776 ἀπαρχὴν
3580 703 3642 755 δὲ

374 802 498 867 quis
547 803 844 868 aberrabit,
879 803 924 859 si
987 820 1051 859 ex
1085 806 1336 861 omnibus
1374 806 1674 877 Scripturis
1721 823 1843 878 qua:
1892 809 1945 863 in

2102 826 2109 855 ι
2144 803 2492 873 Εὐαγγέλιοψ
2520 801 2657 873 μετὰ
2684 800 2791 873 γάρ
2825 801 2949 863 τοὺς
2978 800 3185 862 πάντας
3207 797 3316 852 τῶν
3332 793 3640 870 προφητῶν

374 893 627 949 omnibus
660 894 917 951 Ecclesiis
950 906 1005 952 et
1026 896 1280 952 feruntur
1303 907 1357 952 et
1390 900 1686 953 creduntur
1709 915 1830 956 esse
1866 901 1950 955 di-

2102 898 2317 969 ιρποὺς,
2354 896 2460 949 τῶν
2511 895 2671 968 μέχρι
2704 893 2799 947 τοῦ
2842 894 3047 965 Κυρίου
3106 890 3305 963 Ἰησοῦ,
3351 892 3379 943 6
3420 889 3642 951 τέλειος

374 987 533 1051 νίιιιε,
566 986 766 1058 Moysis
787 988 962 1061 legem
1004 991 1204 1046 dixerit
1228 992 1663 1065 πρωτογέννημα
1692 993 1946 1065 [primam

2102 991 2355 1063 Ξλάστησε
2379 989 2555 1058 λόγος.
2856 1044 2859 1047 _

375 1082 739 1156 genituram],
768 1084 1115 1157 Evangelinm
1143 1104 1270 1144 vero
1309 1090 1564 1162 ἀπαρχὴν
1595 1087 1940 1161 [primitias],

2106 1088 2432 1156 mloquidem
2473 1094 2593 1156 post
2639 1097 2830 1139 omnes
2864 1082 3248 1152 prophetarum
3289 1080 3503 1136 fructus
3540 1079 3639 1148 qui

375 1178 593 1234 fuerunt
619 1196 788 1251 usque
814 1184 882 1236 ad
916 1182 1202 1239 Dominum
1228 1183 1437 1251 Jesum,
1468 1186 1741 1255 perfectus
1772 1185 1861 1241 ille
1895 1201 2074 1241 sermo
2106 1182 2447 1254 germinavit.

444 1273 501 1328 5.
534 1273 685 1339 Quod
737 1274 784 1329 si
834 1286 1057 1347 propter
1110 1279 1613 1350 interpretationem
1655 1280 1835 1335 datam
1876 1284 1943 1352 τῇ

2123 1279 2176 1333 5.
2233 1278 2358 1331 Ἐὰν
2400 1276 2457 1330 δέ
2493 1294 2577 1341 τις
2621 1276 2968 1348 ἀνθυποφέρη
3012 1275 3101 1329 διὰ
3136 1275 3236 1348 τὴν
3277 1276 3493 1329 ἔννοιαν
3536 1273 3645 1342 τῆς

375 1365 600 1436 ἀπαρχῇ
627 1365 948 1443 [primitiis].
980 1372 1236 1427 reclamet
1265 1373 1464 1443 aliquis
1508 1377 1698 1433 dicens
1730 1393 1943 1433 rursum

2102 1368 2401 1434 θαπτύξεως
2420 1371 2524 1422 τῶν
2547 1369 2810 1440 ἀπαρχῶν
2834 1369 3057 1438 φάσκων
3083 1369 3220 1440 μετὰ
3242 1366 3641 1437 τὰΕὐαγγέλια

377 1467 500 1522 post
533 1457 823 1530 Evangelia
880 1463 1224 1520 circumferri
1263 1469 1426 1521 etiam
1474 1480 1586 1523 tum
1640 1472 1797 1534 Acta,
1834 1481 1944 1522 tmn

2102 1464 2150 1528 ὶις
2193 1461 2426 1535 Πράξεις
2459 1463 2551 1516 καὶ
2580 1461 2677 1525 τὰς
2717 1461 3034 1525 Ἐπιπολὰς
3065 1461 3322 1533 φέρεσθαι
3351 1461 3459 1515 τῶν
3493 1461 3640 1513 ἀπο-

377 1544 645 1614 Epistolas
676 1556 1065 1623 apostolorum,
1090 1567 1145 1611 et
1184 1557 1387 1612 ideirco
1417 1561 1519 1613 hoc
1546 1562 1724 1614 minus
1760 1576 1944 1614 verum

2102 1555 2274 1619 πόλων,
2306 1558 2401 1609 καὶ
2421 1555 2560 1609 κατά
2576 1555 2731 1609 τοῦτο
2763 1554 2837 1627 μὴ
2868 1553 2933 1609 ἂν
2956 1556 3035 1608 ἔτι
3071 1554 3333 1619 σώζεσθαι
3364 1554 3423 1608 τὸ
3453 1568 3643 1626 προα-

375 1656 497 1695 esse
545 1646 687 1712 quod
739 1649 992 1717 superius
1023 1651 1089 1703 de
1129 1649 1231 1705 hoc
1286 1652 1545 1707 vocabulo
1603 1653 1946 1718 tradidimus,

377 1744 569 1799 nempe
606 1733 952 1805 Evangelium
997 1738 1159 1793 letius
1192 1737 1485 1809 Scriptura:
1527 1740 1779 1814 ἀπαρχὴν
1812 1741 1948 1814 [pri-

377 1821 580 1895 mitias]
607 1840 766 1893 esse;
796 1828 1080 1883 dicendum
1112 1845 1243 1886 sane
1270 1841 1355 1887 est
1386 1847 1576 1886 eorum
1606 1834 1696 1903 qui
1729 1838 1946 1902 sapien-

378 1921 459 1964 tes
510 1912 562 1965 in
599 1914 838 1983 Christo,
869 1919 1070 1988 quique
1112 1935 1175 1973 ex
1232 1921 1318 1975 his
1369 1922 1650 1991 praedictis
1695 1924 1949 1993 Epistolis

378 2002 662 2059 utilitatem
684 1995 1069 2079 'perceperunt
1107 2012 1461 2080 quidem,sed
1511 2025 1710 2077 tamen,
1748 2033 1859 2086 quo
1888 2018 1947 2069 li-

377 2095 499 2153 dem
531 2109 840 2155 mereantur
867 2143 883 2169 ,
915 2102 1158 2174 indigent
1189 2105 1511 2160 testimoniis
1532 2121 1655 2176 qua:
1684 2108 1736 2161 iu
1766 2106 1947 2178 legali-

378 2188 481 2241 bus
505 2201 557 2243 et
595 2193 925 2260 propheticis
954 2196 1173 2266 scriptis
1216 2199 1588 2264 continentur,
1637 2200 1779 2254 hanc
1828 2214 1948 2255 esse

381 2292 614 2338 mentem
647 2295 708 2340 ut
747 2288 1026 2356 sapientiae
1066 2290 1283 2360 quidem
1316 2291 1472 2360 plena
1499 2302 1553 2346 et
1590 2293 1867 2347 credibilia
1895 2303 1950 2347 et

378 2375 729 2434 vehementer
757 2382 965 2437 sancita
1012 2384 1312 2453 apostolica
1346 2401 1465 2440 esse
1501 2388 1707 2451 dicant,
1740 2388 1834 2442 sed
1882 2388 1949 2442 iis

381 2468 693 2536 neutiquam
721 2473 1024 2528 consimilia
1061 2493 1078 2530 :
1109 2475 1240 2531 Illuc
1265 2478 1391 2531 dicit
1426 2477 1684 2533 Dominus
1711 2481 1948 2549 omnipo-

378 2568 491 2613 tem
522 2559 589 2615 ".
620 2561 686 2617 Et
724 2563 867 2620 hanc
911 2566 982 2622 ob
1034 2582 1253 2623 causam
1310 2569 1515 2639 inspice
1561 2570 1951 2641 complectatur

382 2667 551 2706 m~cne
573 2669 700 2709 suas
717 2655 987 2726 Epistolas
1005 2659 1203 2716 Paulus
1219 2676 1340 2716 eum
1363 2662 1492 2717 dicit
1509 2663 1573 2713 "z
1596 2661 1779 2716 Omnis
1803 2662 1950 2718 Scri-

378 2753 536 2806 ptura
561 2744 736 2815 nﬁlatu
770 2750 981 2811 prodita
1019 2750 1164 2804 utilis
1198 2761 1271 2805 est
1300 2768 1320 2816 ;
1348 2761 1546 2818 etcum
1590 2752 1668 2805 ait
1692 2753 1737 2784 "
1777 2771 1788 2804 :
1821 2753 1948 2807 Dico

378 2852 495 2903 ego,
513 2853 615 2891 non
647 2838 935 2906 Dominus;
964 2852 1017 2897 et
1049 2844 1179 2898 illud
1200 2844 1247 2876 ’⁸
1268 2861 1280 2897 :
1301 2843 1391 2900 Sic
1419 2846 1475 2898 in
1500 2847 1739 2899 omnibus
1763 2845 1952 2900 Εεσίευ

378 2927 475 2980 stis
504 2929 1049 3001 ordino;iten.que”:
1074 2933 1269 2998 Qualia
1293 2951 1477 3003 passus
1502 2952 1617 2988 sum
1637 2937 1948 3001 Antiochiae,
1979 2968 2021 3025 ο

379 3016 432 3087 5
480 3016 670 3084 Iconii,
713 3020 934 3092 Lystris,
962 3034 1016 3079 et
1058 3026 1141 3081 his
1179 3026 1397 3089 similia,
1437 3027 1703 3082 interdqu
1736 3028 1803 3081 ab
1833 3028 1950 3096 ipso

381 3110 605 3180 scripta,
641 3122 696 3167 et
720 3114 872 3182 juxta
907 3125 1254 3184 potestatem,
1292 3133 1398 3172 non
1437 3127 1617 3173 tamen
1652 3119 1948 3173 secundum

381 3214 697 3259 accuratam
727 3208 1099 3263 sinceritatem
1130 3225 1465 3276 sermonum,
1496 3213 1588 3282 qui
1621 3222 1747 3266 sunt
1772 3226 1839 3266 ex
1875 3212 1953 3266 di-

383 3293 507 3348 vina
545 3293 919 3363 inspiratione.
956 3285 1159 3354 Deinde
1205 3300 1309 3355 hoc
1343 3301 1507 3355 etiam
1556 3301 1951 3356 ostendendum

381 3396 470 3441 est
500 3396 739 3443 veterem
760 3389 1107 3459 Scripturam
1140 3407 1246 3446 non
1278 3406 1397 3447 esse
1432 3392 1802 3461 Erangelium,
1834 3408 1956 3462 quae

381 3476 692 3533 venientem
731 3495 839 3533 non
874 3481 1146 3547 ostendit,
1202 3482 1293 3536 sed
1329 3483 1690 3551 praenuntiat;
1736 3498 1951 3538 omnem

384 3580 518 3620 vero
548 3582 767 3634 novam,
797 3569 1145 3641 Evangelimn
1179 3587 1330 3640 esse,
1365 3588 1486 3642 qua:
1523 3589 1627 3629 non
1660 3575 1869 3641 solum,
1897 3585 1956 3628 ut

388 3657 444 3712 in
476 3657 751 3727 Evangelii
806 3660 959 3716 initio
1008 3663 1269 3731 scriptum
1303 3674 1419 3728 est,
1448 3665 1559 3720 ait:
1605 3665 1742 3720 Ecce
1774 3666 1954 3735 Agnus

383 3750 505 3816 Dei,
531 3768 646 3806 cccc
672 3756 762 3823 qui
787 3754 961 3825 aufert
999 3765 1211 3823 peccata
1249 3759 1434 3811 mundi
1464 3756 1527 3826 ³ο,
1570 3773 1755 3812 verum
1786 3759 1952 3814 etiam

385 3859 506 3908 quae
554 3847 733 3902 varias
779 3849 1068 3918 Opiniones
1121 3851 1505 3919 doctrinasque
1552 3852 1791 3905 continet
1839 3849 1955 3919 ejus

386 3947 483 4001 per
512 3949 671 4004 quem
706 3937 1051 4009 Evangeliuui
1082 3952 1167 3998 est
1205 3942 1887 4012 Evangelium.Pr:eterea,
1909 3944 1954 3998 si

389 4029 532 4087 Deus
562 4033 739 4101 posuit
776 4035 827 4088 in
862 4035 1105 4090 Ecclesia
1136 4036 1407 4104 apostolos
1475 4045 1531 4091 et
1557 4040 1869 4106 prophetas,
1903 4048 1957 4091 et

2057 1646 2403 1718 ποδεδομένον
2439 1648 2566 1720 περὶ
2602 1649 2875 1719 ἀπαρχῆς,
2900 1647 2962 1701 τὸ
3000 1648 3254 1720 ἀπαρχὴν
3284 1648 3462 1719 πάσης
3491 1649 3538 1700 Γ
3542 1665 3646 1719 ρα-

2055 1740 2157 1811 φῆς
2187 1735 2325 1793 εἶναι
2355 1740 2415 1793 τὸ
2435 1739 2784 1810 Εὑαγγέλιον·
2823 1741 3044 1794 λεκτέον
3075 1741 3190 1812 ἦτοι
3223 1738 3348 1795 νοῦν
3374 1737 3518 1793 εἶναι
3549 1757 3646 1793 σο-

2056 1834 2172 1902 φῶν
2222 1835 2279 1886 ὲν
2325 1834 2566 1905 Χριστῷ,
2606 1834 2974 1904 ὠφελημένων
3026 1835 3085 1888 ὲν
3139 1836 3259 1897 ταῖς
3304 1834 3645 1905 φερομέναις

2067 1924 2420 1991 Ἐπιστολαῖς,
2454 1925 2720 1996 δεομένων
2751 1927 2837 1980 ἴνα
2861 1925 2968 1998 (19)
3013 1925 3369 1980 πιστεύωνται
3424 1942 3644 1997 μαρτυ-

2058 2018 2186 2084 ριῶν
2207 2018 2314 2073 τῶν
2346 2020 2404 2072 ὲν
2430 2023 2543 2083 τοῖς
2567 2022 2808 2091 νομικοῖς
2823 2019 2917 2073 καὶ
2941 2021 3295 2090 προφητικοῖς
3314 2018 3497 2087 λόγοις
3529 2035 3595 2071 κε
3605 2035 3644 2071 ι-

2057 2109 2255 2179 μένων,
2291 2109 2431 2163 ὥστε
2453 2110 2593 2181 σοφὰ
2618 2112 2717 2182 μὲν
2749 2112 2844 2165 καὶ
2871 2109 3038 2164 πιστά
3072 2112 3248 2178 λέγειν
3289 2111 3384 2165 καὶ
3428 2111 3643 2184 σφόδρα

2054 2198 2455 2269 ἐπιτεταγμένα
2486 2198 2597 2271 (20)
2624 2200 2692 2253 τά
2724 2198 3075 2264 ἀποστολικά,
3110 2202 3170 2253 οὐ
3203 2201 3309 2272 μὴν
3341 2201 3640 2273 παραπλή-

2056 2305 2144 2340 σια
2169 2288 2263 2359 τῷ·
2304 2289 2447 2342 Τάδε
2471 2290 2632 2358 λέγει
2654 2291 2869 2358 Κύριος
2896 2290 3333 2361 παντοκράτωρ
3362 2293 3457 2346 καὶ
3494 2293 3642 2347 κατά

2052 2377 2210 2431 τοῦτο
2226 2378 2514 2449 ἐπίστησον
2543 2381 2612 2443 εἰ,
2632 2378 2770 2433 ἐπάν
2793 2378 2928 2451 λέγῃ
2946 2381 2975 2432 6
3002 2379 3231 2445 Παῦλοςσ
3268 2380 3446 2437 Πᾶσα
3480 2384 3643 2451 Γρα-

2054 2470 2138 2539 ssi)
2183 2473 2585 2537 θεόπνευστος
2639 2473 2737 2525 καὶ
2790 2471 3104 2543 ὠφέλιμος,
3163 2474 3641 2546 ἐμπεριλαμϐάνει

2055 2565 2149 2617 καὶ
2179 2564 2247 2617 τὰ
2278 2565 2472 2617 ἑαυτοῦ
2499 2566 2823 2637 γράμματα,
2856 2564 2970 2634 ἣοὺ
3000 2566 3079 2619 τό·
3109 2564 3281 2635 Κάγὼ
3307 2566 3463 2636 λέγω
3496 2566 3638 2637 (21),

2056 2657 2152 2710 καὶ
2186 2659 2298 2726 οὐχ
2327 2660 2359 2710 ό
2391 2658 2623 2725 Κύριος,
2652 2658 2745 2710 καὶ
2771 2657 2851 2710 τό⁸
2881 2658 2977 2711 Ἐν
2997 2657 3220 2724 πάσαις
3254 2658 3642 2725 Ἐκκλησίαις

2056 2749 2469 2819 διατάσσομαι,
2493 2751 2681 2803 καὶτὸ-
2709 2745 2815 2803 Οἷα
2845 2750 3073 2803 ἔπαθον
3091 2751 3161 2802 ἐν
3202 2751 3543 2819 Ἀντιοχείᾳ,
3567 2751 3640 2803 ἐν

2070 2843 2315 2907 Ἰκονίῳ,
2346 2843 2415 2896 ἐν
2451 2845 2764 2911 Λύστροις,
2806 2843 2901 2896 καὶ
2924 2844 2992 2896 τὰ
3025 2843 3233 2907 τούτοις
3273 2842 3644 2914 παραπλήσια

2058 2937 2226 2989 ἐνίοτε
2275 2938 2365 2989 ὑπ’
2408 2936 2573 2989 αὐτοῦ
2618 2937 2899 3008 γραφέντα
2942 2939 3036 2992 καὶ
3083 2939 3203 2991 κατ’
3252 2936 3523 3002 ἐξουσίαν,
3575 2938 3641 2990 οὐ

2061 3028 2167 3101 μὴν
2191 3027 2252 3081 τὸ
2274 3028 2563 3100 εἱλικρινὲς
2588 3027 2695 3081 τῶν
2718 3030 2783 3082 ὲκ
2806 3028 2957 3090 θείας
2983 3028 3266 3092 ἐπιπνοίας
3299 3028 3407 3098 (22)
3434 3028 3638 3096 λόγων

2057 3121 2090 3192 ἢ
2131 3120 2223 3175 καὶ
2269 3122 2443 3191 τούτῳ
2485 3123 2862 3192 παραστατέον
2901 3120 3034 3192 (25),
3074 3122 3155 3174 ὅτι
3200 3123 3234 3192 ἡ
3292 3121 3504 3174 Παλαιὰ
3539 3121 3643 3191 μὲν

2058 3213 2158 3264 οὐκ
2198 3211 2547 3281 Εὐαγγέλιον,
2592 3213 2653 3265 οὐ
2683 3211 3003 3266 δεικνύουσα
3039 3211 3129 3265 τὸν
3157 3212 3469 3283 ἐρχόμενον,
3501 3211 3642 3264 ἀλλὰ

2060 3301 2503 3374 προαγγέλλουσα
2520 3302 2614 3356 καὶ
2632 3320 2809 3375 προκη
2819 3302 3109 3374 ρύσσουσα·
3143 3305 3293 3357 πᾶσα
3319 3303 3375 3355 δὲ
3395 3305 3428 3374 ἡ
3459 3304 3640 3373 Καινὴ

2058 3394 2121 3448 τὸ
2163 3395 2490 3463 Εὑαγγέλιόν
2529 3399 2696 3457 ἐστιν,
2727 3397 2787 3448 οὑ
2821 3397 2980 3467 μόνον
3008 3396 3209 3465 ὁμοίως
3248 3399 3316 3467 τῇ
3351 3397 3492 3467 ἀρχῇ
3540 3396 3638 3449 τοῦ

2060 3485 2392 3554 Εὑαγγελίου
2421 3487 2856 3558 φάσκουσα(2ι4)·
2900 3488 3053 3542 Ἰδοὺ
3080 3492 3113 3542 ὁ
3142 3489 3345 3558 Ἄμνὸς
3361 3489 3466 3541 τοῦ
3488 3489 3641 3542 Θεοῦ

2060 3581 2093 3632 ὁ
2114 3577 2297 3645 αἴρων
2324 3577 2438 3644 τὴν
2467 3579 2757 3647 ἁμαρτίαι·
2777 3580 2880 3633 τοῦ
2905 3580 3157 3648 κόσμου,
3179 3579 3314 3633 ἀλλὰ
3341 3580 3435 3633 καὶ
3464 3580 3643 3632 ποικί-

2060 3667 2157 3731 λας
2176 3666 2481 3737 δοξολογίας
2512 3668 2838 3741 περιέχουσα
2865 3669 2959 3723 καὶ
2983 3670 3328 3734 διδασκαλίας
3348 3670 3440 3723 τοῦ
3481 3671 3551 3725 δι’
3583 3670 3644 3723 ὃν

2060 3764 2121 3816 τὸ
2159 3765 2489 3834 Εὑαγγέλιον
2530 3763 2857 3833 Εὐαγγέλιόν
2908 3767 3054 3818 ἐστιν
3081 3765 3216 3835 (25).
3270 3767 3389 3818 Ἔτι
3433 3764 3493 3819 δὲ
3533 3766 3584 3818 εί
3615 3765 3647 3818 6

2061 3857 2192 3921 θεὸς
2224 3857 2377 3911 ἔθετο
2425 3860 2483 3910 ὲν
2524 3859 2592 3929 τῇ
2636 3855 2935 3928 Ἐκκλησία
2969 3857 3321 3920 ἀποστόλους,
3363 3857 3458 3911 καὶ
3502 3873 3642 3928 προ-

2063 3950 2258 4020 φήτας,
2292 3950 2386 4003 καὶ
2416 3947 2830 4018 εὐαγγελιστάς,
2868 3947 3131 4018 ποιμένας
3162 3965 3221 3999 τε
3255 3948 3349 4000 καὶ
3383 3947 3645 4001 διδασκάο

2062 4042 2207 4107 λους,
2233 4042 2370 4095 ἐπὰν
2401 4040 2744 4111 ἐξετάσωμεν
2767 4041 2819 4092 τί
2840 4039 2901 4094 τὸ
2928 4039 3087 4110 ἔργον
3114 4038 3207 4092 τοῦ
3228 4040 3642 4108 εὐαγγελιστοῦ,

395 4124 769 4193 evangelistas,
800 4134 1146 4195 pastoresque
1172 4136 1226 4179 et
1253 4127 1502 4183 doctores
1531 4129 1616 4193 ³⁰⁶,
1648 4144 1771 4183 eum
1802 4144 1950 4185 accuc

2102 4151 2142 4188 τι
2185 4136 2245 4187 οὐ
2296 4134 2513 4198 πάντως
2553 4132 2913 4205 διηγήσασθαι
2961 4132 3085 4187 τίνα
3125 4133 3327 4203 τρόπον
3369 4133 3398 4184 6
3449 4133 3643 4204 Σωτὴρ

396 4226 509 4270 rate
551 4216 1037 4271 examinaverimus
1064 4218 1332 4287 quodnam
1377 4220 1445 4274 sit
1473 4221 1812 4292 evangelista:
1835 4221 1950 4276 om-

2102 4227 2260 4297 υφλὸν
2288 4227 2396 4281 άπὸ
2425 4227 2648 4298 γενετῆς
2673 4226 2880 4289 ἰάσατο,
2911 4225 3145 4279 ὀδωδότα
3179 4208 3370 4295 νεκρὸν
3406 4224 3641 4297 ᾀνέστη-

393 4308 560 4371 cium,
588 4317 643 4361 et
667 4307 1034 4364 invenerimus
1061 4310 1331 4379 pertinere
1358 4312 1425 4367 ad
1458 4327 1580 4371 eum
1604 4329 1713 4368 non
1742 4329 1950 4383 semper

2102 4320 2175 4385 εν,
2202 4320 2235 4390 ἡ
2278 4335 2331 4372 τι
2362 4318 2470 4371 τῶν
2500 4317 2821 4390 παραδόξων
2856 4317 3171 4388 πεποίηκεν
3206 4317 3305 4370 οὐκ
3333 4317 3640 4388 ὀκνήσομεν

393 4413 645 4453 enarrare
670 4414 902 4467 quonam
936 4409 1093 4467 pacto
1123 4399 1375 4456 Servator
1395 4418 1594 4457 caecum
1617 4419 1647 4458 a
1675 4405 1950 4461 nativitate

2102 4408 2601 4481 αρακτηριζομένου
2645 4406 2742 4460 τοῦ
2788 4405 3193 4475 εὐαγγελιστοῦ,
3249 4405 3342 4458 καὶ
3402 4406 3459 4458 ὲν
3511 4421 3645 4476 προ-

457 4520 503 4551 ⁸⁸
535 4518 573 4571 ΙΙ
607 4518 734 4574 Cor.
763 4535 837 4588 vr,
868 4521 954 4577 18.
1054 4522 1100 4555 ³⁸
1129 4522 1167 4578 Il
1203 4520 1342 4576 Tim.
1381 4538 1462 4587 ιιι,
1492 4522 1578 4576 16.
1653 4526 1695 4555 ²⁷
1726 4524 1888 4579 lCor.
1920 4542 1946 4577 ι·

389 4594 454 4625 ⁸ο·
490 4591 683 4663 Ephes.
722 4609 796 4649 tv.
825 4593 912 4649 11.

2102 4534 2126 4581 ι.
2241 4531 2286 4561 ³⁸
2312 4530 2436 4584 ibid.
2473 4527 2558 4583 17.
2630 4528 2675 4560 ⁸⁸
2701 4527 2741 4580 ll
2776 4527 2914 4581 Tim.
2946 4543 3025 4591 ιιι,
3054 4528 3137 4581 11.
3217 4526 3261 4558 ³⁰
3288 4527 3444 4582 .loau.
3478 4545 3517 4591 ι,
3548 4529 3651 4585 2θὶ

392 4685 820 4758 \ersoslructus
842 4686 1009 4742 fuisse
1038 4687 1296 4753 collectos
1329 4688 1650 4757 intelligitur
1673 4703 1737 4743 ex
1770 4690 1943 4747 Exod.
2055 4704 2147 4747 ccs
2172 4706 2300 4744 mss.
2336 4689 2473 4743 Male
2498 4700 2679 4743 autem
2712 4686 3032 4741 [luetiuS‘in
3070 4695 3221 4740 textu
3249 4686 3430 4753 habet,
3478 4686 3512 4758 ἢ
3542 4684 3637 4739 οῦ-

391 4770 549 4818 utu,
577 4754 665 4829 16,
698 4766 753 4829 et
802 4757 975 4829 Levii.
1018 4774 1178 4821 nul,
1223 4759 1313 4814 59.
1348 4754 1527 4829 [Atqui
1569 4760 1636 4813 de
1687 4761 1949 4816 fructibus

2102 4781 2132 4815 υ
2150 4779 2162 4793 ·
2193 4762 2369 4829 Λέγω,
2391 4770 2497 4814 etc.

388 4826 1782 4925 :EILMIPEA'PHWE'.TIIF“£'912*;_N:1'IE:uitalia
1817 4831 1950 4925 'Za':

2130 4855 2242 4925 (22)
2270 4826 2586 4922 Γραφέντα
2635 4851 2734 4925 καί
2768 4853 2895 4925 κατ’
2930 4852 3240 4925 ἐξουσίαις,
3272 4852 3344 4903 οὐ
3397 4850 3539 4925 μὴτ,
3571 4852 3640 4903 τὸ

390 4896 767 4993 ιιιτῖΛιΧιιι,Δ4,
800 4908 855 4993 et
884 4914 1037 4993 ιιξνι,
1066 4900 1119 4953 2.
1153 4901 1319 4993 Igitur
1345 4902 1484 4993 data:
1514 4902 1618 4953 illae
1662 4912 1789 4993 sunt
1833 4911 1950 4982 post

2102 4896 2607 4993 άῖεῖέιιιίξξῶίίῑκ
2629 4896 3641 4993 aaagzaarzzggfia;parua:

384 4965 765 5052 collectionem
819 4966 1114 5052 fructuum,
1170 4965 1275 5052 hoc
1321 4980 1410 5052 est
1448 4965 1853 5052 ιιιειιεεςΓιειιι,
1900 4972 1950 5024 in

2108 5012 2194 5049 um
2207 4965 2444 5052 ’destint.
2479 4997 2574 5049 sed
2602 4965 2963 5049 restituuntur
2989 5010 3057 5049 ex
3082 4965 3639 5049 cbdicibusrBottleia-

386 5035 1103 5123 l'es'to.Tabern.a‘culorum.
1155 5041 1335 5121 Aique
1371 5040 1536 5123 “hanc
1590 5042 1950 5123 primitiarmu

2104 5081 2136 5121 ο
2161 5076 2218 5121 et
2244 5035 2567 5119 Barbei‘ino.

386 5105 724 5178 oblationem
755 5107 970 5178 videtur
1011 5105 1315 5178 respexisse
1368 5105 1651 5178 Origenes,
1681 5128 1803 5165 eum
1856 5114 1954 5167 ait:

384 5174 716 5254 Metaurum;
778 5177 985 5254 πάντας
1023 5174 1268 5254 καρποὺς
1305 5174 1625 5254 ἀνεφέροντο
1671 5183 1728 5233 αί
1775 5183 1957 5254 ἀπαρ-

387 5247 500 5318 χαί.
533 5246 668 5301 Nam
691 5259 820 5303 aute
858 5246 1251 5319 Scenope'giam
1288 5246 1525 5305 universi
1559 5252 1790 5313 fructus,
1844 5246 1960 5306 uva:

386 5327 518 5441 [illita
577 5328 635 5372 et
675 5319 832 5387 oleae,
878 5320 1189 5389 neutiquam
1217 5329 1509 5391 potuerunt
1538 5336 1657 5376 esse
1694 5322 1955 5377 collectar.

440 5403 656 5441 uenus.

440 5403 656 5445 UETIUS.

2137 5156 2248 5228 (25)
2285 5156 2479 5228 Τούτῳ
2499 5154 2934 5228 παρασταζέον.
2967 5155 3045 5228 ita
3071 5156 3233 5210 codd.
3263 5152 3482 5228 Regius.
3510 5152 3638 5228 Bar-

2068 5225 2291 5283 herinus
2312 5236 2367 5281 et
2399 5226 2744 5296 Bodleianus.
2775 5225 3061 5280 Perionius
3084 5234 3268 5281 tamen
3295 5226 3425 5296 legit
3459 5225 3634 5284 τοῦτο,

2065 5297 2151 5351 cui
2184 5312 2281 5351 nos
2307 5312 2429 5350 cum
2463 5294 2665 5349 Tariuo
2695 5297 3042 5351 assentimur.
3099 5344 3103 5350 .

2136 5387 2249 5458 (24)
2278 5386 2623 5442 Φάσκουσα.
2656 5387 2842 5458 Codex,
2862 5387 3212 5458 Barberinus,
3246 5385 3549 5458 φράζουσα.

463 5458 904 5532 (19)Α1.εεειι‹1ιιιιι
940 5460 1171 5532 videtur,
1210 5459 1575 5532 ὼφελημένων
1608 5460 1705 5532 μὲν
1747 5462 1803 5515 ὲν
1841 5464 1950 5526 ταῖς

2138 5457 2248 5529 (25)
2287 5458 2707 5532 ’Διδασκαλίας
2752 5457 2857 5532 τοῦ
2888 5457 2986 5532 ,δι’
3037 5457 3109 5512 ὃν
3147 5457 3235 5532 τὸ-
3269 5458 3637 5532 Εὐαγγέᾼιον

463 5477 572 5528 μυ)
596 5477 904 5530 Legeuuum
940 5477 1171 5527 vmetur,
1210 5477 1575 5585 ωφεληὲιενων
1608 5477 1705 5532 μεν
1747 5477 1803 5515 εν
1841 5480 1950 5526 ταις

391 5530 721 5604 φερομέναις
747 5530 1077 5604 ἐπιστολαῖς,
1106 5532 1373 5604 δεομένων
1427 5532 1474 5596 έ,
1502 5540 1606 5585 elc.
1674 5602 1682 5604 4
1807 5603 1813 5604 γ

2138 5477 2248 5529 (20)
2307 5477 2707 5524 Διοασκανιιας
2752 5477 2857 5512 του
2913 5477 2983 5512 οι·
3037 5477 3109 5512 ον
3150 5477 3217 5510 το
3269 5477 3635 5527 ιιυαγιγευιιον

2102 5527 2435 5604 tivam-elidi-
2456 5529 2649 5604 ἐστιν,
2680 5543 2799 5604 κει.
2818 5528 2866 5581 λ.
2886 5524 2975 5604 Sic
2990 5538 3127 5604 recte
3147 5528 3483 5604 habeicode}
3511 5527 3635 5582 Bod-

466 5597 578 5669 (20)
607 5602 788 5674 Codex
832 5600 1153 5659 Bodleianus
1199 5597 1306 5674 'pro
1350 5602 1755 5673 ἐπιτεταγμένα
1805 5603 1966 5658 habet
2074 5597 2510 5674 lcianus,s_iequ_e
2548 5600 2679 5674 legit
2733 5597 3049 5674 Ferrarius;
3103 5599 3167 5674 in_
3207 5601 3397 5674 c_o_dice
3440 5600 3636 5656 Barhe-

395 5662 840 5740 ἐπιτετευγμένα.
1211 5662 1226 5674 ’
1590 5662 1599 5671 ’
1619 5662 1632 5673 ’

2104 5674 2191 5723 ino
2220 5686 2315 5738 pro
2343 5662 2436 5722 6t"
2462 5670 2519 5723 ὃν
2553 5662 2747 5739 legitur
2777 5668 2842 5721 δι’
2886 5662 2965 5725 οὗ.
3016 5662 3169 5739 Apud
3234 5668 3487 5727 littetium
3540 5689 3643 5728 V01

361 5820 370 5852 ί
465 5738 575 5808 (τί)
610 5738 773 5799 "Hei;
810 5744 902 5801 τό·
931 5743 1103 5814 Κάγὼ
1130 5744 1303 5814 λέγω,
1341 5742 1521 5800 κ.τ..).,
1545 5743 1630 5802 Sic
1650 5745 1809 5801 nostri
1827 5742 1950 5799 codi-

2102 5740 2398 5809 ἰῦαγγέλιον
2429 5741 2593 5797 semel
2619 5748 2813 5795 exstat.
