3792 6146
140 324 193 378 Β
1212 322 1571 380 COMMENT.
1613 321 1677 378 ΙΝ

1792 323 1900 380 AN.
1939 323 2177 381 TOMUS
2217 325 2256 378 Ι.
3292 325 3363 382 36

129 436 358 507 τρεπτικῷ
388 436 538 508 λόγῳ
566 439 651 510 τῷ
671 441 747 503 εἰς
784 441 1166 511 πιστοποέησιν
1191 440 1298 494 τῶν
1331 441 1457 514 περὶ
1502 441 1678 510 Ἰησοῦ

1792 443 2083 509 sanaverit,
2126 444 2387 497 fetentem
2421 453 2692 497 mortuum
2735 443 3076 508 excitaverit,
3133 442 3212 497 vel
3261 444 3361 495 ali-

127 526 408 592 εὐαγγέλιόν
445 545 570 591 πως
620 532 793 582 εἰπεῖν
833 531 904 583 τά
942 531 1048 584 ὑπὸ
1089 530 1199 583 τῶν
1242 532 1555 585 ἀποστόλων
1588 550 1678 602 γε-

1792 536 1908 604 quid
1942 551 2107 605 supra
2139 535 2421 590 hominum
2457 536 2767 605 opinionem
2805 536 3026 598 fecerit;
3064 552 3169 589 non
3201 536 3360 592 dubi-

127 617 395 690 τραμμένα.
448 618 603 671 Ἀλλ’
638 622 760 673 ὅσον
796 622 891 675 ἐπὶ
923 624 988 693 τῇ
1031 622 1258 693 δευτέρᾳ
1301 623 1555 677 ἀποδόσει
1600 624 1678 695 τῷ

1792 625 2018 679 labimus
2042 624 2312 680 alIirmare
2332 626 2513 695 aliquo
2540 627 2696 680 modo
2720 626 3073 696 Evangelium
3096 642 3218 682 esse
3241 644 3363 697 qna-

122 708 507 778 ἀνθαποσέροντι
542 710 635 764 διὰ
662 711 725 764 τὸ
757 713 833 783 μὴ
867 713 1269 784 ἐπιγεγράφθαι
1295 713 1395 779 τάς
1432 716 1678 769 Ἐπιστο-

1792 717 2105 784 scripserint
2140 719 2395 787 apostoli,
2427 734 2548 774 eum
2576 720 2642 774 ad
2674 720 3024 789 evangelistae
3050 736 3246 774 munus
3287 731 3342 773 at

122 802 196 864 λὲς
242 800 601 869 Εὑαγγέλιον,
651 803 730 866 ὼς
770 804 832 856 οὐ
884 803 1066 868 καλῶς
1113 806 1290 859 πᾶσαν
1338 807 1438 877 τὴν
1489 805 1678 876 καινὴν

1792 811 1953 865 tincat
1981 851 1997 877 ,
2033 811 2409 865 adhortatoria
2443 812 2605 866 etiam
2656 812 2903 866 oratione
2931 811 3089 865 ﬁdem
3122 811 3190 866 iis
3237 825 3359 876 qua:

121 893 355 963 Διαθήκην
390 894 738 962 Εὐαγγέλιον
786 896 945 967 ἡμῶν
994 898 1397 968 ὀνομασάντων,
1439 898 1676 963 λεκτέον,

122 988 184 1039 ὅτι
206 984 463 1054 πολλαχοῦ
486 986 600 1039 τῶν
634 987 871 1059 Γραφῶν
904 988 1000 1042 δύο
1043 990 1204 1042 τινῶν
1244 988 1277 1060 ἦ
1315 991 1574 1044 πλειόνων
1605 991 1682 1062 τῷ

120 1077 241 1145 αὖτῴ
299 1077 521 1146 ὀνόματι
570 1078 1016 1150 ὀνομαζομένων,
1068 1081 1406 1154 κυριώτερον
1454 1084 1549 1136 ἐπὶ
1587 1083 1681 1136 τοῦ

121 1168 275 1238 ἑτέρου
306 1168 409 1221 τῶν
440 1169 771 1240 λεγομένων
800 1174 978 1224 κεῖται
1004 1172 1068 1225 τὸ
1102 1172 1273 1243 ὄνομα
1293 1190 1310 1203 ’
1353 1169 1463 1226 οἷον
1497 1174 1683 1243 λέγον-

122 1278 191 1323 τος
220 1260 308 1313 τοῦ
342 1261 608 1332 Σωτῆρος
632 1280 646 1292 ·
680 1265 738 1315 Μ
746 1262 778 1329 ὴ
809 1262 1109 1331 καλέσητε
1156 1262 1537 1319 διδάσκαλον
1583 1266 1684 1319 ἐπὶ

127 1349 213 1418 τῆς
248 1349 347 1421 τῆς
380 1352 518 1423 (26),
578 1355 611 1405 ὁ
680 1354 999 1417 Ἀπόστολός
1034 1372 1163 1425 φησι
1213 1355 1471 1426 τετάχθαι
1514 1359 1572 1410 ἐν
1611 1360 1681 1428 τῇ

130 1442 389 1513 Ἐκκλησία
431 1448 529 1498 καὶ
562 1444 941 1507 διδασκάλους.
976 1445 1090 1498 Οὐκ
1143 1446 1356 1499 ἔσονται
1404 1440 1498 1499 οὖν
1542 1441 1684 1500 οὗτοι

126 1537 395 1591 διδάσκαλοι
440 1539 575 1592 ὅσον
609 1541 706 1592 ἐπὶ
752 1542 818 1611 τῇ
853 1539 1110 1611 ἀκριϐείᾳ
1154 1540 1255 1609 τῆς
1296 1539 1390 1592 τοῦ
1437 1540 1683 1608 Εὐαγγε-

124 1630 213 1684 lion
229 1632 327 1698 (ετ)
354 1632 566 1701 φωνῆς·
598 1630 775 1695 οὕτως
801 1633 902 1684 οὐκ
924 1630 1076 1686 ἔσται
1099 1632 1431 1700 Εὐαγγὲλιω
1454 1633 1514 1685 τὸ
1543 1632 1685 1687 κατὰ

124 1723 201 1785 τὶς
225 1722 537 1786 Ἐπιστολάς
573 1724 688 1776 πᾶν
719 1722 977 1794 γράμμα,
1013 1724 1137 1776 ὅταν
1173 1724 1585 1794 παραϐάλληται
1616 1728 1682 1796 τῇ

1782 903 1849 956 de
1881 901 2009 957 Jesu
2042 903 2239 957 tradita
2273 914 2429 968 sunt,
2465 903 2770 972 acquirere.
2801 903 3075 969 Quantum
3114 916 3244 956 vero
3274 914 3361 955 at-

1784 995 1913 1049 tinet
1937 996 2002 1048 ad
2033 995 2138 1049 hoc
2167 996 2310 1064 quod
2337 996 2575 1049 secundo
2606 994 2724 1049 loco
2755 995 3104 1059 tradidimus,
3137 994 3183 1048 si
3215 992 3364 1062 obje‘

1783 1086 1922 1140 cerit
1956 1085 2153 1154 aliquis
2185 1087 2327 1154 quod
2363 1087 2540 1141 minus
2569 1086 2737 1156 probe
2770 1087 3233 1141 nominaverimus
3272 1092 3358 1140 to-

1786 1185 1895 1229 tum
1929 1175 2341 1231 Testamentum
2377 1191 2573 1231 novum
2608 1176 2988 1246 Evangelium,
3019 1191 3086 1231 eo
3117 1175 3258 1245 quod
3290 1175 3358 1231 Ev

1782 1268 2021 1336 vangelii
2050 1268 2461 1338 inscriptionem
2494 1284 2597 1323 non
2643 1270 2883 1324 habeant
2917 1268 3188 1339 Epistulm,
3234 1269 3365 1324 huic

1784 1359 2028 1414 dicemus
2060 1375 2201 1429 saepe
2240 1359 2293 1413 in
2327 1359 2644 1430 Scripturis,
2673 1376 2792 1413 eum
2826 1361 2931 1414 duo
2962 1362 3045 1415 vel
3078 1360 3229 1429 plura
3262 1375 3355 1415 eo-

1786 1452 1909 1505 dem
1939 1452 2205 1507 vocahulo
2244 1460 2623 1520 nuneupantur
2645 1493 2660 1515 ,
2692 1453 2862 1523 magis
2890 1453 3109 1522 proprie
3140 1453 3231 1506 uni
3261 1467 3357 1507 eu-

1786 1556 1905 1595 rum
1932 1541 2063 1596 illud
2087 1542 2281 1597 tribui:
2314 1543 2463 1596 verbi
2499 1543 2694 1611 gratia,
2719 1543 2935 1598 dicente
2973 1543 3264 1599 Servatore
3285 1545 3350 1598 υτ

1788 1633 1871 1687 Ne
1891 1635 2080 1688 vocetis
2111 1635 2417 1704 magistrum
2447 1650 2605 1702 super
2639 1645 2833 1687 terram
2858 1675 2873 1698 ,
2915 1635 3090 1704 inquit
3125 1636 3353 1704 Aposto-

1786 1724 1869 1779 lus
1900 1726 1946 1757 ³³
1974 1727 2265 1793 magistros
2314 1726 2368 1778 iu
2421 1725 2663 1778 Ecclesia
2711 1725 2988 1779 ordinatos
3019 1726 3203 1780 fuisse.
3236 1724 3353 1780 Non

123 1814 333 1883 διηγήσει
362 1814 475 1867 τῶν
524 1817 665 1885 περὶ
715 1813 892 1885 Ἰησοῦ
935 1813 1187 1885 πράξεων
1223 1816 1316 1869 καὶ
1344 1816 1678 1888 παθημάτων

1792 1827 1942 1870 erunt
1981 1832 2111 1886 ergo
2150 1818 2202 1871 hi
2240 1817 2485 1883 magistri
2537 1816 2832 1870 secundum
2872 1825 3119 1870 exactam
3155 1816 3354 1870 intelli—

126 1906 197 1956 κιὶ
230 1904 395 1973 λόγων
441 1905 642 1958 αὑτοῦ.
680 1904 827 1976 Πλὴν
870 1906 1091 1977 ἀπαρχὴ
1138 1906 1317 1978 πάσης
1363 1906 1586 1977 Γραερῆς
1616 1907 1678 1959 τὸ

1792 1906 2026 1974 gentiam
2060 1909 2210 1963 vocis
2236 1907 2400 1976 hujus
2440 1907 2714 1975 Evangelii
2747 1925 2760 1960 :
2802 1908 2880 1961 sic
2921 1909 3080 1962 etiam
3113 1922 3216 1963 non
3248 1910 3354 1963 erit

124 1996 436 2064 Εὖαγγέλιον,
468 1997 570 2049 καὶ
602 1997 793 2050 πασῶν
824 1997 934 2050 τῶν
969 1999 1088 2050 κατ’
1122 1998 1285 2069 εὐχὴν
1324 1997 1484 2070 ἡμῶν
1530 1999 1675 2069 πρά-

1792 1998 2163 2068 Evangelium,
2195 2000 2590 2068 qualiscunque
2625 2000 2841 2052 tandem
2875 1999 2965 2052 illa
3000 1999 3169 2055 fuerit
3196 1998 3347 2055 Scri-

126 2086 230 2151 ξεων
263 2087 536 2159 ἐσομένων
586 2088 840 2160 ἀπαρχὴν
886 2087 1185 2160 ποιούμεθα
1229 2090 1310 2153 εἰς
1353 2089 1453 2160 τὴν
1498 2090 1675 2161 ἀπαρ-

1792 2098 1960 2159 ptura,
1991 2103 2113 2156 quae
2140 2088 2243 2144 sub
2277 2088 2494 2142 nomine
2523 2088 2882 2157 Epistolarum
2917 2087 3099 2155 fuerit,
3137 2091 3180 2146 si
3219 2105 3350 2144 eon-

124 2179 203 2249 χὴν
231 2177 333 2248 (28)
364 2178 471 2232 τῶν
484 2179 754 2251 Τραφῶν.

1792 2180 1986 2234 leratur
2011 2196 2132 2234 cum
2163 2180 2444 2249 Scriptura
2482 2194 2600 2248 qua:
2631 2181 2891 2245 actiones,
2925 2182 3205 2250 passiones
3234 2196 3352 2236 ser-

126 2283 376 2338 monesque
419 2269 551 2325 Jesu
599 2273 900 2327 contineat.
948 2272 1201 2326 Attamen
1247 2273 1414 2326 totius
1455 2271 1748 2340 Scriptura:
1794 2273 2050 2342 primitire
2100 2282 2184 2327 est
2244 2273 2598 2343 Evangelium
2626 2313 2642 2337 ,
2688 2274 3071 2345 actionumque
3111 2276 3349 2329 omnium

126 2379 224 2431 qua:
246 2380 304 2418 ex
335 2366 498 2419 animi
549 2368 823 2420 sententia
859 2367 1012 2422 nobis
1038 2382 1275 2422 cessura:
1309 2376 1458 2433 sunt,
1490 2368 1760 2435 primitias
1794 2366 2025 2422 facimus
2058 2369 2110 2421 in
2144 2368 2398 2436 primitiis
2424 2366 2722 2439 Evangelii.

177 2455 223 2509 6.
237 2456 423 2524 Ἐγὼδ¹
442 2452 627 2527 οἶμαι,
644 2459 725 2510 ὅτι
747 2458 860 2520 καὶ,
884 2457 1162 2528 τεσσάρων
1181 2457 1349 2510 ὄντων
1368 2456 1477 2509 τῶν
1498 2457 1675 2524 Εὐαγ-

1846 2459 1901 2513 6.
1932 2458 2183 2513 Arbitror
2218 2471 2348 2512 vero
2375 2473 2497 2527 ego,
2523 2459 2736 2513 etiamsi
2767 2469 3004 2528 quatuor
3031 2462 3141 2513 sint
3170 2459 3353 2514 Evan-

128 2548 312 2614 τεὶξων,
335 2549 495 2600 οἱονεὶ
511 2548 796 2619 στοιχείων
820 2549 918 2620 τῆς
935 2549 1170 2611 πίστεως
1189 2549 1288 2612 τῆς
1325 2547 1669 2619 Ἐκκλησίας,

1792 2548 1912 2617 ςεΙίιι
1948 2547 2108 2601 veluti
2145 2548 2410 2602 elementa
2448 2547 2568 2603 ﬁdei
2604 2548 2883 2613 Ecclesizu,
2912 2564 2979 2603 ex
3011 2549 3210 2617 quibus
3237 2550 3349 2604 elc-

194 2630 256 2691 ὧν
275 2638 548 2708 στοιχείων
575 2642 609 2692 ὁ
635 2642 743 2704 πᾶς
773 2641 1066 2710 συνέστηκε
1097 2639 1320 2710 κόσμος,
1355 2640 1414 2692 ἐν
1445 2640 1667 2709 Χριστῷ

1792 2637 1975 2691 uentis
2011 2647 2153 2691 totus
2180 2645 2393 2692 constat
2421 2637 2508 2692 hic
2541 2640 2770 2692 mundus
2802 2640 2910 2693 Deo
2937 2654 3032 2707 per
3057 2639 3337 2694 Christum

131 2728 442 2797 καταλλαγεὶς
469 2729 551 2801 τῷ
584 2729 723 2801 θεῷ,
759 2730 904 2783 καθά
926 2747 1089 2800 φησιν
1110 2732 1138 2783 ὁ
1162 2729 1391 2794 Παῦλος·
1428 2729 1573 2795 Θεὸς
1595 2726 1674 2800 ἦν

1792 2726 2154 2781 'econciliatus
2175 2767 2189 2792 ,
2237 2729 2382 2781 sicut
2415 2728 2597 2798 inquit
2632 2727 2833 2783 Paulus
2864 2729 2944 2794 ³⁸,
2985 2728 3126 2784 Deus
3154 2740 3269 2785 erat
3290 2731 3355 2805 ire

130 2820 184 2870 ἐν
209 2818 422 2887 Χριστῷ
468 2822 707 2890 κόσμον
758 2820 1203 2874 καταλλάσσων
1234 2820 1445 2886 ἐαυτῷ,
1481 2812 1542 2873 οὗ
1577 2821 1670 2874 κό-

1792 2818 2026 2883 Christo,
2077 2819 2329 2872 mundum
2373 2819 2475 2872 sibi
2527 2818 2901 2883 reconcilians;
2955 2819 3109 2889 cujus
3165 2822 3357 2875 mundi-

134 2926 246 2978 σμου
280 2911 371 2983 τὴν
417 2913 697 2983 ἁμαρτίαν
738 2908 874 2983 ἦρεν
944 2911 1179 2984 Ἰησοῦς·
1237 2913 1364 2983 περὶ
1412 2913 1520 2983 γὰρ
1578 2911 1673 2965 τοῦ

1792 2923 2066 2979 peceatum
2103 2910 2320 2965 sustulit
2349 2909 2544 2975 Jesus;
2588 2911 2656 2965 de
2687 2914 2888 2967 mundo
2917 2914 3059 2966 enim
3092 2911 3350 2968 Ecclesiae

132 3002 301 3072 κόσμου
329 3004 426 3073 τῆς
452 3005 786 3076 Ἑκκλησίας
804 3006 834 3056 ὁ
858 3005 1013 3075 λόγος
1037 3007 1182 3059 ἐστὶν
1207 3006 1235 3056 ὁ
1258 3004 1666 3075 γεγραμμένος’

1792 3017 1957 3057 sermo
1992 3002 2083 3055 ille
2113 3013 2196 3055 est
2240 3002 2476 3071 scriptus
2503 3000 2583 3054 ’δι
2617 3002 2674 3072 6
2713 3001 2845 3055 Ecce
2883 3003 3063 3073 Agnus
3099 3003 3232 3068 Dei,
3259 3006 3355 3074 qui

144 3093 269 3146 Ἰδοὺ
296 3097 327 3147 ό
362 3095 567 3164 Ἀμνὸς
606 3075 711 3149 τοῦ
740 3095 888 3149 Θεοῦ
931 3099 963 3149 ὁ
995 3096 1179 3163 αἴρων
1211 3093 1325 3162 τὴν
1372 3096 1667 3163 ἁμαρτίαν

1792 3094 1949 3162 mfert
2002 3105 2266 3160 peccatum
2334 3093 2563 3157 mundi,
2615 3093 3026 3163 Evangeliorum
3079 3094 3351 3164 primitias

134 3184 219 3237 τοῦ
261 3185 496 3254 κόσμου,
558 3187 816 3258 ἀπαρχὴν
860 3186 968 3239 τῶν
1017 3186 1364 3255 Εὑαγγελίων
1418 3181 1557 3238 εἶναι
1608 3183 1670 3236 τὸ

1792 3186 2136 3256 Evangelinm
2182 3199 2303 3239 esse
2336 3183 2563 3239 Joannis
2604 3185 2762 3239 nobis
2808 3186 3166 3253 propositum,
3200 3185 3353 3255 cujus

138 3279 574 3347 προστεταγμένον
618 3281 752 3349 ἡμῖν
793 3279 899 3331 ὑπὸ
933 3279 1026 3331 σοῦ
1060 3278 1203 3332 κατά
1241 3278 1470 3348 δύναμιν
1511 3280 1670 3349 ἐρευ-

1792 3293 1990 3332 ιειιειιιη
2020 3292 2117 3346 pro
2150 3277 2295 3330 virili
2324 3288 2509 3331 nostra
2535 3277 2669 3346 jnssi
2705 3293 2891 3331 sumus
2940 3276 3036 3331 abs
3063 3288 3113 3333 te
3136 3277 3351 3332 investi—

136 3366 264 3433 νῆσαι
302 3368 357 3420 τὸ
390 3368 528 3422 κατά
582 3370 835 3439 Ἰωάννην
858 3387 873 3400 ·
926 3369 1017 3423 τὸν
1064 3369 1551 3440 γενεαλογούμενον
1597 3371 1673 3421 εἰ-

1792 3386 1920 3439 ;are.
1940 3371 2101 3439 quue
2127 3372 2368 3425 arbitror
2387 3371 2744 3425 considerans
2767 3370 3135 3441 genealogiam
3163 3380 3347 3428 teren-

140 3457 235 3511 πὼν
262 3458 380 3529 (ﬂ),
422 3462 513 3515 καὶ
568 3462 679 3514 ἀπὸ
722 3461 816 3515 τοῦ
866 3462 1295 3533 ἀγενεαλογήτου
1335 3462 1667 3533 ἀρχόμενον·

1792 3478 1901 3527 ειη,
1923 3472 1977 3517 el
2004 3463 2350 3532 incipientem
2380 3463 2449 3516 ab
2477 3477 2541 3517 eo
2564 3463 2655 3532 qui
2676 3463 2991 3533 genealogia
3016 3471 3185 3519 caret.
3216 3462 3346 3517 Nam

137 3551 366 3615 Ματθαῖος
397 3554 491 3624 μὲν
545 3555 678 3626 γὰρ,
710 3558 826 3619 τοῖς
859 3556 1195 3627 προσδοκῶσι
1227 3557 1288 3609 τὸ
1320 3556 1377 3622 ἐξ
1422 3555 1674 3628 Ἀϐραὰμ

1792 3552 2057 3608 llatthteus
2089 3554 2306 3623 quidem
2340 3569 2464 3610 cum
2491 3552 2757 3609 scriberet
2790 3553 3064 3620 ilebrmis,
3100 3557 3191 3624 qni
3222 3572 3348 3610 ven-

140 3644 214 3695 καὶ
248 3644 390 3699 Δαυῖδ
442 3647 722 3718 Ἑϐραίοις
765 3648 1009 3720 γράφων,
1042 3649 1280 3713 Βίϐλος,
1321 3650 1474 3720 φησὶ,
1504 3649 1671 3718 γενέ-

1792 3661 1949 3698 urum
1981 3661 2048 3699 ex
2078 3647 2388 3699 Abrahamo
2415 3656 2469 3700 et
2505 3645 2706 3700 Davidc
2738 3648 3158 3714 exspectabant:
3195 3648 3354 3702 Liber

139 3750 260 3799 σεως
288 3734 476 3805 Ἰησοῦ
500 3737 769 3805 Χριστοῦ
810 3737 944 3790 υἱοῦ
971 3737 1173 3801 Δαυῒδ,
1206 3738 1339 3792 υἱοῦ
1382 3738 1667 3807 Ἀϐραάμ·

1796 3737 1963 3805 nquit,
1987 3738 2334 3806 generationis
2349 3735 2478 3789 Jesu
2502 3735 2700 3790 Christi
2727 3736 2828 3804 ﬁlii
2843 3736 3035 3803 David,
3054 3738 3155 3805 ﬁlii
3179 3739 3353 3792 Abra-

141 3827 214 3877 καὶ
253 3828 454 3898 Μάρκος
500 3829 663 3893 εἰδὼς
716 3829 745 3882 ὃ
782 3829 1007 3899 γράφει,
1052 3831 1225 3901 ἀρχὴν
1266 3830 1532 3900 διηγεῖται
1577 3829 1671 3882 τοῦ

1792 3845 1891 3881 iam
1921 3828 1986 3878 ³⁸.
2029 3827 2243 3881 Marcus
2288 3843 2418 3882 vero
2452 3828 2632 3883 sciens
2679 3830 2822 3897 quod
2874 3830 3084 3893 scribit,
3135 3830 3349 3885 initium

142 3916 442 3999 Εὖαγτελίου,
469 3921 618 3991 τάχα.
650 3920 1018 3992 εὑρισκόντων
1046 3920 1203 3991 ἡμῶν
1237 3920 1297 3974 τὸ
1326 3920 1477 3985 τέλος
1507 3919 1670 3973 αὐτοῦ

1792 3929 1994 3972 :narrat
2029 3919 2325 3987 Evangelii,
2358 3920 2604 3974 fortassis
2630 3920 2774 3989 quod
2802 3921 3140 3977 inveniamus
3188 3923 3349 3976 linem

144 4008 264 4080 παρὰ
280 4010 350 4081 τῷ
385 4012 608 4085 Ἰωάννῃ
640 4014 698 4064 ὲν
727 4014 870 4083 ἀρχῇ
906 4012 1078 4079 Λόγον
1103 4011 1236 4064 Θεὸν
1267 4011 1462 4080 Λόγον.
1511 4011 1671 4067 Ἀλλά

1795 4008 1944 4077 psius
1969 4010 2107 4079 apud
2129 4007 2414 4073 Joannem,
2435 4008 2524 4076 qui
2552 4009 2603 4062 in
2630 4009 2895 4078 principio
2921 4009 3155 4065 Verbum
3180 4010 3348 4067 Deum

140 4100 216 4152 καὶ
256 4102 446 4168 Λουκᾶς
488 4102 732 4175 εἰρηκὼς
781 4105 839 4155 ὲν
870 4103 1009 4174 ἀρχῇ
1056 4102 1164 4155 τῶν
1211 4103 1468 4174 Πράξεων
1491 4120 1506 4134 ·
1564 4103 1675 4156 Τὸν

1792 4098 1943 4152 'uisse
1968 4099 2164 4167 inquit.
2195 4098 2368 4152 Lucas
2397 4100 2561 4152 etiam
2591 4114 2712 4153 cum
2744 4101 2969 4155 dixisset
2996 4101 3040 4134 ³⁸
3067 4119 3081 4155 :
3109 4099 3355 4157 Primum

139 4190 232 4258 μὲν
254 4192 467 4262 πρῶτον
500 4196 693 4264 λόγον
733 4193 1113 4270 ἐπριησάμην
1142 4194 1274 4261 περὶ
1320 4192 1561 4248 πάντων
1587 4186 1674 4246 ὧν

1792 4191 1983 4251 midem
2021 4206 2308 4243 sermonem
2358 4190 2456 4258 feci
2500 4191 2565 4245 de
2605 4191 2846 4246 erunibus
2875 4209 2993 4258 qua:
3012 4194 3161 4262 coepit
3191 4193 3350 4247 Jesus

141 4278 322 4347 ἤρξατο
345 4288 376 4340 ό
413 4285 645 4355 Ἰησοῦς
683 4284 877 4340 ποιεῖν
910 4285 1009 4339 καὶ
1041 4284 1349 4339 διδάσκειν
1372 4284 1507 4356 (50),
1538 4284 1674 4339 ἀλλά

1792 4290 1945 4337 "arere
1982 4293 2031 4337 et
2074 4283 2281 4348 docere,
2318 4282 2551 4351 majores
2603 4284 3062 4354 perfectioresque
3113 4286 3181 4339 de
3222 4282 3352 4339 Jesu

145 4388 192 4437 γε
226 4378 357 4445 τηρεῖ
387 4376 461 4447 τῷ
496 4378 592 4431 ἐπὶ
622 4377 684 4430 τὸ
726 4376 921 4447 στῆθος
961 4378 1290 4432 ἀναπεσόντι
1335 4376 1429 4430 τοῦ
1478 4375 1662 4448 Ἰησοῦ

1792 4391 2056 4430 ιρι-ιιιοιιεε
2089 4385 2332 4430 reservat
2353 4377 2401 4429 ei
2426 4376 2517 4444 qui
2536 4391 2697 4445 supra
2724 4386 2911 4445 pectus
2924 4374 3052 4430 Jesu
3081 4378 3350 4432 recubuit.

285 4466 513 4536 μείζονας
581 4470 676 4522 καὶ
730 4469 1096 4542 τελειοτέρους
1132 4468 1243 4539 (51)
1296 4468 1424 4539 περὶ
1492 4468 1667 4539 Ἰησοῦ

1792 4467 1963 4524 iullus
2007 4470 2150 4525 enim
2208 4468 2422 4522 illorum
2467 4468 2602 4523 adeo
2628 4484 2761 4538 pure
2793 4469 3166 4524 titanifestavit
3208 4470 3354 4525 illius

146 4549 327 4620 λόγους
364 4559 527 4623 οὐδεὶς
575 4560 686 4629 γὰρ
731 4559 955 4613 ἐκείνων
1010 4559 1266 4631 ἀκρατῶς
1324 4559 1669 4630 ἐφανέρωσεν

1792 4560 2158 4625 livinitatcm,
2222 4568 2279 4612 ut
2330 4556 2573 4613 Joannes
2624 4557 2824 4628 quippe
2881 4559 2971 4627 qui
3024 4560 3245 4615 inducat
3284 4560 3359 4614 ιι-

146 4644 281 4700 αὐτοῦ
313 4649 400 4721 τὴν
427 4651 680 4723 θεότητα,
712 4651 790 4715 ὡς
830 4652 1080 4722 Ἰωάννης
1115 4652 1474 4724 παραστήσας
1505 4652 1667 4705 αὑτὸν

1794 4668 1882 4704 um
1924 4651 2189 4705 dicentem
2227 4667 2239 4703 :
2277 4647 2388 4717 Ego
2421 4664 2537 4702 sum
2566 4648 2660 4702 lux
2690 4649 2872 4702 mundi
2907 4664 2925 4701 :
2958 4648 3068 4721 Ego
3089 4653 3348 4720 summio.

148 4733 361 4805 λέγοντω
561 4744 681 4811 εἰμι
711 4740 775 4795 τὸ
804 4740 927 4809 φῶς
954 4742 1060 4796 τοῦ
1089 4744 1343 4811 κόσμου·
1387 4741 1527 4811 Ἐγώ
1552 4743 1670 4811 εἰμι

1792 4743 1965 4796 veritas
2007 4753 2054 4795 et
2085 4742 2189 4795 vita
2221 4757 2239 4794 :
2274 4740 2384 4808 Ego
2425 4755 2543 4793 sum
2575 4741 2884 4794 resurrectio
2918 4756 2939 4794 :
2972 4740 3082 4810 Ego
3109 4758 3227 4795 sum
3268 4759 3352 4795 os-

150 4827 337 4897 ῆόδὸς,
363 4835 453 4888 καὶ
486 4836 526 4903 ἡ
568 4833 841 4900 ἀλήθεια,
892 4834 991 4887 καὶ
1037 4835 1076 4902 ἡ
1111 4832 1242 4900 ζωή·
1293 4834 1433 4904 Ἐγώ
1474 4839 1593 4903 ειμι
1626 4835 1666 4902 ἠ

1797 4835 1940 4886 ium:
1968 4830 2081 4900 Ego
2104 4847 2223 4884 sum
2252 4843 2433 4897 pastor
2452 4832 2615 4885 bonus
2642 4831 2688 4861 ³⁷
2705 4846 2725 4895 ;
2750 4841 2803 4883 et
2829 4831 2883 4884 in
2911 4830 3236 4903 Apocalypsi
3263 4831 3308 4864 ³⁸
3336 4852 3350 4885 :

155 4919 456 4992 ἀνάστασις·
502 4924 652 4994 Ἐγώ
679 4927 797 4994 ειμι
830 4927 866 4993 ἡ
908 4925 1084 4994 Οὐραο
1144 4924 1289 4995 Ἐγώ
1321 4927 1438 4995 εἰμι
1471 4929 1503 4980 ό
1538 4941 1667 4981 ποι-

1792 4922 1890 4993 Ego
1916 4940 2031 4977 sum
2059 4924 2125 4989 A,
2159 4933 2211 4977 et-
2239 4924 2299 4986 Ω,
2326 4923 2647 4993 principium
2673 4933 2723 4978 et
2766 4922 2910 4992 ﬁnis,
2945 4924 3143 4993 primus
3173 4935 3221 4979 et
3259 4943 3351 4980 no-

208 5054 241 5131 '_'
259 5055 421 5114 Ilatth.
453 5077 610 5125 mit,
640 5061 696 5125 8,
721 5061 776 5117 9.
854 5061 899 5093 ³²
927 5061 1122 5131 Ephes.
1154 5076 1231 5125 Iv,
1266 5063 1357 5115 Η.
1429 5062 1473 5094 ³³
1499 5060 1542 5115 ll
1564 5061 1678 5117 Cor,

1810 5062 1891 5117 19.
1991 5060 2217 5116 a"Joan.
2257 5076 2296 5125 ι,
2331 5060 2421 5118 50.
2497 5060 2541 5092 ³⁵
2570 5058 2763 5116 Matth.
2793 5074 2832 5125 ι,
2860 5060 2912 5114 1.
2990 5059 3036 5091 ³⁸
3068 5057 3192 5114 Aet.
3221 5075 3260 5125 ι,
3295 5061 3349 5115 1.

161 5123 339 5183 'Joau.
370 5145 476 5199 vtu,
508 5123 613 5200 ιες
656 5123 766 5199 xiv,
803 5131 876 5199 6;
920 5123 995 5195 ιη’,
1037 5132 1141 5197 25;
1180 5123 1234 5199 x,
1266 5132 1323 5199 7,
1352 5132 1409 5198 9,
1445 5133 1532 5188 11.
1610 5132 1654 5164 ³⁸

1792 5147 1853 5187 ιο.
1884 5148 1920 5194 ι,
1952 5132 2020 5197 8;
2051 5146 2187 5197 xxu,
2217 5123 2303 5185 i5.

211 5243 411 5318 (26th
448 5248 751 5316 καλέσητε
802 5246 1173 5303 διδάσκαλον
1210 5248 1310 5302 ἐπὶ
1366 5246 1474 5314 τῆς
1524 5247 1657 5318 m’q.

1850 5247 1960 5318 (’29)
1994 5246 2098 5301 Pro
2128 5245 2300 5299 εἰπών
2334 5244 2620 5318 Ferrarius
2643 5241 3022 5318 legiumth
3041 5283 3056 5304 ,
3086 5255 3186 5309 ego
3215 5255 3351 5318 vero

165 5307 529 5390 metushabetnr
560 5307 755 5390 Matth.
790 5333 946 5390 ιιιιιιι,
970 5320 1034 5390 _8,
1057 5318 1144 5390 ubi
1186 5332 1284 5390 pro
1338 5307 1662 5390 καθῆγήτῆς

1792 5307 2284 5390 εεὲηιὶιιιιιᾉοειιεοο
2309 5316 2490 5380 εἰπόν,
2536 5315 2681 5385 quod
2699 5307 2886 5369 refero
2911 5315 2979 5367 ad
3033 5307 3347 5368 urzécedens

166 5385 421 5454 exemplaria
450 5389 700 5458 quaedam
733 5388 932 5441 habent
965 5386 1302 5451 διδάσκαλος.
1362 5385 1511 5443 Hune
1544 5385 1659 5441 'au-

1792 5388 1831 5441 :b
1863 5387 2003 5443 κατά
2043 5388 2320 5452 Ἰωάννην.

170 5458 247 5571 ira
283 5471 468 5511 versum
509 5473 674 5512 -cnm
744 5459 993 5526 sequenti
1059 5458 1303 5513 confudit
1377 5459 1659 5528 Origenes.

205 5536 373 5571 uerius-

205 5536 373 5580 UB‘HIJS.

218 5590 304 5665 (27)
342 5597 437 5669 Τοῦ
465 5598 861 5669 Εὐαγγελίου.
897 5596 1134 5654 Tarinus
1183 5601 1437 5656 censebat
1483 5599 1666 5669 legen-

172 5657 263 5711 tltuu
290 5657 367 5719 τοῦ
383 5657 714 5722 διδασκάλου.

221 5729 309 5805 (23)
341 5740 422 5803 Εις
446 5739 556 5806 τὴν
588 5736 897 5806 ἀπαρχὴν,
927 5750 1027 5795 etc.
1064 5740 1429 5798 Otnitlcudutn
1452 5741 1664 5795 videtur

1792 5729 1961 5759 :Utllcc
2002 5729 2313 5765 υυυιειίιιιυ,
2342 5729 2372 5769 μ

170 5798 304 5865 4".
404 5798 511 5806 -.

1845 5808 1963 5881 (31)
1987 5806 2171 5862 Codex
2196 5805 2534 5871 Bodleianus,
2562 5800 2957 5871 τελειωιιτέρουςλ

1703 4436 1744 4489 1)

1842 5490 1977 5564 (50)..
1996 5488 2390 5564 Τέλοςᾷαρτοῦ
2415 5487 2574 5564 ,παρα
2597 5485 2678 5552 τῷ
2710 5484 3037 5564 ’Ῑωᾴγνῃηη
3064 5478 3348 5564 ἤρξατο

1785 5555 2016 5632 Ἰησοῦς
2043 5555 2237 5614 ποιεῖν
2262 5555 2377 5613 ’καὶ
2420 5555 2780 5632 διδάσκειν.-
2808 5555 2934 5609 llzec
2981 5555 3174 5632 omnia
3197 5555 3347 5617 apud

1772 5626 2027 5687 Iliietium
2058 5632 2457 5693 desiderantur,
2516 5627 2611 5682 sed
2650 5626 3013 5679 restituuntur
3037 5626 3233 5691 partim
3273 5634 3351 5675 ex.

1772 5704 1961 5760 codice
2002 5701 2313 5765 Bodleiano,
2342 5699 2539 5769 partim
2575 5710 2642 5749 ex
2671 5695 2987 5749 Basberiuo.
