3792 6146
352 284 411 338 Si
1807 272 2126 330 ORIGENIS
3586 259 3677 313 5'2

352 403 613 453 tissimus.
647 398 959 452 Audeamus
989 395 1155 466 igitur
1181 395 1363 452 dicere
1391 395 1658 466 primitias
1680 396 1849 464 Script

2192 394 2226 445 ὁ
2259 393 2477 457 καλός·
2522 390 2615 443 καὶ
2650 390 2707 442 ἐν
2754 389 2819 459 τῇ
2866 384 3262 454 Ἀποκαλύψει·
3304 378 3453 453 Ἐγώ
3523 385 3676 445 ειμι

353 504 536 544 rarum
588 489 828 544 omnium
881 486 1227 555 Evangelium
1280 503 1454 554 esse;
1514 486 1850 557 Evangeliort

2212 485 2312 538 καὶ
2358 485 2423 538 τὸ
2458 488 2524 544 Ω,
2568 484 2606 550 ἡ
2635 480 2790 550 ἀρχὴ
2833 480 2930 534 καὶ
2966 480 3033 533 τὸ
3073 478 3263 542 τέλοςι
3308 479 3341 529 ό
3384 471 3677 543 πρῶτος

352 596 484 636 vero
509 580 802 650 primitias,
829 578 1187 649 Evangelium
1218 595 1247 633 a
1275 577 1486 635 Joanne
1519 579 1773 634 traditum
1800 597 1814 645 ;
1845 604 1849 625 ‹

2187 580 2220 632 ὀ
2268 576 2546 647 ἔσχατος.
2607 573 2918 645 Τολμητέον
2974 572 3154 625 τοίνυν
3212 571 3387 623 εἰπεῖν
3437 567 3678 633 ἀπαρ-

354 676 439 745 ius
482 660 701 728 sensum
752 673 1037 742 percipere
1072 688 1230 727 nemo
1266 682 1463 741 potest,
1506 673 1610 727 nisi
1645 672 1735 741 qui
1770 688 1851 739 sui

2186 670 2288 740 μὲν
2328 667 2517 722 πασῶν
2548 665 2778 738 Γραφῶν
2833 661 2972 718 εἶναι
3030 663 3099 716 τὰ
3123 660 3456 730 Εὐαγγέλια,
3532 652 3676 706 τῶν

355 778 542 835 pectus
561 766 687 822 Jesu
716 766 1047 829 recubuerit,
1074 767 1155 819 vel
1182 767 1452 836 acceperit
1476 783 1503 819 a
1529 764 1654 821 Jesu
1683 765 1850 819 Maria

2176 761 2484 829 εὐαγγελίων
2533 757 2784 830 ἀπαρχὴν
2814 756 2876 810 τὸ
2921 754 3063 809 κατά
3104 754 3377 824 Ἰωάννην·
3416 743 3491 805 οὗ
3554 745 3673 801 τὸν

355 877 475 930 ιιιΙῶ
504 861 670 914 etiam
704 860 871 927 ipsius
898 867 1070 912 mater
1103 859 1230 912 tiat:
1263 859 1397 913 adeo
1431 859 1587 913 talem
1615 869 1852 928 tantutnq

2214 854 2386 917 οὐδεὶς
2433 853 2657 907 δύναται
2709 850 2893 903 λαϐεῖν
2952 848 3028 920 μὴ
3083 845 3368 902 ἀναπεσὼν
3413 843 3532 897 ἐπὶ
3592 838 3674 892 τὸ

357 965 477 1006 esse
524 965 744 1004 necesse
776 958 889 1012 est,
923 950 1015 1018 qui
1057 947 1293 1004 Joannes
1319 951 1460 1004 alius
1492 951 1558 1004 sil
1607 949 1841 1016 futurus,

2174 965 2232 1011 ος
2280 948 2476 1017 Ἰησοῦ,
2512 945 2647 1018 μηδὲ
2680 943 2860 997 λαϐὼν
2904 942 3012 995 ἀπὸ
3056 939 3232 1012 Ἰησοῦ
3264 938 3361 1009 τὴν
3387 932 3670 1005 Μαρίαν

355 1042 814 1112 quemadmodum
840 1039 1101 1108 Joannes,
1134 1041 1320 1096 itidem
1346 1043 1507 1096 etiam
1538 1052 1594 1095 et
1623 1041 1724 1097 iste
1755 1057 1783 1094 a
1808 1040 1852 1096 Jt

2171 1039 2325 1111 ιένην
2391 1040 2486 1092 καὶ
2537 1036 2703 1092 αὐτοῦ
2763 1034 2993 1107 μητέρα·
3045 1032 3140 1085 καὶ
3193 1026 3527 1100 τηλικοῦτον
3594 1022 3668 1075 δὲ

357 1134 515 1187 .lesus
538 1132 804 1188 exsistere
828 1133 1168 1187 ostendatur.
1195 1130 1327 1186 Nam
1353 1133 1397 1186 si
1433 1133 1612 1188 nullus
1638 1143 1721 1187 est
1752 1133 1854 1187 Mat

2170 1131 2290 1184 σθαι
2342 1131 2426 1184 δεῖ
2479 1132 2569 1184 τὸν
2623 1129 2880 1199 ἐσόμενον
2929 1124 3087 1180 ἄλλον
3152 1121 3423 1192 Ἰωάννην,
3480 1117 3667 1171 ὥστε

362 1227 504 1279 titius
529 1268 542 1292 ,
585 1227 793 1295 judicio
820 1240 1009 1280 eorum
1045 1227 1139 1295 qui
1183 1226 1250 1279 de
1298 1226 1415 1294 ipsa
1448 1240 1580 1280 sane
1628 1240 1859 1280 sensero:

2176 1223 2198 1275 ὶ
2252 1222 2342 1276 τὸν
2408 1222 2660 1291 Ἰωάννην
2722 1216 3000 1288 δειχθῆναι
3058 1214 3187 1267 ὄντα
3252 1210 3463 1282 Ἰησοῦν
3528 1206 3671 1261 ἀπὺ

361 1328 717 1386 pneterquam
743 1316 900 1373 Jesus
921 1333 936 1371 :
961 1318 1199 1387 dicitque
1225 1315 1381 1371 Jesus
1408 1319 1564 1369 matri
1586 1335 1599 1370 ;
1633 1315 1768 1371 Ecce
1789 1319 1858 1385 ﬁt:

2171 1313 2244 1367 οῦ.
2282 1315 2345 1367 Ei
2376 1313 2484 1384 γὰρ
2512 1312 2687 1375 οὐδεὶς
2719 1311 2832 1373 υίὸς
2861 1307 3100 1378 Μαρίας,
3131 1303 3272 1357 κατά
3298 1302 3424 1365 τοὺς
3453 1296 3668 1367 ὑγιῶς

360 1418 480 1463 tuus
515 1410 582 1476 ³⁸,
615 1420 669 1463 et
697 1425 826 1476 non,
859 1426 988 1465 ecce
1014 1413 1176 1466 etiam
1216 1410 1300 1463 hic
1332 1421 1415 1465 est
1450 1410 1589 1463 titius
1622 1421 1781 1464 tuus:
1812 1427 1857 1480 pt

2200 1406 2369 1475 αὐτῆς
2404 1402 2724 1472 δοξάζοντας
2757 1401 2891 1472 (52),
2927 1399 2960 1469 ἢ
2999 1395 3226 1469 Ἰησοῦς,
3253 1396 3386 1466 φησὶ
3412 1393 3476 1447 δὲ
3528 1393 3665 1460 Ἰη-

362 1498 486 1553 iude
528 1508 630 1564 est,
661 1496 723 1552 ne
777 1500 822 1553 si
876 1499 1141 1554 dixisset:
1176 1498 1313 1553 Ecce
1341 1498 1428 1553 hic
1460 1508 1538 1552 est
1574 1495 1733 1552 Jesus
1773 1512 1859 1565 qm

2200 1501 2265 1569 τῇ
2299 1497 2495 1569 μητρί·
2543 1495 2655 1551 Ἴδε
2681 1497 2713 1548 ὁ
2746 1496 2884 1558 υἱός
2909 1508 3045 1554 σου,
3077 1490 3167 1543 καὶ
3193 1488 3342 1558 οὐχί·
3385 1487 3500 1540 Ἴδε
3546 1483 3670 1537 καὶ

363 1587 617 1647 genuisti.
667 1586 878 1641 Etenim
929 1587 1178 1657 quisquis
1207 1586 1476 1657 Perfectus
1505 1599 1627 1651 est,
1677 1603 1780 1640 non
1819 1603 1860 1640 a:

2166 1609 2193 1655 ς
2243 1590 2354 1653 υἱός
2410 1605 2536 1642 σου·
2583 1588 2697 1642 ῐσον
2742 1584 2931 1658 εἴρηκε
2972 1582 3071 1654 tu?"
3122 1581 3228 1635 Ἴδε
3271 1575 3424 1644 οὗτός
3473 1580 3660 1631 ἐστιν

365 1678 501 1745 ptius
529 1680 662 1732 vivit
694 1682 831 1748 ipse,
860 1681 953 1733 sed
990 1680 1042 1733 in
1082 1679 1197 1749 ipso
1230 1680 1365 1734 vivit
1395 1679 1643 1735 Christus
1670 1679 1737 1734 ιθ.
1767 1678 1862 1735 Cut

2166 1684 2258 1748 οῦς
2303 1684 2361 1737 ὃν
2388 1681 2703 1753 ἐγέννησας.
2734 1680 2843 1733 Καὶ
2875 1678 2983 1749 γὰρ
3012 1678 3118 1740 πᾶς
3146 1675 3174 1728 ὁ
3206 1671 3662 1743 τετελειωμένος

363 1784 468 1837 que
508 1771 558 1823 in
610 1771 725 1839 ipso
774 1771 919 1823 vivat
952 1771 1224 1835 Christus,
1267 1772 1467 1826 dicitur
1499 1773 1565 1827 de
1611 1788 1676 1827 eo
1711 1772 1860 1827 Mari:

2163 1776 2343 1839 ιύκέτι,
2368 1774 2482 1828 ἀλλ’
2514 1774 2572 1825 ὲν
2604 1771 2755 1843 αὐτῷ
2787 1771 2853 1841 ζῇ
2884 1770 3137 1842 Χριστός·
3179 1767 3274 1821 καὶ
3306 1766 3427 1819 ἐπεὶ
3464 1764 3543 1835 ζῇ
3589 1764 3660 1816 ἐν

367 1863 504 1915 Ecce
536 1861 677 1917 titius
708 1874 836 1918 tuus
863 1863 1131 1918 Christus.
1178 1862 1317 1929 Quid
1349 1878 1477 1934 ergo
1515 1865 1710 1920 attinet
1760 1866 1864 1920 diCt

2168 1866 2192 1937 ξ)
2220 1865 2473 1936 Χριστὸς,
2507 1863 2721 1933 λέγεται
2749 1861 2877 1934 περὶ
2905 1859 3068 1913 αὐτοῦ
3093 1860 3160 1931 τῇ
3195 1857 3385 1930 Μαρίᾳ
3404 1874 3417 1887 ·
3459 1856 3591 1909 Ἴδε
3627 1856 3665 1907 ὁ

366 1966 566 2019 quanta
601 1956 757 2008 nobis
786 1969 923 2023 opus
953 1955 1025 2009 sit
1052 1962 1233 2010 mente
1267 1964 1327 2009 ut
1357 1956 1408 2009 in
1441 1957 1697 2011 testaceis
1722 1957 1863 2026 abjec

2186 1976 2278 2012 σου
2310 1960 2338 2011 ὁ
2366 1957 2618 2029 Χριστός.
2660 1954 2875 2008 Ἠλίκου
2903 1953 3081 2006 τοίνυν
3108 1952 3199 2006 νοῦ
3234 1953 3366 2022 ἡμῖν
3396 1950 3500 2014 δεῖ,
3551 1949 3660 2001 ἵνα

367 2048 561 2101 littera:
597 2046 868 2100 thesauris
904 2046 1242 2101 reconditum
1277 2047 1498 2103 verbum
1545 2048 1707 2118 digne
1758 2048 1864 2103 vale

2165 2054 2219 2104 ὲν
2258 2052 2369 2113 τοῖς
2397 2047 2740 2118 ὀστρακίνοις
2771 2045 2871 2116 τῆς
2912 2042 3160 2106 εὐτελοῦς
3192 2040 3388 2106 λέξεως
3418 2041 3662 2112 θησαυ-

370 2152 489 2189 tnus
534 2138 916 2206 interpretari,
967 2138 1268 2207 prwsertim
1300 2154 1423 2193 cum
1456 2138 1636 2194 littera
1678 2143 1867 2210 passin‘

2159 2162 2161 2170 π
2203 2141 2627 2211 ὲναποκείμενον
2670 2138 2828 2207 λόγον
2857 2136 2967 2209 (55)
2995 2135 3090 2189 τοῦ
3128 2135 3234 2187 ὑπὸ
3263 2133 3480 2187 πάντων
3515 2131 3656 2184 τῶν

369 2227 650 2295 quibusvis
684 2229 894 2298 legatur
918 2269 933 2293 ,
968 2229 1305 2297 verbumque
1334 2246 1430 2300 per
1458 2247 1645 2287 vocem
1688 2235 1866 2289 sensib

2161 2236 2483 2306 ιγχανόντων
2545 2230 3058 2301 ἀναγινωσκομένου
3116 2228 3467 2302 γράμματος,
3542 2223 3658 2276 καὶ

370 2316 726 2377 audiaturab
759 2318 1009 2373 omnibus
1044 2319 1134 2388 qui
1186 2319 1236 2389 7
1282 2322 1526 2375 auditum
1553 2324 1798 2391 praebent
1823 2338 1867 2378 ct

2192 2330 2409 2383 πάντων
2452 2326 2559 2381 τῶν
2589 2326 2935 2399 παρεχόντων
2967 2325 3066 2381 τὰς
3100 2319 3420 2393 σωματικὰς
3456 2317 3653 2379 ἀκοὰς

372 2408 661 2476 poralem?
694 2409 795 2475 Qui
848 2411 992 2464 enim
1048 2418 1306 2465 accurate
1342 2411 1784 2481 apprehensurus
1838 2431 1864 2469 s

2156 2423 2405 2494 υομένου,
2425 2419 2684 2490 αἰσθητοῦ
2708 2419 2795 2472 διὰ
2819 2417 3001 2488 φωνῆς
3022 2416 3204 2484 λόγου,
3232 2412 3481 2468 ἐκλαϐεῖν
3510 2412 3653 2464 κατ’

370 2515 498 2554 vere
547 2502 591 2556 is
635 2501 779 2557 dicat
821 2513 1076 2572 oportet:
1128 2503 1245 2558 Nos
1286 2514 1461 2557 autem
1495 2504 1693 2560 Christi
1736 2523 1867 2561 sentt

2157 2532 2203 2567 ιν
2230 2513 2567 2585 δυνηθῶμεν,
2588 2512 2640 2564 τί
2661 2511 2742 2563 δεῖ
2763 2511 2857 2563 καὶ
2870 2510 3047 2577 λέγειν
3068 2524 3084 2572 ;
3113 2506 3215 2559 Τὸν
3236 2507 3347 2577 γὰρ
3366 2504 3654 2576 μέλλοντα

371 2593 638 2660 habemus,
671 2604 729 2648 ut
755 2596 983 2649 sciamus
1003 2612 1120 2665 qua:
1149 2613 1180 2649 a
1211 2595 1315 2649 Deo
1344 2598 1539 2651 donata
1567 2608 1689 2653 sunt
1713 2601 1863 2654 nobis

2158 2626 2222 2661 τα
2251 2606 2497 2678 ἀκριϐῶς
2523 2604 2962 2674 καταλαμϐάνειν
2995 2600 3133 2672 μετά
3160 2598 3420 2671 ἀληθείας
3450 2598 3655 2649 εἰπεῖν

374 2687 526 2750 Quod
562 2701 688 2739 vero
717 2701 879 2741 ou.ne
909 2684 1316 2741 Testamentum
1349 2687 1555 2743 Novum
1589 2691 1662 2746 sit
1700 2690 1871 2761 Evan;

2190 2697 2382 2769 Ἡμεῖς
2409 2697 2478 2751 δὲ
2502 2696 2654 2751 νοῦν
2697 2695 2954 2764 Χριστοῦ
2985 2697 3223 2764 ἔχομεν,
3252 2693 3353 2746 ἵνα
3382 2689 3653 2759 εἰδῶμεν

373 2777 526 2836 lium.
583 2777 776 2832 adduci
818 2794 1107 2841 possumus
1136 2779 1203 2832 ad
1250 2782 1577 2837 credendum
1602 2799 1669 2839 ex
1720 2785 1805 2839 his
1831 2802 1862 2854 q

2158 2792 2257 2845 ὕπὸ
2286 2790 2390 2844 τοῦ
2415 2787 2563 2842 Θεοῦ
2598 2785 2955 2856 χαρισθέντα
2988 2785 3151 2855 ἡμῖν.
3189 2784 3349 2837 Ἐστι
3379 2782 3438 2835 δὲ
3467 2795 3655 2852 προσ-

375 2869 569 2924 l’aulus
600 2870 753 2935 dicit,
784 2870 1002 2939 quando
1053 2872 1248 2928 alicubi
1283 2875 1328 2905 "‘
1353 2876 1544 2929 scribit
1578 2893 1593 2930 :
1647 2876 1872 2931 Secunda

2159 2884 2283 2954 ἧναι
2329 2881 2437 2934 ἀπὸ
2477 2879 2585 2933 τῶν
2629 2879 2735 2933 ὑπὸ
2768 2877 2982 2931 Παύλου
3023 2875 3331 2947 λεγομένων
3376 2874 3511 2945 περὶ
3543 2868 3650 2924 τοῦ

374 2959 723 3029 Ecungelium
753 2980 946 3017 meum.
980 2964 1124 3019 Inter
1162 2967 1364 3036 scripta
1395 2969 1539 3022 enim
1572 2969 1729 3023 Pauli
1768 2971 1871 3024 nul]

2154 2994 2233 3031 raw
2259 2975 2357 3047 τὴν
2384 2973 2592 3045 Καινὴν
2622 2968 2757 3026 εἶναι
2783 2971 2852 3025 τὰ
2876 2969 3183 3040 Εὐαγγέλια
3209 2967 3344 3038 (54),
3374 2968 3505 3021 ὅταν
3533 2981 3651 3017 που

374 3062 552 3109 exsmt
577 3055 713 3110 liber
740 3058 828 3125 qui
854 3058 1033 3111 vocari
1062 3059 1407 3130 Evangelium
1438 3064 1810 3118 consueverit.
1842 3065 1871 3119 ε

2151 3068 2271 3137 ιφῃ·
2320 3066 2483 3120 Κατὰ
2535 3066 2599 3118 τὸ
2648 3062 3017 3134 Ε’ὺαγγέλιόν
3059 3078 3198 3131 μου·
3237 3063 3296 3113 ὲν
3340 3058 3648 3163 γράμμασι

376 3147 636 3217 quidquid
666 3148 752 3203 vel
802 3150 1123 3218 pra-dicavit
1154 3152 1239 3205 vel
1273 3152 1409 3207 dixit
1437 3164 1520 3208 est
1550 3154 1873 3226 Evangeliur

2139 3177 2164 3229 ρ
2188 3157 2401 3211 Παύλου
2424 3157 2523 3211 οὐκ
2553 3157 2749 3228 ἔχομεν
2781 3154 2983 3227 βιϐλίον
3017 3151 3346 3221 Εὑαγγὲλιον
3374 3148 3636 3219 συνήθως

376 3255 495 3308 quae
526 3256 653 3297 vero
687 3243 1006 3310 praedicavit
1030 3253 1086 3298 et
1113 3245 1288 3306 dixit.
1321 3247 1438 3300 haec
1471 3248 1637 3302 etiam
1688 3250 1873 3319 scripsi

2150 3249 2406 3320 .ούμενον.
2467 3248 2628 3302 Ἀλλά
2669 3250 2777 3300 πᾶν
2823 3246 2852 3299 ὃ
2897 3246 3167 3317 ἐκήρυσσε
3216 3242 3309 3296 καὶ¹
3351 3240 3530 3309 ἔλεγε,
3581 3238 3647 3291 τὸ

375 3347 505 3403 ergo
527 3348 594 3387 ex
614 3333 699 3389 his
718 3334 989 3405 colligitur
1011 3336 1182 3405 ipsius
1203 3338 1407 3405 scripta
1430 3340 1779 3410 Evangeliutn
1808 3360 1872 3398 es:

2150 3340 2386 3411 ιγγὲλιον
2408 3336 2495 3412 ἦν·
2531 3340 2567 3393 ἃ
2594 3340 2688 3392 καὶ
2718 3339 2988 3409 ἐκήρυσσε
3021 3337 3113 3388 καὶ
3132 3334 3305 3403 ἔλεγε,
3340 3332 3519 3386 ταῦτα
3546 3330 3647 3384 καὶ

378 3423 531 3489 Quod
585 3426 629 3479 si
679 3425 834 3480 Pauli
873 3428 1073 3496 scripta
1114 3438 1242 3483 sunt
1277 3429 1632 3501 Evangelium
1659 3474 1674 3496 .
1711 3438 1875 3504 protei

2147 3450 2293 3503 ιαφε·
2326 3433 2421 3486 καὶ
2458 3432 2494 3486 ἃ
2526 3431 2731 3501 ἔγραφε
2763 3432 2870 3501 ἄρα
2901 3428 3228 3496 Εύαγγέλιον
3256 3422 3348 3496 ἦν.
3386 3426 3452 3477 Εἰ
3477 3423 3537 3476 δὲ
3573 3423 3644 3474 τὰ

379 3518 519 3568 idem
550 3520 879 3572 censendum
910 3529 994 3574 est
1040 3520 1107 3574 de
1143 3519 1286 3576 Petri
1315 3522 1479 3576 etiam
1516 3526 1772 3592 scriptis;
1805 3537 1860 3582 et

2148 3526 2272 3578 ύλου
2298 3524 2627 3594 Εὑαγγέλιον
2659 3518 2748 3594 ἦν,
2782 3521 3073 3576 ἀκόλουθον
3102 3520 3303 3588 λέγειν,
3333 3518 3415 3571 ὅτι
3450 3517 3547 3569 καὶ
3574 3515 3644 3567 τὰ

380 3611 434 3663 iu
490 3610 803 3665 universum
851 3611 1083 3681 loquar,
1123 3614 1307 3668 omnia
1355 3629 1476 3682 quae
1530 3616 1701 3684 ipsius
1747 3619 1877 3673 Cltri

2148 3635 2267 3690 τρου
2288 3617 2617 3686 Εὐαγγέλιον
2641 3611 2730 3686 ἦν,
2753 3616 2846 3668 καὶ
2865 3610 3200 3679 ἁπαξαπλῶς
3224 3610 3293 3664 τὰ
3314 3608 3645 3662 συνιστάντα

379 3704 704 3759 continuant
732 3707 1051 3771 adventum,
1077 3716 1130 3762 et
1149 3723 1271 3778 quae
1299 3708 1578 3765 stabiliunt
1609 3713 1876 3781 praesenti:

2150 3728 2155 3754 ι
2177 3710 2413 3784 Χριστοῦ
2432 3709 2589 3781 ὲπιδη
2598 3709 2748 3779 μίαν,
2769 3708 2863 3761 καὶ
2882 3702 3356 3767 κατασκευάζοντα
3376 3702 3476 3772 τὴν
3500 3715 3647 3770 παρ-

381 3794 524 3849 illius
548 3836 565 3861 ,
595 3810 823 3868 quaeque
854 3798 1120 3856 inducunt
1172 3802 1341 3872 ipsam
1378 3803 1432 3856 in
1481 3803 1697 3858 animos
1730 3805 1878 3871 cupie

2148 3806 2244 3860 rtav
2286 3802 2474 3869 αὐτοῦ,
2513 3801 2844 3874 ἐμποιοῦντα
2875 3817 2936 3853 τε
2965 3797 3132 3869 αὐτὴν
3159 3800 3280 3860 ταῖς
3304 3797 3505 3866 ψυχαῖς
3532 3792 3645 3845 τῶν

381 3888 516 3941 tium
550 3890 828 3960 suscipere
852 3892 946 3947 Dei
974 3908 1304 3959 sermonem,
1334 3908 1568 3951 stantem
1598 3913 1696 3965 pro
1725 3898 1878 3953 l'oribt

2145 3898 2397 3970 ιλομένων
2423 3894 2828 3968 παραδέξασθαι
2849 3893 2939 3947 τὸν
2966 3891 3176 3945 ἑστῶτα
3201 3890 3294 3942 ἐπὶ
3317 3889 3415 3959 τὴν
3446 3887 3642 3973 θύραν,

379 3988 439 4032 et
466 3978 801 4050 pulsantem,
835 3993 890 4039 et
926 3985 1140 4055 ingredi
1168 3986 1437 4041 volentem
1488 3987 1541 4042 in
1569 3989 1801 4054 animas,
1831 4004 1876 4043 SI

2149 4034 2154 4046 .
2191 3990 2476 4064 κρούοντα,
2517 3989 2614 4042 καὶ
2640 3985 2900 4041 εἰσελθεῖν
2946 3983 3267 4055 βουλόμενον
3300 3983 3382 4045 εἰς
3408 3979 3510 4043 τὰς
3540 3979 3646 4050 ψυσ

384 4068 758 4141 Evangelium.

2059 4085 2161 4157 χὰς
2189 4083 2347 4151 λόγον
2378 4078 2533 4133 Θεοῦ.

457 4162 510 4216 7.
544 4164 650 4218 Sed
688 4174 897 4235 tempus
918 4164 1032 4234 jam
1061 4173 1146 4221 est
1176 4169 1491 4224 accuratius
1515 4172 1802 4240 exquirere
1826 4171 1954 4242 quid

2147 4174 2184 4226 l.
2219 4172 2285 4225 Τί
2316 4171 2374 4224 δὲ
2408 4168 2654 4240 βούλεται
2692 4167 2886 4240 δηλοῦν
2918 4168 2952 4239 ἡ
2990 4164 3323 4234 Εὐαγγὲλιον
3363 4181 3644 4236 προσηγο-

385 4272 491 4312 vox
518 4256 793 4325 Evangelii
829 4259 1119 4329 signiticet,
1148 4272 1203 4315 et
1229 4277 1394 4331 quare
1422 4264 1475 4317 hi
1506 4262 1626 4317 libri
1657 4264 1880 4332 inscript

2148 4306 2174 4329 .,
2210 4266 2305 4319 καὶ
2331 4261 2420 4316 διὰ
2446 4262 2500 4315 τί
2526 4260 2733 4333 ταύτην
2762 4259 2874 4331 ἔχει
2901 4258 3002 4331 τὴν
3024 4257 3349 4330 ἐπιγραφὴν
3368 4257 3545 4310 ταῦτα
3578 4257 3645 4310 τὰ

386 4366 507 4406 neut
554 4349 696 4405 hanc
739 4351 998 4408 habeant.
1035 4353 1129 4407 Est
1172 4354 1337 4423 igitur
1378 4355 1730 4425 Evangelium
1776 4372 1883 4411 seri

2149 4356 2262 4422 Ma,
2299 4355 2397 4427 ἤδη
2431 4355 2620 4427 καιρὸς
2657 4353 2930 4418 ἐξετάσαι.
2968 4354 3123 4406 Ἔστι
3154 4352 3333 4406 τοίνυν
3366 4351 3429 4404 τὸ
3466 4352 3646 4418 Εὐαγ-

384 4441 477 4509 qui
511 4456 691 4496 rerum
720 4445 971 4496 nuntium
1007 4445 1278 4511 continet,
1312 4462 1432 4515 qua:
1462 4449 1605 4516 quod
1636 4447 1797 4501 utiles
1825 4448 1881 4501 sit

2148 4461 2243 4497 ttov
2275 4443 2435 4512 λόγος
2462 4442 2732 4514 περιέχων
2757 4442 3099 4510 ἀπαγγελίαν
3126 4441 3468 4515 πραγμάτων
3502 4441 3645 4495 κατὰ

386 4532 501 4603 iure
527 4535 723 4591 merito
767 4535 1006 4590 laetitiam
1041 4537 1264 4602 pariunt
1307 4539 1566 4602 auditori,
1603 4538 1765 4593 simul
1792 4549 1880 4608 atq

2151 4536 2369 4606 εύλογον
2389 4535 2474 4590 διὰ
2497 4536 2558 4589 τὸ
2582 4536 2809 4606 ὠφελεῖν
2826 4535 3226 4608 εύφραινόντων
3242 4536 3332 4588 τὸν
3352 4536 3639 4600 ἀκούοντα,

388 4628 457 4678 ab
494 4626 611 4694 ipso
637 4627 873 4684 admissa
906 4629 1110 4684 fuerint
1149 4647 1271 4701 quae
1302 4631 1648 4687 nuntiantur.
1681 4631 1793 4688 Nec
1830 4649 1885 4689 ve

2145 4629 2203 4683 ἄν
2233 4626 2605 4701 παραδέξηται
2630 4629 2691 4681 τὸ
2713 4627 3205 4699 ἀπαγγελλόμενον*
3228 4627 3383 4681 οὐδὲν
3414 4627 3460 4680 δ’
3484 4624 3642 4698 ἦττον

388 4718 569 4773 minus
601 4720 722 4776 talis
744 4721 921 4776 oratio
950 4732 1034 4777 est
1062 4722 1415 4794 Evangelium
1437 4765 1453 4791 ,
1481 4725 1732 4794 quamvis
1760 4739 1825 4779 ex
1856 4725 1885 4778 h

2147 4719 2360 4783 ποιοῦντος
2383 4718 2543 4789 λόγος
2577 4718 2910 4789 Εὐαγγέλιόν
2938 4720 3106 4782 ἐστιν,
3142 4717 3209 4772 ἂν
3241 4718 3335 4772 καὶ
3359 4718 3473 4789 (55)
3512 4719 3644 4791 πρὸς

388 4806 501 4869 bitu
532 4809 801 4866 audientis
830 4812 1233 4882 perpendamr:
1264 4813 1371 4882 vel,
1403 4812 1752 4883 Evangeliutn
1780 4830 1885 4870 orat

2144 4832 2163 4867 ν
2199 4813 2383 4885 σχέσιν
2416 4814 2510 4867 τοῦ
2545 4812 2833 4876 ἀκούοντος
2862 4810 3205 4883 ἐξετάζηται⁸
3242 4811 3273 4882 ἢ
3312 4809 3641 4881 Εὐαγγέλιόν

456 4921 504 4954 ”
523 4921 680 4979 Joan.
715 4938 828 4989 xu,
856 4922 947 4978 9.6.
1021 4924 1067 4956 ἰθ
1091 4923 1268 4981 Galat.
1304 4941 1364 4989 tt,
1395 4926 1484 4980 20.
1563 4926 1604 4958 “
1639 4925 1806 4981 lCor.
1836 4941 1899 4987 ιι,
1931 4927 1951 4980 l

1159 4925 1268 4981 dat.
1304 4941 1364 4989 tt,
1395 4926 1484 4980 20.
1563 4926 1604 4958 “
1639 4925 1806 4981 lCor.
1836 4941 1899 4987 tt.
1931 4927 2019 4995 12,
2052 4929 2139 4981 lli.
2218 4928 2262 4960 ’δ’
2286 4928 2446 4982 Rom.
2480 4943 2541 4992 ll,
2577 4929 2656 4980 l6.

459 5016 570 5088 (5‘2)
597 5018 759 5072 Κατὰ
782 5019 923 5084 τοὺς
949 5017 1130 5089 ὑγιῶς
1178 5020 1309 5087 περὶ
1343 5016 1530 5087 αὐτῆς
1580 5016 1956 5089 δοξᾴζοντας.

2142 5035 2260 5074 :res.
2287 5033 2517 5078 Lxxvm.
2557 5016 2763 5089 cap._i.
2813 5016 2942 5089 Post
2997 5014 3423 5089 A_polli_n_arium_
3449 5015 3639 5089 eadem

388 5083 524 5146 Tum
553 5083 624 5143 ex
656 5092 758 5144 hoc
786 5083 924 5152 loco,
949 5083 1065 5142 tum
1096 5083 1163 5142 ex
1214 5083 1280 5143 iis
1320 5106 1440 5158 qua:
1480 5083 1649 5144 habet
1671 5083 1675 5084 ί
1699 5083 1963 5155 Origenes
2066 5090 2291 5145 vesania
2320 5083 2642 5158 laborarunt
2683 5087 2999 5158 Eunomius,
3033 5084 3335 5158 Helvidius,
3396 5083 3642 5158 Iovinia-

391 5175 524 5216 totn.
556 5175 608 5213 XI
639 5162 694 5214 in
728 5159 1043 5214 Matthazum
1073 5168 1128 5212 et
1154 5155 1423 5213 homilia'i
1452 5160 1505 5213 in
1540 5158 1758 5224 Lucam,
1792 5160 1963 5228 liquet
2066 5176 2169 5214 nus
2191 5170 2245 5214 et
2272 5160 2534 5214 Bonosus.
2566 5157 2673 5210 Sed
2703 5158 2843 5211 hanc
2876 5157 3123 5228 haeresim
3153 5155 3431 5210 luculento
3451 5157 3641 5212 adver-

391 5234 567 5299 ipsum
599 5245 697 5300 pro
733 5228 1082 5285 heterodoxis
1119 5230 1376 5300 habuisse
1410 5246 1505 5284 eos
1535 5231 1624 5297 qui
1648 5227 1960 5298 perpetuam
2065 5246 2159 5287 sus
2194 5230 2499 5283 Helvidium
2531 5242 2697 5295 opere
2724 5228 2986 5282 contrivit
3010 5227 3396 5297 Hieronymus.

391 5303 471 5387 .M“
481 5303 574 5392 τίὲ
584 5299 851 5392 έξίτὲίεθίέ²
858 5309 970 5392 ‘3“.
979 5301 1304 5392 ,Ἶθηδέἓὲίέίέξει
1319 5299 1346 5392 ,ί
1355 5316 1386 5392 ἶὲ
1395 5384 1417 5392 -
1432 5313 1530 5392 ίῗίῖ,
1541 5309 1702 5392 ἓῗῖἷθ
1733 5315 1888 5392 ΞῙΤὛ

1687 5314 1702 5353 3
1733 5315 1962 5392 ἔπρηξε)
2137 5322 2249 5392 (35)
2278 5323 2494 5390 Λόγον.
2520 5319 2686 5374 Forte
2717 5319 3003 5389 legendum
3034 5317 3184 5376 νοῦν.

390 5369 835 5453 ίεηιιμίιιιειέείυες
866 5369 1962 5453 τυὲεξβτετειξιιίθιεμε
2139 5369 3262 5453 az.:a'g...;.;.;.',:,;'".;;;.;;..;;1...
3308 5411 3368 5453 ,ελ

392 5410 600 5498 ξιιῖὃιωε
634 5442 764 5497 locis
799 5411 1129 5511 p’rodidisse,
1155 5442 1294 5496 libro
1322 5439 1399 5511 De
1430 5410 1787 5506 monogamia,
1834 5410 1889 5492 c3

2147 5414 2361 5511 [3421.Τά
2396 5412 2752 5511 Eua-rrum.
2797 5410 3262 5511 Ferrarilusklegit
3308 5411 3368 5499 τρ
3406 5411 3644 5511 Εξιαγγὲ-

393 5517 447 5572 8,
468 5524 522 5565 et
545 5481 639 5567 liii.
676 5512 754 5566 De
784 5481 939 5566 c'crne
977 5483 1196 5576 Christi,
1223 5526 1345 5578 cap.
1375 5509 1433 5575 7;
1458 5511 1552 5564 sed
1579 5481 1831 5569 gbscur’e.
1864 5527 1890 5563 ιι

2145 5481 2211 5578 (v.1
2232 5481 2398 5573 Pau’lo
2420 5481 2543 5578 post
2564 5481 2733 5578 nosHi
2763 5483 2996 5578 ειυςιὶυεὶ
3016 5481 3226 5578 habent
3238 5482 3422 5578 ’τοοίἒκι
3450 5482 3642 5553 ἔχομεν

396 5551 426 5565 ν
469 5551 639 5567 υ.
676 5551 753 5566 νυ
784 5551 938 5566 πη...
981 5551 1169 5566 mm...
1223 5551 1284 5565 ν..
1331 5551 1345 5564 .
1384 5551 1396 5561 .
1458 5551 1552 5564 νυ..
1580 5551 1831 5569 πηνα..
1864 5551 1893 5563 ..

396 5551 528 5634 “ius
554 5594 757 5651 aperte.
787 5586 854 5637 At
878 5583 1025 5637 clare
1049 5551 1331 5637 eutn'cut'n
1370 5553 1490 5633 aliis
1553 5581 1829 5648 professus
1875 5596 1893 5635 ε

2072 5557 2272 5628 βιϐλίον
2303 5551 2640 5622 εὐαγγέλιον.
2664 5551 2843 5607 ﬂuetii
2868 5553 3037 5607 editio
3068 5552 3257 5607 omisit
3280 5551 3503 5622 βιϐλίον.

398 5643 783 5721 Apollinarius,
816 5663 956 5708 teste
993 5653 1318 5723 Epiphanio,
1354 5653 1445 5719 qui
1498 5643 1961 5723 Autidicumaria-
2142 5647 2251 5718 (55)
2290 5646 2514 5723 Ἕστεγ,
2554 5645 2631 5723 ξίν
2656 5645 2773 5699 καί.
2801 5643 2927 5701 ΙΙωο
2964 5646 3161 5701 desunt
3187 5643 3240 5698 in
3272 5643 3461 5699 codice
3487 5655 3641 5714 quem

398 5731 542 5781 tutas
573 5737 668 5777 eos
712 5714 1055 5795 appellabat,
1097 5714 1287 5779 iueres.
1336 5714 1540 5789 Lixvtt,
1593 5736 1713 5793 cap.
1758 5720 1850 5789 26,
1907 5729 1962 5775 et
2070 5714 2291 5775 scentus
2321 5726 2406 5773 est
2436 5714 2686 5771 liuetius.
