3792 6146
104 247 163 300 ισ
1188 251 1557 309 COM.\lENT.’
1585 248 1652 306 IN
1689 247 1882 308 JOAN.
1920 247 2159 308 'touvs
2194 253 2236 309 ι.
2760 219 2769 227 ’
3226 256 3227 259 ‘
3290 244 3360 312 si.

103 362 203 416 ἐστι
227 359 397 430 λόγος
443 366 718 437 περιέχων
752 366 965 437 ἀγαθοῦ
1005 368 1083 440 τῷ
1136 369 1446 423 πιστεύοντι
1480 387 1688 441 παρου-
1719 417 1724 428 .

1793 380 1894 438 est,
1920 369 2206 424 continens
2234 367 2358 424 boni
2388 371 2732 439 praesentiam
2758 369 3062 442 cuicunque
3080 373 3353 429 credenti:

102 452 204 505 σειν
230 454 265 524 ἢ
311 454 482 524 λόγος
508 458 990 530 ἐπαγγελλόμενος
1024 464 1277 532 παρεῖναι
1307 462 1367 514 τὸ
1396 461 1598 530 ἀγαθὸν
1628 463 1688 515 τὸ

98 544 571 619 προδοκὼμενον.
601 551 813 616 Πάντες
838 552 898 606 δὲ
921 555 970 605 οἱ
994 552 1106 625 (56)
1134 555 1522 626 προειρημένοι
1554 556 1688 625 ἡμῖν

92 635 201 707 ὅροι
222 636 345 706 (37)
386 640 772 712 ἐφαρμόζουσι
795 645 912 707 τοῖς
946 645 1409 717 ἐπιγραφομένοις
1446 647 1689 715 Εὑαγγεο

93 725 235 788 irier:
272 727 525 784 ἕκαστον
546 732 656 803 γὰρ
691 734 1025 803 Εὐαγγέλιον
1064 735 1317 807 σύστημα
1344 736 1686 806 ἀπαγγελλο-

96 819 263 887 μένων
291 820 612 894 ὠφελίμων
647 825 725 896 τῷ
753 826 1084 891 πιστεύοντι,
1124 827 1218 881 καὶ
1245 827 1322 898 μὴ
1347 828 1685 899 παρεκδεξα-

93 910 248 979 μένῳ,
272 914 567 984 τυγχάνον
595 915 868 985 ὠφέλειαν
891 917 1175 989 ἐμποιοῦν,
1209 919 1350 972 κατά
1378 919 1439 973 τὸ
1466 919 1686 990 εὔλογον

90 1004 383 1074 ιΰφραίνει
411 1008 663 1063 διδάσκον
679 1010 785 1084 τὴν
801 1011 867 1064 δι’
887 1009 1206 1084 ἀνθρώπους
1221 1010 1317 1065 τοῦ
1340 1014 1685 1085 πρωτοτόκου

90 1095 265 1163 πάσης
338 1098 584 1164 κτίσεως
631 1102 873 1173 Χριστοῦ
938 1102 1114 1172 Ἰησοῦ
1170 1104 1437 1175 σωτήριον
1499 1106 1686 1170 αὐτοῖς

87 1186 239 1256 ἑπιδη
250 1188 419 1257 μίαν.
469 1190 635 1245 Ἀλλά
657 1193 752 1245 καὶ
771 1192 851 1245 ὅτι
878 1192 1034 1262 λόγος
1064 1195 1214 1249 ἐστὶν
1237 1195 1466 1251 ἕκαστον
1505 1198 1685 1267 Εὐαγ-

88 1278 262 1343 γέλιον
296 1280 581 1336 διδάσκων
613 1284 714 1355 τὴν
741 1284 837 1337 τοῦ
861 1285 1067 1355 ἀγαθοῦ
1090 1286 1302 1358 Πατρὸς
1334 1289 1393 1340 ἐν
1427 1289 1541 1358 Υἱῷ
1572 1293 1686 1355 τοῖς

90 1367 447 1439 βαλλομένοις
487 1372 899 1445 παραδέξασθαι
934 1376 1253 1447 ἐπιδημίαν,
1292 1379 1453 1431 παντὶ
1484 1379 1563 1449 τῷ
1595 1398 1685 1433 πι-

90 1461 336 1514 στεόοντι
375 1464 579 1533 σαφές
609 1466 690 1518 ὅτι
710 1466 765 1519 δὲ
790 1467 885 1521 καὶ
916 1468 1120 1537 ἀγαθὸν
1153 1469 1550 1538 ἐπαγγέλλεται
1596 1473 1686 1527 διὰ

91 1551 193 1604 τῶν
238 1552 478 1623 βιϐλίων
533 1555 739 1610 τούτων
783 1558 843 1612 τὸ
888 1560 1257 1632 προσδοκηθὲν
1303 1563 1405 1616 οὐκ
1451 1564 1679 1634 ἀσαφές·

92 1645 428 1717 σχεῶνγάρ
468 1648 501 1699 6
542 1648 851 1721 Βαπτιστὴς
913 1652 1162 1724 Ἰωάννης
1201 1654 1299 1725 τὴν
1349 1657 1550 1721 παντὸς
1586 1659 1682 1714 τοῦ

91 1737 215 1791 λαοῦ
243 1738 442 1791 λαβὼν
495 1743 679 1813 φωνήν
709 1758 842 1813 φησι
880 1744 1105 1814 πέμψας
1136 1745 1215 1816 τῷ
1256 1747 1455 1818 Ἰησοῦ·
1515 1751 1600 1805 Σὺ
1632 1753 1688 1806 εἴ

89 1832 122 1881 ὁ
149 1830 519 1899 ἐρχόμενος,
563 1832 604 1901 ἣ
632 1831 840 1899 ἕτερον
869 1834 1321 1905 προσδοκῶμεν;
1368 1839 1686 1909 Προσδοκῶ-

93 1935 250 1988 μενον
275 1919 398 1990 γὰρ
425 1920 636 1988 ἀγαθὸν
658 1920 736 1992 τῷ
761 1921 876 1992 λαῷ
905 1923 934 1974 6
962 1924 1195 1994 Χριστὸς
1218 1921 1308 1997 ἦν,
1341 1929 1468 1999 περὶ
1495 1921 1556 1980 οὗ
1587 1947 1687 2000 κη-

92 2012 415 2082 ρυσσόντων
451 2012 563 2066 τῶν
596 2014 912 2085 προφητῶν,
955 2015 1117 2087 μέχρι
1145 2020 1241 2072 καὶ
1270 2019 1381 2073 τῶν
1415 2022 1685 2093 τυχόντων

95 2103 294 2168 πάντες
330 2105 419 2167 εἰς
465 2104 628 2157 αὐτὸν
665 2104 821 2175 ἔσχον
841 2109 889 2158 οἱ
922 2107 1029 2159 ὑπὸ
1068 2108 1230 2179 νόμον
1260 2111 1355 2164 καὶ
1402 2114 1685 2184 προφήτας

96 2197 192 2259 si;
225 2196 485 2261 ἐλπίδας,
534 2196 610 2261 ὡς
664 2201 999 2270 μαμυρείὴ
1049 2199 1379 2273 ὢμαρεῖτις
1431 2203 1682 2272 λέγουσα·

95 2286 256 2353 Οἶδα,
288 2289 384 2343 ὅτι
419 2291 700 2356 Μεσσίας
729 2291 965 2360 ἔρχεται
993 2294 1028 2345 ὁ
1059 2295 1386 2363 λεγόμενος
1408 2298 1682 2365 Χριστός·

102 2383 286 2435 Ὅταν
339 2381 496 2451 ἔλθῃ
549 2382 800 2449 ἐκεῖνος,
848 2384 1179 2456 ἀπαγγελεῖ
1226 2386 1374 2456 ἡμῖν
1428 2388 1683 2442 ἅπαντα.

112 2472 269 2528 Ἀλλὰ
331 2475 437 2529 καὶ
491 2475 676 2547 Σίμων
720 2477 816 2530 καὶ
861 2476 1130 2544 Κλεόπας,
1175 2479 1490 2549 ὁμιλοῦντες
1549 2481 1687 2552 πρὸς

104 2566 368 2637 ἀλλήλους
402 2568 535 2637 περὶ
558 2568 775 2622 πάντων
800 2568 908 2621 τῶν
944 2569 1366 2641 συμϐεϐηκότων
1390 2571 1468 2642 τῷ
1510 2574 1685 2645 Ἰησοῦ

105 2658 249 2729 αὖτῷ
287 2660 375 2730 τῷ
424 2657 648 2731 Χριστῷ
694 2660 1010 2724 ἀναστάντι,
1065 2662 1279 2716 οὐδέπω
1326 2663 1687 2732 γινώσκοντες

106 2752 403 2822 ἐγηγέρθαι
439 2752 602 2805 αὐτὸν
634 2754 700 2806 ἐκ
731 2753 938 2825 νεκρῶν
963 2771 1123 2823 φασιο
1161 2756 1245 2809 Σὺ
1267 2758 1455 2825 μόνος
1481 2773 1687 2827 παροι-

110 2844 226 2910 κεῖς
253 2844 326 2897 ἐν
364 2845 786 2914 Ἰερουσαλὴμ,
818 2846 917 2899 καὶ
943 2848 1054 2900 οὐκ
1082 2847 1269 2916 ἔγνως
1292 2849 1366 2904 τὰ
1397 2853 1689 2920 γενόμενα

108 2936 173 2987 ἐν
204 2934 365 3003 αὐτῇ
398 2937 471 2988 ἐν
519 2934 651 3000 ταῖς
682 2934 930 3005 ἡμέραις
960 2938 1239 3003 ταύταις;
1273 2940 1567 3007 Εἰπόντος
1596 2940 1686 3006 δὲ,

1789 460 1891 523 vel,
1926 460 2105 515 oratio
2149 457 2423 514 aﬂirmans
2450 462 2643 516 adesse
2672 463 2873 517 bonum
2899 465 3040 532 quod
3071 475 3360 535 exspecta-

1787 551 1967 606 batur.
2000 550 2203 607 Omnes
2235 559 2414 606 autem
2447 566 2584 621 quas
2630 555 2981 622 praediximus
3013 556 3362 611 definitiones

1790 642 1857 698 iis
1904 643 2238 697 conveniunt
2269 658 2390 711 qua:
2438 644 2811 698 inscribuntur
2852 646 3184 717 Evangelia:
3232 664 3358 704 cum

1790 730 1933 784 enim
1983 733 2408 801 unumquodque
2463 732 2813 803 Evangelinm
2887 735 2958 789 sit
3012 740 3363 793 coacervatio

1790 821 2103 875 nuntiorum
2144 821 2355 875 utilium
2407 822 2455 876 ei
2511 822 2603 892 qui
2650 824 2807 877 tidem
2852 823 3143 897 adiungit,
3185 842 3361 897 neque

1787 924 1988 980 prtrter
2037 928 2352 983 germanam
2388 914 2672 968 scientiam
2717 916 2996 984 intelligit,
3048 928 3103 973 et
3148 920 3355 975 emolu-

1793 1014 2037 1058 mentum
2075 1003 2286 1070 all'erat,
2314 1005 2442 1075 jure
2476 1008 2670 1060 merito
2695 1006 2936 1062 ltetitiam
2970 1011 3130 1078 parit.
3161 1012 3360 1066 docens

1790 1095 1961 1148 saluta
1972 1109 2081 1149 rem
2100 1096 2388 1150 adventum
2408 1098 2471 1149 ad
2490 1097 2758 1162 homines,
2777 1108 2830 1153 et
2853 1112 3071 1171 propter
3089 1103 3359 1168 homines,

1790 1184 2133 1254 primogeniti
2181 1186 2359 1240 onmis
2387 1197 2670 1251 creaturae,
2721 1204 2919 1259 nempe
2966 1189 3092 1246 Jesu
3134 1193 3357 1248 Christi.

1788 1273 1926 1339 Quin
1986 1277 2151 1330 etiam
2205 1280 2350 1346 quod
2415 1279 2764 1349 Evangelium
2819 1286 3242 1355 unumquodque
3291 1287 3360 1339 sit

1787 1366 1986 1430 oratio,
2018 1368 2221 1422 docens
2250 1368 2372 1422 boni
2400 1368 2578 1425 Patris
2603 1373 2654 1425 in
2689 1372 2825 1427 Filio
2854 1376 3143 1429 adventqu
3168 1379 3232 1431 ad
3262 1393 3356 1429 vo-

1789 1456 1959 1511 lentes
1988 1473 2110 1512 eum
2139 1461 2395 1530 excipere
2424 1502 2441 1527 ,
2473 1465 2719 1519 credenti
2762 1466 2983 1521 cuilibet
3017 1469 3357 1539 perspicuum

1787 1556 1892 1602 est.
1922 1549 2079 1615 Quod
2107 1558 2288 1604 autem
2318 1562 2692 1620 exspectatum
2716 1555 2880 1609 etiam
2908 1555 3106 1612 bonum
3137 1575 3233 1629 per
3262 1561 3362 1617 hos

1787 1637 1956 1693 libros
1987 1640 2321 1709 promittitur
2341 1681 2356 1706 ,
2384 1657 2491 1696 non
2529 1655 2613 1697 est
2639 1643 2960 1699 obscurum:
3000 1650 3166 1703 totius
3201 1668 3356 1705 nam-

1787 1744 1893 1798 que
1919 1731 2101 1800 populi
2130 1730 2246 1787 fere
2276 1747 2371 1788 ore
2405 1734 2631 1804 loquens
2655 1736 2897 1805 Baptista
2924 1737 3164 1795 Joannes
3196 1744 3248 1796 in
3281 1745 3358 1798 le-

1786 1822 2005 1891 gatione
2031 1823 2099 1878 ad
2129 1821 2313 1877 Jesum
2348 1826 2510 1880 missa
2544 1829 2621 1881 ait
2640 1827 2718 1882 ”:
2765 1828 2911 1882 Num
2953 1844 3008 1884 tu
3040 1849 3095 1886 es
3123 1834 3213 1889 ille
3242 1853 3359 1890 ven—

1787 1926 1936 1969 tums
1961 1955 1977 1978 ,
2020 1933 2090 1969 an
2138 1917 2304 1970 alium
2357 1929 2714 1988 exspectamus
2738 1921 2764 1975 Ρ
2796 1922 3181 1993 Esspectatum
3214 1928 3358 1983 enim

1788 2024 1817 2060 a
1851 2007 2046 2076 popqu
2080 2008 2303 2072 bonum,
2333 2007 2493 2065 Jesus
2530 2021 2682 2075 erat;
2725 2012 2791 2067 de
2819 2027 2927 2082 quo
2958 2016 3239 2083 prophetis
3264 2034 3362 2071 an-

1788 2099 2192 2164 nuntiantibus,
2222 2099 2281 2170 8
2302 2102 2468 2156 etiam
2500 2116 2531 2156 e
2559 2102 2721 2173 vulgo
2750 2105 2979 2174 quilibet
2999 2106 3244 2163 homines
3267 2113 3355 2179 qui

1787 2191 1887 2245 sub
1915 2190 2031 2258 lege
2057 2200 2113 2246 et
2142 2193 2422 2262 prophetis
2451 2204 2652 2260 erant,
2682 2195 2735 2249 in
2767 2211 2833 2251 eo
2860 2212 3008 2265 spem
3045 2198 3316 2254 habebant
3341 2219 3356 2263 ;

1789 2283 2115 2337 Samaritide
2148 2283 2239 2336 illa
2273 2283 2374 2339 hoc
2407 2294 2643 2340 testante
2673 2297 2838 2356 atque
2863 2288 3081 2344 dicente
3109 2289 3184 2345 ἰιι
3226 2290 3358 2346 Νυνὶ

1788 2375 1928 2443 quod
1974 2373 2195 2430 Messias
2222 2376 2355 2429 t'enit
2377 2414 2393 2439 ,
2421 2377 2514 2443 qui
2546 2377 2744 2431 dicitur
2776 2378 3040 2437 Christus.
3070 2382 3203 2436 Cum
3237 2400 3360 2452 ergo

1788 2471 1987 2522 venerit
2017 2471 2106 2523 ille
2130 2509 2146 2535 ,
2179 2472 2326 2524 nobis
2365 2473 2629 2527 nuntiabit
2666 2476 2860 2527 omnia.
2914 2474 3052 2542 Quin
3087 2486 3137 2530 et
3172 2476 3358 2531 Simon

1789 2570 1845 2616 et
1871 2560 2124 2631 Cleopas,
2155 2562 2297 2616 inter
2324 2579 2382 2617 se
2410 2580 2694 2622 sermones
2718 2567 3063 2623 conferentes
3092 2571 3159 2625 de
3187 2572 3362 2625 omni-

1788 2653 1889 2709 bus
1909 2670 2028 2725 qua:
2058 2655 2160 2724 ipsi
2188 2653 2313 2710 Jesu
2335 2656 2573 2721 Christo,
2595 2659 2687 2727 qui
2710 2672 3105 2725 resurrexerat,
3135 2665 3362 2719 accidis-

1788 2754 1931 2812 sent,
1955 2748 2193 2800 nondum
2220 2747 2391 2816 ipsum
2415 2764 2446 2800 e
2471 2751 2704 2804 mortuis
2726 2753 2960 2806 excitum
2994 2753 3163 2808 fuisse
3192 2757 3363 2809 scien-

1791 2845 1895 2900 tes,
1915 2836 2163 2905 inquiunt
2187 2836 2262 2890 ":
2294 2835 2371 2891 Tu
2395 2838 2537 2893 solus
2563 2844 2863 2911 peregrinus
2884 2859 2937 2896 es
2960 2842 3361 2914 Hierosolymis,

1790 2944 1952 2997 neque
2005 2929 2287 2996 cognovisti
2336 2946 2453 2998 qua:
2499 2930 2640 2999 facta
2675 2943 2797 2985 sunt
2849 2934 3078 2987 illicitis
3127 2936 3308 2988 diebus
3338 2937 3365 2990 ιθ

113 3025 291 3090 licia;
316 3027 770 3096 ἀποκρίνονται,
819 3027 895 3081 Τὰ
925 3028 1060 3097 περὶ
1110 3029 1303 3097 Ἰησοῦ
1344 3030 1450 3085 τοῦ
1500 3031 1686 3093 Ναζα-
1715 3060 1724 3104 ε

1793 3017 2024 3088 Cumque
2052 3019 2140 3073 ille
2166 3021 2416 3082 dixisset,
2468 3020 2643 3085 Qum?
2671 3024 3048 3090 responderunt
3074 3064 3090 3089 ,
3132 3024 3203 3079 De
3229 3024 3356 3079 Jesu

108 3119 311 3187 ρηνυῦ,
352 3120 425 3186 ὃς
471 3118 710 3187 ἐγένετο
752 3121 909 3189 ἀνὴρ
951 3121 1280 3190 προφήτης,
1320 3123 1579 3191 δυνατὸς
1618 3125 1688 3179 ἐν

115 3209 257 3279 ἔργῳ
297 3210 402 3265 καί
446 3211 614 3280 λόγῳ
642 3210 921 3264 ἐναντίον
961 3211 1068 3264 τοῦ
1124 3212 1273 3266 Θεοῦ
1316 3215 1415 3267 καὶ
1462 3216 1687 3281 παντὸς

120 3304 214 3357 τοῦ
237 3305 415 3370 λαοῦ,
442 3303 608 3369 ὅπως
636 3319 700 3357 τε
729 3303 1081 3371 παρέδωκαν
1107 3306 1294 3360 αὐτὸν
1317 3310 1371 3360 οι
1396 3307 1690 3379 ἀρχιερεῖς

120 3396 209 3448 καὶ
251 3400 308 3450 οἱ
350 3395 644 3466 ἄρχοντες
686 3395 864 3465 ἡμῶν
902 3398 991 3462 εὶς
1040 3397 1219 3467 κρῖμα
1264 3400 1545 3467 θανάτου,
1589 3402 1688 3454 καὶ

120 3486 504 3555 ἐσταύρωσαν
559 3488 772 3541 αὐτόν.
840 3486 1040 3556 Ἡμεῖς
1089 3486 1159 3540 δὲ
1200 3486 1547 3558 ἠλπίζομεν,
1602 3489 1691 3543 ὅτι

120 3582 293 3647 αὐτός
318 3581 495 3634 ἐστιν
520 3582 555 3634 ό
583 3579 827 3648 μέλλων
871 3580 1238 3647 λυτροῦσθαι
1267 3581 1376 3635 τὸν
1431 3582 1686 3650 Ἰσραήλ.

124 3673 257 3744 Πρὸς
277 3672 494 3736 τούτοις
545 3672 803 3742 Ἀνδρέας
843 3675 873 3727 6
908 3673 1133 3741 ἀδελφὸς
1184 3674 1426 3745 Σίμωνος
1456 3676 1688 3749 Πέτρου,

121 3765 284 3834 εὑρὼν
318 3766 415 3818 τὸν
452 3765 683 3835 ἀδελφὸν
713 3766 805 3818 τὸν
837 3765 970 3819 ἴδιον
1007 3767 1245 3837 Σίμωνα,
1280 3766 1427 3836 λέγει
1452 3785 1465 3798 ο
1496 3770 1689 3837 Εὑρή-

124 3874 299 3927 καμεν
338 3858 447 3913 τόν
485 3858 786 3921 Μεσσίαν,
824 3857 860 3910 ὅ
886 3858 1040 3921 ἐστι,
1075 3860 1688 3928 μεθερμηνευόμενον,

123 3949 386 4015 Χριστός.
433 3947 548 4002 Kal
601 3950 717 4019 μετ’
760 3948 917 4017 ὀλίγα
962 3950 991 4002 ὁ
1036 3949 1325 4013 Φίλιππος,
1378 3950 1554 4022 εὑρὼν
1600 3953 1691 4005 τὸν

126 4038 430 4110 Ναθαναὴλ,
454 4039 603 4108 λέγει
629 4037 778 4109 αὐτῷ
794 4056 809 4069 θ
851 4042 959 4094 Ὃν
980 4040 1205 4110 ἔγραψε
1232 4040 1495 4109 Μωῦσῆς
1519 4042 1589 4096 ἐν
1612 4042 1693 4108 τῷ

122 4132 271 4199 νόμῳ
300 4130 405 4185 καὶ
454 4133 509 4184 οἱ
553 4130 870 4199 προφῆται,
915 4132 1256 4201 εὑρήκαμεν
1300 4130 1407 4186 τὸν
1458 4132 1694 4201 Ἰησοῦν

126 4224 220 4277 τὸν
244 4223 389 4279 υιόν
415 4223 523 4277 τοῦ
570 4224 791 4292 Ἰωσὴφ
819 4222 927 4277 τὸν
956 4224 1074 4278 ἀπὸ
1099 4223 1378 4292 Ναζαρέτ.

185 4317 234 4371 8.
291 4314 456 4381 Δόξαι
491 4315 536 4369 δ’
580 4315 647 4370 ἀν
682 4332 770 4379 τις
815 4316 1129 4370 ἐνίστασθαι
1178 4314 1257 4386 τῷ
1301 4315 1504 4388 πρώτῳ
1558 4317 1688 4387 ὅρῳ,

1791 3110 2076 3165 Nazarene
2105 3151 2120 3174 ,
2149 3113 2240 3178 qui
2285 3111 2385 3180 fuit
2424 3111 2502 3165 vir
2545 3110 2809 3181 Propheta
2840 3154 2855 3179 ,
2894 3127 3077 3182 potens
3123 3133 3272 3184 opere
3312 3129 3361 3169 et

1789 3218 2026 3256 sermone
2051 3219 2230 3256 coram
2272 3204 2389 3277 Deo
2407 3214 2458 3258 et
2494 3216 2601 3258 toto
2627 3205 2819 3275 populo
2844 3222 2865 3261 :
2896 3219 2943 3261 et
2971 3210 3228 3276 quomodo
3251 3216 3361 3267 tra-

1789 3295 2033 3348 dideruut
2061 3311 2177 3348 eum
2206 3298 2400 3351 summi
2430 3298 2729 3352 sacerdotes
2756 3311 2803 3352 et
2831 3300 3089 3367 principes
3113 3303 3277 3355 nostri
3304 3301 3361 3356 in

1792 3387 2272 3441 condemnationem
2316 3389 2528 3453 mortis,
2566 3399 2614 3445 et
2646 3390 3019 3459 cruciﬁxerunt
3060 3409 3200 3451 eum.
3249 3392 3363 3446 Nos

1791 3492 1962 3532 autem
2004 3481 2340 3546 sperabamus
2381 3498 2497 3536 eum
2532 3499 2642 3536 esse
2674 3485 2827 3538 illuni
2864 3485 2954 3555 qui
2999 3487 3362 3555 redempturus

1790 3584 1922 3627 esset
1951 3575 2143 3629 Israel.
2178 3574 2258 3629 Ad
2292 3576 2403 3629 ha‘c
2436 3575 2697 3640 Andreas,
2731 3575 2901 3630 frater
2934 3577 3171 3632 Simonis
3193 3577 3359 3638 Petri,

1793 3673 2008 3733 reperto
2038 3664 2208 3719 fratre
2229 3681 2326 3719 suo
2359 3667 2602 3732 Simone,
2636 3667 2865 3724 dicit“:
2898 3664 3198 3722 Invenimus
3233 3669 3365 3723 Hes.

1789 3757 1926 3810 siam
1960 3757 2099 3825 quod
2130 3766 2245 3822 est,
2294 3759 2339 3810 si
2390 3759 2746 3827 interpreteris
2773 3800 2789 3824 ,
2822 3758 3083 3814 Christus.
3117 3759 3363 3829 Cumque

1791 3848 1953 3916 paulo
1980 3860 2103 3918 post
2135 3848 2415 3919 Philippus
2451 3853 2745 3920 reperisset
2772 3851 3195 3922 Nathanaelom,
3232 3855 3366 3909 dicit

1793 3938 1871 3992 illi
1907 3938 1985 3991 *τε
2021 3938 2098 3992 De
2130 3956 2232 4007 quo
2266 3939 2474 4005 scripsit
2504 3938 2717 4011 Moyses
2749 3944 2805 3996 in
2839 3943 2968 4011 lege,
2995 3950 3045 3996 et
3076 3945 3362 4012 prapltetw,

1793 4028 2078 4082 invenimus
2105 4027 2288 4083 Jesum
2320 4029 2490 4096 ﬁlium
2520 4028 2716 4102 Jaseplt
2750 4030 3118 4087 Nazarenam.

1863 4310 1918 4366 8.
1953 4308 2109 4376 Quod
2140 4309 2187 4364 si
2222 4308 2347 4379 quis
2380 4323 2681 4379 repugnare
2709 4309 2841 4363 velit
2873 4309 3064 4379 primae
3093 4309 3363 4365 delinitio-

129 4410 236 4462 ἐπεὶ
284 4409 387 4463 καὶ
432 4408 504 4462 τὰ
560 4408 638 4481 μὴ
698 4407 1155 4479 ἐπιγεγραμμένα
1202 4407 1512 4477 Εὐαγγέλια
1557 4408 1691 4463 ὑπο-

1798 4402 1876 4466 ηἱ,
1912 4403 2043 4470 quia
2082 4403 2284 4455 cadant
2320 4410 2377 4455 et
2406 4401 2511 4454 alia
2553 4402 2656 4454 sub
2700 4414 2821 4454 eam
2867 4414 2987 4469 quae
3017 4415 3123 4454 non
3169 4399 3361 4455 inscri-

131 4500 310 4554 πίπτει
352 4498 536 4569 αὐτῷ·
587 4501 617 4552 6
661 4498 771 4570 γὰρ
810 4500 972 4568 νόμος
1016 4501 1110 4553 καὶ
1139 4501 1190 4552 oi
1236 4500 1511 4572 προφῆται
1543 4499 1692 4569 λόγοι

130 4592 467 4647 πιστεύονται
537 4585 679 4645 εῖναι
737 4591 1084 4663 περιέχοντες
1150 4592 1490 4661 ἀπαγγελίαν
1548 4609 1692 4664 πρα-

130 4685 349 4754 γμάτων
379 4681 522 4737 κατά
548 4682 612 4735 τὸ
654 4679 877 4749 εὔλογον
916 4680 1005 4733 διὰ
1028 4681 1090 4733 τὸ
1117 4680 1346 4749 ὠφελεῖν
1373 4682 1694 4752 εὐφραινόν-

132 4792 222 4829 των
247 4778 381 4840 τοὺς
410 4773 728 4839 ἀκούοντας,
764 4772 903 4826 ἐπὰν
946 4771 1358 4844 παραδέξωνται
1391 4772 1459 4825 τὰ
1509 4773 1689 4840 ἀπαγ-

133 4866 440 4937 γελλόμενα.
485 4862 718 4935 Λεχθείη
755 4862 803 4916 δ’
851 4863 918 4917 ἂν
946 4863 1082 4934 πρὸς
1131 4862 1289 4915 τοῦτο
1327 4862 1409 4939 ᾇτι
1442 4861 1549 4933 πρὸ
1591 4862 1690 4933 τῆς

136 4957 359 5029 Χριστοῦ
410 4955 703 5026 ἐπιδημίας
745 4957 776 5009 6
825 4955 984 5026 νόμος
1030 4954 1125 5007 καὶ
1162 4955 1214 5007 oi
1259 4953 1556 5025 προφῆται,
1595 4953 1691 5007 ἇτε

140 5049 349 5119 μηδέπω
378 5046 697 5118 ἐληλυθότος
724 5043 818 5098 τοῦ
840 5044 910 5099 τὰ
931 5045 989 5097 ἐν
1008 5043 1191 5106 αὐτοῖς
1225 5043 1497 5113 μυστήρια
1521 5057 1694 5111 σαφη-

140 5141 379 5206 νίζοντος,
398 5141 500 5194 οὐκ
520 5134 667 5210 εῖχον
691 5139 752 5191 τὺ
774 5136 1095 5208 ἐπάγγελμα
1117 5134 1213 5189 τοῦ
1236 5135 1364 5207 περὶ
1395 5133 1490 5188 τοῦ
1520 5134 1696 5203 Εὐαγ-

141 5234 304 5298 γελίου
335 5234 482 5305 ὅρουο
515 5233 548 5286 6
572 5232 631 5285 δὲ
664 5231 879 5301 Σωτὴρ,
906 5228 1253 5298 ἐπιδημήσας
1279 5228 1374 5281 καὶ
1420 5225 1482 5280 τὸ
1512 5226 1696 5293 Εὐαγ-

144 5327 299 5393 γέλιον
348 5323 867 5397 σωματοποιηθῆναι
929 5322 1183 5391 ποιήσας,
1246 5318 1325 5389 τῷ
1376 5316 1695 5388 Εὐαγγελίῳ

196 5493 241 5525 ⁸⁸
263 5490 444 5548 latth.
471 5506 550 5556 st,
578 5490 636 5547 5.
716 5487 764 5519 ⁸⁸
790 5484 948 5541 Joan.
974 5500 1045 5548 tv,
1071 5484 1160 5539 25.
1235 5482 1280 5513 "
1308 5480 1437 5536 Luc.
1465 5495 1615 5543 sxw,
1642 5480 1729 5545 l8,
1758 5481 1822 5536 l9
1845 5491 1900 5536 et
1923 5497 2075 5553 seqq.

1096 5576 1167 5631 οὗ
1223 5575 1305 5643 τῷ
1354 5575 1698 5629 πιστεύοντι
1804 5575 2102 5629 Barbcrino
2129 5584 2182 5628 et
2210 5575 2524 5629 Bodleiano.

203 5584 298 5658 (36)
357 5588 551 5659 ᾼότος
597 5579 1167 5659 ινξριέχωνΔ
1223 5579 1305 5643 τῷ
1354 5579 1592 5659 πσιστεύς

144 5645 544 5723 acrobatae";
607 5645 947 5726 adsciscet}
973 5645 1050 5726 ot.
1092 5648 1213 5703 Haec
1260 5648 1439 5702 omnia
1480 5645 1693 5726 deside-

148 5715 307 5782 rantur
331 5729 382 5782 in
412 5726 664 5783 editione
684 5715 893 5789 ﬂuetii,
925 5721 1280 5776 restituuntur
1305 5731 1371 5771 ex
1416 5715 1692 5771 codicibus

1795 4492 1999 4547 bantur
2029 4490 2305 4561 Evangelii
2348 4490 2521 4551 titulo,
2553 4491 2803 4559 dicatque
2836 4489 3008 4559 legem
3039 4499 3097 4545 et
3129 4490 3359 4561 prophe-

1796 4583 1932 4638 ticos
1957 4597 2238 4638 sermones
2263 4585 2543 4637 continere
2566 4580 2815 4634 nuntium
2850 4595 3027 4635 rerum
3054 4595 3198 4650 quae,
3217 4584 3363 4650 quod

1794 4673 1955 4728 utiles
1984 4674 2096 4728 sint
2123 4712 2139 4739 ,
2189 4674 2385 4728 merito
2414 4673 2656 4727 laetitiam
2688 4672 2909 4741 pariunt
2933 4673 3168 4726 auditori
3200 4675 3362 4727 simul

1797 4783 1861 4820 ac
1890 4766 1959 4819 ab
1987 4765 2104 4835 ipso
2131 4767 2444 4834 approbata:
2475 4765 2695 4831 fuerint,
2722 4764 3162 4833 respondebimus
3186 4764 3362 4836 legem

1798 4866 1855 4911 et
1902 4855 2248 4926 propheticus
2294 4870 2577 4911 sermones
2620 4866 2747 4910 ante
2799 4855 3004 4910 Christi
3043 4856 3365 4923 adventum,

1800 4950 1925 5018 quia
1970 4950 2209 5004 nondum
2255 4949 2564 5004 advenisset
2604 4946 2693 5001 ille
2736 4947 2829 5016 qui
2885 4949 2940 5001 in
2986 4947 3071 5002 his
3110 4957 3369 5003 contenta

1802 5050 2074 5096 reseraret
2103 5040 2383 5112 mysteria,
2413 5053 2520 5094 non
2545 5040 2797 5094 habuisse
2820 5037 3079 5108 ejusmodi
3110 5042 3358 5095 nuntium

1800 5134 1945 5201 quod
1978 5131 2261 5202 Evangelii
2294 5133 2613 5189 deﬁnitione
2643 5134 2982 5188 continetur:
3016 5133 3361 5187 Servatorem

1801 5237 1932 5278 vero
1954 5264 1970 5290 ,
2003 5227 2069 5278 ad
2100 5238 2201 5279 nos
2231 5240 2354 5281 cum
2404 5225 2727 5281 accessisset
2755 5265 2771 5290 ,
2805 5234 2860 5278 et
2906 5232 2966 5276 ut
3016 5221 3364 5292 Evangelium

1805 5332 2035 5387 corpore
2082 5326 2226 5373 esset
2257 5320 2541 5390 praeditum
2572 5316 2842 5371 etim-isset
2871 5357 2887 5382 ,
2922 5316 3212 5385 perfecisse
3240 5329 3364 5370 cum

2152 5482 2198 5513 “
2227 5480 2382 5536 Juan.
2418 5496 2454 5545 I,
2483 5479 2572 5533 Η.
2650 5479 2692 5510 ⁸⁷
2727 5478 2880 5533 Joatt.
2911 5495 2949 5545 ι,
2978 5478 3069 5533 45.

1874 5648 1986 5717 (37)
2012 5647 2195 5714 Ὅροι.
2225 5647 2401 5702 Codex
2438 5642 2782 5708 Bodleiauus,
2810 5640 2976 5712 λόγοι.
