3792 6146
385 246 466 306 35
885 207 893 219 ’
1829 248 1969 305 una

2113 248 2356 303 lS‘.
3611 256 3681 308 ﬁt;

392 364 710 435 llvangeiio,
735 372 793 419 ut
822 365 1005 419 omnia
1038 374 1223 421 essent
1247 365 1422 420 instar
1438 365 1745 435 Evangelii.
1780 364 1967 434 Neque

2117 364 2250 417 ivra
2306 365 2439 417 ὡσεὶ
2507 365 2837 433 Εὑαγγέλιον
2888 366 3225 437 πεποίηκεν
3284 356 3381 422 ’καὶ
3436 366 3551 419 οὐκ
3612 367 3680 420 ἂν

390 468 589 526 prmter
632 458 970 529 propositum
1016 458 1270 525 exemplo
1324 467 1507 513 uterer
1535 499 1550 519 ,
1589 458 1676 526 qui
1710 473 1971 526 pauca....

394 550 629 617 Quando
652 551 893 605 enirn....
926 550 1050 603 liliis
1091 550 1373 604 hominum
1405 550 1690 603 divinitate
1724 565 1843 611 sua,
1882 549 1976 602 ab-

390 642 522 704 lato.
548 643 765 711 quodin
797 642 914 711 lege
932 651 989 695 et
1012 642 1293 711 prophetis
1323 650 1462 707 erat,
1494 642 1780 702 velamine.
1808 640 1972 693 Deum

387 734 554 787 certis
593 734 902 789 rationibus
926 733 1187 794 ostendit.
1222 735 1399 803 palam
1428 733 1622 789 oculos
1648 749 1858 803 ponens
1890 734 1975 788 his

388 824 481 890 qui
516 823 802 893 sapientia:
852 822 972 893 ejus
1006 821 1265 892 discipuli
1304 822 1505 877 vellent
1552 823 1692 886 ﬁeri,
1726 838 1973 891 quzenam

392 925 519 964 vera
560 911 643 965 lex
677 910 881 982 Moysis
919 912 1249 973 contineret.
1296 928 1523 979 quorum
1572 913 1879 984 exemplum
1919 926 1977 968 ct

390 1002 637 1056 umbram
671 1003 928 1057 colebant
967 1002 1206 1070 antiqui:
1254 1012 1308 1056 et
1353 1019 1603 1072 quaenam
1648 1004 1717 1058 sit
1770 1004 1974 1058 veritas

391 1111 574 1150 rerum
610 1096 661 1149 in
708 1096 951 1151 historiis
981 1104 1390 1160 c0ntentarum,
1414 1111 1534 1164 quae
1563 1097 1615 1150 in
1650 1097 1818 1163 ﬁgura
1840 1112 1975 1151 con-

390 1189 673 1257 tingebant
689 1188 817 1252 illis,
832 1198 1055 1257 propter
1070 1203 1167 1241 nos
1180 1187 1403 1255 scripta,
1425 1189 1490 1241 ad
1509 1203 1645 1255 quos
1662 1188 1795 1243 lines
1813 1203 1978 1241 suaen-

389 1279 571 1334 lorum
599 1278 656 1349 9
676 1279 889 1334 deducti
912 1289 1041 1333 sunt
1070 1278 1135 1331 ⁸⁸.
1164 1277 1355 1332 Nullos
1376 1292 1507 1347 ergo
1528 1278 1596 1331 ad
1627 1292 1790 1348 quem
1819 1277 1977 1333 Chri-

388 1382 512 1427 stus
541 1372 857 1435 accesserit,
880 1370 966 1425 vel
1003 1372 1054 1423 in
1087 1369 1587 1439 Hierosolymorum
1619 1370 1771 1433 urbe,
1803 1370 1889 1423 vel
1920 1369 1975 1424 in

394 1463 795 1517 Samaritarum
828 1472 1011 1517 monte
1040 1462 1207 1517 Dettm
1239 1463 1461 1521 adorat:
1500 1463 1595 1517 sed
1618 1477 1742 1517 cum
1772 1462 1978 1518 didice-

393 1557 467 1610 rit
500 1555 665 1608 Deum
717 1554 967 1623 spiritum
1008 1570 1150 1619 esse,
1183 1554 1542 1623 spiritualiter
1585 1553 1737 1607 illum
1790 1555 1976 1608 colens

395 1647 590 1716 spiritu
615 1656 669 1700 et
705 1647 955 1709 veritate.
989 1662 1093 1699 non
1129 1646 1364 1715 amplius
1407 1648 1509 1701 sub
1540 1646 1725 1716 ligni-is
1754 1644 1969 1699 Patrem

390 1739 774 1793 universorum
829 1737 1126 1805 mundique
1175 1738 1425 1806 opificem
1469 1739 1681 1790 adorat.
1762 1735 1970 1802 Quam-
2003 1714 2045 1769 Β

389 1834 576 1891 ohrem
611 1841 737 1884 ante
765 1829 893 1884 illud
922 1828 1279 1899 Evangelium
1329 1830 1471 1899 quod
1496 1844 1591 1897 per
1623 1829 1824 1883 Christi
1878 1830 1973 1884 ad-

394 1933 614 1977 ventum
643 1933 729 1976 est
762 1930 966 1987 ortum,
1004 1919 1140 1973 nihil
1170 1936 1354 1974 rerum
1400 1923 1744 1989 antiquarum
1797 1920 1974 1975 Evan-

391 2013 590 2082 gelium
639 2021 775 2066 erat.
812 2011 979 2065 Porro
1008 2010 1382 2079 Evangelinm,
1432 2013 1576 2081 quod
1629 2019 1713 2066 est
1763 2011 1970 2065 Novum

392 2108 832 2170 's‘estamentum,
857 2121 980 2161 cum
1010 2120 1111 2159 nos
1135 2120 1162 2156 a
1191 2115 1460 2159 vetustate
1493 2105 1685 2160 littera:
1716 2106 1971 2161 abduxis-

394 2212 499 2265 set,
524 2202 751 2269 spiritus
773 2200 1066 2254 novitatem
1100 2213 1374 2263 nunquam
1402 2208 1802 2265 senescentem,
1827 2210 1883 2254 et
1904 2201 1972 2254 ad

394 2294 603 2349 Novum
634 2293 1037 2347 Testamentum
1081 2289 1298 2358 proprie
1353 2292 1736 2358 pertinentem,
1764 2305 1883 2359 qua:
1916 2290 1970 2344 in

393 2386 648 2440 omnibus
674 2396 756 2439 est
784 2382 1105 2450 Scripturis,
1136 2383 1262 2438 luce
1303 2382 1628 2449 cognitionis
1658 2382 1975 2437 illustravit.

392 2479 631 2535 Necesse
664 2486 847 2531 autem
868 2484 1011 2541 erat,
1054 2474 1104 2528 id
1143 2476 1287 2544 quod
1313 2475 1578 2529 (iniciebat
1609 2484 1667 2527 nt
1700 2476 1750 2528 in
1785 2473 1975 2528 Testa-

398 2581 582 2625 mento
606 2568 789 2624 Veteri
819 2576 1102 2636 putaretur
1134 2566 1485 2637 Evangelinm
1516 2582 1659 2630 esse,
1701 2567 1973 2637 prtecipue

388 2660 747 2730 Evangelinm
784 2656 1066 2727 appellari.

464 2773 518 2827 9.
564 2773 819 2824 Attamen
870 2783 977 2822 non
1026 2767 1385 2838 ignorandnm
1446 2766 1599 2821 nobis
1646 2776 1728 2822 est
1770 2765 1970 2820 Christi

395 2868 714 2927 adventum,
749 2871 1043 2933 antequam
1087 2876 1317 2930 corpore
1345 2865 1422 2914 ad
1444 2870 1622 2913 terras
1666 2860 1971 2914 descende-

394 2965 499 3022 ret,
528 2954 922 3023 intelligihilem
972 2952 1142 3004 multo
1195 2960 1327 3003 ante
1362 2949 1561 3003 factum
1596 2949 1764 3003 fuisse
1795 2948 1975 3018 perle-

2076 455 2185 507 ἀπὸ
2217 454 2422 507 σκοποῦ
2453 455 2764 525 χρησαίμην
2800 454 2877 525 τῷ
2906 456 3308 526 παραδείγματι
3337 457 3437 511 τοῦ
3494 459 3680 528 μικρά

2079 547 2170 598 καὶ
2227 547 2308 599 ὅτι
2366 546 2599 600 ὄλον.....
2658 548 2824 600 Ὅταν
2862 546 2991 618 γὰρ.
3024 588 3037 601 .
3064 588 3076 600 .
3106 586 3120 601 .
3157 588 3169 600 .
3202 550 3352 613 υἱοὺς
3386 550 3512 621 (58)
3570 549 3683 601 τῶν

2080 637 2383 710 ἀνθρώπων
2434 640 2500 709 τῇ
2560 638 2798 708 θειότητι
2852 638 3016 693 αὑτοῦ
3070 639 3333 709 περιελὼν
3373 640 3440 694 τὸ
3495 641 3559 694 ἐν
3604 641 3681 710 τῶ

2080 730 2229 800 νόμῳ
2263 731 2355 784 καὶ
2386 731 2692 804 προφήταις
2734 730 2994 801 κάλυμμα
3028 732 3138 802 (59)
3176 733 3389 787 πάντων
3418 732 3490 785 τὸ
3521 732 3681 783 Gaio»

2078 822 2350 886 ἀπέδειξε,
2382 822 2631 893 φανερῶς
2681 825 3039 893 παραστήσας
3063 827 3177 886 τοῖς
3228 822 3544 895 βουληθεῖσι
3578 824 3680 892 τῆς

2078 916 2269 984 σοφίας
2303 915 2466 969 αὐτοῦ
2488 914 2740 982 γενέσθαι
2778 915 3047 985 μαθηταῖς
3068 915 3192 970 τίνα
3212 914 3283 968 τά
3304 914 3547 985 ἀληθινὰ
3580 915 3678 966 τοῦ

2078 1007 2355 1071 Μωῡσέως
2412 1007 2580 1077 νόμου
2603 1046 2619 1071 ,
2675 1000 2749 1060 ὧν
2804 1001 3161 1076 ὑποδείγματι
3213 1006 3311 1061 καὶ
3364 1008 3498 1077 σκιᾷ
3551 1006 3679 1060 ἐλά-

2081 1116 2274 1171 τρευον
2301 1101 2351 1151 οἱ
2405 1099 2595 1163 πάλαι,
2651 1099 2744 1152 xui.
2797 1097 2877 1161 τίς
2929 1101 2962 1169 ή
3008 1098 3235 1170 ἀλήθεια
3274 1097 3384 1151 τῶν
3448 1100 3513 1150 ἐν
3554 1102 3679 1160 ταῖς

2088 1191 2351 1260 ἱστορίαις
2416 1190 2780 1261 πραγμάτων,
2826 1190 2984 1242 ἅτινα
3046 1190 3287 1254 τυπικῶς
3349 1189 3678 1242 συνέϐαινεν

2077 1282 2307 1345 ἐκείνοις
2329 1299 2342 1311 ·
2381 1281 2595 1352 ἐγράφη
2627 1281 2684 1334 δὲ
2729 1280 2796 1334 δι’
2827 1281 2974 1351 ἡμᾶς
2996 1321 3012 1345 ,
3059 1282 3138 1345 εις
3171 1279 3263 1343 οὓς
3293 1280 3361 1333 τά
3387 1278 3529 1349 τέλη
3569 1279 3679 1331 τῶν

2077 1372 2287 1427 αἰώνων
2346 1375 2673 1445 κατήντησε.
2736 1374 2851 1437 Πᾶς
2894 1369 2990 1426 οὖν
3043 1366 3088 1440 ᾧ
3141 1372 3373 1444 Χριστὸς
3412 1370 3675 1443 ἐπιδεδη-

2081 1483 2276 1537 μηκεν,
2309 1465 2434 1519 οὔτε
2466 1468 2523 1519 ἐν
2564 1465 2957 1536 Ἰεροσολύμοις
2985 1464 3111 1517 οὔτε
3143 1467 3201 1517 ἐν
3228 1464 3307 1534 τῷ
3328 1464 3441 1518 τῶν
3485 1465 3679 1535 Σαμα-

2082 1558 2273 1629 ρειτῶν
2324 1556 2441 1628 ὄρει
2480 1554 2596 1627 (40)
2638 1559 2934 1629 προσκυνεῖ
2962 1555 3041 1626 τῷ
3069 1555 3223 1626 Θεῷ·
3269 1555 3407 1610 ἀλλά
3456 1555 3673 1627 μαθὼν,

2077 1648 2159 1701 δτι
2213 1647 2431 1718 πνεῦμα
2488 1649 2516 1699 ό
2560 1647 2711 1711 Θεὸς,
2771 1646 3156 1717 πνευματικῶς
3184 1645 3467 1716 λατρεύων
3522 1646 3676 1714 αὐτῷ

2073 1739 2341 1811 πνεύματι
2374 1741 2469 1794 καὶ
2496 1740 2742 1811 ἀληθεία,
2775 1740 2956 1792 οὐκέτι
2989 1739 3044 1791 δὲ
3071 1738 3337 1802 τυπικῶς,
3367 1743 3677 1809 προσκυνεῖ

2072 1833 2162 1886 τὸν
2194 1832 2301 1885 τῶν
2328 1833 2466 1886 ὅλων
2503 1832 2724 1904 Πατέρα
2759 1832 2852 1884 καὶ
2898 1829 3249 1901 δημιουργόν.
3303 1829 3524 1883 Οὐκοῦν
3568 1831 3675 1900 πρὸ

2076 1924 2168 1977 τοῦ
2200 1924 2554 1993 Εὑαγγελίου,
2585 1924 2612 1977 ὃ
2636 1923 2825 1992 γέγονε
2853 1923 2939 1977 διὰ
2962 1923 3061 1993 τὴν
3078 1920 3312 1993 Χριστοῦ
3344 1920 3670 1992 ἐπιδημίαν,

2073 2016 2225 2068 οὐδὲν
2255 2014 2363 2067 τῶν
2394 2014 2560 2068 πάλαι
2617 2012 2942 2081 Εὑαγγέλιον
2980 2007 3068 2083 ἦν.
3103 2011 3177 2064 Τὸ
3208 2012 3265 2065 δέ
3311 2011 3672 2080 Εὑαγγέλιον,

2076 2108 2210 2182 ὅπερ
2246 2109 2363 2161 ἐστὶ
2395 2107 2638 2179 Διαθήκη
2674 2107 2869 2175 Καινὴ,
2898 2106 3213 2176 ἀποστῆσαν
3253 2106 3400 2176 ἡμᾶς
3439 2104 3672 2159 παλαιό-

2072 2216 2233 2271 τητος
2278 2199 2372 2252 τοῦ
2416 2200 2760 2271 γράμματος,
2794 2198 2892 2270 τὴν
2935 2197 3206 2269 μηδέποτε
3253 2197 3671 2268 παλαιουμένην

2075 2292 2370 2362 καινότητα
2388 2290 2481 2344 τοῦ
2511 2289 2843 2361 πνεύματος,
2866 2289 3073 2342 οἰκείαν
3096 2288 3196 2359 τῆς
3228 2289 3438 2360 Καινῆς
3466 2287 3669 2357 Διαθῆ-

2073 2401 2176 2455 κης
2209 2385 2615 2455 τυγχάνουσαν,
2657 2384 2713 2436 ἐν
2755 2381 2956 2445 πάσαις
2992 2381 3356 2452 ἀνακειμένην
3395 2381 3667 2451 Γραφαῖς,

2074 2475 2150 2547 τῷ
2175 2478 2314 2545 φωτὶ
2340 2476 2440 2546 τῆς
2470 2474 2721 2544 γνώσεως
2746 2473 3078 2544 ἀνέλαμψεν,
3121 2473 3316 2545 Ἐχρῆν
3343 2473 3401 2526 δέ
3430 2473 3494 2525 τὸ
3514 2489 3672 2539 ποιη-

2072 2570 2224 2623 τικὸν
2264 2568 2357 2622 τοῦ
2406 2569 2499 2622 καὶ
2532 2570 2588 2621 ἐν
2624 2570 2689 2639 τῇ
2741 2566 2952 2637 Παλαιᾷ
3004 2565 3245 2637 Διαθήκῃ
3297 2564 3668 2636 νομιζομένου

2075 2662 2407 2731 Εὑαγγελίου
2446 2661 2741 2732 ἐξαιρέτως
2772 2658 3052 2713 καλεῖσθαι
3084 2657 3437 2727 Εὐαγγέλιον.

2146 2755 2199 2808 9.
2234 2754 2380 2825 Πλὴν
2409 2754 2509 2806 οὐκ
2538 2751 2832 2823 ἀγνοητέον
2857 2749 3093 2823 Χριστοῦ
3123 2749 3415 2821 ἐπιδημίαν
3441 2748 3543 2803 καὶ
3564 2750 3667 2820 πρὸ

2073 2851 2174 2921 τῆς
2206 2848 2349 2903 κατὰ
2384 2847 2540 2918 σῶμα
2565 2845 2859 2916 ἐπιδημίας
2885 2845 2982 2915 τὴν
3008 2843 3202 2915 νοητὴν
3240 2844 3527 2913 γεγονέναι
3554 2846 3667 2905 τοῖς

2074 2941 2429 3012 τελειοτέροις
2475 2938 2569 2993 καὶ
2606 2938 2667 2990 οὐ
2695 2936 2930 3007 νηπίοις,
2969 2935 3089 2988 οὐδὲ
3130 2935 3235 2988 ὑπὸ
3284 2934 3663 3003 παιδαγωγοὺς

394 3046 674 3108 rtiorilius,
711 3044 1038 3110 minimeque
1095 3041 1353 3109 parvulis,
1387 3040 1585 3108 quippe
1615 3039 1706 3107 qui
1735 3054 1762 3090 a
1797 3039 1969 3107 paeda-

2114 3037 2170 3091 αἰ
2215 3033 2543 3105 ἐπιτρόπους
2592 3031 3079 3100 ἐπιτυγχάνουσιν,
3105 3025 3187 3090 οἷς
3232 3028 3291 3081 τὸ
3339 3029 3531 3101 νοητὸν
3569 3027 3663 3081 τοῦ

386 3151 650 3207 gogorum
686 3143 1110 3199 cnratornmqne
1141 3148 1270 3186 cura
1301 3147 1363 3186 ac
1393 3136 1558 3185 tutela
1587 3131 1740 3185 liberi
1766 3139 1968 3195 essent,

392 3230 464 3283 oh
500 3227 691 3282 oculos
720 3227 983 3281 habentes
1008 3223 1393 3290 plenitudinem
1419 3238 1537 3277 eam
1571 3223 1829 3293 temporis
1853 3237 1973 3291 quae

394 3332 576 3376 mente
600 3322 959 3380 cernebatur;
990 3331 1047 3373 ut
1073 3319 1322 3376 erantilli
1358 3316 1701 3386 patriarchae,
1734 3325 1789 3369 et
1820 3314 1972 3386 Moy-

389 3430 481 3469 ses
518 3415 604 3468 ille
639 3424 823 3468 tantus
879 3429 1092 3478 servus,
1143 3427 1207 3466 ac
1263 3410 1455 3478 reliqui
1513 3408 1826 3477 prophetae,
1878 3407 1969 3477 qui

390 3511 592 3566 Christi
630 3510 860 3580 gloriam
894 3507 1243 3576 contemplati
1270 3515 1416 3559 sunt.
1450 3504 1724 3559 (Steterunt
1764 3511 1822 3557 ut
1846 3513 1972 3558 ante

391 3603 730 3672 corporalem
763 3611 818 3656 et
852 3601 1197 3655 manifestum
1253 3600 1543 3653 adventum
1599 3597 1664 3651 ad
1700 3596 1972 3666 perfectos

393 3697 712 3758 advenerat,
743 3695 823 3749 sic
851 3694 1016 3747 etiam
1045 3700 1163 3761 post
1186 3691 1518 3758 divulgatum
1542 3688 1715 3757 ipsius
1746 3703 1975 3755 prmsen-

396 3791 523 3843 tiam
549 3787 614 3841 ad
652 3802 745 3841 eos
776 3786 867 3855 qui
908 3786 1205 3840 etiamnum
1243 3793 1370 3837 sunt
1407 3780 1647 3849 parvuli,
1687 3781 1815 3851 quia
1863 3780 1972 3834 sint

392 3880 495 3933 sub
525 3878 874 3933 curatoribus
908 3886 961 3931 et
1013 3872 1573 3936 administratorihus,
1619 3885 1684 3924 ac
1730 3870 1969 3924 nondum

393 3971 743 4045 pervenerint
780 3971 847 4025 ad
900 3970 1160 4039 temporis
1209 3966 1633 4036 plenitudinem,
1689 3980 1971 4020 sermones

368 4046 613 4133 'qnitlam
676 4077 1041 4133 przecursores
1095 4060 1298 4115 Christi
1359 4061 1718 4125 advenerunt,
1770 4060 1971 4114 animis

398 4153 696 4223 puerilibus
723 4150 1142 4214 accommodati,
1178 4151 1268 4219 qui
1309 4150 1432 4219 jure
1463 4151 1735 4219 pardagogi
1768 4164 1970 4204 vocen-

398 4259 503 4301 tur.
538 4249 605 4300 At
642 4261 770 4299 vero
806 4245 920 4311 ipse
950 4244 1138 4309 Filius,
1166 4244 1279 4312 ipse
1308 4243 1641 4313 gloriﬁcatus
1673 4244 1811 4298 Deus
1837 4243 1972 4297 Ver-

396 4339 521 4393 bum
552 4339 789 4392 nondum
829 4336 1080 4403 advenit;
1114 4335 1367 4388 nimirum
1417 4344 1744 4404 exspectans
1791 4346 1848 4388 ut
1877 4334 1970 4389 Dei

2074 3127 2265 3199 χρόνου
2298 3125 2568 3196 πλήρωμα
2601 3121 2816 3193 ἐνέστη,
2846 3120 3244 3192 πατριάρχαις,
3298 3121 3392 3174 καὶ
3439 3121 3662 3174 Μωῡσεῐ

2074 3220 2150 3289 τῷ
2186 3218 2509 3289 θεράποντι,
2566 3216 2658 3268 καὶ
2719 3217 2831 3277 τοῖς
2874 3213 3225 3283 τεθεαμένοις
3267 3213 3507 3283 Χριστοῦ
3562 3214 3657 3283 τὴν

2074 3310 2230 3376 δόξαν
2267 3308 2592 3379 προφήταις.
2638 3306 2848 3375 Ὥσπερ
2878 3304 2935 3356 δὲ
2976 3302 3081 3374 πρὸ
3116 3302 3215 3372 τῆς
3248 3302 3523 3372 ἐμφανοῦς
3569 3302 3658 3355 καὶ

2076 3402 2216 3456 κατά
2240 3400 2401 3470 σῶμα
2433 3398 2724 3469 ἐπιδημίας
2762 3395 3076 3467 ἐπεδήμησε
3100 3399 3212 3459 τοῖς
3249 3395 3497 3458 τελείοις,
3520 3394 3658 3448 οὕτω

2074 3495 2168 3548 καὶ
2198 3492 2335 3565 μετά
2367 3492 2464 3563 τὴν
2500 3490 2918 3561 κεκηρυγμένην
2945 3488 3248 3558 παρουσίαν
3283 3491 3396 3551 τοῖς
3439 3487 3521 3540 ἔτι
3565 3505 3658 3557 νη-

2075 3584 2241 3648 πίοις,
2278 3583 2374 3637 ἆτε
2424 3582 2530 3635 ὑπὸ
2576 3580 2905 3652 ἐπιτρόπους
2949 3579 3275 3649 τυγχάνουσι
3327 3579 3421 3632 καὶ
3453 3577 3657 3631 οίκονό-

2078 3694 2235 3747 μους,
2263 3676 2356 3729 καὶ
2384 3673 2607 3745 μηδέπω
2638 3674 2731 3725 ἐπὶ
2761 3671 2821 3725 τὸ
2844 3671 3115 3743 πλήρωμα
3147 3671 3243 3725 τοῦ
3270 3672 3464 3743 χρόνου
3496 3671 3659 3740 seea-

2074 3771 2247 3835 κόσιν,
2270 3770 2317 3822 οἱ
2351 3769 2450 3838 μὲν
2468 3766 2764 3839 πρόδρομοι
2785 3764 3020 3836 Χριστοῦ
3050 3764 3483 3835 ἐπιδεδημήκασι
3506 3764 3656 3817 παισὶ

2072 3862 2269 3932 ψυχαῖς
2303 3860 2635 3931 ἁρμόζοντες
2667 3858 2834 3926 λόγοι,
2871 3856 3109 3926 εὐλόγως
3133 3856 3199 3910 ἂν
3225 3854 3518 3926 κληθέντες
3535 3871 3656 3908 παι-

2072 3957 2308 4027 δαγωγοί
2326 3973 2339 3987 °
2376 3956 2538 4019 αὐτὸς
2569 3955 2626 4008 δὲ
2647 3955 2675 4005 ό
2709 3952 2836 4016 Υἱὸς
2857 3954 2884 4005 ὁ
2904 3951 3293 4022 δεδοξασμένος
3335 3951 3466 4013 Θεὸς
3490 3949 3656 4017 Λόγος

2073 4052 2303 4114 οὐδέπω,
2336 4050 2643 4119 περιμένων
2661 4045 2758 4117 τὴν
2786 4045 3011 4097 δέουσαν
3055 4043 3309 4112 γενέσθαι
3361 4058 3654 4113 προπαρα-

2075 4142 2274 4211 σκευὴν
2297 4144 2410 4205 τοῖς
2443 4140 2697 4211 μέλλουσι
2730 4139 2927 4210 χωρεῖν
2969 4134 3134 4190 αὑτοῦ
3170 4136 3268 4207 τὴν
3305 4137 3534 4209 θεότητα
3562 4138 3654 4190 ἀν-

2074 4235 2311 4309 θρώποις
2334 4233 2487 4289 Θεοῦ.
2514 4232 2626 4285 Καὶ
2647 4231 2803 4284 τοῦτο
2825 4230 2882 4283 δὲ
2915 4229 3110 4283 εἰδέναι
3128 4229 3314 4300 ἐχρῆν,
3339 4231 3442 4293 ὅτι,
3471 4230 3655 4300 ὥσπερ

2074 4330 2189 4383 ἐστὶ
2210 4328 2370 4398 νόμος
2404 4324 2561 4379 σκιὰν
2612 4323 2882 4395 περιέχων
2925 4321 3035 4374 τῶν
3088 4322 3388 4392 μελλόντων
3435 4320 3654 4390 ἀγαθῶν

396 4429 650 4485 homines
680 4428 1018 4482 divinitatem
1048 4427 1193 4481 illius
1218 4429 1521 4494 percepturi
1557 4428 1837 4480 decentem
1869 4443 1965 4495 ap-

2113 4420 2180 4473 πὸ
2207 4419 2299 4471 τοῦ
2338 4417 2479 4471 κατᾶ
2500 4412 3296 4487 ἀλήθειανκαταγγελλομένου
3347 4413 3515 4484 νόμου
3564 4410 3652 4481 δη-

398 4531 645 4591 paratum
668 4518 892 4574 faciant.
911 4517 1028 4572 .Iam
1049 4521 1222 4571 ethoc
1246 4532 1461 4585 quoque
1489 4517 1726 4571 sciamus
1747 4532 1969 4573 necesse

394 4622 479 4667 est
510 4626 525 4664 :
554 4623 617 4664 ut
649 4611 730 4664 lex
760 4611 1007 4663 utnbram
1045 4612 1286 4663 continet
1317 4608 1627 4661 futurorum
1664 4609 1931 4662 honorum
1952 4648 1967 4675 ,

396 4719 515 4772 qum
548 4701 892 4757 declarantur
933 4704 1000 4755 ab
1030 4716 1093 4754 ea
1137 4700 1252 4768 lege
1307 4715 1425 4766 qua:
1475 4699 1829 4752 annuntiatttr
1885 4714 1973 4752 se-

395 4796 635 4851 cundum
670 4795 977 4856 veritatem,
1011 4794 1089 4846 sic
1110 4793 1273 4846 etiam
1308 4790 1678 4859 Evangelinm,
1709 4793 1853 4861 quod
1887 4792 1972 4847 vel

398 4903 429 4940 a
488 4887 900 4954 quibuscunque
951 4882 1267 4950 vulgaribus
1319 4882 1545 4952 intelligi
1599 4883 1968 4949 existimatur,

394 4979 641 5031 umbram
667 4979 822 5030 docet
849 4975 1228 5045 mysteriorum
1252 4973 1476 5027 Christi.
1506 4974 1685 5042 Atque
1717 4974 1968 5042 equidem

397 5068 541 5137 quod
586 5066 824 5122 Joannes
874 5066 1111 5135 appellat
1145 5066 1495 5130 Evangelium
1550 5066 1965 5136 sempiternum,
2012 5126 2020 5133 _

394 5159 537 5230 quod
570 5158 788 5229 proprie
812 5158 915 5213 dici
944 5166 1123 5227 posset
1145 5158 1448 5225 spirituale,
1472 5166 1661 5227 aperte
1686 5157 1820 5212 viris
1844 5172 1971 5212 cor-

395 5253 535 5310 datis
589 5261 645 5305 et
685 5250 1114 5322 intelligentibus
1147 5251 1218 5305 ob
1263 5251 1450 5304 oculos
1483 5251 1636 5315 ponit
1670 5251 1853 5305 omnia
1899 5251 1968 5306 de

463 5351 511 5384 “
545 5349 713 5406 ICor.
751 5365 807 5415 π,
844 5348 930 5401 il.

468 5446 580 5518 (38)
611 5445 722 5500 Kal
762 5446 873 5498 οὐκ
908 5444 984 5518 ἂν·
1028 5440 1146 5497 ἀπὸ
1171 5439 1428 5518 ’σχοῖεοῇ
1484 5440 1848 5518 χρησαίμην·Δ
1887 5440 1967 5505 τῷ

397 5508 821 5587 παραδείγματι
859 5512 1195 5587 τοῦ-μικρὰ
1236 5512 1342 5587 καὶ.
1379 5508 1763 5587 ὅτιίὸλονμές.
1794 5511 1969 5587 Ὅταν

626 5580 817 5653 ύὶρύς,
841 5596 947 5640 etc.
973 5580 1096 5637 Haec
1110 5581 1289 5657 omnia
1311 5582 1667 5657 desuntapud
1695 5580 1970 5657 liuetium,

401 5650 494 5711 sed
523 5650 880 5711 restituuntur
913 5670 977 5708 ex
1024 5653 1307 5709 codicibus
1348 5651 1640 5707 Bodleiano
1671 5660 1725 5707 et
1770 5650 1970 5706 Barbe—

405 5727 547 5794 rino,
568 5729 621 5781 in
651 5729 845 5795 quibus
870 5724 1047 5782 adhuc
1079 5724 1267 5779 lacuna
1294 5722 1457 5776 inest.
1483 5753 1490 5759 -

2070 4512 2365 4583 λουμένων,
2415 4510 2558 4564 οὓτω
2607 4509 2701 4563 καὶ
2760 4507 3092 4577 Εὑαγγέλιον
3120 4509 3297 4564 ,σκιὰν
3343 4506 3651 4580 μυστηρίων

2072 4602 2307 4674 Χριστοῦ
2340 4601 2581 4655 διδάσκει
2612 4599 2673 4651 τὸ
2724 4597 3081 4668 νομιζόμενον
3124 4595 3230 4649 ὑπὸ
3283 4595 3502 4648 πάντων
3547 4591 3650 4646 τῶν

2074 4694 2509 4766 ἐντυγχανόντων
2542 4690 2798 4745 νοεῖσθαι.
2832 4692 2897 4743 Ὃ
2921 4688 2977 4742 δέ
3003 4705 3167 4760 φησιν
3208 4688 3459 4756 Ἰωάννης
3484 4686 3650 4751 Εὐαγ-

2073 4789 2254 4859 γέλιον
2287 4786 2527 4849 αἰώνιον,
2567 4784 2782 4846 οἰκείως
2813 4782 2879 4836 ἂν
2924 4780 3319 4853 λεχθησόμενον
3360 4794 3648 4850 πνευματιυ

2074 4881 2188 4946 κὸν,
2214 4880 2398 4950 σαφῶς
2428 4878 2727 4949 παρίστησι
2756 4878 2869 4938 τοῖς
2898 4873 3078 4927 νοοῦσι
3112 4872 3180 4925 τά
3216 4872 3392 4925 πάντα
3426 4870 3649 4926 ἐνώπιον

2076 4973 2205 5044 περὶ
2237 4970 2399 5023 αὑτοῦ
2426 4969 2519 5022 τοῦ
2551 4967 2680 5020 Υίοῦ
2707 4966 2800 5019 τοῦ
2834 4964 2993 5030 Θεοῦ,
3030 4965 3124 5017 καὶ
3165 4963 3235 5016 τὰ
3275 4962 3648 5034 παριστάμενα

2080 5063 2351 5133 μυστήρια
2381 5061 2485 5114 ὑπὸ
2515 5059 2623 5112 τῶν
2654 5058 2828 5126 λόγων
2854 5055 3040 5120 αὐτοῦ,
3072 5054 3141 5109 τά
3165 5072 3224 5108 τε
3254 5055 3554 5127 πράγματα
3580 5046 3649 5105 ὧν

2076 5156 2378 5226 αἰνίγματα
2409 5151 2550 5224 ἦσαν
2585 5153 2637 5205 αἱ
2680 5149 2906 5221 πράξεις
2934 5148 3122 5203 αὐτοῦ.
3172 5146 3394 5210 Τούτοις
3424 5146 3483 5200 δὲ
3535 5144 3651 5201 ἀκό-

2073 5247 2263 5303 λουθόν
2282 5249 2429 5300 ἐστιν
2455 5242 2842 5314 ἐκλαμϐάνειν,
2885 5241 2969 5293 ὅτι
3006 5239 3067 5293 ὃν
3114 5238 3313 5308 τρόπον
3350 5239 3407 5290 ἐν
3437 5231 3652 5308 φανερῷ

2153 5435 2263 5509 (39)
2295 5434 2483 5509 Codex
2514 5431 2865 5509 Bodleiauus.
2893 5428 2954 5509 τὸ
2982 5432 3041 5485 ἐν
3084 5428 3391 5509 προφήταις
3436 5429 3530 5482 καὶ
3544 5423 3648 5509 ’τοῦ

2153 5446 2263 5509 (59)
2295 5446 2483 5490 uouex
2514 5446 2865 5493 uoalctauus.
2893 5446 2954 5484 το
2982 5446 3041 5485 εν
3084 5446 3391 5553 προφήταις
3436 5446 3530 5482 και
3561 5446 3645 5481 του

2074 5511 2241 5581 νόμου
2267 5506 2550 5581 κάλυμμα.
2584 5504 2702 5581 nlo;
2724 5520 2824 5581 pro
2851 5502 3069 5555 πάντων
3096 5518 3126 5553 τ
3181 5500 3334 5552 Θεῖον
3364 5499 3645 5569 legendum

2078 5573 2292 5635 videtur
2314 5573 2531 5638 πάντως
2560 5573 2621 5625 τὸ
2651 5575 2825 5626 θεῖον.

2150 5648 2262 5718 (40)
2302 5649 2484 5715 "Op-et.
2526 5646 2645 5699 llaec
2682 5660 2781 5698 vox
2813 5641 3118 5696 restituitur
3145 5657 3211 5696 cx
3238 5639 3427 5697 codice
3454 5638 3647 5695 Barhe-

2080 5739 2220 5776 l‘lllU.
