  <div class='ocr_page' id='page_1' title='image "/cluster/home/n/w/nwhite01/storage/ocr_20150623/14/mdp.39015052831362/027.png"; bbox 0 0 3792 6146; ppageno 0'>
   <div class='ocr_carea' id='block_1_1' title="bbox 286 238 3643 300">
    <p class='ocr_par' dir='ltr' id='par_1_1' title="bbox 286 238 3643 300">
     <span class='ocr_line' id='line_1_1' title="bbox 286 238 3643 300; baseline -0.001 -2"><span class='ocrx_word' id='word_1_1' title='bbox 286 241 361 300; x_wconf 66' lang='lat'><strong>&#39;59</strong></span> <span class='ocrx_word' id='word_1_2' title='bbox 1755 238 1915 295; x_wconf 75' lang='lat' dir='ltr'><strong>CBIG</strong></span> <span class='ocrx_word' id='word_1_3' title='bbox 1923 238 2076 294; x_wconf 75' lang='grc' dir='ltr'><strong>ΕΝιὸ</strong></span> <span class='ocrx_word' id='word_1_4' title='bbox 3559 244 3643 297; x_wconf 67' lang='grc'><strong>46</strong></span> 
     </span>
    </p>
   </div>
   <div class='ocr_carea' id='block_1_2' title="bbox 294 359 1791 434">
    <p class='ocr_par' dir='ltr' id='par_1_2' title="bbox 294 359 1766 431">
     <span class='ocr_line' id='line_1_2' title="bbox 294 359 1766 431; baseline 0 -15"><span class='ocrx_word' id='word_1_5' title='bbox 294 362 480 416; x_wconf 83' lang='lat' dir='ltr'><strong>missa.</strong></span> <span class='ocrx_word' id='word_1_6' title='bbox 512 359 721 427; x_wconf 81' lang='lat' dir='ltr'><strong>Quibus</strong></span> <span class='ocrx_word' id='word_1_7' title='bbox 755 361 854 431; x_wconf 80' lang='grc' dir='ltr'><strong>ιι</strong></span> <span class='ocrx_word' id='word_1_8' title='bbox 892 374 1023 416; x_wconf 85' lang='lat' dir='ltr'><strong>sane</strong></span> <span class='ocrx_word' id='word_1_9' title='bbox 1050 360 1207 415; x_wconf 87' lang='lat' dir='ltr'><strong>bouis</strong></span> <span class='ocrx_word' id='word_1_10' title='bbox 1230 360 1766 427; x_wconf 82' lang='lat' dir='ltr'><strong>annuntiationibus,</strong></span> 
     </span>
    </p>
   </div>
   <div class='ocr_carea' id='block_1_3' title="bbox 2138 359 3635 434">
    <p class='ocr_par' dir='ltr' id='par_1_3' title="bbox 2138 360 3635 434">
     <span class='ocr_line' id='line_1_3' title="bbox 2138 360 3635 434; baseline 0.005 -25"><span class='ocrx_word' id='word_1_11' title='bbox 2138 368 2141 409; x_wconf 89' lang='lat'><strong>:</strong></span> <span class='ocrx_word' id='word_1_12' title='bbox 2180 362 2309 431; x_wconf 76' lang='grc' dir='ltr'>περὶ</span> <span class='ocrx_word' id='word_1_13' title='bbox 2338 360 2446 415; x_wconf 86' lang='grc' dir='ltr'><strong>τῶν</strong></span> <span class='ocrx_word' id='word_1_14' title='bbox 2475 363 2791 418; x_wconf 83' lang='grc' dir='ltr'><strong>ἀποστόλων</strong></span> <span class='ocrx_word' id='word_1_15' title='bbox 2813 403 2827 427; x_wconf 91' lang='grc'>,</span> <span class='ocrx_word' id='word_1_16' title='bbox 2866 362 3008 434; x_wconf 83' lang='grc' dir='ltr'>τάχα</span> <span class='ocrx_word' id='word_1_17' title='bbox 3050 362 3107 415; x_wconf 79' lang='grc' dir='ltr'><em>δὲ</em></span> <span class='ocrx_word' id='word_1_18' title='bbox 3152 363 3247 417; x_wconf 71' lang='grc' dir='ltr'><strong>καὶ</strong></span> <span class='ocrx_word' id='word_1_19' title='bbox 3282 361 3635 430; x_wconf 73' lang='grc' dir='ltr'>εὐαγγελι-</span> 
     </span>
    </p>
   </div>
   <div class='ocr_carea' id='block_1_4' title="bbox 295 448 1792 525">
    <p class='ocr_par' dir='ltr' id='par_1_4' title="bbox 295 452 1792 525">
     <span class='ocr_line' id='line_1_4' title="bbox 295 452 1792 525; baseline 0 -18"><span class='ocrx_word' id='word_1_20' title='bbox 295 452 691 525; x_wconf 86' lang='lat' dir='ltr'><strong>apostolorum,</strong></span> <span class='ocrx_word' id='word_1_21' title='bbox 726 455 809 508; x_wconf 89' lang='lat' dir='ltr'><strong>vel</strong></span> <span class='ocrx_word' id='word_1_22' title='bbox 851 453 1162 509; x_wconf 87' lang='lat' dir='ltr'><strong>Servatoris</strong></span> <span class='ocrx_word' id='word_1_23' title='bbox 1210 452 1383 507; x_wconf 78' lang='lat' dir='ltr'><strong>nostri</strong></span> <span class='ocrx_word' id='word_1_24' title='bbox 1429 454 1630 508; x_wconf 70' lang='lat' dir='ltr'><strong>divina:</strong></span> <span class='ocrx_word' id='word_1_25' title='bbox 1659 469 1792 523; x_wconf 80' lang='lat' dir='ltr'><strong>quoq</strong></span> 
     </span>
    </p>
   </div>
   <div class='ocr_carea' id='block_1_5' title="bbox 2126 448 3623 525">
    <p class='ocr_par' dir='ltr' id='par_1_5' title="bbox 2145 448 3623 523">
     <span class='ocr_line' id='line_1_5' title="bbox 2145 448 3623 523; baseline -0.007 -13"><span class='ocrx_word' id='word_1_26' title='bbox 2145 450 2319 520; x_wconf 84' lang='grc' dir='ltr'>λέγων</span> <span class='ocrx_word' id='word_1_27' title='bbox 2339 469 2352 482; x_wconf 82' lang='grc'><em>’</em></span> <span class='ocrx_word' id='word_1_28' title='bbox 2386 456 2602 520; x_wconf 85' lang='grc' dir='ltr'><strong>Κύριος</strong></span> <span class='ocrx_word' id='word_1_29' title='bbox 2636 452 2815 507; x_wconf 86' lang='grc' dir='ltr'><em>δώσει</em></span> <span class='ocrx_word' id='word_1_30' title='bbox 2838 452 3007 523; x_wconf 75' lang='grc' dir='ltr'><em>ῥῆμα</em></span> <span class='ocrx_word' id='word_1_31' title='bbox 3041 452 3165 519; x_wconf 81' lang='grc' dir='ltr'><strong>τοῖς</strong></span> <span class='ocrx_word' id='word_1_32' title='bbox 3197 448 3623 522; x_wconf 50' lang='lat' dir='ltr'><strong>etiam-elefa—</strong></span> 
     </span>
    </p>
   </div>
   <div class='ocr_carea' id='block_1_6' title="bbox 293 539 1790 616">
    <p class='ocr_par' dir='ltr' id='par_1_6' title="bbox 293 546 1790 616">
     <span class='ocr_line' id='line_1_6' title="bbox 293 546 1790 616; baseline 0 -17"><span class='ocrx_word' id='word_1_33' title='bbox 293 554 630 601; x_wconf 85' lang='lat' dir='ltr'><strong>attestantur</strong></span> <span class='ocrx_word' id='word_1_34' title='bbox 673 546 969 616; x_wconf 76' lang='lat' dir='ltr'><strong>Scriptura:</strong></span> <span class='ocrx_word' id='word_1_35' title='bbox 999 563 1013 599; x_wconf 89' lang='lat'><strong>:</strong></span> <span class='ocrx_word' id='word_1_36' title='bbox 1048 546 1215 600; x_wconf 94' lang='lat' dir='ltr'><strong>David</strong></span> <span class='ocrx_word' id='word_1_37' title='bbox 1272 546 1418 600; x_wconf 90' lang='lat' dir='ltr'><strong>enim</strong></span> <span class='ocrx_word' id='word_1_38' title='bbox 1465 547 1533 601; x_wconf 87' lang='lat' dir='ltr'><strong>de</strong></span> <span class='ocrx_word' id='word_1_39' title='bbox 1572 547 1790 616; x_wconf 71' lang='lat' dir='ltr'><strong>apostol’</strong></span> 
     </span>
    </p>
   </div>
   <div class='ocr_carea' id='block_1_7' title="bbox 2131 539 3628 616">
    <p class='ocr_par' dir='ltr' id='par_1_7' title="bbox 2131 539 3628 612">
     <span class='ocr_line' id='line_1_7' title="bbox 2131 539 3628 612; baseline -0.001 -18"><span class='ocrx_word' id='word_1_40' title='bbox 2131 558 2179 606; x_wconf 86' lang='grc' dir='ltr'><strong>ις</strong></span> <span class='ocrx_word' id='word_1_41' title='bbox 2197 539 2445 610; x_wconf 85' lang='grc' dir='ltr'><em>δυνάμει</em></span> <span class='ocrx_word' id='word_1_42' title='bbox 2473 541 2676 611; x_wconf 74' lang='grc' dir='ltr'><em>πολλῇ</em></span> <span class='ocrx_word' id='word_1_43' title='bbox 2693 560 2706 573; x_wconf 89' lang='grc'><strong>·</strong></span> <span class='ocrx_word' id='word_1_44' title='bbox 2738 545 2771 595; x_wconf 86' lang='grc' dir='ltr'><strong>ό</strong></span> <span class='ocrx_word' id='word_1_45' title='bbox 2789 543 3093 609; x_wconf 78' lang='grc' dir='ltr'><em>,βασιλεὺς</em></span> <span class='ocrx_word' id='word_1_46' title='bbox 3112 542 3230 597; x_wconf 77' lang='grc' dir='ltr'>τῶν</span> <span class='ocrx_word' id='word_1_47' title='bbox 3252 542 3628 612; x_wconf 78' lang='grc' dir='ltr'><strong>δυνάμεων</strong></span> 
     </span>
    </p>
   </div>
   <div class='ocr_carea' id='block_1_8' title="bbox 294 630 1791 706">
    <p class='ocr_par' dir='ltr' id='par_1_8' title="bbox 294 633 1791 706">
     <span class='ocr_line' id='line_1_8' title="bbox 294 633 1791 706; baseline 0.001 -18"><span class='ocrx_word' id='word_1_48' title='bbox 294 633 547 690; x_wconf 74' lang='lat' dir='ltr'><strong>fortassis</strong></span> <span class='ocrx_word' id='word_1_49' title='bbox 569 641 731 690; x_wconf 86' lang='lat' dir='ltr'><strong>etiam</strong></span> <span class='ocrx_word' id='word_1_50' title='bbox 760 637 827 691; x_wconf 89' lang='lat' dir='ltr'><strong>de</strong></span> <span class='ocrx_word' id='word_1_51' title='bbox 852 637 1206 706; x_wconf 80' lang='lat' dir='ltr'><strong>evangelistis</strong></span> <span class='ocrx_word' id='word_1_52' title='bbox 1238 637 1312 691; x_wconf 86' lang='lat' dir='ltr'><strong>ait</strong></span> <span class='ocrx_word' id='word_1_53' title='bbox 1343 637 1390 669; x_wconf 78' lang='grc'><strong>⁸⁰</strong></span> <span class='ocrx_word' id='word_1_54' title='bbox 1424 653 1437 691; x_wconf 92' lang='lat'>:</span> <span class='ocrx_word' id='word_1_55' title='bbox 1484 637 1740 692; x_wconf 86' lang='lat' dir='ltr'><strong>Dominus</strong></span> <span class='ocrx_word' id='word_1_56' title='bbox 1776 656 1791 689; x_wconf 80' lang='grc' dir='ltr'><strong>ι</strong></span> 
     </span>
    </p>
   </div>
   <div class='ocr_carea' id='block_1_9' title="bbox 2130 630 3627 706">
    <p class='ocr_par' dir='ltr' id='par_1_9' title="bbox 2130 631 3627 704">
     <span class='ocr_line' id='line_1_9' title="bbox 2130 631 3627 704; baseline 0.005 -19"><span class='ocrx_word' id='word_1_57' title='bbox 2130 631 2445 701; x_wconf 75' lang='grc' dir='ltr'>ἱγαπητοῦ·</span> <span class='ocrx_word' id='word_1_58' title='bbox 2474 632 2591 704; x_wconf 74' lang='grc' dir='ltr'><strong>ἅμα</strong></span> <span class='ocrx_word' id='word_1_59' title='bbox 2614 636 2708 688; x_wconf 74' lang='grc' dir='ltr'>καὶ</span> <span class='ocrx_word' id='word_1_60' title='bbox 2746 634 3046 699; x_wconf 84' lang='grc' dir='ltr'><strong>διδάσκων,</strong></span> <span class='ocrx_word' id='word_1_61' title='bbox 3088 636 3171 689; x_wconf 86' lang='grc' dir='ltr'>ὃτι</span> <span class='ocrx_word' id='word_1_62' title='bbox 3217 634 3278 688; x_wconf 82' lang='grc' dir='ltr'><strong>οῦ</strong></span> <span class='ocrx_word' id='word_1_63' title='bbox 3318 633 3627 692; x_wconf 78' lang='grc' dir='ltr'>σύνθεσις</span> 
     </span>
    </p>
   </div>
   <div class='ocr_carea' id='block_1_10' title="bbox 291 718 1788 797">
    <p class='ocr_par' dir='ltr' id='par_1_10' title="bbox 291 724 1788 795">
     <span class='ocr_line' id='line_1_10' title="bbox 291 724 1788 795; baseline 0.002 -17"><span class='ocrx_word' id='word_1_64' title='bbox 291 724 365 778; x_wconf 79' lang='lat' dir='ltr'><strong>bit</strong></span> <span class='ocrx_word' id='word_1_65' title='bbox 398 727 609 778; x_wconf 80' lang='lat' dir='ltr'><strong>verbum</strong></span> <span class='ocrx_word' id='word_1_66' title='bbox 656 727 1138 795; x_wconf 77' lang='lat' dir='ltr'><strong>euangelizantibus</strong></span> <span class='ocrx_word' id='word_1_67' title='bbox 1169 727 1368 781; x_wconf 84' lang='lat' dir='ltr'><strong>virtute</strong></span> <span class='ocrx_word' id='word_1_68' title='bbox 1404 728 1576 781; x_wconf 87' lang='lat' dir='ltr'><strong>multa</strong></span> <span class='ocrx_word' id='word_1_69' title='bbox 1607 746 1625 785; x_wconf 91' lang='lat'><strong><em>:</em></strong></span> <span class='ocrx_word' id='word_1_70' title='bbox 1657 744 1788 782; x_wconf 65' lang='lat' dir='ltr'><strong>rex:</strong></span> 
     </span>
    </p>
   </div>
   <div class='ocr_carea' id='block_1_11' title="bbox 2131 718 3628 797">
    <p class='ocr_par' dir='ltr' id='par_1_11' title="bbox 2131 722 3628 797">
     <span class='ocr_line' id='line_1_11' title="bbox 2131 722 3628 797; baseline 0.001 -23"><span class='ocrx_word' id='word_1_71' title='bbox 2131 739 2163 785; x_wconf 72' lang='grc' dir='ltr'><strong>ι,</strong></span> <span class='ocrx_word' id='word_1_72' title='bbox 2189 722 2284 776; x_wconf 78' lang='grc' dir='ltr'><strong>καὶ</strong></span> <span class='ocrx_word' id='word_1_73' title='bbox 2316 723 2567 794; x_wconf 83' lang='grc' dir='ltr'>προφορὰ</span> <span class='ocrx_word' id='word_1_74' title='bbox 2587 723 2801 793; x_wconf 83' lang='grc' dir='ltr'>φωνῶν,</span> <span class='ocrx_word' id='word_1_75' title='bbox 2827 726 2923 782; x_wconf 78' lang='grc' dir='ltr'><strong>καὶ</strong></span> <span class='ocrx_word' id='word_1_76' title='bbox 2944 725 3230 797; x_wconf 73' lang='grc' dir='ltr'><strong>ἠσκημένη</strong></span> <span class='ocrx_word' id='word_1_77' title='bbox 3259 722 3628 789; x_wconf 76' lang='grc' dir='ltr'>καλλιλεξία</span> 
     </span>
    </p>
   </div>
   <div class='ocr_carea' id='block_1_12' title="bbox 294 813 1791 890">
    <p class='ocr_par' dir='ltr' id='par_1_12' title="bbox 294 816 1791 888">
     <span class='ocr_line' id='line_1_12' title="bbox 294 816 1791 888; baseline 0.002 -21"><span class='ocrx_word' id='word_1_78' title='bbox 294 821 464 868; x_wconf 84' lang='lat' dir='ltr'><strong>tutum</strong></span> <span class='ocrx_word' id='word_1_79' title='bbox 498 817 716 883; x_wconf 85' lang='lat' dir='ltr'><strong>dilecti;</strong></span> <span class='ocrx_word' id='word_1_80' title='bbox 746 817 908 871; x_wconf 87' lang='lat' dir='ltr'><strong>simul</strong></span> <span class='ocrx_word' id='word_1_81' title='bbox 942 819 1108 872; x_wconf 86' lang='lat' dir='ltr'><strong>etiam</strong></span> <span class='ocrx_word' id='word_1_82' title='bbox 1143 818 1349 872; x_wconf 79' lang='lat' dir='ltr'><strong>docens</strong></span> <span class='ocrx_word' id='word_1_83' title='bbox 1394 833 1499 872; x_wconf 92' lang='lat' dir='ltr'><strong>nou</strong></span> <span class='ocrx_word' id='word_1_84' title='bbox 1533 816 1791 888; x_wconf 79' lang='lat' dir='ltr'><strong>composit</strong></span> 
     </span>
    </p>
   </div>
   <div class='ocr_carea' id='block_1_13' title="bbox 2130 813 3627 890">
    <p class='ocr_par' dir='ltr' id='par_1_13' title="bbox 2130 813 3627 890">
     <span class='ocr_line' id='line_1_13' title="bbox 2130 813 3627 890; baseline 0.003 -25"><span class='ocrx_word' id='word_1_85' title='bbox 2130 854 2132 863; x_wconf 47' lang='grc' dir='ltr'><em>ν</em></span> <span class='ocrx_word' id='word_1_86' title='bbox 2162 813 2301 886; x_wconf 83' lang='grc' dir='ltr'>πρὸς</span> <span class='ocrx_word' id='word_1_87' title='bbox 2337 815 2399 868; x_wconf 83' lang='grc' dir='ltr'><strong>τὸ</strong></span> <span class='ocrx_word' id='word_1_88' title='bbox 2430 814 2662 879; x_wconf 79' lang='grc' dir='ltr'><strong>πείθειν,</strong></span> <span class='ocrx_word' id='word_1_89' title='bbox 2692 815 2828 871; x_wconf 77' lang='grc' dir='ltr'>ἀλλὰ</span> <span class='ocrx_word' id='word_1_90' title='bbox 2862 818 3146 890; x_wconf 83' lang='grc' dir='ltr'>δυνάμεως</span> <span class='ocrx_word' id='word_1_91' title='bbox 3186 818 3335 884; x_wconf 84' lang='grc' dir='ltr'><strong>θείας</strong></span> <span class='ocrx_word' id='word_1_92' title='bbox 3381 820 3627 888; x_wconf 76' lang='grc' dir='ltr'>ἐπιχο-</span> 
     </span>
    </p>
   </div>
   <div class='ocr_carea' id='block_1_14' title="bbox 292 904 1789 983">
    <p class='ocr_par' dir='ltr' id='par_1_14' title="bbox 292 904 1789 974">
     <span class='ocr_line' id='line_1_14' title="bbox 292 904 1789 974; baseline -0.002 -14"><span class='ocrx_word' id='word_1_93' title='bbox 292 918 419 960; x_wconf 84' lang='lat' dir='ltr'><strong>nent</strong></span> <span class='ocrx_word' id='word_1_94' title='bbox 457 907 774 971; x_wconf 81' lang='lat' dir='ltr'><strong>verborum,</strong></span> <span class='ocrx_word' id='word_1_95' title='bbox 804 921 909 959; x_wconf 91' lang='lat' dir='ltr'><strong>non</strong></span> <span class='ocrx_word' id='word_1_96' title='bbox 933 906 1292 974; x_wconf 76' lang='lat' dir='ltr'><strong>prolationem</strong></span> <span class='ocrx_word' id='word_1_97' title='bbox 1322 919 1536 967; x_wconf 88' lang='lat' dir='ltr'><strong>vocum,</strong></span> <span class='ocrx_word' id='word_1_98' title='bbox 1562 918 1667 958; x_wconf 85' lang='lat' dir='ltr'><strong>non</strong></span> <span class='ocrx_word' id='word_1_99' title='bbox 1693 904 1789 958; x_wconf 87' lang='lat' dir='ltr'><strong>elal</strong></span> 
     </span>
    </p>
   </div>
   <div class='ocr_carea' id='block_1_15' title="bbox 2129 904 3626 983">
    <p class='ocr_par' dir='ltr' id='par_1_15' title="bbox 2129 909 3626 983">
     <span class='ocr_line' id='line_1_15' title="bbox 2129 909 3626 983; baseline 0 -22"><span class='ocrx_word' id='word_1_100' title='bbox 2129 925 2168 963; x_wconf 83' lang='lat' dir='ltr'><strong>t.</strong></span> <span class='ocrx_word' id='word_1_101' title='bbox 2212 909 2414 981; x_wconf 84' lang='grc' dir='ltr'><strong>Διόπερ</strong></span> <span class='ocrx_word' id='word_1_102' title='bbox 2454 909 2548 962; x_wconf 77' lang='grc' dir='ltr'><strong>καὶ</strong></span> <span class='ocrx_word' id='word_1_103' title='bbox 2573 910 2603 961; x_wconf 84' lang='grc' dir='ltr'><em>ὁ</em></span> <span class='ocrx_word' id='word_1_104' title='bbox 2636 909 2848 976; x_wconf 87' lang='grc' dir='ltr'>Παῦλός</span> <span class='ocrx_word' id='word_1_105' title='bbox 2876 928 2980 964; x_wconf 90' lang='grc' dir='ltr'><strong>που</strong></span> <span class='ocrx_word' id='word_1_106' title='bbox 3024 912 3197 983; x_wconf 80' lang='grc' dir='ltr'>φησί’</span> <span class='ocrx_word' id='word_1_107' title='bbox 3248 911 3626 981; x_wconf 78' lang='grc' dir='ltr'><strong>Γνώσομιιι</strong></span> 
     </span>
    </p>
   </div>
   <div class='ocr_carea' id='block_1_16' title="bbox 297 995 1794 1071">
    <p class='ocr_par' dir='ltr' id='par_1_16' title="bbox 297 995 1794 1064">
     <span class='ocr_line' id='line_1_16' title="bbox 297 995 1794 1064; baseline -0.001 -15"><span class='ocrx_word' id='word_1_108' title='bbox 297 1004 474 1049; x_wconf 86' lang='lat' dir='ltr'><strong>ratam</strong></span> <span class='ocrx_word' id='word_1_109' title='bbox 505 996 775 1050; x_wconf 81' lang='lat' dir='ltr'><strong>orationis</strong></span> <span class='ocrx_word' id='word_1_110' title='bbox 823 995 1287 1059; x_wconf 70' lang='lat' dir='ltr'><strong>pulchritudinem</strong></span> <span class='ocrx_word' id='word_1_111' title='bbox 1321 997 1389 1049; x_wconf 88' lang='lat' dir='ltr'><strong>ad</strong></span> <span class='ocrx_word' id='word_1_112' title='bbox 1442 996 1794 1064; x_wconf 72' lang='lat' dir='ltr'><strong>persuadendi</strong></span> 
     </span>
    </p>
   </div>
   <div class='ocr_carea' id='block_1_17' title="bbox 2125 995 3622 1071">
    <p class='ocr_par' dir='ltr' id='par_1_17' title="bbox 2125 996 3622 1071">
     <span class='ocr_line' id='line_1_17' title="bbox 2125 996 3622 1071; baseline 0.003 -21"><span class='ocrx_word' id='word_1_113' title='bbox 2125 996 2190 1050; x_wconf 81' lang='grc' dir='ltr'><em>ὸν</em></span> <span class='ocrx_word' id='word_1_114' title='bbox 2217 999 2405 1067; x_wconf 71' lang='grc' dir='ltr'><em>λόγον</em></span> <span class='ocrx_word' id='word_1_115' title='bbox 2424 997 2532 1054; x_wconf 82' lang='grc' dir='ltr'><strong>τὸν</strong></span> <span class='ocrx_word' id='word_1_116' title='bbox 2551 1000 3033 1070; x_wconf 71' lang='grc' dir='ltr'><strong>πεφυσιωμένων,</strong></span> <span class='ocrx_word' id='word_1_117' title='bbox 3066 1002 3227 1057; x_wconf 75' lang='grc' dir='ltr'><em>ἀλλὰ</em></span> <span class='ocrx_word' id='word_1_118' title='bbox 3249 1002 3366 1071; x_wconf 80' lang='grc' dir='ltr'><strong>τὴν</strong></span> <span class='ocrx_word' id='word_1_119' title='bbox 3387 1001 3622 1057; x_wconf 81' lang='grc' dir='ltr'><em>δύνα-</em></span> 
     </span>
    </p>
   </div>
   <div class='ocr_carea' id='block_1_18' title="bbox 296 1086 1793 1161">
    <p class='ocr_par' dir='ltr' id='par_1_18' title="bbox 296 1086 1793 1157">
     <span class='ocr_line' id='line_1_18' title="bbox 296 1086 1793 1157; baseline -0.002 -17"><span class='ocrx_word' id='word_1_120' title='bbox 296 1088 619 1150; x_wconf 85' lang='lat' dir='ltr'><strong>couducere.</strong></span> <span class='ocrx_word' id='word_1_121' title='bbox 638 1088 731 1142; x_wconf 90' lang='lat' dir='ltr'><strong>sed</strong></span> <span class='ocrx_word' id='word_1_122' title='bbox 749 1088 966 1142; x_wconf 89' lang='lat' dir='ltr'><strong>virtutis</strong></span> <span class='ocrx_word' id='word_1_123' title='bbox 985 1087 1181 1142; x_wconf 73' lang='lat' dir='ltr'><strong>divinze</strong></span> <span class='ocrx_word' id='word_1_124' title='bbox 1198 1086 1709 1157; x_wconf 20' lang='lat' dir='ltr'><strong>suppetli‘mtionem.</strong></span> <span class='ocrx_word' id='word_1_125' title='bbox 1733 1086 1793 1153; x_wconf 78' lang='lat' dir='ltr'><strong>Q:</strong></span> 
     </span>
    </p>
   </div>
   <div class='ocr_carea' id='block_1_19' title="bbox 2120 1086 3617 1161">
    <p class='ocr_par' dir='ltr' id='par_1_19' title="bbox 2140 1090 3617 1161">
     <span class='ocr_line' id='line_1_19' title="bbox 2140 1090 3617 1161; baseline 0.001 -18"><span class='ocrx_word' id='word_1_126' title='bbox 2140 1091 2212 1144; x_wconf 85' lang='grc' dir='ltr'><strong>οὐ</strong></span> <span class='ocrx_word' id='word_1_127' title='bbox 2252 1091 2365 1160; x_wconf 76' lang='grc' dir='ltr'><strong>γὰρ</strong></span> <span class='ocrx_word' id='word_1_128' title='bbox 2408 1090 2480 1145; x_wconf 81' lang='grc' dir='ltr'><em>ἐν</em></span> <span class='ocrx_word' id='word_1_129' title='bbox 2523 1093 2685 1161; x_wconf 71' lang='grc' dir='ltr'>λόγῳ</span> <span class='ocrx_word' id='word_1_130' title='bbox 2708 1093 2747 1161; x_wconf 75' lang='grc' dir='ltr'>ἡ</span> <span class='ocrx_word' id='word_1_131' title='bbox 2774 1093 3066 1158; x_wconf 76' lang='grc' dir='ltr'><em>βασιλεία</em></span> <span class='ocrx_word' id='word_1_132' title='bbox 3088 1094 3196 1149; x_wconf 86' lang='grc' dir='ltr'><strong>τοῦ</strong></span> <span class='ocrx_word' id='word_1_133' title='bbox 3222 1095 3398 1161; x_wconf 83' lang='grc' dir='ltr'>Θεοῦ,</span> <span class='ocrx_word' id='word_1_134' title='bbox 3436 1092 3617 1149; x_wconf 67' lang='grc' dir='ltr'><strong>ἀλλ’</strong></span> 
     </span>
    </p>
   </div>
   <div class='ocr_carea' id='block_1_20' title="bbox 296 1178 1793 1256">
    <p class='ocr_par' dir='ltr' id='par_1_20' title="bbox 296 1178 1793 1250">
     <span class='ocr_line' id='line_1_20' title="bbox 296 1178 1793 1250; baseline -0.001 -15"><span class='ocrx_word' id='word_1_135' title='bbox 296 1196 355 1235; x_wconf 85' lang='lat' dir='ltr'><strong>re</strong></span> <span class='ocrx_word' id='word_1_136' title='bbox 378 1179 578 1234; x_wconf 81' lang='lat' dir='ltr'><strong>Paulus</strong></span> <span class='ocrx_word' id='word_1_137' title='bbox 600 1181 763 1235; x_wconf 85' lang='lat' dir='ltr'><strong>etiam</strong></span> <span class='ocrx_word' id='word_1_138' title='bbox 793 1180 991 1235; x_wconf 92' lang='lat' dir='ltr'><strong>alicubi</strong></span> <span class='ocrx_word' id='word_1_139' title='bbox 1021 1180 1067 1212; x_wconf 67' lang='grc' dir='ltr'><strong>δι</strong></span> <span class='ocrx_word' id='word_1_140' title='bbox 1092 1180 1171 1234; x_wconf 91' lang='lat' dir='ltr'><strong>sic</strong></span> <span class='ocrx_word' id='word_1_141' title='bbox 1199 1180 1377 1248; x_wconf 85' lang='lat' dir='ltr'><strong>inquit</strong></span> <span class='ocrx_word' id='word_1_142' title='bbox 1404 1197 1418 1234; x_wconf 91' lang='lat'><strong>:</strong></span> <span class='ocrx_word' id='word_1_143' title='bbox 1450 1178 1572 1233; x_wconf 86' lang='lat' dir='ltr'><strong>Non</strong></span> <span class='ocrx_word' id='word_1_144' title='bbox 1594 1194 1793 1250; x_wconf 20' lang='lat' dir='ltr'><strong>agnosci</strong></span> 
     </span>
    </p>
   </div>
   <div class='ocr_carea' id='block_1_21' title="bbox 2119 1178 3616 1256">
    <p class='ocr_par' dir='ltr' id='par_1_21' title="bbox 2119 1181 3616 1256">
     <span class='ocr_line' id='line_1_21' title="bbox 2119 1181 3616 1256; baseline 0.001 -21"><span class='ocrx_word' id='word_1_145' title='bbox 2119 1181 2322 1250; x_wconf 81' lang='grc' dir='ltr'><em>υνάμει</em></span> <span class='ocrx_word' id='word_1_146' title='bbox 2344 1199 2359 1212; x_wconf 90' lang='grc'><strong>·</strong></span> <span class='ocrx_word' id='word_1_147' title='bbox 2387 1181 2483 1235; x_wconf 73' lang='grc' dir='ltr'>καὶ</span> <span class='ocrx_word' id='word_1_148' title='bbox 2508 1182 2567 1236; x_wconf 78' lang='grc' dir='ltr'>ἐν</span> <span class='ocrx_word' id='word_1_149' title='bbox 2594 1181 2774 1246; x_wconf 77' lang='grc' dir='ltr'>ἄλλοις</span> <span class='ocrx_word' id='word_1_150' title='bbox 2793 1200 2807 1213; x_wconf 94' lang='grc'><strong>·</strong></span> <span class='ocrx_word' id='word_1_151' title='bbox 2838 1184 2947 1237; x_wconf 82' lang='grc' dir='ltr'><strong>Καὶ</strong></span> <span class='ocrx_word' id='word_1_152' title='bbox 2983 1186 3016 1239; x_wconf 87' lang='grc' dir='ltr'><strong>ό</strong></span> <span class='ocrx_word' id='word_1_153' title='bbox 3052 1187 3237 1256; x_wconf 71' lang='grc' dir='ltr'>λόγος</span> <span class='ocrx_word' id='word_1_154' title='bbox 3276 1202 3399 1255; x_wconf 65' lang='grc' dir='ltr'><strong>μου</strong></span> <span class='ocrx_word' id='word_1_155' title='bbox 3418 1224 3438 1247; x_wconf 84' lang='grc'><em>,</em></span> <span class='ocrx_word' id='word_1_156' title='bbox 3490 1188 3616 1237; x_wconf 72' lang='grc' dir='ltr'><strong>καὶ</strong></span> 
     </span>
    </p>
   </div>
   <div class='ocr_carea' id='block_1_22' title="bbox 291 1270 1788 1348">
    <p class='ocr_par' dir='ltr' id='par_1_22' title="bbox 291 1271 1788 1343">
     <span class='ocr_line' id='line_1_22' title="bbox 291 1271 1788 1343; baseline 0 -17"><span class='ocrx_word' id='word_1_157' title='bbox 291 1288 586 1326; x_wconf 84' lang='lat' dir='ltr'><strong>sermonem</strong></span> <span class='ocrx_word' id='word_1_158' title='bbox 616 1273 837 1326; x_wconf 86' lang='lat' dir='ltr'><strong>istorum</strong></span> <span class='ocrx_word' id='word_1_159' title='bbox 860 1273 947 1343; x_wconf 85' lang='lat' dir='ltr'><strong>qui</strong></span> <span class='ocrx_word' id='word_1_160' title='bbox 974 1284 1094 1326; x_wconf 84' lang='lat' dir='ltr'><strong>sunt</strong></span> <span class='ocrx_word' id='word_1_161' title='bbox 1123 1272 1321 1342; x_wconf 81' lang='lat' dir='ltr'><strong>inﬂati,</strong></span> <span class='ocrx_word' id='word_1_162' title='bbox 1350 1273 1438 1326; x_wconf 87' lang='lat' dir='ltr'><strong>sed</strong></span> <span class='ocrx_word' id='word_1_163' title='bbox 1469 1274 1736 1326; x_wconf 81' lang='lat' dir='ltr'><strong>virtutem.</strong></span> <span class='ocrx_word' id='word_1_164' title='bbox 1766 1271 1788 1325; x_wconf 74' lang='lat'><em>1</em></span> 
     </span>
    </p>
   </div>
   <div class='ocr_carea' id='block_1_23' title="bbox 2112 1270 3609 1348">
    <p class='ocr_par' dir='ltr' id='par_1_23' title="bbox 2112 1273 3609 1348">
     <span class='ocr_line' id='line_1_23' title="bbox 2112 1273 3609 1348; baseline 0.005 -25"><span class='ocrx_word' id='word_1_165' title='bbox 2112 1273 2356 1343; x_wconf 74' lang='grc' dir='ltr'><strong>τήρυγμά</strong></span> <span class='ocrx_word' id='word_1_166' title='bbox 2373 1292 2494 1343; x_wconf 85' lang='grc' dir='ltr'><strong>μου</strong></span> <span class='ocrx_word' id='word_1_167' title='bbox 2537 1276 2650 1328; x_wconf 84' lang='grc' dir='ltr'><strong>οὐκ</strong></span> <span class='ocrx_word' id='word_1_168' title='bbox 2695 1275 2767 1328; x_wconf 85' lang='grc' dir='ltr'><em>ἐν</em></span> <span class='ocrx_word' id='word_1_169' title='bbox 2814 1276 3039 1346; x_wconf 80' lang='grc' dir='ltr'><em>πειθοῒς</em></span> <span class='ocrx_word' id='word_1_170' title='bbox 3071 1279 3294 1347; x_wconf 73' lang='grc' dir='ltr'><em>σοφίας</em></span> <span class='ocrx_word' id='word_1_171' title='bbox 3335 1278 3609 1348; x_wconf 73' lang='grc' dir='ltr'><strong>λόγοις,</strong></span> 
     </span>
    </p>
   </div>
   <div class='ocr_carea' id='block_1_24' title="bbox 293 1364 1790 1441">
    <p class='ocr_par' dir='ltr' id='par_1_24' title="bbox 293 1364 1779 1433">
     <span class='ocr_line' id='line_1_24' title="bbox 293 1364 1779 1433; baseline 0 -17"><span class='ocrx_word' id='word_1_172' title='bbox 293 1365 432 1417; x_wconf 85' lang='lat' dir='ltr'><strong>enim</strong></span> <span class='ocrx_word' id='word_1_173' title='bbox 471 1374 546 1417; x_wconf 85' lang='lat' dir='ltr'><strong>est</strong></span> <span class='ocrx_word' id='word_1_174' title='bbox 591 1364 647 1417; x_wconf 86' lang='lat' dir='ltr'><strong>in</strong></span> <span class='ocrx_word' id='word_1_175' title='bbox 683 1381 919 1418; x_wconf 82' lang='lat' dir='ltr'><strong>sermone</strong></span> <span class='ocrx_word' id='word_1_176' title='bbox 944 1380 1159 1433; x_wconf 81' lang='lat' dir='ltr'><strong>regnum</strong></span> <span class='ocrx_word' id='word_1_177' title='bbox 1207 1365 1323 1426; x_wconf 84' lang='lat' dir='ltr'><strong>Dei.</strong></span> <span class='ocrx_word' id='word_1_178' title='bbox 1364 1365 1454 1418; x_wconf 83' lang='lat' dir='ltr'><strong>sed</strong></span> <span class='ocrx_word' id='word_1_179' title='bbox 1486 1366 1540 1418; x_wconf 86' lang='lat' dir='ltr'><strong>in</strong></span> <span class='ocrx_word' id='word_1_180' title='bbox 1566 1366 1779 1418; x_wconf 85' lang='lat' dir='ltr'><strong>virtute.</strong></span> 
     </span>
    </p>
   </div>
   <div class='ocr_carea' id='block_1_25' title="bbox 2114 1364 3611 1441">
    <p class='ocr_par' dir='ltr' id='par_1_25' title="bbox 2114 1365 3611 1441">
     <span class='ocr_line' id='line_1_25' title="bbox 2114 1365 3611 1441; baseline 0.004 -23"><span class='ocrx_word' id='word_1_181' title='bbox 2114 1366 2202 1418; x_wconf 80' lang='grc' dir='ltr'><strong>’ἐν</strong></span> <span class='ocrx_word' id='word_1_182' title='bbox 2221 1365 2524 1432; x_wconf 77' lang='grc' dir='ltr'><strong>ἀποδείξει</strong></span> <span class='ocrx_word' id='word_1_183' title='bbox 2541 1368 2883 1438; x_wconf 84' lang='grc' dir='ltr'><em>πνεύματος</em></span> <span class='ocrx_word' id='word_1_184' title='bbox 2907 1369 3005 1423; x_wconf 76' lang='grc' dir='ltr'><strong>καὶ</strong></span> <span class='ocrx_word' id='word_1_185' title='bbox 3027 1368 3348 1439; x_wconf 80' lang='grc' dir='ltr'><em>δυνάμεως.</em></span> <span class='ocrx_word' id='word_1_186' title='bbox 3376 1369 3611 1441; x_wconf 83' lang='grc' dir='ltr'><strong>Ταύτῃ</strong></span> 
     </span>
    </p>
   </div>
   <div class='ocr_carea' id='block_1_26' title="bbox 294 1454 1791 1532">
    <p class='ocr_par' dir='ltr' id='par_1_26' title="bbox 294 1454 1786 1524">
     <span class='ocr_line' id='line_1_26' title="bbox 294 1454 1786 1524; baseline 0.001 -16"><span class='ocrx_word' id='word_1_187' title='bbox 294 1455 430 1509; x_wconf 86' lang='lat' dir='ltr'><strong>alias</strong></span> <span class='ocrx_word' id='word_1_188' title='bbox 451 1456 497 1487; x_wconf 81' lang='grc'><strong>³²</strong></span> <span class='ocrx_word' id='word_1_189' title='bbox 541 1473 553 1506; x_wconf 89' lang='lat'>:</span> <span class='ocrx_word' id='word_1_190' title='bbox 590 1454 774 1509; x_wconf 88' lang='lat' dir='ltr'><strong>Sermo</strong></span> <span class='ocrx_word' id='word_1_191' title='bbox 808 1472 953 1510; x_wconf 81' lang='lat' dir='ltr'><strong>meus</strong></span> <span class='ocrx_word' id='word_1_192' title='bbox 985 1467 1028 1509; x_wconf 90' lang='lat' dir='ltr'><strong>et</strong></span> <span class='ocrx_word' id='word_1_193' title='bbox 1055 1456 1369 1524; x_wconf 74' lang='lat' dir='ltr'><strong>pra&#39;dicatio</strong></span> <span class='ocrx_word' id='word_1_194' title='bbox 1398 1473 1513 1510; x_wconf 88' lang='lat' dir='ltr'><strong>mea</strong></span> <span class='ocrx_word' id='word_1_195' title='bbox 1546 1473 1649 1510; x_wconf 83' lang='lat' dir='ltr'><strong>non</strong></span> <span class='ocrx_word' id='word_1_196' title='bbox 1676 1457 1731 1509; x_wconf 85' lang='lat' dir='ltr'><strong>in</strong></span> <span class='ocrx_word' id='word_1_197' title='bbox 1755 1473 1786 1524; x_wconf 84' lang='lat' dir='ltr'><strong>p</strong></span> 
     </span>
    </p>
   </div>
   <div class='ocr_carea' id='block_1_27' title="bbox 2112 1454 3609 1532">
    <p class='ocr_par' dir='ltr' id='par_1_27' title="bbox 2112 1456 3609 1532">
     <span class='ocr_line' id='line_1_27' title="bbox 2112 1456 3609 1532; baseline 0.003 -21"><span class='ocrx_word' id='word_1_198' title='bbox 2112 1456 2299 1529; x_wconf 82' lang='grc' dir='ltr'>υνάμει</span> <span class='ocrx_word' id='word_1_199' title='bbox 2351 1458 2754 1531; x_wconf 80' lang='grc' dir='ltr'><strong>μαρτυροῦντες</strong></span> <span class='ocrx_word' id='word_1_200' title='bbox 2799 1461 2829 1513; x_wconf 87' lang='grc' dir='ltr'>ὀ</span> <span class='ocrx_word' id='word_1_201' title='bbox 2878 1461 3060 1532; x_wconf 84' lang='grc' dir='ltr'>Σίμων</span> <span class='ocrx_word' id='word_1_202' title='bbox 3109 1462 3206 1515; x_wconf 78' lang='grc' dir='ltr'><strong>καὶ</strong></span> <span class='ocrx_word' id='word_1_203' title='bbox 3240 1464 3269 1515; x_wconf 89' lang='grc' dir='ltr'><strong>ό</strong></span> <span class='ocrx_word' id='word_1_204' title='bbox 3305 1461 3609 1525; x_wconf 75' lang='grc' dir='ltr'><strong>Κλεόπας</strong></span> 
     </span>
    </p>
   </div>
   <div class='ocr_carea' id='block_1_28' title="bbox 297 1546 1794 1625">
    <p class='ocr_par' dir='ltr' id='par_1_28' title="bbox 297 1546 1794 1613">
     <span class='ocr_line' id='line_1_28' title="bbox 297 1546 1794 1613; baseline 0.002 -16"><span class='ocrx_word' id='word_1_205' title='bbox 297 1546 644 1599; x_wconf 83' lang='lat' dir='ltr'><strong>suasibilibus</strong></span> <span class='ocrx_word' id='word_1_206' title='bbox 690 1546 964 1613; x_wconf 74' lang='lat' dir='ltr'><strong>sapientia:</strong></span> <span class='ocrx_word' id='word_1_207' title='bbox 1010 1548 1200 1612; x_wconf 76' lang='lat' dir='ltr'><strong>verbis,</strong></span> <span class='ocrx_word' id='word_1_208' title='bbox 1229 1547 1320 1601; x_wconf 84' lang='lat' dir='ltr'><strong>sed</strong></span> <span class='ocrx_word' id='word_1_209' title='bbox 1354 1549 1409 1599; x_wconf 88' lang='lat' dir='ltr'><strong>in</strong></span> <span class='ocrx_word' id='word_1_210' title='bbox 1432 1546 1794 1601; x_wconf 54' lang='lat' dir='ltr'><strong>demonstran]</strong></span> 
     </span>
    </p>
   </div>
   <div class='ocr_carea' id='block_1_29' title="bbox 2109 1546 3606 1625">
    <p class='ocr_par' dir='ltr' id='par_1_29' title="bbox 2109 1550 3606 1625">
     <span class='ocr_line' id='line_1_29' title="bbox 2109 1550 3606 1625; baseline 0.005 -23"><span class='ocrx_word' id='word_1_211' title='bbox 2109 1550 2179 1602; x_wconf 78' lang='grc' dir='ltr'><strong>ῐν·</strong></span> <span class='ocrx_word' id='word_1_212' title='bbox 2213 1551 2361 1620; x_wconf 80' lang='grc' dir='ltr'><strong>Οὐχὶ</strong></span> <span class='ocrx_word' id='word_1_213' title='bbox 2394 1552 2432 1620; x_wconf 75' lang='grc' dir='ltr'><strong><em>ἡ</em></strong></span> <span class='ocrx_word' id='word_1_214' title='bbox 2475 1552 2691 1619; x_wconf 80' lang='grc' dir='ltr'><strong>καρδία</strong></span> <span class='ocrx_word' id='word_1_215' title='bbox 2736 1551 2907 1623; x_wconf 73' lang='grc' dir='ltr'><strong>ἡμῶν</strong></span> <span class='ocrx_word' id='word_1_216' title='bbox 2931 1553 3217 1624; x_wconf 79' lang='grc' dir='ltr'><strong>καιομένη</strong></span> <span class='ocrx_word' id='word_1_217' title='bbox 3253 1551 3334 1625; x_wconf 81' lang='grc' dir='ltr'><em>ἦν</em></span> <span class='ocrx_word' id='word_1_218' title='bbox 3374 1556 3459 1609; x_wconf 79' lang='grc' dir='ltr'><em>ἐν</em></span> <span class='ocrx_word' id='word_1_219' title='bbox 3514 1551 3606 1623; x_wconf 77' lang='grc' dir='ltr'><strong>τῇ</strong></span> 
     </span>
    </p>
   </div>
   <div class='ocr_carea' id='block_1_30' title="bbox 290 1634 1787 1718">
    <p class='ocr_par' dir='ltr' id='par_1_30' title="bbox 290 1634 1787 1703">
     <span class='ocr_line' id='line_1_30' title="bbox 290 1634 1787 1703; baseline 0 -13"><span class='ocrx_word' id='word_1_220' title='bbox 290 1636 513 1703; x_wconf 71' lang='lat' dir='ltr'><strong>Spiritus</strong></span> <span class='ocrx_word' id='word_1_221' title='bbox 534 1646 582 1689; x_wconf 82' lang='lat' dir='ltr'><strong>et</strong></span> <span class='ocrx_word' id='word_1_222' title='bbox 610 1638 840 1691; x_wconf 83' lang='lat' dir='ltr'><strong>virtutis.</strong></span> <span class='ocrx_word' id='word_1_223' title='bbox 869 1634 1003 1691; x_wconf 91' lang='lat' dir='ltr'><strong>lluic</strong></span> <span class='ocrx_word' id='word_1_224' title='bbox 1031 1637 1217 1692; x_wconf 83' lang='lat' dir='ltr'><strong>virtuti</strong></span> <span class='ocrx_word' id='word_1_225' title='bbox 1250 1646 1578 1694; x_wconf 87' lang='lat' dir='ltr'><strong>attestantes</strong></span> <span class='ocrx_word' id='word_1_226' title='bbox 1610 1637 1787 1693; x_wconf 75' lang='lat' dir='ltr'><strong>Simon</strong></span> 
     </span>
    </p>
   </div>
   <div class='ocr_carea' id='block_1_31' title="bbox 2111 1634 3608 1718">
    <p class='ocr_par' dir='ltr' id='par_1_31' title="bbox 2132 1643 3608 1718">
     <span class='ocr_line' id='line_1_31' title="bbox 2132 1643 3608 1718; baseline 0.003 -20"><span class='ocrx_word' id='word_1_227' title='bbox 2132 1643 2243 1717; x_wconf 72' lang='lat'><strong>(48)</strong></span> <span class='ocrx_word' id='word_1_228' title='bbox 2264 1684 2278 1708; x_wconf 91' lang='lat'><strong>,</strong></span> <span class='ocrx_word' id='word_1_229' title='bbox 2319 1644 2401 1711; x_wconf 86' lang='grc' dir='ltr'><strong>ὡς</strong></span> <span class='ocrx_word' id='word_1_230' title='bbox 2441 1643 2743 1715; x_wconf 72' lang='grc' dir='ltr'><strong>διήνοιγεν</strong></span> <span class='ocrx_word' id='word_1_231' title='bbox 2784 1646 2928 1716; x_wconf 72' lang='grc' dir='ltr'><strong>ἡμῖν</strong></span> <span class='ocrx_word' id='word_1_232' title='bbox 2956 1648 3064 1713; x_wconf 79' lang='grc' dir='ltr'><strong>τὰς</strong></span> <span class='ocrx_word' id='word_1_233' title='bbox 3092 1647 3372 1718; x_wconf 70' lang='grc' dir='ltr'><strong>Γραφάς;</strong></span> <span class='ocrx_word' id='word_1_234' title='bbox 3414 1650 3494 1702; x_wconf 85' lang='grc' dir='ltr'><strong>υἱ</strong></span> <span class='ocrx_word' id='word_1_235' title='bbox 3537 1646 3608 1701; x_wconf 82' lang='grc' dir='ltr'><em>δὲ</em></span> 
     </span>
    </p>
   </div>
   <div class='ocr_carea' id='block_1_32' title="bbox 294 1714 1791 1811">
    <p class='ocr_par' dir='ltr' id='par_1_32' title="bbox 294 1730 1791 1800">
     <span class='ocr_line' id='line_1_32' title="bbox 294 1730 1791 1800; baseline 0.005 -14"><span class='ocrx_word' id='word_1_236' title='bbox 294 1730 524 1800; x_wconf 89' lang='lat' dir='ltr'><strong>Cleopas</strong></span> <span class='ocrx_word' id='word_1_237' title='bbox 551 1734 740 1788; x_wconf 88' lang='lat' dir='ltr'><strong>dicunt</strong></span> <span class='ocrx_word' id='word_1_238' title='bbox 771 1733 859 1786; x_wconf 76' lang='lat' dir='ltr'><strong>&quot;z</strong></span> <span class='ocrx_word' id='word_1_239' title='bbox 897 1733 1087 1788; x_wconf 83' lang='lat' dir='ltr'><strong>Nonne</strong></span> <span class='ocrx_word' id='word_1_240' title='bbox 1131 1751 1224 1789; x_wconf 87' lang='lat' dir='ltr'><strong>cor</strong></span> <span class='ocrx_word' id='word_1_241' title='bbox 1261 1745 1500 1790; x_wconf 87' lang='lat' dir='ltr'><strong>nostrum</strong></span> <span class='ocrx_word' id='word_1_242' title='bbox 1546 1738 1737 1793; x_wconf 86' lang='lat' dir='ltr'><strong>ardens</strong></span> <span class='ocrx_word' id='word_1_243' title='bbox 1765 1755 1791 1792; x_wconf 88' lang='lat' dir='ltr'><strong>e</strong></span> 
     </span>
    </p>
   </div>
   <div class='ocr_carea' id='block_1_33' title="bbox 2108 1714 3605 1811">
    <p class='ocr_par' dir='ltr' id='par_1_33' title="bbox 2108 1714 3605 1811">
     <span class='ocr_line' id='line_1_33' title="bbox 2108 1714 3605 1811; baseline 0.002 -23"><span class='ocrx_word' id='word_1_244' title='bbox 2108 1714 2289 1801; x_wconf 79' lang='grc' dir='ltr'>ςτολοι,</span> <span class='ocrx_word' id='word_1_245' title='bbox 2321 1736 2442 1790; x_wconf 74' lang='grc' dir='ltr'>ἐπεὶ</span> <span class='ocrx_word' id='word_1_246' title='bbox 2462 1736 2557 1790; x_wconf 73' lang='grc' dir='ltr'>καὶ</span> <span class='ocrx_word' id='word_1_247' title='bbox 2591 1714 2835 1809; x_wconf 61' lang='grc' dir='ltr'><strong>’ποσότης⁷</strong></span> <span class='ocrx_word' id='word_1_248' title='bbox 2858 1738 2978 1791; x_wconf 74' lang='grc' dir='ltr'>ἐστὶ</span> <span class='ocrx_word' id='word_1_249' title='bbox 3004 1714 3286 1810; x_wconf 54' lang='grc' dir='ltr'>δυνάμεως</span> <span class='ocrx_word' id='word_1_250' title='bbox 3308 1740 3605 1811; x_wconf 76' lang='grc' dir='ltr'>ἐπιχορη-</span> 
     </span>
    </p>
   </div>
   <div class='ocr_carea' id='block_1_34' title="bbox 290 1823 1787 1902">
    <p class='ocr_par' dir='ltr' id='par_1_34' title="bbox 290 1823 1787 1899">
     <span class='ocr_line' id='line_1_34' title="bbox 290 1823 1787 1899; baseline 0.004 -21"><span class='ocrx_word' id='word_1_251' title='bbox 290 1823 352 1878; x_wconf 80' lang='lat' dir='ltr'><strong>in</strong></span> <span class='ocrx_word' id='word_1_252' title='bbox 378 1826 484 1889; x_wconf 83' lang='lat' dir='ltr'><strong>via,</strong></span> <span class='ocrx_word' id='word_1_253' title='bbox 512 1841 631 1879; x_wconf 88' lang='lat' dir='ltr'><strong>cum</strong></span> <span class='ocrx_word' id='word_1_254' title='bbox 662 1827 927 1881; x_wconf 81' lang='lat' dir='ltr'><strong>reserabat</strong></span> <span class='ocrx_word' id='word_1_255' title='bbox 953 1828 1104 1882; x_wconf 87' lang='lat' dir='ltr'><strong>nobis</strong></span> <span class='ocrx_word' id='word_1_256' title='bbox 1138 1824 1486 1896; x_wconf 80' lang='lat' dir='ltr'><strong>Scripturas?</strong></span> <span class='ocrx_word' id='word_1_257' title='bbox 1520 1828 1720 1885; x_wconf 76' lang='lat' dir='ltr'><strong>Verum</strong></span> <span class='ocrx_word' id='word_1_258' title='bbox 1749 1844 1787 1899; x_wconf 66' lang='lat' dir='ltr'><strong>a1</strong></span> 
     </span>
    </p>
   </div>
   <div class='ocr_carea' id='block_1_35' title="bbox 2107 1823 3604 1902">
    <p class='ocr_par' dir='ltr' id='par_1_35' title="bbox 2107 1827 3604 1902">
     <span class='ocr_line' id='line_1_35' title="bbox 2107 1827 3604 1902; baseline 0.001 -21"><span class='ocrx_word' id='word_1_259' title='bbox 2107 1827 2251 1899; x_wconf 82' lang='grc' dir='ltr'><strong>ιένης</strong></span> <span class='ocrx_word' id='word_1_260' title='bbox 2271 1828 2376 1882; x_wconf 79' lang='grc' dir='ltr'><strong>ὑπὸ</strong></span> <span class='ocrx_word' id='word_1_261' title='bbox 2413 1828 2550 1883; x_wconf 84' lang='grc' dir='ltr'>Θεοῦ</span> <span class='ocrx_word' id='word_1_262' title='bbox 2579 1829 2914 1900; x_wconf 78' lang='grc' dir='ltr'>διαφέρουσα</span> <span class='ocrx_word' id='word_1_263' title='bbox 2942 1832 3055 1894; x_wconf 79' lang='grc' dir='ltr'>τοῖς</span> <span class='ocrx_word' id='word_1_264' title='bbox 3094 1829 3344 1900; x_wconf 81' lang='grc' dir='ltr'>λέγουσιν</span> <span class='ocrx_word' id='word_1_265' title='bbox 3363 1872 3378 1898; x_wconf 87' lang='grc'><em>,</em></span> <span class='ocrx_word' id='word_1_266' title='bbox 3421 1827 3604 1902; x_wconf 76' lang='grc' dir='ltr'>εἶχον</span> 
     </span>
    </p>
   </div>
   <div class='ocr_carea' id='block_1_36' title="bbox 296 1917 1793 1992">
    <p class='ocr_par' dir='ltr' id='par_1_36' title="bbox 296 1917 1793 1989">
     <span class='ocr_line' id='line_1_36' title="bbox 296 1917 1793 1989; baseline 0.005 -19"><span class='ocrx_word' id='word_1_267' title='bbox 296 1917 445 1982; x_wconf 89' lang='lat' dir='ltr'><strong>stoli,</strong></span> <span class='ocrx_word' id='word_1_268' title='bbox 487 1919 614 1987; x_wconf 82' lang='lat' dir='ltr'><strong>quia</strong></span> <span class='ocrx_word' id='word_1_269' title='bbox 674 1920 951 1987; x_wconf 82' lang='lat' dir='ltr'><strong>quantitas</strong></span> <span class='ocrx_word' id='word_1_270' title='bbox 999 1920 1221 1973; x_wconf 86' lang='lat' dir='ltr'><strong>virtutis</strong></span> <span class='ocrx_word' id='word_1_271' title='bbox 1250 1936 1278 1972; x_wconf 88' lang='lat' dir='ltr'><strong>a</strong></span> <span class='ocrx_word' id='word_1_272' title='bbox 1311 1920 1421 1974; x_wconf 89' lang='lat' dir='ltr'><strong>Deo</strong></span> <span class='ocrx_word' id='word_1_273' title='bbox 1452 1922 1793 1989; x_wconf 78' lang='lat' dir='ltr'><strong>praedicanti!</strong></span> 
     </span>
    </p>
   </div>
   <div class='ocr_carea' id='block_1_37' title="bbox 2102 1917 3599 1992">
    <p class='ocr_par' dir='ltr' id='par_1_37' title="bbox 2102 1918 3599 1992">
     <span class='ocr_line' id='line_1_37' title="bbox 2102 1918 3599 1992; baseline 0.001 -20"><span class='ocrx_word' id='word_1_274' title='bbox 2102 1919 2209 1973; x_wconf 56' lang='lat' dir='ltr'><strong>ire</strong></span> <span class='ocrx_word' id='word_1_275' title='bbox 2260 1920 2411 1992; x_wconf 85' lang='grc' dir='ltr'>παρὰ</span> <span class='ocrx_word' id='word_1_276' title='bbox 2450 1920 2529 1991; x_wconf 82' lang='grc' dir='ltr'><strong>τῷ</strong></span> <span class='ocrx_word' id='word_1_277' title='bbox 2564 1918 2729 1974; x_wconf 80' lang='grc' dir='ltr'><strong>Δαυῖδ</strong></span> <span class='ocrx_word' id='word_1_278' title='bbox 2758 1919 3080 1991; x_wconf 75' lang='grc' dir='ltr'>λεγόμενονο</span> <span class='ocrx_word' id='word_1_279' title='bbox 3129 1921 3342 1989; x_wconf 81' lang='grc' dir='ltr'><strong>Κύριος</strong></span> <span class='ocrx_word' id='word_1_280' title='bbox 3383 1919 3599 1975; x_wconf 86' lang='grc' dir='ltr'><em>δώσει</em></span> 
     </span>
    </p>
   </div>
   <div class='ocr_carea' id='block_1_38' title="bbox 295 2011 1792 2083">
    <p class='ocr_par' dir='ltr' id='par_1_38' title="bbox 295 2012 1792 2081">
     <span class='ocr_line' id='line_1_38' title="bbox 295 2012 1792 2081; baseline 0 -18"><span class='ocrx_word' id='word_1_281' title='bbox 295 2012 658 2079; x_wconf 60' lang='lat' dir='ltr'><strong>suppeditata:</strong></span> <span class='ocrx_word' id='word_1_282' title='bbox 686 2020 772 2066; x_wconf 91' lang='lat' dir='ltr'><strong>est</strong></span> <span class='ocrx_word' id='word_1_283' title='bbox 800 2020 1095 2081; x_wconf 62' lang='lat' dir='ltr'><strong>praestans,</strong></span> <span class='ocrx_word' id='word_1_284' title='bbox 1150 2013 1375 2067; x_wconf 84' lang='lat' dir='ltr'><strong>multam</strong></span> <span class='ocrx_word' id='word_1_285' title='bbox 1418 2012 1663 2068; x_wconf 84' lang='lat' dir='ltr'><strong>habuere</strong></span> <span class='ocrx_word' id='word_1_286' title='bbox 1705 2014 1792 2068; x_wconf 71' lang='lat' dir='ltr'><strong>vir;</strong></span> 
     </span>
    </p>
   </div>
   <div class='ocr_carea' id='block_1_39' title="bbox 2105 2011 3602 2083">
    <p class='ocr_par' dir='ltr' id='par_1_39' title="bbox 2105 2011 3602 2083">
     <span class='ocr_line' id='line_1_39' title="bbox 2105 2011 3602 2083; baseline -0.001 -17"><span class='ocrx_word' id='word_1_287' title='bbox 2105 2029 2141 2066; x_wconf 86' lang='grc' dir='ltr'><em>α</em></span> <span class='ocrx_word' id='word_1_288' title='bbox 2162 2012 2288 2078; x_wconf 82' lang='grc' dir='ltr'><strong>τοῖς</strong></span> <span class='ocrx_word' id='word_1_289' title='bbox 2313 2011 2859 2083; x_wconf 57' lang='grc' dir='ltr'><em>εὐαγγελιζομένοις</em></span> <span class='ocrx_word' id='word_1_290' title='bbox 2884 2011 3133 2082; x_wconf 81' lang='grc' dir='ltr'><em>δυνάμει</em></span> <span class='ocrx_word' id='word_1_291' title='bbox 3153 2012 3357 2081; x_wconf 75' lang='grc' dir='ltr'><em>πολλῇ</em></span> <span class='ocrx_word' id='word_1_292' title='bbox 3376 2051 3390 2075; x_wconf 89' lang='grc'><em>,</em></span> <span class='ocrx_word' id='word_1_293' title='bbox 3442 2011 3602 2067; x_wconf 87' lang='grc' dir='ltr'>πολ-</span> 
     </span>
    </p>
   </div>
   <div class='ocr_carea' id='block_1_40' title="bbox 299 2098 1796 2173">
    <p class='ocr_par' dir='ltr' id='par_1_40' title="bbox 299 2099 1796 2173">
     <span class='ocr_line' id='line_1_40' title="bbox 299 2099 1796 2173; baseline 0.005 -20"><span class='ocrx_word' id='word_1_294' title='bbox 299 2110 408 2154; x_wconf 81' lang='lat' dir='ltr'><strong>tem</strong></span> <span class='ocrx_word' id='word_1_295' title='bbox 431 2099 585 2168; x_wconf 80' lang='lat' dir='ltr'><strong>juxta</strong></span> <span class='ocrx_word' id='word_1_296' title='bbox 611 2101 741 2156; x_wconf 92' lang='lat' dir='ltr'><strong>illud</strong></span> <span class='ocrx_word' id='word_1_297' title='bbox 775 2103 918 2172; x_wconf 87' lang='lat' dir='ltr'><strong>quod</strong></span> <span class='ocrx_word' id='word_1_298' title='bbox 949 2105 1090 2173; x_wconf 88' lang='lat' dir='ltr'><strong>apud</strong></span> <span class='ocrx_word' id='word_1_299' title='bbox 1130 2105 1387 2159; x_wconf 87' lang='lat' dir='ltr'><strong>Davidem</strong></span> <span class='ocrx_word' id='word_1_300' title='bbox 1420 2104 1625 2160; x_wconf 87' lang='lat' dir='ltr'><strong>dicitur</strong></span> <span class='ocrx_word' id='word_1_301' title='bbox 1652 2105 1702 2137; x_wconf 78' lang='lat'><strong>“</strong></span> <span class='ocrx_word' id='word_1_302' title='bbox 1731 2124 1745 2160; x_wconf 91' lang='lat'><strong>:</strong></span> <span class='ocrx_word' id='word_1_303' title='bbox 1774 2105 1796 2160; x_wconf 87' lang='grc' dir='ltr'><strong>ι</strong></span> 
     </span>
    </p>
   </div>
   <div class='ocr_carea' id='block_1_41' title="bbox 2103 2098 3600 2173">
    <p class='ocr_par' dir='ltr' id='par_1_41' title="bbox 2141 2098 3600 2173">
     <span class='ocr_line' id='line_1_41' title="bbox 2141 2098 3600 2173; baseline 0.003 -20"><span class='ocrx_word' id='word_1_304' title='bbox 2141 2098 2388 2173; x_wconf 80' lang='grc' dir='ltr'>δύναμιν.</span> <span class='ocrx_word' id='word_1_305' title='bbox 2454 2103 2694 2167; x_wconf 76' lang='grc' dir='ltr'>Ἡσαΐας</span> <span class='ocrx_word' id='word_1_306' title='bbox 2736 2103 2793 2156; x_wconf 87' lang='grc' dir='ltr'><em>δὲ</em></span> <span class='ocrx_word' id='word_1_307' title='bbox 2824 2103 3076 2172; x_wconf 82' lang='grc' dir='ltr'><strong>φάσκων·</strong></span> <span class='ocrx_word' id='word_1_308' title='bbox 3139 2104 3233 2171; x_wconf 84' lang='grc' dir='ltr'><strong>Ὡς</strong></span> <span class='ocrx_word' id='word_1_309' title='bbox 3268 2103 3473 2173; x_wconf 80' lang='grc' dir='ltr'><em>ὡραῖοι</em></span> <span class='ocrx_word' id='word_1_310' title='bbox 3529 2106 3600 2158; x_wconf 78' lang='grc' dir='ltr'><strong>οἱ</strong></span> 
     </span>
    </p>
   </div>
   <div class='ocr_carea' id='block_1_42' title="bbox 299 2194 1796 2268">
    <p class='ocr_par' dir='ltr' id='par_1_42' title="bbox 299 2194 1796 2266">
     <span class='ocr_line' id='line_1_42' title="bbox 299 2194 1796 2266; baseline 0.005 -20"><span class='ocrx_word' id='word_1_311' title='bbox 299 2196 471 2246; x_wconf 85' lang='lat' dir='ltr'><strong>minus</strong></span> <span class='ocrx_word' id='word_1_312' title='bbox 515 2194 660 2246; x_wconf 82' lang='lat' dir='ltr'><strong>dabit</strong></span> <span class='ocrx_word' id='word_1_313' title='bbox 695 2196 907 2249; x_wconf 83' lang='lat' dir='ltr'><strong>verbum</strong></span> <span class='ocrx_word' id='word_1_314' title='bbox 937 2196 1421 2266; x_wconf 59' lang='lat' dir='ltr'><strong>evangelisantibus</strong></span> <span class='ocrx_word' id='word_1_315' title='bbox 1464 2200 1662 2254; x_wconf 77' lang='lat' dir='ltr'><strong>virtute</strong></span> <span class='ocrx_word' id='word_1_316' title='bbox 1686 2201 1796 2254; x_wconf 86' lang='lat' dir='ltr'><strong>mul</strong></span> 
     </span>
    </p>
   </div>
   <div class='ocr_carea' id='block_1_43' title="bbox 2097 2194 3594 2268">
    <p class='ocr_par' dir='ltr' id='par_1_43' title="bbox 2097 2194 3594 2268">
     <span class='ocr_line' id='line_1_43' title="bbox 2097 2194 3594 2268; baseline -0.001 -19"><span class='ocrx_word' id='word_1_317' title='bbox 2097 2204 2163 2262; x_wconf 80' lang='grc' dir='ltr'><em>ες</em></span> <span class='ocrx_word' id='word_1_318' title='bbox 2185 2194 2301 2249; x_wconf 84' lang='grc' dir='ltr'>τῶν</span> <span class='ocrx_word' id='word_1_319' title='bbox 2315 2194 2856 2266; x_wconf 67' lang='grc' dir='ltr'><strong>εὐαγγελιζομένων</strong></span> <span class='ocrx_word' id='word_1_320' title='bbox 2888 2195 3099 2264; x_wconf 80' lang='grc' dir='ltr'>ἀγαθὰ,</span> <span class='ocrx_word' id='word_1_321' title='bbox 3139 2196 3202 2250; x_wconf 85' lang='grc' dir='ltr'><strong>τὸ</strong></span> <span class='ocrx_word' id='word_1_322' title='bbox 3232 2197 3433 2268; x_wconf 86' lang='grc' dir='ltr'>ὡραῖον</span> <span class='ocrx_word' id='word_1_323' title='bbox 3481 2197 3594 2249; x_wconf 72' lang='grc' dir='ltr'>καὶ</span> 
     </span>
    </p>
   </div>
   <div class='ocr_carea' id='block_1_44' title="bbox 298 2281 1795 2360">
    <p class='ocr_par' dir='ltr' id='par_1_44' title="bbox 298 2281 1795 2360">
     <span class='ocr_line' id='line_1_44' title="bbox 298 2281 1795 2360; baseline 0.007 -23"><span class='ocrx_word' id='word_1_324' title='bbox 298 2282 468 2339; x_wconf 82' lang='lat' dir='ltr'><strong>Porro</strong></span> <span class='ocrx_word' id='word_1_325' title='bbox 501 2281 707 2348; x_wconf 57' lang='lat' dir='ltr'><strong>Isaias.</strong></span> <span class='ocrx_word' id='word_1_326' title='bbox 737 2302 860 2340; x_wconf 92' lang='lat' dir='ltr'><strong>cum</strong></span> <span class='ocrx_word' id='word_1_327' title='bbox 910 2286 1188 2343; x_wconf 76' lang='lat' dir='ltr'><strong>diceret”</strong></span> <span class='ocrx_word' id='word_1_328' title='bbox 1227 2305 1241 2343; x_wconf 94' lang='lat'>:</span> <span class='ocrx_word' id='word_1_329' title='bbox 1282 2290 1454 2355; x_wconf 86' lang='lat' dir='ltr'><strong>Quam</strong></span> <span class='ocrx_word' id='word_1_330' title='bbox 1505 2291 1714 2360; x_wconf 78' lang='lat' dir='ltr'><strong>pulchri</strong></span> <span class='ocrx_word' id='word_1_331' title='bbox 1759 2310 1795 2347; x_wconf 72' lang='grc' dir='ltr'><em>ει</em></span> 
     </span>
    </p>
   </div>
   <div class='ocr_carea' id='block_1_45' title="bbox 2095 2281 3592 2360">
    <p class='ocr_par' dir='ltr' id='par_1_45' title="bbox 2095 2283 3592 2357">
     <span class='ocr_line' id='line_1_45' title="bbox 2095 2283 3592 2357; baseline 0.001 -19"><span class='ocrx_word' id='word_1_332' title='bbox 2095 2283 2258 2357; x_wconf 67' lang='grc' dir='ltr'>μιαιρῷ</span> <span class='ocrx_word' id='word_1_333' title='bbox 2303 2285 2586 2356; x_wconf 87' lang='grc' dir='ltr'>γινόμενον</span> <span class='ocrx_word' id='word_1_334' title='bbox 2634 2285 2743 2339; x_wconf 87' lang='grc' dir='ltr'><strong>τῶν</strong></span> <span class='ocrx_word' id='word_1_335' title='bbox 2784 2286 3098 2340; x_wconf 83' lang='grc' dir='ltr'><strong>ἀποστόλων</strong></span> <span class='ocrx_word' id='word_1_336' title='bbox 3142 2286 3436 2342; x_wconf 82' lang='grc' dir='ltr'><strong>ὁδευόντων</strong></span> <span class='ocrx_word' id='word_1_337' title='bbox 3481 2286 3592 2340; x_wconf 77' lang='grc' dir='ltr'>τὸν</span> 
     </span>
    </p>
   </div>
   <div class='ocr_carea' id='block_1_46' title="bbox 296 2375 1793 2450">
    <p class='ocr_par' dir='ltr' id='par_1_46' title="bbox 296 2376 1789 2450">
     <span class='ocr_line' id='line_1_46' title="bbox 296 2376 1789 2450; baseline 0.007 -22"><span class='ocrx_word' id='word_1_338' title='bbox 296 2378 452 2444; x_wconf 78' lang='lat' dir='ltr'><strong>pedes</strong></span> <span class='ocrx_word' id='word_1_339' title='bbox 483 2376 955 2446; x_wconf 65' lang='lat' dir='ltr'><strong>euangelizandum</strong></span> <span class='ocrx_word' id='word_1_340' title='bbox 1000 2381 1158 2448; x_wconf 85' lang='lat' dir='ltr'><strong>bona,</strong></span> <span class='ocrx_word' id='word_1_341' title='bbox 1194 2382 1636 2450; x_wconf 67' lang='lat' dir='ltr'><strong>praedicationem</strong></span> <span class='ocrx_word' id='word_1_342' title='bbox 1673 2383 1789 2439; x_wconf 87' lang='lat' dir='ltr'><strong>inte</strong></span> 
     </span>
    </p>
   </div>
   <div class='ocr_carea' id='block_1_47' title="bbox 2095 2375 3592 2450">
    <p class='ocr_par' dir='ltr' id='par_1_47' title="bbox 2095 2375 3592 2450">
     <span class='ocr_line' id='line_1_47' title="bbox 2095 2375 3592 2450; baseline 0 -20"><span class='ocrx_word' id='word_1_343' title='bbox 2095 2378 2235 2430; x_wconf 75' lang='grc' dir='ltr'>ἱντα’</span> <span class='ocrx_word' id='word_1_344' title='bbox 2283 2375 2424 2446; x_wconf 81' lang='grc' dir='ltr'><strong>Ἐ’γὼ</strong></span> <span class='ocrx_word' id='word_1_345' title='bbox 2455 2379 2574 2446; x_wconf 74' lang='grc' dir='ltr'><em>εἰμι</em></span> <span class='ocrx_word' id='word_1_346' title='bbox 2595 2379 2634 2447; x_wconf 76' lang='grc' dir='ltr'>ἡ</span> <span class='ocrx_word' id='word_1_347' title='bbox 2671 2377 2831 2444; x_wconf 78' lang='grc' dir='ltr'><strong>ὁδὸς,</strong></span> <span class='ocrx_word' id='word_1_348' title='bbox 2863 2379 3129 2450; x_wconf 85' lang='grc' dir='ltr'>κήρυγμα</span> <span class='ocrx_word' id='word_1_349' title='bbox 3162 2379 3379 2450; x_wconf 83' lang='grc' dir='ltr'>νοήσας,</span> <span class='ocrx_word' id='word_1_350' title='bbox 3408 2380 3592 2432; x_wconf 74' lang='grc' dir='ltr'>ἐπαι-</span> 
     </span>
    </p>
   </div>
   <div class='ocr_carea' id='block_1_48' title="bbox 296 2468 1793 2546">
    <p class='ocr_par' dir='ltr' id='par_1_48' title="bbox 296 2470 1793 2546">
     <span class='ocr_line' id='line_1_48' title="bbox 296 2470 1793 2546; baseline 0.005 -26"><span class='ocrx_word' id='word_1_351' title='bbox 296 2482 431 2539; x_wconf 75' lang='lat' dir='ltr'><strong>gens</strong></span> <span class='ocrx_word' id='word_1_352' title='bbox 461 2470 826 2538; x_wconf 87' lang='lat' dir='ltr'><strong>apostolorum</strong></span> <span class='ocrx_word' id='word_1_353' title='bbox 858 2480 1127 2527; x_wconf 86' lang='lat' dir='ltr'><strong>maturam</strong></span> <span class='ocrx_word' id='word_1_354' title='bbox 1149 2515 1165 2541; x_wconf 96' lang='lat'><strong>,</strong></span> <span class='ocrx_word' id='word_1_355' title='bbox 1184 2475 1311 2531; x_wconf 90' lang='lat' dir='ltr'><strong>etin</strong></span> <span class='ocrx_word' id='word_1_356' title='bbox 1337 2483 1574 2546; x_wconf 90' lang='lat' dir='ltr'><strong>tempore</strong></span> <span class='ocrx_word' id='word_1_357' title='bbox 1594 2482 1758 2544; x_wconf 86' lang='lat' dir='ltr'><strong>atque</strong></span> <span class='ocrx_word' id='word_1_358' title='bbox 1785 2497 1793 2527; x_wconf 72' lang='grc'><strong>4</strong></span> 
     </span>
    </p>
   </div>
   <div class='ocr_carea' id='block_1_49' title="bbox 2091 2468 3588 2546">
    <p class='ocr_par' dir='ltr' id='par_1_49' title="bbox 2091 2468 3588 2543">
     <span class='ocr_line' id='line_1_49' title="bbox 2091 2468 3588 2543; baseline 0.001 -21"><span class='ocrx_word' id='word_1_359' title='bbox 2091 2469 2258 2533; x_wconf 76' lang='grc' dir='ltr'>πόδας</span> <span class='ocrx_word' id='word_1_360' title='bbox 2279 2470 2407 2534; x_wconf 82' lang='grc' dir='ltr'>τοὺς</span> <span class='ocrx_word' id='word_1_361' title='bbox 2436 2468 2527 2524; x_wconf 88' lang='grc' dir='ltr'><strong>διὰ</strong></span> <span class='ocrx_word' id='word_1_362' title='bbox 2544 2471 2645 2542; x_wconf 84' lang='grc' dir='ltr'><strong>τῆς</strong></span> <span class='ocrx_word' id='word_1_363' title='bbox 2686 2471 2888 2543; x_wconf 83' lang='grc' dir='ltr'><strong>νοητῆς</strong></span> <span class='ocrx_word' id='word_1_364' title='bbox 2936 2470 3058 2525; x_wconf 84' lang='grc' dir='ltr'>ὁδοῦ</span> <span class='ocrx_word' id='word_1_365' title='bbox 3102 2471 3337 2543; x_wconf 83' lang='grc' dir='ltr'><strong>Χριστοῦ</strong></span> <span class='ocrx_word' id='word_1_366' title='bbox 3390 2470 3588 2543; x_wconf 81' lang='grc' dir='ltr'>Ἰησοῦ</span> 
     </span>
    </p>
   </div>
   <div class='ocr_carea' id='block_1_50' title="bbox 297 2561 1794 2638">
    <p class='ocr_par' dir='ltr' id='par_1_50' title="bbox 297 2563 1781 2638">
     <span class='ocr_line' id='line_1_50' title="bbox 297 2563 1781 2638; baseline 0.003 -21"><span class='ocrx_word' id='word_1_367' title='bbox 297 2573 530 2634; x_wconf 84' lang='lat' dir='ltr'><strong>portune</strong></span> <span class='ocrx_word' id='word_1_368' title='bbox 558 2563 777 2631; x_wconf 83' lang='lat' dir='ltr'><strong>factam,</strong></span> <span class='ocrx_word' id='word_1_369' title='bbox 818 2565 946 2620; x_wconf 89' lang='lat' dir='ltr'><strong>dum</strong></span> <span class='ocrx_word' id='word_1_370' title='bbox 978 2567 1030 2620; x_wconf 93' lang='lat' dir='ltr'><strong>in</strong></span> <span class='ocrx_word' id='word_1_371' title='bbox 1056 2581 1122 2622; x_wconf 92' lang='lat' dir='ltr'><strong>eo</strong></span> <span class='ocrx_word' id='word_1_372' title='bbox 1159 2569 1264 2622; x_wconf 83' lang='lat' dir='ltr'><strong>iter</strong></span> <span class='ocrx_word' id='word_1_373' title='bbox 1288 2566 1495 2623; x_wconf 80' lang='lat' dir='ltr'><strong>faciunt</strong></span> <span class='ocrx_word' id='word_1_374' title='bbox 1518 2570 1609 2638; x_wconf 88' lang='lat' dir='ltr'><strong>qui</strong></span> <span class='ocrx_word' id='word_1_375' title='bbox 1643 2569 1781 2624; x_wconf 75' lang='lat' dir='ltr'><strong>dixit</strong></span> 
     </span>
    </p>
   </div>
   <div class='ocr_carea' id='block_1_51' title="bbox 2087 2561 3584 2638">
    <p class='ocr_par' dir='ltr' id='par_1_51' title="bbox 2089 2561 3584 2636">
     <span class='ocr_line' id='line_1_51' title="bbox 2089 2561 3584 2636; baseline 0.002 -22"><span class='ocrx_word' id='word_1_376' title='bbox 2089 2561 2318 2627; x_wconf 77' lang='grc' dir='ltr'>ίζοντας,</span> <span class='ocrx_word' id='word_1_377' title='bbox 2349 2561 2439 2615; x_wconf 84' lang='grc' dir='ltr'><strong>διά</strong></span> <span class='ocrx_word' id='word_1_378' title='bbox 2460 2579 2519 2615; x_wconf 88' lang='grc' dir='ltr'><strong>τε</strong></span> <span class='ocrx_word' id='word_1_379' title='bbox 2540 2562 2642 2633; x_wconf 80' lang='grc' dir='ltr'><strong>τῆς</strong></span> <span class='ocrx_word' id='word_1_380' title='bbox 2659 2561 2827 2635; x_wconf 75' lang='grc' dir='ltr'>θύρας</span> <span class='ocrx_word' id='word_1_381' title='bbox 2844 2565 3112 2627; x_wconf 77' lang='grc' dir='ltr'><strong>εἰσιόντας</strong></span> <span class='ocrx_word' id='word_1_382' title='bbox 3144 2563 3281 2636; x_wconf 77' lang='grc' dir='ltr'>πρὸς</span> <span class='ocrx_word' id='word_1_383' title='bbox 3304 2563 3396 2617; x_wconf 72' lang='grc' dir='ltr'>τὸν</span> <span class='ocrx_word' id='word_1_384' title='bbox 3410 2563 3584 2617; x_wconf 86' lang='grc' dir='ltr'>Θεόν·</span> 
     </span>
    </p>
   </div>
   <div class='ocr_carea' id='block_1_52' title="bbox 299 2650 1796 2733">
    <p class='ocr_par' dir='ltr' id='par_1_52' title="bbox 299 2650 1796 2733">
     <span class='ocr_line' id='line_1_52' title="bbox 299 2650 1796 2733; baseline 0.006 -28"><span class='ocrx_word' id='word_1_385' title='bbox 299 2650 414 2724; x_wconf 81' lang='lat' dir='ltr'><strong>Ego</strong></span> <span class='ocrx_word' id='word_1_386' title='bbox 461 2673 576 2710; x_wconf 83' lang='lat' dir='ltr'><strong>sum</strong></span> <span class='ocrx_word' id='word_1_387' title='bbox 623 2657 728 2720; x_wconf 79' lang='lat' dir='ltr'><strong>via,</strong></span> <span class='ocrx_word' id='word_1_388' title='bbox 778 2658 964 2714; x_wconf 82' lang='lat' dir='ltr'><strong>laudat</strong></span> <span class='ocrx_word' id='word_1_389' title='bbox 1018 2661 1183 2729; x_wconf 87' lang='lat' dir='ltr'><strong>pedes</strong></span> <span class='ocrx_word' id='word_1_390' title='bbox 1243 2661 1556 2719; x_wconf 82' lang='lat' dir='ltr'><strong>incedentes</strong></span> <span class='ocrx_word' id='word_1_391' title='bbox 1604 2678 1701 2733; x_wconf 87' lang='lat' dir='ltr'><strong>per</strong></span> <span class='ocrx_word' id='word_1_392' title='bbox 1736 2662 1796 2716; x_wconf 72' lang='lat' dir='ltr'><strong>vi:</strong></span> 
     </span>
    </p>
   </div>
   <div class='ocr_carea' id='block_1_53' title="bbox 2089 2650 3586 2733">
    <p class='ocr_par' dir='ltr' id='par_1_53' title="bbox 2089 2650 3586 2729">
     <span class='ocr_line' id='line_1_53' title="bbox 2089 2650 3586 2729; baseline 0.003 -22"><span class='ocrx_word' id='word_1_393' title='bbox 2089 2654 2163 2708; x_wconf 72' lang='grc' dir='ltr'>ιθὰ</span> <span class='ocrx_word' id='word_1_394' title='bbox 2184 2654 2241 2708; x_wconf 87' lang='grc' dir='ltr'><em>δὲ</em></span> <span class='ocrx_word' id='word_1_395' title='bbox 2273 2654 2719 2725; x_wconf 78' lang='grc' dir='ltr'><strong>εὐαγγελίζονται</strong></span> <span class='ocrx_word' id='word_1_396' title='bbox 2741 2651 2888 2710; x_wconf 71' lang='grc' dir='ltr'>οὗτοι</span> <span class='ocrx_word' id='word_1_397' title='bbox 2913 2650 2990 2711; x_wconf 84' lang='grc' dir='ltr'>ὧν</span> <span class='ocrx_word' id='word_1_398' title='bbox 3010 2657 3200 2729; x_wconf 82' lang='grc' dir='ltr'><strong>ὡραῖοί</strong></span> <span class='ocrx_word' id='word_1_399' title='bbox 3230 2659 3366 2711; x_wconf 82' lang='grc' dir='ltr'>εἰσιν</span> <span class='ocrx_word' id='word_1_400' title='bbox 3392 2659 3441 2711; x_wconf 81' lang='grc' dir='ltr'><strong>οἱ</strong></span> <span class='ocrx_word' id='word_1_401' title='bbox 3468 2657 3586 2712; x_wconf 64' lang='grc' dir='ltr'>πόα</span> 
     </span>
    </p>
   </div>
   <div class='ocr_carea' id='block_1_54' title="bbox 296 2746 1793 2825">
    <p class='ocr_par' dir='ltr' id='par_1_54' title="bbox 296 2748 1793 2825">
     <span class='ocr_line' id='line_1_54' title="bbox 296 2748 1793 2825; baseline 0.006 -23"><span class='ocrx_word' id='word_1_402' title='bbox 296 2748 501 2804; x_wconf 85' lang='lat' dir='ltr'><strong>Christi</strong></span> <span class='ocrx_word' id='word_1_403' title='bbox 530 2749 679 2819; x_wconf 82' lang='lat' dir='ltr'><strong>Jesu,</strong></span> <span class='ocrx_word' id='word_1_404' title='bbox 706 2752 1183 2824; x_wconf 82' lang='lat' dir='ltr'><strong>iugredientesque</strong></span> <span class='ocrx_word' id='word_1_405' title='bbox 1209 2771 1306 2825; x_wconf 92' lang='lat' dir='ltr'><strong>per</strong></span> <span class='ocrx_word' id='word_1_406' title='bbox 1334 2757 1533 2811; x_wconf 84' lang='lat' dir='ltr'><strong>ostium</strong></span> <span class='ocrx_word' id='word_1_407' title='bbox 1570 2758 1637 2811; x_wconf 83' lang='lat' dir='ltr'><strong>ad</strong></span> <span class='ocrx_word' id='word_1_408' title='bbox 1685 2758 1793 2811; x_wconf 88' lang='lat' dir='ltr'><strong>Deu</strong></span> 
     </span>
    </p>
   </div>
   <div class='ocr_carea' id='block_1_55' title="bbox 1008 2746 2505 2825">
    <p class='ocr_par' dir='ltr' id='par_1_55' title="bbox 1008 2746 2505 2825">
     <span class='ocr_line' id='line_1_55' title="bbox 1008 2746 2505 2825; baseline 0.001 -18"><span class='ocrx_word' id='word_1_409' title='bbox 1008 2764 1183 2823; x_wconf 74' lang='lat' dir='ltr'><strong>tesque</strong></span> <span class='ocrx_word' id='word_1_410' title='bbox 1209 2771 1306 2825; x_wconf 92' lang='lat' dir='ltr'><strong>per</strong></span> <span class='ocrx_word' id='word_1_411' title='bbox 1334 2757 1533 2811; x_wconf 84' lang='lat' dir='ltr'><strong>ostium</strong></span> <span class='ocrx_word' id='word_1_412' title='bbox 1570 2758 1637 2811; x_wconf 83' lang='lat' dir='ltr'><strong>ad</strong></span> <span class='ocrx_word' id='word_1_413' title='bbox 1685 2758 1878 2811; x_wconf 89' lang='lat' dir='ltr'><strong>Deum.</strong></span> <span class='ocrx_word' id='word_1_414' title='bbox 1983 2746 2092 2812; x_wconf 80' lang='grc' dir='ltr'><strong>δες,</strong></span> <span class='ocrx_word' id='word_1_415' title='bbox 2137 2746 2228 2801; x_wconf 72' lang='grc' dir='ltr'>τὸν</span> <span class='ocrx_word' id='word_1_416' title='bbox 2280 2746 2505 2818; x_wconf 77' lang='grc' dir='ltr'><strong>Ἰησοῦν-</strong></span> 
     </span>
    </p>
   </div>
   <div class='ocr_carea' id='block_1_56' title="bbox 298 2840 1886 2919">
    <p class='ocr_par' dir='ltr' id='par_1_56' title="bbox 298 2840 1886 2919">
     <span class='ocr_line' id='line_1_56' title="bbox 298 2840 1886 2919; baseline 0.005 -24"><span class='ocrx_word' id='word_1_417' title='bbox 298 2840 489 2911; x_wconf 82' lang='lat' dir='ltr'><strong>Itaque</strong></span> <span class='ocrx_word' id='word_1_418' title='bbox 528 2845 667 2899; x_wconf 89' lang='lat' dir='ltr'><strong>bona</strong></span> <span class='ocrx_word' id='word_1_419' title='bbox 703 2846 1083 2914; x_wconf 81' lang='lat' dir='ltr'><strong>evangelizuut</strong></span> <span class='ocrx_word' id='word_1_420' title='bbox 1128 2847 1230 2913; x_wconf 93' lang='lat' dir='ltr'><strong>illi,</strong></span> <span class='ocrx_word' id='word_1_421' title='bbox 1276 2863 1511 2918; x_wconf 89' lang='lat' dir='ltr'><strong>quorum</strong></span> <span class='ocrx_word' id='word_1_422' title='bbox 1556 2851 1720 2919; x_wconf 85' lang='lat' dir='ltr'><strong>pedes</strong></span> <span class='ocrx_word' id='word_1_423' title='bbox 1757 2858 1886 2904; x_wconf 73' lang='lat' dir='ltr'><strong>sunt</strong></span> 
     </span>
    </p>
   </div>
   <div class='ocr_carea' id='block_1_57' title="bbox 298 2934 1724 3012">
    <p class='ocr_par' dir='ltr' id='par_1_57' title="bbox 298 2934 1724 3012">
     <span class='ocr_line' id='line_1_57' title="bbox 298 2934 1724 3012; baseline 0.005 -23"><span class='ocrx_word' id='word_1_424' title='bbox 298 2934 508 3006; x_wconf 85' lang='lat' dir='ltr'><strong>pulchri</strong></span> <span class='ocrx_word' id='word_1_425' title='bbox 536 2935 700 3007; x_wconf 88' lang='lat' dir='ltr'><strong>[bona</strong></span> <span class='ocrx_word' id='word_1_426' title='bbox 755 2939 1027 3012; x_wconf 77' lang='lat' dir='ltr'><strong>inquam],</strong></span> <span class='ocrx_word' id='word_1_427' title='bbox 1058 2940 1268 2995; x_wconf 83' lang='lat' dir='ltr'><strong>scilicet</strong></span> <span class='ocrx_word' id='word_1_428' title='bbox 1290 2939 1500 2996; x_wconf 81' lang='lat' dir='ltr'><strong>Jesum.</strong></span> <span class='ocrx_word' id='word_1_429' title='bbox 1720 2943 1724 2945; x_wconf 60' lang='grc'>“</span> 
     </span>
    </p>
   </div>
   <div class='ocr_carea' id='block_1_58' title="bbox 370 3043 1867 3123">
    <p class='ocr_par' dir='ltr' id='par_1_58' title="bbox 370 3047 1867 3123">
     <span class='ocr_line' id='line_1_58' title="bbox 370 3047 1867 3123; baseline 0.003 -20"><span class='ocrx_word' id='word_1_430' title='bbox 370 3049 460 3104; x_wconf 77' lang='lat' dir='ltr'><strong>ll.</strong></span> <span class='ocrx_word' id='word_1_431' title='bbox 482 3047 593 3106; x_wconf 84' lang='lat' dir='ltr'><strong>Nec</strong></span> <span class='ocrx_word' id='word_1_432' title='bbox 616 3052 844 3106; x_wconf 88' lang='lat' dir='ltr'><strong>miretur</strong></span> <span class='ocrx_word' id='word_1_433' title='bbox 869 3054 1139 3123; x_wconf 88' lang='lat' dir='ltr'><strong>quispiam</strong></span> <span class='ocrx_word' id='word_1_434' title='bbox 1167 3052 1212 3108; x_wconf 90' lang='lat' dir='ltr'><strong>si</strong></span> <span class='ocrx_word' id='word_1_435' title='bbox 1239 3054 1459 3108; x_wconf 89' lang='lat' dir='ltr'><strong>nomine</strong></span> <span class='ocrx_word' id='word_1_436' title='bbox 1492 3055 1756 3109; x_wconf 90' lang='lat' dir='ltr'><strong>bonorum</strong></span> <span class='ocrx_word' id='word_1_437' title='bbox 1780 3070 1867 3109; x_wconf 88' lang='lat' dir='ltr'><strong>nu-</strong></span> 
     </span>
    </p>
   </div>
   <div class='ocr_carea' id='block_1_59' title="bbox 2082 3043 3579 3123">
    <p class='ocr_par' dir='ltr' id='par_1_59' title="bbox 2095 3043 3579 3117">
     <span class='ocr_line' id='line_1_59' title="bbox 2095 3043 3579 3117; baseline -0.001 -18"><span class='ocrx_word' id='word_1_438' title='bbox 2095 3046 2146 3100; x_wconf 84' lang='lat' dir='ltr'><strong>l.</strong></span> <span class='ocrx_word' id='word_1_439' title='bbox 2183 3045 2292 3099; x_wconf 97' lang='lat' dir='ltr'><strong>Kal</strong></span> <span class='ocrx_word' id='word_1_440' title='bbox 2313 3046 2386 3117; x_wconf 80' lang='grc' dir='ltr'><strong>μὴ</strong></span> <span class='ocrx_word' id='word_1_441' title='bbox 2408 3045 2664 3117; x_wconf 83' lang='grc' dir='ltr'>θαυμάσῃ</span> <span class='ocrx_word' id='word_1_442' title='bbox 2690 3062 2775 3109; x_wconf 87' lang='grc' dir='ltr'><strong>τις</strong></span> <span class='ocrx_word' id='word_1_443' title='bbox 2799 3043 2845 3099; x_wconf 84' lang='grc' dir='ltr'>εἰ</span> <span class='ocrx_word' id='word_1_444' title='bbox 2870 3044 3217 3117; x_wconf 80' lang='grc' dir='ltr'>πληθυντικῷ</span> <span class='ocrx_word' id='word_1_445' title='bbox 3246 3044 3468 3117; x_wconf 81' lang='grc' dir='ltr'>ὀνόματι</span> <span class='ocrx_word' id='word_1_446' title='bbox 3495 3044 3579 3114; x_wconf 81' lang='grc' dir='ltr'>τῷ</span> 
     </span>
    </p>
   </div>
   <div class='ocr_carea' id='block_1_60' title="bbox 301 3138 1798 3216">
    <p class='ocr_par' dir='ltr' id='par_1_60' title="bbox 301 3144 1785 3216">
     <span class='ocr_line' id='line_1_60' title="bbox 301 3144 1785 3216; baseline 0.002 -17"><span class='ocrx_word' id='word_1_447' title='bbox 301 3159 452 3199; x_wconf 87' lang='lat' dir='ltr'><strong>mero</strong></span> <span class='ocrx_word' id='word_1_448' title='bbox 482 3144 842 3200; x_wconf 90' lang='lat' dir='ltr'><strong>multitudinis</strong></span> <span class='ocrx_word' id='word_1_449' title='bbox 863 3146 1218 3216; x_wconf 83' lang='lat' dir='ltr'><strong>exposuimus</strong></span> <span class='ocrx_word' id='word_1_450' title='bbox 1249 3148 1564 3202; x_wconf 87' lang='lat' dir='ltr'><strong>annuntiari</strong></span> <span class='ocrx_word' id='word_1_451' title='bbox 1596 3146 1785 3205; x_wconf 66' lang='lat' dir='ltr'><strong>Iesum</strong></span> 
     </span>
    </p>
   </div>
   <div class='ocr_carea' id='block_1_61' title="bbox 2079 3138 3576 3216">
    <p class='ocr_par' dir='ltr' id='par_1_61' title="bbox 2079 3138 3576 3212">
     <span class='ocr_line' id='line_1_61' title="bbox 2079 3138 3576 3212; baseline -0.003 -18"><span class='ocrx_word' id='word_1_452' title='bbox 2079 3158 2094 3194; x_wconf 64' lang='grc' dir='ltr'><strong>ν</strong></span> <span class='ocrx_word' id='word_1_453' title='bbox 2125 3140 2344 3210; x_wconf 80' lang='grc' dir='ltr'>ἀγαθῶν</span> <span class='ocrx_word' id='word_1_454' title='bbox 2359 3139 2448 3193; x_wconf 80' lang='grc' dir='ltr'>τὸν</span> <span class='ocrx_word' id='word_1_455' title='bbox 2482 3139 2688 3211; x_wconf 80' lang='grc' dir='ltr'>Ἰησοῦν</span> <span class='ocrx_word' id='word_1_456' title='bbox 2710 3139 3074 3212; x_wconf 79' lang='grc' dir='ltr'>ὲξειλήφαμεν</span> <span class='ocrx_word' id='word_1_457' title='bbox 3097 3138 3576 3208; x_wconf 75' lang='grc' dir='ltr'>εὐαγγελίζεσθαι-</span> 
     </span>
    </p>
   </div>
   <div class='ocr_carea' id='block_1_62' title="bbox 301 3224 1798 3310">
    <p class='ocr_par' dir='ltr' id='par_1_62' title="bbox 301 3237 1798 3310">
     <span class='ocr_line' id='line_1_62' title="bbox 301 3237 1798 3310; baseline 0.002 -18"><span class='ocrx_word' id='word_1_458' title='bbox 301 3237 804 3307; x_wconf 74' lang='lat' dir='ltr'><strong>evangelizanlibus</strong></span> <span class='ocrx_word' id='word_1_459' title='bbox 850 3255 866 3293; x_wconf 90' lang='lat'><strong>:</strong></span> <span class='ocrx_word' id='word_1_460' title='bbox 911 3241 1174 3310; x_wconf 79' lang='lat' dir='ltr'><strong>expositis</strong></span> <span class='ocrx_word' id='word_1_461' title='bbox 1229 3239 1376 3295; x_wconf 90' lang='lat' dir='ltr'><strong>enim</strong></span> <span class='ocrx_word' id='word_1_462' title='bbox 1440 3240 1601 3294; x_wconf 84' lang='lat' dir='ltr'><strong>rebus</strong></span> <span class='ocrx_word' id='word_1_463' title='bbox 1656 3242 1798 3295; x_wconf 87' lang='lat' dir='ltr'><strong>nomi</strong></span> 
     </span>
    </p>
   </div>
   <div class='ocr_carea' id='block_1_63' title="bbox 2081 3224 3578 3310">
    <p class='ocr_par' dir='ltr' id='par_1_63' title="bbox 2081 3224 3578 3303">
     <span class='ocr_line' id='line_1_63' title="bbox 2081 3224 3578 3303; baseline -0.001 -19"><span class='ocrx_word' id='word_1_464' title='bbox 2081 3231 2309 3295; x_wconf 77' lang='grc' dir='ltr'>,αὸόντες</span> <span class='ocrx_word' id='word_1_465' title='bbox 2346 3230 2455 3303; x_wconf 86' lang='grc' dir='ltr'>γὰρ</span> <span class='ocrx_word' id='word_1_466' title='bbox 2498 3232 2569 3284; x_wconf 78' lang='grc' dir='ltr'>τὰ</span> <span class='ocrx_word' id='word_1_467' title='bbox 2602 3232 2905 3303; x_wconf 80' lang='grc' dir='ltr'>πράγματα</span> <span class='ocrx_word' id='word_1_468' title='bbox 2951 3231 3073 3285; x_wconf 76' lang='grc' dir='ltr'>καθ’</span> <span class='ocrx_word' id='word_1_469' title='bbox 3103 3224 3180 3284; x_wconf 86' lang='grc' dir='ltr'>ὧν</span> <span class='ocrx_word' id='word_1_470' title='bbox 3218 3229 3285 3284; x_wconf 78' lang='grc' dir='ltr'>τὰ</span> <span class='ocrx_word' id='word_1_471' title='bbox 3326 3230 3578 3300; x_wconf 72' lang='grc' dir='ltr'>ὀνόματα</span> 
     </span>
    </p>
   </div>
   <div class='ocr_carea' id='block_1_64' title="bbox 305 3320 1802 3403">
    <p class='ocr_par' dir='ltr' id='par_1_64' title="bbox 305 3329 1802 3403">
     <span class='ocr_line' id='line_1_64' title="bbox 305 3329 1802 3403; baseline 0.003 -20"><span class='ocrx_word' id='word_1_472' title='bbox 305 3329 649 3395; x_wconf 86' lang='lat' dir='ltr'><strong>habentibus,</strong></span> <span class='ocrx_word' id='word_1_473' title='bbox 684 3331 881 3400; x_wconf 83' lang='lat' dir='ltr'><strong>quibus</strong></span> <span class='ocrx_word' id='word_1_474' title='bbox 907 3332 1000 3385; x_wconf 85' lang='lat' dir='ltr'><strong>Dei</strong></span> <span class='ocrx_word' id='word_1_475' title='bbox 1042 3331 1213 3387; x_wconf 83' lang='lat' dir='ltr'><strong>Filius</strong></span> <span class='ocrx_word' id='word_1_476' title='bbox 1243 3342 1612 3403; x_wconf 85' lang='lat' dir='ltr'><strong>nuncupatur,</strong></span> <span class='ocrx_word' id='word_1_477' title='bbox 1640 3333 1802 3388; x_wconf 90' lang='lat' dir='ltr'><strong>sciem</strong></span> 
     </span>
    </p>
   </div>
   <div class='ocr_carea' id='block_1_65' title="bbox 2075 3320 3572 3403">
    <p class='ocr_par' dir='ltr' id='par_1_65' title="bbox 2075 3320 3572 3395">
     <span class='ocr_line' id='line_1_65' title="bbox 2075 3320 3572 3395; baseline -0.003 -17"><span class='ocrx_word' id='word_1_478' title='bbox 2075 3342 2161 3378; x_wconf 87' lang='grc' dir='ltr'><strong>ται</strong></span> <span class='ocrx_word' id='word_1_479' title='bbox 2185 3322 2220 3379; x_wconf 79' lang='grc' dir='ltr'>ἃ</span> <span class='ocrx_word' id='word_1_480' title='bbox 2247 3326 2275 3377; x_wconf 86' lang='grc' dir='ltr'>ὁ</span> <span class='ocrx_word' id='word_1_481' title='bbox 2294 3324 2421 3388; x_wconf 84' lang='grc' dir='ltr'><strong>Υἱὸς</strong></span> <span class='ocrx_word' id='word_1_482' title='bbox 2452 3323 2544 3376; x_wconf 87' lang='grc' dir='ltr'><strong>τοῦ</strong></span> <span class='ocrx_word' id='word_1_483' title='bbox 2575 3322 2710 3377; x_wconf 83' lang='grc' dir='ltr'>Θεοῦ</span> <span class='ocrx_word' id='word_1_484' title='bbox 2737 3322 3081 3394; x_wconf 77' lang='grc' dir='ltr'>ὀνομάζεται,</span> <span class='ocrx_word' id='word_1_485' title='bbox 3112 3324 3420 3395; x_wconf 84' lang='grc' dir='ltr'>συνήσομεν</span> <span class='ocrx_word' id='word_1_486' title='bbox 3451 3320 3572 3384; x_wconf 82' lang='grc' dir='ltr'>πῶς</span> 
     </span>
    </p>
   </div>
   <div class='ocr_carea' id='block_1_66' title="bbox 301 3407 1798 3493">
    <p class='ocr_par' dir='ltr' id='par_1_66' title="bbox 301 3420 1791 3493">
     <span class='ocr_line' id='line_1_66' title="bbox 301 3420 1791 3493; baseline 0.003 -19"><span class='ocrx_word' id='word_1_487' title='bbox 301 3422 573 3491; x_wconf 84' lang='lat' dir='ltr'><strong>quomodo</strong></span> <span class='ocrx_word' id='word_1_488' title='bbox 609 3423 775 3476; x_wconf 88' lang='lat' dir='ltr'><strong>multa</strong></span> <span class='ocrx_word' id='word_1_489' title='bbox 804 3423 944 3476; x_wconf 88' lang='lat' dir='ltr'><strong>bona</strong></span> <span class='ocrx_word' id='word_1_490' title='bbox 980 3423 1052 3476; x_wconf 92' lang='lat' dir='ltr'><strong>sit</strong></span> <span class='ocrx_word' id='word_1_491' title='bbox 1078 3420 1259 3487; x_wconf 86' lang='lat' dir='ltr'><strong>Jesus,</strong></span> <span class='ocrx_word' id='word_1_492' title='bbox 1295 3439 1454 3493; x_wconf 88' lang='lat' dir='ltr'><strong>quem</strong></span> <span class='ocrx_word' id='word_1_493' title='bbox 1484 3424 1791 3479; x_wconf 86' lang='lat' dir='ltr'><strong>annuntian</strong></span> 
     </span>
    </p>
   </div>
   <div class='ocr_carea' id='block_1_67' title="bbox 2074 3407 3571 3493">
    <p class='ocr_par' dir='ltr' id='par_1_67' title="bbox 2074 3407 3571 3487">
     <span class='ocr_line' id='line_1_67' title="bbox 2074 3407 3571 3487; baseline -0.004 -16"><span class='ocrx_word' id='word_1_494' title='bbox 2074 3417 2159 3472; x_wconf 66' lang='lat' dir='ltr'><strong>ua</strong></span> <span class='ocrx_word' id='word_1_495' title='bbox 2187 3416 2369 3487; x_wconf 85' lang='grc' dir='ltr'>ἀγαθά</span> <span class='ocrx_word' id='word_1_496' title='bbox 2395 3418 2540 3472; x_wconf 74' lang='grc' dir='ltr'>ἐστιν</span> <span class='ocrx_word' id='word_1_497' title='bbox 2583 3416 2811 3487; x_wconf 83' lang='grc' dir='ltr'><strong>Ἰησοῦς,</strong></span> <span class='ocrx_word' id='word_1_498' title='bbox 2846 3416 2906 3470; x_wconf 85' lang='grc' dir='ltr'>ὃν</span> <span class='ocrx_word' id='word_1_499' title='bbox 2938 3416 3377 3486; x_wconf 76' lang='grc' dir='ltr'>εὐαγγελίζονται</span> <span class='ocrx_word' id='word_1_500' title='bbox 3420 3407 3571 3468; x_wconf 72' lang='grc' dir='ltr'>οὗτοι</span> 
     </span>
    </p>
   </div>
   <div class='ocr_carea' id='block_1_68' title="bbox 302 3503 1799 3585">
    <p class='ocr_par' dir='ltr' id='par_1_68' title="bbox 302 3514 1799 3585">
     <span class='ocr_line' id='line_1_68' title="bbox 302 3514 1799 3585; baseline 0.004 -22"><span class='ocrx_word' id='word_1_501' title='bbox 302 3527 534 3582; x_wconf 86' lang='lat' dir='ltr'><strong>quorum</strong></span> <span class='ocrx_word' id='word_1_502' title='bbox 570 3514 803 3580; x_wconf 83' lang='lat' dir='ltr'><strong>speciosi</strong></span> <span class='ocrx_word' id='word_1_503' title='bbox 830 3525 959 3567; x_wconf 90' lang='lat' dir='ltr'><strong>sunt</strong></span> <span class='ocrx_word' id='word_1_504' title='bbox 992 3514 1318 3585; x_wconf 83' lang='lat' dir='ltr'><strong>pedes.Vita</strong></span> <span class='ocrx_word' id='word_1_505' title='bbox 1356 3517 1555 3570; x_wconf 89' lang='lat' dir='ltr'><strong>boumn</strong></span> <span class='ocrx_word' id='word_1_506' title='bbox 1581 3526 1665 3572; x_wconf 90' lang='lat' dir='ltr'><strong>est</strong></span> <span class='ocrx_word' id='word_1_507' title='bbox 1695 3531 1799 3570; x_wconf 92' lang='lat' dir='ltr'><strong>uuu</strong></span> 
     </span>
    </p>
   </div>
   <div class='ocr_carea' id='block_1_69' title="bbox 2072 3503 3569 3585">
    <p class='ocr_par' dir='ltr' id='par_1_69' title="bbox 2101 3505 3569 3582">
     <span class='ocr_line' id='line_1_69' title="bbox 2101 3505 3569 3582; baseline -0.005 -16"><span class='ocrx_word' id='word_1_508' title='bbox 2101 3511 2292 3582; x_wconf 72' lang='grc' dir='ltr'>ὡραῖοι</span> <span class='ocrx_word' id='word_1_509' title='bbox 2325 3512 2461 3564; x_wconf 79' lang='grc' dir='ltr'>εἰσιν</span> <span class='ocrx_word' id='word_1_510' title='bbox 2500 3511 2551 3564; x_wconf 83' lang='grc' dir='ltr'><strong>οἱ</strong></span> <span class='ocrx_word' id='word_1_511' title='bbox 2577 3510 2736 3573; x_wconf 81' lang='grc' dir='ltr'>πόδες</span> <span class='ocrx_word' id='word_1_512' title='bbox 2758 3526 2772 3539; x_wconf 75' lang='grc' dir='ltr'>ο</span> <span class='ocrx_word' id='word_1_513' title='bbox 2801 3508 2858 3563; x_wconf 81' lang='grc' dir='ltr'>ἓν</span> <span class='ocrx_word' id='word_1_514' title='bbox 2891 3509 2989 3579; x_wconf 78' lang='grc' dir='ltr'>μὲν</span> <span class='ocrx_word' id='word_1_515' title='bbox 3038 3508 3146 3581; x_wconf 79' lang='grc' dir='ltr'>γὰρ</span> <span class='ocrx_word' id='word_1_516' title='bbox 3181 3507 3384 3576; x_wconf 83' lang='grc' dir='ltr'>ἀγαθὸν</span> <span class='ocrx_word' id='word_1_517' title='bbox 3431 3505 3569 3577; x_wconf 81' lang='grc' dir='ltr'>ζωὴ,</span> 
     </span>
    </p>
   </div>
   <div class='ocr_carea' id='block_1_70' title="bbox 299 3598 1796 3678">
    <p class='ocr_par' dir='ltr' id='par_1_70' title="bbox 299 3605 1796 3678">
     <span class='ocr_line' id='line_1_70' title="bbox 299 3605 1796 3678; baseline -0.001 -17"><span class='ocrx_word' id='word_1_518' title='bbox 299 3616 358 3661; x_wconf 75' lang='lat' dir='ltr'><strong>at</strong></span> <span class='ocrx_word' id='word_1_519' title='bbox 378 3605 538 3662; x_wconf 79' lang='lat' dir='ltr'><strong>Jesus</strong></span> <span class='ocrx_word' id='word_1_520' title='bbox 560 3616 646 3662; x_wconf 90' lang='lat' dir='ltr'><strong>est</strong></span> <span class='ocrx_word' id='word_1_521' title='bbox 676 3608 810 3661; x_wconf 83' lang='lat' dir='ltr'><strong>vita.</strong></span> <span class='ocrx_word' id='word_1_522' title='bbox 832 3606 1039 3662; x_wconf 83' lang='lat' dir='ltr'><strong>Bonum</strong></span> <span class='ocrx_word' id='word_1_523' title='bbox 1069 3607 1297 3663; x_wconf 87' lang='lat' dir='ltr'><strong>alterum</strong></span> <span class='ocrx_word' id='word_1_524' title='bbox 1327 3607 1417 3663; x_wconf 82' lang='lat' dir='ltr'><strong>lux</strong></span> <span class='ocrx_word' id='word_1_525' title='bbox 1445 3619 1529 3663; x_wconf 91' lang='lat' dir='ltr'><strong>est</strong></span> <span class='ocrx_word' id='word_1_526' title='bbox 1566 3609 1796 3678; x_wconf 73' lang='lat' dir='ltr'><strong>mumli,i</strong></span> 
     </span>
    </p>
   </div>
   <div class='ocr_carea' id='block_1_71' title="bbox 2073 3598 3570 3678">
    <p class='ocr_par' dir='ltr' id='par_1_71' title="bbox 2073 3598 3570 3676">
     <span class='ocr_line' id='line_1_71' title="bbox 2073 3598 3570 3676; baseline -0.005 -19"><span class='ocrx_word' id='word_1_527' title='bbox 2073 3603 2210 3676; x_wconf 46' lang='grc' dir='ltr'>ισοῦς</span> <span class='ocrx_word' id='word_1_528' title='bbox 2242 3603 2299 3656; x_wconf 83' lang='grc' dir='ltr'><em>δὲ</em></span> <span class='ocrx_word' id='word_1_529' title='bbox 2332 3602 2466 3673; x_wconf 79' lang='grc' dir='ltr'><strong>ζωή.</strong></span> <span class='ocrx_word' id='word_1_530' title='bbox 2492 3603 2602 3655; x_wconf 84' lang='lat' dir='ltr'><strong>Kal</strong></span> <span class='ocrx_word' id='word_1_531' title='bbox 2629 3601 2814 3673; x_wconf 76' lang='grc' dir='ltr'>ἓτερον</span> <span class='ocrx_word' id='word_1_532' title='bbox 2846 3600 3050 3670; x_wconf 80' lang='grc' dir='ltr'>ἀγαθὸν</span> <span class='ocrx_word' id='word_1_533' title='bbox 3079 3599 3193 3669; x_wconf 88' lang='grc' dir='ltr'>φῶς</span> <span class='ocrx_word' id='word_1_534' title='bbox 3221 3598 3315 3652; x_wconf 84' lang='grc' dir='ltr'><strong>τοῦ</strong></span> <span class='ocrx_word' id='word_1_535' title='bbox 3337 3598 3570 3668; x_wconf 86' lang='grc' dir='ltr'>κόσμου,</span> 
     </span>
    </p>
   </div>
   <div class='ocr_carea' id='block_1_72' title="bbox 306 3690 1803 3767">
    <p class='ocr_par' dir='ltr' id='par_1_72' title="bbox 306 3699 1803 3764">
     <span class='ocr_line' id='line_1_72' title="bbox 306 3699 1803 3764; baseline 0.003 -14"><span class='ocrx_word' id='word_1_536' title='bbox 306 3713 457 3764; x_wconf 90' lang='lat' dir='ltr'><strong>vera,</strong></span> <span class='ocrx_word' id='word_1_537' title='bbox 487 3701 579 3754; x_wconf 86' lang='lat' dir='ltr'><strong>lux</strong></span> <span class='ocrx_word' id='word_1_538' title='bbox 608 3700 908 3753; x_wconf 89' lang='lat' dir='ltr'><strong>hominum.</strong></span> <span class='ocrx_word' id='word_1_539' title='bbox 936 3700 1007 3752; x_wconf 90' lang='lat' dir='ltr'><strong>At</strong></span> <span class='ocrx_word' id='word_1_540' title='bbox 1045 3700 1159 3754; x_wconf 72' lang='lat' dir='ltr'><strong>hzec</strong></span> <span class='ocrx_word' id='word_1_541' title='bbox 1186 3700 1368 3754; x_wconf 89' lang='lat' dir='ltr'><strong>omnia</strong></span> <span class='ocrx_word' id='word_1_542' title='bbox 1396 3701 1603 3755; x_wconf 85' lang='lat' dir='ltr'><strong>dicitur</strong></span> <span class='ocrx_word' id='word_1_543' title='bbox 1644 3716 1767 3756; x_wconf 88' lang='lat' dir='ltr'><strong>esse</strong></span> <span class='ocrx_word' id='word_1_544' title='bbox 1795 3699 1803 3754; x_wconf 88' lang='lat' dir='ltr'><strong>l</strong></span> 
     </span>
    </p>
   </div>
   <div class='ocr_carea' id='block_1_73' title="bbox 2072 3690 3569 3767">
    <p class='ocr_par' dir='ltr' id='par_1_73' title="bbox 2072 3690 3569 3767">
     <span class='ocr_line' id='line_1_73' title="bbox 2072 3690 3569 3767; baseline -0.005 -16"><span class='ocrx_word' id='word_1_545' title='bbox 2072 3714 2106 3759; x_wconf 76' lang='grc' dir='ltr'>ις</span> <span class='ocrx_word' id='word_1_546' title='bbox 2151 3696 2416 3767; x_wconf 83' lang='grc' dir='ltr'>τυγχάνον</span> <span class='ocrx_word' id='word_1_547' title='bbox 2466 3692 2738 3764; x_wconf 80' lang='grc' dir='ltr'>ἀληθινὸν,</span> <span class='ocrx_word' id='word_1_548' title='bbox 2783 3692 2879 3746; x_wconf 74' lang='grc' dir='ltr'>καὶ</span> <span class='ocrx_word' id='word_1_549' title='bbox 2924 3692 3041 3761; x_wconf 88' lang='grc' dir='ltr'>φῶς</span> <span class='ocrx_word' id='word_1_550' title='bbox 3081 3691 3192 3745; x_wconf 87' lang='grc' dir='ltr'><strong>τῶν</strong></span> <span class='ocrx_word' id='word_1_551' title='bbox 3232 3690 3569 3763; x_wconf 87' lang='grc' dir='ltr'>ἀνθρώπων·</span> 
     </span>
    </p>
   </div>
   <div class='ocr_carea' id='block_1_74' title="bbox 312 3781 1809 3863">
    <p class='ocr_par' dir='ltr' id='par_1_74' title="bbox 312 3790 1808 3863">
     <span class='ocr_line' id='line_1_74' title="bbox 312 3790 1808 3863; baseline 0.005 -22"><span class='ocrx_word' id='word_1_552' title='bbox 312 3790 422 3846; x_wconf 91' lang='lat' dir='ltr'><strong>lius</strong></span> <span class='ocrx_word' id='word_1_553' title='bbox 459 3790 579 3846; x_wconf 91' lang='lat' dir='ltr'><strong>Dei.</strong></span> <span class='ocrx_word' id='word_1_554' title='bbox 608 3792 689 3845; x_wconf 87' lang='lat' dir='ltr'><strong>Ad</strong></span> <span class='ocrx_word' id='word_1_555' title='bbox 727 3792 862 3857; x_wconf 79' lang='lat' dir='ltr'><strong>haec,</strong></span> <span class='ocrx_word' id='word_1_556' title='bbox 892 3800 1253 3863; x_wconf 79' lang='lat' dir='ltr'><strong>praeterquam</strong></span> <span class='ocrx_word' id='word_1_557' title='bbox 1279 3794 1422 3862; x_wconf 89' lang='lat' dir='ltr'><strong>quod</strong></span> <span class='ocrx_word' id='word_1_558' title='bbox 1451 3795 1628 3849; x_wconf 85' lang='lat' dir='ltr'><strong>vitaet</strong></span> <span class='ocrx_word' id='word_1_559' title='bbox 1660 3794 1750 3849; x_wconf 81' lang='lat' dir='ltr'><strong>lux</strong></span> <span class='ocrx_word' id='word_1_560' title='bbox 1778 3810 1808 3849; x_wconf 90' lang='lat' dir='ltr'><strong>e</strong></span> 
     </span>
    </p>
   </div>
   <div class='ocr_carea' id='block_1_75' title="bbox 2073 3781 3570 3863">
    <p class='ocr_par' dir='ltr' id='par_1_75' title="bbox 2073 3781 3570 3862">
     <span class='ocr_line' id='line_1_75' title="bbox 2073 3781 3570 3862; baseline -0.005 -19"><span class='ocrx_word' id='word_1_561' title='bbox 2073 3806 2133 3862; x_wconf 81' lang='grc' dir='ltr'><strong>ερ</strong></span> <span class='ocrx_word' id='word_1_562' title='bbox 2162 3788 2339 3842; x_wconf 82' lang='grc' dir='ltr'>πάντα</span> <span class='ocrx_word' id='word_1_563' title='bbox 2368 3790 2397 3841; x_wconf 87' lang='grc' dir='ltr'><strong>ό</strong></span> <span class='ocrx_word' id='word_1_564' title='bbox 2432 3787 2559 3851; x_wconf 81' lang='grc' dir='ltr'>Υἱὸς</span> <span class='ocrx_word' id='word_1_565' title='bbox 2591 3781 2728 3839; x_wconf 76' lang='grc' dir='ltr'>εἶναι</span> <span class='ocrx_word' id='word_1_566' title='bbox 2754 3784 2971 3854; x_wconf 81' lang='grc' dir='ltr'>λέγεται</span> <span class='ocrx_word' id='word_1_567' title='bbox 2997 3784 3090 3839; x_wconf 87' lang='grc' dir='ltr'><strong>τοῦ</strong></span> <span class='ocrx_word' id='word_1_568' title='bbox 3112 3784 3269 3841; x_wconf 87' lang='grc' dir='ltr'>Θεοῦ.</span> <span class='ocrx_word' id='word_1_569' title='bbox 3297 3785 3407 3839; x_wconf 88' lang='lat' dir='ltr'><strong>Kal</strong></span> <span class='ocrx_word' id='word_1_570' title='bbox 3439 3784 3570 3839; x_wconf 76' lang='grc' dir='ltr'>ἄλλο</span> 
     </span>
    </p>
   </div>
   <div class='ocr_carea' id='block_1_76' title="bbox 308 3877 1805 3955">
    <p class='ocr_par' dir='ltr' id='par_1_76' title="bbox 308 3882 1805 3955">
     <span class='ocr_line' id='line_1_76' title="bbox 308 3882 1805 3955; baseline 0.004 -19"><span class='ocrx_word' id='word_1_571' title='bbox 308 3882 456 3937; x_wconf 84' lang='lat' dir='ltr'><strong>aliud</strong></span> <span class='ocrx_word' id='word_1_572' title='bbox 491 3884 659 3937; x_wconf 78' lang='lat' dir='ltr'><strong>etiam</strong></span> <span class='ocrx_word' id='word_1_573' title='bbox 687 3893 772 3937; x_wconf 81' lang='lat' dir='ltr'><strong>est</strong></span> <span class='ocrx_word' id='word_1_574' title='bbox 811 3883 1012 3938; x_wconf 86' lang='lat' dir='ltr'><strong>bonum</strong></span> <span class='ocrx_word' id='word_1_575' title='bbox 1040 3925 1054 3949; x_wconf 88' lang='lat'><strong>,</strong></span> <span class='ocrx_word' id='word_1_576' title='bbox 1094 3884 1246 3955; x_wconf 76' lang='lat' dir='ltr'><strong>juxta</strong></span> <span class='ocrx_word' id='word_1_577' title='bbox 1289 3885 1757 3942; x_wconf 84' lang='lat' dir='ltr'><strong>considerationes</strong></span> <span class='ocrx_word' id='word_1_578' title='bbox 1790 3905 1805 3942; x_wconf 82' lang='grc' dir='ltr'><em>ι</em></span> 
     </span>
    </p>
   </div>
   <div class='ocr_carea' id='block_1_77' title="bbox 2072 3877 3569 3955">
    <p class='ocr_par' dir='ltr' id='par_1_77' title="bbox 2072 3877 3569 3951">
     <span class='ocr_line' id='line_1_77' title="bbox 2072 3877 3569 3951; baseline -0.002 -16"><span class='ocrx_word' id='word_1_579' title='bbox 2072 3880 2191 3936; x_wconf 74' lang='grc' dir='ltr'>αθὸν</span> <span class='ocrx_word' id='word_1_580' title='bbox 2223 3882 2343 3934; x_wconf 87' lang='grc' dir='ltr'>κατ’</span> <span class='ocrx_word' id='word_1_581' title='bbox 2369 3878 2610 3933; x_wconf 78' lang='grc' dir='ltr'>ἐπίνοιαν</span> <span class='ocrx_word' id='word_1_582' title='bbox 2645 3877 2797 3950; x_wconf 80' lang='grc' dir='ltr'>παρὰ</span> <span class='ocrx_word' id='word_1_583' title='bbox 2824 3878 2920 3949; x_wconf 83' lang='grc' dir='ltr'>τὴν</span> <span class='ocrx_word' id='word_1_584' title='bbox 2954 3877 3099 3951; x_wconf 79' lang='grc' dir='ltr'>ζωὴν</span> <span class='ocrx_word' id='word_1_585' title='bbox 3125 3879 3219 3932; x_wconf 70' lang='grc' dir='ltr'>καὶ</span> <span class='ocrx_word' id='word_1_586' title='bbox 3250 3880 3310 3933; x_wconf 78' lang='grc' dir='ltr'>τὸ</span> <span class='ocrx_word' id='word_1_587' title='bbox 3349 3879 3496 3950; x_wconf 87' lang='grc' dir='ltr'>φῶς,</span> <span class='ocrx_word' id='word_1_588' title='bbox 3534 3880 3569 3948; x_wconf 84' lang='grc' dir='ltr'><strong>ἡ</strong></span> 
     </span>
    </p>
   </div>
   <div class='ocr_carea' id='block_1_78' title="bbox 304 3968 1801 4048">
    <p class='ocr_par' dir='ltr' id='par_1_78' title="bbox 304 3973 1801 4048">
     <span class='ocr_line' id='line_1_78' title="bbox 304 3973 1801 4048; baseline 0.003 -20"><span class='ocrx_word' id='word_1_589' title='bbox 304 3984 475 4038; x_wconf 85' lang='lat' dir='ltr'><strong>stras,</strong></span> <span class='ocrx_word' id='word_1_590' title='bbox 499 3973 703 4028; x_wconf 85' lang='lat' dir='ltr'><strong>veritas</strong></span> <span class='ocrx_word' id='word_1_591' title='bbox 727 3975 957 4032; x_wconf 88' lang='lat' dir='ltr'><strong>scilicet.</strong></span> <span class='ocrx_word' id='word_1_592' title='bbox 982 3974 1193 4032; x_wconf 81' lang='lat' dir='ltr'><strong>Rursus</strong></span> <span class='ocrx_word' id='word_1_593' title='bbox 1210 3987 1297 4032; x_wconf 89' lang='lat' dir='ltr'><strong>est</strong></span> <span class='ocrx_word' id='word_1_594' title='bbox 1316 3976 1463 4032; x_wconf 89' lang='lat' dir='ltr'><strong>aliud</strong></span> <span class='ocrx_word' id='word_1_595' title='bbox 1497 3980 1722 4042; x_wconf 84' lang='lat' dir='ltr'><strong>bonum,</strong></span> <span class='ocrx_word' id='word_1_596' title='bbox 1743 3995 1801 4048; x_wconf 78' lang='lat' dir='ltr'><strong>qr</strong></span> 
     </span>
    </p>
   </div>
   <div class='ocr_carea' id='block_1_79' title="bbox 2074 3968 3571 4048">
    <p class='ocr_par' dir='ltr' id='par_1_79' title="bbox 2074 3968 3571 4047">
     <span class='ocr_line' id='line_1_79' title="bbox 2074 3968 3571 4047; baseline -0.002 -21"><span class='ocrx_word' id='word_1_597' title='bbox 2074 3972 2234 4047; x_wconf 61' lang='grc' dir='ltr'>ἡθεια.</span> <span class='ocrx_word' id='word_1_598' title='bbox 2290 3972 2400 4024; x_wconf 80' lang='grc' dir='ltr'>Καὶ</span> <span class='ocrx_word' id='word_1_599' title='bbox 2447 3971 2706 4042; x_wconf 84' lang='grc' dir='ltr'>τέταρτον</span> <span class='ocrx_word' id='word_1_600' title='bbox 2762 3970 2912 4042; x_wconf 79' lang='grc' dir='ltr'>παρὰ</span> <span class='ocrx_word' id='word_1_601' title='bbox 2936 3968 3111 4025; x_wconf 88' lang='grc' dir='ltr'>ταῦτα</span> <span class='ocrx_word' id='word_1_602' title='bbox 3156 3972 3190 4042; x_wconf 81' lang='grc' dir='ltr'><strong>ἠ</strong></span> <span class='ocrx_word' id='word_1_603' title='bbox 3235 3973 3328 4025; x_wconf 71' lang='grc' dir='ltr'>ἐπὶ</span> <span class='ocrx_word' id='word_1_604' title='bbox 3363 3969 3571 4041; x_wconf 71' lang='grc' dir='ltr'>ταύτην</span> 
     </span>
    </p>
   </div>
   <div class='ocr_carea' id='block_1_80' title="bbox 304 4063 1801 4139">
    <p class='ocr_par' dir='ltr' id='par_1_80' title="bbox 304 4067 1801 4139">
     <span class='ocr_line' id='line_1_80' title="bbox 304 4067 1801 4139; baseline 0.007 -24"><span class='ocrx_word' id='word_1_605' title='bbox 304 4075 394 4119; x_wconf 79' lang='lat' dir='ltr'><strong>est</strong></span> <span class='ocrx_word' id='word_1_606' title='bbox 434 4075 689 4133; x_wconf 87' lang='lat' dir='ltr'><strong>quartum</strong></span> <span class='ocrx_word' id='word_1_607' title='bbox 718 4067 945 4132; x_wconf 84' lang='lat' dir='ltr'><strong>bonum,</strong></span> <span class='ocrx_word' id='word_1_608' title='bbox 976 4084 1171 4137; x_wconf 88' lang='lat' dir='ltr'><strong>nempe</strong></span> <span class='ocrx_word' id='word_1_609' title='bbox 1199 4070 1306 4135; x_wconf 89' lang='lat' dir='ltr'><strong>via,</strong></span> <span class='ocrx_word' id='word_1_610' title='bbox 1339 4084 1459 4139; x_wconf 67' lang='lat' dir='ltr'><strong>qua:</strong></span> <span class='ocrx_word' id='word_1_611' title='bbox 1484 4070 1550 4124; x_wconf 91' lang='lat' dir='ltr'><strong>ad</strong></span> <span class='ocrx_word' id='word_1_612' title='bbox 1581 4071 1697 4124; x_wconf 67' lang='lat' dir='ltr'><strong>haec</strong></span> <span class='ocrx_word' id='word_1_613' title='bbox 1742 4070 1801 4125; x_wconf 77' lang='lat' dir='ltr'><strong>be</strong></span> 
     </span>
    </p>
   </div>
   <div class='ocr_carea' id='block_1_81' title="bbox 2072 4063 3569 4139">
    <p class='ocr_par' dir='ltr' id='par_1_81' title="bbox 2072 4063 3569 4137">
     <span class='ocr_line' id='line_1_81' title="bbox 2072 4063 3569 4137; baseline 0.001 -19"><span class='ocrx_word' id='word_1_614' title='bbox 2072 4082 2231 4137; x_wconf 73' lang='grc' dir='ltr'>ρουσα</span> <span class='ocrx_word' id='word_1_615' title='bbox 2261 4063 2397 4127; x_wconf 82' lang='grc' dir='ltr'>ὁδός.</span> <span class='ocrx_word' id='word_1_616' title='bbox 2441 4064 2620 4134; x_wconf 67' lang='lat' dir='ltr'><strong>&quot;Amp</strong></span> <span class='ocrx_word' id='word_1_617' title='bbox 2652 4063 2830 4116; x_wconf 86' lang='grc' dir='ltr'>πάντα</span> <span class='ocrx_word' id='word_1_618' title='bbox 2851 4066 2879 4116; x_wconf 89' lang='grc' dir='ltr'><strong>ό</strong></span> <span class='ocrx_word' id='word_1_619' title='bbox 2912 4063 3104 4135; x_wconf 82' lang='grc' dir='ltr'>Σωτὴρ</span> <span class='ocrx_word' id='word_1_620' title='bbox 3132 4064 3289 4135; x_wconf 82' lang='grc' dir='ltr'>ἡμῶν</span> <span class='ocrx_word' id='word_1_621' title='bbox 3327 4064 3569 4120; x_wconf 81' lang='grc' dir='ltr'>διδάσκει</span> 
     </span>
    </p>
   </div>
   <div class='ocr_carea' id='block_1_82' title="bbox 310 4152 1807 4231">
    <p class='ocr_par' dir='ltr' id='par_1_82' title="bbox 310 4159 1807 4231">
     <span class='ocr_line' id='line_1_82' title="bbox 310 4159 1807 4231; baseline 0.003 -19"><span class='ocrx_word' id='word_1_622' title='bbox 310 4174 410 4213; x_wconf 89' lang='lat' dir='ltr'><strong>nos</strong></span> <span class='ocrx_word' id='word_1_623' title='bbox 431 4159 720 4214; x_wconf 87' lang='lat' dir='ltr'><strong>conducat.</strong></span> <span class='ocrx_word' id='word_1_624' title='bbox 755 4159 880 4214; x_wconf 73' lang='lat' dir='ltr'><strong>llaec</strong></span> <span class='ocrx_word' id='word_1_625' title='bbox 909 4171 1091 4215; x_wconf 85' lang='lat' dir='ltr'><strong>autem</strong></span> <span class='ocrx_word' id='word_1_626' title='bbox 1125 4163 1309 4215; x_wconf 90' lang='lat' dir='ltr'><strong>omnia</strong></span> <span class='ocrx_word' id='word_1_627' title='bbox 1356 4162 1621 4217; x_wconf 89' lang='lat' dir='ltr'><strong>Servator</strong></span> <span class='ocrx_word' id='word_1_628' title='bbox 1648 4163 1807 4231; x_wconf 75' lang='lat' dir='ltr'><strong>seipsr</strong></span> 
     </span>
    </p>
   </div>
   <div class='ocr_carea' id='block_1_83' title="bbox 2072 4152 3569 4231">
    <p class='ocr_par' dir='ltr' id='par_1_83' title="bbox 2072 4152 3569 4225">
     <span class='ocr_line' id='line_1_83' title="bbox 2072 4152 3569 4225; baseline -0.007 -17"><span class='ocrx_word' id='word_1_629' title='bbox 2072 4155 2182 4208; x_wconf 81' lang='grc' dir='ltr'>›τδν</span> <span class='ocrx_word' id='word_1_630' title='bbox 2211 4152 2351 4208; x_wconf 84' lang='grc' dir='ltr'>εἶναι</span> <span class='ocrx_word' id='word_1_631' title='bbox 2374 4153 2548 4222; x_wconf 85' lang='grc' dir='ltr'>λέγων</span> <span class='ocrx_word' id='word_1_632' title='bbox 2569 4171 2582 4183; x_wconf 86' lang='grc'><strong>·</strong></span> <span class='ocrx_word' id='word_1_633' title='bbox 2622 4153 2762 4223; x_wconf 72' lang='grc' dir='ltr'><strong>Ἐγώ</strong></span> <span class='ocrx_word' id='word_1_634' title='bbox 2781 4156 2895 4222; x_wconf 79' lang='grc' dir='ltr'><em>ειμι</em></span> <span class='ocrx_word' id='word_1_635' title='bbox 2926 4156 2964 4223; x_wconf 76' lang='grc' dir='ltr'>ἡ</span> <span class='ocrx_word' id='word_1_636' title='bbox 2987 4154 3159 4221; x_wconf 77' lang='grc' dir='ltr'><em>ὁδὸς,</em></span> <span class='ocrx_word' id='word_1_637' title='bbox 3200 4156 3297 4209; x_wconf 77' lang='grc' dir='ltr'><strong>καὶ</strong></span> <span class='ocrx_word' id='word_1_638' title='bbox 3335 4157 3373 4225; x_wconf 76' lang='grc' dir='ltr'>ἢ</span> <span class='ocrx_word' id='word_1_639' title='bbox 3418 4157 3569 4224; x_wconf 75' lang='grc' dir='ltr'><strong>ἀλή..</strong></span> 
     </span>
    </p>
   </div>
   <div class='ocr_carea' id='block_1_84' title="bbox 306 4244 1803 4323">
    <p class='ocr_par' dir='ltr' id='par_1_84' title="bbox 306 4253 1803 4323">
     <span class='ocr_line' id='line_1_84' title="bbox 306 4253 1803 4323; baseline 0.001 -17"><span class='ocrx_word' id='word_1_640' title='bbox 306 4267 432 4307; x_wconf 81' lang='lat' dir='ltr'><strong>esse</strong></span> <span class='ocrx_word' id='word_1_641' title='bbox 461 4253 639 4319; x_wconf 88' lang='lat' dir='ltr'><strong>docet,</strong></span> <span class='ocrx_word' id='word_1_642' title='bbox 671 4253 859 4307; x_wconf 83' lang='lat' dir='ltr'><strong>dicens</strong></span> <span class='ocrx_word' id='word_1_643' title='bbox 878 4254 923 4286; x_wconf 79' lang='grc'>⁸⁷</span> <span class='ocrx_word' id='word_1_644' title='bbox 956 4271 969 4307; x_wconf 89' lang='lat'><strong>:</strong></span> <span class='ocrx_word' id='word_1_645' title='bbox 1004 4253 1114 4323; x_wconf 83' lang='lat' dir='ltr'><strong>Ego</strong></span> <span class='ocrx_word' id='word_1_646' title='bbox 1150 4270 1267 4308; x_wconf 83' lang='lat' dir='ltr'><strong>sum</strong></span> <span class='ocrx_word' id='word_1_647' title='bbox 1293 4255 1398 4320; x_wconf 77' lang='lat' dir='ltr'><strong>via,</strong></span> <span class='ocrx_word' id='word_1_648' title='bbox 1429 4256 1626 4309; x_wconf 80' lang='lat' dir='ltr'><strong>ueritas</strong></span> <span class='ocrx_word' id='word_1_649' title='bbox 1681 4265 1730 4308; x_wconf 86' lang='lat' dir='ltr'><strong>et</strong></span> <span class='ocrx_word' id='word_1_650' title='bbox 1755 4258 1803 4309; x_wconf 84' lang='lat' dir='ltr'><strong>vi</strong></span> 
     </span>
    </p>
   </div>
   <div class='ocr_carea' id='block_1_85' title="bbox 2072 4244 3569 4323">
    <p class='ocr_par' dir='ltr' id='par_1_85' title="bbox 2072 4244 3569 4317">
     <span class='ocr_line' id='line_1_85' title="bbox 2072 4244 3569 4317; baseline 0.003 -16"><span class='ocrx_word' id='word_1_651' title='bbox 2072 4266 2143 4313; x_wconf 72' lang='grc' dir='ltr'><strong>ια,</strong></span> <span class='ocrx_word' id='word_1_652' title='bbox 2166 4247 2264 4301; x_wconf 76' lang='grc' dir='ltr'><strong>καὶ</strong></span> <span class='ocrx_word' id='word_1_653' title='bbox 2295 4248 2333 4315; x_wconf 69' lang='grc' dir='ltr'><strong>ἡ</strong></span> <span class='ocrx_word' id='word_1_654' title='bbox 2366 4244 2495 4314; x_wconf 79' lang='grc' dir='ltr'><strong>ζωή.</strong></span> <span class='ocrx_word' id='word_1_655' title='bbox 2523 4244 2648 4309; x_wconf 84' lang='grc' dir='ltr'><strong>Πῶς</strong></span> <span class='ocrx_word' id='word_1_656' title='bbox 2674 4245 2729 4300; x_wconf 84' lang='grc' dir='ltr'><em>δὲ</em></span> <span class='ocrx_word' id='word_1_657' title='bbox 2762 4247 2862 4300; x_wconf 81' lang='grc' dir='ltr'><strong>οὐκ</strong></span> <span class='ocrx_word' id='word_1_658' title='bbox 2894 4247 3096 4316; x_wconf 81' lang='grc' dir='ltr'>ἀγαθὸν</span> <span class='ocrx_word' id='word_1_659' title='bbox 3144 4249 3205 4302; x_wconf 81' lang='grc' dir='ltr'><strong>τὸ</strong></span> <span class='ocrx_word' id='word_1_660' title='bbox 3243 4252 3569 4317; x_wconf 81' lang='grc' dir='ltr'>ἀποτιναξά-</span> 
     </span>
    </p>
   </div>
   <div class='ocr_carea' id='block_1_86' title="bbox 309 4338 1806 4416">
    <p class='ocr_par' dir='ltr' id='par_1_86' title="bbox 309 4345 1806 4416">
     <span class='ocr_line' id='line_1_86' title="bbox 309 4345 1806 4416; baseline 0.001 -21"><span class='ocrx_word' id='word_1_661' title='bbox 309 4345 591 4411; x_wconf 82' lang='lat' dir='ltr'><strong>Quomodo</strong></span> <span class='ocrx_word' id='word_1_662' title='bbox 619 4355 799 4399; x_wconf 73' lang='lat' dir='ltr'><strong>alllelll</strong></span> <span class='ocrx_word' id='word_1_663' title='bbox 824 4361 929 4399; x_wconf 88' lang='lat' dir='ltr'><strong>non</strong></span> <span class='ocrx_word' id='word_1_664' title='bbox 961 4347 1160 4400; x_wconf 90' lang='lat' dir='ltr'><strong>bonum</strong></span> <span class='ocrx_word' id='word_1_665' title='bbox 1184 4355 1267 4401; x_wconf 90' lang='lat' dir='ltr'><strong>est</strong></span> <span class='ocrx_word' id='word_1_666' title='bbox 1289 4361 1578 4416; x_wconf 79' lang='lat' dir='ltr'><strong>resurgere</strong></span> <span class='ocrx_word' id='word_1_667' title='bbox 1613 4346 1806 4401; x_wconf 77' lang='lat' dir='ltr'><strong>homim</strong></span> 
     </span>
    </p>
   </div>
   <div class='ocr_carea' id='block_1_87' title="bbox 2070 4338 3567 4416">
    <p class='ocr_par' dir='ltr' id='par_1_87' title="bbox 2070 4338 3567 4413">
     <span class='ocr_line' id='line_1_87' title="bbox 2070 4338 3567 4413; baseline 0.001 -18"><span class='ocrx_word' id='word_1_668' title='bbox 2070 4358 2153 4395; x_wconf 85' lang='grc' dir='ltr'><strong>νον</strong></span> <span class='ocrx_word' id='word_1_669' title='bbox 2183 4339 2274 4392; x_wconf 86' lang='grc' dir='ltr'><strong>τὸν</strong></span> <span class='ocrx_word' id='word_1_670' title='bbox 2304 4338 2430 4409; x_wconf 85' lang='grc' dir='ltr'>χοῦν</span> <span class='ocrx_word' id='word_1_671' title='bbox 2461 4340 2555 4392; x_wconf 74' lang='grc' dir='ltr'>καὶ</span> <span class='ocrx_word' id='word_1_672' title='bbox 2582 4341 2682 4412; x_wconf 79' lang='grc' dir='ltr'>τὴν</span> <span class='ocrx_word' id='word_1_673' title='bbox 2706 4341 3010 4413; x_wconf 80' lang='grc' dir='ltr'>νεκρότητα</span> <span class='ocrx_word' id='word_1_674' title='bbox 3036 4341 3337 4413; x_wconf 76' lang='grc' dir='ltr'>ἀναστῆναι</span> <span class='ocrx_word' id='word_1_675' title='bbox 3378 4344 3567 4397; x_wconf 83' lang='grc' dir='ltr'>τούτου</span> 
     </span>
    </p>
   </div>
   <div class='ocr_carea' id='block_1_88' title="bbox 306 4405 1803 4508">
    <p class='ocr_par' dir='ltr' id='par_1_88' title="bbox 306 4435 1803 4508">
     <span class='ocr_line' id='line_1_88' title="bbox 306 4435 1803 4508; baseline 0.001 -18"><span class='ocrx_word' id='word_1_676' title='bbox 306 4449 536 4491; x_wconf 77' lang='lat' dir='ltr'><strong>excusso</strong></span> <span class='ocrx_word' id='word_1_677' title='bbox 556 4435 774 4505; x_wconf 87' lang='lat' dir='ltr'><strong>pulvere</strong></span> <span class='ocrx_word' id='word_1_678' title='bbox 805 4447 859 4491; x_wconf 86' lang='lat' dir='ltr'><strong>et</strong></span> <span class='ocrx_word' id='word_1_679' title='bbox 888 4437 990 4507; x_wconf 78' lang='lat'><strong>12</strong></span> <span class='ocrx_word' id='word_1_680' title='bbox 1008 4438 1358 4501; x_wconf 85' lang='lat' dir='ltr'><strong>mortalitate,</strong></span> <span class='ocrx_word' id='word_1_681' title='bbox 1378 4437 1589 4508; x_wconf 91' lang='lat' dir='ltr'><strong>hocque</strong></span> <span class='ocrx_word' id='word_1_682' title='bbox 1606 4455 1635 4492; x_wconf 91' lang='lat' dir='ltr'><strong>a</strong></span> <span class='ocrx_word' id='word_1_683' title='bbox 1662 4439 1803 4493; x_wconf 78' lang='lat' dir='ltr'><strong>Domi</strong></span> 
     </span>
    </p>
   </div>
   <div class='ocr_carea' id='block_1_89' title="bbox 2068 4405 3565 4508">
    <p class='ocr_par' dir='ltr' id='par_1_89' title="bbox 2068 4405 3565 4502">
     <span class='ocr_line' id='line_1_89' title="bbox 2068 4405 3565 4502; baseline 0.005 -20"><span class='ocrx_word' id='word_1_684' title='bbox 2068 4405 2336 4501; x_wconf 73' lang='grc' dir='ltr'>γχάνοντα</span> <span class='ocrx_word' id='word_1_685' title='bbox 2365 4431 2473 4483; x_wconf 81' lang='grc' dir='ltr'>ἀπὸ</span> <span class='ocrx_word' id='word_1_686' title='bbox 2501 4429 2596 4483; x_wconf 88' lang='grc' dir='ltr'><strong>τοῦ</strong></span> <span class='ocrx_word' id='word_1_687' title='bbox 2631 4405 2861 4502; x_wconf 59' lang='grc' dir='ltr'>Κυρίου,</span> <span class='ocrx_word' id='word_1_688' title='bbox 2899 4405 3034 4485; x_wconf 44' lang='lat' dir='ltr'><strong>{eos</strong></span> <span class='ocrx_word' id='word_1_689' title='bbox 3068 4405 3362 4497; x_wconf 77' lang='grc' dir='ltr'>ἀνάστασίς</span> <span class='ocrx_word' id='word_1_690' title='bbox 3398 4434 3565 4499; x_wconf 78' lang='grc' dir='ltr'>ἐστιν,</span> 
     </span>
    </p>
   </div>
   <div class='ocr_carea' id='block_1_90' title="bbox 314 4521 1811 4600">
    <p class='ocr_par' dir='ltr' id='par_1_90' title="bbox 314 4528 1806 4600">
     <span class='ocr_line' id='line_1_90' title="bbox 314 4528 1806 4600; baseline 0.002 -18"><span class='ocrx_word' id='word_1_691' title='bbox 314 4528 531 4598; x_wconf 87' lang='lat' dir='ltr'><strong>assequi</strong></span> <span class='ocrx_word' id='word_1_692' title='bbox 561 4530 859 4584; x_wconf 88' lang='lat' dir='ltr'><strong>secundum</strong></span> <span class='ocrx_word' id='word_1_693' title='bbox 906 4531 1049 4598; x_wconf 90' lang='lat' dir='ltr'><strong>quod</strong></span> <span class='ocrx_word' id='word_1_694' title='bbox 1099 4531 1214 4600; x_wconf 89' lang='lat' dir='ltr'><strong>ipse</strong></span> <span class='ocrx_word' id='word_1_695' title='bbox 1252 4528 1414 4584; x_wconf 86' lang='lat' dir='ltr'><strong>Jesus</strong></span> <span class='ocrx_word' id='word_1_696' title='bbox 1441 4539 1526 4584; x_wconf 82' lang='lat' dir='ltr'><strong>est</strong></span> <span class='ocrx_word' id='word_1_697' title='bbox 1560 4544 1806 4585; x_wconf 89' lang='lat' dir='ltr'><strong>resurrec</strong></span> 
     </span>
    </p>
   </div>
   <div class='ocr_carea' id='block_1_91' title="bbox 2068 4521 3565 4600">
    <p class='ocr_par' dir='ltr' id='par_1_91' title="bbox 2069 4521 3565 4595">
     <span class='ocr_line' id='line_1_91' title="bbox 2069 4521 3565 4595; baseline 0.001 -19"><span class='ocrx_word' id='word_1_698' title='bbox 2069 4523 2163 4576; x_wconf 75' lang='grc' dir='ltr'>καί</span> <span class='ocrx_word' id='word_1_699' title='bbox 2199 4538 2361 4592; x_wconf 82' lang='grc' dir='ltr'>φησιν</span> <span class='ocrx_word' id='word_1_700' title='bbox 2380 4538 2393 4551; x_wconf 88' lang='grc'><strong>·</strong></span> <span class='ocrx_word' id='word_1_701' title='bbox 2437 4521 2576 4592; x_wconf 73' lang='grc' dir='ltr'><strong>Ἐγώ</strong></span> <span class='ocrx_word' id='word_1_702' title='bbox 2600 4524 2716 4593; x_wconf 76' lang='grc' dir='ltr'><em>ειμι</em></span> <span class='ocrx_word' id='word_1_703' title='bbox 2735 4525 2774 4593; x_wconf 73' lang='grc' dir='ltr'>ἢ</span> <span class='ocrx_word' id='word_1_704' title='bbox 2802 4523 3171 4591; x_wconf 80' lang='grc' dir='ltr'><em>ἀνάστασις;</em></span> <span class='ocrx_word' id='word_1_705' title='bbox 3226 4524 3384 4579; x_wconf 82' lang='grc' dir='ltr'><strong>Ἀλλᾶ</strong></span> <span class='ocrx_word' id='word_1_706' title='bbox 3412 4527 3506 4580; x_wconf 71' lang='grc' dir='ltr'>καὶ</span> <span class='ocrx_word' id='word_1_707' title='bbox 3534 4528 3565 4595; x_wconf 86' lang='grc' dir='ltr'><strong>ἡ</strong></span> 
     </span>
    </p>
   </div>
   <div class='ocr_carea' id='block_1_92' title="bbox 311 4610 1808 4694">
    <p class='ocr_par' dir='ltr' id='par_1_92' title="bbox 311 4622 1802 4694">
     <span class='ocr_line' id='line_1_92' title="bbox 311 4622 1802 4694; baseline 0.003 -19"><span class='ocrx_word' id='word_1_708' title='bbox 311 4622 403 4693; x_wconf 93' lang='lat' dir='ltr'><strong>qui</strong></span> <span class='ocrx_word' id='word_1_709' title='bbox 429 4622 595 4677; x_wconf 87' lang='lat' dir='ltr'><strong>etiam</strong></span> <span class='ocrx_word' id='word_1_710' title='bbox 641 4622 822 4692; x_wconf 82' lang='lat' dir='ltr'><strong>inquit</strong></span> <span class='ocrx_word' id='word_1_711' title='bbox 855 4640 869 4678; x_wconf 89' lang='lat'><strong>:</strong></span> <span class='ocrx_word' id='word_1_712' title='bbox 903 4622 1016 4694; x_wconf 84' lang='lat' dir='ltr'><strong>Ego</strong></span> <span class='ocrx_word' id='word_1_713' title='bbox 1048 4641 1164 4678; x_wconf 87' lang='lat' dir='ltr'><strong>sum</strong></span> <span class='ocrx_word' id='word_1_714' title='bbox 1202 4624 1518 4679; x_wconf 83' lang='lat' dir='ltr'><strong>resurrectio</strong></span> <span class='ocrx_word' id='word_1_715' title='bbox 1551 4622 1637 4676; x_wconf 63' lang='lat'><strong>&#39;5?</strong></span> <span class='ocrx_word' id='word_1_716' title='bbox 1665 4623 1802 4691; x_wconf 86' lang='lat' dir='ltr'><strong>Quin</strong></span> 
     </span>
    </p>
   </div>
   <div class='ocr_carea' id='block_1_93' title="bbox 2070 4610 3567 4694">
    <p class='ocr_par' dir='ltr' id='par_1_93' title="bbox 2070 4610 3567 4688">
     <span class='ocr_line' id='line_1_93' title="bbox 2070 4610 3567 4688; baseline 0.001 -19"><span class='ocrx_word' id='word_1_717' title='bbox 2070 4632 2155 4688; x_wconf 86' lang='grc' dir='ltr'>ρα,</span> <span class='ocrx_word' id='word_1_718' title='bbox 2189 4613 2255 4667; x_wconf 75' lang='grc' dir='ltr'><strong>δι’</strong></span> <span class='ocrx_word' id='word_1_719' title='bbox 2280 4610 2347 4687; x_wconf 77' lang='grc' dir='ltr'><strong>ἦς</strong></span> <span class='ocrx_word' id='word_1_720' title='bbox 2383 4631 2467 4678; x_wconf 85' lang='grc' dir='ltr'>τις</span> <span class='ocrx_word' id='word_1_721' title='bbox 2499 4616 2580 4678; x_wconf 81' lang='grc' dir='ltr'>εἰς</span> <span class='ocrx_word' id='word_1_722' title='bbox 2609 4616 2708 4684; x_wconf 82' lang='grc' dir='ltr'>τὴν</span> <span class='ocrx_word' id='word_1_723' title='bbox 2735 4614 2910 4688; x_wconf 78' lang='grc' dir='ltr'>ἄκραν</span> <span class='ocrx_word' id='word_1_724' title='bbox 2953 4614 3258 4687; x_wconf 74' lang='grc' dir='ltr'>εἰσέρχεται</span> <span class='ocrx_word' id='word_1_725' title='bbox 3304 4618 3567 4688; x_wconf 76' lang='grc' dir='ltr'>μακαριό·</span> 
     </span>
    </p>
   </div>
   <div class='ocr_carea' id='block_1_94' title="bbox 312 4705 1809 4785">
    <p class='ocr_par' dir='ltr' id='par_1_94' title="bbox 312 4715 1809 4785">
     <span class='ocr_line' id='line_1_94' title="bbox 312 4715 1809 4785; baseline 0 -17"><span class='ocrx_word' id='word_1_726' title='bbox 312 4715 510 4769; x_wconf 83' lang='lat' dir='ltr'><strong>ostium</strong></span> <span class='ocrx_word' id='word_1_727' title='bbox 537 4715 724 4778; x_wconf 87' lang='lat' dir='ltr'><strong>etiam,</strong></span> <span class='ocrx_word' id='word_1_728' title='bbox 774 4731 866 4785; x_wconf 89' lang='lat' dir='ltr'><strong>per</strong></span> <span class='ocrx_word' id='word_1_729' title='bbox 904 4718 1047 4785; x_wconf 89' lang='lat' dir='ltr'><strong>quod</strong></span> <span class='ocrx_word' id='word_1_730' title='bbox 1079 4716 1146 4769; x_wconf 87' lang='lat' dir='ltr'><strong>ad</strong></span> <span class='ocrx_word' id='word_1_731' title='bbox 1177 4731 1450 4769; x_wconf 86' lang='lat' dir='ltr'><strong>summam</strong></span> <span class='ocrx_word' id='word_1_732' title='bbox 1499 4716 1809 4771; x_wconf 83' lang='lat' dir='ltr'><strong>beatiludim</strong></span> 
     </span>
    </p>
   </div>
   <div class='ocr_carea' id='block_1_95' title="bbox 2068 4705 3565 4785">
    <p class='ocr_par' dir='ltr' id='par_1_95' title="bbox 2068 4705 3565 4778">
     <span class='ocr_line' id='line_1_95' title="bbox 2068 4705 3565 4778; baseline 0.001 -19"><span class='ocrx_word' id='word_1_733' title='bbox 2068 4723 2151 4768; x_wconf 80' lang='grc' dir='ltr'>τα,</span> <span class='ocrx_word' id='word_1_734' title='bbox 2174 4705 2375 4773; x_wconf 84' lang='grc' dir='ltr'>ἀγαθόν</span> <span class='ocrx_word' id='word_1_735' title='bbox 2394 4722 2407 4737; x_wconf 85' lang='grc'><strong>·</strong></span> <span class='ocrx_word' id='word_1_736' title='bbox 2426 4708 2455 4759; x_wconf 88' lang='grc' dir='ltr'>ὁ</span> <span class='ocrx_word' id='word_1_737' title='bbox 2479 4706 2536 4758; x_wconf 82' lang='grc' dir='ltr'><em>δὲ</em></span> <span class='ocrx_word' id='word_1_738' title='bbox 2558 4707 2788 4778; x_wconf 88' lang='grc' dir='ltr'>Χριστός</span> <span class='ocrx_word' id='word_1_739' title='bbox 2816 4724 2977 4777; x_wconf 84' lang='grc' dir='ltr'>φησιν</span> <span class='ocrx_word' id='word_1_740' title='bbox 2992 4724 3004 4736; x_wconf 91' lang='grc'>·</span> <span class='ocrx_word' id='word_1_741' title='bbox 3039 4706 3179 4777; x_wconf 78' lang='grc' dir='ltr'><strong>Ἐγώ</strong></span> <span class='ocrx_word' id='word_1_742' title='bbox 3195 4708 3313 4778; x_wconf 80' lang='grc' dir='ltr'><em>εἰμι</em></span> <span class='ocrx_word' id='word_1_743' title='bbox 3334 4708 3372 4775; x_wconf 79' lang='grc' dir='ltr'>ἡ</span> <span class='ocrx_word' id='word_1_744' title='bbox 3396 4709 3565 4776; x_wconf 72' lang='grc' dir='ltr'><strong>θύρα.</strong></span> 
     </span>
    </p>
   </div>
   <div class='ocr_carea' id='block_1_96' title="bbox 314 4799 1811 4875">
    <p class='ocr_par' dir='ltr' id='par_1_96' title="bbox 314 4804 1808 4875">
     <span class='ocr_line' id='line_1_96' title="bbox 314 4804 1808 4875; baseline 0.004 -21"><span class='ocrx_word' id='word_1_745' title='bbox 314 4805 438 4873; x_wconf 84' lang='lat' dir='ltr'><strong>quis</strong></span> <span class='ocrx_word' id='word_1_746' title='bbox 486 4804 810 4873; x_wconf 85' lang='lat' dir='ltr'><strong>ingreditur,</strong></span> <span class='ocrx_word' id='word_1_747' title='bbox 861 4814 946 4861; x_wconf 91' lang='lat' dir='ltr'><strong>est</strong></span> <span class='ocrx_word' id='word_1_748' title='bbox 981 4806 1204 4860; x_wconf 89' lang='lat' dir='ltr'><strong>bonum.</strong></span> <span class='ocrx_word' id='word_1_749' title='bbox 1255 4809 1326 4860; x_wconf 85' lang='lat' dir='ltr'><strong>At</strong></span> <span class='ocrx_word' id='word_1_750' title='bbox 1378 4806 1632 4861; x_wconf 83' lang='lat' dir='ltr'><strong>Christus</strong></span> <span class='ocrx_word' id='word_1_751' title='bbox 1659 4806 1808 4875; x_wconf 89' lang='lat' dir='ltr'><strong>inqui</strong></span> 
     </span>
    </p>
   </div>
   <div class='ocr_carea' id='block_1_97' title="bbox 2075 4799 3572 4875">
    <p class='ocr_par' dir='ltr' id='par_1_97' title="bbox 2096 4799 3572 4872">
     <span class='ocr_line' id='line_1_97' title="bbox 2096 4799 3572 4872; baseline 0.001 -18"><span class='ocrx_word' id='word_1_752' title='bbox 2096 4800 2154 4854; x_wconf 80' lang='grc' dir='ltr'><em>δὲ</em></span> <span class='ocrx_word' id='word_1_753' title='bbox 2180 4799 2262 4853; x_wconf 86' lang='grc' dir='ltr'>δεῖ</span> <span class='ocrx_word' id='word_1_754' title='bbox 2284 4799 2412 4871; x_wconf 80' lang='grc' dir='ltr'>περὶ</span> <span class='ocrx_word' id='word_1_755' title='bbox 2444 4800 2634 4869; x_wconf 83' lang='grc' dir='ltr'>σοφίας</span> <span class='ocrx_word' id='word_1_756' title='bbox 2661 4800 2859 4870; x_wconf 81' lang='grc' dir='ltr'>λέγειν,</span> <span class='ocrx_word' id='word_1_757' title='bbox 2882 4800 2961 4869; x_wconf 78' lang='grc' dir='ltr'><em>ἢν</em></span> <span class='ocrx_word' id='word_1_758' title='bbox 2985 4801 3227 4856; x_wconf 77' lang='grc' dir='ltr'><em>ἔκτισεν</em></span> <span class='ocrx_word' id='word_1_759' title='bbox 3246 4806 3278 4857; x_wconf 83' lang='grc' dir='ltr'><em>ὁ</em></span> <span class='ocrx_word' id='word_1_760' title='bbox 3302 4803 3445 4870; x_wconf 84' lang='grc' dir='ltr'><strong>Θεὸς</strong></span> <span class='ocrx_word' id='word_1_761' title='bbox 3471 4805 3572 4872; x_wconf 80' lang='grc' dir='ltr'><strong>ἀρ..</strong></span> 
     </span>
    </p>
   </div>
   <div class='ocr_carea' id='block_1_98' title="bbox 316 4887 1813 4968">
    <p class='ocr_par' dir='ltr' id='par_1_98' title="bbox 316 4891 1813 4966">
     <span class='ocr_line' id='line_1_98' title="bbox 316 4891 1813 4966; baseline 0.004 -19"><span class='ocrx_word' id='word_1_762' title='bbox 316 4891 432 4964; x_wconf 84' lang='lat' dir='ltr'><strong>Ego</strong></span> <span class='ocrx_word' id='word_1_763' title='bbox 458 4911 573 4947; x_wconf 84' lang='lat' dir='ltr'><strong>sum</strong></span> <span class='ocrx_word' id='word_1_764' title='bbox 605 4897 797 4950; x_wconf 84' lang='lat' dir='ltr'><strong>ostium</strong></span> <span class='ocrx_word' id='word_1_765' title='bbox 822 4898 889 4955; x_wconf 79' lang='grc'><strong>⁸⁸.</strong></span> <span class='ocrx_word' id='word_1_766' title='bbox 920 4897 1057 4965; x_wconf 87' lang='lat' dir='ltr'><strong>Quid</strong></span> <span class='ocrx_word' id='word_1_767' title='bbox 1090 4914 1218 4952; x_wconf 88' lang='lat' dir='ltr'><strong>vero</strong></span> <span class='ocrx_word' id='word_1_768' title='bbox 1241 4914 1375 4966; x_wconf 88' lang='lat' dir='ltr'><strong>opus</strong></span> <span class='ocrx_word' id='word_1_769' title='bbox 1408 4908 1491 4952; x_wconf 79' lang='lat' dir='ltr'><strong>est</strong></span> <span class='ocrx_word' id='word_1_770' title='bbox 1522 4899 1687 4954; x_wconf 85' lang='lat' dir='ltr'><strong>verba</strong></span> <span class='ocrx_word' id='word_1_771' title='bbox 1716 4900 1813 4954; x_wconf 74' lang='lat' dir='ltr'><strong>fact</strong></span> 
     </span>
    </p>
   </div>
   <div class='ocr_carea' id='block_1_99' title="bbox 2071 4887 3568 4968">
    <p class='ocr_par' dir='ltr' id='par_1_99' title="bbox 2071 4887 3568 4968">
     <span class='ocr_line' id='line_1_99' title="bbox 2071 4887 3568 4968; baseline 0.002 -23"><span class='ocrx_word' id='word_1_772' title='bbox 2071 4903 2130 4961; x_wconf 55' lang='grc' dir='ltr'><em>ην</em></span> <span class='ocrx_word' id='word_1_773' title='bbox 2164 4891 2310 4946; x_wconf 79' lang='grc' dir='ltr'><em>ὁδὸν</em></span> <span class='ocrx_word' id='word_1_774' title='bbox 2341 4892 2527 4945; x_wconf 86' lang='grc' dir='ltr'>αὑτοῦ</span> <span class='ocrx_word' id='word_1_775' title='bbox 2552 4894 2641 4959; x_wconf 76' lang='grc' dir='ltr'><strong>εἰς</strong></span> <span class='ocrx_word' id='word_1_776' title='bbox 2668 4893 2812 4961; x_wconf 75' lang='grc' dir='ltr'><strong>ἔργα</strong></span> <span class='ocrx_word' id='word_1_777' title='bbox 2831 4893 3037 4960; x_wconf 88' lang='grc' dir='ltr'>αὑτοῦ,</span> <span class='ocrx_word' id='word_1_778' title='bbox 3144 4895 3504 4966; x_wconf 83' lang='grc' dir='ltr'>προσέχαιρεν</span> <span class='ocrx_word' id='word_1_779' title='bbox 3543 4896 3568 4948; x_wconf 86' lang='grc' dir='ltr'><strong>ό</strong></span> 
     </span>
    </p>
   </div>
   <div class='ocr_carea' id='block_1_100' title="bbox 316 4982 1813 5059">
    <p class='ocr_par' dir='ltr' id='par_1_100' title="bbox 316 4985 1813 5056">
     <span class='ocr_line' id='line_1_100' title="bbox 316 4985 1813 5056; baseline 0.004 -17"><span class='ocrx_word' id='word_1_780' title='bbox 316 4986 384 5040; x_wconf 88' lang='lat' dir='ltr'><strong>de</strong></span> <span class='ocrx_word' id='word_1_781' title='bbox 414 4985 708 5055; x_wconf 85' lang='lat' dir='ltr'><strong>sapientia,</strong></span> <span class='ocrx_word' id='word_1_782' title='bbox 739 5004 896 5056; x_wconf 87' lang='lat' dir='ltr'><strong>quam</strong></span> <span class='ocrx_word' id='word_1_783' title='bbox 932 4990 1169 5043; x_wconf 81' lang='lat' dir='ltr'><strong>condidit</strong></span> <span class='ocrx_word' id='word_1_784' title='bbox 1210 4991 1348 5045; x_wconf 83' lang='lat' dir='ltr'><strong>Deus</strong></span> <span class='ocrx_word' id='word_1_785' title='bbox 1397 4992 1455 5045; x_wconf 80' lang='lat' dir='ltr'><strong>in</strong></span> <span class='ocrx_word' id='word_1_786' title='bbox 1495 4993 1645 5046; x_wconf 86' lang='lat' dir='ltr'><strong>initio</strong></span> <span class='ocrx_word' id='word_1_787' title='bbox 1687 4993 1813 5047; x_wconf 76' lang='lat' dir='ltr'><strong>viar:</strong></span> 
     </span>
    </p>
   </div>
   <div class='ocr_carea' id='block_1_101' title="bbox 2071 4982 3568 5059">
    <p class='ocr_par' dir='ltr' id='par_1_101' title="bbox 2071 4982 3568 5059">
     <span class='ocr_line' id='line_1_101' title="bbox 2071 4982 3568 5059; baseline 0.001 -24"><span class='ocrx_word' id='word_1_788' title='bbox 2071 4983 2190 5054; x_wconf 81' lang='grc' dir='ltr'>ιτὴρ</span> <span class='ocrx_word' id='word_1_789' title='bbox 2208 4982 2398 5053; x_wconf 79' lang='grc' dir='ltr'>αὐτῆς,</span> <span class='ocrx_word' id='word_1_790' title='bbox 2420 4983 2903 5054; x_wconf 84' lang='grc' dir='ltr'>ἐνευφραινόμενος</span> <span class='ocrx_word' id='word_1_791' title='bbox 2916 4983 2995 5055; x_wconf 79' lang='grc' dir='ltr'>τῷ</span> <span class='ocrx_word' id='word_1_792' title='bbox 3016 4984 3377 5056; x_wconf 84' lang='grc' dir='ltr'>πολυποικίλῳ</span> <span class='ocrx_word' id='word_1_793' title='bbox 3401 4986 3568 5059; x_wconf 75' lang='grc' dir='ltr'>νοητῷ</span> 
     </span>
    </p>
   </div>
   <div class='ocr_carea' id='block_1_102' title="bbox 315 5076 1812 5154">
    <p class='ocr_par' dir='ltr' id='par_1_102' title="bbox 315 5078 1812 5154">
     <span class='ocr_line' id='line_1_102' title="bbox 315 5078 1812 5154; baseline 0.003 -22"><span class='ocrx_word' id='word_1_794' title='bbox 315 5094 534 5132; x_wconf 87' lang='lat' dir='ltr'><strong>suarum</strong></span> <span class='ocrx_word' id='word_1_795' title='bbox 563 5078 616 5132; x_wconf 88' lang='lat' dir='ltr'><strong>in</strong></span> <span class='ocrx_word' id='word_1_796' title='bbox 644 5096 800 5149; x_wconf 87' lang='lat' dir='ltr'><strong>opera</strong></span> <span class='ocrx_word' id='word_1_797' title='bbox 831 5082 1127 5151; x_wconf 73' lang='lat' dir='ltr'><strong>sua“,quu</strong></span> <span class='ocrx_word' id='word_1_798' title='bbox 1152 5084 1490 5153; x_wconf 76' lang='lat' dir='ltr'><strong>adgaudebat</strong></span> <span class='ocrx_word' id='word_1_799' title='bbox 1510 5085 1669 5139; x_wconf 84' lang='lat' dir='ltr'><strong>Pater</strong></span> <span class='ocrx_word' id='word_1_800' title='bbox 1699 5085 1812 5154; x_wconf 67' lang='lat' dir='ltr'><strong>ipsi:</strong></span> 
     </span>
    </p>
   </div>
   <div class='ocr_carea' id='block_1_103' title="bbox 2056 5076 3553 5154">
    <p class='ocr_par' dir='ltr' id='par_1_103' title="bbox 2056 5076 3553 5151">
     <span class='ocr_line' id='line_1_103' title="bbox 2056 5076 3553 5151; baseline 0.003 -22"><span class='ocrx_word' id='word_1_801' title='bbox 2056 5076 2185 5129; x_wconf 73' lang='grc' dir='ltr'>ἱλλει</span> <span class='ocrx_word' id='word_1_802' title='bbox 2212 5077 2404 5147; x_wconf 79' lang='grc' dir='ltr'>αὐτῆς,</span> <span class='ocrx_word' id='word_1_803' title='bbox 2453 5077 2559 5131; x_wconf 87' lang='grc' dir='ltr'><strong>ὑπὸ</strong></span> <span class='ocrx_word' id='word_1_804' title='bbox 2597 5076 2803 5149; x_wconf 83' lang='grc' dir='ltr'>νοητῶν</span> <span class='ocrx_word' id='word_1_805' title='bbox 2839 5077 3134 5148; x_wconf 82' lang='grc' dir='ltr'>ὀφθαλμῶν</span> <span class='ocrx_word' id='word_1_806' title='bbox 3166 5079 3342 5148; x_wconf 86' lang='grc' dir='ltr'>μόνων</span> <span class='ocrx_word' id='word_1_807' title='bbox 3378 5080 3553 5151; x_wconf 76' lang='grc' dir='ltr'>βλεπο</span> 
     </span>
    </p>
   </div>
   <div class='ocr_carea' id='block_1_104' title="bbox 318 5170 1815 5246">
    <p class='ocr_par' dir='ltr' id='par_1_104' title="bbox 318 5171 1815 5246">
     <span class='ocr_line' id='line_1_104' title="bbox 318 5171 1815 5246; baseline 0.004 -20"><span class='ocrx_word' id='word_1_808' title='bbox 318 5171 623 5228; x_wconf 86' lang='lat' dir='ltr'><strong>oblectatus</strong></span> <span class='ocrx_word' id='word_1_809' title='bbox 675 5173 729 5228; x_wconf 91' lang='lat' dir='ltr'><strong>in</strong></span> <span class='ocrx_word' id='word_1_810' title='bbox 766 5174 1059 5230; x_wconf 82' lang='lat' dir='ltr'><strong>multifaria</strong></span> <span class='ocrx_word' id='word_1_811' title='bbox 1096 5176 1265 5244; x_wconf 71' lang='lat' dir='ltr'><strong>ipsius</strong></span> <span class='ocrx_word' id='word_1_812' title='bbox 1289 5175 1696 5246; x_wconf 89' lang='lat' dir='ltr'><strong>pulchritudine</strong></span> <span class='ocrx_word' id='word_1_813' title='bbox 1728 5178 1815 5232; x_wconf 48' lang='lat' dir='ltr'><strong>inti</strong></span> 
     </span>
    </p>
   </div>
   <div class='ocr_carea' id='block_1_105' title="bbox 2073 5170 3570 5246">
    <p class='ocr_par' dir='ltr' id='par_1_105' title="bbox 2073 5170 3570 5242">
     <span class='ocr_line' id='line_1_105' title="bbox 2073 5170 3570 5242; baseline 0.001 -20"><span class='ocrx_word' id='word_1_814' title='bbox 2073 5188 2166 5241; x_wconf 83' lang='grc' dir='ltr'><strong>νῳ,</strong></span> <span class='ocrx_word' id='word_1_815' title='bbox 2192 5171 2286 5223; x_wconf 68' lang='grc' dir='ltr'>καὶ</span> <span class='ocrx_word' id='word_1_816' title='bbox 2309 5172 2388 5235; x_wconf 85' lang='grc' dir='ltr'><strong>εἰς</strong></span> <span class='ocrx_word' id='word_1_817' title='bbox 2416 5170 2595 5242; x_wconf 73' lang='grc' dir='ltr'>ἔρωτα</span> <span class='ocrx_word' id='word_1_818' title='bbox 2625 5175 2716 5224; x_wconf 85' lang='grc' dir='ltr'><strong>τὸν</strong></span> <span class='ocrx_word' id='word_1_819' title='bbox 2742 5171 2802 5225; x_wconf 88' lang='grc' dir='ltr'><strong>τὸ</strong></span> <span class='ocrx_word' id='word_1_820' title='bbox 2823 5170 2964 5226; x_wconf 87' lang='grc' dir='ltr'>θεῖον</span> <span class='ocrx_word' id='word_1_821' title='bbox 2980 5171 3174 5237; x_wconf 81' lang='grc' dir='ltr'>κάλλος</span> <span class='ocrx_word' id='word_1_822' title='bbox 3212 5173 3570 5227; x_wconf 83' lang='grc' dir='ltr'>κατανοοῦντα</span> 
     </span>
    </p>
   </div>
   <div class='ocr_carea' id='block_1_106' title="bbox 320 5261 1817 5338">
    <p class='ocr_par' dir='ltr' id='par_1_106' title="bbox 320 5264 1817 5335">
     <span class='ocr_line' id='line_1_106' title="bbox 320 5264 1817 5335; baseline 0.005 -18"><span class='ocrx_word' id='word_1_823' title='bbox 320 5264 534 5334; x_wconf 81' lang='lat' dir='ltr'><strong>ligibili,</strong></span> <span class='ocrx_word' id='word_1_824' title='bbox 588 5280 707 5335; x_wconf 73' lang='lat' dir='ltr'><strong>quae</strong></span> <span class='ocrx_word' id='word_1_825' title='bbox 738 5266 871 5322; x_wconf 87' lang='lat' dir='ltr'><strong>solis</strong></span> <span class='ocrx_word' id='word_1_826' title='bbox 908 5266 1368 5323; x_wconf 88' lang='lat' dir='ltr'><strong>iutellectualibus</strong></span> <span class='ocrx_word' id='word_1_827' title='bbox 1409 5268 1583 5323; x_wconf 92' lang='lat' dir='ltr'><strong>oculis</strong></span> <span class='ocrx_word' id='word_1_828' title='bbox 1625 5270 1817 5325; x_wconf 63' lang='lat' dir='ltr'><strong>cernit:</strong></span> 
     </span>
    </p>
   </div>
   <div class='ocr_carea' id='block_1_107' title="bbox 2072 5261 3569 5338">
    <p class='ocr_par' dir='ltr' id='par_1_107' title="bbox 2072 5261 3569 5338">
     <span class='ocr_line' id='line_1_107' title="bbox 2072 5261 3569 5338; baseline 0.001 -21"><span class='ocrx_word' id='word_1_829' title='bbox 2072 5263 2243 5335; x_wconf 82' lang='grc' dir='ltr'>ρὰνιον</span> <span class='ocrx_word' id='word_1_830' title='bbox 2266 5261 2754 5334; x_wconf 83' lang='grc' dir='ltr'>προσκαλουμένῳ;</span> <span class='ocrx_word' id='word_1_831' title='bbox 2808 5262 3035 5332; x_wconf 84' lang='grc' dir='ltr'>Ἀγαθὸν</span> <span class='ocrx_word' id='word_1_832' title='bbox 3063 5265 3171 5337; x_wconf 86' lang='grc' dir='ltr'>γὰρ</span> <span class='ocrx_word' id='word_1_833' title='bbox 3202 5267 3237 5338; x_wconf 85' lang='grc' dir='ltr'><strong>ἡ</strong></span> <span class='ocrx_word' id='word_1_834' title='bbox 3285 5265 3447 5336; x_wconf 85' lang='grc' dir='ltr'>σοφία</span> <span class='ocrx_word' id='word_1_835' title='bbox 3481 5263 3569 5318; x_wconf 81' lang='grc' dir='ltr'><strong>τοῦ</strong></span> 
     </span>
    </p>
   </div>
   <div class='ocr_carea' id='block_1_108' title="bbox 389 5418 1886 5488">
    <p class='ocr_par' dir='ltr' id='par_1_108' title="bbox 389 5418 1878 5488">
     <span class='ocr_line' id='line_1_108' title="bbox 389 5418 1878 5488; baseline 0.002 -14"><span class='ocrx_word' id='word_1_836' title='bbox 389 5420 439 5452; x_wconf 78' lang='grc'><strong>⁸⁸</strong></span> <span class='ocrx_word' id='word_1_837' title='bbox 474 5418 616 5475; x_wconf 85' lang='lat' dir='ltr'><strong>Psal.</strong></span> <span class='ocrx_word' id='word_1_838' title='bbox 646 5437 815 5487; x_wconf 78' lang='lat' dir='ltr'><strong>uvrt,</strong></span> <span class='ocrx_word' id='word_1_839' title='bbox 849 5420 937 5484; x_wconf 74' lang='grc'><strong>12,</strong></span> <span class='ocrx_word' id='word_1_840' title='bbox 968 5423 1056 5477; x_wconf 78' lang='grc'><strong>15.</strong></span> <span class='ocrx_word' id='word_1_841' title='bbox 1138 5421 1184 5454; x_wconf 73' lang='grc' dir='ltr'><strong>’ί</strong></span> <span class='ocrx_word' id='word_1_842' title='bbox 1212 5421 1230 5475; x_wconf 92' lang='lat' dir='ltr'><strong>l</strong></span> <span class='ocrx_word' id='word_1_843' title='bbox 1266 5421 1393 5478; x_wconf 87' lang='lat' dir='ltr'><strong>Cor.</strong></span> <span class='ocrx_word' id='word_1_844' title='bbox 1430 5436 1504 5484; x_wconf 86' lang='lat' dir='ltr'><strong>tv.</strong></span> <span class='ocrx_word' id='word_1_845' title='bbox 1529 5424 1615 5488; x_wconf 84' lang='lat' dir='ltr'><strong>l9,</strong></span> <span class='ocrx_word' id='word_1_846' title='bbox 1642 5422 1735 5478; x_wconf 74' lang='grc'><strong>20.</strong></span> <span class='ocrx_word' id='word_1_847' title='bbox 1832 5425 1878 5457; x_wconf 81' lang='grc'>⁸¹</span> 
     </span>
    </p>
   </div>
   <div class='ocr_carea' id='block_1_109' title="bbox 2069 5418 3566 5488">
    <p class='ocr_par' dir='ltr' id='par_1_109' title="bbox 2071 5419 3566 5485">
     <span class='ocr_line' id='line_1_109' title="bbox 2071 5419 3566 5485; baseline 0.002 -13"><span class='ocrx_word' id='word_1_848' title='bbox 2071 5461 2082 5472; x_wconf 93' lang='grc'><strong>.</strong></span> <span class='ocrx_word' id='word_1_849' title='bbox 2116 5435 2181 5479; x_wconf 85' lang='grc' dir='ltr'><strong>ιι.</strong></span> <span class='ocrx_word' id='word_1_850' title='bbox 2211 5419 2268 5476; x_wconf 75' lang='grc'><strong>4.</strong></span> <span class='ocrx_word' id='word_1_851' title='bbox 2348 5419 2396 5451; x_wconf 76' lang='grc'><strong>⁵⁸</strong></span> <span class='ocrx_word' id='word_1_852' title='bbox 2425 5419 2561 5475; x_wconf 90' lang='lat' dir='ltr'><strong>Luc.</strong></span> <span class='ocrx_word' id='word_1_853' title='bbox 2596 5435 2746 5485; x_wconf 57' lang='grc' dir='ltr'>χειν,</span> <span class='ocrx_word' id='word_1_854' title='bbox 2789 5420 2879 5475; x_wconf 68' lang='grc'><strong>52.</strong></span> <span class='ocrx_word' id='word_1_855' title='bbox 2977 5422 3024 5454; x_wconf 66' lang='grc'><strong>⁸⁵</strong></span> <span class='ocrx_word' id='word_1_856' title='bbox 3066 5421 3207 5476; x_wconf 87' lang='lat' dir='ltr'><strong>Psal.</strong></span> <span class='ocrx_word' id='word_1_857' title='bbox 3251 5438 3441 5483; x_wconf 78' lang='lat' dir='ltr'><strong>vanr.</strong></span> <span class='ocrx_word' id='word_1_858' title='bbox 3483 5423 3566 5475; x_wconf 73' lang='lat' dir='ltr'><strong>l9.</strong></span> 
     </span>
    </p>
   </div>
   <div class='ocr_carea' id='block_1_110' title="bbox 323 5488 1820 5561">
    <p class='ocr_par' dir='ltr' id='par_1_110' title="bbox 323 5488 1806 5561">
     <span class='ocr_line' id='line_1_110' title="bbox 323 5488 1806 5561; baseline 0.004 -19"><span class='ocrx_word' id='word_1_859' title='bbox 323 5488 370 5522; x_wconf 79' lang='grc'><strong>⁸⁵</strong></span> <span class='ocrx_word' id='word_1_860' title='bbox 398 5489 499 5544; x_wconf 87' lang='lat' dir='ltr'><strong>Isa.</strong></span> <span class='ocrx_word' id='word_1_861' title='bbox 529 5508 624 5559; x_wconf 80' lang='grc' dir='ltr'><em>ιιι,</em></span> <span class='ocrx_word' id='word_1_862' title='bbox 659 5494 734 5561; x_wconf 88' lang='lat'><strong>7;</strong></span> <span class='ocrx_word' id='word_1_863' title='bbox 767 5493 924 5546; x_wconf 76' lang='lat' dir='ltr'><strong>Ront.</strong></span> <span class='ocrx_word' id='word_1_864' title='bbox 958 5508 1014 5557; x_wconf 71' lang='grc' dir='ltr'><strong>Χ,</strong></span> <span class='ocrx_word' id='word_1_865' title='bbox 1045 5491 1131 5547; x_wconf 80' lang='grc'><strong>15.</strong></span> <span class='ocrx_word' id='word_1_866' title='bbox 1219 5492 1263 5525; x_wconf 81' lang='grc'><strong><em>⁵⁸</em></strong></span> <span class='ocrx_word' id='word_1_867' title='bbox 1290 5493 1446 5548; x_wconf 76' lang='lat' dir='ltr'><strong>Joau.</strong></span> <span class='ocrx_word' id='word_1_868' title='bbox 1490 5509 1598 5560; x_wconf 81' lang='lat' dir='ltr'><strong>xw,</strong></span> <span class='ocrx_word' id='word_1_869' title='bbox 1629 5495 1682 5547; x_wconf 81' lang='lat'><strong>6.</strong></span> <span class='ocrx_word' id='word_1_870' title='bbox 1762 5494 1806 5526; x_wconf 84' lang='lat'><strong>&quot;</strong></span> 
     </span>
    </p>
   </div>
   <div class='ocr_carea' id='block_1_111' title="bbox 2068 5488 3565 5561">
    <p class='ocr_par' dir='ltr' id='par_1_111' title="bbox 2074 5490 3565 5559">
     <span class='ocr_line' id='line_1_111' title="bbox 2074 5490 3565 5559; baseline 0 -13"><span class='ocrx_word' id='word_1_871' title='bbox 2074 5491 2120 5524; x_wconf 83' lang='grc'><strong>³⁸</strong></span> <span class='ocrx_word' id='word_1_872' title='bbox 2145 5492 2303 5546; x_wconf 80' lang='lat' dir='ltr'><strong>Joan.</strong></span> <span class='ocrx_word' id='word_1_873' title='bbox 2346 5506 2419 5552; x_wconf 70' lang='lat' dir='ltr'><strong>XI,</strong></span> <span class='ocrx_word' id='word_1_874' title='bbox 2443 5490 2537 5544; x_wconf 66' lang='lat'><strong>25-</strong></span> <span class='ocrx_word' id='word_1_875' title='bbox 2605 5492 2649 5522; x_wconf 78' lang='lat'>”</span> <span class='ocrx_word' id='word_1_876' title='bbox 2680 5492 2838 5546; x_wconf 84' lang='lat' dir='ltr'><strong>Joan.</strong></span> <span class='ocrx_word' id='word_1_877' title='bbox 2868 5509 2922 5558; x_wconf 69' lang='grc' dir='ltr'><strong>κ,</strong></span> <span class='ocrx_word' id='word_1_878' title='bbox 2950 5493 3004 5547; x_wconf 88' lang='grc'><strong>9.</strong></span> <span class='ocrx_word' id='word_1_879' title='bbox 3077 5493 3122 5525; x_wconf 80' lang='grc'>⁸⁸</span> <span class='ocrx_word' id='word_1_880' title='bbox 3149 5494 3310 5550; x_wconf 87' lang='lat' dir='ltr'><strong>Prov.</strong></span> <span class='ocrx_word' id='word_1_881' title='bbox 3340 5510 3454 5559; x_wconf 80' lang='lat' dir='ltr'><strong>\‘Ill,</strong></span> <span class='ocrx_word' id='word_1_882' title='bbox 3480 5495 3565 5546; x_wconf 65' lang='lat'><strong>“2:2.</strong></span> 
     </span>
    </p>
   </div>
   <div class='ocr_carea' id='block_1_112' title="bbox 398 5645 1895 5733">
    <p class='ocr_par' dir='ltr' id='par_1_112' title="bbox 398 5645 1891 5733">
     <span class='ocr_line' id='line_1_112' title="bbox 398 5645 1891 5733; baseline 0.005 -36"><span class='ocrx_word' id='word_1_883' title='bbox 398 5645 930 5733; x_wconf 39' lang='lat' dir='ltr'><strong>(518-)&#39;I(€ltollém&#39;zir</strong></span> <span class='ocrx_word' id='word_1_884' title='bbox 950 5650 1019 5733; x_wconf 63' lang='grc' dir='ltr'><em>ξν</em></span> <span class='ocrx_word' id='word_1_885' title='bbox 1034 5648 1126 5733; x_wconf 44' lang='lat'><strong>.111</strong></span> <span class='ocrx_word' id='word_1_886' title='bbox 1143 5648 1296 5733; x_wconf 44' lang='lat' dir='ltr'><strong>eos.</strong></span> <span class='ocrx_word' id='word_1_887' title='bbox 1309 5647 1488 5733; x_wconf 46' lang='lat' dir='ltr'><strong>illidet;</strong></span> <span class='ocrx_word' id='word_1_888' title='bbox 1529 5649 1730 5723; x_wconf 74' lang='lat' dir='ltr'><strong>Regius</strong></span> <span class='ocrx_word' id='word_1_889' title='bbox 1769 5667 1891 5707; x_wconf 84' lang='grc' dir='ltr'><strong>καιο</strong></span> 
     </span>
    </p>
   </div>
   <div class='ocr_carea' id='block_1_113' title="bbox 2066 5645 3563 5733">
    <p class='ocr_par' dir='ltr' id='par_1_113' title="bbox 2066 5645 3563 5733">
     <span class='ocr_line' id='line_1_113' title="bbox 2066 5645 3563 5733; baseline 0.007 -29"><span class='ocrx_word' id='word_1_890' title='bbox 2066 5645 2124 5721; x_wconf 77' lang='grc' dir='ltr'>ἦν</span> <span class='ocrx_word' id='word_1_891' title='bbox 2168 5652 2224 5705; x_wconf 76' lang='grc' dir='ltr'><strong>ἐν</strong></span> <span class='ocrx_word' id='word_1_892' title='bbox 2269 5651 2397 5722; x_wconf 85' lang='grc' dir='ltr'><strong>ἡμῖν</strong></span> <span class='ocrx_word' id='word_1_893' title='bbox 2429 5654 2494 5723; x_wconf 83' lang='grc' dir='ltr'>τῇ</span> <span class='ocrx_word' id='word_1_894' title='bbox 2521 5651 2647 5723; x_wconf 83' lang='grc' dir='ltr'><strong>ὀδῷ.</strong></span> <span class='ocrx_word' id='word_1_895' title='bbox 2680 5653 2990 5728; x_wconf 76' lang='lat' dir='ltr'><strong>chcudum</strong></span> <span class='ocrx_word' id='word_1_896' title='bbox 3025 5659 3256 5727; x_wconf 81' lang='lat' dir='ltr'><strong>videtur,</strong></span> <span class='ocrx_word' id='word_1_897' title='bbox 3312 5660 3563 5733; x_wconf 74' lang='grc' dir='ltr'>καιομένη</span> 
     </span>
    </p>
   </div>
   <div class='ocr_carea' id='block_1_114' title="bbox 329 5714 1478 5793">
    <p class='ocr_par' dir='ltr' id='par_1_114' title="bbox 329 5714 1478 5793">
     <span class='ocr_line' id='line_1_114' title="bbox 329 5714 1478 5793; baseline 0.015 -25"><span class='ocrx_word' id='word_1_898' title='bbox 329 5714 395 5787; x_wconf 75' lang='grc' dir='ltr'>ἦν</span> <span class='ocrx_word' id='word_1_899' title='bbox 411 5714 415 5718; x_wconf 74' lang='grc'><em>’</em></span> <span class='ocrx_word' id='word_1_900' title='bbox 433 5715 490 5766; x_wconf 82' lang='grc' dir='ltr'><strong>ὲν</strong></span> <span class='ocrx_word' id='word_1_901' title='bbox 512 5719 638 5786; x_wconf 69' lang='grc' dir='ltr'>ἡμῖν</span> <span class='ocrx_word' id='word_1_902' title='bbox 662 5714 733 5783; x_wconf 74' lang='grc' dir='ltr'><strong>ὡς</strong></span> <span class='ocrx_word' id='word_1_903' title='bbox 754 5714 930 5776; x_wconf 52' lang='lat' dir='ltr'><strong>sum</strong></span> <span class='ocrx_word' id='word_1_904' title='bbox 956 5714 1166 5793; x_wconf 51' lang='grc' dir='ltr'>ἡμῖν”ἐν</span> <span class='ocrx_word' id='word_1_905' title='bbox 1190 5723 1252 5788; x_wconf 74' lang='grc' dir='ltr'>τῇ</span> <span class='ocrx_word' id='word_1_906' title='bbox 1272 5718 1398 5791; x_wconf 70' lang='grc' dir='ltr'><strong>ὀδῷ.</strong></span> <span class='ocrx_word' id='word_1_907' title='bbox 1471 5727 1478 5734; x_wconf 59' lang='grc'><em>“</em></span> 
     </span>
    </p>
   </div>
  </div>
