3792 6146
166 337 211 391 bl

1189 326 1544 385 COMMENT.
1586 326 1652 381 IN
1687 324 1878 383 IOAN.
1918 324 2158 381 TOMUS
2191 324 2235 379 ῐ.

3288 323 3360 381 62

162 456 282 521 Θεοῦ,
301 456 425 527 ὅπερ
463 454 602 524 μετὰ
645 455 759 508 τῶν
798 453 1210 527 προειρημένων
1253 450 1686 521 εὐαγγελίζονται

1792 462 2017 518 quaeque
2049 446 2482 503 considerantem
2524 445 2762 501 divinam
2807 445 3262 517 pulchritudinem
3290 447 3357 503 ad

160 546 395 619 ὧνώριῖοι
428 547 474 599 oi
507 547 693 610 πόδες.
752 546 914 600 Ἀλλὰ
962 546 1058 599 καὶ
1095 546 1128 615 ἡ
1160 544 1387 614 δύναμις
1422 542 1516 596 τοῦ
1546 542 1681 596 Θεοῦ

158 643 232 713 ἥδη
257 639 421 707 ὃγδοον
455 639 589 710 ἡμῖν
622 638 829 707 ἀγαθὸν
867 637 1245 704 καταλέγεται,
1287 636 1409 706 ἥτις
1454 636 1601 688 ἐστὶν
1653 635 1683 686 ὁ

157 730 362 803 Χριστός.
399 730 475 782 Οὐ
524 730 831 799 σιωπητέον
867 729 924 782 δὲ
962 729 1084 783 οὐδὲ
1127 728 1218 781 τὸν
1257 726 1395 798 μετὰ
1438 727 1528 780 τὸν
1569 727 1681 780 Πα-

157 824 261 897 τέρα
282 820 383 892 (49)
407 820 514 875 τῶν
539 822 676 875 ὅλων
697 821 833 875 Θεὸν
858 821 1030 889 Λόγον
1048 837 1064 851 ⁸
1087 820 1303 883 οὐδενὸς
1326 819 1435 890 γὰρ
1464 818 1682 873 ἔλαττον

155 912 318 983 ἀγαθοῦ
357 914 452 968 καὶ
479 912 636 966 τοῦτο
674 913 739 966 τὸ
782 912 1003 982 ἀγαθόν.
1050 911 1325 983 Μακάριοι
1365 912 1462 982 μὲν
1509 908 1602 965 οῦν
1634 913 1683 966 οἱ

152 1006 454 1077 χωρήσαντες
479 1000 652 1056 ταῦτα
682 1001 754 1055 τὰ
774 1002 973 1071 ἀγαθὰ,
1003 1002 1098 1056 καὶ
1129 1001 1561 1074 παραδεξάμενοι
1576 1002 1686 1057 ἀπὸ

151 1097 233 1148 τῶν
251 1094 452 1167 ὡραίων
493 1094 620 1158 τοὺς
644 1094 818 1159 πόδας
857 1095 948 1148 καὶ
990 1094 1492 1164 εὐαγγελιζομένων
1523 1094 1684 1151 αὐτά.

151 1188 269 1257 Πλὴν
287 1185 379 1240 κᾶν
401 1185 687 1257 Κορίνθιός
716 1203 806 1249 τις
837 1184 935 1251 ὢν,
971 1186 1249 1257 κρίνοντος
1283 1186 1497 1241 Παύλου
1535 1186 1686 1240 οὐδὲν

151 1281 314 1334 εἰδέναι
352 1278 474 1349 παρ’
519 1277 678 1348 αὐτῷ
734 1279 768 1349 ἢ
834 1277 1041 1349 Ἰησοῦν
1084 1279 1338 1350 Χριστὸν,
1378 1280 1471 1332 καὶ⁹
1498 1277 1686 1332 τοῦτον

149 1370 514 1441 ἐσταυρωμένον
541 1410 557 1433 ,
584 1370 681 1423 τὸν
704 1371 775 1423 δι’
794 1371 941 1440 ἡμᾶς
962 1368 1248 1441 ἄνθρωπον
1274 1370 1557 1442 μανθάνων
1585 1387 1689 1425 πα-

154 1462 396 1533 ραδέξηται
424 1462 493 1514 τὰ
522 1464 583 1515 ὲν
618 1464 765 1535 ἀρχῇ
797 1461 908 1515 τῶν
930 1461 1150 1530 ἀγαθῶν
1184 1462 1298 1533 (50)
1342 1464 1548 1532 γίνεται
1583 1464 1688 1517 ὐπὸ

150 1553 226 1608 τοῦ
557 1554 740 1623 Ἰησοῦ
772 1554 1057 1626 ἄνθρωπος
1080 1555 1364 1626 γινόμενος
1392 1554 1548 1619 Θεοῦ,
1595 1557 1689 1609 καὶ

152 1647 238 1699 ἀπὸ
252 1645 332 1698 τοῦ
356 1646 588 1699 θανάτου
623 1647 791 1700 αὐτοῦ
812 1649 1171 1720 ἀποθνήσκων
1192 1651 1255 1719 τῇ
1287 1648 1556 1720 ἁμαρτίᾳ·
1595 1649 1693 1702 καὶ

154 1738 237 1806 γὰρ
263 1737 549 1801 ἐκεῖνος-,ὂ
594 1740 863 1794 ἀπέθανε
907 1740 983 1809 τῇ
1052 1742 1325 1809 ἁμαρτίᾳ,
1390 1741 1691 1795 ἀπέθανεν

150 1828 372 1897 ἐφάπαξ·
415 1830 526 1882 ἀπὸ
570 1829 756 1901 δὲτῆς
785 1807 1369 1902 continuam
1412 1830 1618 1900 Ἰησοῦς
1659 1831 1688 1884 δ
1720 1807 1762 1862 Β

151 1919 217 1990 ζῇ,
319 1918 544 1989 τῷΘεῷ,
571 1921 683 1986 πᾶς
706 1922 737 1973 ό
761 1920 1082 1993 σύμμορφος
1109 1921 1398 1992 γενόμενος
1424 1920 1527 1991 τῆς
1556 1923 1687 1975 ἀνα-

152 2012 350 2076 στάσεως
382 2012 569 2076 αὐτοῦ,
607 2014 877 2085 λαμϐάνει
904 2016 964 2069 τὸ
989 2014 1090 2087 ζῇν
1116 2014 1194 2085 τῷ
1221 2014 1358 2085 Θεῷ.
1395 2015 1491 2079 Τίς
1525 2015 1581 2068 δὲ
1611 2015 1690 2068 δι-

151 2105 298 2173 ατάξει
322 2108 366 2158 εἰ
384 2106 836 2178 αὐτοδικαιοσύνη
858 2108 1062 2177 ἀγαθόν
1089 2110 1225 2173 ἐστι,
1270 2110 1365 2162 καὶ
1393 2109 1689 2177 αὐτοαγια-

150 2197 274 2265 σμὸς,
304 2199 393 2251 καὶ
416 2198 966 2272 αὐτοαπολύτρωσιςς
1002 2201 1145 2272 άπερ
1176 2201 1271 2254 καὶ
1319 2200 1456 2254 αὐτὰ
1494 2204 1541 2254 οἱ
1583 2202 1689 2271 Ἰησ-

148 2286 251 2340 σοῦν
268 2289 733 2361 εὐαγγελιζόμενοι
768 2292 1231 2361 εὐαγγελίζονται,
1258 2292 1508 2360 λέγοντες
1528 2294 1690 2346 αὐτὸν

147 2383 388 2447 γεγονέναι
424 2385 549 2454 ἡμῖν
581 2384 928 2455 δικαιοσύνην
952 2385 1062 2438 ἀπὸ
1085 2383 1242 2446 Θεοῦ,
1276 2385 1367 2437 καὶ
1399 2383 1687 2455 άγιασμὺν,

151 2474 226 2524 καὶ
245 2473 630 2546 ἀπολύτρωσιν.
669 2476 946 2547 Παρεσται
973 2475 1037 2529 δὲ
1075 2476 1184 2529 άπὸ
1225 2475 1430 2530 τούτων
1471 2476 1581 2545 (Si)
1620 2476 1692 2529 τὰ

150 2568 468 2638 γεγραμμένα
490 2569 622 2639 περὶ
652 2568 818 2623 αὐτοῦ
847 2567 1315 2640 δυσεξαρίθμητα,
1355 2569 1689 2639 παριστάντα

152 2657 244 2720 ab;
282 2659 478 2729 πλῆθος
514 2659 738 2729 ἀγαθῶν
767 2661 915 2714 ἐστιν
957 2660 1183 2731 Ἰησοῦς,
1223 2661 1333 2714 ἀπὸ
1361 2660 1469 2714 τῶν
1512 2660 1693 2725 δυσεξ-

148 2750 428 2822 αριθμήτων
473 2754 573 2806 καὶ
609 2753 1009 2825 γεγραμμένων
1053 2751 1551 2824 καταστοχάζεσθαι
1581 2752 1689 2806 τῶν

146 2838 460 2909 ὑπαρχόντων
486 2841 589 2912 μὲν
612 2844 672 2896 ἐν
697 2841 867 2912 αὐτῷ,
911 2844 992 2906 είς
1024 2842 1084 2895 ὃν
1115 2841 1404 2914 εὐδόκησεν
1447 2841 1593 2895 ἅπαν
1627 2842 1690 2896 τὸ

150 2929 382 3003 πλήρωμα
444 2934 549 3005 τῆς
615 2934 869 3006 θεότητος
927 2934 1252 3003 κατοικῆσαι
1324 2935 1686 3005 σωματικῶς,

147 3020 196 3071 οὐ
242 3020 335 3092 μὴν
379 3023 485 3077 om
530 3024 879 3096 γραμμάτων
929 3025 1332 3096 κεχωρημένων
1388 3025 1530 3095 (52)·
1596 3027 1689 3079 καὶ

145 3112 187 3165 τί
220 3113 346 3182 λέγω
389 3116 493 3169 ὐπὸ
542 3115 920 3188 γραμμάτων;
972 3117 1062 3169 ὅτε
1116 3118 1207 3169 κα)⁸
1256 3119 1384 3188 περὶ
1420 3117 1542 3170 ὅλου
1588 3117 1681 3170 τοῦ
1710 3152 1753 3208 C

148 3205 319 3275 κόσμου
359 3206 522 3275 φησὶν
556 3207 586 3258 ό
644 3207 915 3275 Ἰωάννης·
959 3207 1062 3267 ὄτι,
1103 3205 1246 3260 οὐδὲ
1292 3206 1481 3261 αὑτὸν
1524 3202 1683 3276 οἶμαι

147 3296 235 3349 τὸν
256 3299 474 3366 κόσμον
499 3296 770 3367 χωρῆσαι
803 3296 873 3351 τὰ
906 3299 1247 3367 γραφόμενα
1280 3299 1509 3363 βιϐλία.
1544 3299 1685 3352 Ταυ-

148 3390 223 3442 τδν
249 3385 334 3444 οὖν
373 3391 513 3445 ἐστιν
559 3393 758 3456 εἰπεῖν,
799 3392 882 3445 ὅτι
920 3393 1011 3444 τὸν
1044 3392 1270 3463 Σωτῆρα
1314 3394 1362 3445 οἱ
1401 3393 1685 3446 ἀπόστολοι

149 3482 566 3550 εὐαγγελίζονται,
595 3484 691 3537 καὶ
722 3484 793 3536 τὰ
816 3481 997 3552 άγαθά
1033 3483 1494 3552 εὐαγγελίζονταν
1535 3479 1687 3547 οὗτος

149 3573 243 3642 γάρ
266 3574 398 3627 ἐστιν
419 3576 451 3627 ό
477 3576 585 3628 άπὸ
604 3575 703 3628 τοῦ
729 3574 935 3643 ἀγαθοῦ
973 3574 1191 3645 Πατρὺς
1232 3575 1293 3627 τὸ
1320 3575 1502 3643 ἀγαθὰ
1548 3572 1685 3630 εἶναι

155 3671 326 3740 λαϐὼν,
349 3675 436 3728 ἴνα
453 3673 682 3734 ἕκαστος
704 3670 734 3722 ὅ
758 3670 944 3739 χωρεῖ,
969 3666 1003 3737 ἢ
1025 3667 1062 3720 ἃ
1083 3666 1251 3735 χωρεῖ
1274 3663 1361 3715 διά
1390 3661 1565 3731 Ἰησοῦ
1596 3661 1691 3717 λα-

158 3762 265 3827 ϐὼν,
287 3766 339 3817 ὲν
361 3762 582 3831 ἀγαθοῖς
601 3759 867 3831 τυγχάνῃ.
893 3757 1003 3826 Οὐχ
1030 3749 1132 3808 οἷοί
1166 3770 1226 3806 τε
1247 3752 1302 3804 δὲ
1326 3748 1466 3822 ἦσαν
1487 3754 1532 3804 οἱ
1558 3752 1693 3806 ἁπό-

159 3856 327 3919 στολοι,
353 3849 427 3911 ὧν
466 3855 658 3925 ὡραῖοι
693 3853 745 3905 οἱ
782 3850 968 3912 πόδες,
1007 3848 1103 3901 καὶ
1140 3847 1188 3898 οἱ
1225 3844 1427 3898 τούτων
1456 3843 1693 3913 ζηλωταὶ

158 3947 566 4017 εὐαγγελίζεσθαι
592 3946 661 3999 τά
684 3942 887 4013 ἀγαθά,
921 3941 997 4013 μὴ
1024 3941 1286 4013 πρότερον
1313 3936 1486 4008 Ἰησοῦ
1513 3937 1693 3999 αὐτοῖς

159 4038 275 4091 αὐτὰ
296 4037 782 4108 εὐαγγελισαμένου
798 4051 813 4064 ’
835 4034 910 4097 ὡς
933 4035 963 4085 ό
998 4032 1224 4095 Ἠσάας
1249 4030 1415 4102 φησί’
1442 4029 1633 4094 Αὐτὸς
1660 4032 1694 4081 ό

158 4129 337 4183 λαλῶν
357 4129 612 4199 πάρειμι,
635 4129 718 4193 ὡς
740 4125 862 4195 ὥρα
888 4124 987 4177 ἐπὶ
1014 4124 1132 4177 τῶν
1168 4122 1371 4188 ὀρέων,
1399 4122 1477 4186 ὡς
1510 4119 1691 4187 πόδες

156 4217 646 4287 εὐαγγελιζομένου
682 4216 880 4285 ἀκοὴν
908 4216 1176 4287 είρήνης,
1209 4218 1289 4285 ὡς
1320 4218 1692 4291 εὐαγγελιζό-

151 4330 311 4381 μενος
342 4316 545 4383 ἀγαθὰ,
590 4313 681 4367 ὅτι
722 4313 1037 4380 ἀκουστὴν
1075 4312 1308 4380 ποιήσω
1346 4315 1461 4385 τὴν
1502 4334 1694 4385 σωτη-

119 4406 268 4470 ⁸ρίαν
298 4422 428 4469 σου,
464 4407 677 4475 λέγων’
734 4405 888 4459 Σιὼν
921 4404 1283 4469 βασιλεύσει
1318 4424 1432 4460 σου
1466 4407 1497 4458 ό
1525 4405 1690 4469 Θεός.

1788 556 2029 597 amorem
2052 541 2330 597 caelestem
2366 539 2598 594 invitat?
2621 539 2825 595 Bonum
2852 541 2997 595 enim
3025 549 3110 596 est
3130 539 3357 611 Sapien-

1787 632 1860 685 tia
1894 632 2012 689 Dei.
2058 632 2130 685 At
2183 632 2285 686 hoc
2313 647 2550 702 quoque,
2590 641 2787 700 prater
2813 645 2877 685 ea
2908 645 3029 700 quae
3062 644 3228 701 supra
3267 645 3359 687 re-

1787 708 2122 788 censuimus,
2161 724 2197 777 ii
2226 724 2576 790 annuntiant,
2609 736 2840 791 quorum
2886 722 3049 792 pedes
3079 731 3208 778 sunt
3236 722 3357 792 pul-

1787 816 1929 872 chri.
1958 816 2206 872 Potentia
2256 816 2349 871 Dei
2396 826 2659 885 praeterea
2690 824 2940 871 octavum
2974 815 3131 870 nobis
3157 815 3357 871 bonum

1789 917 2196 971 annumeratur,
2248 908 2339 976 qui
2400 918 2483 962 est
2530 907 2800 964 Christus.
2834 908 3034 963 Verum
3080 906 3358 963 enimvero

1789 1002 1930 1057 haud
1957 1001 2175 1057 silentio
2199 999 2633 1070 prtetereundum
2661 1011 2750 1053 est
2775 998 2901 1053 illud
2926 999 3185 1066 Verbum,
3215 1000 3359 1068 quod

1789 1104 1914 1166 post
1945 1095 2159 1149 Patrem
2198 1093 2577 1147 universorum
2605 1101 2693 1147 est
2723 1092 2885 1147 Deus.
2911 1091 3155 1161 Namque
3178 1101 3235 1148 et
3259 1092 3361 1148 hoc

1780 1170 1991 1243 bonum
2015 1187 2164 1241 nullo
2183 1185 2290 1240 alio
2312 1186 2453 1241 bono
2473 1197 2557 1239 est
2586 1184 2836 1239 inferius.
2863 1184 3056 1253 Itaque
3087 1185 3232 1240 beati
3267 1185 3361 1254 qui

1790 1279 2107 1335 admiserint
2120 1279 2235 1332 hmo
2250 1277 2412 1341 bona,
2428 1275 2626 1345 quique
2643 1276 2986 1345 perceperint
3000 1292 3087 1341 ea,
3107 1276 3362 1345 abiisqui

1791 1372 1954 1443 pedes
1981 1371 2183 1425 habent
2214 1369 2470 1439 pulchros
2496 1378 2659 1438 atque
2691 1368 2782 1439 qui
2822 1368 3217 1437 evangelizant.
3253 1368 3363 1424 Ve-

1795 1476 2100 1519 rumtamen
2140 1463 2389 1532 quamvis
2426 1459 2744 1516 Corinthius
2809 1460 3077 1529 quispiam
3132 1461 3362 1517 exstiteo-

1794 1555 1886 1619 rit,
1935 1554 2074 1622 apud
2115 1567 2277 1621 quem
2325 1548 2557 1605 aﬂirmet
2577 1549 2777 1604 Paulus
2801 1565 2862 1604 se
2903 1550 3033 1605 nihil
3064 1550 3229 1617 scire,
3257 1550 3360 1604 nisi

1793 1641 1975 1697 Iesqu
2018 1640 2319 1704 Christum,
2368 1648 2420 1695 et
2472 1638 2618 1693 hunc
2661 1638 2880 1707 quidem
2934 1639 3254 1695 cruciﬁxum
3280 1639 3359 1706 “,

1794 1739 2124 1804 edoctusque
2144 1734 2288 1787 hunc
2313 1732 2482 1786 nostri
2510 1746 2673 1786 causa
2702 1732 2978 1787 hominem
3014 1730 3215 1789 factum
3243 1735 3365 1788 atti-

1791 1825 1930 1893 gerit
1975 1825 2132 1879 initia
2170 1825 2466 1889 bonorum,
2508 1825 2553 1879 is
2590 1825 2659 1879 ab
2691 1824 2907 1878 homine
2944 1824 3071 1880 Iesu
3106 1824 3166 1879 ﬁt
3199 1825 3362 1881 homo

1792 1920 1910 1983 Dei,
1939 1928 1993 1971 et
2018 1934 2086 1972 ex
2111 1924 2285 1971 morte
2306 1915 2423 1984 ejus
2442 1916 2678 1970 moriens
2709 1925 2952 1983 peccato.
2987 1913 3196 1971 Etenim
3222 1919 3360 1988 quod

1789 2010 1881 2063 ille
1908 2017 2145 2062 mortuus
2173 2006 2274 2074 fuit
2311 2015 2543 2072 peccato,
2594 2015 2834 2060 mortuus
2874 2016 2950 2061 est
2997 2008 3153 2062 semel
3174 2010 3251 2075 ⁶²;
3293 2026 3361 2065 ex

1791 2105 1898 2159 vita
1934 2117 2062 2157 vero
2089 2101 2283 2172 ipsius,
2305 2101 2564 2170 quoniam
2591 2099 2748 2157 Iesus
2776 2111 2861 2156 est
2884 2100 3015 2156 illud
3040 2103 3182 2171 quod
3206 2103 3359 2166 vivit,

1790 2195 1928 2250 vivit
1954 2195 2063 2249 Deo
2080 2193 2472 2261 unusquisque,
2514 2201 2569 2247 et
2598 2192 2904 2248 conformis
2924 2191 3099 2249 lactus
3121 2209 3366 2251 resurre-

1792 2286 1955 2343 ctioni
1985 2285 2101 2352 ejus
2124 2285 2225 2338 hoc
2240 2284 2573 2351 assequitur,
2599 2293 2659 2338 ut
2687 2283 2833 2338 vivat
2856 2283 2987 2340 Deo.
3016 2284 3150 2352 Quis
3173 2295 3358 2344 autem

1796 2378 2043 2447 ambigat
2097 2392 2165 2429 an
2206 2375 2321 2445 ipsa
2364 2374 2600 2444 justitia,
2653 2378 2772 2445 ipsa
2802 2377 3166 2434 sanctiﬁcatio
3202 2389 3367 2449 atquo

1791 2471 1907 2539 ipsa
1948 2471 2247 2539 redemptio
2285 2471 2357 2526 sit
2389 2470 2629 2525 bonum?
2658 2484 2781 2539 quae
2816 2471 2982 2525 etiam
3012 2471 3156 2541 ipsa,
3176 2468 3362 2528 Iesum

1791 2562 2235 2631 evangelizantes
2253 2604 2267 2627 ,
2290 2562 2667 2633 evangelizant
2690 2580 2705 2616 :
2737 2563 2979 2619 dicentes
3005 2576 3130 2617 eum
3159 2562 3362 2619 factum

1790 2654 1958 2709 fuisse
1986 2656 2430 2725 nobisjustitiam
2461 2673 2489 2711 ιι
2525 2658 2658 2721 Deo,
2684 2654 3277 2717 etsanctiticationem.
3309 2666 3366 2710 et

1792 2747 2214 2817 redemptionem
2227 2749 2292 2803 “.
2310 2750 2387 2805 Ex
2407 2750 2490 2805 his
2505 2763 2638 2818 ergo
2650 2747 2833 2802 licebit
2850 2746 3148 2816 intelligere
3163 2761 3224 2802 ea
3243 2762 3363 2817 qua:

1791 2839 1859 2893 de
1869 2854 1935 2894 eo
1947 2840 2146 2909 scripta
2164 2851 2306 2906 sunt,
2321 2851 2374 2897 et
2391 2842 2476 2896 vix
2495 2839 2806 2896 enumerari
2820 2849 3066 2909 possunt,
3086 2838 3363 2909 probando

1789 2931 1972 2987 Iesum
1994 2934 2260 2988 bonorum
2276 2950 2395 2990 esse
2412 2934 2812 2989 multitudinem
2838 2952 2851 2986 :
2870 2944 3033 3002 atque
3053 2948 3119 2988 ex
3141 2935 3225 2989 his
3243 2949 3363 3004 qua-

1790 3040 1933 3097 aegre
1946 3028 2252 3081 enumerari
2272 3038 2499 3095 possunt
2526 3036 2581 3083 et
2598 3028 2801 3095 scripta
2820 3036 2967 3089 sunt,
2991 3026 3360 3096 conjecturam

1792 3132 1985 3184 capere
2005 3118 2069 3171 de
2087 3118 2155 3171 iis
2179 3133 2302 3186 quae
2320 3119 2371 3172 iu
2391 3119 2506 3188 ipso
2525 3119 2745 3188 quidem
2777 3120 2980 3184 insunt,
3010 3117 3061 3170 in
3085 3132 3245 3186 quem
3268 3117 3363 3173 be-

1785 3210 2109 3278 neplacitum
2123 3209 2448 3266 fuitomuem
2460 3211 2845 3281 plenitudinem
2858 3210 3154 3265 divinitatis
3167 3224 3359 3281 corpo-

1788 3304 1974 3358 raliter
1990 3305 2091 3375 13
2107 3305 2287 3360 habita
2296 3319 2374 3368 re,
2390 3304 2532 3359 haud
2548 3315 2727 3359 tamen
2741 3320 2770 3358 a
2787 3305 2980 3359 litteris
2992 3304 3359 3361 continentur:

1785 3396 1914 3465 quid
1940 3397 2066 3451 dico
2091 3412 2119 3448 a
2148 3396 2365 3464 litteris,
2401 3399 2619 3468 quando
2653 3405 2709 3450 et
2734 3397 2803 3451 de
2834 3407 2944 3452 toto
2974 3398 3172 3452 mundo
3211 3396 3363 3452 dicat

1785 3488 2024 3545 Joannes
2051 3507 2065 3542 :
2107 3488 2219 3542 Nec
2250 3491 2381 3557 ipse,
2407 3491 2613 3559 opinor,
2642 3491 2869 3543 mundus
2908 3498 3118 3558 caperet
3148 3505 3235 3544 eos
3270 3491 3362 3558 qui

1788 3583 2138 3636 scriberentur
2170 3580 2331 3635 libros
2366 3582 2431 3635 “.
2470 3581 2661 3636 Dicere
2698 3595 2828 3651 ergo
2871 3581 3145 3651 apostolos
3190 3595 3361 3635 evan-

1788 3676 2028 3742 gelizare
2077 3674 2449 3735 Servatorem,
2482 3675 2705 3745 perinde
2737 3685 2820 3731 est
2861 3691 2926 3730 ac
2966 3676 3013 3729 si
3057 3675 3360 3730 diceremus

1788 3780 1884 3819 eos
1933 3764 2308 3833 evangelizare
2340 3749 2480 3819 bona
2507 3764 2707 3819 omnia.
2746 3763 3112 3830 Quamobrem
3146 3764 3235 3818 hic
3278 3777 3358 3818 es:

1789 3856 1882 3911 ille
1908 3857 1999 3927 qui
2031 3871 2060 3910 a
2083 3857 2223 3910 bouo
2252 3856 2411 3911 Patre
2444 3857 2653 3925 accepit
2684 3866 2741 3910 ut
2772 3865 2918 3910 esset
2950 3864 3032 3912 tot
3062 3857 3204 3911 bona
3249 3873 3263 3910 :
3302 3865 3359 3907 ut

1793 3947 2172 4017 unusquisque
2199 3961 2266 4003 eo
2292 3949 2435 4017 quod
2466 3949 2636 4019 capit,
2671 3947 2753 4001 vel
2785 3945 2851 4003 iis
2875 3962 2995 4016 qua:
3024 3948 3191 4015 capit,
3234 3962 3358 4001 cum

1791 4054 1888 4107 per
1913 4037 2099 4093 Iesum
2133 4053 2195 4093 ea
2230 4040 2558 4109 perceperit,
2600 4039 2811 4094 fruatur
2836 4040 3010 4095 bouis.
3060 4039 3212 4095 Haud
3263 4053 3359 4108 po-

1794 4139 1977 4186 terant
2005 4141 2185 4185 autem
2220 4133 2477 4200 apostoli,
2506 4146 2736 4201 quorum
2770 4130 2980 4200 pulchri
3016 4139 3144 4184 sunt
3174 4131 3359 4198 pedes,

1790 4231 1845 4276 et
1892 4222 2089 4276 horum
2138 4221 2366 4276 studiosi
2424 4221 2727 4276 imitatores
2769 4220 3144 4291 evangelizare
3193 4222 3359 4284 bona,

1793 4314 1898 4369 nisi
1929 4311 2087 4368 Iesus
2123 4322 2282 4367 antea
2338 4314 2468 4381 ipsis
2506 4313 2977 4384 evangelizasset;
3009 4312 3364 4380 quemadmo-

1791 4411 1918 4461 dum
1961 4406 2200 4475 loquitur
2231 4405 2400 4461 Isaias
2426 4406 2471 4439 ⁸⁸
2498 4423 2512 4459 :
2542 4404 2655 4474 Ego
2688 4407 2819 4474 ipse,
2844 4404 2938 4473 qui
2964 4403 3237 4481 loquebar,
3263 4405 3362 4455 ad.-

156 4496 269 4550 Τίνα
307 4500 407 4570 γὰρ
444 4498 513 4551 τά
552 4498 679 4569 ὅρη,
726 4497 814 4565 ἐφ’
857 4489 933 4550 ὧν
976 4497 1136 4560 αὐτὸς
1164 4499 1194 4549 ό
1233 4495 1406 4550 λαλῶν
1439 4502 1687 4569 παρεῖναι

1795 4514 1931 4560 mm,
1983 4500 2119 4552 sicut
2174 4499 2539 4567 opportunitas
2589 4499 2644 4552 in
2696 4497 2985 4560 montibus,
3024 4497 3160 4550 sicut
3203 4497 3359 4567 pedes

217 4637 253 4667 ⁶¹
286 4637 445 4693 lCor.
479 4655 538 4703 ll,
570 4637 628 4692 2.
705 4637 749 4667 η
776 4635 931 4690 Rom.
963 4652 1039 4701 vr,
1073 4635 1159 4689 10.
1229 4637 1276 4668 ⁸³
1306 4634 1324 4689 1
1354 4637 1526 4703 Com,
1556 4638 1644 4693 50.
1719 4638 1763 4669 “

222 4754 319 4825 ($9)
340 4754 493 4808 Μετὰ
523 4753 634 4808 τὸν
670 4754 921 4823 Πατέρα.
979 4753 1292 4825 Ferrarius,
1341 4771 1479 4825 cum,
1508 4755 1688 4819 Putre,

158 4823 431 4894 perperam.
462 4825 622 4878 Verte
667 4831 955 4879 secundum
1007 4823 1246 4888 Patrem,
1289 4837 1404 4894 post
1453 4824 1687 4880 Putrem.

163 4895 294 4950 Unde
328 4901 497 4952 locum
530 4897 675 4951 hunc
697 4895 996 4965 conciliare
1016 4897 1221 4965 poteris
1245 4911 1366 4949 cum
1396 4895 1488 4949 illo
1519 4898 1690 4951 altero

161 4968 270 5017 touti
294 4967 461 5021 octavi
481 4964 682 5019 Contra
718 4964 926 5019 Celsum
967 4982 988 5019 :
1031 4965 1214 5020 Ἔστω
1237 4965 1296 5020 δέ
1324 4983 1494 5029 τινας,
1524 4968 1600 5029 ὼς
1630 4967 1688 5018 ἐν

159 5034 323 5105 πλήθει
350 5034 729 5100 πιστευόντων,
787 5036 881 5089 καὶ
911 5036 1214 5108 δεχομένων
1246 5036 1560 5105 διαφωνίαν,
1599 5035 1686 5091 διὰ

158 5104 240 5157 τὴν
263 5106 577 5157 προπέτειαν
631 5104 977 5157 ὑποτίθεσθαι
1025 5109 1115 5157 τὸν
1153 5106 1384 5157 Σωτῆρα
1416 5102 1553 5157 εἶναι
1591 5107 1683 5157 τὸν

162 5105 240 5174 τὴν
263 5106 577 5177 προπέτειαν
631 5105 1004 5160 ὑποτίθεσθαί
1025 5105 1115 5161 τὸν
1153 5106 1384 5177 Σωτῆρα
1416 5105 1553 5160 εἶναι
1591 5107 1683 5159 τὸν

162 5174 865 5268 €3ﬁ2:9-°-éx:-é§l°?:‘
889 5192 951 5268 ξε
979 5175 1477 5268 ἠθεῖετοξειῗῖῖξρί
1493 5175 1680 5268 ,ῖτῑιξέά

166 5262 295 5324 μενοι
313 5246 478 5324 αὐτῷ’.
490 5245 701 5313 λέγοντι
725 5261 743 5280 ο
791 5252 847 5301 '0
882 5244 1085 5315 Παέῆρ
1124 5248 1159 5301 ό
1198 5244 1442 5324 πέμψας

155 5313 769 5384 μουὲστίζὸιιιπθιιιιιιη
839 5313 1214 5371 universorum
1262 5313 1432 5370 Deum
1481 5316 1674 5369 Filium

161 5399 247 5436 nun
273 5400 382 5439 esse
405 5386 660 5451 atiirmat,
688 5385 781 5441 sed
808 5385 1025 5441 Patrem
1049 5402 1064 5450 ;
1092 5384 1284 5440 Filium
1309 5399 1436 5439 vero
1462 5385 1678 5439 univer-

160 5464 310 5507 sorum
336 5457 548 5524 quidem
578 5457 749 5510 Deum
770 5472 890 5512 esse
914 5495 929 5519 ,
958 5456 1053 5510 sed
1095 5464 1213 5524 post
1261 5452 1494 5510 Patrem.
1549 5457 1679 5521 Quae

161 5524 368 5587 quamvis
397 5527 538 5581 male
563 5536 789 5591 sonent,
813 5526 1061 5581 excusari
1101 5536 1283 5580 tamen
1340 5536 1584 5594 possunt,
1630 5526 1675 5579 si

158 5594 310 5664 omnia
336 5594 525 5650 Filium
562 5611 593 5649 a
622 5596 787 5651 Patre
830 5596 1108 5664 accepisse
1139 5595 1566 5658 meminerimus,
1609 5609 1674 5649 ac

158 5663 429 5733 proindese
446 5681 568 5721 esse
593 5663 971 5721 universorum
1000 5666 1167 5720 Deum
1199 5665 1346 5720 Patri
1389 5676 1670 5733 acceptum

158 5732 350 5806 referre.
379 5734 557 5790 Primo
583 5750 715 5806 ergo
741 5746 797 5789 et
844 5750 942 5803 per
988 5752 1079 5806 se;
1097 5735 1473 5806 universorum
1522 5732 1672 5789 Deus

155 5812 224 5856 est
238 5802 409 5869 Pater,
436 5806 560 5872 quia
593 5822 622 5857 a
640 5802 699 5860 se
725 5802 864 5859 Deus
886 5815 968 5859 est
1000 5826 1011 5858 :
1044 5804 1209 5861 Filius
1226 5807 1459 5860 secundo
1495 5815 1550 5861 et
1577 5820 1673 5875 per

450 5896 720 5958 Ρηιιοι..
765 5897 882 5958 (iu.
931 5898 1095 5959 XIV.

1796 4637 1951 4691 Ioau.
1982 4653 2094 4703 χχι,
2128 4635 2221 4691 25.
2297 4636 2345 4669 “
2371 4635 2471 4691 lsa.
2508 4636 2676 4701 LII,6,
2704 4633 2756 4687 7.

1793 4755 1956 4809 alium
1980 4765 2063 4811 est
2093 4756 2475 4811 universorum
2524 4754 2688 4817 Deus,
2713 4752 2838 4823 quia
2880 4751 3043 4806 habet
3098 4767 3127 4823 a
3177 4750 3356 4823 Patre

1791 4828 1871 4880 sic
1909 4835 2162 4894 tanquam
2193 4827 2261 4879 ab
2299 4825 2511 4895 urigine
2557 4835 2613 4879 et
2666 4824 2930 4895 principio
2976 4833 3035 4876 ut
3062 4822 3137 4895 sit
3174 4822 3351 4895 Deus;

1789 4891 2033 4951 estenini
2068 4896 2211 4950 Deus
2239 4897 2305 4949 de
2346 4891 2473 4960 Deo,
2532 4905 2591 4950 ut
2638 4891 2800 4949 habet
2852 4892 3192 4963 Symbolum.
3247 4891 3356 4949 Sed

1789 4966 1909 5021 hac
1934 4966 2084 5019 alibi.
2114 4966 2375 5021 Hunnus.

1858 5036 1970 5107 (50)
2004 5036 2114 5090 Τὸν
2138 5035 2213 5090 δι’
2245 5035 2402 5107 rustic
2419 5035 2736 5107 drﬁpwzqr
2752 5032 3074 5107 μανθάνων
3100 5032 3354 5107 παραδέ-

1787 5102 1960 5174 ξηται
1988 5107 2060 5161 τὰ
2088 5102 2343 5176 ἐναργῆ
2370 5105 2486 5159 τῶν
2518 5102 2773 5176 ἀγαθῶν,
2804 5116 2912 5176 etc.
2940 5103 3117 5176 Hune
3145 5106 3348 5176 luc_um,

1781 5173 2105 5301 meditioue
2132 5173 2606 5243 Huetitiuxatuui,
2647 5179 2727 5230 sic
2755 5174 2990 5229 restituit
3018 5174 3189 5229 codex
3213 5173 3349 5228 Bar-

1854 5261 2022 5301 rtnus.

1854 5261 2022 5301 rtnus.

1856 5316 1966 5387 (51)
1994 5316 2293 5386 Παρέσται
2318 5317 2387 5371 δὲ
2406 5315 2525 5373 ἀπὸ
2554 5317 2797 5387 τούτωνξ,
2827 5324 2932 5387 etc.
2961 5314 3162 5387 Locum
3204 5317 3349 5387 hunc

1782 5383 2101 5451 satiav'eris,
2128 5389 2172 5441 si
2207 5388 2422 5458 legeris,
2446 5387 2541 5441 xui.
2571 5388 2680 5458 ἀπὸ
2717 5385 2825 5439 τῶν
2864 5383 3345 5458 δυσεξαριθμήτων

1782 5458 2215 5530 γεγραμμένων,
2243 5454 2696 5530 quemadmodum
2737 5460 2951 5530 videtur
3003 5454 3197 5530 legisse
3226 5454 3345 5530 Ῥε-

1782 5521 1990 5651 ὴοίἱίιιῗε
2005 5521 2703 5599 'cujusinterpretationem
2735 5521 3079 5581 Ferrariuua?
3100 5527 3203 5578 hoc
3224 5521 3343 5579 loco

1782 5610 1949 5651 ortetu
1978 5615 2014 5651 t.

1822 5610 2014 5652 l'iEIIIII.

1780 5611 2451 5739 Ρΐὲἓῗιὶίεκωρημένων.
2479 5665 2648 5724 Codd.
2689 5666 2884 5737 Regius
2909 5675 2960 5721 et
2994 5663 3319 5722 Barberinus

1778 5754 1997 5809 κεχωρη
2006 5740 2172 5810 μένῳ.

2987 5894 3031 5955 2
