3792 6146
409 300 478 356 ts
1845 341 1851 345 -
1880 305 1974 363 on

2078 305 2203 362 INIS
3584 304 3652 359 id

409 416 815 488 erangelizantis
842 434 1044 487 pacem,
1073 420 1205 474 sicut
1231 421 1597 491 eoangelisans
1634 423 1796 487 bona,
1838 440 1973 493 quo-

412 511 553 563 niam
580 509 821 564 auditam
857 508 1079 565 salutem
1111 519 1257 567 tuam
1296 512 1513 581 faciam,
1558 515 1735 571 dicens
1769 532 1788 570 :
1825 513 1974 580 Sion,

411 601 652 671 regnabit
682 599 820 655 Deus
857 610 998 656 tuus.
1047 600 1283 668 Quinam
1323 604 1469 659 enim
1511 614 1636 660 sunt
1681 614 1892 661 montes
1924 606 1979 661 in

410 691 613 761 quibus
643 691 757 762 ipse
786 690 877 760 qui
913 689 1156 760 loquitur
1186 693 1364 749 inesse
1389 709 1449 750 se
1483 694 1638 760 dicit,
1669 696 1772 751 nisi
1806 695 1859 751 bi
1889 697 1982 766 qui

410 780 555 835 nulla
587 794 645 836 re
676 779 962 836 inferiores
1009 789 1138 835 sunt
1172 783 1240 839 iis
1267 784 1361 853 qui
1415 799 1578 855 super
1609 793 1807 840 terram
1854 796 1984 841 sunt

412 871 635 927 maximi
671 881 725 924 et
748 871 996 927 altissimi
1019 873 1043 926 'l
1069 888 1203 943 quos
1227 876 1481 945 quaesitos
1505 877 1748 946 oportuit
1793 877 1862 932 ab
1893 879 1982 933 bis

412 968 502 1037 qui
532 966 664 1020 Novi
697 964 1030 1022 Testamenti
1067 969 1301 1024 ministri
1346 979 1472 1025 sunt
1524 971 1727 1036 idonei,
1773 973 1984 1035 scilicet

411 1070 473 1115 ut
512 1069 725 1115 servent
771 1069 1097 1131 praeceptum
1147 1061 1330 1117 dicens
1370 1081 1384 1117 :
1430 1061 1603 1133 Super
1635 1072 1864 1119 montem
1901 1065 1981 1119 al-

413 1164 524 1207 tum
565 1154 788 1208 ascende
821 1153 912 1223 qui
949 1153 1276 1222 euangelizas
1316 1155 1480 1221 Sion;
1511 1157 1688 1212 exalia
1714 1176 1833 1214 cum
1863 1160 1981 1230 for-

415 1247 638 1302 titudine
663 1262 840 1300 vocem
872 1259 1018 1299 tuam
1060 1261 1147 1315 qut
1197 1247 1483 1302 annuntiaa
1527 1248 1861 1306 Hierusalem
1906 1253 1974 1307 “.

415 1333 529 1389 Nec
557 1336 753 1390 mirere
776 1337 822 1390 si
842 1338 1292 1408 evangelizaturis
1312 1340 1473 1407 bona,
1488 1341 1630 1396 bona
1646 1358 1860 1414 quoque
1879 1346 1971 1400 Je-

417 1440 511 1480 sus
530 1428 880 1498 evangelizet,
895 1444 1015 1499 quae
1036 1446 1147 1485 non
1173 1431 1275 1485 alia
1296 1441 1425 1487 sunt
1441 1448 1471 1486 a
1489 1448 1547 1487 se
1564 1434 1699 1503 ipso,
1720 1437 1972 1505 quando-

415 1518 632 1587 quidem
655 1520 891 1590 seipsum
909 1520 1011 1576 illis
1035 1521 1366 1592 evangelizat
1389 1522 1557 1578 Filius
1575 1525 1669 1579 Dei
1686 1526 1777 1594 qui
1794 1527 1973 1597 ipsum

413 1622 513 1677 per
539 1609 672 1664 alios
694 1610 873 1665 dicere
886 1611 1580 1680 nequeunt.Verumtamen
1609 1615 1700 1685 qui
1726 1618 1974 1675 ascendit

411 1711 647 1765 montes,
679 1700 789 1755 illis
818 1701 1199 1773 evangelizans
1233 1704 1399 1769 bona,
1453 1705 1598 1759 haud
1645 1706 1977 1774 contemptui

2005 458 2052 514 Α
2077 424 2345 496 ὁμολογεῖ,
2375 424 2479 497 ἢοὶ
2511 423 2736 496 μηδενὸς
2769 422 2879 478 τῶν
2916 425 3009 478 ἐπὶ
3038 424 3142 496 γῆς
3175 422 3531 496 ὑψηλοτάτων
3559 418 3665 476 κάν

2085 516 2354 585 μεγίστων
2386 516 2637 587 ἧττονες;
2678 514 2930 579 οῦστινας
2970 513 3248 585 ζητεῖσθαι
3281 514 3363 567 δεῖ
3396 512 3503 568 ὐπὸ
3543 515 3652 569 τῶν

2082 609 2282 665 ἱκανῶν
2306 610 2567 664 διακόνων
2595 610 2695 681 τῆς
2715 610 2906 680 καινῆς
2924 609 3219 681 Διαθήκης,
3255 609 3343 661 ἴνα
3372 608 3651 679 τηρήσωσι

2080 701 2178 773 τὴν
2210 701 2472 770 λέγουσαν
2497 700 2736 771 ἐντολήνο
2791 700 2908 751 Ἐπ’
2952 698 3087 767 ὄρος
3131 700 3373 767 ὑψηλόν
3404 696 3655 764 ἀνάϐηθι

2081 797 2116 847 d
2153 790 2669 864 εὐαγγελιζόμενος
2712 790 2884 853 Σιὼν,
2932 790 3184 858 ὕψωσον
3220 788 3295 859 τῇ
3337 792 3510 859 ἰσχύϊ
3539 787 3654 855 τὴν

2082 883 2291 954 φωνήν
2330 900 2444 939 σου
2484 887 2517 938 ό
2559 880 3074 953 εὐαγγελιζόμενος
3135 882 3541 953 Ἰερουσαλήμ.
3574 883 3651 938 Οὐ

2082 975 2391 1046 θαυμαστὸν
2434 973 2491 1027 δὲ
2532 974 2582 1026 εί
2625 976 2737 1035 τοῖς
2781 971 3060 1043 μέλλουσιν
3106 971 3552 1042 εὐαγγελίζεσθαι
3583 972 3653 1024 τὰ

2082 1068 2263 1136 ἀγαθὰ
2317 1066 2526 1139 Ἰησοῦς
2571 1047 2977 1135 εὐαγγελίζεται
3021 1063 3089 1118 τὰ
3118 1064 3320 1133 ἀγαθὰ,
3363 1064 3464 1116 οὐκ
3519 1061 3652 1118 ἄλλα

2080 1161 2414 1232 τυγχάνοντα
2435 1157 2649 1212 ἑαυτοῦ·
2675 1156 2864 1211 ἑαυτὸν
2903 1155 3012 1227 γὰρ
3039 1154 3448 1224 εὐαγγελίζεται
3478 1156 3506 1207 ὁ
3527 1154 3652 1217 Υἱὸς

2079 1251 2174 1305 τοῦ
2241 1250 2376 1305 Θεοῦ
2431 1253 2542 1314 τοῖς
2561 1250 2876 1321 δυναμένοις
2927 1250 2989 1302 οὐ
3029 1247 3097 1300 δι’
3135 1247 3307 1302 ἄλλων
3350 1247 3518 1300 αὐτὸν
3561 1264 3652 1317 μα-

2080 1346 2212 1400 θεῖν·
2247 1344 2385 1416 πλὴν
2428 1346 2457 1398 ὁ
2493 1343 2788 1397 ἐπιϐαίνων
2826 1340 2932 1394 τῶν
2974 1339 3116 1412 ὀρῶν
3166 1341 3261 1394 καὶ
3302 1338 3651 1409 εὐαγγελιζό-

2083 1454 2240 1509 μενος
2300 1437 2482 1500 αὐτοῖς
2539 1434 2607 1489 τὰ
2659 1433 2873 1504 ἀγαθὰ,
2929 1432 3285 1505 μαθητευθεὶς
3338 1431 3416 1502 τῷ
3464 1429 3653 1501 ἀγαθῷ

2079 1528 2273 1599 Πατρὶ,
2320 1525 2711 1582 ἀνατέλλοντι
2750 1527 2854 1579 τόν
2884 1525 3060 1593 ἥλιον
3092 1524 3191 1577 ἐπὶ
3220 1522 3528 1592 πονηροὺς
3556 1520 3652 1575 καί

2080 1619 2360 1691 ἀγαθοὺς,
2390 1620 2489 1673 καὶ
2513 1619 2797 1687 ,βρέχοντι
2823 1618 2923 1671 ἐπὶ
2955 1617 3224 1683 δικαίους
3253 1617 3352 1670 καί
3378 1616 3650 1681 ἀδίκους,

2079 1713 2204 1776 τοὺς
2223 1712 2323 1784 τὴν
2348 1711 2523 1784 ψυχὴν
2552 1711 2799 1782 πτωχοὺς
2834 1711 2935 1781 οὐχ
2980 1710 3344 1782 ὑπερηφανεῖ·
3392 1707 3493 1762 καὶ
3532 1706 3654 1760 τού·
3704 1714 3707 1717 ’

411 1794 575 1851 habet
610 1809 876 1866 pauperes
910 1797 1124 1866 spiritu,
1165 1813 1196 1853 a
1230 1798 1375 1855 bono
1404 1799 1496 1854 illo
1528 1800 1755 1855 edoctus
1791 1799 1972 1865 Patre,

2078 1823 2189 1871 τοις
2246 1805 2341 1878 (ἀρ
2376 1804 2802 1874 εὐαγγελίζεται,
2842 1802 2918 1868 ὡς
2955 1803 3116 1867 αὐτὸς
3161 1804 3427 1874 μαρτυρεῖ
3477 1799 3654 1855 λαϐὼν

407 1889 500 1958 qui
526 1886 688 1942 solem
717 1904 870 1942 suum
910 1892 1110 1945 exoriri
1141 1891 1267 1960 facit
1312 1907 1470 1960 super
1501 1892 1662 1946 bonos
1693 1902 1742 1947 et
1785 1893 1974 1959 malos,

2078 1899 2169 1953 τὸν
2213 1898 2438 1951 Ἡσαΐαν
2476 1897 2569 1951 καὶ
2602 1894 2866 1964 ἀναγνούς
2884 1912 2896 1925 ·
2936 1895 3004 1949 Τὸ
3027 1894 3263 1963 πνεῦμα
3300 1893 3528 1962 Κυρίου
3562 1894 3656 1947 ἐπ’

408 1990 459 2034 et
488 1982 577 2051 qui
598 1981 734 2049 pluit
760 1997 916 2051 super
943 1985 1114 2051 iustos
1141 1994 1188 2038 et
1219 1983 1452 2053 injustas
1487 1984 1581 2037 "‘.
1612 1983 1859 2054 Namque
1892 1986 1974 2040 his

2078 1986 2204 2055 ἐμὲ,
2232 1983 2303 2043 οὗ
2331 1986 2541 2041 ἕνεκεν
2570 1987 2778 2056 ἔχρισε
2810 2002 2907 2055 με,
2949 1985 3455 2054 εὐαγγελίσασθαι
3500 1999 3655 2038 πτω-

409 2087 626 2143 quoque
648 2074 1007 2143 evangelizat,
1048 2078 1194 2132 sicut
1238 2076 1475 2146 ipsemet
1528 2083 1779 2141 testatur,
1817 2092 1885 2132 ex
1913 2093 1974 2133 eo

2080 2079 2211 2149 χοῐς
2234 2077 2579 2133 ἀπέσταλκέ
2595 2095 2693 2147 με,
2722 2076 2974 2147 κηρῦξαι
3005 2076 3400 2148 αἰχμαλώτοις
3430 2075 3656 2145 ἄφεσιν

410 2165 553 2236 quod
585 2176 802 2236 sumpto
828 2166 980 2222 Isaias
1011 2169 1149 2224 libro
1175 2168 1305 2239 legit
1334 2187 1347 2223 :
1377 2166 1614 2238 Spiritus
1650 2166 1864 2222 Domini
1883 2186 1974 2223 su-

2083 2170 2180 2225 καὶ
2211 2168 2464 2240 τυφλοῖς
2496 2169 2859 2239 ἀνάϐλεψιν·
2899 2168 3130 2236 πτύξας
3165 2170 3276 2239 γὰρ
3314 2166 3380 2221 τὸ
3394 2167 3657 2249 ’,βιϐλίον

407 2278 501 2330 per
533 2278 637 2327 me,
677 2271 954 2333 propterea
982 2264 1122 2332 quod
1164 2263 1317 2316 unxit
1357 2278 1460 2327 me,
1496 2263 1566 2316 ad
1600 2260 1974 2332 euangelizan-

2080 2264 2179 2318 καὶ
2203 2261 2468 2329 ἀποδοὺς
2511 2260 2594 2328 τῷ
2618 2260 2908 2331 ὑπηρέτῃ,
2951 2261 3196 2317 ἐκάθισε
3215 2278 3228 2290 ·
3278 2261 3376 2315 καὶ
3408 2259 3656 2314 πάντων

412 2359 539 2413 dum
564 2359 883 2428 pauperibus
914 2359 1061 2413 misit
1093 2374 1195 2424 me,
1226 2367 1282 2412 ut
1326 2356 1607 2425 praedicem
1640 2356 1859 2424 captiuis
1892 2373 1974 2411 re-

2083 2354 2536 2417 ἐνατενιζόντων
2562 2354 2723 2421 αὐτῷ
2746 2369 2901 2424 φησι
2920 2371 2934 2385 ·
2971 2355 3241 2424 Σήμερον
3269 2352 3654 2421 πεπλήρωται

409 2452 730 2516 missionem,
753 2450 970 2505 et'ctecis
987 2450 1176 2505 visum.
1204 2445 1588 2517 Complicatum
1609 2447 1749 2500 enim
1771 2447 1964 2500 librum

2078 2448 2113 2516 ἠ
2147 2446 2359 2517 Γραφὴ
2386 2447 2537 2516 αὕτη
2567 2449 2637 2502 ἐν
2660 2448 2777 2515 τοῖς
2813 2448 2963 2503 ὠσὶν
2995 2448 3175 2520 ὑμῶν.

410 2562 531 2599 cum
560 2546 875 2602 reddidisset
900 2545 1161 2609 ministro,
1189 2545 1403 2599 resedit.
1444 2541 1677 2614 Cumque
1708 2542 1940 2597 omnium
1969 2544 2025 2597 in
2058 2559 2176 2597 eum
2211 2542 2375 2612 defixi
2415 2551 2585 2598 essent
2619 2544 2761 2598 oculi
2817 2544 2953 2599 dixit
2981 2560 3001 2597 :
3032 2542 3205 2600 Hodie
3235 2542 3516 2615 Scriptura
3543 2544 3655 2599 lucc

406 2641 619 2709 impleta
648 2651 722 2695 est
751 2641 811 2694 in
844 2640 1064 2694 auribus
1093 2640 1279 2693 uestris
1305 2638 1371 2692 ".

480 2736 570 2789 12.
612 2734 934 2791 Necessario
960 2733 1124 2789 etiam
1157 2733 1289 2789 illud
1318 2733 1592 2790 sciendum
1621 2743 1725 2799 est,
1756 2747 1974 2788 omnem

2155 2733 2243 2788 12.
2286 2734 2605 2804 Ἀναγκαῖον
2645 2734 2702 2788 δὲ
2749 2735 2967 2795 εἰδέναι,
2999 2735 3083 2789 ὅτι
3112 2735 3654 2808 ὲμπεριλαμόἀνεται

404 2827 599 2882 bonam
631 2827 900 2882 actionem
954 2841 1082 2896 erga
1126 2825 1310 2881 Jesum
1348 2825 1545 2880 factam
1587 2823 1690 2880 hoc
1724 2823 1973 2894 Evange-

2080 2824 2159 2895 τῷ
2188 2825 2413 2898 τοιούτῳ
2450 2826 2762 2898 Εὐαγγελίῳ
2788 2827 2883 2881 καὶ
2915 2829 3064 2881 πᾶσα
3089 2829 3122 2897 ή
3147 2830 3225 2892 εἰς
3264 2829 3470 2901 Ἰησοῦν
3502 2846 3651 2898 γινο-

404 2918 538 2973 lium
574 2918 876 2986 continere,
921 2917 1192 2989 quomodo
1236 2916 1405 2971 etiam
1442 2913 1686 2970 continet
1730 2912 1974 2968 mulieris

2084 2915 2220 2987 μένη
2257 2915 2451 2986 πρᾶξις
2488 2916 2686 2988 ἀγαθὴ,
2720 2915 2906 2988 ὥσπερ
2933 2918 3026 2971 καὶ¹
3051 2918 3150 2988 τῆς
3173 2918 3241 2971 τὰ
3268 2917 3483 2991 πονηρὰ
3515 2919 3653 2993 ἔργα

406 3009 558 3065 illius
610 3008 929 3079 praeclaram
977 3011 1123 3065 illam
1157 3008 1426 3063 actionem
1461 3022 1583 3077 quae
1628 3006 1769 3061 mala
1806 3020 1974 3075 opera

2080 3008 2442 3078 πεποιηκυίας
2482 3009 2577 3063 καὶ
2608 3010 3056 3081 μετανενοηκυίας
3098 3009 3321 3065 εὐωδίαν
3354 3010 3653 3083 δεδυνημέ-

404 3114 529 3156 cum
582 3101 914 3167 admisisset,
971 3101 1417 3171 resipuissetque,
1466 3098 1593 3155 boni
1638 3098 1822 3153 odoris
1870 3113 1974 3152 un-

2079 3116 2177 3173 νης
2209 3101 2320 3171 (55)
2351 3101 2439 3155 διὰ
2459 3101 2556 3173 τὴν
2580 3102 2688 3156 ἀπὸ
2707 3101 2814 3156 τῶν
2850 3101 3035 3156 κακῶν
3065 3104 3292 3174 γνησίαν
3317 3104 3651 3175 μετάστασιν

407 3202 664 3269 guentum
697 3194 895 3264 potuit,
927 3196 998 3249 ob
1034 3194 1299 3265 insignem
1325 3201 1380 3248 et
1402 3206 1468 3247 ex
1498 3193 1681 3247 animo
1713 3190 1914 3245 iactam
1945 3205 1974 3244 a

409 3284 569 3341 malis
600 3287 980 3351 mutationem,
1013 3284 1388 3356 super'Jesum
1418 3284 1665 3349 fundere,
1691 3299 1800 3353 quo
1830 3283 1974 3339 facto

406 3384 518 3433 tota
544 3377 759 3443 domus,
796 3376 902 3449 14
928 3386 1092 3447 atque
1116 3377 1253 3433 adeo
1284 3385 1554 3448 quotquot
1584 3376 1696 3432 illic
1723 3377 1971 3442 aderant,

406 3467 555 3524 illius
602 3471 868 3539 unguenti
925 3467 1279 3537 fragrantiam
1342 3481 1505 3523 sensu
1567 3474 1971 3536 perceperunt;

408 3559 662 3630 quocirca
709 3559 873 3614 etiam
930 3559 1195 3627 scriptum
1246 3565 1333 3612 est
1379 3571 1396 3611 :
1438 3554 1739 3626 Ubicunque
1773 3558 1972 3625 praedi-

407 3660 585 3704 catum
619 3650 780 3717 fuerit
813 3651 908 3703 hoc
947 3645 1296 3718 Evangelium
1331 3649 1387 3702 in
1433 3649 1674 3703 omnibus
1712 3649 1972 3719 gentibus,

407 3745 612 3798 dicetur
640 3744 819 3798 'etiam
847 3743 1001 3796 istius
1036 3744 1241 3811 factum
1274 3726 1349 3796 ad
1371 3744 1677 3796 memoriam
1713 3758 1864 3796 suam
1899 3741 1975 3797 ⁸⁸.

406 3835 578 3890 Porro
620 3836 967 3905 perspicuum
1022 3845 1107 3890 est
1139 3835 1417 3891 Christum
1458 3835 1562 3890 sibi
1608 3844 1829 3903 accepta
1882 3850 1973 3890 rc-

406 3926 572 3994 I‘erre,
598 3942 935 3996 quascunque
964 3927 1017 3980 in
1042 3925 1339 3996 discipulos
1362 3941 1490 3981 suos
1517 3925 1708 3981 collata
1744 3924 1968 3981 fuerint.

407 4018 563 4076 Unde
587 4018 907 4074 beneﬁcium
929 4018 1260 4088 accipientes
1289 4018 1579 4073 ostendere
1608 4017 1818 4083 volens,
1844 4019 1974 4072 dan-

406 4110 552 4166 tibus
611 4110 931 4166 beneficium
988 4110 1124 4165 dixit
1174 4127 1190 4164 :
1257 4109 1410 4175 Quod
1457 4109 1539 4163 his
1580 4107 1799 4178 fecistis,
1838 4108 1971 4162 mihi

404 4201 602 4271 fecistis
630 4200 699 4255 ".
723 4199 1084 4268 Quamobrem
1110 4203 1312 4270 quaevis
1338 4201 1483 4255 actio
1506 4200 1643 4254 bona
1669 4213 1699 4253 a
1730 4198 1884 4253 nobis
1915 4199 1969 4252 in

403 4295 710 4366 proximum
757 4294 979 4360 collata,
1013 4296 1079 4348 ad
1117 4290 1467 4363 Evangelium
1514 4290 1776 4356 refertur,
1822 4288 1969 4359 quod

403 4389 457 4443 in
486 4387 609 4442 cteli
641 4385 842 4443 tabulis
876 4385 1224 4449 inscribitur,
1273 4384 1695 4454 agnosciturque
1737 4397 1802 4436 ac
1835 4381 1972 4451 legi-

2077 3190 2340 3260 καταχὲαι
2382 3190 2475 3244 τοῦ
2534 3189 2729 3261 Ἰησοῦ,
2777 3189 2871 3243 καὶ
2914 3191 3074 3244 παντὶ
3114 3190 3192 3261 τῷ
3229 3193 3361 3262 οἴκῳ
3406 3192 3515 3263 τὴν
3554 3192 3649 3247 τοῦ

2079 3280 2253 3352 μύρου
2282 3279 2448 3352 πνοὴν
2474 3281 2552 3343 εἰς
2581 3278 2829 3349 αἴσθησιν
2855 3279 3069 3333 πάντων
3091 3279 3200 3333 τῶν
3223 3282 3281 3332 ὲν
3303 3279 3450 3350 αὐτῷ
3473 3281 3650 3351 ἐμπε-

2076 3375 2366 3445 ποιηκυίας
2386 3390 2401 3404 θ
2438 3373 2520 3427 διὸ
2548 3374 2642 3427 καὶ
2664 3374 2969 3444 γέγραπται
2987 3390 3002 3403 ο
3057 3374 3238 3427 Ὅπου
3267 3372 3344 3427 ἂν
3370 3373 3647 3444 κηρυχθῇ

2074 3467 2141 3520 τὸ
2174 3467 2541 3536 Εὑαγγέλιον
2569 3466 2766 3530 τοῦτο,
2788 3466 2857 3519 ἐν
2881 3465 3029 3520 πᾶσι
3057 3465 3181 3531 τοῖς
3208 3455 3431 3528 ἔθνεσι,
3456 3469 3647 3533 λαλη-

2075 3558 2323 3627 θήσεται
2362 3558 2462 3613 καί
2519 3559 2551 3613 ὃ
2589 3559 2876 3628 ἐποίησεν
2930 3558 3079 3626 αὕτη
3119 3560 3208 3624 είς
3246 3559 3647 3628 μνημόσυνον

2073 3647 2282 3718 αὐτῆς.
2326 3648 2499 3718 Σαφὲς
2523 3648 2600 3712 δὲ,
2625 3650 2706 3702 ὅτι
2730 3652 2808 3713 εἰς
2843 3647 3045 3720 Ἰησοῦν
3077 3648 3283 3717 γίνεται
3314 3647 3382 3700 τὰ
3407 3648 3490 3711 εἰς
3518 3647 3646 3709 τοὺς

2077 3740 2511 3812 μαθητευθέντας
2575 3741 2722 3812 αὐτῷ
2771 3741 3180 3812 ἐπιτελούμενα.
3233 3741 3454 3804 Δεικνὺς
3514 3739 3646 3807 γοῦν

2072 3835 2198 3900 τοὺς
2237 3831 2295 3889 εὖ
2330 3835 2667 3898 πεπονθότας
2706 3836 2838 3906 φησι
2873 3837 2984 3897 τοῖς
3023 3834 3362 3905 πεποιηκόσι·
3406 3834 3643 3894 Τούτοις

2073 3931 2106 3985 ὃ
2144 3930 2485 3998 ἐποιήσατε,
2525 3930 2653 4000 ἐμοὶ
2694 3927 3044 3994 ἐποιήσατε·
3093 3926 3232 3980 ὥστε
3267 3926 3414 3978 πᾶσα
3441 3921 3645 3997 πρᾶξις

2071 4020 2249 4093 ἀγαθὴ
2275 4022 2310 4092 ὴ
2343 4021 2425 4086 εἰς
2452 4019 2542 4074 τὸν
2574 4017 2798 4087 πλησίον
2826 4019 2915 4085 ὑφ’
2946 4015 3102 4088 ἡμῶν
3137 4012 3532 4083 ἐπιτελουμένη
3564 4014 3644 4074 εἰς

2070 4110 2132 4163 τὸ
2172 4105 2501 4179 Εὐαγγέλιον
2542 4105 2901 4178 ἀναφέρεται,
2950 4104 3011 4157 τὸ
3051 4103 3111 4155 ὲν
3164 4105 3281 4164 ταῖς
3333 4099 3499 4164 πλαξὶ
3548 4096 3642 4152 τοῦ

2069 4202 2298 4274 οὐρανοῦ
2343 4201 2705 4273 γραφόμενον,
2741 4198 2835 4250 καὶ
2878 4195 2983 4250 ὑπὸ
3017 4193 3233 4247 πάντων
3263 4190 3371 4244 τῶν
3406 4189 3644 4260 ἠξιωμέ-

2070 4313 2176 4351 νων
2202 4296 2302 4365 τῆς
2326 4293 2432 4347 τῶν
2459 4292 2595 4346 ὅλων
2636 4289 2887 4360 γνώσεως
2922 4284 3422 4356 ἀναγινωσκόμενον
3441 4299 3455 4312 ·
3503 4281 3644 4335 ἀλλὰ

2071 4389 2164 4443 καὶ
2191 4388 2256 4440 ὲκ
2292 4384 2387 4439 τοῦ
2423 4383 2664 4439 ἐναντίου
2707 4381 2871 4453 μέρος
2898 4380 3015 4433 ἐστὶ
3044 4376 3137 4431 τοῦ
3183 4374 3519 4445 Εὐαγγελίου
3560 4375 3641 4437 είς

404 4489 493 4535 tur
516 4481 584 4535 ab
621 4479 876 4535 omnibus
913 4481 1007 4549 Qui
1047 4479 1433 4535 universorum
1466 4475 1776 4544 cognitione
1818 4473 1968 4545 digni

2078 4479 2403 4551 κατηγορίαν
2426 4476 2533 4531 τῶν
2556 4474 2876 4546 πραξάντων
2918 4471 2985 4525 τὰ
3022 4473 3101 4534 είς
3149 4468 3354 4541 Ἰησοῦν
3388 4470 3642 4540 ἁμαρτα-

401 4570 571 4626 habiti
618 4570 818 4627 fuerint
853 4585 1022 4626 :cum
1066 4586 1134 4626 ex
1182 4568 1413 4624 adverso
1444 4568 1610 4622 etiam
1640 4579 1765 4633 pars
1791 4562 1970 4617 Evan-

2078 4572 2283 4643 topsva.
2322 4570 2388 4622 'H
2413 4567 2542 4637 γοῦν
2583 4564 2750 4620 ’ἰούδα
2780 4562 3057 4636 προδοσία,
3094 4560 3187 4615 καὶ
3213 4562 3247 4632 ὴ
3282 4558 3374 4612 τοῦ
3404 4558 3643 4621 ἀσεϐοῦς

401 4662 528 4732 gelii
562 4663 965 4718 accusationem
1022 4663 1305 4717 contineat
1350 4672 1538 4714 eorum
1587 4656 1678 4725 qui
1724 4654 1969 4725 delique-

2078 4660 2195 4716 λαοῦ
2220 4659 2570 4730 καταϐόησις,
2607 4656 2924 4726 φάσκοντος·
2955 4650 3092 4721 Alps
3115 4652 3232 4707 ἀπὸ
3254 4649 3365 4719 τῆς
3393 4650 3508 4721 γῆς
3530 4652 3639 4705 τὸν

402 4765 529 4810 runt
580 4755 634 4809 in
689 4752 895 4811 Jesum.
956 4751 1147 4822 Itaque
1183 4749 1339 4807 ludas
1388 4746 1628 4820 proditio
1675 4746 1969 4819 populique

2078 4748 2353 4813 τοιοῦτον,
2399 4748 2498 4802 καὶ
2549 4746 2835 4813 σταύρου,
2874 4743 3136 4809 σταύρου
3184 4740 3393 4806 αὐτὸν,
3443 4740 3539 4793 καὶ
3588 4739 3640 4792 οἱ

400 4844 550 4913 impii
589 4843 906 4899 vociferatio
951 4842 1181 4898 dicentis
1227 4858 1243 4895 :
1286 4839 1430 4894 Tolle
1467 4838 1606 4892 hunc
1644 4853 1678 4890 a
1713 4845 1874 4898 terra,
1916 4843 1967 4889 et

2078 4843 2369 4915 ὲμπαιγμοὶ
2409 4839 2519 4895 τῶν
2564 4838 2724 4893 αὐτὸν
2775 4838 2839 4907 τῇ
2881 4833 3092 4906 ἀκάνθῃ
3138 4832 3600 4901 στεφανωσάντων
3620 4870 3636 4894 ,

398 4934 664 5002 cruci/ipe,
698 4934 940 5003 cruciﬁge
964 4950 1081 4987 eum
1106 4933 1176 4998 το,
1197 4930 1549 4987 etirrisiones
1564 4941 1776 4992 eorum,
1798 4940 1827 4979 a
1846 4925 1964 4995 qui-

2078 4935 2160 4987 ιιαὶ
2218 4933 2287 4986 τὰ
2338 4931 2547 4996 τούτοις
2604 4926 2964 4999 παραπλήσια
3008 4922 3469 4994 ἐγκατατετακται
3521 4922 3638 4984 τοῖς

397 5027 500 5081 bus
534 5037 617 5080 est
644 5026 814 5095 spinis
835 5036 1148 5088 coronatus,
1177 5034 1235 5078 et
1264 5023 1348 5077 his
1372 5021 1571 5077 similia
1596 5035 1693 5090 per
1713 5017 1960 5075 ordinem

2078 5024 2436 5094 Εὐαγγελίοις.
2483 5019 2794 5075 Ἀκόλουθον
2820 5018 2878 5071 δὲ
2901 5017 3107 5078 τούτοις
3137 5013 3255 5067 ἐστὶ
3296 5012 3504 5082 νοῆσαι,
3549 5012 3634 5065 ὅτι

398 5119 451 5173 in
482 5117 790 5187 Evangeliis
820 5118 991 5186 posita
1019 5125 1168 5170 sunt.
1199 5114 1407 5183 Quibus
1431 5127 1771 5182 consequens
1795 5119 1879 5164 est
1903 5117 1963 5162 ut

2078 5117 2175 5180 πᾶς
2211 5116 2241 5168 ὁ
2271 5114 2378 5168 τῶν
2410 5110 2664 5184 μαθητῶν
2706 5109 2816 5181 (54)
2844 5105 2941 5160 τοῦ
2978 5104 3150 5177 Ἰησοῦ
3175 5103 3460 5176 προδότης,
3491 5097 3635 5155 εἶναι

396 5202 802 5267 consideremus
825 5209 969 5280 quod
1000 5210 1249 5279 quisquis
1277 5207 1403 5264 Jesu
1438 5206 1731 5277 discipulos
1770 5203 1960 5276 prodi-

2078 5207 2370 5277 λελόγισται
2408 5205 2503 5259 τοῦ
2542 5202 2715 5274 Ἰησοῦ
2756 5200 3040 5273 προδότης.
3076 5197 3219 5268 Πρὸς
3247 5195 3375 5264 γοῦν
3417 5195 3508 5249 τὸν
3547 5194 3635 5249 ἔτι

467 5352 512 5390 ⁸·
551 5351 652 5406 lsa.
678 5349 843 5413 XL,2.
917 5349 1002 5382 “'
1029 5347 1224 5403 Matth.
1253 5364 1307 5413 ν,
1333 5347 1433 5416 με.
1510 5347 1554 5380 ⁸⁷
1599 5346 1733 5401 Luc.
1775 5360 1847 5410 tv,
1904 5340 1971 5400 {8

468 5421 627 5478 Joan.
666 5437 780 5478 xix.
811 5419 867 5478 6,
899 5420 992 5475 15.

2080 5342 2133 5412 9,
2181 5341 2273 5395 21.
2361 5338 2407 5371 ⁸⁸
2442 5336 2791 5397 Μειῐὶιωίνι,
2829 5333 2915 5387 l5.
2991 5331 3037 5364 θ’
3068 5329 3260 5385 Matth.
3301 5344 3433 5393 xxv,
3464 5327 3558 5384 40.

394 5424 441 5456 ’⁸
468 5424 627 5478 Joan.
666 5437 780 5484 xu,
811 5424 867 5483 6,
899 5424 992 5475 15.

468 5537 581 5608 (35)
643 5534 1251 5608 Ἑμπεριλαμξάνεται.
1270 5574 1284 5588 .
1304 5574 1350 5590 ..
1401 5532 1654 5608 εὐωδίαν
1674 5603 1684 5608 _
1707 5528 1955 5599 δεδυνη-

2102 5523 2250 5608 _(54)
2275 5522 2356 5608 “'0
2381 5518 2501 5603 τῶν
2514 5489 2814 5608 perducebat,
2847 5522 2956 5608 εἰς.
2984 5513 3146 5595 Deest
3183 5514 3631 5608 apudmlluegum

393 5584 601 5676 μέὶῖτῖξ.
650 5584 1317 5663 Ῑιῗὲῖιὶἇῗᾝόδίέίέἱιίίε⁷
1335 5584 1350 5590 ⁷
1365 5584 1426 5660 εί
1441 5584 1789 5676 ξῇεέιὲιιετίιιυε
1828 5584 1956 5676 sup-

2078 5584 2170 5650 εῶν
2196 5584 2472 5665 μαθητῶν,
2499 5584 2593 5676 sed
2616 5585 2889 5676 ejxstatﬁad
2919 5584 3217 5676 marginem
3245 5584 3620 5668 codicois'Bnr.

399 5652 1419 5748 Bién'i’uciuKaIxI'iinae'iﬁ"é&}'ﬁén€'
1441 5652 1956 5739 constiti-
2063 5652 2260 5748 berini2
2293 5652 3140 5748 quemadtnuflllljl‘quﬂfﬁ
3171 5652 3407 5711 Perionii
3459 5658 3612 5712 inleﬁ

395 5724 816 5801 Eifdi'.'"""'"'
872 5724 990 5748 rw
1149 5724 1404 5778 "mw"
1441 5724 1703 5731 "ww—nm
1874 5724 1926 5739 ’ί
2065 5724 2392 5808 pretatio'ct
2422 5733 2535 5803 ipsa
2572 5726 2841 5785 sententia
2869 5724 3161 5795 postulant.
