3792 6146
160 343 228 398 45
1241 343 1595 402 COMMENT.
1635 342 1702 399 IN

1839 344 1922 400 1N.
1969 345 2207 402 TOMUS
2247 347 2289 400 ι.
3325 351 3394 405 ιϐ

157 455 404 510 διώκοντα
443 455 653 509 Σαῦλον
673 473 688 486 ⁶
729 458 954 520 Σαοὺλ.
995 458 1212 523 Σαοὺλ,
1253 463 1310 514 τί
1343 479 1420 530 με
1467 461 1730 528 διώκεις;

1839 462 1998 525 derit,
2030 462 2074 515 is
2112 469 2394 532 reputetur
2418 459 2598 515 Iesum
2629 462 2949 532 prodidisse.
2986 463 3121 519 [line
3157 463 3224 519 ad
3251 464 3396 520 Pau-

158 548 275 600 καί·
339 546 483 616 Ἐγώ
531 550 653 618 ειμι
715 549 970 617 Ἰησοῦς,
1023 551 1096 602 ὃν
1143 551 1225 604 σὺ
1271 551 1516 619 διώκεις.
1572 554 1727 618 Τινὲς

157 642 210 693 δὲ
241 639 350 709 (55)
374 641 475 702 τὰς
515 641 761 704 ἀκάνθας
793 641 1031 713 ἔχουσιν,
1061 637 1150 706 αἷς
1167 642 1258 696 τὸν
1298 645 1503 714 Ἰησοῦν
1539 647 1729 716 ἀτιμά-

155 738 327 800 ζοντες
360 735 743 804 στεφανοῦσιν,
785 736 834 788 οἳ
887 736 991 789 ὑπὸ
1031 736 1307 808 μεριμνῶν
1358 738 1454 791 καὶ
1496 739 1726 792 πλούτου

153 829 240 881 καὶ
274 827 486 898 ἡδονῶν
518 827 612 881 τοῦ
652 828 768 898 βίου
818 829 1242 900 συμπνιγόμενοι
1288 829 1426 899 (56),
1472 829 1728 895 λαϐόντες

151 920 234 973 τὸν
273 920 440 988 λόγον
493 919 586 973 τοῦ
629 918 768 973 Θεοῦ
817 921 879 973 οὐ
929 920 1330 992 τελεσφοροῦσι.
1381 922 1580 993 Διόπερ
1629 941 1728 992 φυ-

150 1010 371 1064 λακτέον
420 1013 626 1081 μήποτε
663 1011 758 1063 καὶ
794 1011 958 1080 ἡμεῖς
988 1009 1065 1072 ὠς
1102 1013 1223 1072 ταῖς
1257 1009 1413 1074 ἰδίαις
1463 1011 1727 1076 ἀκάνθαις

151 1099 544 1177 στεφανοῦντες
573 1099 665 1152 τὸν
723 1099 930 1168 Ἰησοῦν
984 1099 1443 1170 ἀναγραφόμενοι,
1498 1102 1726 1155 τοιοῦτοι

147 1189 657 1261 ἀναγινωσκώμεθα
702 1189 852 1261 παρά
898 1192 1010 1253 τοῖς
1040 1190 1130 1243 τὸν
1168 1193 1224 1244 ὲν
1257 1192 1410 1255 πᾶσι,
1454 1192 1545 1244 καὶ
1577 1193 1728 1264 παρὰ

149 1286 281 1337 πᾶσι
320 1284 562 1352 λογικοῖς
589 1284 623 1354 ἦ
663 1283 838 1352 ἁγίοις
890 1281 1094 1352 Ἰησοῦν
1135 1283 1483 1353 μανθάνουσι,
1517 1284 1627 1337 τίνι
1667 1300 1725 1336 τε

145 1377 332 1448 τρόπῳ
372 1375 490 1445 (57)
539 1375 699 1447 μύρῳ
748 1374 1046 1444 ἀλείφεται,
1095 1375 1187 1429 καὶ
1228 1375 1581 1439 δειπνίξεται,
1631 1376 1727 1430 καὶ

147 1469 450 1533 δοξάζεται,
482 1469 518 1539 ἥ
551 1469 618 1522 ὲκ
637 1468 746 1522 τῶν
769 1467 1026 1522 ἐναντίων
1049 1468 1395 1539 ἀτιμάζεται,
1419 1470 1513 1522 καὶ
1538 1470 1730 1540 ἐμπαί-

151 1563 320 1627 ζεται,
351 1563 452 1616 καὶ
475 1563 762 1615 τύπτεται.
803 1561 1138 1630 Ἀναγκαὶως
1163 1561 1222 1613 δὲ
1246 1560 1400 1615 ταῦθ’
1423 1562 1554 1632 ἡμῖν
1578 1561 1730 1633 εἴρη-

149 1673 237 1708 ται
290 1654 634 1707 δεικνύουσιν
685 1653 759 1717 ὡς
799 1652 1000 1722 ἀγαθαί
1041 1652 1198 1724 ἡμῶν
1243 1652 1489 1722 πράξεις,
1535 1654 1629 1708 καὶ
1670 1655 1726 1706 αἰ

151 1746 417 1817 ἁμαρτίαι
448 1744 562 1798 τῶν
596 1744 893 1799 πταιόντων
924 1744 1001 1814 τῷ
1037 1745 1354 1815 Εὑαγγελίῳ
1386 1745 1728 1814 ἐγκατατάσ-

1832 555 1940 607 lum
1979 554 2155 608 adhuc
2184 569 2244 607 se
2282 565 2693 622 persequentem
2738 555 2907 626 [dicit
2942 557 3099 611 Iesus
3138 579 3149 612 ς
3182 557 3200 630 ]
3240 557 3391 622 Saul,

1831 643 2003 705 Saul,
2057 661 2152 696 cur
2195 661 2276 699 me
2312 647 2631 715 persequeris
2658 647 2754 700 7‘?
2794 647 2862 701 Et
2895 647 3022 702 illud
3071 667 3083 702 :
3123 647 3233 718 Ego
3278 667 3394 704 sum

1827 736 1984 790 Iesus
2015 736 2396 809 [Nazarenus,]
2422 754 2572 801 quem
2602 747 2659 791 tu
2689 741 3012 809 persequeris
3033 739 3098 791 ⁷².
3131 739 3230 805 Qui
3263 757 3395 794 vero

1830 830 2013 898 spinas
2072 831 2293 893 habent,
2335 832 2532 900 quibus
2583 839 2821 901 Spretum
2868 831 3052 885 Iesum
3110 843 3392 895 coronent,

1831 922 1936 975 nisi
1966 923 2020 976 hi
2050 923 2140 992 qui
2172 923 2486 977 divitiarum
2520 923 2978 979 sollicitudinibus
3015 941 3078 980 ac
3111 929 3394 993 praesentis

1828 1013 1955 1066 vita;
1984 1013 2351 1081 voluptatibus
2400 1012 2667 1078 suﬂ‘ocati,
2713 1033 2779 1071 ex
2828 1029 3048 1088 accepto
3095 1017 3190 1072 Dei
3227 1019 3394 1072 verbo

1831 1103 2040 1157 nullum
2092 1103 2334 1158 referunt
2367 1103 2647 1160 fructum?
2676 1106 2912 1164 Proinde
2958 1111 3258 1166 cavendum
3309 1123 3396 1167 est

1829 1193 1986 1248 nobis
2031 1209 2098 1249 ne
2143 1197 2362 1265 quando
2401 1195 2453 1250 in
2502 1212 2689 1252 eorum
2748 1216 3028 1257 numerum
3090 1205 3293 1259 redacti
3331 1222 3395 1260 ac

1834 1285 2091 1356 descripti
2146 1286 2237 1355 qui
2290 1285 2473 1341 Iesum
2529 1289 2642 1343 suis
2688 1303 2950 1347 coronant
2995 1295 3182 1364 spinis,
3236 1297 3396 1367 hujus

1830 1377 2044 1446 generis
2095 1377 2342 1433 homines
2385 1392 2506 1433 esse
2548 1379 2790 1447 legamur
2831 1385 2898 1438 ab
2937 1385 3001 1439 iis
3044 1389 3137 1456 qui
3181 1389 3392 1444 discunt

1829 1483 1937 1538 quo
1963 1479 2122 1536 pacto
2141 1469 2319 1536 Iesus,
2353 1474 2443 1540 qui
2470 1474 2520 1528 in
2541 1475 2792 1530 omnibus
2821 1485 2878 1531 et
2904 1492 3069 1546 penes
3086 1495 3272 1535 omnes
3301 1496 3392 1534 ra-

1832 1560 1993 1617 tionis
2039 1573 2316 1634 compotes
2351 1574 2405 1620 et
2452 1579 2671 1624 sanctos
2707 1580 3097 1637 commoratur,
3143 1581 3258 1626 tum
3293 1590 3392 1627 un—

1829 1663 2029 1720 guento
2057 1665 2311 1727 ungatur,
2348 1667 2459 1714 tum
2479 1661 2732 1716 convivio
2755 1663 3082 1733 excipiatur,
3115 1680 3179 1720 ac
3201 1667 3394 1721 deinde

1829 1744 2169 1812 gloriﬁcetur
2197 1760 2310 1805 tum
2342 1763 2531 1808 contra
2564 1766 2868 1824 spernatur,
2903 1757 3305 1826 irrideaturque
3331 1771 3395 1810 ac

151 1855 354 1898 σονται,
386 1837 507 1908 ήτοι
539 1837 620 1900 εἰς
653 1835 796 1906 ζωὴν
839 1833 1074 1900 αἰώνιον,
1102 1835 1136 1906 ἢ
1165 1837 1247 1899 εἰς
1279 1835 1598 1907 ὀνειδισμὸν,
1633 1835 1727 1890 καὶ

1839 1837 2066 1905 vapulet.
2095 1837 2412 1898 Necessario
2443 1855 2626 1900 autem
2662 1847 2777 1900 haec
2823 1861 2851 1899 a
2900 1848 3059 1902 nobis
3095 1847 3236 1902 dicta
3267 1857 3395 1902 sunt

149 1932 223 1992 si;
246 1927 518 1999 αἰσχύνην
544 1926 783 1981 αἰώνιον.

1838 1927 2337 1989 demonstrantibus
2365 1949 2554 1992 omnes
2583 1939 2828 1993 actiones
2854 1949 3072 1993 nostras
3112 1939 3304 2003 bonas,
3340 1947 3396 1993 et

147 2029 366 2088 peccata
405 2019 838 2082 delinquentium
880 2033 978 2088 per
1020 2017 1265 2072 ordinem
1311 2018 1364 2073 in
1412 2017 1709 2090 Evangelio
1744 2031 1868 2075 esse
1918 2024 2120 2090 posita,
2165 2032 2260 2080 aut
2297 2026 2363 2082 ad
2411 2028 2578 2085 vitam
2630 2039 2908 2095 maternam,
2943 2040 3037 2084 aut
3083 2031 3148 2084 ad
3196 2046 3394 2101 oppro-

145 2118 324 2172 brium
360 2127 419 2172 et
447 2116 831 2172 confusionem
857 2116 1269 2184 sempiternam.

214 2209 308 2264 15.
344 2209 411 2262 Εἰ
444 2209 500 2262 δὲ
540 2209 598 2261 ὲν
625 2207 930 2280 ἀνθρώποις
959 2209 1097 2260 εἰσὶν
1139 2208 1189 2261 οἰ
1228 2208 1580 2280 τετιμημένοι
1621 2208 1730 2261 δια-

144 2300 303 2372 κονία
350 2303 419 2371 τῇ
471 2299 582 2352 τῶν
629 2299 1057 2369 εὐαγγελιστῶν,
1105 2299 1198 2352 καὶ
1248 2299 1409 2362 αὐτὸς
1451 2299 1481 2350 ό
1525 2298 1731 2370 Ἰησοῦς

145 2391 557 2460 εὐαγγελίζεται
605 2391 805 2460 ἀγαθὰ,
860 2392 953 2445 καὶ
1008 2393 1245 2462 πτωχοῖς
1299 2393 1728 2460 εὐαγγελίζεται,

144 2487 245 2544 οὐκ
273 2485 381 2538 ἔδει
403 2485 534 2548 τοὺς
569 2484 968 2555 πεποιημένους
1009 2484 1113 2537 ὑπὸ
1145 2483 1238 2537 τοῦ
1277 2483 1410 2537 Θεοῦ
1449 2485 1732 2556 πνεύματα

148 2576 435 2644 ἀγγέλους,
472 2577 566 2630 καὶ
597 2577 725 2639 τοὺς
767 2575 927 2638 ὄντας
967 2575 1138 2646 πυρὸς
1172 2575 1347 2644 φλόγα
1382 2575 1731 2646 λειτουργοὺς

146 2666 239 2720 τοῦ
283 2667 392 2719 τῶν
437 2665 576 2720 ὅλων
622 2664 856 2737 Πατρός,
895 2665 1218 2736 ἐστερῆσθαι
1257 2665 1350 2718 τοῦ
1395 2667 1490 2718 καὶ
1537 2666 1730 2728 αὐτοὺς

147 2756 287 2812 εἶναι
317 2758 732 2827 εὐαγγελιστάς.
769 2759 867 2811 Διά
893 2757 1048 2811 τοῦτο
1088 2758 1181 2811 καὶ
1214 2757 1462 2826 ἄγγελος,
1505 2757 1730 2820 ἐπιστάς

145 2855 260 2916 τοῖς
296 2851 529 2922 ποιμέσι
563 2850 717 2920 φησὶ,
753 2849 909 2914 δόξαν
948 2851 1180 2920 ποιήσας
1229 2850 1594 2921 περιλάμπειν
1631 2850 1730 2903 αὐ-

143 2945 290 3007 τούς·
326 2943 431 3011 Μὴ
462 2941 763 3012 φοϐεῖσθε,
799 2941 930 2995 ἰδοὺ
959 2941 1072 3011 γὰρ
1111 2940 1552 3010 εὐαγγελίζομαι
1589 2940 1731 3010 ὑμῖν

146 3036 347 3104 χαρὰν
387 3031 688 3104 μεγάλην,
741 3031 874 3099 ἣτις
910 3031 1084 3086 ἔσται
1123 3031 1304 3086 παντὶ
1335 3027 1416 3098 τῷ
1451 3031 1598 3098 λαῷ,
1641 3032 1732 3087 ὅτι

144 3129 368 3195 ἐτέχθη
420 3124 568 3194 ὑμῖν
606 3123 874 3192 σήμερον
918 3121 1142 3190 Σωτὴρ,
1185 3123 1253 3189 ὅς
1295 3123 1425 3177 ἐστι
1475 3123 1730 3191 Χριστὸς

146 3223 369 3287 Κύριος
391 3221 462 3272 ἐν
487 3220 660 3272 ,πόλει
693 3218 902 3271 Δαυΐδ’
936 3218 1025 3270 ὅτε
1051 3216 1144 3270 καὶ
1176 3215 1400 3287 μηδέπω
1429 3215 1731 3286 ἀνθρώπων

147 3313 445 3366 συνιέντων
477 3312 539 3364 τὸ
559 3310 652 3364 τοῦ
690 3309 1020 3378 Εὐαγγελίου
1059 3309 1356 3379 μυστήριον
1396 3309 1445 3360 οἰ
1488 3307 1730 3377 κρείττο-

145 3424 236 3469 νες
290 3405 409 3474 (58)
478 3403 690 3468 αὐτῶν,
754 3402 978 3474 οὐρανὸς
1052 3400 1410 3469 τυγχάνοντες
1477 3398 1731 3469 στρατεία

1903 2209 1990 2265 l5.
2027 2208 2137 2265 Nec
2175 2209 2219 2265 si
2271 2211 2416 2265 inter
2463 2211 2710 2266 homines
2751 2211 2914 2281 aliqui
2957 2211 3064 2266 sint
3117 2212 3393 2280 evangeli-

1831 2312 2036 2359 starum
2093 2302 2393 2356 ministerio
2441 2303 3001 2374 honorati,,ipseque
3052 2302 3214 2358 Iesus
3254 2307 3392 2358 bona

1831 2396 2184 2466 evangelizet,
2230 2405 2392 2464 atque
2437 2396 2600 2449 etiam
2652 2396 2979 2466 pauperibus
3034 2397 3391 2467 evangelizet,

1832 2489 2037 2545 idcirco
2092 2487 2333 2557 oportuit
2371 2487 2590 2556 angelos
2635 2487 2809 2542 factos
2876 2502 2905 2540 a
2973 2488 3082 2542 Deo
3145 2488 3392 2558 spiritus,

1829 2585 2152 2636 exsistentes
2174 2580 2316 2650 ignis
2341 2579 2631 2640 ﬂammant,
2672 2589 2727 2633 et
2761 2579 3040 2635 ministros
3078 2580 3180 2651 15
3213 2581 3393 2637 Patris

1831 2674 2236 2734 universorum,
2269 2671 2372 2725 hac
2402 2671 2556 2726 laude
2585 2671 2811 2741 privari,
2845 2681 2899 2724 ut
2934 2681 2988 2726 et
3018 2672 3117 2741 ipsi
3148 2688 3251 2727 non
3283 2675 3386 2727 sint

1831 2765 2197 2835 evangelista.
2248 2765 2400 2818 llanc
2445 2763 2514 2815 ob
2549 2777 2791 2826 causam,
2846 2777 3030 2815 coram
3081 2764 3392 2832 pastoribus

1833 2859 2058 2929 angelus
2102 2873 2223 2912 cum
2270 2858 2533 2922 stetisset,
2580 2867 2782 2920 eosque
2827 2853 2998 2922 gloria
3031 2855 3393 2923 undeqnaqme

1833 2951 2157 3006 illustrasset
2186 2968 2198 3004 :
2231 2947 2310 3003 Ne
2339 2947 2658 3010 terreamiui,
2690 2946 2883 3016 inquit,
2924 2962 3038 2999 ecce
3067 2947 3200 2999 enim
3233 2961 3392 2998 evan-

1831 3041 1995 3113 gelizo
2021 3042 2162 3095 vobis
2194 3040 2442 3110 gaudium
2477 3053 2746 3108 maguum,
2793 3039 2930 3106 quod
2973 3038 3072 3090 erit
3115 3037 3256 3089 omni
3302 3052 3394 3104 po-

1830 3135 1954 3205 pulo
1990 3147 2008 3185 :
2044 3135 2290 3204 quoniam
2337 3141 2491 3184 natus
2529 3139 2603 3182 est
2635 3129 2776 3182 vobis
2805 3129 2957 3181 hodie
2997 3127 3264 3191 Servator,
3305 3129 3395 3195 qui

1831 3237 1908 3283 est
1934 3227 2173 3281 Christus
2196 3223 2472 3284 Dominus,
2512 3222 2568 3275 in
2602 3220 2810 3273 civitate
2854 3219 3024 3273 Dauid
3050 3220 3116 3279 7a;
3145 3218 3394 3286 quando,

1833 3319 2069 3374 nondum
2124 3313 2547 3382 intelligentibus
2599 3311 2909 3366 hominibus
2956 3310 3229 3378 Evangelii
3279 3325 3396 3379 my-

1833 3407 2220 3476 sterium,ipsis
2263 3405 2672 3475 praestantiores
2697 3401 2938 3456 ccclesiis
2963 3401 3238 3455 exercitus
3274 3398 3391 3460 Dei.

147 3497 286 3553 Θεοῦ
339 3499 475 3567 (59),
535 3495 812 3558 αἰνοῦντες
848 3494 938 3546 τὸν
993 3492 1126 3545 Θεὸν
1171 3490 1407 3558 λέγουσι·
1456 3489 1612 3553 Δόξα
1665 3489 1733 3542 ἐν

1839 3500 2092 3555 laudibus
2125 3499 2288 3552 Deum
2324 3497 2588 3550 vehentes
2619 3494 2803 3549 dicant
2841 3509 2854 3545 :
2888 3490 3070 3546 Gloria
3102 3491 3160 3544 in
3200 3491 3396 3543 allisa!"

147 3594 439 3660 ὑψίστοις
464 3589 606 3656 Θεῷ,
636 3590 737 3643 καὶ
775 3589 872 3642 ἐπὶ
904 3587 1021 3656 τῆς
1053 3586 1282 3655 εἰρήνη,
1308 3586 1378 3638 ἐν
1406 3583 1732 3652 ἀνθρώποις

147 3682 417 3736 εὐδοκία.
460 3680 570 3733 Καὶ
612 3678 788 3732 ταῦτα
816 3678 1061 3740 εἰπόντες
1092 3675 1422 3747 ἀπέρχονται
1470 3675 1579 3729 ἀπὸ
1625 3675 1732 3728 τῶν

148 3771 432 3842 ποιμένων
473 3771 553 3833 εἰς
592 3769 683 3821 τὸν
721 3767 948 3838 οὐρανὸν
983 3767 1032 3819 οἰ
1069 3765 1308 3834 ἄγγελοι,
1345 3763 1734 3826 καταλιπόντες

147 3866 287 3935 ἡμῖν
317 3865 481 3926 νοεῖν,
511 3861 628 3924 πῶς
657 3863 690 3930 ἡ
719 3857 1166 3928 εὑαηελισθεῖσα
1196 3859 1329 3928 ἡμῖν
1357 3856 1445 3909 διὰ
1463 3857 1560 3922 τῆς
1583 3855 1736 3924 γενέ-

151 3975 292 4021 σεως
321 3955 562 4027 Χριστοῦ
615 3952 789 4025 Ἰησοῦ
830 3951 996 4023 χαρὰ,
1043 3951 1170 4017 δόξα
1197 3951 1344 4004 ἐστὶν
1393 3951 1452 4002 ὲν
1491 3948 1733 4018 ὑψίστοις

148 4053 304 4123 Θεῷ·
336 4050 444 4103 τῶν
488 4046 930 4103 ταπεινωθέντων
979 4046 1059 4107 εἰς
1121 4043 1250 4114 χοῦν
1301 4041 1734 4112 ἐπιστρεφόντων

149 4145 235 4207 εἰς
263 4143 362 4214 τὴν
391 4141 697 4195 ἀνάπαυσιν
738 4137 938 4194 αὐτῶν.
971 4135 1066 4190 καὶ
1113 4136 1172 4189 ὲν
1211 4133 1452 4203 ὑψίστοις
1482 4132 1571 4185 διὰ
1602 4133 1735 4203 Χρι-

151 4237 286 4288 στοῦ
324 4234 626 4305 μελλόντων
665 4229 907 4295 δοξάζειν
945 4229 1035 4282 τὸν
1063 4227 1216 4280 Θεόν.
1275 4224 1436 4279 Ἀλλά
1468 4226 1562 4278 καὶ
1602 4225 1731 4277 θαυ-

157 4333 426 4402 μάξονσιν
462 4329 510 4380 οἰ
545 4325 766 4394 ἄγγελοι
807 4321 903 4394 τὴν
937 4321 1030 4374 ἐπὶ
1065 4321 1168 4390 γῆς
1195 4317 1461 4388 ἐσομένην
1497 4317 1584 4370 διὰ
1627 4318 1734 4386 ’1η-

156 4423 286 4475 σοῦν
321 4420 567 4492 εἰρήνην,
600 4414 696 4468 τοῦ
731 4411 1025 4483 πολεμικοῦ
1064 4410 1284 4482 χωρίου,
1311 4407 1398 4473 εἰς
1427 4409 1456 4462 ὃ
1488 4407 1734 4461 ἐκπεσὼν

157 4520 221 4570 ἐκ
247 4514 345 4567 τοῦ
378 4510 610 4584 οὐρανοῦ
677 4507 706 4559 ὁ
729 4501 1234 4576 Ἑωσφόροςόπρωῖ
1268 4501 1592 4566 ἀνατέλλων,
1629 4499 1736 4554 ὑπὸ

166 4605 346 4677 Ἰησοῦ
378 4620 506 4656 συντ
515 4601 725 4673 ρίϐεται
759 4599 892 4669 (60).

229 4699 323 4752 14.
363 4695 512 4766 Πρὸς
537 4697 651 4756 τοῖς
686 4690 994 4764 εἰρημένοις
1018 4689 1112 4743 καὶ
1140 4685 1298 4742 τοῦτο
1329 4684 1456 4758 περὶ
1486 4684 1732 4752 Εὐάγγε-

161 4793 276 4846 ’.εον
311 4788 506 4850 ἰστέον,
543 4787 624 4840 ὅτι
662 4785 875 4854 πρῶτον
909 4783 1003 4853 τῆς
1051 4779 1288 4850 κεφαλῆς
1331 4777 1424 4830 τοῦ
1464 4775 1584 4829 ὅλου
1625 4777 1733 4828 τῶν

157 4883 487 4953 σωζομένων
531 4878 781 4949 σώματος
821 4873 1057 4946 Χριστοῦ
1102 4869 1275 4941 Ἰησοῦ
1310 4870 1424 4922 ἐστι
1456 4867 1514 4921 τό
1557 4867 1732 4934 Εὐαγ-

1834 3593 1934 3647 mis
1978 3591 2107 3655 Deo,
2157 3601 2202 3644 et
2246 3591 2300 3643 in
2341 3599 2482 3642 terra
2515 3601 2619 3656 pax
2651 3605 2672 3650 ,-
2711 3586 2768 3638 in
2804 3584 3102 3637 hominibus
3135 3583 3269 3635 bona
3310 3598 3397 3634 uo-

1833 3680 2322 3748 luutas7‘,hisque
2371 3677 2531 3732 dictis
2578 3674 2890 3746 pastoribus
2941 3673 2994 3726 iu
3041 3672 3240 3725 cmlum
3275 3687 3395 3726 sese

1834 3775 2102 3843 recipiunt
2133 3772 2332 3842 angeli,
2368 3771 2525 3824 nobis
2549 3766 3001 3822 considerandum
3031 3766 3396 3834 relinquentes

1833 3865 2103 3936 quomodo
2136 3861 2514 3917 annuntiatum
2558 3860 2715 3914 nobis
2749 3873 2815 3912 ex
2850 3865 2973 3912 ortu
3023 3857 3225 3911 Christi
3267 3854 3393 3910 Iesu

1834 3956 2111 4026 gaudium,
2159 3953 2330 4023 gloria
2377 3952 2542 4007 etiam
2576 3959 2662 4004 est
2707 3951 2761 4003 in
2797 3947 3080 4002 altissimis
3126 3947 3272 4010 Deo;
3309 3961 3396 3998 re-

1835 4047 2174 4102 vertentibus
2205 4047 2256 4098 in
2291 4044 2532 4112 requiem
2556 4056 2732 4106 suam,
2753 4049 2809 4095 et
2839 4040 2890 4094 in
2915 4037 3197 4092 altissimis
3227 4037 3393 4090 Deum

1836 4138 2224 4209 glorificaluris
2257 4153 2353 4206 per
2379 4136 2655 4191 Christum
2682 4136 2748 4188 iis
2769 4131 2858 4202 qui
2880 4130 3148 4185 humiliati
3181 4129 3399 4183 fuerant

1835 4230 1889 4284 in
1946 4231 2246 4299 pulverem.
2295 4225 2562 4279 Mirantur
2613 4222 2782 4277 etiam
2833 4219 3015 4292 angeli
3065 4234 3250 4288 pacem
3300 4234 3398 4287 per

1833 4323 2018 4377 Iesum
2046 4319 2282 4374 futuram
2317 4319 2370 4370 in
2403 4326 2571 4376 terra,
2600 4329 2721 4381 quae
2749 4313 2898 4366 locus
2933 4321 3018 4364 est
3057 4311 3216 4364 hellis
3255 4309 3398 4363 inl'e-

1835 4424 1972 4474 stus,
2007 4411 2060 4465 in
2085 4425 2246 4480 quem
2275 4407 2531 4477 delapsus
2559 4422 2590 4461 e
2610 4404 2747 4460 caelo
2771 4403 2990 4458 Lucifer
3020 4401 3108 4457 ille
3125 4401 3216 4471 qui
3241 4414 3400 4454 tuane

1835 4507 2114 4560 oriebatur
2136 4503 2206 4568 ⁷³,
2246 4517 2274 4554 a
2309 4501 2438 4557 Iesu
2471 4508 2555 4555 est
2585 4497 2971 4552 contereudus.

1910 4682 1996 4736 M.
2037 4679 2118 4734 Ad
2163 4677 2278 4733 haec
2320 4685 2379 4730 et
2416 4673 2545 4727 illud
2592 4673 2657 4728 de
2688 4668 2986 4740 Evangelio
3030 4668 3266 4723 sciamus
3301 4681 3395 4719 ne-

1839 4786 1990 4826 cesse
2022 4778 2129 4833 est,
2160 4766 2514 4836 Evangelium
2566 4763 2617 4816 in
2651 4762 2840 4832 primis
2872 4776 2992 4815 esse
3025 4759 3147 4815 Iesu
3176 4760 3398 4819 Christi,

1839 4865 1930 4932 qui
1965 4871 2049 4917 est
2080 4869 2242 4929 caput
2273 4859 2440 4913 totius
2472 4856 2718 4924 corporis
2748 4869 2932 4907 eorum
2965 4852 3056 4918 qui
3088 4861 3398 4911 servantur,

167 4943 359 5048 τέλεον,
393 4972 471 5038 ὥς
491 4943 651 5043 φησιν
678 4972 708 5023 ὁ
733 4943 956 5039 Magio;
976 4982 990 4996 ·
1022 4963 1207 5034 Ἀρχὴ
1233 4963 1338 5017 τοῦ
1371 4959 1733 5030 Εὐαγγελίου

1839 4959 2053 5011 dicente
2082 4953 2265 5007 Marco
2308 4970 2322 5006 :
2361 4950 2578 5004 Initium
2617 4946 2889 5016 Evangelii
2937 4945 3067 4999 Iesu
3094 4943 3290 4998 Christi
3315 4944 3390 4999 "z

162 5037 424 5141 'Xptatoﬁ
456 5037 459 5038 ν
490 5037 683 5132 Ἰησοῦ
705 5079 720 5092 °
761 5037 863 5132 ἤδη
893 5058 948 5111 δὲ
986 5057 1080 5110 καὶ
1109 5055 1217 5109 τῶν
1259 5053 1570 5108 ἀποστόλων
1611 5067 1733 5118 τυγ-

1843 5047 2036 5103 deinde
2066 5046 2232 5102 etiam
2264 5043 2626 5113 apostolorum
2661 5059 2674 5093 :
2709 5041 2960 5107 quocirca
3001 5039 3166 5092 etiam
3199 5037 3400 5092 Paulus

169 5128 334 5235 (ἀνειο
381 5160 463 5214 διὸ
505 5128 654 5227 λέγει
686 5157 716 5208 ὁ
753 5128 995 5214 Παῦλος·
1049 5146 1210 5201 Κατὰ
1254 5144 1322 5199 τὸ
1371 5141 1733 5235 Hennaea»

1842 5139 2018 5207 inquit
2055 5153 2070 5192 :
2117 5136 2282 5190 Juxta
2314 5131 2653 5202 Euangelium
2699 5146 2869 5183 meum
2911 5129 2981 5184 ⁷⁷.
3016 5128 3400 5181 Verumtamen

233 5216 277 5296 ὗ
303 5259 425 5310 Act.
458 5271 532 5320 rx,
687 5249 734 5279 ⁷⁸
764 5245 897 5301 ibid.
923 5241 976 5296 5.
1051 5241 1096 5271 ⁷³
1124 5238 1259 5294 Luc.
1291 5253 1352 5305 ιι,
1382 5236 1472 5300 10,
1498 5233 1586 5287 11.
1658 5232 1705 5264 ⁷⁸
1732 5280 1733 5283 η

1839 5245 1932 5296 τ.ιι,
1969 5228 2057 5295 M,
2131 5226 2304 5281 "lsa.
2343 5239 2456 5290 xiv,
2492 5222 2583 5277 49..
2658 5220 2704 5252 "
2730 5219 2897 5275 Marc.
2943 5234 2980 5282 ι,
3025 5217 3076 5272 l.
3151 5216 3198 5248 "
3243 5216 3401 5270 Rom.

163 5347 227 5392 ξι,
261 5331 347 5384 16.

238 5423 350 5492 (55)
383 5421 542 5492 Τινὲς
563 5417 652 5492 δέ.
673 5421 788 5492 etc.
815 5409 1052 5488 Legebat.
1101 5403 1382 5492 Ferrarius
1404 5401 1546 5463 τίνες
1579 5396 1658 5460 δέ,
1685 5403 1740 5451 et

168 5483 484 5564 paulo'post,
590 5490 638 5540 οἰ
665 5483 774 5564 uno
815 5483 1247 5564 μερέμνῷν,¹ςίςι

242 5535 878 5632 (ἑέῖἒῖξαένίᾷοόμενοι.
890 5535 1068 5604 Ῥοι-ιθ
1104 5535 1398 5615 legendum
1446 5556 1509 5592 συ
1518 5535 1740 5610 μπνιγό-

116 5699 138 5724 .-
389 5702 510 5757 Τίνι
554 5715 622 5753 τε
676 5692 898 5764 τρόπῳ,
952 5687 1133 5745 Codex
1159 5681 1504 5747 Bodleianus,
1533 5679 1652 5733 τίνα
1683 5676 1740 5730 δὲ

166 5779 382 5848 τρόπον.

238 5819 721 5918 62;)":me
761 5835 822 5889 τὸ
861 5832 965 5887 τοῦ
996 5825 1362 5899 Εὐαῃηελίου
1403 5819 1740 5890 μυστήριον

1836 5395 1891 5448 οἱ
1911 5391 2265 5459 κρείττονες.
2294 5385 2419 5459 Haec
2449 5383 2656 5459 desunt
2679 5383 2730 5436 in
2777 5380 3016 5459 editione
3049 5375 3252 5459 liuetii,
3305 5371 3407 5426 sed

1837 5449 2202 5518 restituuntur
2222 5449 2257 5512 ἒ
2283 5457 2444 5512 codd.
2477 5455 2765 5508 Bodleiano
2797 5460 2850 5504 et
2877 5449 3221 5521 Barberino.~

1906 5511 2319 5603 egissem;
2350 5525 2749 5603 τυγχάνοντες
2776 5519 3055 5603 στρατεία
3079 5511 3404 5603 989171-}:

1871 5590 2065 5658 eudutu
2126 5590 2380 5661 videtur,
2422 5590 2670 5667 οὐράνιος
2727 5591 3112 5667 τυγχάνοντες,
3147 5590 3405 5667 στρατεία

1880 5673 1992 5734 εοῦθ
2031 5670 2113 5726 νει
2137 5649 2749 5740 οῧρανξδςντυγχόινονῖτες
2778 5649 3149 5740 καῖ-στρατεία
3173 5649 3331 5740 Θεὲῦ.

1865 5720 2020 5813 ἶνίῦό)
2045 5720 2050 5721 ν
2499 5720 2527 5735 ν’
2539 5733 2628 5790 Fet
2645 5749 2700 5786 ra
2711 5720 2820 5786 r‘ius
2885 5720 3008 5797 legit
3059 5737 3183 5774 συντ
3191 5720 3404 5794 ριϐησε-

1839 5832 1949 5870 ται.
