3792 6146
200 304 262 366 ι)
1282 290 1645 359 COMMENT.
1683 301 1751 358 IN
1790 301 1982 360 JOAN.
2018 301 2259 358 TOMUS
2296 301 2336 357 ι.
3381 301 3450 357 50

197 425 243 479 δέ
268 423 317 476 οἱ
348 420 452 494 πρὸ
474 421 571 493 τῆς
597 420 927 493 σωματικῆς
956 419 1193 494 Χριστοῦ
1226 421 1520 492 ἐπιδημίας
1544 424 1589 476 Χ
1597 423 1764 495 ριστὸν

1879 432 2025 484 zant.
2048 423 2141 492 qui
2169 433 2252 478 est
2279 421 2522 478 omnium
2564 422 2728 491 bona,
2775 431 2836 479 ut
2871 431 3029 479 antea
3074 420 3449 487 ostendimus;

196 510 618 581 εὐαγγελίζονται
644 510 779 564 ὄντα
806 510 879 564 τά
911 510 1114 579 ἀγαθὰ,
1138 511 1215 574 ώς
1236 510 1618 582 ἀπεδείξαμεν,
1647 512 1777 568 πάν-

194 622 288 658 των
316 600 435 666 πῶς
463 603 607 655 είσιν
639 602 691 655 oi.
716 601 871 669 λόγοι
897 600 995 655 τοῦ
1015 600 1345 670 Εὐαγγελίου
1383 602 1565 673 μέρος.
1599 604 1776 676 Ὅπερ

194 694 516 763 Εὐαγγέλιον
552 693 851 764 λεγόμενον
887 692 1166 747 λαλεῖσθαι
1218 695 1280 748 ἐν
1325 693 1431 765 ὅλῳ
1464 692 1543 764 τῷ
1583 694 1775 766 κόσμῳ

193 790 338 859 ἡμεῖς
398 785 822 859 ἐπιλαμϐάνομεν
882 786 1322 856 ἀπαγγέλλεσθαι
1390 787 1451 842 ἐν
1526 787 1633 859 ὅλῳ
1694 789 1774 860 τῷ

190 882 405 951 κόσμῳ,
461 882 531 936 οὐ
585 882 744 953 μόνον
807 880 888 953 τῷ
948 880 1211 953 περιγείῳ
1262 880 1447 952 τόπῳ,
1500 880 1638 935 ἀλλά
1677 883 1775 936 καὶ

189 971 343 1025 παντὶ
401 971 484 1044 τῷ
528 973 834 1043 συστήματι
864 970 943 1045 τῷ
979 972 1038 1039 ἐξ
1076 969 1304 1043 οὐρανοῦ
1338 972 1434 1025 καὶ
1468 971 1593 1043 γῆς,
1637 972 1670 1043 ἢ
1714 971 1773 1039 ἐξ

184 1063 431 1134 οὐρανῶν
477 1065 572 1118 καὶ
616 1065 740 1134 γῆς.
794 1064 908 1119 Καὶ
938 1063 991 1117 τί
1029 1063 1112 1117 δεῖ
1140 1063 1233 1117 ἐπὶ
1286 1063 1472 1117 πλεῖον
1512 1062 1773 1134 μηκύνειν

187 1155 275 1208 τὸν
299 1156 433 1227 περὶ
455 1156 553 1211 τοῦ
584 1156 640 1209 τί
669 1156 732 1209 τὸ
758 1154 1089 1225 Εὑαγγέλιόν
1125 1156 1243 1209 ἐστι
1265 1155 1421 1224 λόγον
1441 1172 1454 1221 ;
1477 1155 1773 1227 Αὐτάρκως

184 1246 239 1300 δὲ
270 1247 479 1301 τούτων
505 1247 837 1319 εἰρημένων,
874 1247 967 1301 καὶ
1004 1248 1069 1300 ἐκ
1105 1247 1313 1301 τούτων
1343 1247 1452 1301 τῶν
1507 1246 1581 1319 μὴ
1618 1248 1774 1300 ἀνεν-

187 1338 394 1410 τρεχῶν
458 1339 778 1410 δυναμένων
862 1341 933 1395 τὰ
1016 1340 1372 1412 παραπλήσια
1444 1342 1773 1409 συναγαγεῖν

187 1431 295 1484 ἀπὸ
330 1430 440 1485 τῶν
482 1431 742 1503 Γραφῶν,
787 1433 880 1486 καὶ
926 1431 1163 1504 βλέπειν,
1204 1433 1290 1496 τίς
1328 1435 1361 1503 ἡ
1393 1430 1521 1498 δόξα
1560 1431 1670 1485 τῶν
1716 1432 1775 1486 ἐν

202 1522 374 1595 ’1ησοῦ
402 1524 630 1596 Χριστῷ
676 1524 897 1594 ἀγαθῶν
930 1524 1035 1579 ὑπὸ
1089 1521 1183 1578 τοῦ
1253 1524 1609 1594 Εὑαγγελίου,
1656 1524 1773 1578 δια-

188 1615 516 1686 πονουμένου
564 1617 673 1670 ὑπὸ
723 1616 1025 1689 ἀνθρώπων
1086 1617 1181 1671 καὶ
1239 1616 1507 1686 ἀγγέλων,
1562 1616 1675 1686 ἐγὼ
1728 1615 1772 1669 δ’

185 1703 354 1778 οἶμαι,
385 1708 476 1761 ὅτι
528 1710 627 1763 καὶ
687 1708 892 1780 ἀρχῶν,
930 1709 1026 1764 καὶ
1084 1708 1364 1774 ἐξουσιῶν,
1394 1708 1488 1762 καὶ
1547 1708 1771 1779 θρόνων,

1881 515 2285 585 quodammodo
2310 530 2592 571 sermones
2628 530 2756 586 pars
2787 523 2917 571 sunt
2957 514 3268 585 Evangelii.
3296 513 3450 580 Quod

1881 603 2229 675 Evangelium
2256 619 2380 659 cum
2420 605 2811 678 divulgandum
2839 621 2961 662 esse
2992 606 3203 662 dicatur
3243 605 3297 659 in
3338 612 3452 658 toto

1881 699 2110 764 mundo,
2141 711 2239 752 nos
2272 711 2368 767 per
2398 707 2570 753 totum
2599 699 2858 754 mundum
2889 713 2996 754 non
3030 706 3244 754 tantum
3288 695 3451 753 intel-

1881 791 2098 863 ligimus
2125 799 2439 846 terrestrem
2474 792 2618 846 hunc
2655 791 2858 859 locum,
2890 790 2986 845 sed
3024 789 3188 844 etiam
3230 802 3450 843 omnem

1880 884 2097 954 globum
2134 899 2203 938 ex
2250 883 2393 939 ctelu
2441 894 2495 939 et
2539 894 2707 948 terra,
2752 883 2840 938 vel
2877 897 2947 938 ex
2988 881 3143 938 ctelis
3188 889 3244 936 et
3282 892 3445 936 terra.

1880 974 1988 1030 Sed
2045 975 2176 1045 quid
2257 991 2394 1046 opus
2463 986 2548 1031 est
2611 976 2815 1032 diutius
2869 973 3186 1045 protrahere
3247 987 3451 1028 sermo-

1880 1080 2005 1120 nem
2064 1067 2129 1121 de
2171 1080 2238 1121 eo
2284 1066 2415 1136 quid
2467 1069 2541 1122 sit
2586 1066 2936 1138 Evangelium
2970 1065 3156 1121 ?Gum
3198 1065 3312 1119 haec
3355 1079 3453 1118 au-

1881 1166 1988 1212 tem
2036 1156 2149 1225 jam
2199 1157 2335 1211 satis
2382 1158 2523 1213 dicta
2571 1158 2704 1219 sint,
2754 1167 2918 1226 atque
2968 1157 3092 1211 inde
3139 1153 3337 1211 similia
3381 1167 3449 1206 ex

1881 1249 2185 1320 Scripturis
2240 1250 2505 1320 colligere
2567 1248 2779 1318 possint
2830 1248 2927 1317 qui
2981 1246 3205 1301 minime
3254 1242 3447 1299 ‘stolidi

1880 1348 2007 1395 sunt
2051 1348 2109 1395 et
2153 1342 2340 1405 rudes,
2398 1348 2455 1394 et
2514 1338 2715 1393 intueri
2775 1352 2934 1406 quam
2999 1335 3230 1406 gloriam
3279 1333 3452 1388 bono-

1881 1445 2001 1485 rum
2064 1431 2167 1502 17
2228 1432 2282 1486 in
2336 1430 2554 1486 Christo
2602 1428 2729 1484 Jesu
2782 1429 3034 1483 exhibeat
3079 1424 3448 1496 Evangelium,

1883 1533 1995 1577 tum
2018 1523 2087 1578 ab
2120 1522 2454 1587 hominibus,
2493 1530 2602 1576 tum
2648 1519 2714 1574 ab
2754 1518 2959 1590 angelis
2988 1517 3448 1579 administratum,

1880 1625 1954 1681 et,
1976 1624 2036 1671 ut
2068 1630 2170 1687 ego
2200 1615 2456 1681 arbitror,
2480 1615 2641 1669 etiam
2671 1628 2701 1668 a
2726 1613 3113 1684 principatibus
3132 1621 3185 1667 et
3209 1617 3449 1681 potesta—

1882 1707 2048 1772 tibus,
2081 1723 2113 1761 a
2153 1706 2364 1762 thronis
2396 1715 2452 1761 et
2484 1704 2948 1761 dominationibus
2973 1745 2988 1768 ,
3037 1719 3100 1758 ac
3145 1703 3338 1758 deinde
3380 1703 3450 1755 ab

183 1799 279 1852 καὶ
306 1801 676 1871 κυριοτήτων,
709 1802 805 1854 καὶ
832 1801 1034 1865 παντὸς
1066 1801 1327 1872 ὀνόματος
1354 1799 1764 1870 ὀνομαζομένου,

1879 1798 2029 1854 omni
2068 1799 2320 1864 nomine,
2351 1798 2495 1867 quod
2543 1797 2880 1861 nominatur,
2917 1812 3022 1850 non
3065 1794 3235 1850 solum
3266 1781 3318 1849 in
3351 1792 3451 1849 hoc

183 1894 246 1946 ού
274 1892 440 1963 μόνον
475 1895 537 1946 ἐν
580 1894 759 1965 τούτῳ
801 1892 879 1963 τῷ
926 1893 1103 1958 αἰῶνι,
1138 1891 1278 1948 ἀλλὰ
1308 1894 1402 1947 καὶ
1424 1894 1482 1946 ἐν
1533 1891 1612 1963 τῷ
1652 1890 1777 1961 μέλ-

182 1982 346 2049 λοντι,
368 1984 506 2056 εῐγε
535 1985 632 2039 καὶ
662 1985 755 2038 ὑπ’
793 1985 959 2039 αὐτοῦ
1004 1984 1097 2039 τοῦ
1159 1984 1423 2057 Χριστοῦσ
1458 1984 1623 2039 αὑτοῦ
1672 2000 1776 2036 που

184 2077 623 2149 καταπαύσομεν
642 2077 714 2131 τά
742 2078 848 2150 πρὸ
879 2079 980 2150 τῆς
1023 2076 1483 2147 συναναγνώσεως
1522 2076 1631 2130 τῶν
1685 2092 1778 2145 γε·

180 2169 546 2240 γραμμένων.
593 2169 731 2241 Ἤδη
766 2169 824 2224 δέ
847 2168 966 2241 Θεῷ
992 2168 1275 2241 αἰτώμεθα
1304 2170 1638 2242 συνεργῆσαι
1687 2169 1776 2224 διὰ

180 2262 424 2331 Χριστοῦ
444 2265 582 2334 ἡμῖν
607 2263 669 2316 ἐν
689 2262 833 2334 ἀγίῳ
862 2262 1139 2333 Πνεύματι
1176 2262 1311 2333 πρὸς
1345 2259 1642 2327 ἀνάπτυξιν
1677 2262 1771 2315 τοῦ

181 2356 240 2406 ἐν
294 2357 416 2419 ταῖς
478 2354 693 2422 λέξεσιν
772 2355 1441 2427 ἐναποτεθησαυρισμένου
1511 2353 1771 2426 μυστικοῦ

180 2462 296 2500 νου.

1549 2543 1777 2614 Explicit
1811 2543 2075 2613 prwfatio.

251 2630 340 2689 16.
385 2632 493 2687 Ἐν
522 2631 687 2702 ἀρχῇ
716 2628 798 2704 ἦν
841 2637 874 2688 ὀ
915 2637 1125 2705 Λόγος.
1165 2635 1239 2688 Οὐ
1298 2636 1458 2706 μόνον
1512 2636 1772 2706 Ἕλληνες

178 2723 352 2779 πολλά
403 2741 546 2794 φασι
610 2726 990 2799 σημαινόμενα
1047 2725 1186 2783 εἶναι
1246 2730 1354 2783 ἀπὸ
1415 2727 1526 2797 τῆς
1576 2728 1772 2799 ἀρχῆς

178 2819 599 2891 προσηγορίας,
643 2819 783 2874 ἀλλά
827 2820 934 2894 γὰρ
977 2821 1033 2875 εἴ
1091 2839 1176 2885 τις
1228 2823 1461 2895 τηρήσαι
1523 2823 1769 2891 συνάγων

181 2906 449 2962 πάντοθεν
496 2907 657 2962 τοῦτο
694 2908 757 2963 τὺ
790 2910 962 2979 όνομα
985 2951 1000 2975 ,
1056 2916 1153 2965 καὶ
1200 2911 1444 2981 ἀκριϐῶς
1506 2911 1772 2978 ἐξετάζων

181 3000 430 3070 βούλοιτο
456 3004 747 3056 κατανοεῖν
777 3003 836 3057 ἐν
870 3003 1085 3071 ἐκάστῳ
1112 3004 1263 3075 τόπῳ
1285 3004 1394 3058 τῶν
1417 3004 1650 3076 Γραφῶν
1680 3006 1772 3060 ἐπὶ

178 3091 325 3156 τίνος
357 3093 650 3157 τέτακται,
685 3094 906 3167 εὑρήσει
935 3097 1028 3149 καὶ
1057 3095 1197 3151 κατά
1229 3096 1322 3150 τὸν
1347 3098 1490 3151 θεῖον
1520 3097 1677 3166 λόγον
1712 3096 1773 3153 τὺ

179 3182 506 3255 πολύσημον
540 3184 643 3255 τῆς
675 3186 893 3256 φωνῆς·
936 3189 970 3258 ή
1021 3188 1118 3257 μέν
1147 3188 1256 3259 γάρ
1285 3206 1371 3252 τις
1400 3188 1477 3253 ώς
1537 3189 1772 3262 μεταϐά-

179 3288 345 3339 σεως,
379 3274 525 3346 αὕτη
557 3274 617 3329 δέ
648 3277 797 3331 ἐστιν
831 3280 865 3349 ἡ
910 3278 986 3341 ὡς
1021 3278 1142 3333 ὁδοῦ
1197 3282 1293 3335 καὶ
1348 3284 1593 3356 μήκους,
1637 3287 1773 3357 ὅπερ

177 3362 442 3435 δηλοῦται
474 3367 540 3420 ἐκ
562 3366 659 3420 τοῦ
680 3383 694 3398 ⁸
733 3368 907 3438 Ἀρχὴ
934 3369 1078 3425 ὀδοῦ
1103 3372 1333 3442 ἀγαθῆς
1357 3375 1426 3429 τὸ
1462 3376 1654 3430 ποιεῖν
1701 3378 1777 3432 τὰ

179 3455 406 3512 δίκαια.
422 3459 538 3531 Τῆς
568 3459 681 3533 γάρ
706 3460 915 3533 ἀγαθῆς
942 3462 1061 3517 όδοῢ
1093 3466 1357 3539 μεγίστης
1377 3470 1770 3543 τυγχανούσης,

182 3549 331 3603 κατά
358 3551 462 3621 μὲν
491 3552 564 3605 τὰ
588 3553 781 3626 πρῶτα
802 3555 1016 3623 νοητέον
1038 3552 1175 3612 εἶναι
1209 3560 1321 3631 (67)
1357 3561 1418 3613 τὸ
1450 3562 1770 3632 πρακτικὸν,

181 3640 323 3713 ὅπερ
358 3643 805 3715 παρίσταταιδιά
827 3646 944 3711 τοῦ,
975 3651 1169 3704 ποιεῖν
1228 3652 1301 3705 τὰ
1355 3651 1586 3709 δίκαια·
1632 3653 1775 3707 κατά

179 3733 237 3788 δέ
267 3734 347 3789 τὰ
392 3736 524 3807 ἑξῆς
556 3737 616 3790 es
647 3737 1008 3810 θεωρητικὸν,
1045 3744 1124 3806 είς
1181 3744 1210 3797 ὃ
1252 3745 1579 3817 καταλήγειν
1622 3743 1772 3819 οῐμαι

181 3825 279 3880 καὶ
307 3825 372 3879 τὸ
405 3826 565 3890 τέλος
596 3828 767 3899 αὐτῆς
798 3832 858 3882 ὲν
887 3832 954 3901 τῇ
986 3829 1255 3907 λεγομένῃ
1308 3834 1769 3906 ἀποκαταστάσει,

178 3914 270 3970 διὰ
306 3918 372 3970 τὸ
400 3917 610 3990 μηδένα
641 3919 1066 3975 καταλείπεσθαι
1090 3924 1213 3977 τότε
1253 3925 1468 3998 ἐχθρὸν,
1501 3925 1630 3995 εἴγε
1649 3929 1774 4002 ἀλη-

183 4006 275 4073 θὲς
313 4009 378 4062 τό
397 4027 415 4043 -
459 4008 563 4063 Δεῖ
592 4009 704 4079 γὰρ
747 4013 938 4066 αὑτὸν
990 4014 1352 4080 ,βασιλεύειν
1401 4017 1512 4084 ἕως
1568 4017 1645 4073 ἂν
1695 4020 1772 4091 θῇ

180 4100 332 4167 τοὺς
353 4100 612 4171 ἐχθροὺς
636 4103 824 4159 αὐτοῦ
854 4103 975 4159 ὑπὸ
990 4106 1131 4173 τοὺς
1154 4107 1344 4174 πόδας
1369 4109 1773 4181 αὐτοῦ,ἕσχα-

178 4210 291 4261 τος
315 4194 385 4247 δὲ
397 4193 616 4264 ἐχθρός
644 4196 1013 4264 καταργεῖται
1039 4201 1074 4252 ὁ
1102 4197 1518 4267 θάνατος.Τότε
1536 4204 1769 4279 γάρ(68)

185 4284 292 4354 μία
318 4283 525 4354 πρᾶξις
552 4283 706 4338 ἔσται
731 4282 841 4337 τῶν
870 4284 1005 4355 πρὸς
1026 4284 1159 4338 Θεὸν
1180 4284 1268 4339 διὰ
1293 4286 1384 4340 τὸν
1430 4289 1566 4360 πρὸς
1608 4290 1772 4343 αὐτὸν

183 4375 362 4443 Λόγον
397 4373 740 4444 φθασάντων,
777 4376 811 4446 ἡ
858 4371 951 4429 ⁸ἑοῦ
1015 4379 1296 4431 κατανοεῖν
1341 4378 1433 4431 τὸν
1463 4378 1594 4434 Θεόν
1613 4398 1626 4411 ·
1684 4381 1770 4436 ἵνα

182 4462 457 4529 γένωνται
484 4462 648 4529 οὕτω,
681 4466 742 4518 ἐν
783 4466 850 4535 τῇ
906 4464 1104 4534 γνώσει
1136 4466 1231 4520 τοῦ
1290 4468 1503 4541 Πατρὸς
1553 4488 1771 4543 μορφω-

1878 1892 2101 1955 εαιουιο,
2133 1906 2320 1945 verum
2352 1891 2519 1945 etiam
2554 1890 2608 1944 in
2649 1888 2865 1955 futuro,
2893 1896 3006 1942 tum
3042 1888 3207 1942 etiam
3241 1885 3310 1941 ab
3336 1886 3452 1955 ipso

1875 1983 2135 2051 Christo,
2185 1984 2287 2040 hoc
2318 1983 2520 2038 inloco
2566 1983 2818 2038 ﬁniemus
2861 1996 2982 2053 qum
3016 1981 3285 2034 narranda
3330 1992 3452 2033 esse

1877 2075 2115 2133 diximus
2155 2084 2284 2132 ante
2319 2076 2829 2147 interpretationem
2873 2088 3064 2130 eorum
3100 2088 3222 2143 qua:
3263 2069 3452 2141 praele-

1876 2177 2076 2239 guntur
2130 2169 2216 2224 his
2269 2169 2508 2237 scriptis.
2548 2166 2667 2224 1am
2702 2182 2835 2222 vero
2882 2167 3052 2222 Deum
3101 2178 3342 2228 oremus,
3393 2171 3451 2218 ut

1880 2259 2038 2314 nobis
2071 2260 2143 2315 sit
2170 2260 2485 2330 adiumento
2513 2274 2611 2330 per
2635 2258 2910 2316 Christum
2942 2258 2996 2313 in
3029 2265 3223 2312 sancto
3244 2254 3451 2324 Spiritu

1879 2355 1945 2409 ad
1970 2353 2349 2424 explicandum
2378 2354 2666 2426 mysticum
2696 2368 2917 2410 sensum
2939 2353 2994 2407 in
3014 2352 3212 2417 verbis,
3230 2348 3452 2421 perinde

1880 2462 1942 2501 ac
1971 2448 2284 2502 thesaurum
2318 2447 2678 2503 reconditum.

1949 2635 2037 2689 16.
2088 2633 2157 2689 1η
2185 2629 2443 2699 principio
2474 2636 2588 2681 erat
2645 2625 2873 2682 Verbum
2908 2630 2974 2685 ⁸¹.
3036 2631 3189 2689 Hanc
3237 2649 3450 2704 vocem,

1876 2726 2149 2797 principii,
2182 2723 2351 2779 multa
2401 2721 2742 2792 signiﬁcare,
2792 2737 2899 2776 non
2951 2733 3162 2781 tantum
3223 2729 3452 2798 gentiles

1876 2820 2140 2884 fatentur,
2167 2817 2262 2872 sed
2296 2817 2460 2870 etiam
2493 2814 2537 2868 si
2569 2814 2697 2884 quis
2724 2814 3019 2871 observare
3045 2827 3210 2888 atque
3252 2820 3451 2876 intelli-

1876 2926 2005 2983 gere
2018 2909 2270 2974 voluerit,
2298 2907 2534 2977 undique
2553 2905 2816 2975 colligens
2848 2908 2948 2962 hoc
2976 2924 3197 2976 nomen,
3220 2919 3274 2965 et
3296 2927 3451 2968 accu-

1877 3012 1993 3060 rate
2018 3002 2333 3072 exquirens,
2360 3013 2467 3069 qua
2507 2999 2574 3054 de
2602 3013 2659 3053 re
2690 3001 2742 3053 in
2775 3000 3006 3068 singulis
3042 2999 3448 3071 Scripturarum

1876 3097 2012 3152 locis
2035 3095 2266 3166 positum
2295 3091 2390 3156 sit,
2432 3090 2672 3145 inveniet
2716 3090 3068 3161 multiplicem
3107 3094 3258 3150 vocis
3292 3095 3452 3162 hujus

1876 3187 2326 3261 signiﬁcationem
2369 3185 2423 3239 in
2480 3182 2680 3239 divinis
2735 3184 3084 3241 sermonibus
3151 3201 3293 3243 esse.
3353 3187 3451 3244 Est

1876 3293 2113 3350 namque
2157 3279 2479 3348 principium
2512 3276 2660 3331 aliud
2688 3277 2959 3333 transitus
2992 3279 3137 3349 quod
3190 3282 3257 3334 ad
3304 3282 3445 3336 viam

1876 3374 2113 3444 pertinet
2149 3380 2205 3427 et
2229 3370 2624 3442 longitudinem
2654 3409 2671 3432 ,
2700 3377 2759 3425 ut
2783 3369 2900 3425 huic
2928 3371 3088 3425 verba
3120 3372 3400 3429 declarant
3431 3393 3445 3428 :

1883 3464 1994 3521 Vite
2020 3466 2167 3521 bona
2197 3467 2516 3535 principium
2548 3476 2623 3521 est
2649 3466 2824 3536 facere
2840 3464 2992 3535 justo
3035 3466 3103 3521 ⁸³.
3135 3465 3270 3522 Cum
3300 3469 3446 3523 enim

1873 3558 2013 3612 bona
2053 3559 2139 3612 via
2175 3557 2249 3613 sit
2292 3558 2640 3628 longissima,
2688 3557 2757 3613 ad
2790 3572 2911 3612 eam
2953 3559 3007 3612 in
3047 3558 3236 3628 primis
3275 3559 3447 3630 perti-

1874 3660 2004 3703 nere
2032 3660 2151 3701 eam
2173 3646 2530 3720 philosophiae
2553 3656 2763 3716 partem
2794 3649 3132 3701 censendum
3176 3656 3292 3713 est,
3327 3662 3446 3716 quae

1874 3740 1928 3794 in
1959 3753 2136 3793 rerum
2183 3738 2400 3794 actione
2431 3746 2715 3805 versatur;
2738 3739 2883 3807 quod
2914 3737 3228 3792 ostenditur
3247 3754 3311 3794 ex
3341 3738 3449 3794 ἰιΙιε

1873 3830 2076 3898 verbis,
2102 3829 2277 3900 facere
2291 3829 2476 3899 iusta,
2509 3844 2632 3885 cum
2664 3833 2809 3899 quod
2855 3828 3122 3899 reliquum
3175 3839 3260 3885 est
3321 3831 3442 3896 viae,

1873 3923 1925 3978 id
1957 3932 2128 3978 totum
2165 3923 2234 3977 ad
2265 3937 2385 3978 eam
2414 3922 2520 3977 vim
2548 3930 2758 3992 spectet
2783 3936 2905 3993 qua:
2937 3922 3038 3977 sita
3066 3932 3150 3977 est
3174 3922 3229 3977 in
3263 3938 3444 3977 rerum

1872 4016 2372 4086 contemplatione,
2413 4016 2467 4070 in
2518 4030 2682 4085 quam
2725 4015 2887 4071 etiam
2919 4014 3089 4084 ipsius
3115 4015 3276 4071 tinem
3304 4015 3445 4071 desi-

1875 4118 2053 4163 turum
2108 4108 2324 4179 opinor,
2391 4107 2552 4163 simul
2607 4117 2769 4177 atque
2829 4108 3111 4163 advenerit
3166 4109 3445 4164 restitutio

1871 4217 2033 4272 quam
2073 4210 2274 4257 vocant
2302 4220 2317 4258 :
2360 4217 2425 4258 eo
2453 4201 2595 4272 quod
2623 4210 2735 4256 tum
2765 4201 3022 4270 temporis
3056 4217 3125 4257 ne
3159 4217 3299 4256 unus
3324 4201 3444 4271 qui-

1871 4295 1990 4349 dem
2022 4294 2407 4364 relinquendus
2456 4295 2526 4348 sit
2573 4293 2842 4359 inimicus,
2894 4293 2940 4349 si
2980 4292 3195 4362 quidem
3254 4307 3441 4347 verum

1870 4395 1957 4442 est
2014 4385 2145 4441 illud
2220 4403 2235 4441 :
2307 4385 2524 4455 Oportet
2591 4385 2728 4439 enim
2792 4400 2909 4438 eum
2971 4400 3220 4455 regnare,
3281 4385 3446 4439 donec

1868 4478 2100 4547 posuerit
2128 4493 2308 4533 omnes
2343 4477 2588 4533 inimicos
2619 4476 2716 4530 sub
2745 4475 2900 4546 pedes
2933 4491 3079 4542 suos,
3130 4485 3183 4530 et
3217 4478 3441 4531 novissi-

182 4554 596 4652 θέντεςπάντες
625 4557 869 4630 ἀκριϐῶς
885 4557 1032 4624 Υἱὸς,
1063 4560 1139 4624 ὡς
1194 4559 1290 4614 νῦν
1345 4562 1505 4633 μόνος
1562 4564 1592 4615 ό
1641 4562 1764 4628 Υίὸς

1879 4587 1985 4625 mus
2014 4571 2177 4626 hostis
2208 4570 2482 4625 abolentur
2495 4586 2636 4624 mors
2661 4569 2729 4624 ⁸³.
2766 4568 2903 4623 Τιιιη
2921 4571 3064 4624 enim
3083 4569 3440 4640 cognoscendi

182 4646 400 4716 ἔγνωκε
418 4648 513 4703 τὸν
542 4650 785 4722 Πατέρα.
813 4650 876 4703 Εἰ
924 4651 1033 4723 γάρ
1071 4652 1345 4724 ἐπιμελῶς
1395 4672 1480 4719 τις
1524 4655 1764 4722 ἐξετάζοι

1879 4658 2042 4714 Deum
2087 4674 2193 4714 una
2220 4659 2328 4714 erit
2356 4661 2502 4715 actio
2533 4674 2725 4716 eorum
2759 4658 2851 4729 qui
2884 4659 2952 4715 ad
2979 4659 3146 4714 Deum
3180 4674 3442 4730 pervene-

187 4737 319 4791 ¹ιυόίιτε
347 4737 669 4807 γνώσονται,
701 4736 786 4805 οἷς
806 4742 1178 4798 ἀποκαλύπτει
1198 4747 1227 4799 ό
1252 4746 1507 4815 ἐγνωκὼς
1548 4749 1639 4804 τὸν
1656 4750 1771 4804 Πα-

185 4828 343 4901 τέρα,
377 4831 475 4883 καὶ
508 4829 695 4901 βλέπει
733 4832 795 4886 τὸ
827 4832 921 4888 νῦν
964 4834 1031 4889 δι’
1058 4836 1324 4910 ἐσόπτρου
1379 4840 1474 4894 καὶ
1522 4843 1581 4895 ἐν
1627 4843 1768 4897 αἰνί-

185 4933 359 4989 γματι
392 4920 485 4975 τὸν
510 4921 779 4993 βλέποντα
802 4921 1043 4996 βλέπειν,
1080 4929 1293 4985 οὐδέπω
1342 4932 1618 5000 ἐγνωκότα
1663 4952 1767 4989 κα-

188 5007 293 5075 θὼς
318 5010 406 5065 δεῖ
423 5012 649 5082 γνῶναι,
673 5015 777 5069 οὐκ
794 5015 861 5071 ἂν
884 5019 1122 5091 ἁμάρτοι
1147 5020 1319 5090 λέγων
1360 5022 1563 5094 μηδένα
1596 5027 1766 5095 ἐγνωα

187 5102 367 5169 κέναι,
400 5104 507 5159 κᾶν
542 5106 862 5174 ἀπόστολος,
894 5109 996 5164 κάν
1022 5112 1305 5184 προφήτης
1333 5130 1416 5178 τις
1445 5109 1502 5188 ᾖ,
1534 5115 1626 5168 τὸν
1648 5117 1763 5171 Πα-

1869 4750 2002 4816 rint,
2039 4750 2179 4808 duce
2210 4766 2278 4806 eo
2308 4749 2489 4808 Verbo
2533 4753 2678 4822 quod
2720 4760 2804 4806 est
2841 4752 2983 4821 apud
3013 4751 3179 4806 Deum
3217 4769 3233 4806 :
3266 4760 3326 4807 ut
3361 4751 3441 4808 sic

1868 4842 1978 4898 sint
2010 4842 2062 4897 in
2109 4843 2417 4913 cognitione
2459 4841 2638 4899 Patris
2689 4842 2911 4899 formati
2955 4856 3149 4899 omnes
3189 4853 3442 4900 accurate

1866 4929 2059 5001 Filius,
2076 4922 2138 4993 ut
2163 4950 2309 4992 nunc
2352 4934 2502 4991 solus
2543 4935 2714 4992 Filius
2746 4936 2900 4991 novit
2928 4934 3168 4991 Patrem.
3218 4935 3355 4990 Nam
3391 4936 3436 4990 si

1869 5025 2156 5097 diligenter
2177 5027 2301 5098 quis
2329 5027 2627 5095 examinet,
2656 5027 2872 5100 quando
2900 5026 3115 5109 Patrem
3146 5037 3438 5097 agnoscent

1865 5118 1919 5173 hi
1945 5118 2143 5188 quibus
2177 5121 2384 5176 revelat
2425 5122 2521 5192 qui
2565 5121 2784 5177 Patrem
2813 5121 3001 5187 novit,
3035 5128 3092 5176 et
3126 5120 3436 5177 consideret

189 5193 459 5268 τέρα(69),
477 5195 593 5251 ἀλλ’
606 5198 738 5253 ὅταν
752 5200 1013 5268 γένωνται
1035 5203 1116 5267 ἓν,
1133 5206 1211 5270 ώς
1244 5205 1374 5269 Υἱὸς
1391 5208 1485 5260 καὶ
1497 5207 1685 5280 Πατὴρ
1703 5208 1763 5262 ἐν

1879 5209 2137 5267 ridentem
2168 5227 2311 5269 nunc
2335 5227 2437 5285 per
2462 5214 2740 5285 speculum
2761 5223 2817 5269 et
2837 5212 2891 5269 in
2910 5213 3222 5284 aenigmate,
3251 5212 3435 5268 videre

256 5286 301 5320 ³¹
330 5285 495 5343 Joan.
526 5304 568 5352 ι.
591 5289 645 5346 1.
719 5291 768 5323 ⁸¹
798 5291 960 5349 Prov.
983 5309 1100 5353 xvr.
1139 5297 1195 5352 5.
1270 5297 1362 5353 ⁸⁸1
1388 5297 1517 5354 Cor.
1544 5315 1637 5366 xv,
1673 5301 1860 5369 25,26.

258 5399 372 5471 (67)
403 5395 599 5458 Εἶναι.
632 5401 826 5457 Exstat
846 5402 899 5458 in
916 5405 1191 5464 codicibus
1212 5408 1510 5466 Barberino
1533 5420 1586 5465 et
1618 5411 1759 5466 Bod-

192 5469 385 5538 leiano,
415 5475 572 5524 deest
603 5487 734 5526 vero
765 5475 818 5526 in
848 5475 1091 5535 editione
1121 5477 1323 5536 Huetii.

260 5539 373 5619 (68)
411 5540 819 5619 Τόζερχθρρν,
837 5543 1210 5619 εζγεάδηθὲς
1240 5550 1309 5602 τό
1329 5565 1343 5579 ’
1375 5547 1476 5603 Δεῖ
1497 5550 1606 5619 γὰρ
1656 5553 1761 5605 αὐ-

191 5609 297 5689 τὸν(
316 5609 691 5689 ,ϐασιλεύειν
720 5612 833 5689 ἕως
866 5609 944 5689 ᾂὶν·
968 5614 1053 5689 pf;
1093 5609 1235 5684 τοῦς
1254 5688 1259 5689 ί
1277 5609 1527 5689 ἐχθροὺς⁵
1563 5609 1761 5676 αὑτοῦ

194 5680 304 5759 in!)
334 5680 689 5760 tabc‘a‘zddac
713 5681 925 5760 uiget},
959 5680 1538 5760 ἐσχατοέδέἓέθρὸξι
1559 5707 1765 5760 καταρ-

196 5749 376 5818 τεῖται
398 5753 432 5807 δ
458 5749 737 5809 θάνατον.
770 5752 907 5811 Τότε
1090 5749 1206 5814 διε
1235 5749 1447 5817 codices
1502 5749 1760 5819 Barberi-

1865 5427 1967 5486 nus
1984 5424 2042 5486 et
2070 5411 2398 5469 Bodleianus
2423 5412 2712 5469 restituunt
2738 5429 2859 5486 quae
2885 5414 3086 5470 desunt
3112 5413 3166 5466 in
3193 5410 3433 5466 editione

1864 5481 2065 5539 Huetii.

1935 5551 2053 5625 (69),
2096 5551 2223 5608 Κᾶν
2267 5553 2577 5625 προφήτης
2633 5572 2725 5621 τις
2775 5549 2840 5625 ᾖ,
2878 5553 2984 5609 τὸν
3016 5549 3435 5625 Πατέρα-εἰσ

1867 5619 2207 5678 τεοιοίιοϋθι
2235 5619 2409 5679 codex
2438 5619 2762 5680 Bodleianus
2781 5619 2808 5689 ξ’
2825 5634 2882 5680 et
2910 5626 2984 5679 ita
3016 5623 3266 5691 legerunt
3296 5619 3428 5675 Fer-

1868 5693 2045 5747 rarius
2064 5702 2119 5748 et
2150 5692 2463 5760 Perionius;
2497 5695 2635 5748 male
2668 5686 2848 5747 autem
2888 5695 2942 5748 in
2973 5686 3127 5746 codd.
3175 5686 3346 5760 Regio
3375 5699 3429 5745 et

1869 5759 2160 5821 Barberino
2186 5763 2398 5834 legitur,
2435 5758 2537 5819 κᾶν
2568 5764 2875 5835 προφήτης,
2903 5762 2945 5835 ἦ
2963 5761 3059 5819 τὸν
3093 5758 3332 5832 Πατέρα.

3435 2542 3540 2568 ιε’
