  <div class='ocr_page' id='page_1' title='image "/cluster/home/n/w/nwhite01/storage/ocr_20150623/14/mdp.39015052831362/033.png"; bbox 0 0 3792 6146; ppageno 0'>
   <div class='ocr_carea' id='block_1_1' title="bbox 278 328 2158 389">
    <p class='ocr_par' dir='ltr' id='par_1_1' title="bbox 278 328 2158 389">
     <span class='ocr_line' id='line_1_1' title="bbox 278 328 2158 389; baseline 0.001 -4"><span class='ocrx_word' id='word_1_1' title='bbox 278 352 289 361; x_wconf 71' lang='grc' dir='ltr'><strong><em>ο</em></strong></span> <span class='ocrx_word' id='word_1_2' title='bbox 355 328 417 385; x_wconf 81' lang='lat'><strong>5|</strong></span> <span class='ocrx_word' id='word_1_3' title='bbox 1836 330 2158 389; x_wconf 75' lang='lat' dir='ltr'><strong>OBIGENIS</strong></span> 
     </span>
    </p>
   </div>
   <div class='ocr_carea' id='block_1_2' title="bbox 3548 326 3624 379">
    <p class='ocr_par' dir='ltr' id='par_1_2' title="bbox 3548 326 3624 379">
     <span class='ocr_line' id='line_1_2' title="bbox 3548 326 3624 379; baseline 0 0"><span class='ocrx_word' id='word_1_4' title='bbox 3548 326 3624 379; x_wconf 72' lang='lat'><strong>52</strong></span> 
     </span>
    </p>
   </div>
   <div class='ocr_carea' id='block_1_3' title="bbox 355 442 1934 522">
    <p class='ocr_par' dir='ltr' id='par_1_3' title="bbox 355 446 1921 522">
     <span class='ocr_line' id='line_1_3' title="bbox 355 446 1921 522; baseline 0.003 -21"><span class='ocrx_word' id='word_1_5' title='bbox 355 446 595 501; x_wconf 63' lang='lat' dir='ltr'><strong>stolidum</strong></span> <span class='ocrx_word' id='word_1_6' title='bbox 646 458 1095 518; x_wconf 71' lang='lat' dir='ltr'><strong>cognoscentem,</strong></span> <span class='ocrx_word' id='word_1_7' title='bbox 1142 450 1598 519; x_wconf 88' lang='lat' dir='ltr'><strong>quemadmodum</strong></span> <span class='ocrx_word' id='word_1_8' title='bbox 1645 465 1782 522; x_wconf 81' lang='lat' dir='ltr'><strong>opus</strong></span> <span class='ocrx_word' id='word_1_9' title='bbox 1834 464 1921 507; x_wconf 88' lang='lat' dir='ltr'><strong>est</strong></span> 
     </span>
    </p>
   </div>
   <div class='ocr_carea' id='block_1_4' title="bbox 2083 442 3625 522">
    <p class='ocr_par' dir='ltr' id='par_1_4' title="bbox 2083 442 3625 515">
     <span class='ocr_line' id='line_1_4' title="bbox 2083 442 3625 515; baseline -0.006 -14"><span class='ocrx_word' id='word_1_10' title='bbox 2083 465 2176 501; x_wconf 74' lang='lat' dir='ltr'><strong>rw.</strong></span> <span class='ocrx_word' id='word_1_11' title='bbox 2198 449 2260 501; x_wconf 81' lang='lat' dir='ltr'><strong>Ei</strong></span> <span class='ocrx_word' id='word_1_12' title='bbox 2282 449 2378 500; x_wconf 80' lang='grc' dir='ltr'><strong>καὶ</strong></span> <span class='ocrx_word' id='word_1_13' title='bbox 2404 446 2544 512; x_wconf 83' lang='grc' dir='ltr'><strong>δόξει</strong></span> <span class='ocrx_word' id='word_1_14' title='bbox 2556 462 2642 509; x_wconf 87' lang='grc' dir='ltr'><strong>τις</strong></span> <span class='ocrx_word' id='word_1_15' title='bbox 2656 445 2803 515; x_wconf 73' lang='grc' dir='ltr'><strong>ἡμᾶς</strong></span> <span class='ocrx_word' id='word_1_16' title='bbox 2831 442 3310 515; x_wconf 65' lang='grc' dir='ltr'><strong>παραϐεϐηκέναι</strong></span> <span class='ocrx_word' id='word_1_17' title='bbox 3330 442 3393 494; x_wconf 85' lang='grc' dir='ltr'><strong>ἒν</strong></span> <span class='ocrx_word' id='word_1_18' title='bbox 3410 457 3625 513; x_wconf 83' lang='grc' dir='ltr'><strong>σημαι-</strong></span> 
     </span>
    </p>
   </div>
   <div class='ocr_carea' id='block_1_5' title="bbox 356 537 1925 605">
    <p class='ocr_par' dir='ltr' id='par_1_5' title="bbox 356 537 1925 605">
     <span class='ocr_line' id='line_1_5' title="bbox 356 537 1925 605; baseline 0.004 -15"><span class='ocrx_word' id='word_1_19' title='bbox 356 552 544 603; x_wconf 85' lang='lat' dir='ltr'><strong>nosse,</strong></span> <span class='ocrx_word' id='word_1_20' title='bbox 582 537 727 593; x_wconf 81' lang='lat' dir='ltr'><strong>haud</strong></span> <span class='ocrx_word' id='word_1_21' title='bbox 752 540 1057 605; x_wconf 86' lang='lat' dir='ltr'><strong>aberrabit,</strong></span> <span class='ocrx_word' id='word_1_22' title='bbox 1092 541 1142 596; x_wconf 97' lang='lat' dir='ltr'><strong>si</strong></span> <span class='ocrx_word' id='word_1_23' title='bbox 1175 541 1379 596; x_wconf 75' lang='lat' dir='ltr'><strong>dixerit</strong></span> <span class='ocrx_word' id='word_1_24' title='bbox 1401 542 1670 596; x_wconf 86' lang='lat' dir='ltr'><strong>neminem</strong></span> <span class='ocrx_word' id='word_1_25' title='bbox 1710 543 1925 597; x_wconf 85' lang='lat' dir='ltr'><strong>novisse</strong></span> 
     </span>
    </p>
   </div>
   <div class='ocr_carea' id='block_1_6' title="bbox 356 624 1927 702">
    <p class='ocr_par' dir='ltr' id='par_1_6' title="bbox 356 624 1927 702">
     <span class='ocr_line' id='line_1_6' title="bbox 356 624 1927 702; baseline 0.004 -22"><span class='ocrx_word' id='word_1_26' title='bbox 356 624 601 696; x_wconf 77' lang='lat' dir='ltr'><strong>Patrem,</strong></span> <span class='ocrx_word' id='word_1_27' title='bbox 642 629 856 684; x_wconf 89' lang='lat' dir='ltr'><strong>etiamsi</strong></span> <span class='ocrx_word' id='word_1_28' title='bbox 892 631 1192 700; x_wconf 86' lang='lat' dir='ltr'><strong>apostolus,</strong></span> <span class='ocrx_word' id='word_1_29' title='bbox 1249 632 1462 687; x_wconf 89' lang='lat' dir='ltr'><strong>etiamsi</strong></span> <span class='ocrx_word' id='word_1_30' title='bbox 1509 634 1774 702; x_wconf 82' lang='lat' dir='ltr'><strong>propheta</strong></span> <span class='ocrx_word' id='word_1_31' title='bbox 1799 634 1927 701; x_wconf 89' lang='lat' dir='ltr'><strong>quis</strong></span> 
     </span>
    </p>
   </div>
   <div class='ocr_carea' id='block_1_7' title="bbox 354 718 1924 795">
    <p class='ocr_par' dir='ltr' id='par_1_7' title="bbox 354 718 1924 795">
     <span class='ocr_line' id='line_1_7' title="bbox 354 718 1924 795; baseline 0.004 -23"><span class='ocrx_word' id='word_1_32' title='bbox 354 718 539 782; x_wconf 76' lang='lat' dir='ltr'><strong>fuerit,</strong></span> <span class='ocrx_word' id='word_1_33' title='bbox 567 722 667 776; x_wconf 87' lang='lat' dir='ltr'><strong>sed</strong></span> <span class='ocrx_word' id='word_1_34' title='bbox 689 729 802 776; x_wconf 89' lang='lat' dir='ltr'><strong>tum</strong></span> <span class='ocrx_word' id='word_1_35' title='bbox 832 719 1075 794; x_wconf 86' lang='lat' dir='ltr'><strong>[Patrem</strong></span> <span class='ocrx_word' id='word_1_36' title='bbox 1108 725 1178 778; x_wconf 91' lang='lat' dir='ltr'><strong>ab</strong></span> <span class='ocrx_word' id='word_1_37' title='bbox 1204 724 1290 779; x_wconf 89' lang='lat' dir='ltr'><strong>bis</strong></span> <span class='ocrx_word' id='word_1_38' title='bbox 1316 726 1753 791; x_wconf 83' lang='lat' dir='ltr'><strong>cognoscendum</strong></span> <span class='ocrx_word' id='word_1_39' title='bbox 1777 722 1924 795; x_wconf 86' lang='lat' dir='ltr'><strong>esse]</strong></span> 
     </span>
    </p>
   </div>
   <div class='ocr_carea' id='block_1_8' title="bbox 353 813 1923 880">
    <p class='ocr_par' dir='ltr' id='par_1_8' title="bbox 353 813 1923 880">
     <span class='ocr_line' id='line_1_8' title="bbox 353 813 1923 880; baseline 0.002 -14"><span class='ocrx_word' id='word_1_40' title='bbox 353 826 480 866; x_wconf 87' lang='lat' dir='ltr'><strong>cum</strong></span> <span class='ocrx_word' id='word_1_41' title='bbox 511 826 679 867; x_wconf 88' lang='lat' dir='ltr'><strong>unum</strong></span> <span class='ocrx_word' id='word_1_42' title='bbox 708 826 889 880; x_wconf 89' lang='lat' dir='ltr'><strong>erunt,</strong></span> <span class='ocrx_word' id='word_1_43' title='bbox 917 814 1057 869; x_wconf 87' lang='lat' dir='ltr'><strong>sicut</strong></span> <span class='ocrx_word' id='word_1_44' title='bbox 1104 813 1275 870; x_wconf 81' lang='lat' dir='ltr'><strong>Filius</strong></span> <span class='ocrx_word' id='word_1_45' title='bbox 1301 826 1357 869; x_wconf 90' lang='lat' dir='ltr'><strong>et</strong></span> <span class='ocrx_word' id='word_1_46' title='bbox 1389 815 1552 871; x_wconf 85' lang='lat' dir='ltr'><strong>Pater</strong></span> <span class='ocrx_word' id='word_1_47' title='bbox 1582 831 1750 869; x_wconf 89' lang='lat' dir='ltr'><strong>unum</strong></span> <span class='ocrx_word' id='word_1_48' title='bbox 1775 826 1923 871; x_wconf 87' lang='lat' dir='ltr'><strong>sunt.</strong></span> 
     </span>
    </p>
   </div>
   <div class='ocr_carea' id='block_1_9' title="bbox 355 903 1922 976">
    <p class='ocr_par' dir='ltr' id='par_1_9' title="bbox 355 903 1922 976">
     <span class='ocr_line' id='line_1_9' title="bbox 355 903 1922 976; baseline 0.003 -21"><span class='ocrx_word' id='word_1_49' title='bbox 355 903 511 968; x_wconf 77' lang='lat' dir='ltr'><strong>Quod</strong></span> <span class='ocrx_word' id='word_1_50' title='bbox 535 903 582 957; x_wconf 85' lang='lat' dir='ltr'><strong>si</strong></span> <span class='ocrx_word' id='word_1_51' title='bbox 606 904 732 973; x_wconf 92' lang='lat' dir='ltr'><strong>quis</strong></span> <span class='ocrx_word' id='word_1_52' title='bbox 756 913 911 973; x_wconf 89' lang='lat' dir='ltr'><strong>putet</strong></span> <span class='ocrx_word' id='word_1_53' title='bbox 935 919 1036 960; x_wconf 89' lang='lat' dir='ltr'><strong>nos</strong></span> <span class='ocrx_word' id='word_1_54' title='bbox 1071 920 1102 959; x_wconf 89' lang='lat' dir='ltr'><strong>a</strong></span> <span class='ocrx_word' id='word_1_55' title='bbox 1146 921 1209 961; x_wconf 89' lang='lat' dir='ltr'><strong>re</strong></span> <span class='ocrx_word' id='word_1_56' title='bbox 1247 906 1526 976; x_wconf 83' lang='lat' dir='ltr'><strong>digressos</strong></span> <span class='ocrx_word' id='word_1_57' title='bbox 1558 904 1725 960; x_wconf 80' lang='lat' dir='ltr'><strong>fuisse</strong></span> <span class='ocrx_word' id='word_1_58' title='bbox 1746 943 1765 970; x_wconf 86' lang='lat'><strong>,</strong></span> <span class='ocrx_word' id='word_1_59' title='bbox 1792 905 1922 973; x_wconf 92' lang='lat' dir='ltr'><strong>quia</strong></span> 
     </span>
    </p>
   </div>
   <div class='ocr_carea' id='block_1_10' title="bbox 356 993 1923 1067">
    <p class='ocr_par' dir='ltr' id='par_1_10' title="bbox 356 993 1923 1067">
     <span class='ocr_line' id='line_1_10' title="bbox 356 993 1923 1067; baseline 0.002 -18"><span class='ocrx_word' id='word_1_60' title='bbox 356 993 476 1049; x_wconf 64' lang='lat' dir='ltr'><strong>hac</strong></span> <span class='ocrx_word' id='word_1_61' title='bbox 508 993 871 1049; x_wconf 74' lang='lat' dir='ltr'><strong>disseruimus</strong></span> <span class='ocrx_word' id='word_1_62' title='bbox 897 1035 914 1061; x_wconf 97' lang='lat'><strong>,</strong></span> <span class='ocrx_word' id='word_1_63' title='bbox 955 1010 1120 1048; x_wconf 89' lang='lat' dir='ltr'><strong>unam</strong></span> <span class='ocrx_word' id='word_1_64' title='bbox 1169 995 1418 1065; x_wconf 85' lang='lat' dir='ltr'><strong>principii</strong></span> <span class='ocrx_word' id='word_1_65' title='bbox 1467 995 1923 1067; x_wconf 82' lang='lat' dir='ltr'><strong>signiﬁcationem</strong></span> 
     </span>
    </p>
   </div>
   <div class='ocr_carea' id='block_1_11' title="bbox 355 1087 1924 1159">
    <p class='ocr_par' dir='ltr' id='par_1_11' title="bbox 355 1087 1924 1159">
     <span class='ocr_line' id='line_1_11' title="bbox 355 1087 1924 1159; baseline 0.001 -18"><span class='ocrx_word' id='word_1_66' title='bbox 355 1087 742 1157; x_wconf 74' lang='lat' dir='ltr'><strong>explanantu,</strong></span> <span class='ocrx_word' id='word_1_67' title='bbox 797 1088 934 1143; x_wconf 88' lang='lat' dir='ltr'><strong>sciat</strong></span> <span class='ocrx_word' id='word_1_68' title='bbox 977 1088 1068 1142; x_wconf 84' lang='lat' dir='ltr'><strong>hic</strong></span> <span class='ocrx_word' id='word_1_69' title='bbox 1092 1087 1232 1142; x_wconf 81' lang='lat' dir='ltr'><strong>hanc</strong></span> <span class='ocrx_word' id='word_1_70' title='bbox 1261 1088 1652 1159; x_wconf 75' lang='lat' dir='ltr'><strong>digressionem</strong></span> <span class='ocrx_word' id='word_1_71' title='bbox 1691 1088 1760 1142; x_wconf 91' lang='lat' dir='ltr'><strong>ad</strong></span> <span class='ocrx_word' id='word_1_72' title='bbox 1809 1103 1924 1143; x_wconf 89' lang='lat' dir='ltr'><strong>rem</strong></span> 
     </span>
    </p>
   </div>
   <div class='ocr_carea' id='block_1_12' title="bbox 356 1178 1921 1250">
    <p class='ocr_par' dir='ltr' id='par_1_12' title="bbox 356 1178 1921 1250">
     <span class='ocr_line' id='line_1_12' title="bbox 356 1178 1921 1250; baseline 0.001 -17"><span class='ocrx_word' id='word_1_73' title='bbox 356 1181 429 1234; x_wconf 90' lang='lat' dir='ltr'><strong>de</strong></span> <span class='ocrx_word' id='word_1_74' title='bbox 475 1195 585 1249; x_wconf 85' lang='lat' dir='ltr'><strong>qua</strong></span> <span class='ocrx_word' id='word_1_75' title='bbox 618 1180 799 1250; x_wconf 87' lang='lat' dir='ltr'><strong>agitur</strong></span> <span class='ocrx_word' id='word_1_76' title='bbox 846 1189 904 1234; x_wconf 90' lang='lat' dir='ltr'><strong>et</strong></span> <span class='ocrx_word' id='word_1_77' title='bbox 963 1179 1152 1234; x_wconf 88' lang='lat' dir='ltr'><strong>utilem</strong></span> <span class='ocrx_word' id='word_1_78' title='bbox 1199 1187 1256 1233; x_wconf 93' lang='lat' dir='ltr'><strong>et</strong></span> <span class='ocrx_word' id='word_1_79' title='bbox 1311 1180 1681 1234; x_wconf 82' lang='lat' dir='ltr'><strong>necessariam</strong></span> <span class='ocrx_word' id='word_1_80' title='bbox 1726 1178 1921 1236; x_wconf 80' lang='lat' dir='ltr'><strong>fuisse.</strong></span> 
     </span>
    </p>
   </div>
   <div class='ocr_carea' id='block_1_13' title="bbox 2026 532 3622 609">
    <p class='ocr_par' dir='ltr' id='par_1_13' title="bbox 2026 532 3622 609">
     <span class='ocr_line' id='line_1_13' title="bbox 2026 532 3622 609; baseline -0.006 -15"><span class='ocrx_word' id='word_1_81' title='bbox 2026 540 2249 609; x_wconf 85' lang='grc' dir='ltr'><strong>νόμενον</strong></span> <span class='ocrx_word' id='word_1_82' title='bbox 2265 538 2367 607; x_wconf 80' lang='grc' dir='ltr'><strong>τῆς</strong></span> <span class='ocrx_word' id='word_1_83' title='bbox 2385 536 2563 607; x_wconf 82' lang='grc' dir='ltr'><strong>ἀρχῆς</strong></span> <span class='ocrx_word' id='word_1_84' title='bbox 2583 534 2977 605; x_wconf 74' lang='grc' dir='ltr'><strong>σαφηνίζοντας</strong></span> <span class='ocrx_word' id='word_1_85' title='bbox 2994 535 3091 586; x_wconf 70' lang='grc' dir='ltr'><strong>καὶ</strong></span> <span class='ocrx_word' id='word_1_86' title='bbox 3106 532 3280 586; x_wconf 76' lang='grc' dir='ltr'><strong>ταῦτα</strong></span> <span class='ocrx_word' id='word_1_87' title='bbox 3292 532 3622 604; x_wconf 82' lang='grc' dir='ltr'><strong>εἰρηκότας,</strong></span> 
     </span>
    </p>
   </div>
   <div class='ocr_carea' id='block_1_14' title="bbox 2022 624 3627 699">
    <p class='ocr_par' dir='ltr' id='par_1_14' title="bbox 2022 624 3627 699">
     <span class='ocr_line' id='line_1_14' title="bbox 2022 624 3627 699; baseline -0.006 -15"><span class='ocrx_word' id='word_1_88' title='bbox 2022 630 2281 694; x_wconf 86' lang='grc' dir='ltr'><strong>δεικτέον,</strong></span> <span class='ocrx_word' id='word_1_89' title='bbox 2300 631 2385 683; x_wconf 85' lang='grc' dir='ltr'><strong>ὃτι</strong></span> <span class='ocrx_word' id='word_1_90' title='bbox 2432 631 2530 683; x_wconf 75' lang='grc' dir='ltr'><strong>καὶ</strong></span> <span class='ocrx_word' id='word_1_91' title='bbox 2560 627 2901 699; x_wconf 75' lang='grc' dir='ltr'><strong>παρέκϐασις</strong></span> <span class='ocrx_word' id='word_1_92' title='bbox 2932 626 3073 697; x_wconf 77' lang='grc' dir='ltr'><strong>πρὸς</strong></span> <span class='ocrx_word' id='word_1_93' title='bbox 3131 625 3197 678; x_wconf 81' lang='grc' dir='ltr'><strong>τὸ</strong></span> <span class='ocrx_word' id='word_1_94' title='bbox 3246 624 3627 696; x_wconf 84' lang='grc' dir='ltr'><strong>προκείμενον</strong></span> 
     </span>
    </p>
   </div>
   <div class='ocr_carea' id='block_1_15' title="bbox 2023 715 3623 792">
    <p class='ocr_par' dir='ltr' id='par_1_15' title="bbox 2023 715 3623 792">
     <span class='ocr_line' id='line_1_15' title="bbox 2023 715 3623 792; baseline -0.006 -16"><span class='ocrx_word' id='word_1_95' title='bbox 2023 722 2296 791; x_wconf 79' lang='grc' dir='ltr'><strong>ἀναγκαία</strong></span> <span class='ocrx_word' id='word_1_96' title='bbox 2322 724 2419 775; x_wconf 76' lang='grc' dir='ltr'><strong>καὶ</strong></span> <span class='ocrx_word' id='word_1_97' title='bbox 2440 722 2711 792; x_wconf 77' lang='grc' dir='ltr'><strong>χρήσιμος</strong></span> <span class='ocrx_word' id='word_1_98' title='bbox 2735 715 2807 789; x_wconf 76' lang='grc' dir='ltr'><strong>ἦν</strong></span> <span class='ocrx_word' id='word_1_99' title='bbox 2830 736 2847 749; x_wconf 78' lang='grc' dir='ltr'><strong>ο</strong></span> <span class='ocrx_word' id='word_1_100' title='bbox 2892 721 2943 771; x_wconf 82' lang='grc' dir='ltr'><strong>εί</strong></span> <span class='ocrx_word' id='word_1_101' title='bbox 2984 718 3096 790; x_wconf 82' lang='grc' dir='ltr'><strong>γὰρ</strong></span> <span class='ocrx_word' id='word_1_102' title='bbox 3125 717 3273 789; x_wconf 80' lang='grc' dir='ltr'><strong>ἀρχὴ</strong></span> <span class='ocrx_word' id='word_1_103' title='bbox 3321 718 3401 781; x_wconf 84' lang='grc' dir='ltr'><strong>ὡς</strong></span> <span class='ocrx_word' id='word_1_104' title='bbox 3435 731 3623 787; x_wconf 86' lang='grc' dir='ltr'><strong>μετα-</strong></span> 
     </span>
    </p>
   </div>
   <div class='ocr_carea' id='block_1_16' title="bbox 2024 809 3626 883">
    <p class='ocr_par' dir='ltr' id='par_1_16' title="bbox 2024 809 3626 883">
     <span class='ocr_line' id='line_1_16' title="bbox 2024 809 3626 883; baseline -0.004 -14"><span class='ocrx_word' id='word_1_105' title='bbox 2024 814 2235 879; x_wconf 77' lang='grc' dir='ltr'><strong>ϐάσεως</strong></span> <span class='ocrx_word' id='word_1_106' title='bbox 2263 816 2381 867; x_wconf 73' lang='grc' dir='ltr'><strong>ἐστι</strong></span> <span class='ocrx_word' id='word_1_107' title='bbox 2402 816 2497 867; x_wconf 75' lang='grc' dir='ltr'><strong>καὶ</strong></span> <span class='ocrx_word' id='word_1_108' title='bbox 2509 811 2632 865; x_wconf 72' lang='grc' dir='ltr'><strong>ὁδοῦ</strong></span> <span class='ocrx_word' id='word_1_109' title='bbox 2656 812 2753 864; x_wconf 75' lang='grc' dir='ltr'><strong>καὶ</strong></span> <span class='ocrx_word' id='word_1_110' title='bbox 2781 813 3013 882; x_wconf 79' lang='grc' dir='ltr'><strong>μήκους,</strong></span> <span class='ocrx_word' id='word_1_111' title='bbox 3034 812 3176 883; x_wconf 71' lang='grc' dir='ltr'><strong>ἀρχὴ</strong></span> <span class='ocrx_word' id='word_1_112' title='bbox 3198 811 3259 863; x_wconf 81' lang='grc' dir='ltr'><strong>δὲ</strong></span> <span class='ocrx_word' id='word_1_113' title='bbox 3301 809 3420 863; x_wconf 80' lang='grc' dir='ltr'><strong>ὁδοῦ</strong></span> <span class='ocrx_word' id='word_1_114' title='bbox 3468 812 3626 877; x_wconf 82' lang='grc' dir='ltr'><strong>ἁγα-</strong></span> 
     </span>
    </p>
   </div>
   <div class='ocr_carea' id='block_1_17' title="bbox 2025 900 3624 976">
    <p class='ocr_par' dir='ltr' id='par_1_17' title="bbox 2025 900 3624 976">
     <span class='ocr_line' id='line_1_17' title="bbox 2025 900 3624 976; baseline -0.003 -17"><span class='ocrx_word' id='word_1_115' title='bbox 2025 905 2126 976; x_wconf 81' lang='grc' dir='ltr'><strong>θῆς</strong></span> <span class='ocrx_word' id='word_1_116' title='bbox 2170 906 2232 959; x_wconf 77' lang='grc' dir='ltr'><strong>τὺ</strong></span> <span class='ocrx_word' id='word_1_117' title='bbox 2262 909 2435 959; x_wconf 84' lang='grc' dir='ltr'><strong>ποιεῖν</strong></span> <span class='ocrx_word' id='word_1_118' title='bbox 2462 904 2534 958; x_wconf 81' lang='grc' dir='ltr'><strong>τὰ</strong></span> <span class='ocrx_word' id='word_1_119' title='bbox 2557 905 2761 968; x_wconf 86' lang='grc' dir='ltr'><strong>δίκαια,</strong></span> <span class='ocrx_word' id='word_1_120' title='bbox 2788 903 2937 956; x_wconf 77' lang='grc' dir='ltr'><strong>ἐστιν</strong></span> <span class='ocrx_word' id='word_1_121' title='bbox 2980 902 3179 955; x_wconf 81' lang='grc' dir='ltr'><strong>εἰδέναι</strong></span> <span class='ocrx_word' id='word_1_122' title='bbox 3221 904 3257 971; x_wconf 78' lang='grc' dir='ltr'><strong>ἡ</strong></span> <span class='ocrx_word' id='word_1_123' title='bbox 3307 902 3455 956; x_wconf 77' lang='grc' dir='ltr'><strong>πᾶσα</strong></span> <span class='ocrx_word' id='word_1_124' title='bbox 3489 900 3624 963; x_wconf 79' lang='grc' dir='ltr'><strong>ὁδὸς</strong></span> 
     </span>
    </p>
   </div>
   <div class='ocr_carea' id='block_1_18' title="bbox 2024 991 3623 1069">
    <p class='ocr_par' dir='ltr' id='par_1_18' title="bbox 2024 991 3623 1069">
     <span class='ocr_line' id='line_1_18' title="bbox 2024 991 3623 1069; baseline -0.005 -16"><span class='ocrx_word' id='word_1_125' title='bbox 2024 998 2205 1069; x_wconf 81' lang='grc' dir='ltr'><strong>ἀγαθὴ</strong></span> <span class='ocrx_word' id='word_1_126' title='bbox 2234 999 2351 1062; x_wconf 84' lang='grc' dir='ltr'><strong>πῶς</strong></span> <span class='ocrx_word' id='word_1_127' title='bbox 2370 999 2544 1069; x_wconf 80' lang='grc' dir='ltr'><strong>ἀρχὴν</strong></span> <span class='ocrx_word' id='word_1_128' title='bbox 2578 997 2677 1066; x_wconf 84' lang='grc' dir='ltr'><strong>μὲν</strong></span> <span class='ocrx_word' id='word_1_129' title='bbox 2700 996 2815 1067; x_wconf 78' lang='grc' dir='ltr'><strong>ἔχει</strong></span> <span class='ocrx_word' id='word_1_130' title='bbox 2834 996 2898 1047; x_wconf 77' lang='grc' dir='ltr'><strong>τὸ</strong></span> <span class='ocrx_word' id='word_1_131' title='bbox 2924 996 3099 1047; x_wconf 81' lang='grc' dir='ltr'>ποιεῖν</span> <span class='ocrx_word' id='word_1_132' title='bbox 3132 992 3203 1047; x_wconf 77' lang='grc' dir='ltr'><strong>τὰ</strong></span> <span class='ocrx_word' id='word_1_133' title='bbox 3222 992 3432 1059; x_wconf 83' lang='grc' dir='ltr'><strong>δίκαια,</strong></span> <span class='ocrx_word' id='word_1_134' title='bbox 3467 991 3623 1063; x_wconf 73' lang='grc' dir='ltr'><strong>μετὰ</strong></span> 
     </span>
    </p>
   </div>
   <div class='ocr_carea' id='block_1_19' title="bbox 2014 1083 3625 1163">
    <p class='ocr_par' dir='ltr' id='par_1_19' title="bbox 2014 1083 3625 1163">
     <span class='ocr_line' id='line_1_19' title="bbox 2014 1083 3625 1163; baseline -0.005 -19"><span class='ocrx_word' id='word_1_135' title='bbox 2014 1091 2083 1144; x_wconf 73' lang='grc' dir='ltr'><strong>δὲ</strong></span> <span class='ocrx_word' id='word_1_136' title='bbox 2107 1091 2206 1163; x_wconf 82' lang='grc' dir='ltr'><strong>τὴν</strong></span> <span class='ocrx_word' id='word_1_137' title='bbox 2231 1090 2407 1163; x_wconf 78' lang='grc' dir='ltr'><strong>ἀρχὴν</strong></span> <span class='ocrx_word' id='word_1_138' title='bbox 2425 1090 2525 1162; x_wconf 77' lang='grc' dir='ltr'><strong>τὴν</strong></span> <span class='ocrx_word' id='word_1_139' title='bbox 2549 1088 2802 1161; x_wconf 81' lang='grc' dir='ltr'><strong>θεωρίαν,</strong></span> <span class='ocrx_word' id='word_1_140' title='bbox 2834 1088 2930 1141; x_wconf 76' lang='grc' dir='ltr'><strong>καὶ</strong></span> <span class='ocrx_word' id='word_1_141' title='bbox 2951 1087 3075 1141; x_wconf 83' lang='grc' dir='ltr'><strong>τίνα</strong></span> <span class='ocrx_word' id='word_1_142' title='bbox 3097 1087 3299 1158; x_wconf 83' lang='grc' dir='ltr'><strong>τρόπον</strong></span> <span class='ocrx_word' id='word_1_143' title='bbox 3336 1084 3438 1156; x_wconf 78' lang='grc' dir='ltr'><strong>τὴν</strong></span> <span class='ocrx_word' id='word_1_144' title='bbox 3472 1083 3625 1137; x_wconf 78' lang='grc' dir='ltr'><strong>θεω-</strong></span> 
     </span>
    </p>
   </div>
   <div class='ocr_carea' id='block_1_20' title="bbox 2029 1181 2173 1252">
    <p class='ocr_par' dir='ltr' id='par_1_20' title="bbox 2029 1181 2173 1252">
     <span class='ocr_line' id='line_1_20' title="bbox 2029 1181 2173 1252; baseline -0.007 -16"><span class='ocrx_word' id='word_1_145' title='bbox 2029 1181 2173 1252; x_wconf 80' lang='grc' dir='ltr'><strong>ρίαν.</strong></span> 
     </span>
    </p>
   </div>
   <div class='ocr_carea' id='block_1_21' title="bbox 361 1268 3622 1345">
    <p class='ocr_par' dir='ltr' id='par_1_21' title="bbox 361 1268 3622 1345">
     <span class='ocr_line' id='line_1_21' title="bbox 361 1268 3622 1345; baseline -0.001 -20"><span class='ocrx_word' id='word_1_146' title='bbox 361 1270 471 1341; x_wconf 73' lang='grc'><strong>18</strong></span> <span class='ocrx_word' id='word_1_147' title='bbox 507 1269 643 1327; x_wconf 78' lang='lat' dir='ltr'><strong>Nam</strong></span> <span class='ocrx_word' id='word_1_148' title='bbox 673 1273 721 1328; x_wconf 88' lang='lat' dir='ltr'><strong>si</strong></span> <span class='ocrx_word' id='word_1_149' title='bbox 751 1271 1077 1342; x_wconf 88' lang='lat' dir='ltr'><strong>principium</strong></span> <span class='ocrx_word' id='word_1_150' title='bbox 1104 1311 1121 1336; x_wconf 96' lang='lat'><strong>,</strong></span> <span class='ocrx_word' id='word_1_151' title='bbox 1160 1279 1222 1325; x_wconf 94' lang='lat' dir='ltr'><strong>ut</strong></span> <span class='ocrx_word' id='word_1_152' title='bbox 1270 1273 1542 1328; x_wconf 82' lang='lat' dir='ltr'><strong>transitus</strong></span> <span class='ocrx_word' id='word_1_153' title='bbox 1588 1282 1693 1337; x_wconf 86' lang='lat' dir='ltr'><strong>est,</strong></span> <span class='ocrx_word' id='word_1_154' title='bbox 1727 1284 1783 1327; x_wconf 90' lang='lat' dir='ltr'><strong>et</strong></span> <span class='ocrx_word' id='word_1_155' title='bbox 1828 1272 1931 1326; x_wconf 74' lang='lat' dir='ltr'><strong>via:</strong></span> <span class='ocrx_word' id='word_1_156' title='bbox 1960 1282 2016 1328; x_wconf 90' lang='lat' dir='ltr'><strong>et</strong></span> <span class='ocrx_word' id='word_1_157' title='bbox 2048 1273 2434 1345; x_wconf 75' lang='lat' dir='ltr'><strong>longitudinis;</strong></span> <span class='ocrx_word' id='word_1_158' title='bbox 2485 1272 2919 1343; x_wconf 83' lang='lat' dir='ltr'><strong>principiumque</strong></span> <span class='ocrx_word' id='word_1_159' title='bbox 2966 1270 3067 1325; x_wconf 80' lang='lat' dir='ltr'><strong>via:</strong></span> <span class='ocrx_word' id='word_1_160' title='bbox 3100 1270 3259 1325; x_wconf 63' lang='lat' dir='ltr'><strong>bona:</strong></span> <span class='ocrx_word' id='word_1_161' title='bbox 3291 1278 3383 1323; x_wconf 88' lang='lat' dir='ltr'><strong>est</strong></span> <span class='ocrx_word' id='word_1_162' title='bbox 3423 1268 3622 1323; x_wconf 78' lang='lat' dir='ltr'><strong>facere</strong></span> 
     </span>
    </p>
   </div>
   <div class='ocr_carea' id='block_1_22' title="bbox 354 1362 3621 1439">
    <p class='ocr_par' dir='ltr' id='par_1_22' title="bbox 354 1362 3621 1439">
     <span class='ocr_line' id='line_1_22' title="bbox 354 1362 3621 1439; baseline -0.001 -18"><span class='ocrx_word' id='word_1_163' title='bbox 354 1366 522 1435; x_wconf 77' lang='lat' dir='ltr'><strong>iusta,</strong></span> <span class='ocrx_word' id='word_1_164' title='bbox 580 1366 861 1422; x_wconf 88' lang='lat' dir='ltr'><strong>sciendum</strong></span> <span class='ocrx_word' id='word_1_165' title='bbox 915 1376 1000 1422; x_wconf 88' lang='lat' dir='ltr'><strong>est</strong></span> <span class='ocrx_word' id='word_1_166' title='bbox 1033 1366 1309 1437; x_wconf 90' lang='lat' dir='ltr'><strong>quomodo</strong></span> <span class='ocrx_word' id='word_1_167' title='bbox 1338 1369 1517 1424; x_wconf 88' lang='lat' dir='ltr'><strong>omnis</strong></span> <span class='ocrx_word' id='word_1_168' title='bbox 1568 1369 1658 1422; x_wconf 91' lang='lat' dir='ltr'><strong>via</strong></span> <span class='ocrx_word' id='word_1_169' title='bbox 1702 1369 1842 1424; x_wconf 90' lang='lat' dir='ltr'><strong>bona</strong></span> <span class='ocrx_word' id='word_1_170' title='bbox 1874 1367 2203 1439; x_wconf 87' lang='lat' dir='ltr'><strong>principium</strong></span> <span class='ocrx_word' id='word_1_171' title='bbox 2261 1370 2457 1425; x_wconf 84' lang='lat' dir='ltr'><strong>habeat</strong></span> <span class='ocrx_word' id='word_1_172' title='bbox 2490 1368 2674 1423; x_wconf 79' lang='lat' dir='ltr'><strong>facere</strong></span> <span class='ocrx_word' id='word_1_173' title='bbox 2715 1365 2888 1435; x_wconf 77' lang='lat' dir='ltr'><strong>iusta,</strong></span> <span class='ocrx_word' id='word_1_174' title='bbox 2930 1374 3053 1435; x_wconf 88' lang='lat' dir='ltr'><strong>post</strong></span> <span class='ocrx_word' id='word_1_175' title='bbox 3098 1362 3428 1434; x_wconf 85' lang='lat' dir='ltr'><strong>principium</strong></span> <span class='ocrx_word' id='word_1_176' title='bbox 3476 1376 3621 1418; x_wconf 80' lang='lat' dir='ltr'><strong>vero</strong></span> 
     </span>
    </p>
   </div>
   <div class='ocr_carea' id='block_1_23' title="bbox 359 1459 1929 1530">
    <p class='ocr_par' dir='ltr' id='par_1_23' title="bbox 359 1459 1929 1530">
     <span class='ocr_line' id='line_1_23' title="bbox 359 1459 1929 1530; baseline 0.001 -16"><span class='ocrx_word' id='word_1_177' title='bbox 359 1459 898 1529; x_wconf 83' lang='lat' dir='ltr'><strong>contemplationem,</strong></span> <span class='ocrx_word' id='word_1_178' title='bbox 930 1469 987 1515; x_wconf 91' lang='lat' dir='ltr'><strong>et</strong></span> <span class='ocrx_word' id='word_1_179' title='bbox 1020 1460 1288 1530; x_wconf 89' lang='lat' dir='ltr'><strong>quomodo</strong></span> <span class='ocrx_word' id='word_1_180' title='bbox 1318 1462 1854 1530; x_wconf 83' lang='lat' dir='ltr'><strong>contemplationem.</strong></span> <span class='ocrx_word' id='word_1_181' title='bbox 1922 1484 1929 1491; x_wconf 62' lang='grc' dir='ltr'><strong>ι</strong></span> 
     </span>
    </p>
   </div>
   <div class='ocr_carea' id='block_1_24' title="bbox 429 1553 1945 1626">
    <p class='ocr_par' dir='ltr' id='par_1_24' title="bbox 429 1553 1945 1626">
     <span class='ocr_line' id='line_1_24' title="bbox 429 1553 1945 1626; baseline -0.001 -16"><span class='ocrx_word' id='word_1_182' title='bbox 429 1555 518 1610; x_wconf 76' lang='grc'><strong>17.</strong></span> <span class='ocrx_word' id='word_1_183' title='bbox 547 1555 780 1610; x_wconf 78' lang='lat' dir='ltr'><strong>Rursum</strong></span> <span class='ocrx_word' id='word_1_184' title='bbox 810 1563 893 1609; x_wconf 85' lang='lat' dir='ltr'><strong>est</strong></span> <span class='ocrx_word' id='word_1_185' title='bbox 933 1555 1102 1608; x_wconf 89' lang='lat' dir='ltr'><strong>etiam</strong></span> <span class='ocrx_word' id='word_1_186' title='bbox 1143 1553 1471 1625; x_wconf 88' lang='lat' dir='ltr'><strong>principium</strong></span> <span class='ocrx_word' id='word_1_187' title='bbox 1501 1554 1644 1609; x_wconf 89' lang='lat' dir='ltr'><strong>aliud</strong></span> <span class='ocrx_word' id='word_1_188' title='bbox 1685 1569 1945 1626; x_wconf 38' lang='lat' dir='ltr'><strong>generag</strong></span> 
     </span>
    </p>
   </div>
   <div class='ocr_carea' id='block_1_25' title="bbox 359 1647 1925 1719">
    <p class='ocr_par' dir='ltr' id='par_1_25' title="bbox 359 1647 1925 1719">
     <span class='ocr_line' id='line_1_25' title="bbox 359 1647 1925 1719; baseline 0.001 -17"><span class='ocrx_word' id='word_1_189' title='bbox 359 1649 545 1713; x_wconf 84' lang='lat' dir='ltr'><strong>tionis,</strong></span> <span class='ocrx_word' id='word_1_190' title='bbox 590 1648 735 1719; x_wconf 89' lang='lat' dir='ltr'><strong>quod</strong></span> <span class='ocrx_word' id='word_1_191' title='bbox 774 1648 946 1702; x_wconf 88' lang='lat' dir='ltr'><strong>videri</strong></span> <span class='ocrx_word' id='word_1_192' title='bbox 989 1655 1168 1717; x_wconf 88' lang='lat' dir='ltr'><strong>potest</strong></span> <span class='ocrx_word' id='word_1_193' title='bbox 1194 1647 1251 1701; x_wconf 92' lang='lat' dir='ltr'><strong>in</strong></span> <span class='ocrx_word' id='word_1_194' title='bbox 1281 1648 1384 1701; x_wconf 85' lang='lat' dir='ltr'><strong>hoc</strong></span> <span class='ocrx_word' id='word_1_195' title='bbox 1410 1647 1557 1703; x_wconf 92' lang='lat' dir='ltr'><strong>dicto</strong></span> <span class='ocrx_word' id='word_1_196' title='bbox 1584 1665 1601 1702; x_wconf 90' lang='lat'><strong>:</strong></span> <span class='ocrx_word' id='word_1_197' title='bbox 1627 1647 1696 1702; x_wconf 87' lang='lat' dir='ltr'><strong>In</strong></span> <span class='ocrx_word' id='word_1_198' title='bbox 1724 1649 1925 1719; x_wconf 83' lang='lat' dir='ltr'><strong>princi-</strong></span> 
     </span>
    </p>
   </div>
   <div class='ocr_carea' id='block_1_26' title="bbox 356 1738 1922 1810">
    <p class='ocr_par' dir='ltr' id='par_1_26' title="bbox 356 1738 1922 1810">
     <span class='ocr_line' id='line_1_26' title="bbox 356 1738 1922 1810; baseline 0.003 -18"><span class='ocrx_word' id='word_1_199' title='bbox 356 1742 446 1808; x_wconf 87' lang='lat' dir='ltr'><strong>pio</strong></span> <span class='ocrx_word' id='word_1_200' title='bbox 482 1740 607 1810; x_wconf 81' lang='lat' dir='ltr'><strong>fecit</strong></span> <span class='ocrx_word' id='word_1_201' title='bbox 641 1739 781 1794; x_wconf 84' lang='lat' dir='ltr'><strong>Deus</strong></span> <span class='ocrx_word' id='word_1_202' title='bbox 810 1739 996 1794; x_wconf 67' lang='lat' dir='ltr'><strong>celum</strong></span> <span class='ocrx_word' id='word_1_203' title='bbox 1031 1748 1081 1793; x_wconf 84' lang='lat' dir='ltr'><strong>et</strong></span> <span class='ocrx_word' id='word_1_204' title='bbox 1109 1750 1304 1793; x_wconf 84' lang='lat' dir='ltr'><strong>terram</strong></span> <span class='ocrx_word' id='word_1_205' title='bbox 1336 1738 1405 1793; x_wconf 65' lang='grc'><strong>⁸⁸.</strong></span> <span class='ocrx_word' id='word_1_206' title='bbox 1450 1738 1559 1795; x_wconf 88' lang='lat' dir='ltr'><strong>Sed</strong></span> <span class='ocrx_word' id='word_1_207' title='bbox 1596 1741 1835 1810; x_wconf 82' lang='lat' dir='ltr'><strong>apertius</strong></span> <span class='ocrx_word' id='word_1_208' title='bbox 1864 1740 1922 1796; x_wconf 91' lang='lat' dir='ltr'><strong>in</strong></span> 
     </span>
    </p>
   </div>
   <div class='ocr_carea' id='block_1_27' title="bbox 356 1829 1920 1903">
    <p class='ocr_par' dir='ltr' id='par_1_27' title="bbox 356 1829 1920 1903">
     <span class='ocr_line' id='line_1_27' title="bbox 356 1829 1920 1903; baseline -0.001 -16"><span class='ocrx_word' id='word_1_209' title='bbox 356 1829 460 1887; x_wconf 80' lang='lat' dir='ltr'><strong>Job</strong></span> <span class='ocrx_word' id='word_1_210' title='bbox 488 1832 852 1903; x_wconf 83' lang='lat' dir='ltr'><strong>signiﬁcatum</strong></span> <span class='ocrx_word' id='word_1_211' title='bbox 882 1831 983 1887; x_wconf 84' lang='lat' dir='ltr'><strong>hoc</strong></span> <span class='ocrx_word' id='word_1_212' title='bbox 1002 1831 1270 1887; x_wconf 89' lang='lat' dir='ltr'><strong>enuntiari</strong></span> <span class='ocrx_word' id='word_1_213' title='bbox 1307 1832 1565 1895; x_wconf 88' lang='lat' dir='ltr'><strong>arbitror,</strong></span> <span class='ocrx_word' id='word_1_214' title='bbox 1584 1833 1672 1887; x_wconf 88' lang='lat' dir='ltr'><strong>his</strong></span> <span class='ocrx_word' id='word_1_215' title='bbox 1699 1833 1881 1887; x_wconf 83' lang='lat' dir='ltr'><strong>verbis</strong></span> <span class='ocrx_word' id='word_1_216' title='bbox 1906 1850 1920 1886; x_wconf 90' lang='lat'><strong>:</strong></span> 
     </span>
    </p>
   </div>
   <div class='ocr_carea' id='block_1_28' title="bbox 360 1921 1922 1993">
    <p class='ocr_par' dir='ltr' id='par_1_28' title="bbox 360 1921 1922 1993">
     <span class='ocr_line' id='line_1_28' title="bbox 360 1921 1922 1993; baseline 0.001 -17"><span class='ocrx_word' id='word_1_217' title='bbox 360 1921 478 1977; x_wconf 85' lang='lat' dir='ltr'><strong>Hoc</strong></span> <span class='ocrx_word' id='word_1_218' title='bbox 503 1931 582 1978; x_wconf 85' lang='lat' dir='ltr'><strong>est</strong></span> <span class='ocrx_word' id='word_1_219' title='bbox 605 1923 921 1992; x_wconf 82' lang='lat' dir='ltr'><strong>principium</strong></span> <span class='ocrx_word' id='word_1_220' title='bbox 950 1922 1184 1993; x_wconf 81' lang='lat' dir='ltr'><strong>ﬁgmenti</strong></span> <span class='ocrx_word' id='word_1_221' title='bbox 1211 1923 1425 1979; x_wconf 81' lang='lat' dir='ltr'><strong>Domini</strong></span> <span class='ocrx_word' id='word_1_222' title='bbox 1458 1923 1679 1992; x_wconf 78' lang='lat' dir='ltr'><strong>factum,</strong></span> <span class='ocrx_word' id='word_1_223' title='bbox 1706 1934 1762 1977; x_wconf 88' lang='lat' dir='ltr'><strong>ut</strong></span> <span class='ocrx_word' id='word_1_224' title='bbox 1795 1923 1922 1978; x_wconf 81' lang='lat' dir='ltr'><strong>illu-</strong></span> 
     </span>
    </p>
   </div>
   <div class='ocr_carea' id='block_1_29' title="bbox 2104 1548 3623 1631">
    <p class='ocr_par' dir='ltr' id='par_1_29' title="bbox 2104 1548 3623 1631">
     <span class='ocr_line' id='line_1_29' title="bbox 2104 1548 3623 1631; baseline -0.013 -12"><span class='ocrx_word' id='word_1_225' title='bbox 2104 1564 2356 1618; x_wconf 79' lang='grc' dir='ltr'><strong>17.Ἔστι</strong></span> <span class='ocrx_word' id='word_1_226' title='bbox 2373 1561 2430 1615; x_wconf 78' lang='grc' dir='ltr'><strong>δὲ</strong></span> <span class='ocrx_word' id='word_1_227' title='bbox 2446 1558 2588 1631; x_wconf 79' lang='grc' dir='ltr'><strong>ἀρχὴ</strong></span> <span class='ocrx_word' id='word_1_228' title='bbox 2606 1559 2701 1611; x_wconf 72' lang='grc' dir='ltr'><strong>καὶ</strong></span> <span class='ocrx_word' id='word_1_229' title='bbox 2719 1558 2753 1626; x_wconf 83' lang='grc' dir='ltr'>ἠ</span> <span class='ocrx_word' id='word_1_230' title='bbox 2775 1556 2851 1619; x_wconf 86' lang='grc' dir='ltr'>ὡς</span> <span class='ocrx_word' id='word_1_231' title='bbox 2864 1548 3201 1625; x_wconf 82' lang='grc' dir='ltr'><strong>γενέσεως,</strong></span> <span class='ocrx_word' id='word_1_232' title='bbox 3224 1552 3357 1621; x_wconf 82' lang='lat'><strong>(69‘)</strong></span> <span class='ocrx_word' id='word_1_233' title='bbox 3370 1550 3530 1615; x_wconf 79' lang='grc' dir='ltr'><strong>δόξαι</strong></span> <span class='ocrx_word' id='word_1_234' title='bbox 3552 1548 3623 1603; x_wconf 82' lang='grc' dir='ltr'><strong>ἃν</strong></span> 
     </span>
    </p>
   </div>
   <div class='ocr_carea' id='block_1_30' title="bbox 2036 1640 3626 1720">
    <p class='ocr_par' dir='ltr' id='par_1_30' title="bbox 2036 1640 3626 1720">
     <span class='ocr_line' id='line_1_30' title="bbox 2036 1640 3626 1720; baseline -0.011 -9"><span class='ocrx_word' id='word_1_235' title='bbox 2036 1657 2131 1711; x_wconf 64' lang='grc' dir='ltr'><strong>ἐπὶ</strong></span> <span class='ocrx_word' id='word_1_236' title='bbox 2159 1653 2286 1708; x_wconf 78' lang='grc' dir='ltr'><strong>τοῦο</strong></span> <span class='ocrx_word' id='word_1_237' title='bbox 2327 1655 2428 1709; x_wconf 81' lang='grc' dir='ltr'><strong>Ἐν</strong></span> <span class='ocrx_word' id='word_1_238' title='bbox 2462 1649 2620 1720; x_wconf 78' lang='grc' dir='ltr'><strong>ἀρχῇ</strong></span> <span class='ocrx_word' id='word_1_239' title='bbox 2658 1648 2947 1713; x_wconf 73' lang='grc' dir='ltr'><strong>ἐποίησεν</strong></span> <span class='ocrx_word' id='word_1_240' title='bbox 2970 1648 3006 1699; x_wconf 83' lang='grc' dir='ltr'><strong>ό</strong></span> <span class='ocrx_word' id='word_1_241' title='bbox 3030 1644 3177 1710; x_wconf 82' lang='grc' dir='ltr'><strong>Θεὸς</strong></span> <span class='ocrx_word' id='word_1_242' title='bbox 3210 1644 3322 1696; x_wconf 79' lang='grc' dir='ltr'><strong>τὸν</strong></span> <span class='ocrx_word' id='word_1_243' title='bbox 3350 1640 3626 1711; x_wconf 70' lang='grc' dir='ltr'><strong>οὐρανὸν</strong></span> 
     </span>
    </p>
   </div>
   <div class='ocr_carea' id='block_1_31' title="bbox 2037 1727 3624 1813">
    <p class='ocr_par' dir='ltr' id='par_1_31' title="bbox 2037 1727 3624 1813">
     <span class='ocr_line' id='line_1_31' title="bbox 2037 1727 3624 1813; baseline -0.012 -12"><span class='ocrx_word' id='word_1_244' title='bbox 2037 1746 2139 1801; x_wconf 74' lang='grc' dir='ltr'><strong>καὶ</strong></span> <span class='ocrx_word' id='word_1_245' title='bbox 2160 1746 2275 1811; x_wconf 76' lang='grc' dir='ltr'><strong>τὴν</strong></span> <span class='ocrx_word' id='word_1_246' title='bbox 2307 1743 2443 1813; x_wconf 78' lang='grc' dir='ltr'><strong>γῆν.</strong></span> <span class='ocrx_word' id='word_1_247' title='bbox 2468 1739 2636 1810; x_wconf 75' lang='grc' dir='ltr'><strong>Οἶμαι</strong></span> <span class='ocrx_word' id='word_1_248' title='bbox 2658 1739 2716 1792; x_wconf 78' lang='grc' dir='ltr'><strong>δὲ</strong></span> <span class='ocrx_word' id='word_1_249' title='bbox 2754 1736 3084 1806; x_wconf 79' lang='grc' dir='ltr'><strong>σαφέστερον</strong></span> <span class='ocrx_word' id='word_1_250' title='bbox 3105 1736 3163 1786; x_wconf 79' lang='grc' dir='ltr'><strong>ὲν</strong></span> <span class='ocrx_word' id='word_1_251' title='bbox 3188 1731 3269 1802; x_wconf 82' lang='grc' dir='ltr'><strong>τῷ</strong></span> <span class='ocrx_word' id='word_1_252' title='bbox 3306 1731 3426 1785; x_wconf 76' lang='grc' dir='ltr'><strong>Ἰὼϐ</strong></span> <span class='ocrx_word' id='word_1_253' title='bbox 3449 1727 3624 1784; x_wconf 81' lang='grc' dir='ltr'><strong>τοῦτο</strong></span> 
     </span>
    </p>
   </div>
   <div class='ocr_carea' id='block_1_32' title="bbox 2030 1814 3623 1897">
    <p class='ocr_par' dir='ltr' id='par_1_32' title="bbox 2030 1814 3623 1897">
     <span class='ocr_line' id='line_1_32' title="bbox 2030 1814 3623 1897; baseline -0.011 -14"><span class='ocrx_word' id='word_1_254' title='bbox 2030 1824 2493 1897; x_wconf 82' lang='grc' dir='ltr'><strong>καταγγέλλεσθαι</strong></span> <span class='ocrx_word' id='word_1_255' title='bbox 2519 1824 2583 1877; x_wconf 78' lang='grc' dir='ltr'><strong>τὸ</strong></span> <span class='ocrx_word' id='word_1_256' title='bbox 2602 1822 2998 1894; x_wconf 81' lang='grc' dir='ltr'><strong>σημαινόμενον</strong></span> <span class='ocrx_word' id='word_1_257' title='bbox 3023 1818 3165 1874; x_wconf 75' lang='grc' dir='ltr'><strong>κατὰ</strong></span> <span class='ocrx_word' id='word_1_258' title='bbox 3178 1818 3257 1871; x_wconf 83' lang='grc' dir='ltr'><strong>τό·</strong></span> <span class='ocrx_word' id='word_1_259' title='bbox 3290 1814 3623 1870; x_wconf 70' lang='grc' dir='ltr'><strong>Τωτέστιν</strong></span> 
     </span>
    </p>
   </div>
   <div class='ocr_carea' id='block_1_33' title="bbox 2031 1905 3623 1988">
    <p class='ocr_par' dir='ltr' id='par_1_33' title="bbox 2031 1905 3623 1988">
     <span class='ocr_line' id='line_1_33' title="bbox 2031 1905 3623 1988; baseline -0.017 -12"><span class='ocrx_word' id='word_1_260' title='bbox 2031 1917 2189 1988; x_wconf 81' lang='grc' dir='ltr'><strong>ἀρχὴ</strong></span> <span class='ocrx_word' id='word_1_261' title='bbox 2239 1917 2596 1986; x_wconf 70' lang='grc' dir='ltr'><strong>πλάσματος</strong></span> <span class='ocrx_word' id='word_1_262' title='bbox 2641 1911 3044 1982; x_wconf 74' lang='grc' dir='ltr'><strong>πεποιτυιένον</strong></span> <span class='ocrx_word' id='word_1_263' title='bbox 3074 1905 3623 1979; x_wconf 76' lang='grc' dir='ltr'><strong>ἐγκαταπαιζεσθαι</strong></span> 
     </span>
    </p>
   </div>
   <div class='ocr_carea' id='block_1_34' title="bbox 359 1982 1934 2084">
    <p class='ocr_par' dir='ltr' id='par_1_34' title="bbox 359 1982 1923 2084">
     <span class='ocr_line' id='line_1_34' title="bbox 359 1982 1923 2084; baseline 0 -17"><span class='ocrx_word' id='word_1_264' title='bbox 359 2018 520 2068; x_wconf 82' lang='lat' dir='ltr'><strong>datur</strong></span> <span class='ocrx_word' id='word_1_265' title='bbox 564 1982 630 2068; x_wconf 70' lang='lat' dir='ltr'><strong>alr</strong></span> <span class='ocrx_word' id='word_1_266' title='bbox 688 1982 894 2083; x_wconf 77' lang='lat' dir='ltr'><strong>angelis</strong></span> <span class='ocrx_word' id='word_1_267' title='bbox 947 1982 1057 2069; x_wconf 57' lang='lat' dir='ltr'><strong>iiiis</strong></span> <span class='ocrx_word' id='word_1_268' title='bbox 1089 2014 1157 2069; x_wconf 86' lang='grc'><strong>³⁸.</strong></span> <span class='ocrx_word' id='word_1_269' title='bbox 1216 2015 1406 2071; x_wconf 88' lang='lat' dir='ltr'><strong>Posset</strong></span> <span class='ocrx_word' id='word_1_270' title='bbox 1450 1982 1598 2070; x_wconf 79' lang='lat' dir='ltr'><strong>enim</strong></span> <span class='ocrx_word' id='word_1_271' title='bbox 1651 1982 1923 2084; x_wconf 77' lang='lat' dir='ltr'><strong>quispiam</strong></span> 
     </span>
    </p>
   </div>
   <div class='ocr_carea' id='block_1_35' title="bbox 2083 1982 3620 2084">
    <p class='ocr_par' dir='ltr' id='par_1_35' title="bbox 2083 1982 3620 2080">
     <span class='ocr_line' id='line_1_35' title="bbox 2083 1982 3620 2080; baseline -0.009 -17"><span class='ocrx_word' id='word_1_272' title='bbox 2317 1982 2587 2080; x_wconf 57' lang='grc' dir='ltr'><strong>ἀγγέλων</strong></span> <span class='ocrx_word' id='word_1_273' title='bbox 2616 2004 2824 2061; x_wconf 82' lang='grc' dir='ltr'><strong>αὑτοῦ.</strong></span> <span class='ocrx_word' id='word_1_274' title='bbox 2854 1994 3145 2057; x_wconf 77' lang='grc' dir='ltr'><strong>’Υπολᾶὁοι</strong></span> <span class='ocrx_word' id='word_1_275' title='bbox 3164 2001 3276 2073; x_wconf 82' lang='grc' dir='ltr'><strong>γὰρ</strong></span> <span class='ocrx_word' id='word_1_276' title='bbox 3294 2000 3359 2054; x_wconf 72' lang='grc' dir='ltr'><strong>ἇνν</strong></span> <span class='ocrx_word' id='word_1_277' title='bbox 3382 2017 3469 2063; x_wconf 86' lang='grc' dir='ltr'><strong>τις</strong></span> <span class='ocrx_word' id='word_1_278' title='bbox 3502 1996 3620 2050; x_wconf 76' lang='grc' dir='ltr'><strong>τῶν</strong></span> 
     </span>
    </p>
   </div>
   <div class='ocr_carea' id='block_1_36' title="bbox 361 2105 1932 2177">
    <p class='ocr_par' dir='ltr' id='par_1_36' title="bbox 361 2105 1932 2177">
     <span class='ocr_line' id='line_1_36' title="bbox 361 2105 1932 2177; baseline 0.001 -17"><span class='ocrx_word' id='word_1_279' title='bbox 361 2105 678 2160; x_wconf 81' lang='lat' dir='ltr'><strong>existimare</strong></span> <span class='ocrx_word' id='word_1_280' title='bbox 709 2107 906 2161; x_wconf 62' lang='lat' dir='ltr'><strong>caelum</strong></span> <span class='ocrx_word' id='word_1_281' title='bbox 950 2114 1247 2160; x_wconf 89' lang='lat' dir='ltr'><strong>et-terram</strong></span> <span class='ocrx_word' id='word_1_282' title='bbox 1275 2107 1543 2177; x_wconf 91' lang='lat' dir='ltr'><strong>principio</strong></span> <span class='ocrx_word' id='word_1_283' title='bbox 1573 2106 1722 2161; x_wconf 82' lang='lat' dir='ltr'><strong>facta</strong></span> <span class='ocrx_word' id='word_1_284' title='bbox 1756 2106 1932 2161; x_wconf 81' lang='lat' dir='ltr'><strong>fuisse</strong></span> 
     </span>
    </p>
   </div>
   <div class='ocr_carea' id='block_1_37' title="bbox 362 2198 1932 2269">
    <p class='ocr_par' dir='ltr' id='par_1_37' title="bbox 362 2198 1932 2269">
     <span class='ocr_line' id='line_1_37' title="bbox 362 2198 1932 2269; baseline 0.001 -17"><span class='ocrx_word' id='word_1_285' title='bbox 362 2209 494 2254; x_wconf 89' lang='lat' dir='ltr'><strong>ante</strong></span> <span class='ocrx_word' id='word_1_286' title='bbox 528 2198 712 2253; x_wconf 89' lang='lat' dir='ltr'><strong>omnia</strong></span> <span class='ocrx_word' id='word_1_287' title='bbox 747 2213 867 2267; x_wconf 66' lang='lat' dir='ltr'><strong>qua:</strong></span> <span class='ocrx_word' id='word_1_288' title='bbox 920 2199 1131 2253; x_wconf 87' lang='lat' dir='ltr'><strong>suntin</strong></span> <span class='ocrx_word' id='word_1_289' title='bbox 1174 2202 1357 2256; x_wconf 92' lang='lat' dir='ltr'><strong>mundi</strong></span> <span class='ocrx_word' id='word_1_290' title='bbox 1401 2199 1771 2269; x_wconf 80' lang='lat' dir='ltr'><strong>generatione.</strong></span> <span class='ocrx_word' id='word_1_291' title='bbox 1823 2200 1932 2255; x_wconf 90' lang='lat' dir='ltr'><strong>Sed</strong></span> 
     </span>
    </p>
   </div>
   <div class='ocr_carea' id='block_1_38' title="bbox 363 2291 1932 2353">
    <p class='ocr_par' dir='ltr' id='par_1_38' title="bbox 363 2291 1932 2353">
     <span class='ocr_line' id='line_1_38' title="bbox 363 2291 1932 2353; baseline 0.001 -9"><span class='ocrx_word' id='word_1_292' title='bbox 363 2291 557 2345; x_wconf 86' lang='lat' dir='ltr'><strong>melius</strong></span> <span class='ocrx_word' id='word_1_293' title='bbox 584 2300 666 2345; x_wconf 87' lang='lat' dir='ltr'><strong>est</strong></span> <span class='ocrx_word' id='word_1_294' title='bbox 705 2299 764 2345; x_wconf 93' lang='lat' dir='ltr'><strong>ut</strong></span> <span class='ocrx_word' id='word_1_295' title='bbox 814 2294 1101 2346; x_wconf 73' lang='lat' dir='ltr'><strong>sententiae</strong></span> <span class='ocrx_word' id='word_1_296' title='bbox 1151 2291 1253 2347; x_wconf 80' lang='lat' dir='ltr'><strong>Job</strong></span> <span class='ocrx_word' id='word_1_297' title='bbox 1292 2291 1473 2347; x_wconf 85' lang='lat' dir='ltr'><strong>habita</strong></span> <span class='ocrx_word' id='word_1_298' title='bbox 1522 2292 1752 2353; x_wconf 86' lang='lat' dir='ltr'><strong>ratione.</strong></span> <span class='ocrx_word' id='word_1_299' title='bbox 1808 2307 1932 2346; x_wconf 92' lang='lat' dir='ltr'><strong>cum</strong></span> 
     </span>
    </p>
   </div>
   <div class='ocr_carea' id='block_1_39' title="bbox 364 2382 1931 2455">
    <p class='ocr_par' dir='ltr' id='par_1_39' title="bbox 364 2382 1931 2455">
     <span class='ocr_line' id='line_1_39' title="bbox 364 2382 1931 2455; baseline 0.001 -20"><span class='ocrx_word' id='word_1_300' title='bbox 364 2382 532 2436; x_wconf 87' lang='lat' dir='ltr'><strong>multa</strong></span> <span class='ocrx_word' id='word_1_301' title='bbox 560 2385 671 2438; x_wconf 89' lang='lat' dir='ltr'><strong>sint</strong></span> <span class='ocrx_word' id='word_1_302' title='bbox 698 2398 820 2452; x_wconf 65' lang='lat' dir='ltr'><strong>quae</strong></span> <span class='ocrx_word' id='word_1_303' title='bbox 848 2383 901 2438; x_wconf 93' lang='lat' dir='ltr'><strong>in</strong></span> <span class='ocrx_word' id='word_1_304' title='bbox 944 2385 1267 2455; x_wconf 84' lang='lat' dir='ltr'><strong>corporibus</strong></span> <span class='ocrx_word' id='word_1_305' title='bbox 1321 2384 1464 2438; x_wconf 78' lang='lat' dir='ltr'><strong>facta</strong></span> <span class='ocrx_word' id='word_1_306' title='bbox 1506 2383 1656 2438; x_wconf 84' lang='lat' dir='ltr'><strong>luere</strong></span> <span class='ocrx_word' id='word_1_307' title='bbox 1676 2424 1692 2449; x_wconf 94' lang='lat'><strong>,</strong></span> <span class='ocrx_word' id='word_1_308' title='bbox 1723 2384 1931 2453; x_wconf 88' lang='lat' dir='ltr'><strong>primus</strong></span> 
     </span>
    </p>
   </div>
   <div class='ocr_carea' id='block_1_40' title="bbox 363 2475 1926 2546">
    <p class='ocr_par' dir='ltr' id='par_1_40' title="bbox 363 2475 1926 2546">
     <span class='ocr_line' id='line_1_40' title="bbox 363 2475 1926 2546; baseline 0 -18"><span class='ocrx_word' id='word_1_309' title='bbox 363 2492 553 2531; x_wconf 71' lang='lat' dir='ltr'><strong>eorum</strong></span> <span class='ocrx_word' id='word_1_310' title='bbox 615 2492 736 2546; x_wconf 74' lang='lat' dir='ltr'><strong>qua:</strong></span> <span class='ocrx_word' id='word_1_311' title='bbox 779 2487 905 2532; x_wconf 92' lang='lat' dir='ltr'><strong>sunt</strong></span> <span class='ocrx_word' id='word_1_312' title='bbox 955 2478 1009 2531; x_wconf 94' lang='lat' dir='ltr'><strong>in</strong></span> <span class='ocrx_word' id='word_1_313' title='bbox 1045 2490 1301 2545; x_wconf 89' lang='lat' dir='ltr'><strong>corpore,</strong></span> <span class='ocrx_word' id='word_1_314' title='bbox 1341 2476 1521 2531; x_wconf 81' lang='lat' dir='ltr'><strong>factus</strong></span> <span class='ocrx_word' id='word_1_315' title='bbox 1581 2478 1652 2531; x_wconf 89' lang='lat' dir='ltr'><strong>sit</strong></span> <span class='ocrx_word' id='word_1_316' title='bbox 1707 2475 1798 2529; x_wconf 91' lang='lat' dir='ltr'><strong>ille</strong></span> <span class='ocrx_word' id='word_1_317' title='bbox 1837 2475 1926 2543; x_wconf 90' lang='lat' dir='ltr'><strong>qui</strong></span> 
     </span>
    </p>
   </div>
   <div class='ocr_carea' id='block_1_41' title="bbox 363 2568 1932 2639">
    <p class='ocr_par' dir='ltr' id='par_1_41' title="bbox 363 2568 1932 2639">
     <span class='ocr_line' id='line_1_41' title="bbox 363 2568 1932 2639; baseline -0.003 -15"><span class='ocrx_word' id='word_1_318' title='bbox 363 2571 667 2639; x_wconf 87' lang='lat' dir='ltr'><strong>appellatur</strong></span> <span class='ocrx_word' id='word_1_319' title='bbox 708 2571 878 2626; x_wconf 86' lang='lat' dir='ltr'><strong>draco</strong></span> <span class='ocrx_word' id='word_1_320' title='bbox 914 2570 985 2635; x_wconf 83' lang='lat'><strong>“,</strong></span> <span class='ocrx_word' id='word_1_321' title='bbox 1016 2571 1327 2625; x_wconf 87' lang='lat' dir='ltr'><strong>nominatus</strong></span> <span class='ocrx_word' id='word_1_322' title='bbox 1356 2570 1523 2625; x_wconf 90' lang='lat' dir='ltr'><strong>etiam</strong></span> <span class='ocrx_word' id='word_1_323' title='bbox 1580 2568 1779 2622; x_wconf 85' lang='lat' dir='ltr'><strong>alicubi</strong></span> <span class='ocrx_word' id='word_1_324' title='bbox 1818 2583 1932 2621; x_wconf 84' lang='lat' dir='ltr'><strong>ma-</strong></span> 
     </span>
    </p>
   </div>
   <div class='ocr_carea' id='block_1_42' title="bbox 362 2658 1934 2731">
    <p class='ocr_par' dir='ltr' id='par_1_42' title="bbox 362 2658 1934 2731">
     <span class='ocr_line' id='line_1_42' title="bbox 362 2658 1934 2731; baseline 0.001 -19"><span class='ocrx_word' id='word_1_325' title='bbox 362 2672 529 2724; x_wconf 71' lang='lat' dir='ltr'><strong>gnum</strong></span> <span class='ocrx_word' id='word_1_326' title='bbox 553 2670 692 2725; x_wconf 88' lang='lat' dir='ltr'><strong>cete,</strong></span> <span class='ocrx_word' id='word_1_327' title='bbox 722 2662 866 2731; x_wconf 92' lang='lat' dir='ltr'><strong>quod</strong></span> <span class='ocrx_word' id='word_1_328' title='bbox 899 2661 1028 2716; x_wconf 81' lang='lat' dir='ltr'><strong>vicit</strong></span> <span class='ocrx_word' id='word_1_329' title='bbox 1065 2660 1348 2716; x_wconf 85' lang='lat' dir='ltr'><strong>Dominus.</strong></span> <span class='ocrx_word' id='word_1_330' title='bbox 1393 2658 1797 2727; x_wconf 88' lang='lat' dir='ltr'><strong>Sciendumque</strong></span> <span class='ocrx_word' id='word_1_331' title='bbox 1848 2667 1934 2713; x_wconf 84' lang='lat' dir='ltr'><strong>est</strong></span> 
     </span>
    </p>
   </div>
   <div class='ocr_carea' id='block_1_43' title="bbox 367 2751 1932 2818">
    <p class='ocr_par' dir='ltr' id='par_1_43' title="bbox 367 2751 1932 2818">
     <span class='ocr_line' id='line_1_43' title="bbox 367 2751 1932 2818; baseline -0.001 -14"><span class='ocrx_word' id='word_1_332' title='bbox 367 2752 679 2807; x_wconf 87' lang='lat' dir='ltr'><strong>necessario</strong></span> <span class='ocrx_word' id='word_1_333' title='bbox 704 2766 826 2806; x_wconf 89' lang='lat' dir='ltr'><strong>cum</strong></span> <span class='ocrx_word' id='word_1_334' title='bbox 858 2752 1033 2807; x_wconf 84' lang='lat' dir='ltr'><strong>sancti</strong></span> <span class='ocrx_word' id='word_1_335' title='bbox 1061 2753 1229 2806; x_wconf 86' lang='lat' dir='ltr'><strong>vitam</strong></span> <span class='ocrx_word' id='word_1_336' title='bbox 1260 2751 1439 2806; x_wconf 88' lang='lat' dir='ltr'><strong>omnis</strong></span> <span class='ocrx_word' id='word_1_337' title='bbox 1467 2751 1708 2804; x_wconf 69' lang='lat' dir='ltr'><strong>materiae</strong></span> <span class='ocrx_word' id='word_1_338' title='bbox 1733 2764 1932 2818; x_wconf 84' lang='lat' dir='ltr'><strong>corpo-</strong></span> 
     </span>
    </p>
   </div>
   <div class='ocr_carea' id='block_1_44' title="bbox 367 2843 1932 2914">
    <p class='ocr_par' dir='ltr' id='par_1_44' title="bbox 367 2843 1932 2914">
     <span class='ocr_line' id='line_1_44' title="bbox 367 2843 1932 2914; baseline -0.003 -15"><span class='ocrx_word' id='word_1_339' title='bbox 367 2847 554 2914; x_wconf 85' lang='lat' dir='ltr'><strong>risque</strong></span> <span class='ocrx_word' id='word_1_340' title='bbox 589 2854 868 2913; x_wconf 77' lang='lat' dir='ltr'><strong>expertem</strong></span> <span class='ocrx_word' id='word_1_341' title='bbox 913 2845 967 2899; x_wconf 92' lang='lat' dir='ltr'><strong>in</strong></span> <span class='ocrx_word' id='word_1_342' title='bbox 1014 2846 1351 2902; x_wconf 88' lang='lat' dir='ltr'><strong>beatitudine</strong></span> <span class='ocrx_word' id='word_1_343' title='bbox 1385 2843 1768 2907; x_wconf 89' lang='lat' dir='ltr'><strong>traducerent,</strong></span> <span class='ocrx_word' id='word_1_344' title='bbox 1801 2856 1932 2895; x_wconf 90' lang='lat' dir='ltr'><strong>num</strong></span> 
     </span>
    </p>
   </div>
   <div class='ocr_carea' id='block_1_45' title="bbox 370 2938 1928 3011">
    <p class='ocr_par' dir='ltr' id='par_1_45' title="bbox 370 2938 1928 3011">
     <span class='ocr_line' id='line_1_45' title="bbox 370 2938 1928 3011; baseline -0.001 -19"><span class='ocrx_word' id='word_1_345' title='bbox 370 2941 417 2995; x_wconf 90' lang='lat' dir='ltr'><strong>is</strong></span> <span class='ocrx_word' id='word_1_346' title='bbox 460 2939 554 3010; x_wconf 88' lang='lat' dir='ltr'><strong>qui</strong></span> <span class='ocrx_word' id='word_1_347' title='bbox 599 2940 764 2994; x_wconf 87' lang='lat' dir='ltr'><strong>draco</strong></span> <span class='ocrx_word' id='word_1_348' title='bbox 813 2941 1137 3010; x_wconf 80' lang='lat' dir='ltr'><strong>appellatur,</strong></span> <span class='ocrx_word' id='word_1_349' title='bbox 1172 2949 1525 3011; x_wconf 87' lang='lat' dir='ltr'><strong>posteaquam</strong></span> <span class='ocrx_word' id='word_1_350' title='bbox 1552 2954 1582 2992; x_wconf 89' lang='lat' dir='ltr'><strong>a</strong></span> <span class='ocrx_word' id='word_1_351' title='bbox 1631 2938 1743 2992; x_wconf 86' lang='lat' dir='ltr'><strong>vita</strong></span> <span class='ocrx_word' id='word_1_352' title='bbox 1792 2951 1928 3005; x_wconf 89' lang='lat' dir='ltr'><strong>pura</strong></span> 
     </span>
    </p>
   </div>
   <div class='ocr_carea' id='block_1_46' title="bbox 365 3029 1936 3103">
    <p class='ocr_par' dir='ltr' id='par_1_46' title="bbox 365 3029 1936 3103">
     <span class='ocr_line' id='line_1_46' title="bbox 365 3029 1936 3103; baseline -0.002 -16"><span class='ocrx_word' id='word_1_353' title='bbox 365 3031 593 3097; x_wconf 84' lang='lat' dir='ltr'><strong>excidit,</strong></span> <span class='ocrx_word' id='word_1_354' title='bbox 622 3032 818 3102; x_wconf 84' lang='lat' dir='ltr'><strong>dignus</strong></span> <span class='ocrx_word' id='word_1_355' title='bbox 871 3033 973 3087; x_wconf 86' lang='lat' dir='ltr'><strong>l&#39;uit</strong></span> <span class='ocrx_word' id='word_1_356' title='bbox 1020 3033 1109 3103; x_wconf 88' lang='lat' dir='ltr'><strong>qui</strong></span> <span class='ocrx_word' id='word_1_357' title='bbox 1166 3040 1292 3087; x_wconf 84' lang='lat' dir='ltr'><strong>ante</strong></span> <span class='ocrx_word' id='word_1_358' title='bbox 1319 3032 1500 3087; x_wconf 90' lang='lat' dir='ltr'><strong>omnia</strong></span> <span class='ocrx_word' id='word_1_359' title='bbox 1533 3032 1585 3085; x_wconf 93' lang='lat' dir='ltr'><strong>in</strong></span> <span class='ocrx_word' id='word_1_360' title='bbox 1619 3029 1849 3084; x_wconf 84' lang='lat' dir='ltr'><strong>materia</strong></span> <span class='ocrx_word' id='word_1_361' title='bbox 1879 3039 1936 3084; x_wconf 91' lang='lat' dir='ltr'><strong>et</strong></span> 
     </span>
    </p>
   </div>
   <div class='ocr_carea' id='block_1_47' title="bbox 365 3118 1935 3194">
    <p class='ocr_par' dir='ltr' id='par_1_47' title="bbox 365 3118 1935 3194">
     <span class='ocr_line' id='line_1_47' title="bbox 365 3118 1935 3194; baseline -0.003 -15"><span class='ocrx_word' id='word_1_362' title='bbox 365 3137 594 3193; x_wconf 87' lang='lat' dir='ltr'><strong>corpore</strong></span> <span class='ocrx_word' id='word_1_363' title='bbox 627 3122 888 3193; x_wconf 81' lang='lat' dir='ltr'><strong>ligaretur</strong></span> <span class='ocrx_word' id='word_1_364' title='bbox 921 3142 935 3178; x_wconf 90' lang='lat'>:</span> <span class='ocrx_word' id='word_1_365' title='bbox 964 3133 1023 3177; x_wconf 95' lang='lat' dir='ltr'><strong>ut</strong></span> <span class='ocrx_word' id='word_1_366' title='bbox 1050 3136 1273 3194; x_wconf 89' lang='lat' dir='ltr'><strong>propter</strong></span> <span class='ocrx_word' id='word_1_367' title='bbox 1310 3123 1414 3178; x_wconf 84' lang='lat' dir='ltr'><strong>hoc</strong></span> <span class='ocrx_word' id='word_1_368' title='bbox 1455 3121 1787 3191; x_wconf 88' lang='lat' dir='ltr'><strong>respondens</strong></span> <span class='ocrx_word' id='word_1_369' title='bbox 1827 3118 1935 3175; x_wconf 93' lang='lat' dir='ltr'><strong>Do-</strong></span> 
     </span>
    </p>
   </div>
   <div class='ocr_carea' id='block_1_48' title="bbox 367 3212 1935 3283">
    <p class='ocr_par' dir='ltr' id='par_1_48' title="bbox 367 3212 1935 3283">
     <span class='ocr_line' id='line_1_48' title="bbox 367 3212 1935 3283; baseline 0 -17"><span class='ocrx_word' id='word_1_370' title='bbox 367 3214 549 3270; x_wconf 80' lang='lat' dir='ltr'><strong>minus</strong></span> <span class='ocrx_word' id='word_1_371' title='bbox 625 3228 724 3283; x_wconf 88' lang='lat' dir='ltr'><strong>per</strong></span> <span class='ocrx_word' id='word_1_372' title='bbox 779 3214 1046 3269; x_wconf 87' lang='lat' dir='ltr'><strong>turbinem</strong></span> <span class='ocrx_word' id='word_1_373' title='bbox 1094 3224 1151 3271; x_wconf 77' lang='lat' dir='ltr'><strong>et</strong></span> <span class='ocrx_word' id='word_1_374' title='bbox 1204 3219 1378 3270; x_wconf 86' lang='lat' dir='ltr'><strong>nubes</strong></span> <span class='ocrx_word' id='word_1_375' title='bbox 1434 3215 1580 3269; x_wconf 87' lang='lat' dir='ltr'><strong>dicat</strong></span> <span class='ocrx_word' id='word_1_376' title='bbox 1624 3230 1639 3268; x_wconf 91' lang='lat'><strong>:</strong></span> <span class='ocrx_word' id='word_1_377' title='bbox 1699 3212 1814 3267; x_wconf 78' lang='lat' dir='ltr'><strong>Hoc</strong></span> <span class='ocrx_word' id='word_1_378' title='bbox 1856 3218 1935 3267; x_wconf 74' lang='lat' dir='ltr'><strong>est</strong></span> 
     </span>
    </p>
   </div>
   <div class='ocr_carea' id='block_1_49' title="bbox 366 3304 2007 3378">
    <p class='ocr_par' dir='ltr' id='par_1_49' title="bbox 366 3304 2007 3378">
     <span class='ocr_line' id='line_1_49' title="bbox 366 3304 2007 3378; baseline -0.001 -19"><span class='ocrx_word' id='word_1_379' title='bbox 366 3305 687 3377; x_wconf 79' lang='lat' dir='ltr'><strong>principium</strong></span> <span class='ocrx_word' id='word_1_380' title='bbox 708 3306 941 3375; x_wconf 76' lang='lat' dir='ltr'><strong>ﬁgmenti</strong></span> <span class='ocrx_word' id='word_1_381' title='bbox 975 3306 1210 3374; x_wconf 82' lang='lat' dir='ltr'><strong>Domini,</strong></span> <span class='ocrx_word' id='word_1_382' title='bbox 1247 3307 1448 3377; x_wconf 80' lang='lat' dir='ltr'><strong>factum</strong></span> <span class='ocrx_word' id='word_1_383' title='bbox 1496 3316 1555 3359; x_wconf 88' lang='lat' dir='ltr'><strong>ut</strong></span> <span class='ocrx_word' id='word_1_384' title='bbox 1581 3305 1846 3359; x_wconf 79' lang='lat' dir='ltr'><strong>illudatur</strong></span> <span class='ocrx_word' id='word_1_385' title='bbox 1868 3304 1934 3357; x_wconf 85' lang='lat' dir='ltr'><strong>ab</strong></span> <span class='ocrx_word' id='word_1_386' title='bbox 1961 3319 2007 3378; x_wconf 71' lang='grc' dir='ltr'>ο</span> 
     </span>
    </p>
   </div>
   <div class='ocr_carea' id='block_1_50' title="bbox 368 3395 1940 3468">
    <p class='ocr_par' dir='ltr' id='par_1_50' title="bbox 368 3395 1940 3468">
     <span class='ocr_line' id='line_1_50' title="bbox 368 3395 1940 3468; baseline -0.002 -17"><span class='ocrx_word' id='word_1_387' title='bbox 368 3398 569 3468; x_wconf 80' lang='lat' dir='ltr'><strong>angelis</strong></span> <span class='ocrx_word' id='word_1_388' title='bbox 610 3398 719 3452; x_wconf 92' lang='lat' dir='ltr'><strong>suis</strong></span> <span class='ocrx_word' id='word_1_389' title='bbox 746 3396 832 3463; x_wconf 84' lang='lat'><strong>&quot;’;</strong></span> <span class='ocrx_word' id='word_1_390' title='bbox 884 3398 998 3453; x_wconf 90' lang='lat' dir='ltr'><strong>lleri</strong></span> <span class='ocrx_word' id='word_1_391' title='bbox 1031 3399 1175 3453; x_wconf 90' lang='lat' dir='ltr'><strong>enim</strong></span> <span class='ocrx_word' id='word_1_392' title='bbox 1225 3406 1405 3468; x_wconf 88' lang='lat' dir='ltr'><strong>potest</strong></span> <span class='ocrx_word' id='word_1_393' title='bbox 1447 3406 1507 3451; x_wconf 93' lang='lat' dir='ltr'><strong>ut</strong></span> <span class='ocrx_word' id='word_1_394' title='bbox 1530 3397 1695 3452; x_wconf 89' lang='lat' dir='ltr'><strong>draco</strong></span> <span class='ocrx_word' id='word_1_395' title='bbox 1734 3411 1838 3450; x_wconf 94' lang='lat' dir='ltr'><strong>non</strong></span> <span class='ocrx_word' id='word_1_396' title='bbox 1866 3395 1940 3449; x_wconf 87' lang='lat' dir='ltr'><strong>sit</strong></span> 
     </span>
    </p>
   </div>
   <div class='ocr_carea' id='block_1_51' title="bbox 369 3486 1937 3560">
    <p class='ocr_par' dir='ltr' id='par_1_51' title="bbox 369 3486 1937 3560">
     <span class='ocr_line' id='line_1_51' title="bbox 369 3486 1937 3560; baseline -0.001 -17"><span class='ocrx_word' id='word_1_397' title='bbox 369 3488 597 3544; x_wconf 85' lang='lat' dir='ltr'><strong>omnino</strong></span> <span class='ocrx_word' id='word_1_398' title='bbox 627 3489 952 3559; x_wconf 89' lang='lat' dir='ltr'><strong>principium</strong></span> <span class='ocrx_word' id='word_1_399' title='bbox 983 3489 1223 3560; x_wconf 81' lang='lat' dir='ltr'><strong>ﬁgmenti</strong></span> <span class='ocrx_word' id='word_1_400' title='bbox 1262 3488 1495 3555; x_wconf 91' lang='lat' dir='ltr'><strong>Domini,</strong></span> <span class='ocrx_word' id='word_1_401' title='bbox 1522 3486 1615 3542; x_wconf 89' lang='lat' dir='ltr'><strong>sed</strong></span> <span class='ocrx_word' id='word_1_402' title='bbox 1654 3497 1713 3541; x_wconf 93' lang='lat' dir='ltr'><strong>ut</strong></span> <span class='ocrx_word' id='word_1_403' title='bbox 1737 3486 1937 3542; x_wconf 74' lang='lat' dir='ltr'><strong>multo-</strong></span> 
     </span>
    </p>
   </div>
   <div class='ocr_carea' id='block_1_52' title="bbox 370 3579 1939 3652">
    <p class='ocr_par' dir='ltr' id='par_1_52' title="bbox 370 3579 1939 3652">
     <span class='ocr_line' id='line_1_52' title="bbox 370 3579 1939 3652; baseline -0.003 -15"><span class='ocrx_word' id='word_1_404' title='bbox 370 3598 493 3637; x_wconf 87' lang='lat' dir='ltr'><strong>rum</strong></span> <span class='ocrx_word' id='word_1_405' title='bbox 520 3597 640 3652; x_wconf 70' lang='lat' dir='ltr'><strong>quite</strong></span> <span class='ocrx_word' id='word_1_406' title='bbox 672 3581 814 3637; x_wconf 87' lang='lat' dir='ltr'><strong>l‘acta</strong></span> <span class='ocrx_word' id='word_1_407' title='bbox 838 3582 949 3638; x_wconf 89' lang='lat' dir='ltr'><strong>sint</strong></span> <span class='ocrx_word' id='word_1_408' title='bbox 981 3583 1033 3638; x_wconf 91' lang='lat' dir='ltr'><strong>in</strong></span> <span class='ocrx_word' id='word_1_409' title='bbox 1076 3596 1324 3651; x_wconf 90' lang='lat' dir='ltr'><strong>corpore,</strong></span> <span class='ocrx_word' id='word_1_410' title='bbox 1364 3589 1425 3637; x_wconf 91' lang='lat' dir='ltr'><strong>ut</strong></span> <span class='ocrx_word' id='word_1_411' title='bbox 1464 3580 1818 3637; x_wconf 89' lang='lat' dir='ltr'><strong>illudereutur</strong></span> <span class='ocrx_word' id='word_1_412' title='bbox 1872 3579 1939 3633; x_wconf 89' lang='lat' dir='ltr'><strong>ab</strong></span> 
     </span>
    </p>
   </div>
   <div class='ocr_carea' id='block_1_53' title="bbox 372 3671 1939 3745">
    <p class='ocr_par' dir='ltr' id='par_1_53' title="bbox 372 3671 1939 3745">
     <span class='ocr_line' id='line_1_53' title="bbox 372 3671 1939 3745; baseline -0.003 -14"><span class='ocrx_word' id='word_1_413' title='bbox 372 3676 605 3745; x_wconf 79' lang='lat' dir='ltr'><strong>angelis,</strong></span> <span class='ocrx_word' id='word_1_414' title='bbox 636 3675 707 3730; x_wconf 88' lang='lat' dir='ltr'><strong>sit</strong></span> <span class='ocrx_word' id='word_1_415' title='bbox 734 3675 823 3730; x_wconf 86' lang='lat' dir='ltr'><strong>hic</strong></span> <span class='ocrx_word' id='word_1_416' title='bbox 845 3675 1010 3731; x_wconf 89' lang='lat' dir='ltr'><strong>draco</strong></span> <span class='ocrx_word' id='word_1_417' title='bbox 1029 3675 1371 3745; x_wconf 88' lang='lat' dir='ltr'><strong>principium,</strong></span> <span class='ocrx_word' id='word_1_418' title='bbox 1398 3689 1520 3729; x_wconf 92' lang='lat' dir='ltr'><strong>cum</strong></span> <span class='ocrx_word' id='word_1_419' title='bbox 1550 3671 1939 3743; x_wconf 82' lang='lat' dir='ltr'><strong>possintaliqui</strong></span> 
     </span>
    </p>
   </div>
   <div class='ocr_carea' id='block_1_54' title="bbox 368 3764 1939 3838">
    <p class='ocr_par' dir='ltr' id='par_1_54' title="bbox 368 3764 1939 3838">
     <span class='ocr_line' id='line_1_54' title="bbox 368 3764 1939 3838; baseline -0.003 -15"><span class='ocrx_word' id='word_1_420' title='bbox 368 3768 611 3823; x_wconf 80' lang='lat' dir='ltr'><strong>existere</strong></span> <span class='ocrx_word' id='word_1_421' title='bbox 641 3768 695 3822; x_wconf 91' lang='lat' dir='ltr'><strong>in</strong></span> <span class='ocrx_word' id='word_1_422' title='bbox 722 3783 949 3838; x_wconf 90' lang='lat' dir='ltr'><strong>corpore</strong></span> <span class='ocrx_word' id='word_1_423' title='bbox 975 3784 990 3835; x_wconf 92' lang='lat'><strong>;</strong></span> <span class='ocrx_word' id='word_1_424' title='bbox 1023 3769 1163 3823; x_wconf 86' lang='lat' dir='ltr'><strong>haud</strong></span> <span class='ocrx_word' id='word_1_425' title='bbox 1197 3768 1269 3821; x_wconf 88' lang='lat' dir='ltr'><strong>ita</strong></span> <span class='ocrx_word' id='word_1_426' title='bbox 1299 3776 1499 3821; x_wconf 88' lang='lat' dir='ltr'><strong>tamen.</strong></span> <span class='ocrx_word' id='word_1_427' title='bbox 1523 3764 1733 3821; x_wconf 87' lang='lat' dir='ltr'><strong>Etenim</strong></span> <span class='ocrx_word' id='word_1_428' title='bbox 1759 3765 1939 3818; x_wconf 85' lang='lat' dir='ltr'><strong>anima</strong></span> 
     </span>
    </p>
   </div>
   <div class='ocr_carea' id='block_1_55' title="bbox 368 3854 1937 3927">
    <p class='ocr_par' dir='ltr' id='par_1_55' title="bbox 368 3854 1937 3927">
     <span class='ocr_line' id='line_1_55' title="bbox 368 3854 1937 3927; baseline -0.006 -13"><span class='ocrx_word' id='word_1_429' title='bbox 368 3857 502 3914; x_wconf 81' lang='lat' dir='ltr'><strong>solis</strong></span> <span class='ocrx_word' id='word_1_430' title='bbox 533 3858 586 3911; x_wconf 89' lang='lat' dir='ltr'><strong>in</strong></span> <span class='ocrx_word' id='word_1_431' title='bbox 617 3872 845 3927; x_wconf 90' lang='lat' dir='ltr'><strong>corpore</strong></span> <span class='ocrx_word' id='word_1_432' title='bbox 877 3866 982 3921; x_wconf 76' lang='lat' dir='ltr'><strong>est,</strong></span> <span class='ocrx_word' id='word_1_433' title='bbox 1009 3868 1170 3927; x_wconf 90' lang='lat' dir='ltr'><strong>atque</strong></span> <span class='ocrx_word' id='word_1_434' title='bbox 1200 3857 1363 3911; x_wconf 87' lang='lat' dir='ltr'><strong>etiam</strong></span> <span class='ocrx_word' id='word_1_435' title='bbox 1394 3854 1646 3911; x_wconf 82' lang='lat' dir='ltr'><strong>universa</strong></span> <span class='ocrx_word' id='word_1_436' title='bbox 1665 3863 1937 3917; x_wconf 83' lang='lat' dir='ltr'><strong>creatura,</strong></span> 
     </span>
    </p>
   </div>
   <div class='ocr_carea' id='block_1_56' title="bbox 372 3948 1940 4021">
    <p class='ocr_par' dir='ltr' id='par_1_56' title="bbox 372 3948 1940 4021">
     <span class='ocr_line' id='line_1_56' title="bbox 372 3948 1940 4021; baseline -0.004 -14"><span class='ocrx_word' id='word_1_437' title='bbox 372 3953 440 4007; x_wconf 81' lang='lat' dir='ltr'><strong>de</strong></span> <span class='ocrx_word' id='word_1_438' title='bbox 463 3966 567 4021; x_wconf 82' lang='lat' dir='ltr'><strong>qua</strong></span> <span class='ocrx_word' id='word_1_439' title='bbox 608 3950 897 4020; x_wconf 83' lang='lat' dir='ltr'><strong>Apostolus</strong></span> <span class='ocrx_word' id='word_1_440' title='bbox 928 3951 1060 4005; x_wconf 86' lang='lat' dir='ltr'><strong>dicit</strong></span> <span class='ocrx_word' id='word_1_441' title='bbox 1095 3969 1109 4005; x_wconf 90' lang='lat'><strong>:</strong></span> <span class='ocrx_word' id='word_1_442' title='bbox 1150 3948 1280 4003; x_wconf 84' lang='lat' dir='ltr'><strong>Tota</strong></span> <span class='ocrx_word' id='word_1_443' title='bbox 1325 3960 1567 4004; x_wconf 77' lang='lat' dir='ltr'><strong>creatura</strong></span> <span class='ocrx_word' id='word_1_444' title='bbox 1603 3949 1855 4017; x_wconf 82' lang='lat' dir='ltr'><strong>suspirat,</strong></span> <span class='ocrx_word' id='word_1_445' title='bbox 1891 3956 1940 4002; x_wconf 86' lang='lat' dir='ltr'><strong>et</strong></span> 
     </span>
    </p>
   </div>
   <div class='ocr_carea' id='block_1_57' title="bbox 370 4040 1943 4112">
    <p class='ocr_par' dir='ltr' id='par_1_57' title="bbox 370 4040 1943 4112">
     <span class='ocr_line' id='line_1_57' title="bbox 370 4040 1943 4112; baseline -0.003 -14"><span class='ocrx_word' id='word_1_446' title='bbox 370 4043 609 4098; x_wconf 84' lang='lat' dir='ltr'><strong>condolet</strong></span> <span class='ocrx_word' id='word_1_447' title='bbox 640 4058 800 4112; x_wconf 87' lang='lat' dir='ltr'><strong>usque</strong></span> <span class='ocrx_word' id='word_1_448' title='bbox 823 4045 877 4097; x_wconf 82' lang='lat' dir='ltr'><strong>in</strong></span> <span class='ocrx_word' id='word_1_449' title='bbox 909 4058 1142 4109; x_wconf 75' lang='lat' dir='ltr'><strong>prtesens</strong></span> <span class='ocrx_word' id='word_1_450' title='bbox 1173 4041 1253 4107; x_wconf 82' lang='grc'><strong>⁸⁸,</strong></span> <span class='ocrx_word' id='word_1_451' title='bbox 1277 4052 1334 4097; x_wconf 90' lang='lat' dir='ltr'><strong>et</strong></span> <span class='ocrx_word' id='word_1_452' title='bbox 1372 4041 1620 4096; x_wconf 73' lang='lat' dir='ltr'><strong>fortassis</strong></span> <span class='ocrx_word' id='word_1_453' title='bbox 1651 4042 1716 4096; x_wconf 91' lang='lat' dir='ltr'><strong>de</strong></span> <span class='ocrx_word' id='word_1_454' title='bbox 1744 4040 1833 4096; x_wconf 90' lang='lat' dir='ltr'><strong>illa</strong></span> <span class='ocrx_word' id='word_1_455' title='bbox 1857 4050 1943 4096; x_wconf 89' lang='lat' dir='ltr'><strong>est</strong></span> 
     </span>
    </p>
   </div>
   <div class='ocr_carea' id='block_1_58' title="bbox 373 4133 1938 4204">
    <p class='ocr_par' dir='ltr' id='par_1_58' title="bbox 373 4133 1938 4204">
     <span class='ocr_line' id='line_1_58' title="bbox 373 4133 1938 4204; baseline -0.003 -14"><span class='ocrx_word' id='word_1_456' title='bbox 373 4136 478 4191; x_wconf 83' lang='lat' dir='ltr'><strong>hoc</strong></span> <span class='ocrx_word' id='word_1_457' title='bbox 521 4151 536 4189; x_wconf 92' lang='lat'><strong>:</strong></span> <span class='ocrx_word' id='word_1_458' title='bbox 578 4133 814 4190; x_wconf 84' lang='lat' dir='ltr'><strong>Vanitati</strong></span> <span class='ocrx_word' id='word_1_459' title='bbox 861 4146 1106 4189; x_wconf 86' lang='lat' dir='ltr'><strong>creatura</strong></span> <span class='ocrx_word' id='word_1_460' title='bbox 1164 4135 1398 4204; x_wconf 66' lang='lat' dir='ltr'><strong>subjecta</strong></span> <span class='ocrx_word' id='word_1_461' title='bbox 1444 4142 1519 4188; x_wconf 85' lang='lat' dir='ltr'><strong>est</strong></span> <span class='ocrx_word' id='word_1_462' title='bbox 1577 4150 1683 4188; x_wconf 86' lang='lat' dir='ltr'><strong>non</strong></span> <span class='ocrx_word' id='word_1_463' title='bbox 1739 4133 1938 4198; x_wconf 81' lang='lat' dir='ltr'><strong>volens,</strong></span> 
     </span>
    </p>
   </div>
   <div class='ocr_carea' id='block_1_59' title="bbox 373 4225 1943 4297">
    <p class='ocr_par' dir='ltr' id='par_1_59' title="bbox 373 4225 1943 4297">
     <span class='ocr_line' id='line_1_59' title="bbox 373 4225 1943 4297; baseline -0.001 -16"><span class='ocrx_word' id='word_1_464' title='bbox 373 4227 464 4281; x_wconf 84' lang='lat' dir='ltr'><strong>sed</strong></span> <span class='ocrx_word' id='word_1_465' title='bbox 478 4239 690 4297; x_wconf 86' lang='lat' dir='ltr'><strong>propter</strong></span> <span class='ocrx_word' id='word_1_466' title='bbox 708 4242 827 4280; x_wconf 87' lang='lat' dir='ltr'><strong>eum</strong></span> <span class='ocrx_word' id='word_1_467' title='bbox 853 4228 944 4297; x_wconf 85' lang='lat' dir='ltr'><strong>qui</strong></span> <span class='ocrx_word' id='word_1_468' title='bbox 967 4225 1188 4296; x_wconf 85' lang='lat' dir='ltr'><strong>subjecit</strong></span> <span class='ocrx_word' id='word_1_469' title='bbox 1208 4242 1320 4280; x_wconf 86' lang='lat' dir='ltr'><strong>eam</strong></span> <span class='ocrx_word' id='word_1_470' title='bbox 1345 4227 1399 4280; x_wconf 85' lang='lat' dir='ltr'><strong>in</strong></span> <span class='ocrx_word' id='word_1_471' title='bbox 1423 4243 1510 4295; x_wconf 89' lang='lat' dir='ltr'><strong>spe</strong></span> <span class='ocrx_word' id='word_1_472' title='bbox 1525 4226 1593 4291; x_wconf 80' lang='grc'><strong>⁸⁸,</strong></span> <span class='ocrx_word' id='word_1_473' title='bbox 1626 4235 1685 4279; x_wconf 86' lang='grc' dir='ltr'><strong>ιιι</strong></span> <span class='ocrx_word' id='word_1_474' title='bbox 1714 4225 1769 4279; x_wconf 92' lang='lat' dir='ltr'><strong>in</strong></span> <span class='ocrx_word' id='word_1_475' title='bbox 1797 4225 1943 4279; x_wconf 87' lang='lat' dir='ltr'><strong>vani-</strong></span> 
     </span>
    </p>
   </div>
   <div class='ocr_carea' id='block_1_60' title="bbox 376 4317 1938 4389">
    <p class='ocr_par' dir='ltr' id='par_1_60' title="bbox 376 4317 1938 4389">
     <span class='ocr_line' id='line_1_60' title="bbox 376 4317 1938 4389; baseline 0.001 -15"><span class='ocrx_word' id='word_1_476' title='bbox 376 4329 489 4376; x_wconf 87' lang='lat' dir='ltr'><strong>tate</strong></span> <span class='ocrx_word' id='word_1_477' title='bbox 536 4321 647 4375; x_wconf 92' lang='lat' dir='ltr'><strong>sint</strong></span> <span class='ocrx_word' id='word_1_478' title='bbox 681 4335 935 4389; x_wconf 86' lang='lat' dir='ltr'><strong>corpora,</strong></span> <span class='ocrx_word' id='word_1_479' title='bbox 987 4330 1042 4375; x_wconf 90' lang='lat' dir='ltr'><strong>et</strong></span> <span class='ocrx_word' id='word_1_480' title='bbox 1075 4322 1248 4388; x_wconf 87' lang='lat' dir='ltr'><strong>ipsum</strong></span> <span class='ocrx_word' id='word_1_481' title='bbox 1297 4317 1480 4376; x_wconf 77' lang='lat' dir='ltr'><strong>facere</strong></span> <span class='ocrx_word' id='word_1_482' title='bbox 1526 4318 1848 4388; x_wconf 87' lang='lat' dir='ltr'><strong>corporalia,</strong></span> <span class='ocrx_word' id='word_1_483' title='bbox 1885 4318 1938 4375; x_wconf 88' lang='lat' dir='ltr'><strong>id</strong></span> 
     </span>
    </p>
   </div>
   <div class='ocr_carea' id='block_1_61' title="bbox 373 4409 1939 4479">
    <p class='ocr_par' dir='ltr' id='par_1_61' title="bbox 373 4409 1939 4479">
     <span class='ocr_line' id='line_1_61' title="bbox 373 4409 1939 4479; baseline -0.001 -15"><span class='ocrx_word' id='word_1_484' title='bbox 373 4410 517 4478; x_wconf 81' lang='lat' dir='ltr'><strong>quod</strong></span> <span class='ocrx_word' id='word_1_485' title='bbox 544 4412 909 4466; x_wconf 89' lang='lat' dir='ltr'><strong>necessarium</strong></span> <span class='ocrx_word' id='word_1_486' title='bbox 931 4419 1013 4465; x_wconf 88' lang='lat' dir='ltr'><strong>est</strong></span> <span class='ocrx_word' id='word_1_487' title='bbox 1035 4409 1289 4465; x_wconf 79' lang='lat' dir='ltr'><strong>existenti</strong></span> <span class='ocrx_word' id='word_1_488' title='bbox 1321 4410 1373 4464; x_wconf 92' lang='lat' dir='ltr'><strong>in</strong></span> <span class='ocrx_word' id='word_1_489' title='bbox 1399 4424 1646 4479; x_wconf 86' lang='lat' dir='ltr'><strong>corpore.</strong></span> <span class='ocrx_word' id='word_1_490' title='bbox 1694 4451 1710 4467; x_wconf 94' lang='lat'><strong>.</strong></span> <span class='ocrx_word' id='word_1_491' title='bbox 1738 4449 1753 4464; x_wconf 94' lang='lat'><strong>.</strong></span> <span class='ocrx_word' id='word_1_492' title='bbox 1785 4446 1800 4463; x_wconf 94' lang='lat'><strong>.</strong></span> <span class='ocrx_word' id='word_1_493' title='bbox 1830 4447 1847 4463; x_wconf 96' lang='lat'><strong>.</strong></span> <span class='ocrx_word' id='word_1_494' title='bbox 1879 4444 1896 4463; x_wconf 95' lang='lat'><strong>.</strong></span> <span class='ocrx_word' id='word_1_495' title='bbox 1921 4446 1939 4462; x_wconf 97' lang='lat'><strong>.</strong></span> 
     </span>
    </p>
   </div>
   <div class='ocr_carea' id='block_1_62' title="bbox 373 4500 1942 4570">
    <p class='ocr_par' dir='ltr' id='par_1_62' title="bbox 373 4500 1942 4570">
     <span class='ocr_line' id='line_1_62' title="bbox 373 4500 1942 4570; baseline -0.001 -16"><span class='ocrx_word' id='word_1_496' title='bbox 373 4501 465 4570; x_wconf 76' lang='lat' dir='ltr'><strong>qui</strong></span> <span class='ocrx_word' id='word_1_497' title='bbox 499 4501 663 4556; x_wconf 69' lang='lat' dir='ltr'><strong>estin</strong></span> <span class='ocrx_word' id='word_1_498' title='bbox 714 4516 967 4569; x_wconf 81' lang='lat' dir='ltr'><strong>corpore,</strong></span> <span class='ocrx_word' id='word_1_499' title='bbox 1001 4516 1106 4557; x_wconf 90' lang='lat' dir='ltr'><strong>non</strong></span> <span class='ocrx_word' id='word_1_500' title='bbox 1137 4501 1326 4556; x_wconf 88' lang='lat' dir='ltr'><strong>lubens</strong></span> <span class='ocrx_word' id='word_1_501' title='bbox 1356 4500 1487 4554; x_wconf 83' lang='lat' dir='ltr'><strong>facit</strong></span> <span class='ocrx_word' id='word_1_502' title='bbox 1514 4516 1635 4570; x_wconf 72' lang='lat' dir='ltr'><strong>quae</strong></span> <span class='ocrx_word' id='word_1_503' title='bbox 1666 4512 1796 4554; x_wconf 90' lang='lat' dir='ltr'><strong>sunt</strong></span> <span class='ocrx_word' id='word_1_504' title='bbox 1819 4515 1942 4554; x_wconf 90' lang='lat' dir='ltr'><strong>cor-</strong></span> 
     </span>
    </p>
   </div>
   <div class='ocr_carea' id='block_1_63' title="bbox 374 4589 1939 4661">
    <p class='ocr_par' dir='ltr' id='par_1_63' title="bbox 374 4589 1939 4661">
     <span class='ocr_line' id='line_1_63' title="bbox 374 4589 1939 4661; baseline 0 -17"><span class='ocrx_word' id='word_1_505' title='bbox 374 4591 549 4660; x_wconf 83' lang='lat' dir='ltr'><strong>poris.</strong></span> <span class='ocrx_word' id='word_1_506' title='bbox 593 4589 743 4646; x_wconf 87' lang='lat' dir='ltr'><strong>Hanc</strong></span> <span class='ocrx_word' id='word_1_507' title='bbox 774 4592 844 4647; x_wconf 89' lang='lat' dir='ltr'><strong>ob</strong></span> <span class='ocrx_word' id='word_1_508' title='bbox 873 4608 1093 4648; x_wconf 83' lang='lat' dir='ltr'><strong>causam</strong></span> <span class='ocrx_word' id='word_1_509' title='bbox 1124 4591 1353 4646; x_wconf 81' lang='lat' dir='ltr'><strong>vanitati</strong></span> <span class='ocrx_word' id='word_1_510' title='bbox 1399 4602 1649 4647; x_wconf 87' lang='lat' dir='ltr'><strong>creatura</strong></span> <span class='ocrx_word' id='word_1_511' title='bbox 1696 4591 1939 4661; x_wconf 87' lang='lat' dir='ltr'><strong>subjecta</strong></span> 
     </span>
    </p>
   </div>
   <div class='ocr_carea' id='block_1_64' title="bbox 2027 2092 3623 2172">
    <p class='ocr_par' dir='ltr' id='par_1_64' title="bbox 2027 2092 3623 2172">
     <span class='ocr_line' id='line_1_64' title="bbox 2027 2092 3623 2172; baseline -0.009 -16"><span class='ocrx_word' id='word_1_512' title='bbox 2027 2105 2087 2158; x_wconf 75' lang='grc' dir='ltr'><strong>ὲν</strong></span> <span class='ocrx_word' id='word_1_513' title='bbox 2110 2102 2323 2172; x_wconf 84' lang='grc' dir='ltr'><strong>γενέσει</strong></span> <span class='ocrx_word' id='word_1_514' title='bbox 2354 2103 2420 2171; x_wconf 83' lang='grc' dir='ltr'><strong>τῇ</strong></span> <span class='ocrx_word' id='word_1_515' title='bbox 2450 2099 2544 2153; x_wconf 77' lang='grc' dir='ltr'><strong>τοῦ</strong></span> <span class='ocrx_word' id='word_1_516' title='bbox 2575 2098 2779 2168; x_wconf 84' lang='grc' dir='ltr'><strong>κόσμου</strong></span> <span class='ocrx_word' id='word_1_517' title='bbox 2813 2095 3191 2165; x_wconf 70' lang='grc' dir='ltr'><strong>τυγχανόντων</strong></span> <span class='ocrx_word' id='word_1_518' title='bbox 3226 2095 3286 2146; x_wconf 83' lang='grc' dir='ltr'><strong>ὲν</strong></span> <span class='ocrx_word' id='word_1_519' title='bbox 3317 2092 3459 2162; x_wconf 81' lang='grc' dir='ltr'><strong>ἀρχῇ</strong></span> <span class='ocrx_word' id='word_1_520' title='bbox 3513 2104 3623 2141; x_wconf 89' lang='grc' dir='ltr'><strong>πε-</strong></span> 
     </span>
    </p>
   </div>
   <div class='ocr_carea' id='block_1_65' title="bbox 2033 2179 3622 2265">
    <p class='ocr_par' dir='ltr' id='par_1_65' title="bbox 2033 2179 3622 2265">
     <span class='ocr_line' id='line_1_65' title="bbox 2033 2179 3622 2265; baseline -0.009 -18"><span class='ocrx_word' id='word_1_521' title='bbox 2033 2192 2290 2265; x_wconf 81' lang='grc' dir='ltr'><strong>ποιῆσθαι</strong></span> <span class='ocrx_word' id='word_1_522' title='bbox 2317 2190 2410 2244; x_wconf 80' lang='grc' dir='ltr'><strong>τὸν</strong></span> <span class='ocrx_word' id='word_1_523' title='bbox 2428 2189 2654 2261; x_wconf 80' lang='grc' dir='ltr'><strong>οὐρανὸν</strong></span> <span class='ocrx_word' id='word_1_524' title='bbox 2690 2188 2784 2242; x_wconf 80' lang='grc' dir='ltr'><strong>καὶ</strong></span> <span class='ocrx_word' id='word_1_525' title='bbox 2810 2188 2910 2259; x_wconf 77' lang='grc' dir='ltr'><strong>τὴν</strong></span> <span class='ocrx_word' id='word_1_526' title='bbox 2954 2186 3080 2257; x_wconf 77' lang='grc' dir='ltr'><strong>γῆν.</strong></span> <span class='ocrx_word' id='word_1_527' title='bbox 3125 2184 3344 2237; x_wconf 80' lang='grc' dir='ltr'><strong>Βέλτιον</strong></span> <span class='ocrx_word' id='word_1_528' title='bbox 3384 2182 3444 2236; x_wconf 89' lang='grc' dir='ltr'><strong>δὲ</strong></span> <span class='ocrx_word' id='word_1_529' title='bbox 3468 2221 3487 2246; x_wconf 93' lang='lat'><strong>,</strong></span> <span class='ocrx_word' id='word_1_530' title='bbox 3538 2179 3622 2243; x_wconf 80' lang='grc' dir='ltr'>ὡς</span> 
     </span>
    </p>
   </div>
   <div class='ocr_carea' id='block_1_66' title="bbox 2032 2272 3621 2356">
    <p class='ocr_par' dir='ltr' id='par_1_66' title="bbox 2032 2272 3621 2356">
     <span class='ocr_line' id='line_1_66' title="bbox 2032 2272 3621 2356; baseline -0.009 -18"><span class='ocrx_word' id='word_1_531' title='bbox 2032 2282 2171 2356; x_wconf 73' lang='grc' dir='ltr'><strong>πρὸς</strong></span> <span class='ocrx_word' id='word_1_532' title='bbox 2196 2284 2258 2335; x_wconf 80' lang='grc' dir='ltr'><strong>τὸ</strong></span> <span class='ocrx_word' id='word_1_533' title='bbox 2292 2282 2404 2353; x_wconf 82' lang='grc'><strong>(70)</strong></span> <span class='ocrx_word' id='word_1_534' title='bbox 2431 2279 2679 2350; x_wconf 74' lang='grc' dir='ltr'><strong>δεύτερον</strong></span> <span class='ocrx_word' id='word_1_535' title='bbox 2714 2278 2899 2349; x_wconf 82' lang='grc' dir='ltr'><strong>ῥητὸν,</strong></span> <span class='ocrx_word' id='word_1_536' title='bbox 2935 2275 3145 2330; x_wconf 82' lang='grc' dir='ltr'><strong>πολλῶν</strong></span> <span class='ocrx_word' id='word_1_537' title='bbox 3187 2275 3359 2329; x_wconf 75' lang='grc' dir='ltr'><strong>όντων</strong></span> <span class='ocrx_word' id='word_1_538' title='bbox 3397 2272 3512 2325; x_wconf 91' lang='grc' dir='ltr'><strong>τῶν</strong></span> <span class='ocrx_word' id='word_1_539' title='bbox 3556 2272 3621 2323; x_wconf 84' lang='grc' dir='ltr'><strong>ὲν</strong></span> 
     </span>
    </p>
   </div>
   <div class='ocr_carea' id='block_1_67' title="bbox 2035 2361 3620 2440">
    <p class='ocr_par' dir='ltr' id='par_1_67' title="bbox 2035 2361 3620 2440">
     <span class='ocr_line' id='line_1_67' title="bbox 2035 2361 3620 2440; baseline -0.006 -17"><span class='ocrx_word' id='word_1_540' title='bbox 2035 2368 2246 2440; x_wconf 83' lang='grc' dir='ltr'><strong>σώματι</strong></span> <span class='ocrx_word' id='word_1_541' title='bbox 2290 2368 2692 2439; x_wconf 88' lang='grc' dir='ltr'><strong>γεγενημένων,</strong></span> <span class='ocrx_word' id='word_1_542' title='bbox 2724 2365 2941 2437; x_wconf 86' lang='grc' dir='ltr'><strong>πρῶτον</strong></span> <span class='ocrx_word' id='word_1_543' title='bbox 2981 2365 3091 2418; x_wconf 86' lang='grc' dir='ltr'><strong>τῶν</strong></span> <span class='ocrx_word' id='word_1_544' title='bbox 3144 2366 3202 2417; x_wconf 81' lang='grc' dir='ltr'><strong>ὲν</strong></span> <span class='ocrx_word' id='word_1_545' title='bbox 3256 2361 3468 2433; x_wconf 84' lang='grc' dir='ltr'><strong>σώματι</strong></span> <span class='ocrx_word' id='word_1_546' title='bbox 3520 2361 3620 2415; x_wconf 76' lang='grc' dir='ltr'><strong>τὸν</strong></span> 
     </span>
    </p>
   </div>
   <div class='ocr_carea' id='block_1_68' title="bbox 2034 2453 3621 2531">
    <p class='ocr_par' dir='ltr' id='par_1_68' title="bbox 2034 2453 3621 2531">
     <span class='ocr_line' id='line_1_68' title="bbox 2034 2453 3621 2531; baseline -0.006 -17"><span class='ocrx_word' id='word_1_547' title='bbox 2034 2461 2365 2531; x_wconf 84' lang='grc' dir='ltr'><strong>καλούμενον</strong></span> <span class='ocrx_word' id='word_1_548' title='bbox 2396 2455 2534 2513; x_wconf 79' lang='grc' dir='ltr'><strong>εἶναι</strong></span> <span class='ocrx_word' id='word_1_549' title='bbox 2551 2459 2840 2529; x_wconf 80' lang='grc' dir='ltr'><strong>δράκοντα,</strong></span> <span class='ocrx_word' id='word_1_550' title='bbox 2865 2454 3266 2527; x_wconf 76' lang='grc' dir='ltr'><strong>ὀνομαζόμενον</strong></span> <span class='ocrx_word' id='word_1_551' title='bbox 3289 2455 3346 2508; x_wconf 82' lang='grc' dir='ltr'><strong>δέ</strong></span> <span class='ocrx_word' id='word_1_552' title='bbox 3378 2470 3482 2507; x_wconf 85' lang='grc' dir='ltr'><strong>που</strong></span> <span class='ocrx_word' id='word_1_553' title='bbox 3514 2453 3621 2507; x_wconf 82' lang='grc' dir='ltr'><strong>καὶ</strong></span> 
     </span>
    </p>
   </div>
   <div class='ocr_carea' id='block_1_69' title="bbox 2036 2548 3622 2626">
    <p class='ocr_par' dir='ltr' id='par_1_69' title="bbox 2036 2548 3622 2626">
     <span class='ocr_line' id='line_1_69' title="bbox 2036 2548 3622 2626; baseline -0.005 -18"><span class='ocrx_word' id='word_1_554' title='bbox 2036 2556 2178 2626; x_wconf 84' lang='grc' dir='ltr'><strong>μέγα</strong></span> <span class='ocrx_word' id='word_1_555' title='bbox 2199 2555 2384 2625; x_wconf 81' lang='grc' dir='ltr'><strong>κῆτος,</strong></span> <span class='ocrx_word' id='word_1_556' title='bbox 2410 2554 2547 2624; x_wconf 82' lang='grc' dir='ltr'><strong>ὅπερ</strong></span> <span class='ocrx_word' id='word_1_557' title='bbox 2578 2553 2909 2624; x_wconf 77' lang='grc' dir='ltr'><strong>ἐχειρώσατο</strong></span> <span class='ocrx_word' id='word_1_558' title='bbox 2944 2551 2973 2603; x_wconf 86' lang='grc' dir='ltr'>ὁ</span> <span class='ocrx_word' id='word_1_559' title='bbox 3001 2550 3224 2620; x_wconf 80' lang='grc' dir='ltr'><strong>Κύριος.</strong></span> <span class='ocrx_word' id='word_1_560' title='bbox 3272 2549 3382 2602; x_wconf 71' lang='grc' dir='ltr'><strong>Καὶ</strong></span> <span class='ocrx_word' id='word_1_561' title='bbox 3441 2548 3622 2615; x_wconf 85' lang='grc' dir='ltr'><strong>ἀναγ-</strong></span> 
     </span>
    </p>
   </div>
   <div class='ocr_carea' id='block_1_70' title="bbox 2034 2641 3621 2717">
    <p class='ocr_par' dir='ltr' id='par_1_70' title="bbox 2034 2641 3621 2717">
     <span class='ocr_line' id='line_1_70' title="bbox 2034 2641 3621 2717; baseline -0.003 -17"><span class='ocrx_word' id='word_1_562' title='bbox 2034 2651 2188 2700; x_wconf 85' lang='grc' dir='ltr'><strong>καῖον</strong></span> <span class='ocrx_word' id='word_1_563' title='bbox 2213 2647 2328 2717; x_wconf 80' lang='grc' dir='ltr'><strong>(Ἡ)</strong></span> <span class='ocrx_word' id='word_1_564' title='bbox 2355 2645 2648 2716; x_wconf 77' lang='grc' dir='ltr'><strong>ἐπιστῆσαι</strong></span> <span class='ocrx_word' id='word_1_565' title='bbox 2680 2647 2728 2698; x_wconf 83' lang='grc' dir='ltr'><strong>εἰ</strong></span> <span class='ocrx_word' id='word_1_566' title='bbox 2754 2645 2916 2699; x_wconf 81' lang='grc' dir='ltr'><strong>ἄῦλον</strong></span> <span class='ocrx_word' id='word_1_567' title='bbox 2958 2643 3134 2713; x_wconf 82' lang='grc' dir='ltr'><strong>πάντη</strong></span> <span class='ocrx_word' id='word_1_568' title='bbox 3180 2642 3275 2696; x_wconf 72' lang='grc' dir='ltr'><strong>καὶ</strong></span> <span class='ocrx_word' id='word_1_569' title='bbox 3314 2641 3621 2711; x_wconf 82' lang='grc' dir='ltr'><strong>ἀσώματον</strong></span> 
     </span>
    </p>
   </div>
   <div class='ocr_carea' id='block_1_71' title="bbox 2036 2733 3618 2811">
    <p class='ocr_par' dir='ltr' id='par_1_71' title="bbox 2036 2733 3618 2811">
     <span class='ocr_line' id='line_1_71' title="bbox 2036 2733 3618 2811; baseline -0.005 -17"><span class='ocrx_word' id='word_1_570' title='bbox 2036 2738 2182 2811; x_wconf 80' lang='grc' dir='ltr'><strong>ζωὴν</strong></span> <span class='ocrx_word' id='word_1_571' title='bbox 2216 2738 2433 2804; x_wconf 77' lang='grc' dir='ltr'><strong>ζώντων</strong></span> <span class='ocrx_word' id='word_1_572' title='bbox 2459 2739 2517 2791; x_wconf 79' lang='grc' dir='ltr'><strong>ὲν</strong></span> <span class='ocrx_word' id='word_1_573' title='bbox 2558 2738 2921 2810; x_wconf 84' lang='grc' dir='ltr'><strong>μακαριότητι</strong></span> <span class='ocrx_word' id='word_1_574' title='bbox 2955 2736 3063 2791; x_wconf 89' lang='grc' dir='ltr'><strong>τῶν</strong></span> <span class='ocrx_word' id='word_1_575' title='bbox 3091 2735 3296 2804; x_wconf 84' lang='grc' dir='ltr'><strong>ἁγίων,</strong></span> <span class='ocrx_word' id='word_1_576' title='bbox 3339 2736 3369 2787; x_wconf 89' lang='grc' dir='ltr'><strong>ὁ</strong></span> <span class='ocrx_word' id='word_1_577' title='bbox 3412 2733 3618 2788; x_wconf 86' lang='grc' dir='ltr'><strong>καλού-</strong></span> 
     </span>
    </p>
   </div>
   <div class='ocr_carea' id='block_1_72' title="bbox 2040 2826 3619 2903">
    <p class='ocr_par' dir='ltr' id='par_1_72' title="bbox 2040 2826 3619 2903">
     <span class='ocr_line' id='line_1_72' title="bbox 2040 2826 3619 2903; baseline -0.006 -18"><span class='ocrx_word' id='word_1_578' title='bbox 2040 2849 2201 2903; x_wconf 86' lang='grc' dir='ltr'><strong>μενος</strong></span> <span class='ocrx_word' id='word_1_579' title='bbox 2261 2831 2475 2902; x_wconf 84' lang='grc' dir='ltr'><strong>δράκων</strong></span> <span class='ocrx_word' id='word_1_580' title='bbox 2535 2831 2685 2897; x_wconf 55' lang='lat' dir='ltr'><strong>eam</strong></span> <span class='ocrx_word' id='word_1_581' title='bbox 2763 2829 3098 2900; x_wconf 87' lang='grc' dir='ltr'><strong>γεγένηται,</strong></span> <span class='ocrx_word' id='word_1_582' title='bbox 3160 2827 3458 2882; x_wconf 81' lang='grc' dir='ltr'><strong>ἀποπεσὼν</strong></span> <span class='ocrx_word' id='word_1_583' title='bbox 3513 2826 3619 2897; x_wconf 78' lang='grc' dir='ltr'><strong>τῆς</strong></span> 
     </span>
    </p>
   </div>
   <div class='ocr_carea' id='block_1_73' title="bbox 2037 2918 3621 2995">
    <p class='ocr_par' dir='ltr' id='par_1_73' title="bbox 2037 2918 3621 2995">
     <span class='ocr_line' id='line_1_73' title="bbox 2037 2918 3621 2995; baseline -0.004 -17"><span class='ocrx_word' id='word_1_584' title='bbox 2037 2924 2284 2995; x_wconf 80' lang='grc' dir='ltr'><strong>καθαρᾶς</strong></span> <span class='ocrx_word' id='word_1_585' title='bbox 2320 2922 2487 2993; x_wconf 77' lang='grc' dir='ltr'><strong>ζωῆς,</strong></span> <span class='ocrx_word' id='word_1_586' title='bbox 2512 2923 2618 2994; x_wconf 79' lang='grc' dir='ltr'><strong>πρὸ</strong></span> <span class='ocrx_word' id='word_1_587' title='bbox 2645 2922 2862 2976; x_wconf 84' lang='grc' dir='ltr'><strong>πάντων</strong></span> <span class='ocrx_word' id='word_1_588' title='bbox 2889 2920 3165 2992; x_wconf 79' lang='grc' dir='ltr'><strong>ἐνδεθῆναι</strong></span> <span class='ocrx_word' id='word_1_589' title='bbox 3223 2918 3326 2993; x_wconf 78' lang='grc' dir='ltr'><strong>ὕλῃ</strong></span> <span class='ocrx_word' id='word_1_590' title='bbox 3380 2921 3475 2973; x_wconf 74' lang='grc' dir='ltr'><strong>καὶ</strong></span> <span class='ocrx_word' id='word_1_591' title='bbox 3510 2919 3621 2972; x_wconf 86' lang='grc' dir='ltr'><strong>σώ-</strong></span> 
     </span>
    </p>
   </div>
   <div class='ocr_carea' id='block_1_74' title="bbox 2039 3010 3621 3088">
    <p class='ocr_par' dir='ltr' id='par_1_74' title="bbox 2039 3010 3621 3088">
     <span class='ocr_line' id='line_1_74' title="bbox 2039 3010 3621 3088; baseline -0.004 -18"><span class='ocrx_word' id='word_1_592' title='bbox 2039 3034 2190 3088; x_wconf 83' lang='grc' dir='ltr'><strong>ματι,</strong></span> <span class='ocrx_word' id='word_1_593' title='bbox 2219 3012 2307 3069; x_wconf 74' lang='grc' dir='ltr'><strong>ἵνα</strong></span> <span class='ocrx_word' id='word_1_594' title='bbox 2337 3015 2425 3069; x_wconf 80' lang='grc' dir='ltr'><strong>διὰ</strong></span> <span class='ocrx_word' id='word_1_595' title='bbox 2446 3015 2604 3069; x_wconf 81' lang='grc' dir='ltr'><strong>τοῦτο</strong></span> <span class='ocrx_word' id='word_1_596' title='bbox 2631 3014 2984 3086; x_wconf 79' lang='grc' dir='ltr'><strong>χρηματίζων</strong></span> <span class='ocrx_word' id='word_1_597' title='bbox 3011 3015 3040 3065; x_wconf 88' lang='grc' dir='ltr'><strong>ό</strong></span> <span class='ocrx_word' id='word_1_598' title='bbox 3071 3013 3275 3084; x_wconf 83' lang='grc' dir='ltr'><strong>Κύριος</strong></span> <span class='ocrx_word' id='word_1_599' title='bbox 3312 3011 3401 3066; x_wconf 82' lang='grc' dir='ltr'><strong>διὰ</strong></span> <span class='ocrx_word' id='word_1_600' title='bbox 3432 3010 3621 3064; x_wconf 84' lang='grc' dir='ltr'><strong>λαίλα-</strong></span> 
     </span>
    </p>
   </div>
   <div class='ocr_carea' id='block_1_75' title="bbox 2039 3101 3619 3175">
    <p class='ocr_par' dir='ltr' id='par_1_75' title="bbox 2039 3101 3619 3175">
     <span class='ocr_line' id='line_1_75' title="bbox 2039 3101 3619 3175; baseline -0.003 -16"><span class='ocrx_word' id='word_1_601' title='bbox 2039 3123 2143 3169; x_wconf 80' lang='grc' dir='ltr'><strong>πος</strong></span> <span class='ocrx_word' id='word_1_602' title='bbox 2167 3104 2262 3160; x_wconf 66' lang='grc' dir='ltr'><strong>καὶ¹</strong></span> <span class='ocrx_word' id='word_1_603' title='bbox 2290 3103 2467 3173; x_wconf 78' lang='grc' dir='ltr'><strong>νεφῶν</strong></span> <span class='ocrx_word' id='word_1_604' title='bbox 2490 3103 2625 3175; x_wconf 83' lang='grc' dir='ltr'><strong>λέγῃ</strong></span> <span class='ocrx_word' id='word_1_605' title='bbox 2647 3120 2662 3133; x_wconf 75' lang='grc' dir='ltr'><strong>ο</strong></span> <span class='ocrx_word' id='word_1_606' title='bbox 2705 3101 3022 3158; x_wconf 81' lang='grc' dir='ltr'><strong>Τουτέστιν</strong></span> <span class='ocrx_word' id='word_1_607' title='bbox 3062 3101 3219 3171; x_wconf 80' lang='grc' dir='ltr'><strong>ἀρχὴ</strong></span> <span class='ocrx_word' id='word_1_608' title='bbox 3254 3101 3619 3171; x_wconf 75' lang='grc' dir='ltr'><strong>πλάσματος</strong></span> 
     </span>
    </p>
   </div>
   <div class='ocr_carea' id='block_1_76' title="bbox 2041 3191 3620 3266">
    <p class='ocr_par' dir='ltr' id='par_1_76' title="bbox 2041 3191 3620 3266">
     <span class='ocr_line' id='line_1_76' title="bbox 2041 3191 3620 3266; baseline -0.004 -13"><span class='ocrx_word' id='word_1_609' title='bbox 2041 3199 2261 3266; x_wconf 81' lang='grc' dir='ltr'><strong>Κυρίου</strong></span> <span class='ocrx_word' id='word_1_610' title='bbox 2300 3196 2703 3265; x_wconf 78' lang='grc' dir='ltr'><strong>πεποιημένον</strong></span> <span class='ocrx_word' id='word_1_611' title='bbox 2737 3195 3265 3264; x_wconf 74' lang='grc' dir='ltr'><strong>ἐτκαταπαίζεσθαι</strong></span> <span class='ocrx_word' id='word_1_612' title='bbox 3316 3193 3438 3249; x_wconf 80' lang='grc' dir='ltr'><strong>ὑπὸ</strong></span> <span class='ocrx_word' id='word_1_613' title='bbox 3495 3191 3620 3247; x_wconf 75' lang='grc' dir='ltr'><strong>τῶν</strong></span> 
     </span>
    </p>
   </div>
   <div class='ocr_carea' id='block_1_77' title="bbox 2040 3284 3617 3359">
    <p class='ocr_par' dir='ltr' id='par_1_77' title="bbox 2040 3284 3617 3359">
     <span class='ocr_line' id='line_1_77' title="bbox 2040 3284 3617 3359; baseline -0.009 -11"><span class='ocrx_word' id='word_1_614' title='bbox 2040 3287 2312 3359; x_wconf 73' lang='grc' dir='ltr'><strong>ἀγγέλων</strong></span> <span class='ocrx_word' id='word_1_615' title='bbox 2339 3288 2548 3342; x_wconf 81' lang='grc' dir='ltr'><strong>αὐτοῦ.</strong></span> <span class='ocrx_word' id='word_1_616' title='bbox 2582 3285 2813 3339; x_wconf 84' lang='grc' dir='ltr'><strong>Δυνατδν</strong></span> <span class='ocrx_word' id='word_1_617' title='bbox 2841 3284 3089 3354; x_wconf 83' lang='grc' dir='ltr'><strong>μέντοιγε</strong></span> <span class='ocrx_word' id='word_1_618' title='bbox 3113 3285 3206 3338; x_wconf 77' lang='grc' dir='ltr'><strong>τὸν</strong></span> <span class='ocrx_word' id='word_1_619' title='bbox 3234 3284 3508 3356; x_wconf 85' lang='grc' dir='ltr'><strong>δράκοντα</strong></span> <span class='ocrx_word' id='word_1_620' title='bbox 3540 3284 3617 3354; x_wconf 78' lang='grc' dir='ltr'><strong>μὴ</strong></span> 
     </span>
    </p>
   </div>
   <div class='ocr_carea' id='block_1_78' title="bbox 2041 3375 3614 3450">
    <p class='ocr_par' dir='ltr' id='par_1_78' title="bbox 2041 3375 3614 3450">
     <span class='ocr_line' id='line_1_78' title="bbox 2041 3375 3614 3450; baseline -0.005 -12"><span class='ocrx_word' id='word_1_621' title='bbox 2041 3380 2375 3447; x_wconf 78' lang='grc' dir='ltr'><strong>ἁπαξαπλῶς</strong></span> <span class='ocrx_word' id='word_1_622' title='bbox 2403 3377 2543 3435; x_wconf 77' lang='grc' dir='ltr'><strong>εἶναι</strong></span> <span class='ocrx_word' id='word_1_623' title='bbox 2576 3379 2750 3450; x_wconf 84' lang='grc' dir='ltr'><strong>ἀρχὴν</strong></span> <span class='ocrx_word' id='word_1_624' title='bbox 2804 3376 3123 3446; x_wconf 79' lang='grc' dir='ltr'><strong>πλάσματος</strong></span> <span class='ocrx_word' id='word_1_625' title='bbox 3174 3376 3406 3448; x_wconf 80' lang='grc' dir='ltr'><strong>Κυρίου,</strong></span> <span class='ocrx_word' id='word_1_626' title='bbox 3453 3375 3614 3439; x_wconf 83' lang='grc' dir='ltr'><strong>ἀλλὰ,</strong></span> 
     </span>
    </p>
   </div>
   <div class='ocr_carea' id='block_1_79' title="bbox 2038 3469 3618 3543">
    <p class='ocr_par' dir='ltr' id='par_1_79' title="bbox 2038 3469 3618 3543">
     <span class='ocr_line' id='line_1_79' title="bbox 2038 3469 3618 3543; baseline -0.004 -14"><span class='ocrx_word' id='word_1_627' title='bbox 2038 3475 2249 3530; x_wconf 85' lang='grc' dir='ltr'><strong>πολλῶν</strong></span> <span class='ocrx_word' id='word_1_628' title='bbox 2297 3476 2357 3528; x_wconf 75' lang='grc' dir='ltr'><strong>ὲν</strong></span> <span class='ocrx_word' id='word_1_629' title='bbox 2412 3473 2624 3543; x_wconf 85' lang='grc' dir='ltr'><strong>σώματι</strong></span> <span class='ocrx_word' id='word_1_630' title='bbox 2677 3469 3177 3538; x_wconf 77' lang='grc' dir='ltr'><strong>ὲγκαταπαίζεσθαι</strong></span> <span class='ocrx_word' id='word_1_631' title='bbox 3230 3469 3618 3540; x_wconf 83' lang='grc' dir='ltr'><strong>πεποιημένων</strong></span> 
     </span>
    </p>
   </div>
   <div class='ocr_carea' id='block_1_80' title="bbox 2038 3557 3614 3636">
    <p class='ocr_par' dir='ltr' id='par_1_80' title="bbox 2038 3557 3614 3636">
     <span class='ocr_line' id='line_1_80' title="bbox 2038 3557 3614 3636; baseline -0.003 -14"><span class='ocrx_word' id='word_1_632' title='bbox 2038 3568 2143 3623; x_wconf 80' lang='grc' dir='ltr'><strong>ὑπὸ</strong></span> <span class='ocrx_word' id='word_1_633' title='bbox 2167 3568 2276 3621; x_wconf 88' lang='grc' dir='ltr'><strong>τῶν</strong></span> <span class='ocrx_word' id='word_1_634' title='bbox 2298 3565 2567 3636; x_wconf 77' lang='grc' dir='ltr'><strong>ἀγγέλων,</strong></span> <span class='ocrx_word' id='word_1_635' title='bbox 2596 3564 2784 3618; x_wconf 81' lang='grc' dir='ltr'><strong>τοῦτον</strong></span> <span class='ocrx_word' id='word_1_636' title='bbox 2812 3564 2987 3635; x_wconf 83' lang='grc' dir='ltr'><strong>ἀρχὴν</strong></span> <span class='ocrx_word' id='word_1_637' title='bbox 3011 3563 3120 3617; x_wconf 89' lang='grc' dir='ltr'><strong>τῶν</strong></span> <span class='ocrx_word' id='word_1_638' title='bbox 3148 3564 3405 3617; x_wconf 83' lang='grc' dir='ltr'><strong>τοιούτων</strong></span> <span class='ocrx_word' id='word_1_639' title='bbox 3447 3557 3614 3629; x_wconf 79' lang='grc' dir='ltr'><strong>εἶναι,</strong></span> 
     </span>
    </p>
   </div>
   <div class='ocr_carea' id='block_1_81' title="bbox 2038 3654 3615 3732">
    <p class='ocr_par' dir='ltr' id='par_1_81' title="bbox 2038 3654 3615 3732">
     <span class='ocr_line' id='line_1_81' title="bbox 2038 3654 3615 3732; baseline -0.006 -16"><span class='ocrx_word' id='word_1_640' title='bbox 2038 3661 2352 3732; x_wconf 81' lang='grc' dir='ltr'><strong>δυναμένων</strong></span> <span class='ocrx_word' id='word_1_641' title='bbox 2373 3661 2536 3714; x_wconf 88' lang='grc' dir='ltr'><strong>τινῶν</strong></span> <span class='ocrx_word' id='word_1_642' title='bbox 2578 3660 2845 3729; x_wconf 83' lang='grc' dir='ltr'><strong>ὑπάρχειν</strong></span> <span class='ocrx_word' id='word_1_643' title='bbox 2874 3660 2933 3710; x_wconf 82' lang='grc' dir='ltr'><strong>ὲν</strong></span> <span class='ocrx_word' id='word_1_644' title='bbox 2979 3655 3222 3728; x_wconf 85' lang='grc' dir='ltr'><strong>σώματι·</strong></span> <span class='ocrx_word' id='word_1_645' title='bbox 3262 3656 3362 3726; x_wconf 83' lang='grc' dir='ltr'><strong>οὐχ</strong></span> <span class='ocrx_word' id='word_1_646' title='bbox 3403 3654 3615 3719; x_wconf 74' lang='grc' dir='ltr'><strong>οὕτως’</strong></span> 
     </span>
    </p>
   </div>
   <div class='ocr_carea' id='block_1_82' title="bbox 2040 3749 3618 3827">
    <p class='ocr_par' dir='ltr' id='par_1_82' title="bbox 2040 3749 3618 3827">
     <span class='ocr_line' id='line_1_82' title="bbox 2040 3749 3618 3827; baseline -0.005 -16"><span class='ocrx_word' id='word_1_647' title='bbox 2040 3756 2135 3811; x_wconf 61' lang='grc' dir='ltr'><strong>καὶ⁵</strong></span> <span class='ocrx_word' id='word_1_648' title='bbox 2168 3754 2331 3827; x_wconf 79' lang='grc' dir='ltr'><strong>γὰρῆ</strong></span> <span class='ocrx_word' id='word_1_649' title='bbox 2363 3753 2509 3824; x_wconf 79' lang='grc' dir='ltr'><strong>ψυχὴ</strong></span> <span class='ocrx_word' id='word_1_650' title='bbox 2526 3752 2620 3806; x_wconf 80' lang='grc' dir='ltr'><strong>τοῦ</strong></span> <span class='ocrx_word' id='word_1_651' title='bbox 2644 3752 2797 3823; x_wconf 80' lang='grc' dir='ltr'><strong>ἡλίου</strong></span> <span class='ocrx_word' id='word_1_652' title='bbox 2820 3752 2930 3818; x_wconf 69' lang='grc' dir='ltr'><strong>(τε)</strong></span> <span class='ocrx_word' id='word_1_653' title='bbox 2967 3753 3025 3805; x_wconf 84' lang='grc' dir='ltr'><strong>ὲν</strong></span> <span class='ocrx_word' id='word_1_654' title='bbox 3059 3749 3307 3822; x_wconf 84' lang='grc' dir='ltr'><strong>σώματι,</strong></span> <span class='ocrx_word' id='word_1_655' title='bbox 3341 3751 3437 3804; x_wconf 83' lang='grc' dir='ltr'><strong>καί</strong></span> <span class='ocrx_word' id='word_1_656' title='bbox 3466 3751 3618 3804; x_wconf 81' lang='grc' dir='ltr'><strong>πᾶσα</strong></span> 
     </span>
    </p>
   </div>
   <div class='ocr_carea' id='block_1_83' title="bbox 2038 3838 3620 3918">
    <p class='ocr_par' dir='ltr' id='par_1_83' title="bbox 2038 3838 3620 3918">
     <span class='ocr_line' id='line_1_83' title="bbox 2038 3838 3620 3918; baseline -0.004 -18"><span class='ocrx_word' id='word_1_657' title='bbox 2038 3849 2072 3918; x_wconf 84' lang='grc' dir='ltr'><strong>ή</strong></span> <span class='ocrx_word' id='word_1_658' title='bbox 2097 3846 2293 3910; x_wconf 83' lang='grc' dir='ltr'><strong>κτίσις,</strong></span> <span class='ocrx_word' id='word_1_659' title='bbox 2317 3845 2446 3918; x_wconf 72' lang='grc' dir='ltr'><strong>περὶ</strong></span> <span class='ocrx_word' id='word_1_660' title='bbox 2471 3842 2539 3917; x_wconf 83' lang='grc' dir='ltr'><strong>ἦς</strong></span> <span class='ocrx_word' id='word_1_661' title='bbox 2569 3847 2599 3898; x_wconf 78' lang='grc' dir='ltr'>ὁ</span> <span class='ocrx_word' id='word_1_662' title='bbox 2641 3842 2961 3905; x_wconf 81' lang='grc' dir='ltr'><strong>Ἀπόστολὸς</strong></span> <span class='ocrx_word' id='word_1_663' title='bbox 2989 3858 3150 3912; x_wconf 85' lang='grc' dir='ltr'><strong>φησι·</strong></span> <span class='ocrx_word' id='word_1_664' title='bbox 3184 3838 3360 3895; x_wconf 82' lang='grc' dir='ltr'><strong>Πᾶσα</strong></span> <span class='ocrx_word' id='word_1_665' title='bbox 3406 3842 3447 3909; x_wconf 74' lang='grc' dir='ltr'>ἡ</span> <span class='ocrx_word' id='word_1_666' title='bbox 3492 3842 3620 3894; x_wconf 82' lang='grc' dir='ltr'><strong>κτί-</strong></span> 
     </span>
    </p>
   </div>
   <div class='ocr_carea' id='block_1_84' title="bbox 2039 3932 3620 4004">
    <p class='ocr_par' dir='ltr' id='par_1_84' title="bbox 2039 3932 3620 4004">
     <span class='ocr_line' id='line_1_84' title="bbox 2039 3932 3620 4004; baseline -0.004 -12"><span class='ocrx_word' id='word_1_667' title='bbox 2039 3953 2141 4004; x_wconf 84' lang='grc' dir='ltr'><strong>σις</strong></span> <span class='ocrx_word' id='word_1_668' title='bbox 2165 3934 2433 3997; x_wconf 81' lang='grc' dir='ltr'><strong>στενάζει</strong></span> <span class='ocrx_word' id='word_1_669' title='bbox 2464 3934 2565 3989; x_wconf 76' lang='grc' dir='ltr'><strong>καὶ</strong></span> <span class='ocrx_word' id='word_1_670' title='bbox 2606 3933 2926 3989; x_wconf 80' lang='grc' dir='ltr'><strong>συνωδίνει</strong></span> <span class='ocrx_word' id='word_1_671' title='bbox 2961 3932 3102 4003; x_wconf 79' lang='grc' dir='ltr'><strong>ἄχρι</strong></span> <span class='ocrx_word' id='word_1_672' title='bbox 3156 3932 3263 3986; x_wconf 88' lang='grc' dir='ltr'><strong>τοῦ</strong></span> <span class='ocrx_word' id='word_1_673' title='bbox 3318 3932 3474 3986; x_wconf 78' lang='grc' dir='ltr'><strong>νῦν·</strong></span> <span class='ocrx_word' id='word_1_674' title='bbox 3524 3934 3620 3986; x_wconf 79' lang='grc' dir='ltr'><strong>καὶ</strong></span> 
     </span>
    </p>
   </div>
   <div class='ocr_carea' id='block_1_85' title="bbox 2040 4026 3616 4102">
    <p class='ocr_par' dir='ltr' id='par_1_85' title="bbox 2040 4026 3616 4102">
     <span class='ocr_line' id='line_1_85' title="bbox 2040 4026 3616 4102; baseline -0.004 -18"><span class='ocrx_word' id='word_1_675' title='bbox 2040 4032 2180 4102; x_wconf 85' lang='grc' dir='ltr'><strong>τάχα</strong></span> <span class='ocrx_word' id='word_1_676' title='bbox 2212 4029 2339 4100; x_wconf 75' lang='grc' dir='ltr'><strong>περὶ</strong></span> <span class='ocrx_word' id='word_1_677' title='bbox 2370 4028 2581 4098; x_wconf 73' lang='grc' dir='ltr'><strong>ἐκείνης,</strong></span> <span class='ocrx_word' id='word_1_678' title='bbox 2611 4027 2729 4081; x_wconf 61' lang='grc' dir='ltr'><strong>ἐστὶ</strong></span> <span class='ocrx_word' id='word_1_679' title='bbox 2756 4027 2819 4080; x_wconf 88' lang='grc' dir='ltr'><strong>τό</strong></span> <span class='ocrx_word' id='word_1_680' title='bbox 2842 4043 2857 4057; x_wconf 93' lang='grc'><strong>·</strong></span> <span class='ocrx_word' id='word_1_681' title='bbox 2901 4026 2983 4095; x_wconf 72' lang='grc' dir='ltr'><strong>Τῇ</strong></span> <span class='ocrx_word' id='word_1_682' title='bbox 3008 4026 3356 4096; x_wconf 82' lang='grc' dir='ltr'><strong>ματαιότητι</strong></span> <span class='ocrx_word' id='word_1_683' title='bbox 3394 4027 3434 4095; x_wconf 80' lang='grc' dir='ltr'><em>ὴ</em></span> <span class='ocrx_word' id='word_1_684' title='bbox 3488 4026 3616 4079; x_wconf 78' lang='grc' dir='ltr'><strong>κτί-</strong></span> 
     </span>
    </p>
   </div>
   <div class='ocr_carea' id='block_1_86' title="bbox 2040 4113 3617 4189">
    <p class='ocr_par' dir='ltr' id='par_1_86' title="bbox 2040 4113 3617 4189">
     <span class='ocr_line' id='line_1_86' title="bbox 2040 4113 3617 4189; baseline -0.004 -15"><span class='ocrx_word' id='word_1_685' title='bbox 2040 4137 2142 4186; x_wconf 90' lang='grc' dir='ltr'><strong>σις</strong></span> <span class='ocrx_word' id='word_1_686' title='bbox 2162 4116 2427 4189; x_wconf 75' lang='grc' dir='ltr'><strong>ὑπετάγη</strong></span> <span class='ocrx_word' id='word_1_687' title='bbox 2454 4119 2567 4187; x_wconf 85' lang='grc' dir='ltr'><strong>οὐχ</strong></span> <span class='ocrx_word' id='word_1_688' title='bbox 2596 4116 2845 4179; x_wconf 83' lang='grc' dir='ltr'><strong>ἑκοῦσα,</strong></span> <span class='ocrx_word' id='word_1_689' title='bbox 2877 4115 3038 4171; x_wconf 69' lang='grc' dir='ltr'><strong>ἀλλὰ</strong></span> <span class='ocrx_word' id='word_1_690' title='bbox 3083 4115 3181 4169; x_wconf 84' lang='grc' dir='ltr'><strong>διὰ</strong></span> <span class='ocrx_word' id='word_1_691' title='bbox 3227 4114 3334 4168; x_wconf 79' lang='grc' dir='ltr'><strong>τὸν</strong></span> <span class='ocrx_word' id='word_1_692' title='bbox 3390 4113 3617 4169; x_wconf 84' lang='grc' dir='ltr'><strong>ὑποτά-</strong></span> 
     </span>
    </p>
   </div>
   <div class='ocr_carea' id='block_1_87' title="bbox 2043 4205 3617 4284">
    <p class='ocr_par' dir='ltr' id='par_1_87' title="bbox 2043 4205 3617 4284">
     <span class='ocr_line' id='line_1_87' title="bbox 2043 4205 3617 4284; baseline -0.003 -16"><span class='ocrx_word' id='word_1_693' title='bbox 2043 4214 2232 4280; x_wconf 75' lang='grc' dir='ltr'><strong>ξαντα</strong></span> <span class='ocrx_word' id='word_1_694' title='bbox 2264 4211 2339 4281; x_wconf 74' lang='grc' dir='ltr'><strong>τῇ</strong></span> <span class='ocrx_word' id='word_1_695' title='bbox 2373 4211 2593 4275; x_wconf 77' lang='grc' dir='ltr'><strong>ἐλπίδι,</strong></span> <span class='ocrx_word' id='word_1_696' title='bbox 2625 4213 2711 4265; x_wconf 82' lang='grc' dir='ltr'><strong>ἵνα</strong></span> <span class='ocrx_word' id='word_1_697' title='bbox 2737 4213 2794 4265; x_wconf 80' lang='grc' dir='ltr'><strong>ὲν</strong></span> <span class='ocrx_word' id='word_1_698' title='bbox 2831 4210 3150 4281; x_wconf 85' lang='grc' dir='ltr'><strong>ματαιότητι</strong></span> <span class='ocrx_word' id='word_1_699' title='bbox 3200 4210 3270 4263; x_wconf 81' lang='grc' dir='ltr'><strong>τὰ</strong></span> <span class='ocrx_word' id='word_1_700' title='bbox 3300 4208 3531 4280; x_wconf 86' lang='grc' dir='ltr'><strong>σώματα</strong></span> <span class='ocrx_word' id='word_1_701' title='bbox 3560 4205 3617 4284; x_wconf 77' lang='grc' dir='ltr'><strong>ᾗ,</strong></span> 
     </span>
    </p>
   </div>
   <div class='ocr_carea' id='block_1_88' title="bbox 2042 4303 3621 4376">
    <p class='ocr_par' dir='ltr' id='par_1_88' title="bbox 2042 4303 3621 4376">
     <span class='ocr_line' id='line_1_88' title="bbox 2042 4303 3621 4376; baseline -0.003 -14"><span class='ocrx_word' id='word_1_702' title='bbox 2042 4308 2139 4363; x_wconf 75' lang='grc' dir='ltr'><strong>καὶ</strong></span> <span class='ocrx_word' id='word_1_703' title='bbox 2163 4308 2222 4361; x_wconf 84' lang='grc' dir='ltr'><strong>τὸ</strong></span> <span class='ocrx_word' id='word_1_704' title='bbox 2245 4310 2415 4360; x_wconf 84' lang='grc' dir='ltr'><strong>ποιεῖν</strong></span> <span class='ocrx_word' id='word_1_705' title='bbox 2440 4306 2508 4360; x_wconf 85' lang='grc' dir='ltr'><strong>τὰ</strong></span> <span class='ocrx_word' id='word_1_706' title='bbox 2537 4305 2823 4376; x_wconf 87' lang='grc' dir='ltr'><strong>σωματικὰ</strong></span> <span class='ocrx_word' id='word_1_707' title='bbox 2843 4322 2857 4336; x_wconf 86' lang='grc'><strong>·</strong></span> <span class='ocrx_word' id='word_1_708' title='bbox 2885 4305 3024 4375; x_wconf 83' lang='grc' dir='ltr'><strong>ὅπερ</strong></span> <span class='ocrx_word' id='word_1_709' title='bbox 3047 4304 3338 4372; x_wconf 83' lang='grc' dir='ltr'><strong>ἀναγκαῖον</strong></span> <span class='ocrx_word' id='word_1_710' title='bbox 3541 4303 3621 4375; x_wconf 84' lang='grc' dir='ltr'><strong>τῷ</strong></span> 
     </span>
    </p>
   </div>
   <div class='ocr_carea' id='block_1_89' title="bbox 2042 4396 3620 4470">
    <p class='ocr_par' dir='ltr' id='par_1_89' title="bbox 2042 4396 3620 4470">
     <span class='ocr_line' id='line_1_89' title="bbox 2042 4396 3620 4470; baseline -0.001 -17"><span class='ocrx_word' id='word_1_711' title='bbox 2042 4402 2103 4453; x_wconf 81' lang='grc' dir='ltr'><strong>ὲν</strong></span> <span class='ocrx_word' id='word_1_712' title='bbox 2137 4399 2347 4470; x_wconf 84' lang='grc' dir='ltr'><strong>σώματι</strong></span> <span class='ocrx_word' id='word_1_713' title='bbox 2460 4398 2569 4469; x_wconf 76' lang='lat'><strong>(75)</strong></span> <span class='ocrx_word' id='word_1_714' title='bbox 2596 4398 2832 4470; x_wconf 77' lang='grc' dir='ltr'><strong>ὑπάρχει</strong></span> <span class='ocrx_word' id='word_1_715' title='bbox 2860 4399 2889 4450; x_wconf 85' lang='grc' dir='ltr'><strong>ό</strong></span> <span class='ocrx_word' id='word_1_716' title='bbox 2913 4399 2970 4450; x_wconf 82' lang='grc' dir='ltr'><strong>ὲν</strong></span> <span class='ocrx_word' id='word_1_717' title='bbox 2998 4396 3208 4468; x_wconf 87' lang='grc' dir='ltr'><strong>σώματι</strong></span> <span class='ocrx_word' id='word_1_718' title='bbox 3232 4396 3341 4467; x_wconf 72' lang='grc'><strong>(74)</strong></span> <span class='ocrx_word' id='word_1_719' title='bbox 3362 4397 3464 4468; x_wconf 86' lang='grc' dir='ltr'><strong>οὐχ</strong></span> <span class='ocrx_word' id='word_1_720' title='bbox 3478 4397 3620 4451; x_wconf 75' lang='grc' dir='ltr'><strong>ἑκὼν</strong></span> 
     </span>
    </p>
   </div>
   <div class='ocr_carea' id='block_1_90' title="bbox 2044 4488 3617 4562">
    <p class='ocr_par' dir='ltr' id='par_1_90' title="bbox 2044 4488 3617 4562">
     <span class='ocr_line' id='line_1_90' title="bbox 2044 4488 3617 4562; baseline -0.003 -15"><span class='ocrx_word' id='word_1_721' title='bbox 2044 4497 2187 4548; x_wconf 83' lang='grc' dir='ltr'><strong>ποιεῖ</strong></span> <span class='ocrx_word' id='word_1_722' title='bbox 2203 4492 2272 4545; x_wconf 80' lang='grc' dir='ltr'><strong>τὰ</strong></span> <span class='ocrx_word' id='word_1_723' title='bbox 2317 4491 2424 4545; x_wconf 82' lang='grc' dir='ltr'><strong>τοῦ·</strong></span> <span class='ocrx_word' id='word_1_724' title='bbox 2453 4489 2724 4561; x_wconf 83' lang='grc' dir='ltr'><strong>σώματος.</strong></span> <span class='ocrx_word' id='word_1_725' title='bbox 2774 4489 2873 4544; x_wconf 85' lang='grc' dir='ltr'><strong>Διὰ</strong></span> <span class='ocrx_word' id='word_1_726' title='bbox 2906 4488 3064 4542; x_wconf 83' lang='grc' dir='ltr'><strong>τοῦτο</strong></span> <span class='ocrx_word' id='word_1_727' title='bbox 3098 4491 3165 4560; x_wconf 82' lang='grc' dir='ltr'><strong>τῇ</strong></span> <span class='ocrx_word' id='word_1_728' title='bbox 3216 4489 3539 4562; x_wconf 85' lang='grc' dir='ltr'><strong>ματαιότητι</strong></span> <span class='ocrx_word' id='word_1_729' title='bbox 3584 4491 3617 4560; x_wconf 78' lang='grc' dir='ltr'><strong>ἡ</strong></span> 
     </span>
    </p>
   </div>
   <div class='ocr_carea' id='block_1_91' title="bbox 2046 4580 3621 4654">
    <p class='ocr_par' dir='ltr' id='par_1_91' title="bbox 2046 4580 3621 4654">
     <span class='ocr_line' id='line_1_91' title="bbox 2046 4580 3621 4654; baseline -0.005 -11"><span class='ocrx_word' id='word_1_730' title='bbox 2046 4588 2223 4650; x_wconf 84' lang='grc' dir='ltr'><strong>κτίσις</strong></span> <span class='ocrx_word' id='word_1_731' title='bbox 2250 4585 2495 4654; x_wconf 78' lang='grc' dir='ltr'><strong>ὑπετάγη</strong></span> <span class='ocrx_word' id='word_1_732' title='bbox 2536 4584 2635 4654; x_wconf 77' lang='grc' dir='ltr'><strong>οὐχ</strong></span> <span class='ocrx_word' id='word_1_733' title='bbox 2672 4581 2871 4637; x_wconf 76' lang='grc' dir='ltr'><strong>ἑκοῦσα</strong></span> <span class='ocrx_word' id='word_1_734' title='bbox 2890 4622 2905 4645; x_wconf 86' lang='grc'><em>,</em></span> <span class='ocrx_word' id='word_1_735' title='bbox 2940 4581 3034 4635; x_wconf 78' lang='grc' dir='ltr'><strong>καὶ</strong></span> <span class='ocrx_word' id='word_1_736' title='bbox 3076 4582 3106 4633; x_wconf 86' lang='grc' dir='ltr'>ὁ</span> <span class='ocrx_word' id='word_1_737' title='bbox 3138 4583 3235 4652; x_wconf 77' lang='grc' dir='ltr'><strong>οὐχ</strong></span> <span class='ocrx_word' id='word_1_738' title='bbox 3269 4580 3409 4635; x_wconf 80' lang='grc' dir='ltr'><strong>ἑκὼν</strong></span> <span class='ocrx_word' id='word_1_739' title='bbox 3451 4581 3621 4635; x_wconf 84' lang='grc' dir='ltr'><strong>ποιῶν</strong></span> 
     </span>
    </p>
   </div>
   <div class='ocr_carea' id='block_1_92' title="bbox 372 4672 1934 4754">
    <p class='ocr_par' dir='ltr' id='par_1_92' title="bbox 372 4681 1934 4754">
     <span class='ocr_line' id='line_1_92' title="bbox 372 4681 1934 4754; baseline 0 -17"><span class='ocrx_word' id='word_1_740' title='bbox 372 4692 459 4738; x_wconf 88' lang='lat' dir='ltr'><strong>est</strong></span> <span class='ocrx_word' id='word_1_741' title='bbox 481 4698 587 4739; x_wconf 88' lang='lat' dir='ltr'><strong>non</strong></span> <span class='ocrx_word' id='word_1_742' title='bbox 618 4683 842 4752; x_wconf 80' lang='lat' dir='ltr'><strong>volens;</strong></span> <span class='ocrx_word' id='word_1_743' title='bbox 872 4694 927 4741; x_wconf 91' lang='lat' dir='ltr'><strong>et</strong></span> <span class='ocrx_word' id='word_1_744' title='bbox 958 4685 1050 4754; x_wconf 90' lang='lat' dir='ltr'><strong>qui</strong></span> <span class='ocrx_word' id='word_1_745' title='bbox 1102 4698 1210 4738; x_wconf 91' lang='lat' dir='ltr'><strong>non</strong></span> <span class='ocrx_word' id='word_1_746' title='bbox 1240 4683 1352 4738; x_wconf 85' lang='lat' dir='ltr'><strong>vult</strong></span> <span class='ocrx_word' id='word_1_747' title='bbox 1380 4697 1500 4753; x_wconf 77' lang='lat' dir='ltr'><strong>qua:</strong></span> <span class='ocrx_word' id='word_1_748' title='bbox 1522 4692 1651 4737; x_wconf 89' lang='lat' dir='ltr'><strong>sunt</strong></span> <span class='ocrx_word' id='word_1_749' title='bbox 1685 4681 1790 4753; x_wconf 79' lang='lat'><strong>19</strong></span> <span class='ocrx_word' id='word_1_750' title='bbox 1815 4698 1934 4737; x_wconf 90' lang='lat' dir='ltr'><strong>cor-</strong></span> 
     </span>
    </p>
   </div>
   <div class='ocr_carea' id='block_1_93' title="bbox 2083 4672 3621 4754">
    <p class='ocr_par' dir='ltr' id='par_1_93' title="bbox 2083 4672 3621 4750">
     <span class='ocr_line' id='line_1_93' title="bbox 2083 4672 3621 4750; baseline -0.004 -17"><span class='ocrx_word' id='word_1_751' title='bbox 2083 4680 2110 4735; x_wconf 58' lang='lat'><strong><em>2</em></strong></span> <span class='ocrx_word' id='word_1_752' title='bbox 2135 4678 2401 4750; x_wconf 83' lang='grc' dir='ltr'><strong>σώματος,</strong></span> <span class='ocrx_word' id='word_1_753' title='bbox 2422 4676 2451 4729; x_wconf 85' lang='grc' dir='ltr'><strong>δ</strong></span> <span class='ocrx_word' id='word_1_754' title='bbox 2480 4678 2642 4740; x_wconf 77' lang='grc' dir='ltr'><strong>ποιεῖ,</strong></span> <span class='ocrx_word' id='word_1_755' title='bbox 2665 4675 2807 4728; x_wconf 87' lang='grc' dir='ltr'><strong>ποιεῖ</strong></span> <span class='ocrx_word' id='word_1_756' title='bbox 2836 4672 2924 4726; x_wconf 85' lang='grc' dir='ltr'><strong>διὰ</strong></span> <span class='ocrx_word' id='word_1_757' title='bbox 2947 4672 3041 4745; x_wconf 76' lang='grc' dir='ltr'><strong>τὴν</strong></span> <span class='ocrx_word' id='word_1_758' title='bbox 3084 4672 3295 4739; x_wconf 79' lang='grc' dir='ltr'><strong>ἐλπίδα,</strong></span> <span class='ocrx_word' id='word_1_759' title='bbox 3345 4673 3420 4737; x_wconf 80' lang='grc' dir='ltr'><strong>ὡς</strong></span> <span class='ocrx_word' id='word_1_760' title='bbox 3448 4676 3497 4728; x_wconf 81' lang='grc' dir='ltr'><strong>εί</strong></span> <span class='ocrx_word' id='word_1_761' title='bbox 3533 4674 3621 4728; x_wconf 82' lang='grc' dir='ltr'><strong>λέ-</strong></span> 
     </span>
    </p>
   </div>
   <div class='ocr_carea' id='block_1_94' title="bbox 481 4796 1934 4868">
    <p class='ocr_par' dir='ltr' id='par_1_94' title="bbox 481 4799 1930 4868">
     <span class='ocr_line' id='line_1_94' title="bbox 481 4799 1930 4868; baseline 0 -12"><span class='ocrx_word' id='word_1_762' title='bbox 481 4800 530 4834; x_wconf 73' lang='grc'><strong>⁸⁸</strong></span> <span class='ocrx_word' id='word_1_763' title='bbox 572 4801 709 4856; x_wconf 79' lang='lat' dir='ltr'><strong>Gen.</strong></span> <span class='ocrx_word' id='word_1_764' title='bbox 766 4817 805 4866; x_wconf 81' lang='grc' dir='ltr'><strong>ι,</strong></span> <span class='ocrx_word' id='word_1_765' title='bbox 853 4801 906 4856; x_wconf 81' lang='grc'><strong>1.</strong></span> <span class='ocrx_word' id='word_1_766' title='bbox 978 4801 1025 4834; x_wconf 82' lang='grc'><strong>⁸⁵</strong></span> <span class='ocrx_word' id='word_1_767' title='bbox 1066 4800 1168 4857; x_wconf 86' lang='lat' dir='ltr'><strong>Job</strong></span> <span class='ocrx_word' id='word_1_768' title='bbox 1212 4817 1301 4868; x_wconf 72' lang='grc' dir='ltr'><strong>ιι,</strong></span> <span class='ocrx_word' id='word_1_769' title='bbox 1350 4800 1436 4855; x_wconf 76' lang='grc'><strong>14.</strong></span> <span class='ocrx_word' id='word_1_770' title='bbox 1512 4800 1558 4832; x_wconf 84' lang='grc'><strong>⁸⁸</strong></span> <span class='ocrx_word' id='word_1_771' title='bbox 1600 4799 1701 4857; x_wconf 84' lang='lat' dir='ltr'><strong>Job</strong></span> <span class='ocrx_word' id='word_1_772' title='bbox 1753 4817 1837 4868; x_wconf 86' lang='lat' dir='ltr'><strong>Ill,</strong></span> <span class='ocrx_word' id='word_1_773' title='bbox 1876 4802 1930 4857; x_wconf 87' lang='lat'><strong>8.</strong></span> 
     </span>
    </p>
   </div>
   <div class='ocr_carea' id='block_1_95' title="bbox 2083 4796 2488 4868">
    <p class='ocr_par' dir='ltr' id='par_1_95' title="bbox 2092 4796 2488 4861">
     <span class='ocr_line' id='line_1_95' title="bbox 2092 4796 2488 4861; baseline -0.013 -7"><span class='ocrx_word' id='word_1_774' title='bbox 2092 4798 2193 4855; x_wconf 82' lang='lat' dir='ltr'><strong>Job</strong></span> <span class='ocrx_word' id='word_1_775' title='bbox 2263 4814 2350 4861; x_wconf 69' lang='grc' dir='ltr'><strong>ιι,</strong></span> <span class='ocrx_word' id='word_1_776' title='bbox 2398 4796 2488 4850; x_wconf 68' lang='grc'><strong>14.</strong></span> 
     </span>
    </p>
   </div>
   <div class='ocr_carea' id='block_1_96' title="bbox 452 4891 1473 4965">
    <p class='ocr_par' dir='ltr' id='par_1_96' title="bbox 452 4891 1473 4965">
     <span class='ocr_line' id='line_1_96' title="bbox 452 4891 1473 4965; baseline 0.004 -20"><span class='ocrx_word' id='word_1_777' title='bbox 452 4892 588 4965; x_wconf 66' lang='lat' dir='ltr'><strong>(99f)</strong></span> <span class='ocrx_word' id='word_1_778' title='bbox 625 4891 881 4965; x_wconf 64' lang='lat' dir='ltr'><strong>Fortasse</strong></span> <span class='ocrx_word' id='word_1_779' title='bbox 903 4891 1193 4965; x_wconf 80' lang='lat' dir='ltr'><strong>legendum</strong></span> <span class='ocrx_word' id='word_1_780' title='bbox 1224 4896 1284 4965; x_wconf 76' lang='grc' dir='ltr'><strong>ἤ.</strong></span> <span class='ocrx_word' id='word_1_781' title='bbox 1318 4894 1473 4949; x_wconf 74' lang='lat' dir='ltr'><strong>Enn.</strong></span> 
     </span>
    </p>
   </div>
   <div class='ocr_carea' id='block_1_97' title="bbox 449 4962 1942 5036">
    <p class='ocr_par' dir='ltr' id='par_1_97' title="bbox 449 4962 1942 5036">
     <span class='ocr_line' id='line_1_97' title="bbox 449 4962 1942 5036; baseline 0.001 -20"><span class='ocrx_word' id='word_1_782' title='bbox 449 4962 560 5035; x_wconf 79' lang='lat'><strong>(70)</strong></span> <span class='ocrx_word' id='word_1_783' title='bbox 586 4962 833 5036; x_wconf 61' lang='grc' dir='ltr'><strong>Βέλτιοις</strong></span> <span class='ocrx_word' id='word_1_784' title='bbox 854 4962 946 5036; x_wconf 57' lang='lat' dir='ltr'><strong>se,</strong></span> <span class='ocrx_word' id='word_1_785' title='bbox 966 4962 1062 5036; x_wconf 49' lang='lat' dir='ltr'><strong>ibi;</strong></span> <span class='ocrx_word' id='word_1_786' title='bbox 1076 4964 1226 5033; x_wconf 81' lang='grc' dir='ltr'><strong>πρὸς</strong></span> <span class='ocrx_word' id='word_1_787' title='bbox 1249 4962 1338 5029; x_wconf 84' lang='grc' dir='ltr'><strong>τό,</strong></span> <span class='ocrx_word' id='word_1_788' title='bbox 1374 4975 1491 5036; x_wconf 88' lang='lat' dir='ltr'><strong>_etc.</strong></span> <span class='ocrx_word' id='word_1_789' title='bbox 1544 4964 1659 5019; x_wconf 80' lang='lat' dir='ltr'><strong>Alia</strong></span> <span class='ocrx_word' id='word_1_790' title='bbox 1689 4969 1942 5036; x_wconf 77' lang='lat' dir='ltr'><strong>proponit</strong></span> 
     </span>
    </p>
   </div>
   <div class='ocr_carea' id='block_1_98' title="bbox 378 5033 1941 5104">
    <p class='ocr_par' dir='ltr' id='par_1_98' title="bbox 378 5033 1941 5104">
     <span class='ocr_line' id='line_1_98' title="bbox 378 5033 1941 5104; baseline -0.001 -14"><span class='ocrx_word' id='word_1_791' title='bbox 378 5033 640 5104; x_wconf 75' lang='lat' dir='ltr'><strong>Origenes</strong></span> <span class='ocrx_word' id='word_1_792' title='bbox 669 5033 858 5104; x_wconf 67' lang='lat' dir='ltr'><strong>homij.</strong></span> <span class='ocrx_word' id='word_1_793' title='bbox 887 5049 904 5088; x_wconf 85' lang='grc' dir='ltr'><strong>ι</strong></span> <span class='ocrx_word' id='word_1_794' title='bbox 930 5034 983 5088; x_wconf 85' lang='lat' dir='ltr'><strong>in</strong></span> <span class='ocrx_word' id='word_1_795' title='bbox 1022 5033 1260 5090; x_wconf 78' lang='lat' dir='ltr'><strong>Genesim</strong></span> <span class='ocrx_word' id='word_1_796' title='bbox 1292 5050 1311 5088; x_wconf 89' lang='lat'><strong><em>:</em></strong></span> <span class='ocrx_word' id='word_1_797' title='bbox 1357 5034 1487 5091; x_wconf 84' lang='lat' dir='ltr'><strong>Cum</strong></span> <span class='ocrx_word' id='word_1_798' title='bbox 1534 5033 1941 5104; x_wconf 38' lang='lat' dir='ltr'><strong>euim’ea’qua:</strong></span> 
     </span>
    </p>
   </div>
   <div class='ocr_carea' id='block_1_99' title="bbox 378 5101 1940 5187">
    <p class='ocr_par' dir='ltr' id='par_1_99' title="bbox 378 5101 1940 5187">
     <span class='ocr_line' id='line_1_99' title="bbox 378 5101 1940 5187; baseline 0 -32"><span class='ocrx_word' id='word_1_799' title='bbox 378 5101 617 5187; x_wconf 69' lang='lat' dir='ltr'><strong>{acturus</strong></span> <span class='ocrx_word' id='word_1_800' title='bbox 651 5113 763 5158; x_wconf 89' lang='lat' dir='ltr'><strong>erat</strong></span> <span class='ocrx_word' id='word_1_801' title='bbox 794 5101 960 5186; x_wconf 64' lang='lat' dir='ltr'><strong>Deus,</strong></span> <span class='ocrx_word' id='word_1_802' title='bbox 995 5121 1060 5187; x_wconf 64' lang='lat' dir='ltr'><strong>ea:</strong></span> <span class='ocrx_word' id='word_1_803' title='bbox 1084 5105 1273 5187; x_wconf 74' lang='lat' dir='ltr'><strong>spiritu</strong></span> <span class='ocrx_word' id='word_1_804' title='bbox 1298 5117 1591 5186; x_wconf 74' lang='lat' dir='ltr'><strong>constarent</strong></span> <span class='ocrx_word' id='word_1_805' title='bbox 1614 5115 1663 5160; x_wconf 85' lang='lat' dir='ltr'><strong>et</strong></span> <span class='ocrx_word' id='word_1_806' title='bbox 1703 5101 1940 5187; x_wconf 64' lang='lat' dir='ltr'><strong>corpore,</strong></span> 
     </span>
    </p>
   </div>
   <div class='ocr_carea' id='block_1_100' title="bbox 378 5174 1943 5243">
    <p class='ocr_par' dir='ltr' id='par_1_100' title="bbox 378 5174 1943 5243">
     <span class='ocr_line' id='line_1_100' title="bbox 378 5174 1943 5243; baseline 0 -15"><span class='ocrx_word' id='word_1_807' title='bbox 378 5174 483 5228; x_wconf 85' lang='lat' dir='ltr'><strong>ista</strong></span> <span class='ocrx_word' id='word_1_808' title='bbox 517 5174 582 5243; x_wconf 85' lang='lat' dir='ltr'><strong>de</strong></span> <span class='ocrx_word' id='word_1_809' title='bbox 611 5190 773 5227; x_wconf 89' lang='lat' dir='ltr'><strong>causa</strong></span> <span class='ocrx_word' id='word_1_810' title='bbox 801 5175 857 5228; x_wconf 90' lang='lat' dir='ltr'><strong>in</strong></span> <span class='ocrx_word' id='word_1_811' title='bbox 877 5174 1139 5243; x_wconf 86' lang='lat' dir='ltr'><strong>principio</strong></span> <span class='ocrx_word' id='word_1_812' title='bbox 1169 5184 1218 5228; x_wconf 86' lang='lat' dir='ltr'><strong>et</strong></span> <span class='ocrx_word' id='word_1_813' title='bbox 1256 5187 1375 5229; x_wconf 85' lang='lat' dir='ltr'><strong>ante</strong></span> <span class='ocrx_word' id='word_1_814' title='bbox 1405 5177 1582 5230; x_wconf 85' lang='lat' dir='ltr'><strong>omnia</strong></span> <span class='ocrx_word' id='word_1_815' title='bbox 1631 5174 1815 5230; x_wconf 71' lang='lat' dir='ltr'><strong>emtum</strong></span> <span class='ocrx_word' id='word_1_816' title='bbox 1861 5177 1943 5229; x_wconf 87' lang='lat' dir='ltr'><strong>di-</strong></span> 
     </span>
    </p>
   </div>
   <div class='ocr_carea' id='block_1_101' title="bbox 378 5242 1944 5314">
    <p class='ocr_par' dir='ltr' id='par_1_101' title="bbox 378 5242 1944 5314">
     <span class='ocr_line' id='line_1_101' title="bbox 378 5242 1944 5314; baseline 0.002 -17"><span class='ocrx_word' id='word_1_817' title='bbox 378 5246 517 5299; x_wconf 80' lang='lat' dir='ltr'><strong>citur</strong></span> <span class='ocrx_word' id='word_1_818' title='bbox 536 5242 773 5314; x_wconf 77' lang='lat' dir='ltr'><strong>factum,</strong></span> <span class='ocrx_word' id='word_1_819' title='bbox 791 5244 847 5298; x_wconf 82' lang='lat' dir='ltr'><strong>id</strong></span> <span class='ocrx_word' id='word_1_820' title='bbox 868 5254 965 5312; x_wconf 88' lang='lat' dir='ltr'><strong>est,</strong></span> <span class='ocrx_word' id='word_1_821' title='bbox 990 5242 1156 5298; x_wconf 88' lang='lat' dir='ltr'><strong>omnis</strong></span> <span class='ocrx_word' id='word_1_822' title='bbox 1185 5246 1442 5314; x_wconf 85' lang='lat' dir='ltr'><strong>spiritalis</strong></span> <span class='ocrx_word' id='word_1_823' title='bbox 1493 5246 1806 5311; x_wconf 81' lang='lat' dir='ltr'><strong>substantia,</strong></span> <span class='ocrx_word' id='word_1_824' title='bbox 1855 5262 1944 5300; x_wconf 87' lang='lat' dir='ltr'><strong>su-</strong></span> 
     </span>
    </p>
   </div>
   <div class='ocr_carea' id='block_1_102' title="bbox 377 5313 1945 5385">
    <p class='ocr_par' dir='ltr' id='par_1_102' title="bbox 377 5313 1945 5385">
     <span class='ocr_line' id='line_1_102' title="bbox 377 5313 1945 5385; baseline 0.001 -17"><span class='ocrx_word' id='word_1_825' title='bbox 377 5332 469 5378; x_wconf 81' lang='lat' dir='ltr'><strong>per</strong></span> <span class='ocrx_word' id='word_1_826' title='bbox 499 5313 838 5385; x_wconf 56' lang='lat' dir='ltr'><strong>quamcum</strong></span> <span class='ocrx_word' id='word_1_827' title='bbox 868 5315 925 5370; x_wconf 86' lang='lat' dir='ltr'><strong>in</strong></span> <span class='ocrx_word' id='word_1_828' title='bbox 945 5315 1133 5385; x_wconf 60' lang='lat' dir='ltr'><strong>throno</strong></span> <span class='ocrx_word' id='word_1_829' title='bbox 1170 5313 1398 5385; x_wconf 84' lang='lat' dir='ltr'><strong>quodam</strong></span> <span class='ocrx_word' id='word_1_830' title='bbox 1435 5325 1483 5368; x_wconf 86' lang='lat' dir='ltr'><strong>et</strong></span> <span class='ocrx_word' id='word_1_831' title='bbox 1510 5317 1631 5369; x_wconf 86' lang='lat' dir='ltr'><strong>sede</strong></span> <span class='ocrx_word' id='word_1_832' title='bbox 1672 5315 1812 5371; x_wconf 86' lang='lat' dir='ltr'><strong>Deus</strong></span> <span class='ocrx_word' id='word_1_833' title='bbox 1870 5333 1945 5370; x_wconf 83' lang='lat' dir='ltr'><strong>re-</strong></span> 
     </span>
    </p>
   </div>
   <div class='ocr_carea' id='block_1_103' title="bbox 377 5382 1945 5459">
    <p class='ocr_par' dir='ltr' id='par_1_103' title="bbox 377 5382 1945 5459">
     <span class='ocr_line' id='line_1_103' title="bbox 377 5382 1945 5459; baseline 0.002 -22"><span class='ocrx_word' id='word_1_834' title='bbox 377 5382 614 5459; x_wconf 68' lang='lat' dir='ltr'><strong>quiescit.</strong></span> <span class='ocrx_word' id='word_1_835' title='bbox 640 5382 751 5439; x_wconf 86' lang='lat' dir='ltr'><strong>Nec</strong></span> <span class='ocrx_word' id='word_1_836' title='bbox 779 5386 912 5440; x_wconf 86' lang='lat' dir='ltr'><strong>satis</strong></span> <span class='ocrx_word' id='word_1_837' title='bbox 938 5382 1225 5459; x_wconf 71' lang='lat' dir='ltr'><strong>aliquando</strong></span> <span class='ocrx_word' id='word_1_838' title='bbox 1248 5395 1460 5454; x_wconf 86' lang='lat' dir='ltr'><strong>tempus</strong></span> <span class='ocrx_word' id='word_1_839' title='bbox 1493 5401 1600 5452; x_wconf 87' lang='lat' dir='ltr'><strong>quo</strong></span> <span class='ocrx_word' id='word_1_840' title='bbox 1625 5388 1791 5459; x_wconf 73' lang='lat' dir='ltr'><strong>creati</strong></span> <span class='ocrx_word' id='word_1_841' title='bbox 1807 5396 1945 5459; x_wconf 63' lang='lat' dir='ltr'><strong>sunt</strong></span> 
     </span>
    </p>
   </div>
   <div class='ocr_carea' id='block_1_104' title="bbox 379 5453 1945 5524">
    <p class='ocr_par' dir='ltr' id='par_1_104' title="bbox 379 5453 1945 5524">
     <span class='ocr_line' id='line_1_104' title="bbox 379 5453 1945 5524; baseline 0.003 -19"><span class='ocrx_word' id='word_1_842' title='bbox 379 5453 555 5524; x_wconf 66' lang='lat' dir='ltr'><strong>angeli</strong></span> <span class='ocrx_word' id='word_1_843' title='bbox 589 5468 917 5524; x_wconf 73' lang='lat' dir='ltr'><strong>cognoscere</strong></span> <span class='ocrx_word' id='word_1_844' title='bbox 950 5453 1370 5524; x_wconf 34' lang='lat' dir='ltr'><strong>se’prolltetur’</strong></span> <span class='ocrx_word' id='word_1_845' title='bbox 1403 5468 1632 5524; x_wconf 75' lang='lat' dir='ltr'><strong>promtu.</strong></span> <span class='ocrx_word' id='word_1_846' title='bbox 1701 5453 1819 5509; x_wconf 89' lang='lat' dir='ltr'><strong>libri</strong></span> <span class='ocrx_word' id='word_1_847' title='bbox 1870 5454 1945 5509; x_wconf 84' lang='lat' dir='ltr'><strong>De</strong></span> 
     </span>
    </p>
   </div>
   <div class='ocr_carea' id='block_1_105' title="bbox 379 5470 1091 5594">
    <p class='ocr_par' dir='ltr' id='par_1_105' title="bbox 379 5470 1091 5594">
     <span class='ocr_line' id='line_1_105' title="bbox 379 5470 1091 5576; baseline 0.006 -71"><span class='ocrx_word' id='word_1_848' title='bbox 379 5470 555 5524; x_wconf 74' lang='lat' dir='ltr'><strong>angeli</strong></span> <span class='ocrx_word' id='word_1_849' title='bbox 589 5470 917 5524; x_wconf 82' lang='lat' dir='ltr'><strong>cognoscere</strong></span> <span class='ocrx_word' id='word_1_850' title='bbox 950 5470 1009 5509; x_wconf 85' lang='lat' dir='ltr'><strong>se</strong></span> <span class='ocrx_word' id='word_1_851' title='bbox 1050 5470 1091 5576; x_wconf 61' lang='grc' dir='ltr'><strong>Ι)</strong></span> 
     </span>
     <span class='ocr_line' id='line_1_106' title="bbox 379 5521 1088 5594; baseline 0 -17"><span class='ocrx_word' id='word_1_852' title='bbox 379 5525 671 5594; x_wconf 86' lang='lat' dir='ltr'><strong>principiis.</strong></span> <span class='ocrx_word' id='word_1_853' title='bbox 713 5521 803 5577; x_wconf 77' lang='lat' dir='ltr'><strong>Est</strong></span> <span class='ocrx_word' id='word_1_854' title='bbox 842 5526 996 5579; x_wconf 83' lang='lat' dir='ltr'><strong>etiam</strong></span> <span class='ocrx_word' id='word_1_855' title='bbox 1029 5524 1088 5578; x_wconf 89' lang='lat' dir='ltr'><strong>il</strong></span> 
     </span>
    </p>
   </div>
   <div class='ocr_carea' id='block_1_106' title="bbox 382 5594 1942 5664">
    <p class='ocr_par' dir='ltr' id='par_1_106' title="bbox 382 5594 1942 5664">
     <span class='ocr_line' id='line_1_107' title="bbox 382 5594 1942 5664; baseline 0.001 -19"><span class='ocrx_word' id='word_1_856' title='bbox 382 5595 753 5664; x_wconf 68' lang='lat' dir='ltr'><strong>prtt&#39;dicatione</strong></span> <span class='ocrx_word' id='word_1_857' title='bbox 781 5610 891 5648; x_wconf 88' lang='lat' dir='ltr'><strong>esse</strong></span> <span class='ocrx_word' id='word_1_858' title='bbox 937 5597 1145 5664; x_wconf 85' lang='lat' dir='ltr'><strong>angelos</strong></span> <span class='ocrx_word' id='word_1_859' title='bbox 1184 5594 1280 5648; x_wconf 90' lang='lat' dir='ltr'><strong>Dei</strong></span> <span class='ocrx_word' id='word_1_860' title='bbox 1313 5597 1589 5662; x_wconf 83' lang='lat' dir='ltr'><strong>quosdam,</strong></span> <span class='ocrx_word' id='word_1_861' title='bbox 1637 5604 1685 5646; x_wconf 88' lang='lat' dir='ltr'><strong>et</strong></span> <span class='ocrx_word' id='word_1_862' title='bbox 1728 5595 1942 5648; x_wconf 83' lang='lat' dir='ltr'><strong>virtutes</strong></span> 
     </span>
    </p>
   </div>
   <div class='ocr_carea' id='block_1_107' title="bbox 382 5662 1942 5731">
    <p class='ocr_par' dir='ltr' id='par_1_107' title="bbox 382 5662 1942 5731">
     <span class='ocr_line' id='line_1_108' title="bbox 382 5662 1942 5731; baseline 0.003 -18"><span class='ocrx_word' id='word_1_863' title='bbox 382 5662 564 5724; x_wconf 84' lang='lat' dir='ltr'><strong>bonas.</strong></span> <span class='ocrx_word' id='word_1_864' title='bbox 587 5681 705 5731; x_wconf 80' lang='lat' dir='ltr'><strong>qua:</strong></span> <span class='ocrx_word' id='word_1_865' title='bbox 724 5665 773 5719; x_wconf 89' lang='lat' dir='ltr'><strong>ei</strong></span> <span class='ocrx_word' id='word_1_866' title='bbox 797 5662 1088 5719; x_wconf 82' lang='lat' dir='ltr'><strong>ministrent</strong></span> <span class='ocrx_word' id='word_1_867' title='bbox 1135 5666 1203 5718; x_wconf 84' lang='lat' dir='ltr'><strong>ad</strong></span> <span class='ocrx_word' id='word_1_868' title='bbox 1251 5667 1474 5719; x_wconf 84' lang='lat' dir='ltr'><strong>salutem</strong></span> <span class='ocrx_word' id='word_1_869' title='bbox 1506 5665 1776 5718; x_wconf 82' lang='lat' dir='ltr'><strong>hominum</strong></span> <span class='ocrx_word' id='word_1_870' title='bbox 1818 5681 1942 5718; x_wconf 86' lang='lat' dir='ltr'><strong>con-</strong></span> 
     </span>
    </p>
   </div>
   <div class='ocr_carea' id='block_1_108' title="bbox 382 5733 1940 5803">
    <p class='ocr_par' dir='ltr' id='par_1_108' title="bbox 382 5733 1940 5803">
     <span class='ocr_line' id='line_1_109' title="bbox 382 5733 1940 5803; baseline 0.005 -19"><span class='ocrx_word' id='word_1_871' title='bbox 382 5733 777 5797; x_wconf 81' lang='lat' dir='ltr'><strong>summandam;</strong></span> <span class='ocrx_word' id='word_1_872' title='bbox 805 5738 892 5789; x_wconf 81' lang='lat' dir='ltr'><strong>sed</strong></span> <span class='ocrx_word' id='word_1_873' title='bbox 919 5735 1128 5803; x_wconf 82' lang='lat' dir='ltr'><strong>quando</strong></span> <span class='ocrx_word' id='word_1_874' title='bbox 1160 5736 1249 5790; x_wconf 86' lang='lat' dir='ltr'><strong>isti</strong></span> <span class='ocrx_word' id='word_1_875' title='bbox 1280 5736 1442 5789; x_wconf 86' lang='lat' dir='ltr'><strong>creati</strong></span> <span class='ocrx_word' id='word_1_876' title='bbox 1460 5736 1583 5793; x_wconf 86' lang='lat' dir='ltr'><strong>sint.</strong></span> <span class='ocrx_word' id='word_1_877' title='bbox 1607 5744 1656 5788; x_wconf 84' lang='lat' dir='ltr'><strong>et</strong></span> <span class='ocrx_word' id='word_1_878' title='bbox 1682 5740 1940 5803; x_wconf 82' lang='lat' dir='ltr'><strong>quomoth</strong></span> 
     </span>
    </p>
   </div>
   <div class='ocr_carea' id='block_1_109' title="bbox 382 5803 1796 5879">
    <p class='ocr_par' dir='ltr' id='par_1_109' title="bbox 382 5803 1796 5879">
     <span class='ocr_line' id='line_1_110' title="bbox 382 5803 1796 5879; baseline 0.003 -22"><span class='ocrx_word' id='word_1_879' title='bbox 382 5803 509 5869; x_wconf 87' lang='lat' dir='ltr'><strong>siut,</strong></span> <span class='ocrx_word' id='word_1_880' title='bbox 547 5818 649 5857; x_wconf 86' lang='lat' dir='ltr'><strong>non</strong></span> <span class='ocrx_word' id='word_1_881' title='bbox 679 5805 809 5860; x_wconf 86' lang='lat' dir='ltr'><strong>satis</strong></span> <span class='ocrx_word' id='word_1_882' title='bbox 840 5805 1115 5876; x_wconf 75' lang='lat' dir='ltr'><strong>manifesto</strong></span> <span class='ocrx_word' id='word_1_883' title='bbox 1138 5807 1503 5879; x_wconf 82' lang='lat' dir='ltr'><strong>distinguitur.</strong></span> <span class='ocrx_word' id='word_1_884' title='bbox 1531 5805 1796 5864; x_wconf 73' lang='lat' dir='ltr'><strong>llusnus.</strong></span> 
     </span>
    </p>
   </div>
   <div class='ocr_carea' id='block_1_110' title="bbox 1094 5523 1942 5595">
    <p class='ocr_par' dir='ltr' id='par_1_110' title="bbox 1094 5523 1942 5595">
     <span class='ocr_line' id='line_1_111' title="bbox 1094 5523 1942 5595; baseline 0.001 -18"><span class='ocrx_word' id='word_1_885' title='bbox 1094 5525 1217 5595; x_wconf 35' lang='lat' dir='ltr'><strong>udt</strong></span> <span class='ocrx_word' id='word_1_886' title='bbox 1238 5523 1433 5595; x_wconf 72' lang='lat' dir='ltr'><strong>inquit,</strong></span> <span class='ocrx_word' id='word_1_887' title='bbox 1482 5526 1536 5576; x_wconf 86' lang='lat' dir='ltr'><strong>in</strong></span> <span class='ocrx_word' id='word_1_888' title='bbox 1587 5523 1942 5578; x_wconf 77' lang='lat' dir='ltr'><strong>ecclesiastica</strong></span> 
     </span>
    </p>
   </div>
   <div class='ocr_carea' id='block_1_111' title="bbox 2598 4792 3617 4858">
    <p class='ocr_par' dir='ltr' id='par_1_111' title="bbox 2598 4792 3617 4858">
     <span class='ocr_line' id='line_1_112' title="bbox 2598 4792 3617 4858; baseline 0.003 -10"><span class='ocrx_word' id='word_1_889' title='bbox 2598 4795 2645 4827; x_wconf 81' lang='grc'><strong>⁸⁸</strong></span> <span class='ocrx_word' id='word_1_890' title='bbox 2703 4792 2864 4849; x_wconf 80' lang='lat' dir='ltr'><strong>Rom.</strong></span> <span class='ocrx_word' id='word_1_891' title='bbox 2925 4808 3041 4858; x_wconf 82' lang='lat' dir='ltr'><strong>vm,</strong></span> <span class='ocrx_word' id='word_1_892' title='bbox 3100 4793 3193 4848; x_wconf 71' lang='grc'><strong>22.</strong></span> <span class='ocrx_word' id='word_1_893' title='bbox 3271 4794 3317 4826; x_wconf 76' lang='grc'><strong>⁸⁵</strong></span> <span class='ocrx_word' id='word_1_894' title='bbox 3360 4795 3492 4851; x_wconf 86' lang='lat' dir='ltr'><strong>ibid.</strong></span> <span class='ocrx_word' id='word_1_895' title='bbox 3526 4795 3617 4851; x_wconf 76' lang='lat'><strong>20.</strong></span> 
     </span>
    </p>
   </div>
   <div class='ocr_carea' id='block_1_112' title="bbox 2111 4888 3623 4965">
    <p class='ocr_par' dir='ltr' id='par_1_112' title="bbox 2111 4888 3623 4965">
     <span class='ocr_line' id='line_1_113' title="bbox 2111 4888 3623 4965; baseline -0.009 -19"><span class='ocrx_word' id='word_1_896' title='bbox 2111 4890 2221 4965; x_wconf 79' lang='lat' dir='ltr'><strong>(7i)</strong></span> <span class='ocrx_word' id='word_1_897' title='bbox 2242 4892 2352 4947; x_wconf 81' lang='lat' dir='ltr'><strong>Kal</strong></span> <span class='ocrx_word' id='word_1_898' title='bbox 2371 4888 3165 4965; x_wconf 28' lang='lat' dir='ltr'><strong>draﬂaiosfteIeANotaudum</strong></span> <span class='ocrx_word' id='word_1_899' title='bbox 3180 4888 3489 4965; x_wconf 70' lang='lat' dir='ltr'><strong>hicangelis</strong></span> <span class='ocrx_word' id='word_1_900' title='bbox 3506 4904 3623 4965; x_wconf 43' lang='lat' dir='ltr'><strong>eoi».</strong></span> 
     </span>
    </p>
   </div>
   <div class='ocr_carea' id='block_1_113' title="bbox 2039 4958 3618 5032">
    <p class='ocr_par' dir='ltr' id='par_1_113' title="bbox 2039 4958 3618 5032">
     <span class='ocr_line' id='line_1_114' title="bbox 2039 4958 3618 5032; baseline 0.001 -18"><span class='ocrx_word' id='word_1_901' title='bbox 2039 4958 2139 5032; x_wconf 75' lang='lat' dir='ltr'><strong>pus</strong></span> <span class='ocrx_word' id='word_1_902' title='bbox 2155 4958 2211 5016; x_wconf 84' lang='lat' dir='ltr'><strong>et</strong></span> <span class='ocrx_word' id='word_1_903' title='bbox 2227 4958 2507 5015; x_wconf 85' lang='lat' dir='ltr'><strong>materiam</strong></span> <span class='ocrx_word' id='word_1_904' title='bbox 2525 4959 2816 5032; x_wconf 68' lang='lat' dir='ltr'><strong>tletraliiab</strong></span> <span class='ocrx_word' id='word_1_905' title='bbox 2828 4959 3255 5032; x_wconf 82' lang='lat' dir='ltr'><strong>Origene,_quam</strong></span> <span class='ocrx_word' id='word_1_906' title='bbox 3274 4960 3337 5013; x_wconf 88' lang='lat' dir='ltr'><strong>iis</strong></span> <span class='ocrx_word' id='word_1_907' title='bbox 3357 4961 3408 5012; x_wconf 84' lang='lat' dir='ltr'><strong>in</strong></span> <span class='ocrx_word' id='word_1_908' title='bbox 3425 4958 3618 5032; x_wconf 78' lang='lat' dir='ltr'><strong>Matth.</strong></span> 
     </span>
    </p>
   </div>
   <div class='ocr_carea' id='block_1_114' title="bbox 2042 5029 3616 5111">
    <p class='ocr_par' dir='ltr' id='par_1_114' title="bbox 2042 5029 3616 5111">
     <span class='ocr_line' id='line_1_115' title="bbox 2042 5029 3616 5111; baseline -0.002 -24"><span class='ocrx_word' id='word_1_909' title='bbox 2042 5029 2169 5111; x_wconf 52' lang='grc' dir='ltr'><strong>ατη</strong></span> <span class='ocrx_word' id='word_1_910' title='bbox 2175 5031 2567 5111; x_wconf 71' lang='lat' dir='ltr'><strong>circumposuit</strong></span> <span class='ocrx_word' id='word_1_911' title='bbox 2585 5045 2601 5094; x_wconf 91' lang='lat'><strong>;</strong></span> <span class='ocrx_word' id='word_1_912' title='bbox 2621 5030 2724 5111; x_wconf 72' lang='lat' dir='ltr'><strong>sed</strong></span> <span class='ocrx_word' id='word_1_913' title='bbox 2739 5029 2860 5111; x_wconf 65' lang='lat' dir='ltr'><strong>llaec</strong></span> <span class='ocrx_word' id='word_1_914' title='bbox 2878 5029 3148 5111; x_wconf 55' lang='lat' dir='ltr'><strong>prominit,</strong></span> <span class='ocrx_word' id='word_1_915' title='bbox 3166 5044 3271 5083; x_wconf 89' lang='lat' dir='ltr'><strong>nou</strong></span> <span class='ocrx_word' id='word_1_916' title='bbox 3291 5030 3616 5111; x_wconf 39' lang='lat' dir='ltr'><strong>asserit.._ln.</strong></span> 
     </span>
    </p>
   </div>
   <div class='ocr_carea' id='block_1_115' title="bbox 2116 5098 3620 5174">
    <p class='ocr_par' dir='ltr' id='par_1_115' title="bbox 2116 5098 3620 5174">
     <span class='ocr_line' id='line_1_116' title="bbox 2116 5098 3620 5174; baseline -0.003 -15"><span class='ocrx_word' id='word_1_917' title='bbox 2116 5101 2227 5174; x_wconf 63' lang='grc' dir='ltr'><strong>(τι)</strong></span> <span class='ocrx_word' id='word_1_918' title='bbox 2262 5098 2503 5171; x_wconf 48' lang='grc' dir='ltr'><strong>Καιίγάρ</strong></span> <span class='ocrx_word' id='word_1_919' title='bbox 2521 5100 2562 5174; x_wconf 75' lang='grc' dir='ltr'><strong><em>ᾐ</em></strong></span> <span class='ocrx_word' id='word_1_920' title='bbox 2595 5098 2907 5174; x_wconf 55' lang='lat' dir='ltr'><strong>gamma</strong></span> <span class='ocrx_word' id='word_1_921' title='bbox 2937 5098 3137 5174; x_wconf 47' lang='lat' dir='ltr'><strong>natos,</strong></span> <span class='ocrx_word' id='word_1_922' title='bbox 3167 5110 3276 5154; x_wconf 87' lang='lat' dir='ltr'><strong>etc.</strong></span> <span class='ocrx_word' id='word_1_923' title='bbox 3337 5101 3620 5174; x_wconf 76' lang='lat' dir='ltr'><strong>Sideribus</strong></span> 
     </span>
    </p>
   </div>
   <div class='ocr_carea' id='block_1_116' title="bbox 2049 5164 3744 5240">
    <p class='ocr_par' dir='ltr' id='par_1_116' title="bbox 2049 5164 3744 5240">
     <span class='ocr_line' id='line_1_117' title="bbox 2049 5164 3744 5240; baseline 0.002 -17"><span class='ocrx_word' id='word_1_924' title='bbox 2049 5164 2218 5226; x_wconf 75' lang='lat' dir='ltr'><strong>vitam</strong></span> <span class='ocrx_word' id='word_1_925' title='bbox 2244 5188 2353 5227; x_wconf 91' lang='lat' dir='ltr'><strong>non</strong></span> <span class='ocrx_word' id='word_1_926' title='bbox 2387 5164 2494 5226; x_wconf 77' lang='lat' dir='ltr'><strong>Iino</strong></span> <span class='ocrx_word' id='word_1_927' title='bbox 2519 5164 2641 5224; x_wconf 64' lang='lat' dir='ltr'><strong>loco</strong></span> <span class='ocrx_word' id='word_1_928' title='bbox 2685 5164 2941 5224; x_wconf 56' lang='lat' dir='ltr'><strong>tribuere</strong></span> <span class='ocrx_word' id='word_1_929' title='bbox 2963 5164 2975 5169; x_wconf 70' lang='grc'><strong><em>“</em></strong></span> <span class='ocrx_word' id='word_1_930' title='bbox 2996 5168 3304 5240; x_wconf 77' lang='lat' dir='ltr'><strong>Origenem,</strong></span> <span class='ocrx_word' id='word_1_931' title='bbox 3370 5171 3619 5240; x_wconf 79' lang='lat' dir='ltr'><strong>idemque</strong></span> <span class='ocrx_word' id='word_1_932' title='bbox 3736 5164 3744 5183; x_wconf 81' lang='grc'><em>”</em></span> 
     </span>
    </p>
   </div>
   <div class='ocr_carea' id='block_1_117' title="bbox 2048 5239 3620 5310">
    <p class='ocr_par' dir='ltr' id='par_1_117' title="bbox 2048 5239 3620 5310">
     <span class='ocr_line' id='line_1_118' title="bbox 2048 5239 3620 5310; baseline 0 -16"><span class='ocrx_word' id='word_1_933' title='bbox 2048 5241 2176 5295; x_wconf 83' lang='grc' dir='ltr'><strong>υΙίιιι</strong></span> <span class='ocrx_word' id='word_1_934' title='bbox 2205 5244 2389 5296; x_wconf 90' lang='lat' dir='ltr'><strong>multis</strong></span> <span class='ocrx_word' id='word_1_935' title='bbox 2416 5241 2583 5296; x_wconf 76' lang='lat' dir='ltr'><strong>fuisse</strong></span> <span class='ocrx_word' id='word_1_936' title='bbox 2600 5255 2919 5310; x_wconf 76' lang='lat' dir='ltr'><strong>persuasum</strong></span> <span class='ocrx_word' id='word_1_937' title='bbox 2954 5256 2983 5294; x_wconf 90' lang='lat' dir='ltr'><strong>e</strong></span> <span class='ocrx_word' id='word_1_938' title='bbox 3019 5239 3314 5310; x_wconf 75' lang='lat' dir='ltr'><strong>Pamphylo</strong></span> <span class='ocrx_word' id='word_1_939' title='bbox 3336 5255 3497 5310; x_wconf 89' lang='lat' dir='ltr'><strong>supra</strong></span> <span class='ocrx_word' id='word_1_940' title='bbox 3526 5239 3620 5294; x_wconf 83' lang='lat' dir='ltr'><strong>do-</strong></span> 
     </span>
    </p>
   </div>
   <div class='ocr_carea' id='block_1_118' title="bbox 2049 5308 3614 5381">
    <p class='ocr_par' dir='ltr' id='par_1_118' title="bbox 2049 5308 3614 5381">
     <span class='ocr_line' id='line_1_119' title="bbox 2049 5308 3614 5381; baseline 0 -17"><span class='ocrx_word' id='word_1_941' title='bbox 2049 5312 2262 5367; x_wconf 90' lang='lat' dir='ltr'><strong>cuimus</strong></span> <span class='ocrx_word' id='word_1_942' title='bbox 2287 5313 2354 5366; x_wconf 88' lang='lat' dir='ltr'><strong>ad</strong></span> <span class='ocrx_word' id='word_1_943' title='bbox 2388 5312 2606 5381; x_wconf 89' lang='lat' dir='ltr'><strong>Origen.</strong></span> <span class='ocrx_word' id='word_1_944' title='bbox 2642 5308 2945 5381; x_wconf 29' lang='lat' dir='ltr'><strong>‘Comment.</strong></span> <span class='ocrx_word' id='word_1_945' title='bbox 2988 5311 3055 5381; x_wconf 12' lang='lat' dir='ltr'><strong>in,</strong></span> <span class='ocrx_word' id='word_1_946' title='bbox 3091 5308 3416 5363; x_wconf 36' lang='lat' dir='ltr'><strong>Matt—lucum</strong></span> <span class='ocrx_word' id='word_1_947' title='bbox 3462 5325 3614 5366; x_wconf 83' lang='lat' dir='ltr'><strong>xvm.</strong></span> 
     </span>
    </p>
   </div>
   <div class='ocr_carea' id='block_1_119' title="bbox 2051 5378 3402 5440">
    <p class='ocr_par' dir='ltr' id='par_1_119' title="bbox 2051 5378 3402 5440">
     <span class='ocr_line' id='line_1_120' title="bbox 2051 5378 3402 5440; baseline -0.001 -2"><span class='ocrx_word' id='word_1_948' title='bbox 2051 5381 2297 5438; x_wconf 80' lang='lat' dir='ltr'><strong>Verterat</strong></span> <span class='ocrx_word' id='word_1_949' title='bbox 2318 5378 2604 5435; x_wconf 75' lang='lat' dir='ltr'><strong>Ferrarius</strong></span> <span class='ocrx_word' id='word_1_950' title='bbox 2635 5378 2788 5440; x_wconf 75' lang='lat' dir='ltr'><strong>Elite.</strong></span> <span class='ocrx_word' id='word_1_951' title='bbox 2828 5383 2919 5436; x_wconf 87' lang='lat' dir='ltr'><strong>sed</strong></span> <span class='ocrx_word' id='word_1_952' title='bbox 2951 5379 3097 5434; x_wconf 90' lang='lat' dir='ltr'><strong>nullo</strong></span> <span class='ocrx_word' id='word_1_953' title='bbox 3117 5394 3303 5433; x_wconf 88' lang='lat' dir='ltr'><strong>sensu.</strong></span> <span class='ocrx_word' id='word_1_954' title='bbox 3328 5381 3402 5436; x_wconf 83' lang='lat' dir='ltr'><strong>In.</strong></span> 
     </span>
    </p>
   </div>
   <div class='ocr_carea' id='block_1_120' title="bbox 2120 5446 3615 5522">
    <p class='ocr_par' dir='ltr' id='par_1_120' title="bbox 2120 5446 3615 5522">
     <span class='ocr_line' id='line_1_121' title="bbox 2120 5446 3615 5522; baseline 0.004 -22"><span class='ocrx_word' id='word_1_955' title='bbox 2120 5452 2244 5522; x_wconf 3' lang='lat'><strong>(75),</strong></span> <span class='ocrx_word' id='word_1_956' title='bbox 2270 5451 2350 5521; x_wconf 76' lang='grc' dir='ltr'><strong>Τῇ</strong></span> <span class='ocrx_word' id='word_1_957' title='bbox 2372 5449 2593 5522; x_wconf 63' lang='grc' dir='ltr'><strong>ἐλπίδι,</strong></span> <span class='ocrx_word' id='word_1_958' title='bbox 2628 5451 2730 5504; x_wconf 74' lang='grc' dir='ltr'><strong>ἵνα</strong></span> <span class='ocrx_word' id='word_1_959' title='bbox 2748 5450 2819 5503; x_wconf 80' lang='grc' dir='ltr'><strong>ἐν</strong></span> <span class='ocrx_word' id='word_1_960' title='bbox 2834 5451 3181 5522; x_wconf 70' lang='grc' dir='ltr'><strong>ματαιότητι</strong></span> <span class='ocrx_word' id='word_1_961' title='bbox 3193 5449 3270 5522; x_wconf 83' lang='grc' dir='ltr'><strong>τὰ</strong></span> <span class='ocrx_word' id='word_1_962' title='bbox 3291 5449 3538 5522; x_wconf 68' lang='grc' dir='ltr'><strong>σώματα</strong></span> <span class='ocrx_word' id='word_1_963' title='bbox 3555 5446 3615 5522; x_wconf 74' lang='grc' dir='ltr'><strong>ᾖ,</strong></span> 
     </span>
    </p>
   </div>
   <div class='ocr_carea' id='block_1_121' title="bbox 2045 5520 3612 5591">
    <p class='ocr_par' dir='ltr' id='par_1_121' title="bbox 2045 5520 3612 5591">
     <span class='ocr_line' id='line_1_122' title="bbox 2045 5520 3612 5591; baseline -0.003 -12"><span class='ocrx_word' id='word_1_964' title='bbox 2045 5522 2144 5579; x_wconf 79' lang='grc' dir='ltr'><strong>καὶ</strong></span> <span class='ocrx_word' id='word_1_965' title='bbox 2187 5521 2255 5575; x_wconf 82' lang='grc' dir='ltr'><strong>τὸ</strong></span> <span class='ocrx_word' id='word_1_966' title='bbox 2283 5520 2475 5576; x_wconf 75' lang='grc' dir='ltr'><strong>ποιεῖν</strong></span> <span class='ocrx_word' id='word_1_967' title='bbox 2504 5520 2578 5575; x_wconf 88' lang='grc' dir='ltr'><strong>τὰ</strong></span> <span class='ocrx_word' id='word_1_968' title='bbox 2617 5520 2921 5590; x_wconf 82' lang='grc' dir='ltr'><strong>σωματικὰ</strong></span> <span class='ocrx_word' id='word_1_969' title='bbox 2940 5539 2952 5550; x_wconf 90' lang='grc'><strong>·</strong></span> <span class='ocrx_word' id='word_1_970' title='bbox 2986 5520 3131 5591; x_wconf 76' lang='grc' dir='ltr'><strong>ὅπερ</strong></span> <span class='ocrx_word' id='word_1_971' title='bbox 3172 5520 3612 5591; x_wconf 69' lang='grc' dir='ltr'><strong>ἀναγκαῖον..ζζ.</strong></span> 
     </span>
    </p>
   </div>
   <div class='ocr_carea' id='block_1_122' title="bbox 2044 5589 3615 5661">
    <p class='ocr_par' dir='ltr' id='par_1_122' title="bbox 2044 5589 3615 5661">
     <span class='ocr_line' id='line_1_123' title="bbox 2044 5589 3615 5661; baseline 0 -13"><span class='ocrx_word' id='word_1_972' title='bbox 2044 5593 2123 5660; x_wconf 85' lang='grc' dir='ltr'><strong>τῷ</strong></span> <span class='ocrx_word' id='word_1_973' title='bbox 2156 5594 2227 5646; x_wconf 77' lang='grc' dir='ltr'><strong>ἐν</strong></span> <span class='ocrx_word' id='word_1_974' title='bbox 2249 5591 2493 5661; x_wconf 82' lang='grc' dir='ltr'><strong>σώματι.</strong></span> <span class='ocrx_word' id='word_1_975' title='bbox 2527 5592 2653 5646; x_wconf 70' lang='lat' dir='ltr'><strong>Hazc</strong></span> <span class='ocrx_word' id='word_1_976' title='bbox 2678 5589 2872 5647; x_wconf 83' lang='lat' dir='ltr'><strong>desunt</strong></span> <span class='ocrx_word' id='word_1_977' title='bbox 2910 5593 3049 5661; x_wconf 80' lang='lat' dir='ltr'><strong>apud</strong></span> <span class='ocrx_word' id='word_1_978' title='bbox 3084 5589 3360 5657; x_wconf 79' lang='lat' dir='ltr'><strong>Huetiuin,</strong></span> <span class='ocrx_word' id='word_1_979' title='bbox 3397 5594 3493 5646; x_wconf 90' lang='lat' dir='ltr'><strong>sed</strong></span> <span class='ocrx_word' id='word_1_980' title='bbox 3533 5609 3615 5648; x_wconf 89' lang='lat' dir='ltr'><strong>re-</strong></span> 
     </span>
    </p>
   </div>
   <div class='ocr_carea' id='block_1_123' title="bbox 2044 5659 3318 5721">
    <p class='ocr_par' dir='ltr' id='par_1_123' title="bbox 2044 5659 3318 5721">
     <span class='ocr_line' id='line_1_124' title="bbox 2044 5659 3318 5721; baseline -0.005 0"><span class='ocrx_word' id='word_1_981' title='bbox 2044 5659 2346 5721; x_wconf 78' lang='lat' dir='ltr'><strong>stituuntur</strong></span> <span class='ocrx_word' id='word_1_982' title='bbox 2365 5679 2397 5716; x_wconf 91' lang='lat' dir='ltr'><strong>e</strong></span> <span class='ocrx_word' id='word_1_983' title='bbox 2423 5664 2580 5717; x_wconf 89' lang='lat' dir='ltr'><strong>codd.</strong></span> <span class='ocrx_word' id='word_1_984' title='bbox 2614 5662 2908 5716; x_wconf 86' lang='lat' dir='ltr'><strong>Barberiuo</strong></span> <span class='ocrx_word' id='word_1_985' title='bbox 2930 5659 2984 5715; x_wconf 80' lang='lat' dir='ltr'><strong>et</strong></span> <span class='ocrx_word' id='word_1_986' title='bbox 3007 5659 3318 5716; x_wconf 81' lang='lat' dir='ltr'><strong>Bodleiano.</strong></span> 
     </span>
    </p>
   </div>
   <div class='ocr_carea' id='block_1_124' title="bbox 2115 5730 3608 5805">
    <p class='ocr_par' dir='ltr' id='par_1_124' title="bbox 2115 5730 3608 5805">
     <span class='ocr_line' id='line_1_125' title="bbox 2115 5730 3608 5805; baseline 0 -19"><span class='ocrx_word' id='word_1_987' title='bbox 2115 5734 2227 5805; x_wconf 62' lang='lat'><strong>(14)</strong></span> <span class='ocrx_word' id='word_1_988' title='bbox 2269 5731 2541 5805; x_wconf 76' lang='grc' dir='ltr'><strong>’Υπάρχει</strong></span> <span class='ocrx_word' id='word_1_989' title='bbox 2577 5737 2609 5787; x_wconf 86' lang='grc' dir='ltr'><strong>ό</strong></span> <span class='ocrx_word' id='word_1_990' title='bbox 2645 5733 2716 5784; x_wconf 81' lang='grc' dir='ltr'><strong>ὲν</strong></span> <span class='ocrx_word' id='word_1_991' title='bbox 2748 5732 2992 5804; x_wconf 83' lang='grc' dir='ltr'><strong>σώματι.</strong></span> <span class='ocrx_word' id='word_1_992' title='bbox 3041 5731 3346 5804; x_wconf 78' lang='lat' dir='ltr'><strong>Legendum</strong></span> <span class='ocrx_word' id='word_1_993' title='bbox 3380 5730 3608 5797; x_wconf 88' lang='lat' dir='ltr'><strong>videtur,</strong></span> 
     </span>
    </p>
   </div>
   <div class='ocr_carea' id='block_1_125' title="bbox 2044 5801 2977 5880">
    <p class='ocr_par' dir='ltr' id='par_1_125' title="bbox 2044 5801 2977 5880">
     <span class='ocr_line' id='line_1_126' title="bbox 2044 5801 2977 5880; baseline -0.005 -20"><span class='ocrx_word' id='word_1_994' title='bbox 2044 5801 2356 5880; x_wconf 39' lang='grc' dir='ltr'><strong>ὸοῦπὰρχων</strong></span> <span class='ocrx_word' id='word_1_995' title='bbox 2385 5801 2707 5876; x_wconf 78' lang='grc' dir='ltr'><strong>ἐνσώματι.</strong></span> <span class='ocrx_word' id='word_1_996' title='bbox 2833 5801 2846 5804; x_wconf 66' lang='grc'>⁷</span> <span class='ocrx_word' id='word_1_997' title='bbox 2974 5812 2977 5817; x_wconf 89' lang='grc'><em>’</em></span> 
     </span>
    </p>
   </div>
  </div>
