3792 6146
228 264 294 319 5
1304 269 1660 327 COMMENT.
1696 271 1762 326 IN
1788 272 1983 330 JOAN.
2019 272 2258 331 TOMUS
2289 272 2331 328 l.
2992 329 2999 335 .
3384 275 3451 330 55

222 400 402 455 ταμεν
423 382 636 438 Παῦλον
651 384 833 440 θέλειν
861 387 1141 459 ἐπιμένειν
1168 391 1235 461 τῇ
1253 393 1418 462 σαρκὶ¹
1453 394 1550 464 οὐχ
1575 394 1755 449 ἑκόντα

1891 398 2059 466 poris,
2084 397 2227 468 quod
2257 396 2405 462 facit,
2443 393 2555 463 spei
2579 394 2752 465 gratia
2776 392 2925 461 facit,
2953 403 3207 467 tanquam
3236 410 3283 451 Si
3306 395 3453 453 dice-

220 474 455 528 metu
472 474 573 546 τὴν
602 474 818 531 ἐλπίδα.
852 478 1209 550 Προτιμῶντα
1249 481 1358 553 γὰρ
1397 484 1517 536 κατ’
1556 484 1687 538 αὐτὸ
1729 484 1790 538 τὸ

216 566 471 621 ἀναλῦσαι
498 568 606 622 καί
626 569 748 624 σὺν
769 570 1011 639 Χριστῷ
1032 568 1204 636 εἶναι,
1226 572 1324 626 οὐκ
1347 574 1536 643 ἄλογον
1566 572 1635 647 ἦν
1669 576 1790 647 βού-

216 661 397 715 λεσθαι
420 663 707 734 ἐπιμένειν
728 665 795 735 τῇ
824 665 992 736 σαρκὶ
1012 665 1098 720 διὰ
1136 665 1234 736 τὴν
1261 667 1461 738 ἐτέρων
1497 668 1785 738 ὠφέλειαν,

212 754 308 807 καὶ
338 754 628 825 προκοπὴν
673 754 772 827 τὴν
824 757 882 810 ὲν
926 760 1037 821 τοῖς
1083 756 1454 829 ὲλπιζομένοις
1504 762 1565 814 οὐ
1628 762 1786 833 μόνον

210 845 397 910 αὑτοῦ,
433 845 575 900 ἀλλὰ
597 846 689 900 καὶ
718 847 831 913 τῶν
861 848 1252 919 ὠφελουμένων
1290 850 1382 903 ὑπ’
1409 852 1594 906 αὐτοῦ.
1628 854 1786 908 Κατὰ

205 936 365 990 τοῦτο
390 937 454 990 δὲ
479 938 540 991 τὸ
560 938 634 1001 ὡς
656 940 925 1006 γενέσεως
947 940 1339 1012 σημαινόμενον
1352 941 1450 1013 τὴν
1469 944 1662 1015 ἀρχὴν,
1691 945 1784 999 καὶ

202 1029 269 1081 τὸ
304 1030 418 1083 ὑπὸ
449 1031 550 1101 τῆς
580 1032 775 1100 σοφίας
806 1035 865 1088 ἓν
910 1035 1238 1106 Παροιμίαις
1292 1037 1584 1109 λεγόμενον
1629 1040 1782 1093 ἐκδέ-

205 1117 406 1182 ξασθαι
434 1121 779 1192 δυνησόμεθα
809 1125 873 1181 '0
891 1125 1035 1195 Θεὸς
1052 1128 1159 1199 γὰρ
1181 1169 1195 1193 ,
1238 1129 1420 1200 φησὶν,
1467 1129 1668 1185 ἕκτισέ
1706 1149 1785 1201 με

201 1210 409 1279 ἀρχὴγ
429 1211 587 1265 ὁδῶν
606 1215 795 1269 αὑτοῦ
817 1218 905 1282 εἰς
928 1215 1071 1286 ἔργα
1105 1220 1312 1274 αὐτοῦ.
1361 1220 1592 1276 Δύναται
1652 1222 1781 1293 μέν·

200 1316 358 1368 τοίγε
387 1304 482 1355 καὶ
511 1304 611 1357 ἐπὶ
631 1306 693 1358 τὸ
726 1305 940 1377 πρῶτον
965 1308 1260 1379 ἀνάγεσθαι
1278 1351 1294 1376 ,
1335 1311 1581 1366 τουτέστι
1612 1312 1673 1366 τὸ
1704 1313 1781 1377 ὡς

202 1392 330 1445 ὀδοῦ
358 1392 447 1447 διὰ
496 1395 558 1448 τὸ
604 1395 860 1465 λέγεσθαι
882 1416 897 1429 ·
944 1400 996 1452 '0
1036 1401 1178 1468 Θεὸς
1222 1401 1426 1456 ἐκτισέ
1455 1421 1532 1473 με
1582 1404 1780 1474 ἀρχὴν

204 1480 365 1534 ὁδῶν
388 1483 601 1537 αὑτοῦ.
650 1486 764 1539 Οὐκ
806 1487 1021 1551 ἀτόπως
1073 1488 1129 1541 δὲ
1181 1490 1275 1543 καὶ
1331 1491 1423 1544 τὸν
1479 1490 1587 1545 τῶν
1641 1491 1779 1546 ὅλων

203 1571 503 1643 Θεὸν,ἑρεῖ
547 1593 633 1639 τις
664 1576 868 1648 ἀρχὴν,
904 1578 1088 1647 σαφῶς
1118 1579 1459 1650 προπίπτων,
1502 1582 1584 1635 ὅτι
1634 1583 1776 1656 ἀρχὴ

202 1662 339 1719 Υἶοῦ
367 1669 397 1719 ό
426 1667 640 1738 Πατὴρ,
673 1670 766 1722 καὶ
792 1669 933 1740 ἁρχὴ
963 1670 1452 1742 δημιουργημάτων
1473 1673 1775 1745 ὁδημιουρ-

1893 503 2076 543 remus
2132 487 2356 542 Paulum
2409 486 2546 541 velle
2594 498 2916 555 permanere
2966 484 3018 538 in
3074 501 3242 541 carne
3273 526 3289 551 ,
3342 501 3451 543 non

1890 588 2103 648 sponte,
2135 577 2229 633 sed
2264 584 2482 645 propter
2517 588 2687 643 spem.
2738 573 3123 628 Praeferentem
3157 578 3299 630 enim
3352 593 3451 647 per

1887 683 1946 725 se
1977 669 2188 734 resolvi,
2224 679 2272 722 et
2298 683 2415 721 cum
2445 664 2654 720 Christo
2688 680 2799 719 esse
2824 666 2895 730 '°,
2925 665 3058 719 nihil
3102 675 3188 721 est
3225 669 3449 724 absurdi

1890 760 2022 814 velle
2052 772 2368 830 permanere
2414 758 2466 811 in
2507 770 2670 810 carne
2712 767 2935 825 propter
2979 757 3205 813 aliorum
3237 760 3449 815 utilitas:

1889 859 2018 915 tem,
2050 859 2104 906 et
2139 848 2440 921 profectum
2482 846 2536 900 in
2567 848 2747 911 rebus,
2782 862 2888 901 non
2930 856 3138 902 tantum
3169 865 3304 920 quas
3330 853 3446 923 ipse
3534 884 3539 889 -
3611 887 3617 892 -

1885 951 2087 1013 sperat,
2112 942 2206 997 sed
2236 941 2400 996 etiam
2426 955 2565 1010 quas
2591 949 2810 1009 sperent
2842 939 2893 994 hi
2927 940 3119 1011 quibus
3165 953 3247 999 est
3284 945 3446 1016 adju-

1886 1039 2089 1086 mento.
2129 1029 2248 1086 Jam
2282 1028 2438 1099 juxta
2472 1030 2575 1085 hoc
2615 1030 3001 1100 signiﬁcatum,
3050 1048 3158 1103 quo
3213 1035 3445 1092 dicimus

1885 1121 2207 1190 principium
2276 1119 2683 1190 generationis,
2758 1119 3059 1189 intelligere
3139 1126 3439 1193 poterimus

1882 1213 2046 1268 etiam
2080 1211 2210 1267 illud
2241 1213 2653 1268 Proverbiorum
2698 1230 2713 1267 :
2753 1212 2893 1269 Deus
2933 1216 3127 1269 creavit
3165 1231 3245 1269 me
3285 1218 3438 1284 prin-

1881 1302 2073 1370 cipium
2097 1301 2299 1356 viarum
2327 1318 2566 1367 suarum,
2591 1303 2661 1357 ad
2690 1318 2844 1373 opera
2876 1321 2973 1358 sua
2994 1305 3063 1370 “,
3092 1306 3232 1376 quod
3260 1315 3440 1362 tamen

1880 1400 2056 1463 potest
2078 1394 2147 1448 ad
2179 1393 2415 1463 primum
2441 1394 2805 1464 significatum
2835 1395 2940 1451 via:
2978 1396 3277 1465 referri,eo
3298 1401 3438 1469 quod

1882 1485 2136 1539 dicatur:
2170 1483 2372 1539 Creavs't
2415 1500 2497 1539 me
2541 1483 2681 1540 Deus
2717 1487 3037 1556 principium
3071 1488 3273 1543 viarum
3314 1506 3442 1545 sua-

1880 1590 2018 1629 rum.
2058 1573 2170 1629 Nec
2200 1575 2434 1630 absurde
2458 1576 2833 1632 universorum
2866 1578 3030 1633 Deum
3059 1580 3257 1635 dixerit
3284 1582 3438 1650 quis-

1878 1665 2022 1735 piam
2090 1663 2435 1735 principium,
2491 1665 2667 1735 palam
2715 1681 2782 1722 eo
2837 1668 3144 1736 procidens,
3195 1676 3255 1722 ut
3308 1667 3435 1723 Filii

197 1753 319 1820 τὸς,
349 1755 449 1809 καὶ.
477 1757 812 1822 ἁπαξαπλῶς
840 1758 984 1831 ἀρχὴ
1014 1759 1122 1813 τῶν
1148 1741 1316 1814 όντιον
1338 1763 1367 1814 6
1398 1741 1755 1834 ﬂagellum-t-

1875 1754 2197 1825 principium
2252 1755 2325 1810 sit
2379 1755 2562 1821 Pater,
2613 1765 2668 1812 et
2702 1758 3024 1828 principium
3057 1769 3432 1814 creaturarum

197 1844 507 1917 μυθήσεται
539 1847 598 1901 δὲ
624 1847 715 1901 διὰ
742 1849 836 1902 τοῦ
857 1866 871 1880 ο
890 1850 984 1903 Ἑν
1014 1849 1169 1921 ἀρχῇ
1192 1848 1271 1921 ἦν
1300 1854 1334 1905 ὁ
1361 1853 1568 1923 Λόγος,
1601 1854 1772 1923 Λόγον

194 1933 336 1987 νοῶν
357 1936 454 1989 τὸν
480 1937 612 1990 Υίὸν
645 1937 797 2010 παρὰ
826 1939 889 1992 τὸ
903 1934 1042 1995 εἶναι
1076 1942 1134 1995 ὲν
1163 1940 1242 2013 τῷ
1274 1941 1449 2014 Πατρὶ
1481 1942 1771 2013 λεγόμενον

191 2021 339 2080 εἶναι
370 2028 434 2080 ἑν
459 2030 627 2100 ἀρχῇ.

264 2224 587 2296 18.,Τρξτον
616 2225 672 2279 δὲ
711 2227 775 2280 τὸ
813 2228 873 2296 ἐξ
924 2224 986 2285 οὗ
1032 2229 1231 2284 οἴονται
1262 2230 1376 2303 (75)
1431 2230 1492 2297 ἐξ
1544 2233 1769 2287 ὑποκειο

192 2314 362 2385 μένης
389 2314 547 2387 ὕλης,
571 2317 712 2389 ἀρχὴ
738 2321 889 2393 παρᾶ
918 2324 1027 2385 τοῖς
1047 2322 1156 2393 (76)
1179 2323 1436 2392 ἀγένητον
1461 2323 1628 2396 αὐτὴν
1655 2326 1770 2378 ὲπι-

192 2406 511 2477 σταμὲνοις,
554 2408 667 2461 ἀλλ’
697 2410 757 2462 οὐ
795 2411 925 2483 παρ’
965 2414 1096 2482 ἡμῖν
1124 2416 1238 2477 τοῖς
1281 2414 1641 2486 πειθομένοις,
1686 2415 1769 2469 ὅτι

189 2497 248 2563 ἐξ
270 2498 377 2550 οὐκ
412 2498 583 2553 ὄντων
609 2500 678 2553 τὰ
716 2500 846 2554 ὄντα
875 2502 1126 2573 ἐποίησεν
1149 2507 1178 2558 6
1201 2503 1364 2569 Θεὸς,
1399 2505 1475 2569 ὡς
1516 2507 1550 2578 ή
1587 2508 1767 2579 μήτηρ

186 2588 293 2641 risv
317 2589 470 2643 ἑπτὰ
505 2591 796 2664 μαρτύρων
821 2594 881 2646 ὲν
894 2594 1433 2662 Ιίπίακκαϐαῐκοῖς,καὶ⁵
1472 2598 1501 2651 6
1540 2599 1639 2671 τῆς
1673 2616 1768 2670 με-

186 2683 415 2748 τανοίας
446 2684 680 2753 ἄγγελος
713 2686 771 2739 ἐν
799 2684 880 2757 τῷ
908 2686 1143 2755 Ποιμένι
1164 2687 1390 2755 ἐδίδαξε.

252 2885 349 2941 19.
378 2884 526 2958 Πρὸς
556 2885 767 2949 τούτοις
802 2886 941 2958 ἀρχὴ
970 2886 1062 2940 καὶ
1116 2886 1175 2940 τὸ
1219 2885 1338 2940 καθ’
1366 2880 1478 2940 οἷον
1526 2887 1666 2942 κατά
1702 2887 1764 2942 τὸ

183 2969 352 3039 230;,
385 2975 585 3041 οὕτως·
627 2979 787 3047 εἴπερ
820 2974 981 3030 εἰκὼν
1011 2974 1105 3030 τοῦ
1134 2976 1268 3030 Θεοῦ
1313 2976 1406 3030 τοῦ
1455 2977 1687 3050 ἀοράτου
1730 2978 1761 3033 6

185 3068 540 3138 πρωτότοκος
593 3069 774 3139 πάσης
828 3068 1075 3134 κτίσεως,
1104 3069 1245 3140 ἀρχὴ
1295 3068 1457 3123 αὐτοῦ
1489 3072 1518 3123 6
1568 3070 1759 3142 Πατήρ
1788 3096 1829 3154 C

185 3160 364 3213 ἐστιν.
388 3158 623 3229 Ὁμοίως
650 3159 709 3213 δὲ
736 3160 828 3214 καὶ
853 3159 1082 3231 Χριστὸς
1109 3160 1249 3231 ἀρχὴ
1277 3160 1387 3213 τῶν
1418 3161 1537 3214 κατ’
1575 3160 1762 3217 εἰκόνα

182 3253 501 3322 γενομένων
524 3249 684 3305 Θεοῦ.
716 3251 782 3304 Ei
818 3250 926 3323 γὰρ
957 3251 1006 3304 οἱ
1038 3250 1308 3323 ἄνθρωποι
1342 3253 1460 3305 κατ’
1495 3253 1699 3319 εἰκόνα,
1726 3255 1762 3326 ἡ

183 3342 353 3398 εἰκὼν
381 3345 442 3397 δὲ
474 3345 618 3399 κατὰ
646 3345 739 3400 τὸν
777 3347 1015 3418 Πατέρα,
1067 3345 1128 3399 τὸ
1168 3346 1267 3416 μὲν
1314 3343 1450 3398 καθὸ
1493 3344 1587 3398 τοῦ
1628 3345 1764 3418 Χρι-

186 3434 314 3490 στοῦ
358 3437 390 3489 ὁ
414 3435 612 3510 Πατὴρ
661 3439 838 3511 ἀρχή·
890 3439 952 3492 τὸ
985 3438 1043 3492 δὲ
1096 3437 1229 3491 καθὸ
1261 3436 1369 3491 τῶν
1404 3436 1704 3508 ἀνθρώπων
1732 3440 1761 3492 ὁ

184 3527 447 3591 Χριστὸς,
479 3529 787 3600 γενομένων
814 3530 875 3582 οὺ
904 3529 1043 3584 κατὰ
1072 3529 1133 3583 τὸ
1154 3522 1214 3583 οὗ
1248 3530 1395 3582 ἐστιν
1415 3526 1597 3592 εἰκὼν,
1624 3527 1761 3583 ἀλλὰ

184 3616 328 3669 κατὰ
370 3612 477 3683 τὴν
516 3618 722 3670 εἰκόνα.
784 3618 1114 3690 ’Δρμόσειδὲ
1144 3618 1240 3683 τὸ,
1286 3618 1389 3673 Ἐν
1411 3616 1570 3689 ἀρχῇ
1599 3612 1678 3688 ἦν
1724 3618 1760 3669 ό

185 3709 396 3777 Λόγος,
421 3709 504 3769 εἰς
531 3707 594 3760 τὸ
626 3707 757 3761 αὐτὸ
785 3707 1148 3780 παράδειγμα.

244 3969 339 4025 20.
369 3971 566 4026 Ἔστιν
602 3973 746 4044 ἀρχὴ
777 3973 870 4027 καὶ
908 3973 983 4037 ὡς
1013 3972 1318 4046 μαθήσεως,
1348 3972 1484 4027 καθὸ
1512 3973 1581 4028 τὰ
1611 3990 1753 4027 στοι-

181 4063 302 4134 χεῖά
327 4081 516 4135 φαμεν
545 4065 718 4136 ἀρχὴν
756 4061 892 4119 εἶναι
936 4066 1347 4138 γραμματικῆς.
1385 4065 1542 4119 Κατὰ
1595 4064 1752 4119 τοῦτό

182 4170 343 4224 φησιν
390 4157 422 4207 ὁ
467 4155 808 4221 ’Δπόστολος,
859 4157 963 4220 ὃτι,
1001 4157 1364 4226 Ὀφείλοντες
1401 4153 1553 4210 εἶναι
1599 4156 1752 4210 διδά-

182 4249 401 4299 σκαλοι
433 4245 536 4300 διὰ
563 4245 669 4300 τὸν
689 4249 929 4316 χρόνον,
959 4247 1145 4301 πάλιν
1175 4247 1384 4316 χρείαν
1419 4248 1588 4317 ἔχετε
1644 4246 1750 4301 τοῦ

183 4338 499 4396 διδάσκειν
524 4340 682 4411 ὑμᾶς
700 4342 837 4396 τινα
864 4342 937 4397 τὰ
954 4341 1221 4412 στοιχεῖα
1259 4340 1372 4411 τῆς
1404 4339 1597 4410 ἀρχῆς
1631 4338 1750 4394 τῶν

1872 1846 2120 1913 Creator,
2171 1856 2335 1917 atque
2379 1852 2682 1918 generatim
2722 1850 2928 1904 entinm
2982 1851 3305 1920 principium
3363 1851 3438 1907 sit

1873 1939 2016 1992 Deus
2051 1952 2063 1986 :
2098 1936 2445 1992 conﬁrmabit
2501 1939 2606 1992 hoc
2637 1955 2650 1990 :
2680 1936 2747 1992 In
2803 1940 3060 2009 principio
3117 1951 3229 1995 erat
3308 1939 3432 1995 Ver-

1872 2031 1996 2085 bum
2021 2028 2089 2083 ".
2124 2026 2363 2083 Verbum
2394 2027 2704 2099 intelligens
2753 2029 2974 2097 Filium,
3007 2031 3098 2101 qui
3139 2033 3193 2087 in
3224 2034 3430 2103 princi-

1870 2122 1960 2192 pio
1979 2137 2100 2177 esse
2128 2122 2343 2185 dicitur,
2373 2119 2500 2190 quia
2523 2121 2595 2174 sit
2615 2119 2668 2174 in
2698 2111 2884 2178 Patre.

1940 2214 2028 2267 l8.
2069 2211 2255 2268 Tertio
2328 2212 2456 2266 illud
2511 2227 2581 2268 ex
2646 2226 2776 2283 quo.
2843 2214 2985 2269 unde
3039 2224 3295 2286 tanquam
3361 2232 3429 2274 ex

1872 2305 2266 2375 prmexsistenti
2334 2305 2560 2359 materia
2612 2306 2860 2360 oriantur
2920 2307 3048 2373 alia,
3104 2309 3427 2380 principium

1869 2397 2186 2456 existimant
2238 2396 2337 2464 illi,
2379 2398 2470 2468 qui
2497 2398 2779 2453 materiam
2823 2397 3118 2470 ingenitam
3151 2411 3421 2458 astruunt.

1870 2487 2040 2543 Secus
2066 2504 2194 2544 vero
2219 2490 2358 2558 apud
2386 2504 2484 2545 nos
2515 2499 2616 2555 est,
2642 2491 2733 2560 qui
2756 2493 3029 2547 credimus
3061 2508 3127 2548 ex
3153 2508 3260 2549 non
3289 2495 3426 2550 enti-

1867 2577 1968 2634 hus
1998 2579 2167 2635 Deum
2205 2581 2352 2636 entia
2378 2580 2594 2648 fecisse,
2627 2592 2686 2636 ut
2711 2592 2883 2639 mater
2914 2584 3000 2639 illa
3039 2595 3245 2655 septem
3271 2602 3421 2641 mar-

1867 2679 2043 2742 tyrum
2103 2672 2159 2727 in
2213 2672 2635 2730 Maccabaaorum
2665 2662 2852 2746 gestis
2882 2676 2949 2744 ”,
3008 2687 3063 2734 et
3089 2679 3423 2749 paenitentiae

1865 2763 2085 2833 angelus
2114 2764 2166 2819 in
2197 2762 2417 2821 Pastore
2446 2766 2650 2823 docuit.

1938 2856 2023 2913 l9.
2055 2856 2136 2915 Ad
2161 2860 2274 2916 haec
2310 2864 2633 2934 principium
2674 2866 2838 2921 etiam
2880 2877 2969 2924 est
3014 2871 3181 2926 veluti
3220 2886 3423 2928 secun-

1860 2944 1991 3003 dum
2025 2947 2286 3015 formam,
2341 2954 2445 3008 hoc
2491 2964 2647 3024 pacto
2677 2976 2689 3009 :
2715 2958 2761 3012 si
2802 2960 3196 3032 primogenitus
3247 2964 3424 3021 omnis

1860 3047 2123 3095 enatura:
2192 3051 2278 3096 est
2336 3045 2512 3115 imago
2583 3046 2674 3100 Dei
2728 3049 3042 3116 invisibilis,
3094 3053 3421 3123 principium

1867 3127 2037 3196 ipsius
2070 3135 2155 3183 est
2183 3127 2379 3194 Pater;
2408 3130 2659 3186 similiter
2690 3132 2854 3188 etiam
2881 3133 3129 3190 Christus
3154 3146 3237 3193 est
3266 3138 3420 3208 prin-

1864 3216 2065 3286 cipium
2100 3230 2288 3273 eorum
2335 3219 2427 3287 qui
2463 3218 2588 3275 facti
2619 3230 2745 3276 sunt
2775 3224 3072 3277 secundum
3127 3225 3421 3296 imaginem

1864 3309 1982 3366 Dei.
2044 3307 2179 3364 Nam
2214 3309 2261 3365 si
2294 3309 2542 3366 homines
2581 3320 2708 3367 sunt
2761 3316 3057 3369 secundum
3104 3317 3415 3387 imaginem,

1863 3403 2042 3473 imago
2070 3417 2201 3459 vero
2250 3406 2543 3461 secundum
2585 3404 2820 3472 Patrem,
2853 3408 3009 3477 juxta
3064 3408 3168 3464 hoc
3204 3411 3419 3479 quidem

1861 3492 2024 3550 Pater
2056 3496 2379 3567 principium
2408 3505 2492 3552 est
2520 3495 2640 3551 Filii
2667 3497 2868 3566 :juxta
2904 3498 3035 3554 illud
3064 3515 3212 3566 vero,
3241 3501 3419 3556 homi-

1859 3600 1989 3640 num
2025 3587 2349 3657 principium
2381 3596 2466 3643 est
2493 3586 2779 3656 Christus,
2814 3590 2908 3660 qni
2952 3590 3082 3647 facti
3139 3601 3268 3647 sunt
3308 3608 3416 3648 non

1859 3682 2153 3736 secundum
2177 3681 2233 3737 id
2262 3681 2414 3751 cujus
2441 3690 2525 3738 cst
2552 3681 2754 3751 imago,
2785 3684 2881 3739 sed
2909 3686 3205 3741 secundum
3227 3687 3416 3758 imagi-

1856 3789 1979 3829 nem
2021 3775 2214 3846 ipsius.
2246 3774 2523 3844 Congruet
2568 3785 2767 3830 autem:
2797 3777 2863 3831 ad
2917 3777 3057 3833 idem
3105 3778 3410 3849 exemplum

1856 3875 2137 3923 contextus
2167 3866 2257 3922 hic
2289 3884 2303 3920 :
2333 3866 2402 3922 In
2427 3868 2683 3936 principio
2709 3878 2818 3922 erat
2849 3867 3092 3927 Verbum.

1923 3958 2013 4013 20.
2043 3959 2139 4014 Est
2163 3961 2325 4015 etiam
2353 3960 2677 4032 principium
2701 3962 2999 4034 disciplinae
3018 4003 3034 4029 ,
3067 3962 3223 4033 juxta
3251 3982 3411 4037 quam

1855 4052 2266 4124 intelligentiam
2317 4041 2547 4108 dicimus
2597 4053 2864 4110 elementa
2915 4057 3234 4128 principium
3290 4074 3412 4116 esse

1851 4140 2250 4213 grammatices.
2286 4140 2367 4198 Oh
2399 4142 2502 4196 hoc
2531 4142 2661 4197 dicit
2684 4142 2973 4212 Apostolus
2999 4162 3014 4198 :
3042 4144 3173 4201 Cum
3202 4148 3412 4204 debere-

1852 4235 1919 4288 tis
1940 4250 2051 4290 esse
2086 4235 2323 4305 magistri
2350 4245 2561 4305 propter
2596 4244 2816 4303 tempus,
2847 4254 3056 4293 rursum
3089 4255 3218 4306 apus
3245 4239 3412 4293 habe-

1851 4328 1917 4381 tis
1972 4336 2031 4380 ut
2074 4327 2366 4380 doceamiui
2410 4341 2528 4396 quae
2583 4326 2687 4380 sint
2729 4327 2980 4383 elementa
3026 4328 3273 4399 principii
3294 4346 3408 4384 ser-

183 4434 397 4503 λογίων
424 4433 534 4487 τοῦ
562 4433 730 4488 Θεοῦ.
756 4433 917 4506 Διττὴ
948 4434 1004 4488 δὲ
1032 4437 1065 4506 ή
1098 4436 1174 4500 ὡς
1208 4432 1493 4506 μαθήσεως
1521 4431 1683 4505 ἁρχὴ,
1711 4434 1747 4504 ἡ

1872 4435 2063 4474 pronum
2097 4418 2190 4473 Dei
2218 4417 2286 4475 ".
2325 4417 2431 4474 Sed
2466 4418 2663 4490 duplex
2703 4431 2788 4476 est
2814 4421 3138 4492 principium
3166 4422 3409 4493 discipli-

189 4525 280 4594 μὲν
310 4528 382 4596 τῇ
415 4524 661 4597 φύσει,ὴ
694 4525 751 4579 δὲ
784 4525 1013 4597 ὡςπρὸς
1043 4527 1223 4597 ἡμᾶς’
1270 4526 1344 4590 ὡς
1392 4527 1442 4578 εί
1498 4524 1749 4595 λέγοιμεν

187 4617 275 4670 ἐπὶ
306 4616 551 4688 Χριστοῦ
570 4635 584 4649 ο
622 4618 781 4688 φύσει
808 4617 906 4688 μὲν
938 4618 1101 4672 αὑτοῦ
1132 4617 1273 4689 ἀρχὴ
1301 4620 1335 4689 ἡ
1360 4616 1548 4688 θεότης
1567 4634 1581 4650 ⁸
1613 4616 1750 4688 πρὸς

181 4710 326 4780 ἡμᾶς
355 4711 435 4773 δὲ,
474 4710 546 4781 μὴ
580 4711 687 4764 ἀπὸ
712 4710 806 4765 τοῦ
832 4710 944 4781 (77)
1001 4710 1264 4781 μεγέθους
1309 4709 1473 4765 αὐτοῦ
1520 4710 1755 4781 δυναμέ--

184 4818 301 4864 von;
328 4800 600 4873 ἄρξασθαι
644 4802 745 4873 τῆς
784 4803 910 4874 περὶ
943 4802 1106 4856 αὑτοῦ
1135 4802 1410 4874 ἀληθείας,
1444 4804 1477 4872 ἡ
1536 4801 1745 4875 ἀνθρω-

184 4893 352 4964 πότης
382 4891 571 4958 αὐτοῦ,
600 4894 732 4948 καθὸ
759 4896 871 4958 τοῖς
921 4893 1134 4965 νηπίοις
1184 4892 1606 4962 καταγγέλλεται
1640 4891 1747 4963 Ἰη-

1853 4524 1954 4575 ηεε,
1989 4510 2218 4566 alterum
2243 4510 2457 4581 [natura
2482 4548 2499 4575 ,
2545 4509 2773 4565 alterum
2811 4520 3052 4582 respectu
3099 4511 3269 4565 nostri
3304 4532 3316 4567 ε
3350 4520 3411 4566 ut

1852 4601 1898 4658 si
1959 4603 2203 4658 dicamus
2254 4603 2319 4659 de
2365 4602 2583 4660 Christo
2631 4604 2778 4675 quod
2828 4612 3023 4658 natura
3079 4601 3406 4673 principium

1850 4693 2019 4765 ipsius
2046 4694 2119 4749 sit
2141 4694 2429 4763 divinitas;
2472 4696 2648 4765 quoad
2677 4710 2778 4751 nos
2808 4709 2963 4761 vero,
2990 4695 3080 4764 qui
3115 4709 3222 4748 nun
3260 4694 3409 4750 vale-

1848 4802 1968 4843 mus
1987 4802 2054 4843 ex
2078 4788 2444 4858 magnitudine
2466 4788 2575 4858 20
2586 4788 2704 4859 ejus
2728 4788 3007 4844 veritatem
3027 4787 3094 4841 de
3122 4787 3236 4856 ipso
3259 4801 3409 4843 asse-

1847 4881 1963 4951 qui,
2002 4880 2332 4945 humanitas,
2388 4881 2443 4935 in
2485 4892 2747 4951 quantum
2797 4878 3038 4950 parvulis
3082 4878 3409 4950 praedicatur

187 4986 305 5050 σοῦς
337 4986 598 5057 Χριστὸς,
648 4987 742 5040 καὶ
785 4981 937 5050 οὗτος
987 4986 1433 5058 ἐσταυρωμένος’
1475 4985 1551 5049 ὡς
1600 4983 1744 5038 κατὰ

1872 4972 2002 5028 esus
2025 4971 2290 5038 Christus,
2321 4980 2375 5027 et
2400 4971 2489 5026 hic
2521 4972 2835 5028 cruciﬁxus.
2868 4971 3048 5039 Quare
3072 4972 3172 5026 hac
3196 4971 3407 5026 ratione

185 5076 334 5130 τοῦτο
358 5079 534 5130 εἰπεῖν
587 5077 764 5149 ἀρχὴν
808 5073 945 5132 εἶναι
977 5077 1265 5149 μαθήσεως
1297 5079 1362 5148 τῇ
1423 5075 1523 5147 μὲν
1583 5076 1743 5144 φύσει

1872 5064 2119 5119 Ibristum
2151 5063 2380 5120 dicimus
2421 5072 2613 5119 natura
2638 5064 2963 5134 principium
2997 5079 3119 5120 esse
3162 5064 3405 5134 discipli-

186 5165 433 5238 Χριστὸν,
471 5164 608 5220 καθὸ
658 5165 820 5234 σοφία
862 5167 955 5222 καὶ
985 5166 1212 5239 δύναμις
1254 5164 1388 5221 Θεοῦ
1412 5163 1567 5237 (78),
1607 5162 1744 5233 πρὸς

1848 5172 1949 5223 πω,
1991 5154 2283 5211 secundum
2327 5155 2470 5225 quod
2522 5154 2632 5212 Dei
2659 5156 2926 5227 sapientia
2955 5163 3010 5212 et
3036 5155 3131 5212 Dei
3161 5155 3405 5227 potentia

248 5303 296 5339 "
323 5304 548 5377 Phillip.
580 5322 620 5371 ι,
648 5305 742 5361 2'5.
815 5306 861 5340 ⁹¹
894 5306 1055 5364 Prov.
1088 5323 1219 5376 νηί,
1258 5306 1348 5363 22.
1422 5307 1468 5340 "
1494 5304 1650 5362 Joan.
1688 5320 1729 5373 ι,

1891 5300 1940 5338 ’³
1969 5299 2146 5355 Mach.
2190 5314 2288 5367 vn,
2337 5297 2425 5355 28.
2511 5297 2560 5331 ³⁸
2588 5296 2753 5353 Hebr.
2782 5297 2949 5364 v.12.

252 5416 363 5489 (75)
400 5417 655 5489 01mm.
670 5417 992 5489 Legendnm
1012 5418 1237 5489 videtur
1265 5411 1377 5473 οἷόν
1407 5435 1487 5473 τε.

273 5488 363 5552 76)
398 5487 567 5554 Παρὰ
594 5486 742 5554 τοῖς,
767 5486 871 5541 etc.
893 5487 1247 5543 Marcionitis.

1843 5481 1962 5557 χὴὸρ
1979 5481 2150 5562 ἐἶναι
2172 5482 2492 5562 μαθήσεως

1916 5414 2059 5487 (78)_
2073 5413 2670 5487 ’Eo'tavgawéroc'ﬁQ
2697 5411 2845 5487 κατᾲ
2874 5412 3047 5487 τοῆζο
3081 5411 3273 5487 οἰδεῖν
3296 5414 3402 5487 dp:-

2560 5480 2719 5551 ἦμεν
2743 5483 2923 5551 φύσει
2957 5480 3231 5550 Χριστὸν,
3255 5480 3401 5537 καθὸ

308 5550 361 5627 7)
387 5550 542 5624 Πρῧς
571 5550 738 5625 ἡμᾶς
762 5554 852 5621 δὲ,
877 5556 962 5625 μὴ
994 5557 1110 5612 ἀπὸ
1130 5557 1257 5622 τοῦ,
1288 5567 1397 5613 etc.
1448 5558 1540 5614 Sic
1591 5566 1737 5613 recte

1872 5550 2029 5627 ᾖόερία
2047 5555 2148 5608 καὶ
2175 5550 2428 5627 δύναμις
2454 5550 2622 5605 Θεοῦ.
2662 5550 2999 5627 Hatcomnia
3031 5552 3231 5627 desunt
3257 5554 3402 5627 apud

194 5622 522 5700 hniiclocmn
549 5622 792 5700 restituit
815 5622 979 5700 codex
1006 5628 1324 5700 Dodleianns
1339 5645 1354 5693 ;
1372 5698 1394 5700 __
1414 5630 1552 5686 male
1597 5629 1736 5700 apud

207 5692 445 5752 lluctium
465 5695 657 5769 legitur
681 5696 822 5770 πρὸς
839 5697 985 5769 ἡμᾶς
1009 5697 1087 5764 δὲ,
1124 5699 1157 5769 ή
1178 5699 1283 5752 ἀπὸ
1304 5698 1419 5755 τοῦ.

1846 5620 2117 5751 ἱιυὶςιίυω,
2138 5626 2231 5681 sed
2254 5620 2655 5678 restituunture
2678 5622 2837 5678 codd.
2868 5620 3152 5676 Bodleiano
3177 5628 3233 5673 et
3260 5620 3370 5677 Bar
3386 5658 3400 5667 -

1883 5710 2052 5750 ermo.

1883 5710 2052 5750 ετιιιο.
