  <div class='ocr_page' id='page_1' title='image "/cluster/home/n/w/nwhite01/storage/ocr_20150623/14/mdp.39015052831362/035.png"; bbox 0 0 3792 6146; ppageno 0'>
   <div class='ocr_carea' id='block_1_1' title="bbox 246 781 1011 859">
    <p class='ocr_par' dir='ltr' id='par_1_1' title="bbox 246 781 1011 859">
     <span class='ocr_line' id='line_1_1' title="bbox 246 781 1011 859; baseline 0 -26"><span class='ocrx_word' id='word_1_1' title='bbox 246 838 267 859; x_wconf 58' lang='lat'><em>.</em></span> <span class='ocrx_word' id='word_1_2' title='bbox 332 791 415 834; x_wconf 90' lang='lat' dir='ltr'><strong>est</strong></span> <span class='ocrx_word' id='word_1_3' title='bbox 466 781 604 836; x_wconf 92' lang='lat' dir='ltr'><strong>dicit</strong></span> <span class='ocrx_word' id='word_1_4' title='bbox 660 782 861 837; x_wconf 87' lang='lat' dir='ltr'><strong>Paulus</strong></span> <span class='ocrx_word' id='word_1_5' title='bbox 928 781 1011 836; x_wconf 85' lang='lat' dir='ltr'><strong>bis</strong></span> 
     </span>
    </p>
   </div>
   <div class='ocr_carea' id='block_1_2' title="bbox 331 202 3579 274">
    <p class='ocr_par' dir='ltr' id='par_1_2' title="bbox 331 202 3579 274">
     <span class='ocr_line' id='line_1_2' title="bbox 331 202 3579 274; baseline 0.002 -15"><span class='ocrx_word' id='word_1_6' title='bbox 331 202 403 259; x_wconf 78' lang='lat'><strong>55</strong></span> <span class='ocrx_word' id='word_1_7' title='bbox 1765 205 2088 263; x_wconf 78' lang='lat' dir='ltr'><strong>ORIGENIS</strong></span> <span class='ocrx_word' id='word_1_8' title='bbox 3512 220 3579 274; x_wconf 80' lang='lat'><em>56</em></span> 
     </span>
    </p>
   </div>
   <div class='ocr_carea' id='block_1_3' title="bbox 336 317 1913 407">
    <p class='ocr_par' dir='ltr' id='par_1_3' title="bbox 336 317 1904 390">
     <span class='ocr_line' id='line_1_3' title="bbox 336 317 1904 390; baseline 0 -15"><span class='ocrx_word' id='word_1_9' title='bbox 336 331 418 375; x_wconf 76' lang='lat' dir='ltr'><strong>est</strong></span> <span class='ocrx_word' id='word_1_10' title='bbox 449 338 464 374; x_wconf 89' lang='lat'><strong>:</strong></span> <span class='ocrx_word' id='word_1_11' title='bbox 503 319 680 390; x_wconf 86' lang='lat' dir='ltr'><strong>quoad</strong></span> <span class='ocrx_word' id='word_1_12' title='bbox 716 336 815 376; x_wconf 89' lang='lat' dir='ltr'><strong>nos</strong></span> <span class='ocrx_word' id='word_1_13' title='bbox 848 334 978 374; x_wconf 86' lang='lat' dir='ltr'><strong>vero</strong></span> <span class='ocrx_word' id='word_1_14' title='bbox 1030 317 1266 375; x_wconf 85' lang='lat' dir='ltr'><strong>Verbum</strong></span> <span class='ocrx_word' id='word_1_15' title='bbox 1304 335 1430 375; x_wconf 89' lang='lat' dir='ltr'><strong>caro</strong></span> <span class='ocrx_word' id='word_1_16' title='bbox 1450 324 1655 382; x_wconf 82' lang='lat' dir='ltr'><strong>factum</strong></span> <span class='ocrx_word' id='word_1_17' title='bbox 1690 334 1809 390; x_wconf 86' lang='lat' dir='ltr'><strong>est,</strong></span> <span class='ocrx_word' id='word_1_18' title='bbox 1846 335 1904 379; x_wconf 89' lang='lat' dir='ltr'><strong>ut</strong></span> 
     </span>
    </p>
   </div>
   <div class='ocr_carea' id='block_1_4' title="bbox 2012 317 3579 407">
    <p class='ocr_par' dir='ltr' id='par_1_4' title="bbox 2012 328 3579 407">
     <span class='ocr_line' id='line_1_4' title="bbox 2012 328 3579 407; baseline 0.005 -26"><span class='ocrx_word' id='word_1_19' title='bbox 2012 328 2149 398; x_wconf 73' lang='grc' dir='ltr'>ἡμᾶς</span> <span class='ocrx_word' id='word_1_20' title='bbox 2188 328 2243 382; x_wconf 84' lang='grc' dir='ltr'><strong>δὲ</strong></span> <span class='ocrx_word' id='word_1_21' title='bbox 2289 332 2318 383; x_wconf 99' lang='lat'><strong>6</strong></span> <span class='ocrx_word' id='word_1_22' title='bbox 2371 330 2543 398; x_wconf 80' lang='grc' dir='ltr'><strong>Λόγος</strong></span> <span class='ocrx_word' id='word_1_23' title='bbox 2592 330 2728 401; x_wconf 78' lang='grc' dir='ltr'>σὰρξ</span> <span class='ocrx_word' id='word_1_24' title='bbox 2780 332 3017 401; x_wconf 79' lang='grc' dir='ltr'>ἐγένετο,</span> <span class='ocrx_word' id='word_1_25' title='bbox 3082 334 3169 389; x_wconf 76' lang='grc' dir='ltr'>ἵνα</span> <span class='ocrx_word' id='word_1_26' title='bbox 3209 337 3467 407; x_wconf 75' lang='grc' dir='ltr'>σκηνὼση</span> <span class='ocrx_word' id='word_1_27' title='bbox 3519 343 3579 392; x_wconf 83' lang='grc' dir='ltr'>ὲν</span> 
     </span>
    </p>
   </div>
   <div class='ocr_carea' id='block_1_5' title="bbox 336 410 1902 481">
    <p class='ocr_par' dir='ltr' id='par_1_5' title="bbox 336 410 1902 481">
     <span class='ocr_line' id='line_1_5' title="bbox 336 410 1902 481; baseline 0.003 -13"><span class='ocrx_word' id='word_1_28' title='bbox 336 414 608 468; x_wconf 88' lang='lat' dir='ltr'><strong>habitaret</strong></span> <span class='ocrx_word' id='word_1_29' title='bbox 634 416 687 467; x_wconf 88' lang='lat' dir='ltr'><strong>in</strong></span> <span class='ocrx_word' id='word_1_30' title='bbox 720 413 897 479; x_wconf 89' lang='lat' dir='ltr'><strong>nobis,</strong></span> <span class='ocrx_word' id='word_1_31' title='bbox 922 412 1010 481; x_wconf 91' lang='lat' dir='ltr'><strong>qui</strong></span> <span class='ocrx_word' id='word_1_32' title='bbox 1046 411 1149 467; x_wconf 87' lang='lat' dir='ltr'><strong>hoc</strong></span> <span class='ocrx_word' id='word_1_33' title='bbox 1174 410 1335 466; x_wconf 91' lang='lat' dir='ltr'><strong>modo</strong></span> <span class='ocrx_word' id='word_1_34' title='bbox 1368 422 1577 467; x_wconf 90' lang='lat' dir='ltr'><strong>tantum</strong></span> <span class='ocrx_word' id='word_1_35' title='bbox 1606 415 1759 471; x_wconf 90' lang='lat' dir='ltr'><strong>initio</strong></span> <span class='ocrx_word' id='word_1_36' title='bbox 1781 432 1902 472; x_wconf 91' lang='lat' dir='ltr'><strong>eum</strong></span> 
     </span>
    </p>
   </div>
   <div class='ocr_carea' id='block_1_6' title="bbox 334 504 1903 573">
    <p class='ocr_par' dir='ltr' id='par_1_6' title="bbox 334 504 1903 573">
     <span class='ocr_line' id='line_1_6' title="bbox 334 504 1903 573; baseline 0.004 -17"><span class='ocrx_word' id='word_1_37' title='bbox 334 518 530 573; x_wconf 87' lang='lat' dir='ltr'><strong>capere</strong></span> <span class='ocrx_word' id='word_1_38' title='bbox 581 504 916 560; x_wconf 71' lang='lat' dir='ltr'><strong>valebamus.</strong></span> <span class='ocrx_word' id='word_1_39' title='bbox 976 505 1058 559; x_wconf 83' lang='lat' dir='ltr'><strong>Ac</strong></span> <span class='ocrx_word' id='word_1_40' title='bbox 1109 504 1361 558; x_wconf 78' lang='lat' dir='ltr'><strong>fortassis</strong></span> <span class='ocrx_word' id='word_1_41' title='bbox 1394 506 1464 560; x_wconf 92' lang='lat' dir='ltr'><strong>ob</strong></span> <span class='ocrx_word' id='word_1_42' title='bbox 1507 506 1649 560; x_wconf 85' lang='lat' dir='ltr'><strong>hanc</strong></span> <span class='ocrx_word' id='word_1_43' title='bbox 1683 522 1903 562; x_wconf 80' lang='lat' dir='ltr'><strong>causam</strong></span> 
     </span>
    </p>
   </div>
   <div class='ocr_carea' id='block_1_7' title="bbox 335 595 1903 668">
    <p class='ocr_par' dir='ltr' id='par_1_7' title="bbox 335 595 1903 668">
     <span class='ocr_line' id='line_1_7' title="bbox 335 595 1903 668; baseline 0.004 -21"><span class='ocrx_word' id='word_1_44' title='bbox 335 611 445 648; x_wconf 92' lang='lat' dir='ltr'><strong>non</strong></span> <span class='ocrx_word' id='word_1_45' title='bbox 484 595 645 651; x_wconf 91' lang='lat' dir='ltr'><strong>modo</strong></span> <span class='ocrx_word' id='word_1_46' title='bbox 687 597 1087 668; x_wconf 90' lang='lat' dir='ltr'><strong>primogenitus</strong></span> <span class='ocrx_word' id='word_1_47' title='bbox 1138 605 1223 650; x_wconf 88' lang='lat' dir='ltr'><strong>est</strong></span> <span class='ocrx_word' id='word_1_48' title='bbox 1265 595 1446 651; x_wconf 90' lang='lat' dir='ltr'><strong>omnis</strong></span> <span class='ocrx_word' id='word_1_49' title='bbox 1490 608 1775 661; x_wconf 64' lang='lat' dir='ltr'><strong>creaturae,</strong></span> <span class='ocrx_word' id='word_1_50' title='bbox 1807 600 1903 655; x_wconf 89' lang='lat' dir='ltr'><strong>sed</strong></span> 
     </span>
    </p>
   </div>
   <div class='ocr_carea' id='block_1_8' title="bbox 333 688 1901 758">
    <p class='ocr_par' dir='ltr' id='par_1_8' title="bbox 333 688 1901 758">
     <span class='ocr_line' id='line_1_8' title="bbox 333 688 1901 758; baseline 0.004 -18"><span class='ocrx_word' id='word_1_51' title='bbox 333 688 496 742; x_wconf 88' lang='lat' dir='ltr'><strong>etiam</strong></span> <span class='ocrx_word' id='word_1_52' title='bbox 522 688 918 758; x_wconf 83' lang='lat' dir='ltr'><strong>interpretatur</strong></span> <span class='ocrx_word' id='word_1_53' title='bbox 943 692 1099 747; x_wconf 84' lang='lat' dir='ltr'><strong>homo</strong></span> <span class='ocrx_word' id='word_1_54' title='bbox 1125 689 1297 743; x_wconf 84' lang='lat' dir='ltr'><strong>Adam</strong></span> <span class='ocrx_word' id='word_1_55' title='bbox 1324 705 1339 754; x_wconf 92' lang='lat'><strong>;</strong></span> <span class='ocrx_word' id='word_1_56' title='bbox 1367 690 1509 758; x_wconf 88' lang='lat' dir='ltr'><strong>quod</strong></span> <span class='ocrx_word' id='word_1_57' title='bbox 1533 699 1708 744; x_wconf 88' lang='lat' dir='ltr'><strong>autem</strong></span> <span class='ocrx_word' id='word_1_58' title='bbox 1731 690 1901 746; x_wconf 87' lang='lat' dir='ltr'><strong>Adam</strong></span> 
     </span>
    </p>
   </div>
   <div class='ocr_carea' id='block_1_9' title="bbox 1077 778 1905 839">
    <p class='ocr_par' dir='ltr' id='par_1_9' title="bbox 1077 778 1905 839">
     <span class='ocr_line' id='line_1_9' title="bbox 1077 778 1905 839; baseline 0.006 -5"><span class='ocrx_word' id='word_1_59' title='bbox 1077 781 1299 837; x_wconf 82' lang='lat' dir='ltr'><strong>verbis:</strong></span> <span class='ocrx_word' id='word_1_60' title='bbox 1355 778 1585 835; x_wconf 75' lang='lat' dir='ltr'><strong>Ultimus</strong></span> <span class='ocrx_word' id='word_1_61' title='bbox 1634 783 1805 838; x_wconf 84' lang='lat' dir='ltr'><strong>Adam</strong></span> <span class='ocrx_word' id='word_1_62' title='bbox 1850 786 1905 839; x_wconf 84' lang='lat' dir='ltr'><strong>in</strong></span> 
     </span>
    </p>
   </div>
   <div class='ocr_carea' id='block_1_10' title="bbox 331 872 1034 942">
    <p class='ocr_par' dir='ltr' id='par_1_10' title="bbox 331 872 1034 942">
     <span class='ocr_line' id='line_1_10' title="bbox 331 872 1034 942; baseline 0.001 -17"><span class='ocrx_word' id='word_1_63' title='bbox 331 873 572 942; x_wconf 72' lang='lat' dir='ltr'><strong>spiritum</strong></span> <span class='ocrx_word' id='word_1_64' title='bbox 594 872 936 942; x_wconf 73' lang='lat' dir='ltr'><strong>viviﬁcantem</strong></span> <span class='ocrx_word' id='word_1_65' title='bbox 966 874 1034 926; x_wconf 80' lang='grc'><strong>⁸⁵.</strong></span> 
     </span>
    </p>
   </div>
   <div class='ocr_carea' id='block_1_11' title="bbox 397 963 1901 1040">
    <p class='ocr_par' dir='ltr' id='par_1_11' title="bbox 397 963 1901 1040">
     <span class='ocr_line' id='line_1_11' title="bbox 397 963 1901 1040; baseline 0.007 -22"><span class='ocrx_word' id='word_1_66' title='bbox 397 963 487 1019; x_wconf 78' lang='grc'>21.</span> <span class='ocrx_word' id='word_1_67' title='bbox 526 964 792 1021; x_wconf 74' lang='lat' dir='ltr'><strong>Pranerea</strong></span> <span class='ocrx_word' id='word_1_68' title='bbox 817 966 1017 1020; x_wconf 86' lang='lat' dir='ltr'><strong>dicitur</strong></span> <span class='ocrx_word' id='word_1_69' title='bbox 1035 968 1197 1020; x_wconf 88' lang='lat' dir='ltr'><strong>etiam</strong></span> <span class='ocrx_word' id='word_1_70' title='bbox 1221 968 1546 1038; x_wconf 84' lang='lat' dir='ltr'><strong>principium</strong></span> <span class='ocrx_word' id='word_1_71' title='bbox 1576 971 1642 1026; x_wconf 89' lang='lat' dir='ltr'><strong>de</strong></span> <span class='ocrx_word' id='word_1_72' title='bbox 1663 973 1901 1040; x_wconf 85' lang='lat' dir='ltr'><strong>actione,</strong></span> 
     </span>
    </p>
   </div>
   <div class='ocr_carea' id='block_1_12' title="bbox 333 1056 1900 1131">
    <p class='ocr_par' dir='ltr' id='par_1_12' title="bbox 333 1056 1900 1131">
     <span class='ocr_line' id='line_1_12' title="bbox 333 1056 1900 1131; baseline 0.005 -22"><span class='ocrx_word' id='word_1_73' title='bbox 333 1056 385 1109; x_wconf 92' lang='lat' dir='ltr'><strong>in</strong></span> <span class='ocrx_word' id='word_1_74' title='bbox 416 1071 520 1126; x_wconf 91' lang='lat' dir='ltr'><strong>qua</strong></span> <span class='ocrx_word' id='word_1_75' title='bbox 560 1057 775 1112; x_wconf 89' lang='lat' dir='ltr'><strong>actione</strong></span> <span class='ocrx_word' id='word_1_76' title='bbox 811 1058 952 1112; x_wconf 86' lang='lat' dir='ltr'><strong>inest</strong></span> <span class='ocrx_word' id='word_1_77' title='bbox 982 1057 1108 1112; x_wconf 83' lang='lat' dir='ltr'><strong>linis</strong></span> <span class='ocrx_word' id='word_1_78' title='bbox 1135 1060 1358 1127; x_wconf 90' lang='lat' dir='ltr'><strong>quidam</strong></span> <span class='ocrx_word' id='word_1_79' title='bbox 1402 1070 1522 1128; x_wconf 91' lang='lat' dir='ltr'><strong>post</strong></span> <span class='ocrx_word' id='word_1_80' title='bbox 1553 1062 1900 1131; x_wconf 82' lang='lat' dir='ltr'><strong>principium.</strong></span> 
     </span>
    </p>
   </div>
   <div class='ocr_carea' id='block_1_13' title="bbox 329 1148 1902 1220">
    <p class='ocr_par' dir='ltr' id='par_1_13' title="bbox 329 1148 1902 1220">
     <span class='ocr_line' id='line_1_13' title="bbox 329 1148 1902 1220; baseline 0.004 -17"><span class='ocrx_word' id='word_1_81' title='bbox 329 1148 397 1203; x_wconf 89' lang='lat' dir='ltr'><strong>Et</strong></span> <span class='ocrx_word' id='word_1_82' title='bbox 418 1151 647 1203; x_wconf 80' lang='lat' dir='ltr'><strong>observa</strong></span> <span class='ocrx_word' id='word_1_83' title='bbox 689 1163 757 1203; x_wconf 91' lang='lat' dir='ltr'><strong>an</strong></span> <span class='ocrx_word' id='word_1_84' title='bbox 810 1151 1073 1220; x_wconf 88' lang='lat' dir='ltr'><strong>sapientia</strong></span> <span class='ocrx_word' id='word_1_85' title='bbox 1126 1151 1451 1220; x_wconf 87' lang='lat' dir='ltr'><strong>principium</strong></span> <span class='ocrx_word' id='word_1_86' title='bbox 1503 1156 1773 1209; x_wconf 88' lang='lat' dir='ltr'><strong>actionum</strong></span> <span class='ocrx_word' id='word_1_87' title='bbox 1808 1156 1902 1212; x_wconf 86' lang='lat' dir='ltr'><strong>Dei</strong></span> 
     </span>
    </p>
   </div>
   <div class='ocr_carea' id='block_1_14' title="bbox 330 1240 1899 1316">
    <p class='ocr_par' dir='ltr' id='par_1_14' title="bbox 330 1240 1899 1316">
     <span class='ocr_line' id='line_1_14' title="bbox 330 1240 1899 1316; baseline 0.005 -22"><span class='ocrx_word' id='word_1_88' title='bbox 330 1241 598 1295; x_wconf 81' lang='lat' dir='ltr'><strong>exsistens</strong></span> <span class='ocrx_word' id='word_1_89' title='bbox 626 1240 732 1297; x_wconf 90' lang='lat' dir='ltr'><strong>hoc</strong></span> <span class='ocrx_word' id='word_1_90' title='bbox 755 1243 915 1296; x_wconf 87' lang='lat' dir='ltr'><strong>modo</strong></span> <span class='ocrx_word' id='word_1_91' title='bbox 938 1242 1163 1313; x_wconf 81' lang='lat' dir='ltr'><strong>intelligi</strong></span> <span class='ocrx_word' id='word_1_92' title='bbox 1190 1244 1361 1311; x_wconf 83' lang='lat' dir='ltr'><strong>possit</strong></span> <span class='ocrx_word' id='word_1_93' title='bbox 1393 1258 1516 1299; x_wconf 84' lang='lat' dir='ltr'><strong>esse</strong></span> <span class='ocrx_word' id='word_1_94' title='bbox 1554 1248 1899 1316; x_wconf 89' lang='lat' dir='ltr'><strong>principium.</strong></span> 
     </span>
    </p>
   </div>
   <div class='ocr_carea' id='block_1_15' title="bbox 398 1331 1904 1404">
    <p class='ocr_par' dir='ltr' id='par_1_15' title="bbox 398 1331 1904 1404">
     <span class='ocr_line' id='line_1_15' title="bbox 398 1331 1904 1404; baseline 0.006 -18"><span class='ocrx_word' id='word_1_95' title='bbox 398 1332 490 1387; x_wconf 83' lang='grc'><strong>22.</strong></span> <span class='ocrx_word' id='word_1_96' title='bbox 529 1331 647 1388; x_wconf 81' lang='lat' dir='ltr'><strong>Jam</strong></span> <span class='ocrx_word' id='word_1_97' title='bbox 677 1348 799 1388; x_wconf 88' lang='lat' dir='ltr'><strong>cum</strong></span> <span class='ocrx_word' id='word_1_98' title='bbox 838 1344 917 1388; x_wconf 92' lang='lat' dir='ltr'><strong>tot</strong></span> <span class='ocrx_word' id='word_1_99' title='bbox 961 1334 1113 1390; x_wconf 84' lang='lat' dir='ltr'><strong>nobis</strong></span> <span class='ocrx_word' id='word_1_100' title='bbox 1163 1333 1217 1387; x_wconf 90' lang='lat' dir='ltr'><strong>in</strong></span> <span class='ocrx_word' id='word_1_101' title='bbox 1267 1337 1549 1404; x_wconf 68' lang='lat' dir='ltr'><strong>praesentia</strong></span> <span class='ocrx_word' id='word_1_102' title='bbox 1585 1351 1904 1395; x_wconf 86' lang='lat' dir='ltr'><strong>succurrant</strong></span> 
     </span>
    </p>
   </div>
   <div class='ocr_carea' id='block_1_16' title="bbox 330 1426 1900 1504">
    <p class='ocr_par' dir='ltr' id='par_1_16' title="bbox 330 1426 1900 1504">
     <span class='ocr_line' id='line_1_16' title="bbox 330 1426 1900 1504; baseline 0.005 -26"><span class='ocrx_word' id='word_1_103' title='bbox 330 1426 578 1496; x_wconf 89' lang='lat' dir='ltr'><strong>principii</strong></span> <span class='ocrx_word' id='word_1_104' title='bbox 628 1426 928 1497; x_wconf 77' lang='lat' dir='ltr'><strong>significata</strong></span> <span class='ocrx_word' id='word_1_105' title='bbox 962 1469 978 1493; x_wconf 89' lang='lat'><strong>,</strong></span> <span class='ocrx_word' id='word_1_106' title='bbox 1034 1426 1328 1496; x_wconf 74' lang='lat' dir='ltr'><strong>quzerimus</strong></span> <span class='ocrx_word' id='word_1_107' title='bbox 1389 1430 1454 1482; x_wconf 92' lang='lat' dir='ltr'><strong>de</strong></span> <span class='ocrx_word' id='word_1_108' title='bbox 1505 1444 1614 1497; x_wconf 88' lang='lat' dir='ltr'><strong>quo</strong></span> <span class='ocrx_word' id='word_1_109' title='bbox 1676 1431 1900 1504; x_wconf 79' lang='lat' dir='ltr'><strong>intelligi</strong></span> 
     </span>
    </p>
   </div>
   <div class='ocr_carea' id='block_1_17' title="bbox 330 1517 1904 1594">
    <p class='ocr_par' dir='ltr' id='par_1_17' title="bbox 330 1517 1904 1594">
     <span class='ocr_line' id='line_1_17' title="bbox 330 1517 1904 1594; baseline 0.006 -24"><span class='ocrx_word' id='word_1_110' title='bbox 330 1521 575 1586; x_wconf 83' lang='lat' dir='ltr'><strong>bporteat</strong></span> <span class='ocrx_word' id='word_1_111' title='bbox 603 1518 735 1572; x_wconf 91' lang='lat' dir='ltr'><strong>illud</strong></span> <span class='ocrx_word' id='word_1_112' title='bbox 777 1535 790 1570; x_wconf 84' lang='lat'><strong>:</strong></span> <span class='ocrx_word' id='word_1_113' title='bbox 829 1518 892 1571; x_wconf 81' lang='lat' dir='ltr'><strong>In</strong></span> <span class='ocrx_word' id='word_1_114' title='bbox 911 1518 1172 1587; x_wconf 79' lang='lat' dir='ltr'><strong>principio</strong></span> <span class='ocrx_word' id='word_1_115' title='bbox 1202 1527 1317 1572; x_wconf 81' lang='lat' dir='ltr'><strong>erat</strong></span> <span class='ocrx_word' id='word_1_116' title='bbox 1352 1517 1574 1574; x_wconf 82' lang='lat' dir='ltr'><strong>Verbum</strong></span> <span class='ocrx_word' id='word_1_117' title='bbox 1601 1522 1667 1575; x_wconf 75' lang='grc'><strong>⁸⁸.</strong></span> <span class='ocrx_word' id='word_1_118' title='bbox 1687 1522 1904 1594; x_wconf 82' lang='lat' dir='ltr'><strong>Perspi-</strong></span> 
     </span>
    </p>
   </div>
   <div class='ocr_carea' id='block_1_18' title="bbox 330 1613 1903 1686">
    <p class='ocr_par' dir='ltr' id='par_1_18' title="bbox 330 1613 1903 1686">
     <span class='ocr_line' id='line_1_18' title="bbox 330 1613 1903 1686; baseline 0.007 -23"><span class='ocrx_word' id='word_1_119' title='bbox 330 1624 600 1679; x_wconf 89' lang='lat' dir='ltr'><strong>cuumque</strong></span> <span class='ocrx_word' id='word_1_120' title='bbox 648 1621 737 1668; x_wconf 88' lang='lat' dir='ltr'><strong>est</strong></span> <span class='ocrx_word' id='word_1_121' title='bbox 778 1613 882 1667; x_wconf 86' lang='lat' dir='ltr'><strong>hoc</strong></span> <span class='ocrx_word' id='word_1_122' title='bbox 929 1613 1253 1682; x_wconf 90' lang='lat' dir='ltr'><strong>principium</strong></span> <span class='ocrx_word' id='word_1_123' title='bbox 1306 1614 1445 1668; x_wconf 85' lang='lat' dir='ltr'><strong>sumi</strong></span> <span class='ocrx_word' id='word_1_124' title='bbox 1489 1631 1593 1670; x_wconf 90' lang='lat' dir='ltr'><strong>non</strong></span> <span class='ocrx_word' id='word_1_125' title='bbox 1624 1631 1786 1686; x_wconf 88' lang='lat' dir='ltr'><strong>posse</strong></span> <span class='ocrx_word' id='word_1_126' title='bbox 1837 1619 1903 1674; x_wconf 92' lang='lat' dir='ltr'><strong>de</strong></span> 
     </span>
    </p>
   </div>
   <div class='ocr_carea' id='block_1_19' title="bbox 2007 427 3577 508">
    <p class='ocr_par' dir='ltr' id='par_1_19' title="bbox 2007 427 3577 508">
     <span class='ocr_line' id='line_1_19' title="bbox 2007 427 3577 508; baseline 0.008 -29"><span class='ocrx_word' id='word_1_127' title='bbox 2007 428 2157 498; x_wconf 82' lang='grc' dir='ltr'>ἡμῖν,</span> <span class='ocrx_word' id='word_1_128' title='bbox 2187 427 2329 481; x_wconf 74' lang='grc' dir='ltr'>οὓτω</span> <span class='ocrx_word' id='word_1_129' title='bbox 2371 429 2529 500; x_wconf 82' lang='grc' dir='ltr'>μόνον</span> <span class='ocrx_word' id='word_1_130' title='bbox 2584 429 2799 501; x_wconf 84' lang='grc' dir='ltr'>πρῶτον</span> <span class='ocrx_word' id='word_1_131' title='bbox 2842 432 3002 486; x_wconf 78' lang='grc' dir='ltr'>αὐτὸν</span> <span class='ocrx_word' id='word_1_132' title='bbox 3041 434 3311 504; x_wconf 61' lang='grc' dir='ltr'>χωρῆσαι,</span> <span class='ocrx_word' id='word_1_133' title='bbox 3339 435 3577 508; x_wconf 77' lang='grc' dir='ltr'>δυναμέ-</span> 
     </span>
    </p>
   </div>
   <div class='ocr_carea' id='block_1_20' title="bbox 2005 518 3576 597">
    <p class='ocr_par' dir='ltr' id='par_1_20' title="bbox 2005 518 3576 597">
     <span class='ocr_line' id='line_1_20' title="bbox 2005 518 3576 597; baseline 0.009 -28"><span class='ocrx_word' id='word_1_134' title='bbox 2005 534 2135 581; x_wconf 85' lang='grc' dir='ltr'><strong>νοις.</strong></span> <span class='ocrx_word' id='word_1_135' title='bbox 2162 518 2271 571; x_wconf 85' lang='lat' dir='ltr'><strong>Kal.</strong></span> <span class='ocrx_word' id='word_1_136' title='bbox 2304 519 2443 589; x_wconf 82' lang='grc' dir='ltr'>τάχα</span> <span class='ocrx_word' id='word_1_137' title='bbox 2466 519 2555 573; x_wconf 84' lang='grc' dir='ltr'>διὰ</span> <span class='ocrx_word' id='word_1_138' title='bbox 2581 520 2738 574; x_wconf 87' lang='grc' dir='ltr'>τοῦτο</span> <span class='ocrx_word' id='word_1_139' title='bbox 2776 523 2837 575; x_wconf 82' lang='grc' dir='ltr'><strong>οὐ</strong></span> <span class='ocrx_word' id='word_1_140' title='bbox 2870 523 3027 593; x_wconf 89' lang='grc' dir='ltr'>μόνον</span> <span class='ocrx_word' id='word_1_141' title='bbox 3067 526 3407 597; x_wconf 81' lang='grc' dir='ltr'>πρωτότοκός</span> <span class='ocrx_word' id='word_1_142' title='bbox 3459 531 3576 583; x_wconf 78' lang='grc' dir='ltr'>ἐστι</span> 
     </span>
    </p>
   </div>
   <div class='ocr_carea' id='block_1_21' title="bbox 2004 610 3583 690">
    <p class='ocr_par' dir='ltr' id='par_1_21' title="bbox 2004 610 3583 690">
     <span class='ocr_line' id='line_1_21' title="bbox 2004 610 3583 690; baseline 0.009 -29"><span class='ocrx_word' id='word_1_143' title='bbox 2004 610 2185 682; x_wconf 85' lang='grc' dir='ltr'>πάσης</span> <span class='ocrx_word' id='word_1_144' title='bbox 2215 611 2464 676; x_wconf 81' lang='grc' dir='ltr'><strong>κτίσεως,</strong></span> <span class='ocrx_word' id='word_1_145' title='bbox 2494 612 2628 667; x_wconf 76' lang='grc' dir='ltr'>ἀλλὰ</span> <span class='ocrx_word' id='word_1_146' title='bbox 2656 614 2939 686; x_wconf 70' lang='grc' dir='ltr'>καῖ’Λδέιμ</span> <span class='ocrx_word' id='word_1_147' title='bbox 2966 616 3324 688; x_wconf 76' lang='grc' dir='ltr'><strong>ἑρμηνεύεται</strong></span> <span class='ocrx_word' id='word_1_148' title='bbox 3353 618 3583 690; x_wconf 70' lang='grc' dir='ltr'><strong>ἄνθρωα-</strong></span> 
     </span>
    </p>
   </div>
   <div class='ocr_carea' id='block_1_22' title="bbox 2004 702 3577 782">
    <p class='ocr_par' dir='ltr' id='par_1_22' title="bbox 2004 702 3577 782">
     <span class='ocr_line' id='line_1_22' title="bbox 2004 702 3577 782; baseline 0.01 -31"><span class='ocrx_word' id='word_1_149' title='bbox 2004 712 2136 762; x_wconf 86' lang='grc' dir='ltr'>πος.</span> <span class='ocrx_word' id='word_1_150' title='bbox 2155 704 2276 756; x_wconf 86' lang='grc' dir='ltr'>Ὅτι</span> <span class='ocrx_word' id='word_1_151' title='bbox 2301 702 2358 757; x_wconf 86' lang='grc' dir='ltr'><strong>δὲ</strong></span> <span class='ocrx_word' id='word_1_152' title='bbox 2393 704 2565 775; x_wconf 81' lang='grc' dir='ltr'>Ἀδάμ</span> <span class='ocrx_word' id='word_1_153' title='bbox 2586 707 2721 771; x_wconf 78' lang='grc' dir='ltr'>ἐστι,</span> <span class='ocrx_word' id='word_1_154' title='bbox 2752 709 2915 778; x_wconf 79' lang='grc' dir='ltr'>φησὶν</span> <span class='ocrx_word' id='word_1_155' title='bbox 2951 711 2979 762; x_wconf 89' lang='lat'><strong>6</strong></span> <span class='ocrx_word' id='word_1_156' title='bbox 3008 708 3249 772; x_wconf 75' lang='grc' dir='ltr'><strong>Παῦλος⁸</strong></span> <span class='ocrx_word' id='word_1_157' title='bbox 3305 711 3356 764; x_wconf 90' lang='lat'><strong>&#39;0</strong></span> <span class='ocrx_word' id='word_1_158' title='bbox 3389 711 3577 782; x_wconf 81' lang='grc' dir='ltr'>ἐσχα-</span> 
     </span>
    </p>
   </div>
   <div class='ocr_carea' id='block_1_23' title="bbox 2004 794 3075 866">
    <p class='ocr_par' dir='ltr' id='par_1_23' title="bbox 2004 794 3075 866">
     <span class='ocr_line' id='line_1_23' title="bbox 2004 794 3075 866; baseline 0.007 -19"><span class='ocrx_word' id='word_1_159' title='bbox 2004 811 2109 861; x_wconf 85' lang='grc' dir='ltr'>τος</span> <span class='ocrx_word' id='word_1_160' title='bbox 2146 794 2317 865; x_wconf 82' lang='grc' dir='ltr'>Ἀδὰμ</span> <span class='ocrx_word' id='word_1_161' title='bbox 2348 805 2438 862; x_wconf 74' lang='grc' dir='ltr'>εις</span> <span class='ocrx_word' id='word_1_162' title='bbox 2467 795 2703 866; x_wconf 81' lang='grc' dir='ltr'>πνεῦμα</span> <span class='ocrx_word' id='word_1_163' title='bbox 2735 798 3075 858; x_wconf 78' lang='grc' dir='ltr'><strong>ζωοποιοῦν.</strong></span> 
     </span>
    </p>
   </div>
   <div class='ocr_carea' id='block_1_24' title="bbox 2073 954 3574 1048">
    <p class='ocr_par' dir='ltr' id='par_1_24' title="bbox 2073 954 3574 1048">
     <span class='ocr_line' id='line_1_24' title="bbox 2073 954 3574 1048; baseline 0.002 -24"><span class='ocrx_word' id='word_1_164' title='bbox 2073 970 2162 1025; x_wconf 75' lang='grc'><strong>21.</strong></span> <span class='ocrx_word' id='word_1_165' title='bbox 2194 971 2350 1024; x_wconf 86' lang='grc' dir='ltr'>Ἐστι</span> <span class='ocrx_word' id='word_1_166' title='bbox 2387 971 2443 1025; x_wconf 84' lang='grc' dir='ltr'><strong>δὲ</strong></span> <span class='ocrx_word' id='word_1_167' title='bbox 2466 973 2607 1045; x_wconf 83' lang='grc' dir='ltr'>ἀρχὴ</span> <span class='ocrx_word' id='word_1_168' title='bbox 2629 974 2724 1026; x_wconf 80' lang='grc' dir='ltr'><strong>καὶ</strong></span> <span class='ocrx_word' id='word_1_169' title='bbox 2754 974 2830 1036; x_wconf 85' lang='grc' dir='ltr'>ὡς</span> <span class='ocrx_word' id='word_1_170' title='bbox 2850 954 2888 1043; x_wconf 41' lang='grc' dir='ltr'><strong>’ἡ</strong></span> <span class='ocrx_word' id='word_1_171' title='bbox 2918 973 3189 1046; x_wconf 81' lang='grc' dir='ltr'>πράξεως,</span> <span class='ocrx_word' id='word_1_172' title='bbox 3223 966 3340 1048; x_wconf 78' lang='grc' dir='ltr'><strong>ὲνῇ</strong></span> <span class='ocrx_word' id='word_1_173' title='bbox 3378 974 3574 1045; x_wconf 78' lang='grc' dir='ltr'><strong>πράξει</strong></span> 
     </span>
    </p>
   </div>
   <div class='ocr_carea' id='block_1_25' title="bbox 2003 1058 3574 1135">
    <p class='ocr_par' dir='ltr' id='par_1_25' title="bbox 2003 1058 3574 1135">
     <span class='ocr_line' id='line_1_25' title="bbox 2003 1058 3574 1135; baseline 0.003 -23"><span class='ocrx_word' id='word_1_174' title='bbox 2003 1058 2118 1112; x_wconf 79' lang='grc' dir='ltr'>ἔστι</span> <span class='ocrx_word' id='word_1_175' title='bbox 2156 1078 2208 1113; x_wconf 91' lang='grc' dir='ltr'><strong>τι</strong></span> <span class='ocrx_word' id='word_1_176' title='bbox 2239 1060 2391 1125; x_wconf 80' lang='grc' dir='ltr'><strong>τέλος</strong></span> <span class='ocrx_word' id='word_1_177' title='bbox 2425 1066 2562 1132; x_wconf 75' lang='grc' dir='ltr'>μετὰ</span> <span class='ocrx_word' id='word_1_178' title='bbox 2583 1062 2682 1134; x_wconf 85' lang='grc' dir='ltr'>τὴν</span> <span class='ocrx_word' id='word_1_179' title='bbox 2709 1064 2904 1135; x_wconf 84' lang='grc' dir='ltr'>ἀρχήν.</span> <span class='ocrx_word' id='word_1_180' title='bbox 2945 1065 3055 1118; x_wconf 87' lang='lat' dir='ltr'><strong>Kal.</strong></span> <span class='ocrx_word' id='word_1_181' title='bbox 3105 1065 3400 1135; x_wconf 73' lang='grc' dir='ltr'><strong>ἐπίστησον</strong></span> <span class='ocrx_word' id='word_1_182' title='bbox 3446 1068 3492 1117; x_wconf 82' lang='grc' dir='ltr'>εἰ</span> <span class='ocrx_word' id='word_1_183' title='bbox 3538 1065 3574 1135; x_wconf 82' lang='grc' dir='ltr'>ὴ</span> 
     </span>
    </p>
   </div>
   <div class='ocr_carea' id='block_1_26' title="bbox 2006 1148 3576 1224">
    <p class='ocr_par' dir='ltr' id='par_1_26' title="bbox 2006 1148 3576 1224">
     <span class='ocr_line' id='line_1_26' title="bbox 2006 1148 3576 1224; baseline -0.011 -2"><span class='ocrx_word' id='word_1_184' title='bbox 2006 1151 2185 1220; x_wconf 72' lang='grc' dir='ltr'>σοφίαν</span> <span class='ocrx_word' id='word_1_185' title='bbox 2217 1152 2358 1224; x_wconf 82' lang='grc' dir='ltr'><strong>ἀρχὴ</strong></span> <span class='ocrx_word' id='word_1_186' title='bbox 2385 1152 2493 1206; x_wconf 84' lang='grc' dir='ltr'><strong>τῶν</strong></span> <span class='ocrx_word' id='word_1_187' title='bbox 2521 1152 2771 1223; x_wconf 81' lang='grc' dir='ltr'>πράξεων</span> <span class='ocrx_word' id='word_1_188' title='bbox 2797 1148 2931 1207; x_wconf 82' lang='grc' dir='ltr'>οὖσα</span> <span class='ocrx_word' id='word_1_189' title='bbox 2959 1152 3051 1207; x_wconf 89' lang='grc' dir='ltr'><strong>τοῦ</strong></span> <span class='ocrx_word' id='word_1_190' title='bbox 3097 1152 3230 1207; x_wconf 85' lang='grc' dir='ltr'>Θεοῦ</span> <span class='ocrx_word' id='word_1_191' title='bbox 3252 1193 3267 1219; x_wconf 94' lang='grc'><strong>,</strong></span> <span class='ocrx_word' id='word_1_192' title='bbox 3303 1152 3447 1207; x_wconf 76' lang='grc' dir='ltr'>οὕτω</span> <span class='ocrx_word' id='word_1_193' title='bbox 3488 1152 3576 1206; x_wconf 84' lang='grc' dir='ltr'><strong>δύ-</strong></span> 
     </span>
    </p>
   </div>
   <div class='ocr_carea' id='block_1_27' title="bbox 2003 1243 2620 1318">
    <p class='ocr_par' dir='ltr' id='par_1_27' title="bbox 2003 1243 2620 1318">
     <span class='ocr_line' id='line_1_27' title="bbox 2003 1243 2620 1318; baseline 0.006 -22"><span class='ocrx_word' id='word_1_194' title='bbox 2003 1262 2160 1299; x_wconf 88' lang='grc' dir='ltr'>ναται</span> <span class='ocrx_word' id='word_1_195' title='bbox 2181 1243 2422 1299; x_wconf 78' lang='grc' dir='ltr'>νοεῖσθαι</span> <span class='ocrx_word' id='word_1_196' title='bbox 2457 1247 2620 1318; x_wconf 87' lang='grc' dir='ltr'><strong>ἀρχή.</strong></span> 
     </span>
    </p>
   </div>
   <div class='ocr_carea' id='block_1_28' title="bbox 2071 1334 3576 1410">
    <p class='ocr_par' dir='ltr' id='par_1_28' title="bbox 2071 1334 3576 1410">
     <span class='ocr_line' id='line_1_28' title="bbox 2071 1334 3576 1410; baseline 0.001 -21"><span class='ocrx_word' id='word_1_197' title='bbox 2071 1334 2161 1389; x_wconf 89' lang='grc'><strong>22.</strong></span> <span class='ocrx_word' id='word_1_198' title='bbox 2224 1335 2504 1389; x_wconf 83' lang='grc' dir='ltr'>Τοσούτων</span> <span class='ocrx_word' id='word_1_199' title='bbox 2558 1341 2968 1409; x_wconf 79' lang='grc' dir='ltr'><strong>σημαινομένων</strong></span> <span class='ocrx_word' id='word_1_200' title='bbox 3015 1338 3108 1392; x_wconf 78' lang='grc' dir='ltr'><strong>ἐπὶ</strong></span> <span class='ocrx_word' id='word_1_201' title='bbox 3155 1336 3250 1393; x_wconf 87' lang='grc' dir='ltr'><strong>τοῦ</strong></span> <span class='ocrx_word' id='word_1_202' title='bbox 3308 1338 3576 1410; x_wconf 83' lang='grc' dir='ltr'>παρόντος</span> 
     </span>
    </p>
   </div>
   <div class='ocr_carea' id='block_1_29' title="bbox 2004 1427 3578 1501">
    <p class='ocr_par' dir='ltr' id='par_1_29' title="bbox 2004 1427 3578 1501">
     <span class='ocr_line' id='line_1_29' title="bbox 2004 1427 3578 1501; baseline 0.002 -23"><span class='ocrx_word' id='word_1_203' title='bbox 2004 1427 2134 1497; x_wconf 75' lang='grc' dir='ltr'>ἡμῖν</span> <span class='ocrx_word' id='word_1_204' title='bbox 2168 1427 2547 1481; x_wconf 77' lang='grc' dir='ltr'>ὑποπεσόντων</span> <span class='ocrx_word' id='word_1_205' title='bbox 2587 1428 2717 1499; x_wconf 73' lang='grc' dir='ltr'>περὶ</span> <span class='ocrx_word' id='word_1_206' title='bbox 2755 1431 2951 1501; x_wconf 82' lang='grc' dir='ltr'>ἀρχῆς,</span> <span class='ocrx_word' id='word_1_207' title='bbox 2988 1428 3254 1501; x_wconf 81' lang='grc' dir='ltr'>ζητοῦμεν</span> <span class='ocrx_word' id='word_1_208' title='bbox 3291 1430 3386 1482; x_wconf 73' lang='grc' dir='ltr'><strong>ἐπὶ</strong></span> <span class='ocrx_word' id='word_1_209' title='bbox 3433 1428 3578 1493; x_wconf 84' lang='grc' dir='ltr'>τίνος</span> 
     </span>
    </p>
   </div>
   <div class='ocr_carea' id='block_1_30' title="bbox 2003 1517 3577 1592">
    <p class='ocr_par' dir='ltr' id='par_1_30' title="bbox 2003 1517 3577 1592">
     <span class='ocr_line' id='line_1_30' title="bbox 2003 1517 3577 1592; baseline 0.002 -22"><span class='ocrx_word' id='word_1_210' title='bbox 2003 1519 2083 1570; x_wconf 88' lang='grc' dir='ltr'>δεῖ</span> <span class='ocrx_word' id='word_1_211' title='bbox 2114 1518 2409 1589; x_wconf 75' lang='grc' dir='ltr'>λαμϐάνειν</span> <span class='ocrx_word' id='word_1_212' title='bbox 2436 1519 2528 1572; x_wconf 88' lang='grc' dir='ltr'><strong>τό·</strong></span> <span class='ocrx_word' id='word_1_213' title='bbox 2570 1520 2666 1573; x_wconf 80' lang='grc' dir='ltr'><strong>Ἐν</strong></span> <span class='ocrx_word' id='word_1_214' title='bbox 2695 1519 2854 1589; x_wconf 80' lang='grc' dir='ltr'><strong>ἀρχῇ</strong></span> <span class='ocrx_word' id='word_1_215' title='bbox 2896 1517 2972 1592; x_wconf 84' lang='grc' dir='ltr'><strong>ἦν</strong></span> <span class='ocrx_word' id='word_1_216' title='bbox 2994 1523 3026 1574; x_wconf 83' lang='grc' dir='ltr'><em>ὁ</em></span> <span class='ocrx_word' id='word_1_217' title='bbox 3059 1522 3269 1590; x_wconf 71' lang='grc' dir='ltr'><strong>Λόγος.</strong></span> <span class='ocrx_word' id='word_1_218' title='bbox 3305 1522 3413 1574; x_wconf 87' lang='lat' dir='ltr'><strong>Kal.</strong></span> <span class='ocrx_word' id='word_1_219' title='bbox 3479 1537 3577 1573; x_wconf 87' lang='grc' dir='ltr'>σα-</span> 
     </span>
    </p>
   </div>
   <div class='ocr_carea' id='block_1_31' title="bbox 2004 1594 3580 1685">
    <p class='ocr_par' dir='ltr' id='par_1_31' title="bbox 2004 1594 3580 1685">
     <span class='ocr_line' id='line_1_31' title="bbox 2004 1594 3580 1685; baseline 0.002 -22"><span class='ocrx_word' id='word_1_220' title='bbox 2004 1611 2121 1679; x_wconf 82' lang='grc' dir='ltr'>φὲς,</span> <span class='ocrx_word' id='word_1_221' title='bbox 2153 1612 2233 1664; x_wconf 85' lang='grc' dir='ltr'>ὅτι</span> <span class='ocrx_word' id='word_1_222' title='bbox 2266 1612 2365 1665; x_wconf 89' lang='grc' dir='ltr'><strong>ούκ</strong></span> <span class='ocrx_word' id='word_1_223' title='bbox 2391 1612 2483 1664; x_wconf 73' lang='grc' dir='ltr'>ἐπὶ</span> <span class='ocrx_word' id='word_1_224' title='bbox 2513 1611 2606 1665; x_wconf 90' lang='grc' dir='ltr'><strong>τοῦ</strong></span> <span class='ocrx_word' id='word_1_225' title='bbox 2638 1612 2713 1677; x_wconf 83' lang='grc' dir='ltr'><strong>ὡς</strong></span> <span class='ocrx_word' id='word_1_226' title='bbox 2747 1612 3092 1685; x_wconf 80' lang='grc' dir='ltr'>μεταϐάσεως</span> <span class='ocrx_word' id='word_1_227' title='bbox 3117 1653 3131 1678; x_wconf 95' lang='grc'><strong>,</strong></span> <span class='ocrx_word' id='word_1_228' title='bbox 3159 1613 3191 1684; x_wconf 77' lang='grc' dir='ltr'>ἢ</span> <span class='ocrx_word' id='word_1_229' title='bbox 3219 1613 3295 1677; x_wconf 89' lang='grc' dir='ltr'>ὡς</span> <span class='ocrx_word' id='word_1_230' title='bbox 3332 1594 3455 1667; x_wconf 66' lang='grc' dir='ltr'>ὀδοῦ</span> <span class='ocrx_word' id='word_1_231' title='bbox 3486 1613 3580 1666; x_wconf 76' lang='grc' dir='ltr'>καὶ</span> 
     </span>
    </p>
   </div>
   <div class='ocr_carea' id='block_1_32' title="bbox 330 1690 1913 1781">
    <p class='ocr_par' dir='ltr' id='par_1_32' title="bbox 330 1703 1902 1781">
     <span class='ocr_line' id='line_1_32' title="bbox 330 1703 1902 1781; baseline 0.006 -24"><span class='ocrx_word' id='word_1_232' title='bbox 330 1703 596 1773; x_wconf 88' lang='lat' dir='ltr'><strong>principio</strong></span> <span class='ocrx_word' id='word_1_233' title='bbox 624 1706 883 1761; x_wconf 89' lang='lat' dir='ltr'><strong>transitus</strong></span> <span class='ocrx_word' id='word_1_234' title='bbox 909 1745 925 1771; x_wconf 92' lang='lat'><strong>,</strong></span> <span class='ocrx_word' id='word_1_235' title='bbox 968 1719 1062 1760; x_wconf 86' lang='lat' dir='ltr'><strong>aut</strong></span> <span class='ocrx_word' id='word_1_236' title='bbox 1093 1707 1191 1762; x_wconf 62' lang='lat' dir='ltr'><strong>viae</strong></span> <span class='ocrx_word' id='word_1_237' title='bbox 1225 1715 1282 1760; x_wconf 92' lang='lat' dir='ltr'><strong>et</strong></span> <span class='ocrx_word' id='word_1_238' title='bbox 1311 1705 1698 1779; x_wconf 82' lang='lat' dir='ltr'><strong>longitudinis;</strong></span> <span class='ocrx_word' id='word_1_239' title='bbox 1731 1710 1902 1781; x_wconf 89' lang='lat' dir='ltr'><strong>liquet</strong></span> 
     </span>
    </p>
   </div>
   <div class='ocr_carea' id='block_1_33' title="bbox 2012 1690 3580 1781">
    <p class='ocr_par' dir='ltr' id='par_1_33' title="bbox 2012 1703 3580 1775">
     <span class='ocr_line' id='line_1_33' title="bbox 2012 1703 3580 1775; baseline 0.003 -20"><span class='ocrx_word' id='word_1_240' title='bbox 2012 1704 2232 1775; x_wconf 80' lang='grc' dir='ltr'>μήκους.</span> <span class='ocrx_word' id='word_1_241' title='bbox 2255 1705 2368 1758; x_wconf 82' lang='grc' dir='ltr'>Οὐκ</span> <span class='ocrx_word' id='word_1_242' title='bbox 2390 1703 2582 1775; x_wconf 77' lang='grc' dir='ltr'>ἄδηλον</span> <span class='ocrx_word' id='word_1_243' title='bbox 2606 1705 2681 1770; x_wconf 84' lang='grc' dir='ltr'><strong>δὲ,</strong></span> <span class='ocrx_word' id='word_1_244' title='bbox 2706 1706 2787 1758; x_wconf 86' lang='grc' dir='ltr'>ὅτι</span> <span class='ocrx_word' id='word_1_245' title='bbox 2802 1706 2923 1759; x_wconf 79' lang='grc' dir='ltr'>οὐδὲ</span> <span class='ocrx_word' id='word_1_246' title='bbox 2950 1707 3043 1760; x_wconf 72' lang='grc' dir='ltr'><strong>ἐπὶ</strong></span> <span class='ocrx_word' id='word_1_247' title='bbox 3067 1704 3158 1758; x_wconf 89' lang='grc' dir='ltr'><strong>τοῦ</strong></span> <span class='ocrx_word' id='word_1_248' title='bbox 3189 1706 3265 1769; x_wconf 83' lang='grc' dir='ltr'><strong>ὡς</strong></span> <span class='ocrx_word' id='word_1_249' title='bbox 3287 1705 3580 1774; x_wconf 87' lang='grc' dir='ltr'>γενέσεως.</span> 
     </span>
    </p>
   </div>
   <div class='ocr_carea' id='block_1_34' title="bbox 328 1799 1902 1871">
    <p class='ocr_par' dir='ltr' id='par_1_34' title="bbox 328 1799 1902 1871">
     <span class='ocr_line' id='line_1_34' title="bbox 328 1799 1902 1871; baseline 0.006 -23"><span class='ocrx_word' id='word_1_250' title='bbox 328 1809 508 1852; x_wconf 86' lang='lat' dir='ltr'><strong>autem</strong></span> <span class='ocrx_word' id='word_1_251' title='bbox 541 1799 688 1867; x_wconf 90' lang='lat' dir='ltr'><strong>quod</strong></span> <span class='ocrx_word' id='word_1_252' title='bbox 718 1814 897 1869; x_wconf 86' lang='lat' dir='ltr'><strong>neque</strong></span> <span class='ocrx_word' id='word_1_253' title='bbox 942 1800 1010 1854; x_wconf 90' lang='lat' dir='ltr'><strong>de</strong></span> <span class='ocrx_word' id='word_1_254' title='bbox 1064 1800 1332 1869; x_wconf 89' lang='lat' dir='ltr'><strong>principio</strong></span> <span class='ocrx_word' id='word_1_255' title='bbox 1374 1802 1766 1871; x_wconf 78' lang='lat' dir='ltr'><strong>generationis.</strong></span> <span class='ocrx_word' id='word_1_256' title='bbox 1802 1801 1902 1857; x_wconf 79' lang='lat' dir='ltr'><strong>Ve-</strong></span> 
     </span>
    </p>
   </div>
   <div class='ocr_carea' id='block_1_35' title="bbox 331 1887 1899 1962">
    <p class='ocr_par' dir='ltr' id='par_1_35' title="bbox 331 1887 1899 1962">
     <span class='ocr_line' id='line_1_35' title="bbox 331 1887 1899 1962; baseline 0.004 -22"><span class='ocrx_word' id='word_1_257' title='bbox 331 1897 638 1943; x_wconf 88' lang='lat' dir='ltr'><strong>rumtamen</strong></span> <span class='ocrx_word' id='word_1_258' title='bbox 684 1887 801 1943; x_wconf 85' lang='lat' dir='ltr'><strong>ﬁeri</strong></span> <span class='ocrx_word' id='word_1_259' title='bbox 853 1900 1032 1956; x_wconf 87' lang='lat' dir='ltr'><strong>potest</strong></span> <span class='ocrx_word' id='word_1_260' title='bbox 1083 1899 1143 1944; x_wconf 90' lang='lat' dir='ltr'><strong>ut</strong></span> <span class='ocrx_word' id='word_1_261' title='bbox 1197 1889 1326 1944; x_wconf 89' lang='lat' dir='ltr'><strong>illud</strong></span> <span class='ocrx_word' id='word_1_262' title='bbox 1382 1892 1613 1961; x_wconf 86' lang='lat' dir='ltr'><strong>accipias</strong></span> <span class='ocrx_word' id='word_1_263' title='bbox 1646 1901 1899 1962; x_wconf 85' lang='lat' dir='ltr'><strong>tanquam</strong></span> 
     </span>
    </p>
   </div>
   <div class='ocr_carea' id='block_1_36' title="bbox 329 1980 1902 2053">
    <p class='ocr_par' dir='ltr' id='par_1_36' title="bbox 329 1980 1902 2053">
     <span class='ocr_line' id='line_1_36' title="bbox 329 1980 1902 2053; baseline 0.005 -23"><span class='ocrx_word' id='word_1_264' title='bbox 329 1980 656 2050; x_wconf 77' lang='lat' dir='ltr'><strong>principium</strong></span> <span class='ocrx_word' id='word_1_265' title='bbox 679 2023 694 2046; x_wconf 92' lang='lat'><strong>,</strong></span> <span class='ocrx_word' id='word_1_266' title='bbox 748 1994 777 2033; x_wconf 87' lang='lat' dir='ltr'><strong>a</strong></span> <span class='ocrx_word' id='word_1_267' title='bbox 807 1996 939 2050; x_wconf 91' lang='lat' dir='ltr'><strong>quo.</strong></span> <span class='ocrx_word' id='word_1_268' title='bbox 970 1982 1114 2050; x_wconf 89' lang='lat' dir='ltr'><strong>quod</strong></span> <span class='ocrx_word' id='word_1_269' title='bbox 1148 1989 1231 2037; x_wconf 89' lang='lat' dir='ltr'><strong>est</strong></span> <span class='ocrx_word' id='word_1_270' title='bbox 1285 1982 1494 2037; x_wconf 81' lang='lat' dir='ltr'><strong>faciens</strong></span> <span class='ocrx_word' id='word_1_271' title='bbox 1518 2023 1534 2049; x_wconf 95' lang='lat'><strong>,</strong></span> <span class='ocrx_word' id='word_1_272' title='bbox 1562 1984 1902 2053; x_wconf 86' lang='lat' dir='ltr'><strong>quandoqui-</strong></span> 
     </span>
    </p>
   </div>
   <div class='ocr_carea' id='block_1_37' title="bbox 327 2072 1900 2138">
    <p class='ocr_par' dir='ltr' id='par_1_37' title="bbox 327 2072 1900 2138">
     <span class='ocr_line' id='line_1_37' title="bbox 327 2072 1900 2138; baseline 0.004 -14"><span class='ocrx_word' id='word_1_273' title='bbox 327 2074 448 2126; x_wconf 87' lang='lat' dir='ltr'><strong>dem</strong></span> <span class='ocrx_word' id='word_1_274' title='bbox 482 2073 752 2126; x_wconf 76' lang='lat' dir='ltr'><strong>mandauit</strong></span> <span class='ocrx_word' id='word_1_275' title='bbox 778 2072 941 2138; x_wconf 74' lang='lat' dir='ltr'><strong>Deus,</strong></span> <span class='ocrx_word' id='word_1_276' title='bbox 965 2083 1010 2126; x_wconf 85' lang='lat' dir='ltr'><strong>et</strong></span> <span class='ocrx_word' id='word_1_277' title='bbox 1035 2083 1213 2127; x_wconf 88' lang='lat' dir='ltr'><strong>creata</strong></span> <span class='ocrx_word' id='word_1_278' title='bbox 1239 2085 1365 2128; x_wconf 77' lang='lat' dir='ltr'><strong>sunt</strong></span> <span class='ocrx_word' id='word_1_279' title='bbox 1399 2075 1464 2126; x_wconf 71' lang='lat'><strong>’7.</strong></span> <span class='ocrx_word' id='word_1_280' title='bbox 1496 2074 1722 2130; x_wconf 89' lang='lat' dir='ltr'><strong>Creator</strong></span> <span class='ocrx_word' id='word_1_281' title='bbox 1754 2076 1900 2130; x_wconf 88' lang='lat' dir='ltr'><strong>enim</strong></span> 
     </span>
    </p>
   </div>
   <div class='ocr_carea' id='block_1_38' title="bbox 326 2162 1899 2233">
    <p class='ocr_par' dir='ltr' id='par_1_38' title="bbox 326 2162 1899 2233">
     <span class='ocr_line' id='line_1_38' title="bbox 326 2162 1899 2233; baseline 0.002 -17"><span class='ocrx_word' id='word_1_282' title='bbox 326 2165 508 2233; x_wconf 81' lang='lat' dir='ltr'><strong>aliquo</strong></span> <span class='ocrx_word' id='word_1_283' title='bbox 535 2164 693 2219; x_wconf 88' lang='lat' dir='ltr'><strong>modo</strong></span> <span class='ocrx_word' id='word_1_284' title='bbox 735 2173 820 2218; x_wconf 89' lang='lat' dir='ltr'><strong>est</strong></span> <span class='ocrx_word' id='word_1_285' title='bbox 864 2162 1139 2229; x_wconf 84' lang='lat' dir='ltr'><strong>Christus,</strong></span> <span class='ocrx_word' id='word_1_286' title='bbox 1203 2165 1288 2219; x_wconf 89' lang='lat' dir='ltr'><strong>cui</strong></span> <span class='ocrx_word' id='word_1_287' title='bbox 1343 2165 1481 2220; x_wconf 80' lang='lat' dir='ltr'><strong>dixit</strong></span> <span class='ocrx_word' id='word_1_288' title='bbox 1537 2165 1700 2220; x_wconf 90' lang='lat' dir='ltr'><strong>Pater</strong></span> <span class='ocrx_word' id='word_1_289' title='bbox 1731 2185 1744 2219; x_wconf 86' lang='lat'><strong>:</strong></span> <span class='ocrx_word' id='word_1_290' title='bbox 1773 2164 1899 2219; x_wconf 83' lang='lat' dir='ltr'><strong>Fiat</strong></span> 
     </span>
    </p>
   </div>
   <div class='ocr_carea' id='block_1_39' title="bbox 325 2254 1901 2327">
    <p class='ocr_par' dir='ltr' id='par_1_39' title="bbox 325 2254 1901 2327">
     <span class='ocr_line' id='line_1_39' title="bbox 325 2254 1901 2327; baseline 0.006 -22"><span class='ocrx_word' id='word_1_291' title='bbox 325 2257 420 2308; x_wconf 70' lang='lat' dir='ltr'><strong>lux</strong></span> <span class='ocrx_word' id='word_1_292' title='bbox 447 2255 514 2321; x_wconf 78' lang='grc'><strong>⁸⁸,</strong></span> <span class='ocrx_word' id='word_1_293' title='bbox 561 2266 637 2323; x_wconf 90' lang='lat' dir='ltr'><strong>et,</strong></span> <span class='ocrx_word' id='word_1_294' title='bbox 700 2254 827 2309; x_wconf 85' lang='lat' dir='ltr'><strong>Fiat</strong></span> <span class='ocrx_word' id='word_1_295' title='bbox 872 2258 1263 2318; x_wconf 80' lang='lat' dir='ltr'><strong>ﬁrmamentum</strong></span> <span class='ocrx_word' id='word_1_296' title='bbox 1301 2257 1370 2314; x_wconf 71' lang='grc'><strong>³⁸.</strong></span> <span class='ocrx_word' id='word_1_297' title='bbox 1418 2256 1754 2327; x_wconf 87' lang='lat' dir='ltr'><strong>Creatorque</strong></span> <span class='ocrx_word' id='word_1_298' title='bbox 1815 2268 1901 2314; x_wconf 90' lang='lat' dir='ltr'><strong>est</strong></span> 
     </span>
    </p>
   </div>
   <div class='ocr_carea' id='block_1_40' title="bbox 325 2347 1900 2422">
    <p class='ocr_par' dir='ltr' id='par_1_40' title="bbox 325 2347 1900 2422">
     <span class='ocr_line' id='line_1_40' title="bbox 325 2347 1900 2422; baseline 0.004 -22"><span class='ocrx_word' id='word_1_299' title='bbox 325 2347 598 2414; x_wconf 81' lang='lat' dir='ltr'><strong>Christus,</strong></span> <span class='ocrx_word' id='word_1_300' title='bbox 629 2358 889 2417; x_wconf 83' lang='lat' dir='ltr'><strong>tanquam</strong></span> <span class='ocrx_word' id='word_1_301' title='bbox 920 2350 1272 2419; x_wconf 88' lang='lat' dir='ltr'><strong>principium,</strong></span> <span class='ocrx_word' id='word_1_302' title='bbox 1307 2351 1358 2404; x_wconf 93' lang='lat' dir='ltr'><strong>in</strong></span> <span class='ocrx_word' id='word_1_303' title='bbox 1384 2362 1647 2421; x_wconf 87' lang='lat' dir='ltr'><strong>quantum</strong></span> <span class='ocrx_word' id='word_1_304' title='bbox 1682 2353 1900 2422; x_wconf 83' lang='lat' dir='ltr'><strong>sapien-</strong></span> 
     </span>
    </p>
   </div>
   <div class='ocr_carea' id='block_1_41' title="bbox 327 2438 1899 2514">
    <p class='ocr_par' dir='ltr' id='par_1_41' title="bbox 327 2438 1899 2514">
     <span class='ocr_line' id='line_1_41' title="bbox 327 2438 1899 2514; baseline 0.005 -22"><span class='ocrx_word' id='word_1_305' title='bbox 327 2439 397 2492; x_wconf 89' lang='lat' dir='ltr'><strong>tia</strong></span> <span class='ocrx_word' id='word_1_306' title='bbox 428 2448 547 2505; x_wconf 84' lang='lat' dir='ltr'><strong>est;</strong></span> <span class='ocrx_word' id='word_1_307' title='bbox 600 2438 805 2494; x_wconf 77' lang='lat' dir='ltr'><strong>idcirco</strong></span> <span class='ocrx_word' id='word_1_308' title='bbox 854 2440 1032 2495; x_wconf 91' lang='lat' dir='ltr'><strong>dictus</strong></span> <span class='ocrx_word' id='word_1_309' title='bbox 1060 2440 1421 2510; x_wconf 90' lang='lat' dir='ltr'><strong>principium,</strong></span> <span class='ocrx_word' id='word_1_310' title='bbox 1451 2447 1580 2514; x_wconf 86' lang='lat' dir='ltr'><strong>quia</strong></span> <span class='ocrx_word' id='word_1_311' title='bbox 1631 2445 1899 2513; x_wconf 83' lang='lat' dir='ltr'><strong>sapientia</strong></span> 
     </span>
    </p>
   </div>
   <div class='ocr_carea' id='block_1_42' title="bbox 326 2530 1899 2603">
    <p class='ocr_par' dir='ltr' id='par_1_42' title="bbox 326 2530 1899 2603">
     <span class='ocr_line' id='line_1_42' title="bbox 326 2530 1899 2603; baseline 0.005 -19"><span class='ocrx_word' id='word_1_312' title='bbox 326 2532 435 2595; x_wconf 89' lang='lat' dir='ltr'><strong>sit,</strong></span> <span class='ocrx_word' id='word_1_313' title='bbox 504 2530 716 2586; x_wconf 81' lang='lat' dir='ltr'><strong>dicente</strong></span> <span class='ocrx_word' id='word_1_314' title='bbox 770 2546 868 2601; x_wconf 89' lang='lat' dir='ltr'><strong>per</strong></span> <span class='ocrx_word' id='word_1_315' title='bbox 925 2531 1274 2589; x_wconf 89' lang='lat' dir='ltr'><strong>Salomonem</strong></span> <span class='ocrx_word' id='word_1_316' title='bbox 1345 2533 1618 2603; x_wconf 86' lang='lat' dir='ltr'><strong>Sapientia</strong></span> <span class='ocrx_word' id='word_1_317' title='bbox 1683 2555 1697 2592; x_wconf 89' lang='lat'><strong>:</strong></span> <span class='ocrx_word' id='word_1_318' title='bbox 1758 2537 1899 2592; x_wconf 75' lang='lat' dir='ltr'><strong>Deus</strong></span> 
     </span>
    </p>
   </div>
   <div class='ocr_carea' id='block_1_43' title="bbox 324 2622 1899 2698">
    <p class='ocr_par' dir='ltr' id='par_1_43' title="bbox 324 2622 1899 2698">
     <span class='ocr_line' id='line_1_43' title="bbox 324 2622 1899 2698; baseline 0.006 -24"><span class='ocrx_word' id='word_1_319' title='bbox 324 2622 517 2676; x_wconf 78' lang='lat' dir='ltr'><strong>creauit</strong></span> <span class='ocrx_word' id='word_1_320' title='bbox 574 2638 655 2677; x_wconf 87' lang='lat' dir='ltr'><strong>me</strong></span> <span class='ocrx_word' id='word_1_321' title='bbox 713 2625 1035 2691; x_wconf 78' lang='lat' dir='ltr'><strong>principium</strong></span> <span class='ocrx_word' id='word_1_322' title='bbox 1083 2625 1291 2679; x_wconf 79' lang='lat' dir='ltr'><strong>viarum</strong></span> <span class='ocrx_word' id='word_1_323' title='bbox 1337 2642 1580 2691; x_wconf 74' lang='lat' dir='ltr'><strong>suarum,</strong></span> <span class='ocrx_word' id='word_1_324' title='bbox 1622 2631 1691 2681; x_wconf 86' lang='lat' dir='ltr'><strong>ad</strong></span> <span class='ocrx_word' id='word_1_325' title='bbox 1740 2646 1899 2698; x_wconf 86' lang='lat' dir='ltr'><strong>opera</strong></span> 
     </span>
    </p>
   </div>
   <div class='ocr_carea' id='block_1_44' title="bbox 324 2712 1900 2789">
    <p class='ocr_par' dir='ltr' id='par_1_44' title="bbox 324 2712 1900 2789">
     <span class='ocr_line' id='line_1_44' title="bbox 324 2712 1900 2789; baseline 0.006 -23"><span class='ocrx_word' id='word_1_326' title='bbox 324 2712 440 2783; x_wconf 77' lang='lat' dir='ltr'><strong>ejus</strong></span> <span class='ocrx_word' id='word_1_327' title='bbox 479 2715 520 2781; x_wconf 79' lang='grc' dir='ltr'>ι,</span> <span class='ocrx_word' id='word_1_328' title='bbox 550 2722 609 2768; x_wconf 87' lang='lat' dir='ltr'><strong>ut</strong></span> <span class='ocrx_word' id='word_1_329' title='bbox 632 2715 703 2769; x_wconf 90' lang='lat' dir='ltr'><strong>sit</strong></span> <span class='ocrx_word' id='word_1_330' title='bbox 730 2715 782 2769; x_wconf 93' lang='lat' dir='ltr'><strong>in</strong></span> <span class='ocrx_word' id='word_1_331' title='bbox 799 2717 1070 2786; x_wconf 89' lang='lat' dir='ltr'><strong>principio</strong></span> <span class='ocrx_word' id='word_1_332' title='bbox 1087 2716 1342 2782; x_wconf 80' lang='lat' dir='ltr'><strong>Verbum,</strong></span> <span class='ocrx_word' id='word_1_333' title='bbox 1366 2719 1467 2774; x_wconf 86' lang='lat' dir='ltr'><strong>hoc</strong></span> <span class='ocrx_word' id='word_1_334' title='bbox 1492 2728 1575 2774; x_wconf 85' lang='lat' dir='ltr'><strong>est</strong></span> <span class='ocrx_word' id='word_1_335' title='bbox 1602 2721 1652 2774; x_wconf 91' lang='lat' dir='ltr'><strong>in</strong></span> <span class='ocrx_word' id='word_1_336' title='bbox 1685 2723 1900 2789; x_wconf 83' lang='lat' dir='ltr'><strong>sapien-</strong></span> 
     </span>
    </p>
   </div>
   <div class='ocr_carea' id='block_1_45' title="bbox 328 2807 1898 2883">
    <p class='ocr_par' dir='ltr' id='par_1_45' title="bbox 328 2807 1898 2883">
     <span class='ocr_line' id='line_1_45' title="bbox 328 2807 1898 2883; baseline 0.007 -26"><span class='ocrx_word' id='word_1_337' title='bbox 328 2807 446 2859; x_wconf 85' lang='lat' dir='ltr'><strong>tia:</strong></span> <span class='ocrx_word' id='word_1_338' title='bbox 481 2807 779 2861; x_wconf 85' lang='lat' dir='ltr'><strong>secundum</strong></span> <span class='ocrx_word' id='word_1_339' title='bbox 846 2809 1065 2878; x_wconf 88' lang='lat' dir='ltr'><strong>quidem</strong></span> <span class='ocrx_word' id='word_1_340' title='bbox 1134 2811 1510 2865; x_wconf 87' lang='lat' dir='ltr'><strong>collectionem</strong></span> <span class='ocrx_word' id='word_1_341' title='bbox 1563 2815 1898 2883; x_wconf 82' lang='lat' dir='ltr'><strong>contempla-</strong></span> 
     </span>
    </p>
   </div>
   <div class='ocr_carea' id='block_1_46' title="bbox 326 2899 1894 2974">
    <p class='ocr_par' dir='ltr' id='par_1_46' title="bbox 326 2899 1894 2974">
     <span class='ocr_line' id='line_1_46' title="bbox 326 2899 1894 2974; baseline 0.007 -21"><span class='ocrx_word' id='word_1_342' title='bbox 326 2899 488 2954; x_wconf 89' lang='lat' dir='ltr'><strong>tionis</strong></span> <span class='ocrx_word' id='word_1_343' title='bbox 516 2908 571 2955; x_wconf 89' lang='lat' dir='ltr'><strong>et</strong></span> <span class='ocrx_word' id='word_1_344' title='bbox 600 2900 955 2965; x_wconf 82' lang='lat' dir='ltr'><strong>intelligentia</strong></span> <span class='ocrx_word' id='word_1_345' title='bbox 968 2918 1084 2956; x_wconf 91' lang='lat' dir='ltr'><strong>rum</strong></span> <span class='ocrx_word' id='word_1_346' title='bbox 1119 2905 1189 2959; x_wconf 91' lang='lat' dir='ltr'><strong>dc</strong></span> <span class='ocrx_word' id='word_1_347' title='bbox 1213 2905 1374 2961; x_wconf 88' lang='lat' dir='ltr'><strong>rebus</strong></span> <span class='ocrx_word' id='word_1_348' title='bbox 1405 2907 1694 2974; x_wconf 87' lang='lat' dir='ltr'><strong>universis,</strong></span> <span class='ocrx_word' id='word_1_349' title='bbox 1712 2910 1894 2964; x_wconf 84' lang='lat' dir='ltr'><strong>consi-</strong></span> 
     </span>
    </p>
   </div>
   <div class='ocr_carea' id='block_1_47' title="bbox 2004 1791 3579 1871">
    <p class='ocr_par' dir='ltr' id='par_1_47' title="bbox 2004 1791 3579 1871">
     <span class='ocr_line' id='line_1_47' title="bbox 2004 1791 3579 1871; baseline 0.004 -23"><span class='ocrx_word' id='word_1_350' title='bbox 2004 1796 2149 1866; x_wconf 82' lang='grc' dir='ltr'>Πλὴν</span> <span class='ocrx_word' id='word_1_351' title='bbox 2190 1796 2412 1851; x_wconf 82' lang='grc' dir='ltr'>δυνατὸν</span> <span class='ocrx_word' id='word_1_352' title='bbox 2464 1798 2537 1862; x_wconf 87' lang='grc' dir='ltr'>ὼς</span> <span class='ocrx_word' id='word_1_353' title='bbox 2572 1799 2631 1851; x_wconf 84' lang='grc' dir='ltr'><strong>τὸ</strong></span> <span class='ocrx_word' id='word_1_354' title='bbox 2660 1800 2749 1869; x_wconf 82' lang='grc' dir='ltr'><strong>ὑφ’</strong></span> <span class='ocrx_word' id='word_1_355' title='bbox 2773 1791 2857 1863; x_wconf 76' lang='grc' dir='ltr'>οὗ,</span> <span class='ocrx_word' id='word_1_356' title='bbox 2893 1800 3031 1871; x_wconf 82' lang='grc' dir='ltr'>ὅπερ</span> <span class='ocrx_word' id='word_1_357' title='bbox 3057 1799 3173 1852; x_wconf 76' lang='grc' dir='ltr'>ἐστὶ</span> <span class='ocrx_word' id='word_1_358' title='bbox 3215 1798 3492 1862; x_wconf 82' lang='grc' dir='ltr'>ποιοῦν,εἱ’</span> <span class='ocrx_word' id='word_1_359' title='bbox 3515 1816 3579 1867; x_wconf 80' lang='grc' dir='ltr'><strong>γε</strong></span> 
     </span>
    </p>
   </div>
   <div class='ocr_carea' id='block_1_48' title="bbox 2002 1887 3580 1961">
    <p class='ocr_par' dir='ltr' id='par_1_48' title="bbox 2002 1887 3580 1961">
     <span class='ocr_line' id='line_1_48' title="bbox 2002 1887 3580 1961; baseline 0.003 -21"><span class='ocrx_word' id='word_1_360' title='bbox 2002 1887 2337 1942; x_wconf 77' lang='grc' dir='ltr'>ἐνετείλατο</span> <span class='ocrx_word' id='word_1_361' title='bbox 2370 1891 2403 1942; x_wconf 86' lang='grc' dir='ltr'><strong>ό</strong></span> <span class='ocrx_word' id='word_1_362' title='bbox 2448 1889 2613 1956; x_wconf 84' lang='grc' dir='ltr'>Θεὸς,</span> <span class='ocrx_word' id='word_1_363' title='bbox 2662 1890 2762 1944; x_wconf 77' lang='grc' dir='ltr'>καὶ</span> <span class='ocrx_word' id='word_1_364' title='bbox 2803 1891 3173 1959; x_wconf 79' lang='grc' dir='ltr'><strong>ἐκτίσθησαν</strong></span> <span class='ocrx_word' id='word_1_365' title='bbox 3194 1908 3208 1920; x_wconf 74' lang='grc' dir='ltr'>ο</span> <span class='ocrx_word' id='word_1_366' title='bbox 3246 1890 3580 1961; x_wconf 68' lang='grc' dir='ltr'>δημιουργὸς</span> 
     </span>
    </p>
   </div>
   <div class='ocr_carea' id='block_1_49' title="bbox 2000 1975 3577 2054">
    <p class='ocr_par' dir='ltr' id='par_1_49' title="bbox 2000 1975 3577 2054">
     <span class='ocr_line' id='line_1_49' title="bbox 2000 1975 3577 2054; baseline 0.001 -22"><span class='ocrx_word' id='word_1_367' title='bbox 2000 1980 2110 2051; x_wconf 83' lang='grc' dir='ltr'><strong>γάρ</strong></span> <span class='ocrx_word' id='word_1_368' title='bbox 2136 1997 2250 2043; x_wconf 89' lang='grc' dir='ltr'><strong>πως</strong></span> <span class='ocrx_word' id='word_1_369' title='bbox 2288 1981 2316 2032; x_wconf 90' lang='lat'><strong>6</strong></span> <span class='ocrx_word' id='word_1_370' title='bbox 2348 1980 2581 2051; x_wconf 85' lang='grc' dir='ltr'>Χριστός</span> <span class='ocrx_word' id='word_1_371' title='bbox 2620 1983 2788 2045; x_wconf 77' lang='grc' dir='ltr'>ἐστιν,</span> <span class='ocrx_word' id='word_1_372' title='bbox 2814 1975 2859 2050; x_wconf 80' lang='grc' dir='ltr'><strong>ᾧ</strong></span> <span class='ocrx_word' id='word_1_373' title='bbox 2896 1981 3043 2050; x_wconf 81' lang='grc' dir='ltr'>λέγει</span> <span class='ocrx_word' id='word_1_374' title='bbox 3070 1984 3099 2036; x_wconf 88' lang='lat'><strong>6</strong></span> <span class='ocrx_word' id='word_1_375' title='bbox 3127 1983 3345 2054; x_wconf 76' lang='grc' dir='ltr'>Πατήρο</span> <span class='ocrx_word' id='word_1_376' title='bbox 3384 1984 3577 2047; x_wconf 76' lang='grc' dir='ltr'>Γενη-</span> 
     </span>
    </p>
   </div>
   <div class='ocr_carea' id='block_1_50' title="bbox 2003 2070 3576 2145">
    <p class='ocr_par' dir='ltr' id='par_1_50' title="bbox 2003 2070 3576 2145">
     <span class='ocr_line' id='line_1_50' title="bbox 2003 2070 3576 2145; baseline 0.003 -23"><span class='ocrx_word' id='word_1_377' title='bbox 2003 2070 2157 2139; x_wconf 81' lang='grc' dir='ltr'>θήτω</span> <span class='ocrx_word' id='word_1_378' title='bbox 2182 2071 2328 2141; x_wconf 69' lang='grc' dir='ltr'>φῶς,</span> <span class='ocrx_word' id='word_1_379' title='bbox 2366 2076 2480 2138; x_wconf 75' lang='grc' dir='ltr'>καὶ,</span> <span class='ocrx_word' id='word_1_380' title='bbox 2520 2073 2835 2141; x_wconf 67' lang='grc' dir='ltr'>Γενηθήτω</span> <span class='ocrx_word' id='word_1_381' title='bbox 2862 2073 3182 2144; x_wconf 78' lang='grc' dir='ltr'>στερέωμα.</span> <span class='ocrx_word' id='word_1_382' title='bbox 3230 2073 3576 2145; x_wconf 73' lang='grc' dir='ltr'>Δημιουργὸς</span> 
     </span>
    </p>
   </div>
   <div class='ocr_carea' id='block_1_51' title="bbox 2001 2162 3580 2236">
    <p class='ocr_par' dir='ltr' id='par_1_51' title="bbox 2001 2162 3580 2236">
     <span class='ocr_line' id='line_1_51' title="bbox 2001 2162 3580 2236; baseline -0.001 -20"><span class='ocrx_word' id='word_1_383' title='bbox 2001 2162 2057 2216; x_wconf 79' lang='grc' dir='ltr'><strong>δὲ</strong></span> <span class='ocrx_word' id='word_1_384' title='bbox 2100 2163 2128 2214; x_wconf 90' lang='lat'><strong>6</strong></span> <span class='ocrx_word' id='word_1_385' title='bbox 2170 2163 2402 2235; x_wconf 83' lang='grc' dir='ltr'>Χριστὸς</span> <span class='ocrx_word' id='word_1_386' title='bbox 2452 2165 2527 2228; x_wconf 84' lang='grc' dir='ltr'>ὡς</span> <span class='ocrx_word' id='word_1_387' title='bbox 2584 2164 2726 2236; x_wconf 85' lang='grc' dir='ltr'><strong>ἀρχὴ</strong></span> <span class='ocrx_word' id='word_1_388' title='bbox 2759 2163 2892 2236; x_wconf 89' lang='lat'><strong>(79),</strong></span> <span class='ocrx_word' id='word_1_389' title='bbox 2946 2164 3081 2217; x_wconf 78' lang='grc' dir='ltr'>καθὸ</span> <span class='ocrx_word' id='word_1_390' title='bbox 3123 2164 3286 2233; x_wconf 87' lang='grc' dir='ltr'>σοφία</span> <span class='ocrx_word' id='word_1_391' title='bbox 3320 2164 3459 2227; x_wconf 76' lang='grc' dir='ltr'>ἐστὶ,</span> <span class='ocrx_word' id='word_1_392' title='bbox 3498 2163 3580 2232; x_wconf 80' lang='grc' dir='ltr'>τῷ</span> 
     </span>
    </p>
   </div>
   <div class='ocr_carea' id='block_1_52' title="bbox 2004 2250 3577 2327">
    <p class='ocr_par' dir='ltr' id='par_1_52' title="bbox 2004 2250 3577 2327">
     <span class='ocr_line' id='line_1_52' title="bbox 2004 2250 3577 2327; baseline -0.004 -18"><span class='ocrx_word' id='word_1_393' title='bbox 2004 2254 2162 2324; x_wconf 86' lang='grc' dir='ltr'>σοφία</span> <span class='ocrx_word' id='word_1_394' title='bbox 2194 2250 2333 2308; x_wconf 83' lang='grc' dir='ltr'>εἶναι</span> <span class='ocrx_word' id='word_1_395' title='bbox 2365 2255 2695 2325; x_wconf 83' lang='grc' dir='ltr'>καλούμενος</span> <span class='ocrx_word' id='word_1_396' title='bbox 2721 2256 2861 2327; x_wconf 85' lang='grc' dir='ltr'><strong>ἀρχή</strong></span> <span class='ocrx_word' id='word_1_397' title='bbox 2879 2272 2891 2285; x_wconf 87' lang='grc'><strong>·</strong></span> <span class='ocrx_word' id='word_1_398' title='bbox 2925 2256 2960 2325; x_wconf 82' lang='grc' dir='ltr'>ἡ</span> <span class='ocrx_word' id='word_1_399' title='bbox 2987 2254 3095 2327; x_wconf 82' lang='grc' dir='ltr'>γὰρ</span> <span class='ocrx_word' id='word_1_400' title='bbox 3122 2254 3286 2324; x_wconf 85' lang='grc' dir='ltr'>σοφία</span> <span class='ocrx_word' id='word_1_401' title='bbox 3308 2254 3464 2325; x_wconf 76' lang='grc' dir='ltr'>παρὰ</span> <span class='ocrx_word' id='word_1_402' title='bbox 3498 2252 3577 2324; x_wconf 80' lang='grc' dir='ltr'><strong>τῷ</strong></span> 
     </span>
    </p>
   </div>
   <div class='ocr_carea' id='block_1_53' title="bbox 2002 2345 3577 2418">
    <p class='ocr_par' dir='ltr' id='par_1_53' title="bbox 2002 2345 3577 2418">
     <span class='ocr_line' id='line_1_53' title="bbox 2002 2345 3577 2418; baseline -0.002 -17"><span class='ocrx_word' id='word_1_403' title='bbox 2002 2346 2305 2418; x_wconf 84' lang='grc' dir='ltr'>Σολομῶντί</span> <span class='ocrx_word' id='word_1_404' title='bbox 2331 2361 2523 2418; x_wconf 81' lang='grc' dir='ltr'>φησιν·</span> <span class='ocrx_word' id='word_1_405' title='bbox 2562 2348 2616 2401; x_wconf 91' lang='lat'><strong>&#39;0</strong></span> <span class='ocrx_word' id='word_1_406' title='bbox 2646 2347 2791 2414; x_wconf 84' lang='grc' dir='ltr'><strong>Θεὸς</strong></span> <span class='ocrx_word' id='word_1_407' title='bbox 2818 2348 3021 2401; x_wconf 82' lang='grc' dir='ltr'>ἔκτισέ</span> <span class='ocrx_word' id='word_1_408' title='bbox 3056 2365 3134 2418; x_wconf 83' lang='grc' dir='ltr'><strong>με</strong></span> <span class='ocrx_word' id='word_1_409' title='bbox 3175 2348 3375 2418; x_wconf 71' lang='grc' dir='ltr'>ἀρχὴν</span> <span class='ocrx_word' id='word_1_410' title='bbox 3417 2345 3577 2401; x_wconf 79' lang='grc' dir='ltr'><strong>ὁδῶν</strong></span> 
     </span>
    </p>
   </div>
   <div class='ocr_carea' id='block_1_54' title="bbox 2000 2439 3578 2516">
    <p class='ocr_par' dir='ltr' id='par_1_54' title="bbox 2000 2439 3578 2516">
     <span class='ocr_line' id='line_1_54' title="bbox 2000 2439 3578 2516; baseline -0.002 -20"><span class='ocrx_word' id='word_1_411' title='bbox 2000 2442 2185 2497; x_wconf 85' lang='grc' dir='ltr'>αὐτοῦ</span> <span class='ocrx_word' id='word_1_412' title='bbox 2214 2445 2300 2508; x_wconf 81' lang='grc' dir='ltr'>εις</span> <span class='ocrx_word' id='word_1_413' title='bbox 2331 2443 2473 2511; x_wconf 76' lang='grc' dir='ltr'>ἔργα</span> <span class='ocrx_word' id='word_1_414' title='bbox 2502 2443 2709 2507; x_wconf 83' lang='grc' dir='ltr'>αὐτοῦ,</span> <span class='ocrx_word' id='word_1_415' title='bbox 2743 2442 2832 2497; x_wconf 83' lang='grc' dir='ltr'><strong>ἴνα</strong></span> <span class='ocrx_word' id='word_1_416' title='bbox 2864 2443 2921 2495; x_wconf 83' lang='grc' dir='ltr'>ὲν</span> <span class='ocrx_word' id='word_1_417' title='bbox 2947 2443 3087 2514; x_wconf 82' lang='grc' dir='ltr'><strong>ἀρχῇ</strong></span> <span class='ocrx_word' id='word_1_418' title='bbox 3199 2443 3228 2494; x_wconf 90' lang='lat'><strong>6</strong></span> <span class='ocrx_word' id='word_1_419' title='bbox 3271 2443 3464 2510; x_wconf 87' lang='grc' dir='ltr'><strong>Λόγος,</strong></span> <span class='ocrx_word' id='word_1_420' title='bbox 3518 2443 3578 2494; x_wconf 77' lang='grc' dir='ltr'>ἐν</span> 
     </span>
    </p>
   </div>
   <div class='ocr_carea' id='block_1_55' title="bbox 1999 2531 3577 2606">
    <p class='ocr_par' dir='ltr' id='par_1_55' title="bbox 1999 2531 3577 2606">
     <span class='ocr_line' id='line_1_55' title="bbox 1999 2531 3577 2606; baseline -0.001 -19"><span class='ocrx_word' id='word_1_421' title='bbox 1999 2537 2065 2605; x_wconf 80' lang='grc' dir='ltr'>τῇ</span> <span class='ocrx_word' id='word_1_422' title='bbox 2098 2535 2286 2605; x_wconf 77' lang='grc' dir='ltr'>σοφίᾳ·</span> <span class='ocrx_word' id='word_1_423' title='bbox 2321 2538 2460 2589; x_wconf 82' lang='grc' dir='ltr'>κατὰ</span> <span class='ocrx_word' id='word_1_424' title='bbox 2488 2536 2585 2606; x_wconf 86' lang='grc' dir='ltr'><strong>μὲν</strong></span> <span class='ocrx_word' id='word_1_425' title='bbox 2610 2535 2706 2606; x_wconf 80' lang='grc' dir='ltr'><strong>τὴν</strong></span> <span class='ocrx_word' id='word_1_426' title='bbox 2738 2534 2994 2587; x_wconf 85' lang='grc' dir='ltr'>σύστασιν</span> <span class='ocrx_word' id='word_1_427' title='bbox 3018 2535 3118 2603; x_wconf 83' lang='grc' dir='ltr'>τῆς</span> <span class='ocrx_word' id='word_1_428' title='bbox 3146 2535 3272 2604; x_wconf 75' lang='grc' dir='ltr'>περὶ</span> <span class='ocrx_word' id='word_1_429' title='bbox 3302 2532 3409 2585; x_wconf 85' lang='grc' dir='ltr'><strong>τῶν</strong></span> <span class='ocrx_word' id='word_1_430' title='bbox 3438 2531 3577 2585; x_wconf 79' lang='grc' dir='ltr'>ὅλων</span> 
     </span>
    </p>
   </div>
   <div class='ocr_carea' id='block_1_56' title="bbox 2002 2623 3577 2697">
    <p class='ocr_par' dir='ltr' id='par_1_56' title="bbox 2002 2623 3577 2697">
     <span class='ocr_line' id='line_1_56' title="bbox 2002 2623 3577 2697; baseline 0.001 -20"><span class='ocrx_word' id='word_1_431' title='bbox 2002 2625 2231 2694; x_wconf 82' lang='grc' dir='ltr'>θεωρίας</span> <span class='ocrx_word' id='word_1_432' title='bbox 2259 2628 2352 2679; x_wconf 70' lang='lat' dir='ltr'><strong>xal.</strong></span> <span class='ocrx_word' id='word_1_433' title='bbox 2382 2626 2689 2697; x_wconf 83' lang='grc' dir='ltr'>νοημάτων,</span> <span class='ocrx_word' id='word_1_434' title='bbox 2718 2625 2818 2696; x_wconf 79' lang='grc' dir='ltr'><strong>τῆς</strong></span> <span class='ocrx_word' id='word_1_435' title='bbox 2844 2625 3034 2693; x_wconf 84' lang='grc' dir='ltr'>σοφίας</span> <span class='ocrx_word' id='word_1_436' title='bbox 3059 2625 3372 2696; x_wconf 79' lang='grc' dir='ltr'>νοουμένης,</span> <span class='ocrx_word' id='word_1_437' title='bbox 3430 2623 3577 2678; x_wconf 73' lang='grc' dir='ltr'>κατὰ</span> 
     </span>
    </p>
   </div>
   <div class='ocr_carea' id='block_1_57' title="bbox 1998 2716 3578 2790">
    <p class='ocr_par' dir='ltr' id='par_1_57' title="bbox 1998 2716 3578 2790">
     <span class='ocr_line' id='line_1_57' title="bbox 1998 2716 3578 2790; baseline -0.001 -19"><span class='ocrx_word' id='word_1_438' title='bbox 1998 2718 2054 2772; x_wconf 81' lang='grc' dir='ltr'><strong>δὲ</strong></span> <span class='ocrx_word' id='word_1_439' title='bbox 2094 2718 2190 2790; x_wconf 81' lang='grc' dir='ltr'>τὴν</span> <span class='ocrx_word' id='word_1_440' title='bbox 2237 2719 2371 2790; x_wconf 74' lang='grc' dir='ltr'>πρὸς</span> <span class='ocrx_word' id='word_1_441' title='bbox 2400 2718 2465 2771; x_wconf 78' lang='grc' dir='ltr'><strong>τά</strong></span> <span class='ocrx_word' id='word_1_442' title='bbox 2494 2718 2686 2784; x_wconf 81' lang='grc' dir='ltr'>λογικὰ</span> <span class='ocrx_word' id='word_1_443' title='bbox 2733 2716 3014 2773; x_wconf 87' lang='grc' dir='ltr'>κοινωνίαν</span> <span class='ocrx_word' id='word_1_444' title='bbox 3067 2718 3174 2771; x_wconf 81' lang='grc' dir='ltr'>τῶν</span> <span class='ocrx_word' id='word_1_445' title='bbox 3230 2717 3578 2789; x_wconf 78' lang='grc' dir='ltr'>τεθεωρημέ-</span> 
     </span>
    </p>
   </div>
   <div class='ocr_carea' id='block_1_58' title="bbox 2001 2807 3577 2881">
    <p class='ocr_par' dir='ltr' id='par_1_58' title="bbox 2001 2807 3577 2881">
     <span class='ocr_line' id='line_1_58' title="bbox 2001 2807 3577 2881; baseline -0.002 -19"><span class='ocrx_word' id='word_1_446' title='bbox 2001 2827 2105 2862; x_wconf 86' lang='grc' dir='ltr'><strong>νων</strong></span> <span class='ocrx_word' id='word_1_447' title='bbox 2131 2811 2264 2881; x_wconf 81' lang='grc'>(80),</span> <span class='ocrx_word' id='word_1_448' title='bbox 2290 2810 2382 2862; x_wconf 89' lang='grc' dir='ltr'><strong>τοῦ</strong></span> <span class='ocrx_word' id='word_1_449' title='bbox 2420 2810 2594 2878; x_wconf 82' lang='grc' dir='ltr'><strong>Λόγου</strong></span> <span class='ocrx_word' id='word_1_450' title='bbox 2639 2808 3072 2880; x_wconf 78' lang='grc' dir='ltr'>λαμϐανομένου.</span> <span class='ocrx_word' id='word_1_451' title='bbox 3124 2807 3233 2862; x_wconf 91' lang='lat' dir='ltr'><strong>Kal.</strong></span> <span class='ocrx_word' id='word_1_452' title='bbox 3258 2807 3329 2875; x_wconf 77' lang='grc' dir='ltr'><strong>1ού</strong></span> <span class='ocrx_word' id='word_1_453' title='bbox 3361 2807 3577 2877; x_wconf 76' lang='grc' dir='ltr'>Θαυμα-</span> 
     </span>
    </p>
   </div>
   <div class='ocr_carea' id='block_1_59' title="bbox 2002 2899 3574 2974">
    <p class='ocr_par' dir='ltr' id='par_1_59' title="bbox 2002 2899 3574 2974">
     <span class='ocr_line' id='line_1_59' title="bbox 2002 2899 3574 2974; baseline -0.003 -19"><span class='ocrx_word' id='word_1_454' title='bbox 2002 2904 2122 2957; x_wconf 76' lang='grc' dir='ltr'>στὸν</span> <span class='ocrx_word' id='word_1_455' title='bbox 2150 2906 2218 2969; x_wconf 83' lang='grc' dir='ltr'>εἰ,</span> <span class='ocrx_word' id='word_1_456' title='bbox 2245 2903 2320 2967; x_wconf 85' lang='grc' dir='ltr'><strong>ὡς</strong></span> <span class='ocrx_word' id='word_1_457' title='bbox 2348 2904 2776 2974; x_wconf 81' lang='grc' dir='ltr'>προειρήκαμεν,</span> <span class='ocrx_word' id='word_1_458' title='bbox 2810 2900 2977 2953; x_wconf 82' lang='grc' dir='ltr'>πολλὰ</span> <span class='ocrx_word' id='word_1_459' title='bbox 2998 2899 3072 2952; x_wconf 83' lang='grc' dir='ltr'>ὢν</span> <span class='ocrx_word' id='word_1_460' title='bbox 3103 2899 3279 2969; x_wconf 78' lang='grc' dir='ltr'>ἀγαθὰ</span> <span class='ocrx_word' id='word_1_461' title='bbox 3300 2901 3328 2952; x_wconf 96' lang='lat'><strong>6</strong></span> <span class='ocrx_word' id='word_1_462' title='bbox 3358 2901 3574 2970; x_wconf 74' lang='grc' dir='ltr'>Σωτὴρ,</span> 
     </span>
    </p>
   </div>
   <div class='ocr_carea' id='block_1_60' title="bbox 324 2992 1913 3085">
    <p class='ocr_par' dir='ltr' id='par_1_60' title="bbox 324 2995 1895 3065">
     <span class='ocr_line' id='line_1_60' title="bbox 324 2995 1895 3065; baseline 0.006 -17"><span class='ocrx_word' id='word_1_463' title='bbox 324 2998 512 3051; x_wconf 85' lang='lat' dir='ltr'><strong>derata</strong></span> <span class='ocrx_word' id='word_1_464' title='bbox 566 2995 870 3065; x_wconf 83' lang='lat' dir='ltr'><strong>sapientia;</strong></span> <span class='ocrx_word' id='word_1_465' title='bbox 931 2999 1226 3052; x_wconf 89' lang='lat' dir='ltr'><strong>secundum</strong></span> <span class='ocrx_word' id='word_1_466' title='bbox 1258 3013 1387 3055; x_wconf 90' lang='lat' dir='ltr'><strong>vero</strong></span> <span class='ocrx_word' id='word_1_467' title='bbox 1423 3016 1604 3054; x_wconf 90' lang='lat' dir='ltr'><strong>rerum</strong></span> <span class='ocrx_word' id='word_1_468' title='bbox 1652 3013 1895 3058; x_wconf 80' lang='lat' dir='ltr'><strong>conteru-</strong></span> 
     </span>
    </p>
   </div>
   <div class='ocr_carea' id='block_1_61' title="bbox 2012 2992 3574 3085">
    <p class='ocr_par' dir='ltr' id='par_1_61' title="bbox 2012 2992 3574 3066">
     <span class='ocr_line' id='line_1_61' title="bbox 2012 2992 3574 3066; baseline -0.004 -17"><span class='ocrx_word' id='word_1_469' title='bbox 2012 2998 2416 3066; x_wconf 67' lang='grc' dir='ltr'>ὲνεπινοούμενα</span> <span class='ocrx_word' id='word_1_470' title='bbox 2457 2995 2567 3066; x_wconf 74' lang='grc' dir='ltr'>ἔχει</span> <span class='ocrx_word' id='word_1_471' title='bbox 2614 2996 2673 3047; x_wconf 84' lang='grc' dir='ltr'><strong>ἐν</strong></span> <span class='ocrx_word' id='word_1_472' title='bbox 2723 2992 2871 3064; x_wconf 84' lang='grc' dir='ltr'>αύτῷ</span> <span class='ocrx_word' id='word_1_473' title='bbox 2909 2992 3122 3065; x_wconf 78' lang='grc' dir='ltr'>πρῶτα,</span> <span class='ocrx_word' id='word_1_474' title='bbox 3177 2993 3271 3047; x_wconf 74' lang='grc' dir='ltr'><strong>καὶ</strong></span> <span class='ocrx_word' id='word_1_475' title='bbox 3322 2993 3574 3062; x_wconf 86' lang='grc' dir='ltr'>δεύτερα,</span> 
     </span>
    </p>
   </div>
   <div class='ocr_carea' id='block_1_62' title="bbox 322 3085 1913 3162">
    <p class='ocr_par' dir='ltr' id='par_1_62' title="bbox 322 3085 1899 3162">
     <span class='ocr_line' id='line_1_62' title="bbox 322 3085 1899 3162; baseline 0.008 -23"><span class='ocrx_word' id='word_1_476' title='bbox 322 3085 591 3156; x_wconf 85' lang='lat' dir='ltr'><strong>platarum</strong></span> <span class='ocrx_word' id='word_1_477' title='bbox 621 3089 1081 3155; x_wconf 90' lang='lat' dir='ltr'><strong>communionem,</strong></span> <span class='ocrx_word' id='word_1_478' title='bbox 1136 3092 1203 3146; x_wconf 92' lang='lat' dir='ltr'><strong>ad</strong></span> <span class='ocrx_word' id='word_1_479' title='bbox 1250 3107 1312 3147; x_wconf 91' lang='lat' dir='ltr'><strong>ea</strong></span> <span class='ocrx_word' id='word_1_480' title='bbox 1354 3108 1475 3162; x_wconf 71' lang='lat' dir='ltr'><strong>qua:</strong></span> <span class='ocrx_word' id='word_1_481' title='bbox 1504 3104 1632 3149; x_wconf 86' lang='lat' dir='ltr'><strong>sunt</strong></span> <span class='ocrx_word' id='word_1_482' title='bbox 1668 3096 1899 3152; x_wconf 89' lang='lat' dir='ltr'><strong>rationis</strong></span> 
     </span>
    </p>
   </div>
   <div class='ocr_carea' id='block_1_63' title="bbox 2012 3085 3576 3162">
    <p class='ocr_par' dir='ltr' id='par_1_63' title="bbox 2012 3085 3576 3161">
     <span class='ocr_line' id='line_1_63' title="bbox 2012 3085 3576 3161; baseline -0.005 -16"><span class='ocrx_word' id='word_1_483' title='bbox 2012 3093 2095 3145; x_wconf 72' lang='grc' dir='ltr'><strong>καὶ</strong></span> <span class='ocrx_word' id='word_1_484' title='bbox 2119 3090 2295 3161; x_wconf 83' lang='grc' dir='ltr'>τρίτα.</span> <span class='ocrx_word' id='word_1_485' title='bbox 2339 3091 2402 3143; x_wconf 88' lang='grc' dir='ltr'><em>Ὃ</em></span> <span class='ocrx_word' id='word_1_486' title='bbox 2427 3088 2558 3158; x_wconf 89' lang='grc' dir='ltr'>γοῦν</span> <span class='ocrx_word' id='word_1_487' title='bbox 2600 3087 2852 3156; x_wconf 81' lang='grc' dir='ltr'>Ἰωάννης</span> <span class='ocrx_word' id='word_1_488' title='bbox 2893 3088 3162 3158; x_wconf 81' lang='grc' dir='ltr'>ἐπήνεγκε</span> <span class='ocrx_word' id='word_1_489' title='bbox 3191 3086 3415 3156; x_wconf 83' lang='grc' dir='ltr'>φάσκων</span> <span class='ocrx_word' id='word_1_490' title='bbox 3448 3085 3576 3156; x_wconf 69' lang='grc' dir='ltr'>περὶ</span> 
     </span>
    </p>
   </div>
   <div class='ocr_carea' id='block_1_64' title="bbox 323 3180 1899 3257">
    <p class='ocr_par' dir='ltr' id='par_1_64' title="bbox 323 3180 1899 3257">
     <span class='ocr_line' id='line_1_64' title="bbox 323 3180 1899 3257; baseline 0.006 -24"><span class='ocrx_word' id='word_1_491' title='bbox 323 3180 564 3250; x_wconf 83' lang='lat' dir='ltr'><strong>capacia,</strong></span> <span class='ocrx_word' id='word_1_492' title='bbox 602 3181 948 3237; x_wconf 84' lang='lat' dir='ltr'><strong>considerato</strong></span> <span class='ocrx_word' id='word_1_493' title='bbox 970 3180 1168 3238; x_wconf 77' lang='lat' dir='ltr'><strong>Verbo.</strong></span> <span class='ocrx_word' id='word_1_494' title='bbox 1199 3183 1309 3239; x_wconf 85' lang='lat' dir='ltr'><strong>Nec</strong></span> <span class='ocrx_word' id='word_1_495' title='bbox 1348 3184 1546 3240; x_wconf 87' lang='lat' dir='ltr'><strong>mirum</strong></span> <span class='ocrx_word' id='word_1_496' title='bbox 1572 3187 1642 3252; x_wconf 89' lang='lat' dir='ltr'><strong>si,</strong></span> <span class='ocrx_word' id='word_1_497' title='bbox 1666 3198 1727 3242; x_wconf 92' lang='lat' dir='ltr'><strong>ut</strong></span> <span class='ocrx_word' id='word_1_498' title='bbox 1753 3203 1899 3257; x_wconf 78' lang='lat' dir='ltr'><strong>pra:-</strong></span> 
     </span>
    </p>
   </div>
   <div class='ocr_carea' id='block_1_65' title="bbox 321 3271 1896 3339">
    <p class='ocr_par' dir='ltr' id='par_1_65' title="bbox 321 3271 1896 3339">
     <span class='ocr_line' id='line_1_65' title="bbox 321 3271 1896 3339; baseline 0.004 -10"><span class='ocrx_word' id='word_1_499' title='bbox 321 3271 586 3339; x_wconf 78' lang='lat' dir='ltr'><strong>diximus,</strong></span> <span class='ocrx_word' id='word_1_500' title='bbox 611 3272 780 3327; x_wconf 87' lang='lat' dir='ltr'><strong>multa</strong></span> <span class='ocrx_word' id='word_1_501' title='bbox 805 3272 944 3329; x_wconf 90' lang='lat' dir='ltr'><strong>bona</strong></span> <span class='ocrx_word' id='word_1_502' title='bbox 966 3275 1237 3330; x_wconf 80' lang='lat' dir='ltr'><strong>exsistens</strong></span> <span class='ocrx_word' id='word_1_503' title='bbox 1267 3275 1528 3332; x_wconf 80' lang='lat' dir='ltr'><strong>Servatur</strong></span> <span class='ocrx_word' id='word_1_504' title='bbox 1551 3279 1605 3333; x_wconf 90' lang='lat' dir='ltr'><strong>in</strong></span> <span class='ocrx_word' id='word_1_505' title='bbox 1638 3294 1697 3335; x_wconf 89' lang='lat' dir='ltr'><strong>se</strong></span> <span class='ocrx_word' id='word_1_506' title='bbox 1723 3281 1896 3337; x_wconf 80' lang='lat' dir='ltr'><strong>conti-</strong></span> 
     </span>
    </p>
   </div>
   <div class='ocr_carea' id='block_1_66' title="bbox 324 3365 1895 3436">
    <p class='ocr_par' dir='ltr' id='par_1_66' title="bbox 324 3365 1895 3436">
     <span class='ocr_line' id='line_1_66' title="bbox 324 3365 1895 3436; baseline 0.004 -16"><span class='ocrx_word' id='word_1_507' title='bbox 324 3375 473 3432; x_wconf 77' lang='lat' dir='ltr'><strong>neat,</strong></span> <span class='ocrx_word' id='word_1_508' title='bbox 507 3379 629 3436; x_wconf 71' lang='lat' dir='ltr'><strong>quae</strong></span> <span class='ocrx_word' id='word_1_509' title='bbox 656 3381 763 3421; x_wconf 86' lang='lat' dir='ltr'><strong>uno</strong></span> <span class='ocrx_word' id='word_1_510' title='bbox 786 3376 839 3421; x_wconf 89' lang='lat' dir='ltr'><strong>et</strong></span> <span class='ocrx_word' id='word_1_511' title='bbox 870 3365 1065 3434; x_wconf 87' lang='lat' dir='ltr'><strong>altero,</strong></span> <span class='ocrx_word' id='word_1_512' title='bbox 1098 3367 1227 3423; x_wconf 87' lang='lat' dir='ltr'><strong>item</strong></span> <span class='ocrx_word' id='word_1_513' title='bbox 1256 3379 1314 3423; x_wconf 86' lang='lat' dir='ltr'><strong>et</strong></span> <span class='ocrx_word' id='word_1_514' title='bbox 1342 3371 1504 3426; x_wconf 90' lang='lat' dir='ltr'><strong>tertio</strong></span> <span class='ocrx_word' id='word_1_515' title='bbox 1541 3373 1895 3428; x_wconf 65' lang='lat' dir='ltr'><strong>considerem</strong></span> 
     </span>
    </p>
   </div>
   <div class='ocr_carea' id='block_1_67' title="bbox 282 3436 1896 3530">
    <p class='ocr_par' dir='ltr' id='par_1_67' title="bbox 282 3436 1896 3530">
     <span class='ocr_line' id='line_1_67' title="bbox 282 3436 1896 3530; baseline 0.006 -17"><span class='ocrx_word' id='word_1_516' title='bbox 282 3436 289 3456; x_wconf 74' lang='grc'><strong>’</strong></span> <span class='ocrx_word' id='word_1_517' title='bbox 325 3470 413 3514; x_wconf 87' lang='lat' dir='ltr'><strong>tur</strong></span> <span class='ocrx_word' id='word_1_518' title='bbox 434 3461 612 3515; x_wconf 89' lang='lat' dir='ltr'><strong>modo.</strong></span> <span class='ocrx_word' id='word_1_519' title='bbox 664 3459 803 3516; x_wconf 83' lang='lat' dir='ltr'><strong>Cum</strong></span> <span class='ocrx_word' id='word_1_520' title='bbox 829 3461 974 3515; x_wconf 91' lang='lat' dir='ltr'><strong>enim</strong></span> <span class='ocrx_word' id='word_1_521' title='bbox 1003 3461 1291 3530; x_wconf 89' lang='lat' dir='ltr'><strong>protulerit</strong></span> <span class='ocrx_word' id='word_1_522' title='bbox 1334 3461 1573 3519; x_wconf 80' lang='lat' dir='ltr'><strong>Joannes</strong></span> <span class='ocrx_word' id='word_1_523' title='bbox 1611 3467 1678 3519; x_wconf 88' lang='lat' dir='ltr'><strong>de</strong></span> <span class='ocrx_word' id='word_1_524' title='bbox 1718 3465 1896 3523; x_wconf 86' lang='lat' dir='ltr'><strong>Verbo</strong></span> 
     </span>
    </p>
   </div>
   <div class='ocr_carea' id='block_1_68' title="bbox 323 3552 1897 3628">
    <p class='ocr_par' dir='ltr' id='par_1_68' title="bbox 323 3552 1897 3628">
     <span class='ocr_line' id='line_1_68' title="bbox 323 3552 1897 3628; baseline 0.008 -23"><span class='ocrx_word' id='word_1_525' title='bbox 323 3553 554 3624; x_wconf 82' lang='lat' dir='ltr'><strong>loquens</strong></span> <span class='ocrx_word' id='word_1_526' title='bbox 587 3572 602 3610; x_wconf 92' lang='lat'>:</span> <span class='ocrx_word' id='word_1_527' title='bbox 638 3553 793 3620; x_wconf 82' lang='lat' dir='ltr'><strong>Quod</strong></span> <span class='ocrx_word' id='word_1_528' title='bbox 833 3552 1035 3624; x_wconf 73' lang='lat' dir='ltr'><strong>factum</strong></span> <span class='ocrx_word' id='word_1_529' title='bbox 1081 3566 1177 3621; x_wconf 78' lang='lat' dir='ltr'><strong>est,</strong></span> <span class='ocrx_word' id='word_1_530' title='bbox 1207 3556 1259 3609; x_wconf 87' lang='lat' dir='ltr'><strong>in</strong></span> <span class='ocrx_word' id='word_1_531' title='bbox 1294 3557 1409 3623; x_wconf 74' lang='lat' dir='ltr'><strong>ipso</strong></span> <span class='ocrx_word' id='word_1_532' title='bbox 1448 3563 1554 3613; x_wconf 72' lang='lat' dir='ltr'><strong>vita</strong></span> <span class='ocrx_word' id='word_1_533' title='bbox 1584 3570 1698 3615; x_wconf 81' lang='lat' dir='ltr'><strong>erat</strong></span> <span class='ocrx_word' id='word_1_534' title='bbox 1735 3564 1776 3628; x_wconf 83' lang='lat'><strong>&quot;,</strong></span> <span class='ocrx_word' id='word_1_535' title='bbox 1807 3578 1897 3618; x_wconf 87' lang='lat' dir='ltr'><strong>os-</strong></span> 
     </span>
    </p>
   </div>
   <div class='ocr_carea' id='block_1_69' title="bbox 325 3643 1895 3722">
    <p class='ocr_par' dir='ltr' id='par_1_69' title="bbox 325 3643 1895 3722">
     <span class='ocr_line' id='line_1_69' title="bbox 325 3643 1895 3722; baseline 0.009 -26"><span class='ocrx_word' id='word_1_536' title='bbox 325 3643 503 3699; x_wconf 86' lang='lat' dir='ltr'><strong>tendit</strong></span> <span class='ocrx_word' id='word_1_537' title='bbox 538 3644 736 3699; x_wconf 77' lang='lat' dir='ltr'><strong>tactam</strong></span> <span class='ocrx_word' id='word_1_538' title='bbox 786 3644 956 3701; x_wconf 78' lang='lat' dir='ltr'><strong>fuisse</strong></span> <span class='ocrx_word' id='word_1_539' title='bbox 1000 3644 1165 3699; x_wconf 80' lang='lat' dir='ltr'><strong>vitam</strong></span> <span class='ocrx_word' id='word_1_540' title='bbox 1205 3645 1259 3699; x_wconf 90' lang='lat' dir='ltr'><strong>in</strong></span> <span class='ocrx_word' id='word_1_541' title='bbox 1296 3644 1492 3704; x_wconf 88' lang='lat' dir='ltr'><strong>Verbo.</strong></span> <span class='ocrx_word' id='word_1_542' title='bbox 1536 3650 1721 3722; x_wconf 78' lang='lat' dir='ltr'><strong>Neque</strong></span> <span class='ocrx_word' id='word_1_543' title='bbox 1763 3669 1895 3711; x_wconf 89' lang='lat' dir='ltr'><strong>vero</strong></span> 
     </span>
    </p>
   </div>
   <div class='ocr_carea' id='block_1_70' title="bbox 322 3736 1894 3810">
    <p class='ocr_par' dir='ltr' id='par_1_70' title="bbox 322 3736 1894 3810">
     <span class='ocr_line' id='line_1_70' title="bbox 322 3736 1894 3810; baseline 0.007 -20"><span class='ocrx_word' id='word_1_544' title='bbox 322 3736 561 3791; x_wconf 79' lang='lat' dir='ltr'><strong>Verbum</strong></span> <span class='ocrx_word' id='word_1_545' title='bbox 592 3738 698 3793; x_wconf 83' lang='lat' dir='ltr'><strong>hoc</strong></span> <span class='ocrx_word' id='word_1_546' title='bbox 723 3738 868 3794; x_wconf 86' lang='lat' dir='ltr'><strong>aliud</strong></span> <span class='ocrx_word' id='word_1_547' title='bbox 898 3747 985 3794; x_wconf 90' lang='lat' dir='ltr'><strong>est</strong></span> <span class='ocrx_word' id='word_1_548' title='bbox 1016 3754 1046 3793; x_wconf 91' lang='lat' dir='ltr'><strong>a</strong></span> <span class='ocrx_word' id='word_1_549' title='bbox 1074 3737 1320 3802; x_wconf 86' lang='lat' dir='ltr'><strong>Christo,</strong></span> <span class='ocrx_word' id='word_1_550' title='bbox 1348 3740 1493 3797; x_wconf 88' lang='lat' dir='ltr'><strong>Deus</strong></span> <span class='ocrx_word' id='word_1_551' title='bbox 1522 3746 1811 3810; x_wconf 78' lang='lat' dir='ltr'><strong>exsistens,</strong></span> <span class='ocrx_word' id='word_1_552' title='bbox 1838 3756 1894 3800; x_wconf 90' lang='lat' dir='ltr'><strong>et</strong></span> 
     </span>
    </p>
   </div>
   <div class='ocr_carea' id='block_1_71' title="bbox 321 3824 1889 3903">
    <p class='ocr_par' dir='ltr' id='par_1_71' title="bbox 321 3824 1889 3903">
     <span class='ocr_line' id='line_1_71' title="bbox 321 3824 1889 3903; baseline 0.007 -22"><span class='ocrx_word' id='word_1_553' title='bbox 321 3824 560 3882; x_wconf 76' lang='lat' dir='ltr'><strong>Verbum</strong></span> <span class='ocrx_word' id='word_1_554' title='bbox 586 3830 725 3899; x_wconf 89' lang='lat' dir='ltr'><strong>apud</strong></span> <span class='ocrx_word' id='word_1_555' title='bbox 751 3830 986 3895; x_wconf 82' lang='lat' dir='ltr'><strong>Patrem,</strong></span> <span class='ocrx_word' id='word_1_556' title='bbox 1019 3845 1117 3899; x_wconf 89' lang='lat' dir='ltr'><strong>per</strong></span> <span class='ocrx_word' id='word_1_557' title='bbox 1144 3831 1290 3899; x_wconf 85' lang='lat' dir='ltr'><strong>quod</strong></span> <span class='ocrx_word' id='word_1_558' title='bbox 1332 3831 1476 3887; x_wconf 79' lang='lat' dir='ltr'><strong>facta</strong></span> <span class='ocrx_word' id='word_1_559' title='bbox 1505 3846 1631 3889; x_wconf 88' lang='lat' dir='ltr'><strong>sunt</strong></span> <span class='ocrx_word' id='word_1_560' title='bbox 1659 3840 1838 3892; x_wconf 86' lang='lat' dir='ltr'><strong>omnia</strong></span> <span class='ocrx_word' id='word_1_561' title='bbox 1874 3857 1889 3903; x_wconf 84' lang='lat'><strong>;</strong></span> 
     </span>
    </p>
   </div>
   <div class='ocr_carea' id='block_1_72' title="bbox 322 3921 1891 4001">
    <p class='ocr_par' dir='ltr' id='par_1_72' title="bbox 322 3921 1891 4001">
     <span class='ocr_line' id='line_1_72' title="bbox 322 3921 1891 4001; baseline 0.006 -24"><span class='ocrx_word' id='word_1_562' title='bbox 322 3936 500 3992; x_wconf 89' lang='lat' dir='ltr'><strong>neque</strong></span> <span class='ocrx_word' id='word_1_563' title='bbox 534 3921 645 3976; x_wconf 84' lang='lat' dir='ltr'><strong>vita</strong></span> <span class='ocrx_word' id='word_1_564' title='bbox 680 3922 783 3975; x_wconf 84' lang='lat' dir='ltr'><strong>alia</strong></span> <span class='ocrx_word' id='word_1_565' title='bbox 830 3933 913 3978; x_wconf 87' lang='lat' dir='ltr'><strong>est</strong></span> <span class='ocrx_word' id='word_1_566' title='bbox 958 3938 989 3976; x_wconf 92' lang='lat' dir='ltr'><strong>a</strong></span> <span class='ocrx_word' id='word_1_567' title='bbox 1034 3923 1127 3977; x_wconf 90' lang='lat' dir='ltr'><strong>Dei</strong></span> <span class='ocrx_word' id='word_1_568' title='bbox 1157 3922 1322 3988; x_wconf 86' lang='lat' dir='ltr'><strong>Filio,</strong></span> <span class='ocrx_word' id='word_1_569' title='bbox 1371 3927 1463 3993; x_wconf 77' lang='lat' dir='ltr'><strong>qui</strong></span> <span class='ocrx_word' id='word_1_570' title='bbox 1519 3929 1741 3997; x_wconf 90' lang='lat' dir='ltr'><strong>inquit:</strong></span> <span class='ocrx_word' id='word_1_571' title='bbox 1782 3931 1891 4001; x_wconf 79' lang='lat' dir='ltr'><strong>Ego</strong></span> 
     </span>
    </p>
   </div>
   <div class='ocr_carea' id='block_1_73' title="bbox 319 4014 1892 4081">
    <p class='ocr_par' dir='ltr' id='par_1_73' title="bbox 319 4014 1892 4081">
     <span class='ocr_line' id='line_1_73' title="bbox 319 4014 1892 4081; baseline 0.008 -13"><span class='ocrx_word' id='word_1_572' title='bbox 319 4031 437 4069; x_wconf 73' lang='lat' dir='ltr'><strong>sunt</strong></span> <span class='ocrx_word' id='word_1_573' title='bbox 490 4016 613 4080; x_wconf 80' lang='lat' dir='ltr'><strong>via,</strong></span> <span class='ocrx_word' id='word_1_574' title='bbox 688 4014 882 4068; x_wconf 76' lang='lat' dir='ltr'><strong>veritas</strong></span> <span class='ocrx_word' id='word_1_575' title='bbox 946 4025 994 4068; x_wconf 86' lang='lat' dir='ltr'><strong>et</strong></span> <span class='ocrx_word' id='word_1_576' title='bbox 1058 4016 1161 4068; x_wconf 82' lang='lat' dir='ltr'><strong>vita</strong></span> <span class='ocrx_word' id='word_1_577' title='bbox 1225 4015 1265 4068; x_wconf 91' lang='grc'><strong>³.</strong></span> <span class='ocrx_word' id='word_1_578' title='bbox 1339 4016 1490 4073; x_wconf 86' lang='lat' dir='ltr'><strong>Unde</strong></span> <span class='ocrx_word' id='word_1_579' title='bbox 1556 4036 1663 4076; x_wconf 90' lang='lat' dir='ltr'><strong>non</strong></span> <span class='ocrx_word' id='word_1_580' title='bbox 1733 4039 1892 4081; x_wconf 87' lang='lat' dir='ltr'><strong>secus</strong></span> 
     </span>
    </p>
   </div>
   <div class='ocr_carea' id='block_1_74' title="bbox 321 4106 1890 4178">
    <p class='ocr_par' dir='ltr' id='par_1_74' title="bbox 321 4106 1890 4178">
     <span class='ocr_line' id='line_1_74' title="bbox 321 4106 1890 4178; baseline 0.007 -17"><span class='ocrx_word' id='word_1_581' title='bbox 321 4117 490 4178; x_wconf 64' lang='lat' dir='ltr'><strong>atque</strong></span> <span class='ocrx_word' id='word_1_582' title='bbox 558 4109 665 4161; x_wconf 86' lang='lat' dir='ltr'><strong>vita</strong></span> <span class='ocrx_word' id='word_1_583' title='bbox 741 4106 884 4162; x_wconf 78' lang='lat' dir='ltr'><strong>facta</strong></span> <span class='ocrx_word' id='word_1_584' title='bbox 951 4107 1055 4162; x_wconf 82' lang='lat' dir='ltr'><strong>fuit</strong></span> <span class='ocrx_word' id='word_1_585' title='bbox 1120 4110 1170 4161; x_wconf 90' lang='lat' dir='ltr'><strong>in</strong></span> <span class='ocrx_word' id='word_1_586' title='bbox 1234 4109 1446 4176; x_wconf 82' lang='lat' dir='ltr'><strong>Verbo,</strong></span> <span class='ocrx_word' id='word_1_587' title='bbox 1516 4112 1598 4168; x_wconf 87' lang='lat' dir='ltr'><strong>sic</strong></span> <span class='ocrx_word' id='word_1_588' title='bbox 1653 4113 1890 4172; x_wconf 81' lang='lat' dir='ltr'><strong>Verbum</strong></span> 
     </span>
    </p>
   </div>
   <div class='ocr_carea' id='block_1_75' title="bbox 318 4200 1891 4276">
    <p class='ocr_par' dir='ltr' id='par_1_75' title="bbox 318 4200 1891 4276">
     <span class='ocr_line' id='line_1_75' title="bbox 318 4200 1891 4276; baseline 0.007 -21"><span class='ocrx_word' id='word_1_589' title='bbox 318 4210 441 4255; x_wconf 88' lang='lat' dir='ltr'><strong>erat</strong></span> <span class='ocrx_word' id='word_1_590' title='bbox 492 4201 547 4256; x_wconf 90' lang='lat' dir='ltr'><strong>in</strong></span> <span class='ocrx_word' id='word_1_591' title='bbox 598 4200 890 4269; x_wconf 86' lang='lat' dir='ltr'><strong>principio.</strong></span> <span class='ocrx_word' id='word_1_592' title='bbox 929 4200 1164 4259; x_wconf 87' lang='lat' dir='ltr'><strong>Proinde</strong></span> <span class='ocrx_word' id='word_1_593' title='bbox 1213 4205 1425 4273; x_wconf 85' lang='lat' dir='ltr'><strong>inspice</strong></span> <span class='ocrx_word' id='word_1_594' title='bbox 1473 4220 1542 4260; x_wconf 88' lang='lat' dir='ltr'><strong>an</strong></span> <span class='ocrx_word' id='word_1_595' title='bbox 1581 4207 1737 4276; x_wconf 80' lang='lat' dir='ltr'><strong>juxta</strong></span> <span class='ocrx_word' id='word_1_596' title='bbox 1787 4212 1891 4266; x_wconf 89' lang='lat' dir='ltr'><strong>hoc</strong></span> 
     </span>
    </p>
   </div>
   <div class='ocr_carea' id='block_1_76' title="bbox 318 4292 1885 4367">
    <p class='ocr_par' dir='ltr' id='par_1_76' title="bbox 318 4292 1885 4367">
     <span class='ocr_line' id='line_1_76' title="bbox 318 4292 1885 4367; baseline 0.008 -23"><span class='ocrx_word' id='word_1_597' title='bbox 318 4293 422 4363; x_wconf 71' lang='lat'><strong>21</strong></span> <span class='ocrx_word' id='word_1_598' title='bbox 448 4292 812 4363; x_wconf 80' lang='lat' dir='ltr'><strong>signiﬁcatum</strong></span> <span class='ocrx_word' id='word_1_599' title='bbox 840 4294 1113 4364; x_wconf 88' lang='lat' dir='ltr'><strong>possimus</strong></span> <span class='ocrx_word' id='word_1_600' title='bbox 1157 4297 1460 4367; x_wconf 82' lang='lat' dir='ltr'><strong>intelligere</strong></span> <span class='ocrx_word' id='word_1_601' title='bbox 1503 4300 1607 4355; x_wconf 88' lang='lat' dir='ltr'><strong>boc</strong></span> <span class='ocrx_word' id='word_1_602' title='bbox 1632 4301 1834 4356; x_wconf 88' lang='lat' dir='ltr'><strong>dictum</strong></span> <span class='ocrx_word' id='word_1_603' title='bbox 1871 4320 1885 4357; x_wconf 89' lang='lat'><strong>:</strong></span> 
     </span>
    </p>
   </div>
   <div class='ocr_carea' id='block_1_77' title="bbox 2000 3173 3577 3251">
    <p class='ocr_par' dir='ltr' id='par_1_77' title="bbox 2000 3173 3577 3251">
     <span class='ocr_line' id='line_1_77' title="bbox 2000 3173 3577 3251; baseline -0.005 -15"><span class='ocrx_word' id='word_1_604' title='bbox 2000 3182 2092 3237; x_wconf 91' lang='grc' dir='ltr'><strong>τοῦ</strong></span> <span class='ocrx_word' id='word_1_605' title='bbox 2156 3183 2362 3251; x_wconf 81' lang='grc' dir='ltr'><strong>Λόγου·</strong></span> <span class='ocrx_word' id='word_1_606' title='bbox 2418 3183 2478 3233; x_wconf 86' lang='grc' dir='ltr'><em>Ὃ</em></span> <span class='ocrx_word' id='word_1_607' title='bbox 2523 3178 2790 3249; x_wconf 73' lang='grc' dir='ltr'>γέγονεν,</span> <span class='ocrx_word' id='word_1_608' title='bbox 2821 3178 2891 3232; x_wconf 77' lang='grc' dir='ltr'>ἐν</span> <span class='ocrx_word' id='word_1_609' title='bbox 2936 3177 3096 3244; x_wconf 83' lang='grc' dir='ltr'>αὐτῷ</span> <span class='ocrx_word' id='word_1_610' title='bbox 3157 3174 3267 3245; x_wconf 81' lang='grc' dir='ltr'><strong>ζωὴ</strong></span> <span class='ocrx_word' id='word_1_611' title='bbox 3321 3173 3418 3247; x_wconf 77' lang='grc' dir='ltr'><strong>ἦν.</strong></span> <span class='ocrx_word' id='word_1_612' title='bbox 3478 3177 3517 3228; x_wconf 85' lang='grc' dir='ltr'><strong>Γ</strong></span> <span class='ocrx_word' id='word_1_613' title='bbox 3519 3175 3577 3228; x_wconf 68' lang='grc' dir='ltr'><strong>ές-</strong></span> 
     </span>
    </p>
   </div>
   <div class='ocr_carea' id='block_1_78' title="bbox 1998 3266 3573 3347">
    <p class='ocr_par' dir='ltr' id='par_1_78' title="bbox 1998 3266 3573 3347">
     <span class='ocr_line' id='line_1_78' title="bbox 1998 3266 3573 3347; baseline -0.008 -17"><span class='ocrx_word' id='word_1_614' title='bbox 1998 3294 2153 3347; x_wconf 89' lang='grc' dir='ltr'>γονεν</span> <span class='ocrx_word' id='word_1_615' title='bbox 2222 3270 2313 3329; x_wconf 79' lang='grc' dir='ltr'><strong>οὖν</strong></span> <span class='ocrx_word' id='word_1_616' title='bbox 2384 3275 2417 3343; x_wconf 89' lang='grc' dir='ltr'><strong>ἠ</strong></span> <span class='ocrx_word' id='word_1_617' title='bbox 2491 3272 2603 3344; x_wconf 78' lang='grc' dir='ltr'><strong>ζωὴ</strong></span> <span class='ocrx_word' id='word_1_618' title='bbox 2666 3275 2723 3326; x_wconf 83' lang='grc' dir='ltr'>ὲν</span> <span class='ocrx_word' id='word_1_619' title='bbox 2785 3271 2865 3342; x_wconf 84' lang='grc' dir='ltr'>τῷ</span> <span class='ocrx_word' id='word_1_620' title='bbox 2940 3271 3115 3340; x_wconf 86' lang='grc' dir='ltr'><strong>Λόγῳ.</strong></span> <span class='ocrx_word' id='word_1_621' title='bbox 3180 3269 3289 3321; x_wconf 80' lang='grc' dir='ltr'><strong>Καὶ</strong></span> <span class='ocrx_word' id='word_1_622' title='bbox 3349 3266 3477 3321; x_wconf 73' lang='grc' dir='ltr'>οὔτε</span> <span class='ocrx_word' id='word_1_623' title='bbox 3545 3268 3573 3319; x_wconf 89' lang='lat'><strong>6</strong></span> 
     </span>
    </p>
   </div>
   <div class='ocr_carea' id='block_1_79' title="bbox 1998 3359 3570 3439">
    <p class='ocr_par' dir='ltr' id='par_1_79' title="bbox 1998 3359 3570 3439">
     <span class='ocr_line' id='line_1_79' title="bbox 1998 3359 3570 3439; baseline -0.008 -16"><span class='ocrx_word' id='word_1_624' title='bbox 1998 3369 2169 3438; x_wconf 85' lang='grc' dir='ltr'><strong>Λόγος</strong></span> <span class='ocrx_word' id='word_1_625' title='bbox 2214 3366 2400 3439; x_wconf 73' lang='grc' dir='ltr'>ἕτερός</span> <span class='ocrx_word' id='word_1_626' title='bbox 2452 3367 2568 3419; x_wconf 78' lang='grc' dir='ltr'>ἐστι</span> <span class='ocrx_word' id='word_1_627' title='bbox 2613 3363 2708 3417; x_wconf 85' lang='grc' dir='ltr'><strong>τοῦ</strong></span> <span class='ocrx_word' id='word_1_628' title='bbox 2751 3360 3025 3433; x_wconf 81' lang='grc' dir='ltr'>Χριστοῦ,</span> <span class='ocrx_word' id='word_1_629' title='bbox 3072 3363 3100 3414; x_wconf 88' lang='grc' dir='ltr'>ὁ</span> <span class='ocrx_word' id='word_1_630' title='bbox 3174 3359 3305 3423; x_wconf 84' lang='grc' dir='ltr'>Θεὸς</span> <span class='ocrx_word' id='word_1_631' title='bbox 3366 3359 3570 3426; x_wconf 85' lang='grc' dir='ltr'><strong>Λόγος,</strong></span> 
     </span>
    </p>
   </div>
   <div class='ocr_carea' id='block_1_80' title="bbox 1995 3450 3569 3533">
    <p class='ocr_par' dir='ltr' id='par_1_80' title="bbox 1995 3450 3569 3533">
     <span class='ocr_line' id='line_1_80' title="bbox 1995 3450 3569 3533; baseline -0.01 -17"><span class='ocrx_word' id='word_1_632' title='bbox 1995 3465 2024 3517; x_wconf 92' lang='lat'><strong>6</strong></span> <span class='ocrx_word' id='word_1_633' title='bbox 2068 3460 2204 3533; x_wconf 81' lang='grc' dir='ltr'>πρὸς</span> <span class='ocrx_word' id='word_1_634' title='bbox 2258 3460 2348 3514; x_wconf 83' lang='grc' dir='ltr'><strong>τὸν</strong></span> <span class='ocrx_word' id='word_1_635' title='bbox 2397 3456 2613 3530; x_wconf 82' lang='grc' dir='ltr'>Πατέρα</span> <span class='ocrx_word' id='word_1_636' title='bbox 2651 3498 2667 3522; x_wconf 95' lang='grc'>,</span> <span class='ocrx_word' id='word_1_637' title='bbox 2730 3457 2796 3509; x_wconf 78' lang='grc' dir='ltr'><strong>δι’</strong></span> <span class='ocrx_word' id='word_1_638' title='bbox 2847 3450 2908 3509; x_wconf 75' lang='grc' dir='ltr'>οὗ</span> <span class='ocrx_word' id='word_1_639' title='bbox 2961 3453 3033 3507; x_wconf 82' lang='grc' dir='ltr'>τὰ</span> <span class='ocrx_word' id='word_1_640' title='bbox 3081 3453 3258 3506; x_wconf 84' lang='grc' dir='ltr'>πάντα</span> <span class='ocrx_word' id='word_1_641' title='bbox 3316 3451 3569 3520; x_wconf 69' lang='grc' dir='ltr'>ἐγένετο*</span> 
     </span>
    </p>
   </div>
   <div class='ocr_carea' id='block_1_81' title="bbox 1996 3546 3568 3625">
    <p class='ocr_par' dir='ltr' id='par_1_81' title="bbox 1996 3546 3568 3625">
     <span class='ocr_line' id='line_1_81' title="bbox 1996 3546 3568 3625; baseline -0.008 -17"><span class='ocrx_word' id='word_1_642' title='bbox 1996 3553 2119 3608; x_wconf 72' lang='grc' dir='ltr'>οὔτε</span> <span class='ocrx_word' id='word_1_643' title='bbox 2153 3557 2187 3625; x_wconf 81' lang='grc' dir='ltr'><strong>ἡ</strong></span> <span class='ocrx_word' id='word_1_644' title='bbox 2220 3555 2330 3625; x_wconf 78' lang='grc' dir='ltr'><strong>ζωὴ</strong></span> <span class='ocrx_word' id='word_1_645' title='bbox 2366 3552 2477 3624; x_wconf 78' lang='grc'>(81)</span> <span class='ocrx_word' id='word_1_646' title='bbox 2501 3552 2666 3623; x_wconf 78' lang='grc' dir='ltr'>ἑτέρα</span> <span class='ocrx_word' id='word_1_647' title='bbox 2703 3548 2797 3603; x_wconf 85' lang='grc' dir='ltr'><strong>τοῦ</strong></span> <span class='ocrx_word' id='word_1_648' title='bbox 2823 3546 2952 3601; x_wconf 85' lang='grc' dir='ltr'>Υἱοῦ</span> <span class='ocrx_word' id='word_1_649' title='bbox 2974 3546 3068 3601; x_wconf 88' lang='grc' dir='ltr'><strong>τοῦ</strong></span> <span class='ocrx_word' id='word_1_650' title='bbox 3094 3546 3252 3610; x_wconf 78' lang='grc' dir='ltr'>θεοῦ,</span> <span class='ocrx_word' id='word_1_651' title='bbox 3274 3546 3334 3608; x_wconf 84' lang='grc' dir='ltr'><strong>ὃς</strong></span> <span class='ocrx_word' id='word_1_652' title='bbox 3363 3561 3532 3615; x_wconf 84' lang='grc' dir='ltr'>φησιν</span> <span class='ocrx_word' id='word_1_653' title='bbox 3554 3560 3568 3573; x_wconf 71' lang='grc'><strong>⁸</strong></span> 
     </span>
    </p>
   </div>
   <div class='ocr_carea' id='block_1_82' title="bbox 2009 3636 3572 3716">
    <p class='ocr_par' dir='ltr' id='par_1_82' title="bbox 2009 3636 3572 3716">
     <span class='ocr_line' id='line_1_82' title="bbox 2009 3636 3572 3716; baseline -0.008 -16"><span class='ocrx_word' id='word_1_654' title='bbox 2009 3647 2154 3716; x_wconf 80' lang='grc' dir='ltr'><strong>Ἐγώ</strong></span> <span class='ocrx_word' id='word_1_655' title='bbox 2181 3648 2298 3716; x_wconf 76' lang='grc' dir='ltr'>ειμι</span> <span class='ocrx_word' id='word_1_656' title='bbox 2324 3647 2362 3714; x_wconf 74' lang='grc' dir='ltr'>ἡ</span> <span class='ocrx_word' id='word_1_657' title='bbox 2393 3643 2667 3711; x_wconf 75' lang='grc' dir='ltr'><strong>ὁδὸς,καὶ</strong></span> <span class='ocrx_word' id='word_1_658' title='bbox 2696 3644 2733 3713; x_wconf 75' lang='grc' dir='ltr'>ἡ</span> <span class='ocrx_word' id='word_1_659' title='bbox 2755 3641 3025 3707; x_wconf 74' lang='grc' dir='ltr'>ἀλήθεια,</span> <span class='ocrx_word' id='word_1_660' title='bbox 3042 3640 3141 3693; x_wconf 78' lang='grc' dir='ltr'>καὶ</span> <span class='ocrx_word' id='word_1_661' title='bbox 3168 3636 3572 3709; x_wconf 79' lang='grc' dir='ltr'>ήζωή.”Ωσπερ</span> 
     </span>
    </p>
   </div>
   <div class='ocr_carea' id='block_1_83' title="bbox 1994 3724 3573 3809">
    <p class='ocr_par' dir='ltr' id='par_1_83' title="bbox 1994 3724 3573 3809">
     <span class='ocr_line' id='line_1_83' title="bbox 1994 3724 3573 3809; baseline -0.008 -17"><span class='ocrx_word' id='word_1_662' title='bbox 1994 3734 2085 3792; x_wconf 83' lang='grc' dir='ltr'><strong>οὖν</strong></span> <span class='ocrx_word' id='word_1_663' title='bbox 2120 3740 2154 3809; x_wconf 83' lang='grc' dir='ltr'><strong>ἡ</strong></span> <span class='ocrx_word' id='word_1_664' title='bbox 2192 3737 2303 3808; x_wconf 75' lang='grc' dir='ltr'><strong>ζωὴ</strong></span> <span class='ocrx_word' id='word_1_665' title='bbox 2332 3736 2553 3805; x_wconf 89' lang='grc' dir='ltr'>γέγονεν</span> <span class='ocrx_word' id='word_1_666' title='bbox 2582 3735 2640 3787; x_wconf 82' lang='grc' dir='ltr'>ὲν</span> <span class='ocrx_word' id='word_1_667' title='bbox 2666 3732 2743 3804; x_wconf 84' lang='grc' dir='ltr'>τῷ</span> <span class='ocrx_word' id='word_1_668' title='bbox 2775 3732 2952 3802; x_wconf 84' lang='grc' dir='ltr'><strong>Λόγῳ,</strong></span> <span class='ocrx_word' id='word_1_669' title='bbox 2971 3731 3142 3794; x_wconf 69' lang='grc' dir='ltr'>οὕτως</span> <span class='ocrx_word' id='word_1_670' title='bbox 3160 3732 3188 3783; x_wconf 92' lang='lat'><strong>6</strong></span> <span class='ocrx_word' id='word_1_671' title='bbox 3216 3729 3389 3798; x_wconf 82' lang='grc' dir='ltr'><strong>Λόγος</strong></span> <span class='ocrx_word' id='word_1_672' title='bbox 3414 3724 3484 3800; x_wconf 80' lang='grc' dir='ltr'>ἦν</span> <span class='ocrx_word' id='word_1_673' title='bbox 3515 3730 3573 3780; x_wconf 77' lang='grc' dir='ltr'><strong>ἐν</strong></span> 
     </span>
    </p>
   </div>
   <div class='ocr_carea' id='block_1_84' title="bbox 1994 3820 3571 3903">
    <p class='ocr_par' dir='ltr' id='par_1_84' title="bbox 1994 3820 3571 3903">
     <span class='ocr_line' id='line_1_84' title="bbox 1994 3820 3571 3903; baseline -0.008 -18"><span class='ocrx_word' id='word_1_674' title='bbox 1994 3833 2157 3903; x_wconf 81' lang='grc' dir='ltr'>ἀρχῇ.</span> <span class='ocrx_word' id='word_1_675' title='bbox 2197 3828 2518 3899; x_wconf 81' lang='grc' dir='ltr'>Ἐπίστησον</span> <span class='ocrx_word' id='word_1_676' title='bbox 2551 3826 2608 3880; x_wconf 81' lang='grc' dir='ltr'>δὲ</span> <span class='ocrx_word' id='word_1_677' title='bbox 2647 3828 2695 3879; x_wconf 89' lang='grc' dir='ltr'>εἰ</span> <span class='ocrx_word' id='word_1_678' title='bbox 2745 3821 2856 3878; x_wconf 76' lang='grc' dir='ltr'>οἷόν</span> <span class='ocrx_word' id='word_1_679' title='bbox 2894 3824 2953 3877; x_wconf 85' lang='grc' dir='ltr'><strong>τέ</strong></span> <span class='ocrx_word' id='word_1_680' title='bbox 2989 3825 3103 3877; x_wconf 77' lang='grc' dir='ltr'>ἐστι</span> <span class='ocrx_word' id='word_1_681' title='bbox 3132 3821 3243 3893; x_wconf 87' lang='grc'>(82)</span> <span class='ocrx_word' id='word_1_682' title='bbox 3290 3823 3385 3875; x_wconf 79' lang='grc' dir='ltr'><strong>καὶ</strong></span> <span class='ocrx_word' id='word_1_683' title='bbox 3426 3820 3571 3874; x_wconf 79' lang='grc' dir='ltr'><strong>κατὰ</strong></span> 
     </span>
    </p>
   </div>
   <div class='ocr_carea' id='block_1_85' title="bbox 1993 3914 3572 3994">
    <p class='ocr_par' dir='ltr' id='par_1_85' title="bbox 1993 3914 3572 3994">
     <span class='ocr_line' id='line_1_85' title="bbox 1993 3914 3572 3994; baseline -0.006 -18"><span class='ocrx_word' id='word_1_684' title='bbox 1993 3924 2052 3976; x_wconf 84' lang='grc' dir='ltr'><strong>τὸ</strong></span> <span class='ocrx_word' id='word_1_685' title='bbox 2112 3920 2508 3994; x_wconf 85' lang='grc' dir='ltr'>σημαινόμενον</span> <span class='ocrx_word' id='word_1_686' title='bbox 2557 3918 2714 3972; x_wconf 86' lang='grc' dir='ltr'>τοῦτο</span> <span class='ocrx_word' id='word_1_687' title='bbox 2771 3914 3085 3987; x_wconf 80' lang='grc' dir='ltr'>ἐκδέχεσθαι</span> <span class='ocrx_word' id='word_1_688' title='bbox 3144 3917 3294 3987; x_wconf 76' lang='grc' dir='ltr'>ἡμᾶς</span> <span class='ocrx_word' id='word_1_689' title='bbox 3356 3915 3417 3967; x_wconf 89' lang='grc' dir='ltr'><strong>τὸ</strong></span> <span class='ocrx_word' id='word_1_690' title='bbox 3478 3915 3572 3966; x_wconf 79' lang='grc' dir='ltr'>Ἐν</span> 
     </span>
    </p>
   </div>
   <div class='ocr_carea' id='block_1_86' title="bbox 1992 4008 3571 4085">
    <p class='ocr_par' dir='ltr' id='par_1_86' title="bbox 1992 4008 3571 4085">
     <span class='ocr_line' id='line_1_86' title="bbox 1992 4008 3571 4085; baseline -0.018 2"><span class='ocrx_word' id='word_1_691' title='bbox 1992 4015 2151 4085; x_wconf 64' lang='grc' dir='ltr'><strong>ἀερκῆ</strong></span> <span class='ocrx_word' id='word_1_692' title='bbox 2194 4011 2273 4085; x_wconf 74' lang='grc' dir='ltr'><strong>ἦν</strong></span> <span class='ocrx_word' id='word_1_693' title='bbox 2317 4018 2350 4068; x_wconf 74' lang='grc' dir='ltr'><strong><em>ό</em></strong></span> <span class='ocrx_word' id='word_1_694' title='bbox 2394 4013 2612 4081; x_wconf 76' lang='grc' dir='ltr'><strong>Λόγος,</strong></span> <span class='ocrx_word' id='word_1_695' title='bbox 2643 4011 2730 4063; x_wconf 76' lang='grc' dir='ltr'>ἵνα</span> <span class='ocrx_word' id='word_1_696' title='bbox 2764 4008 2906 4064; x_wconf 75' lang='grc' dir='ltr'>κατὰ</span> <span class='ocrx_word' id='word_1_697' title='bbox 2938 4009 3037 4081; x_wconf 77' lang='grc' dir='ltr'>τὴν</span> <span class='ocrx_word' id='word_1_698' title='bbox 3072 4009 3265 4078; x_wconf 82' lang='grc' dir='ltr'>σοφίαν</span> <span class='ocrx_word' id='word_1_699' title='bbox 3308 4008 3403 4060; x_wconf 74' lang='grc' dir='ltr'><strong>καὶ</strong></span> <span class='ocrx_word' id='word_1_700' title='bbox 3445 4008 3571 4071; x_wconf 81' lang='grc' dir='ltr'>τοὺς</span> 
     </span>
    </p>
   </div>
   <div class='ocr_carea' id='block_1_87' title="bbox 1992 4102 3572 4177">
    <p class='ocr_par' dir='ltr' id='par_1_87' title="bbox 1992 4102 3572 4177">
     <span class='ocr_line' id='line_1_87' title="bbox 1992 4102 3572 4177; baseline -0.005 -14"><span class='ocrx_word' id='word_1_701' title='bbox 1992 4110 2193 4173; x_wconf 78' lang='grc' dir='ltr'>τύπους</span> <span class='ocrx_word' id='word_1_702' title='bbox 2225 4107 2318 4161; x_wconf 88' lang='grc' dir='ltr'><strong>τοῦ</strong></span> <span class='ocrx_word' id='word_1_703' title='bbox 2353 4106 2697 4177; x_wconf 80' lang='grc' dir='ltr'>συστήματος</span> <span class='ocrx_word' id='word_1_704' title='bbox 2729 4102 2838 4157; x_wconf 85' lang='grc' dir='ltr'>τῶν</span> <span class='ocrx_word' id='word_1_705' title='bbox 2872 4105 2928 4155; x_wconf 81' lang='grc' dir='ltr'><strong>ἐν</strong></span> <span class='ocrx_word' id='word_1_706' title='bbox 2975 4102 3123 4174; x_wconf 78' lang='grc' dir='ltr'><strong>αὐτῷ</strong></span> <span class='ocrx_word' id='word_1_707' title='bbox 3170 4102 3458 4173; x_wconf 83' lang='grc' dir='ltr'>νοημάτων</span> <span class='ocrx_word' id='word_1_708' title='bbox 3502 4102 3572 4155; x_wconf 75' lang='grc' dir='ltr'><strong>τὰ</strong></span> 
     </span>
    </p>
   </div>
   <div class='ocr_carea' id='block_1_88' title="bbox 1993 4193 3567 4269">
    <p class='ocr_par' dir='ltr' id='par_1_88' title="bbox 1993 4193 3567 4269">
     <span class='ocr_line' id='line_1_88' title="bbox 1993 4193 3567 4269; baseline -0.004 -18"><span class='ocrx_word' id='word_1_709' title='bbox 1993 4199 2174 4254; x_wconf 82' lang='grc' dir='ltr'>πάντα</span> <span class='ocrx_word' id='word_1_710' title='bbox 2204 4197 2441 4268; x_wconf 83' lang='grc' dir='ltr'>γίνηται.</span> <span class='ocrx_word' id='word_1_711' title='bbox 2478 4194 2648 4267; x_wconf 78' lang='grc' dir='ltr'>Οἶμαι</span> <span class='ocrx_word' id='word_1_712' title='bbox 2681 4196 2810 4269; x_wconf 83' lang='grc' dir='ltr'>γὰρ,</span> <span class='ocrx_word' id='word_1_713' title='bbox 2860 4195 3049 4267; x_wconf 82' lang='grc' dir='ltr'>ὥσπερ</span> <span class='ocrx_word' id='word_1_714' title='bbox 3083 4193 3222 4247; x_wconf 80' lang='grc' dir='ltr'>κατὰ</span> <span class='ocrx_word' id='word_1_715' title='bbox 3254 4197 3379 4257; x_wconf 83' lang='grc' dir='ltr'>τοὺς</span> <span class='ocrx_word' id='word_1_716' title='bbox 3406 4194 3567 4263; x_wconf 82' lang='grc' dir='ltr'>ἁρχι-</span> 
     </span>
    </p>
   </div>
   <div class='ocr_carea' id='block_1_89' title="bbox 1994 4289 3572 4362">
    <p class='ocr_par' dir='ltr' id='par_1_89' title="bbox 1994 4289 3572 4362">
     <span class='ocr_line' id='line_1_89' title="bbox 1994 4289 3572 4362; baseline -0.001 -16"><span class='ocrx_word' id='word_1_717' title='bbox 1994 4292 2335 4356; x_wconf 81' lang='grc' dir='ltr'>τεκτονικοὺς</span> <span class='ocrx_word' id='word_1_718' title='bbox 2361 4291 2564 4355; x_wconf 83' lang='grc' dir='ltr'>τύπους</span> <span class='ocrx_word' id='word_1_719' title='bbox 2586 4291 2946 4362; x_wconf 83' lang='grc' dir='ltr'>οἰκοδομεῖται</span> <span class='ocrx_word' id='word_1_720' title='bbox 2981 4290 3014 4361; x_wconf 84' lang='grc' dir='ltr'><strong>ἣ</strong></span> <span class='ocrx_word' id='word_1_721' title='bbox 3047 4289 3386 4343; x_wconf 81' lang='grc' dir='ltr'>τεκταίνεται</span> <span class='ocrx_word' id='word_1_722' title='bbox 3420 4291 3572 4344; x_wconf 76' lang='grc' dir='ltr'>οἰκία</span> 
     </span>
    </p>
   </div>
   <div class='ocr_carea' id='block_1_90' title="bbox 317 4367 1913 4461">
    <p class='ocr_par' dir='ltr' id='par_1_90' title="bbox 317 4384 1890 4461">
     <span class='ocr_line' id='line_1_90' title="bbox 317 4384 1890 4461; baseline 0.006 -23"><span class='ocrx_word' id='word_1_723' title='bbox 317 4384 387 4438; x_wconf 79' lang='lat' dir='ltr'><strong>lu</strong></span> <span class='ocrx_word' id='word_1_724' title='bbox 424 4385 678 4454; x_wconf 85' lang='lat' dir='ltr'><strong>principio</strong></span> <span class='ocrx_word' id='word_1_725' title='bbox 702 4394 814 4439; x_wconf 85' lang='lat' dir='ltr'><strong>erat</strong></span> <span class='ocrx_word' id='word_1_726' title='bbox 854 4384 1080 4440; x_wconf 82' lang='lat' dir='ltr'><strong>Verbum</strong></span> <span class='ocrx_word' id='word_1_727' title='bbox 1108 4385 1131 4416; x_wconf 78' lang='grc'><strong>⁸</strong></span> <span class='ocrx_word' id='word_1_728' title='bbox 1158 4384 1287 4457; x_wconf 84' lang='lat' dir='ltr'><strong>[hoc</strong></span> <span class='ocrx_word' id='word_1_729' title='bbox 1315 4395 1398 4442; x_wconf 87' lang='lat' dir='ltr'><strong>est</strong></span> <span class='ocrx_word' id='word_1_730' title='bbox 1429 4390 1619 4459; x_wconf 88' lang='grc' dir='ltr'><strong>Λόγος,</strong></span> <span class='ocrx_word' id='word_1_731' title='bbox 1644 4407 1764 4461; x_wconf 67' lang='lat' dir='ltr'><strong>qua:</strong></span> <span class='ocrx_word' id='word_1_732' title='bbox 1798 4410 1890 4448; x_wconf 83' lang='lat' dir='ltr'><strong>ra-</strong></span> 
     </span>
    </p>
   </div>
   <div class='ocr_carea' id='block_1_91' title="bbox 2012 4367 3568 4461">
    <p class='ocr_par' dir='ltr' id='par_1_91' title="bbox 2012 4382 3568 4456">
     <span class='ocr_line' id='line_1_91' title="bbox 2012 4382 3568 4456; baseline -0.002 -17"><span class='ocrx_word' id='word_1_733' title='bbox 2012 4387 2089 4439; x_wconf 76' lang='lat' dir='ltr'><strong>tal.</strong></span> <span class='ocrx_word' id='word_1_734' title='bbox 2121 4384 2269 4448; x_wconf 88' lang='grc' dir='ltr'>ναῦς,</span> <span class='ocrx_word' id='word_1_735' title='bbox 2302 4383 2472 4456; x_wconf 82' lang='grc' dir='ltr'>ἀρχὴν</span> <span class='ocrx_word' id='word_1_736' title='bbox 2517 4385 2615 4456; x_wconf 83' lang='grc' dir='ltr'>τῆς</span> <span class='ocrx_word' id='word_1_737' title='bbox 2668 4384 2841 4447; x_wconf 77' lang='grc' dir='ltr'>οἰκίας</span> <span class='ocrx_word' id='word_1_738' title='bbox 2874 4386 2969 4438; x_wconf 76' lang='grc' dir='ltr'><strong>καὶ</strong></span> <span class='ocrx_word' id='word_1_739' title='bbox 3000 4384 3096 4455; x_wconf 79' lang='grc' dir='ltr'>τῆς</span> <span class='ocrx_word' id='word_1_740' title='bbox 3146 4382 3280 4448; x_wconf 81' lang='grc' dir='ltr'>νεὼς</span> <span class='ocrx_word' id='word_1_741' title='bbox 3334 4384 3568 4454; x_wconf 76' lang='grc' dir='ltr'>ἐχόντων</span> 
     </span>
    </p>
   </div>
   <div class='ocr_carea' id='block_1_92' title="bbox 320 4475 1889 4550">
    <p class='ocr_par' dir='ltr' id='par_1_92' title="bbox 320 4475 1889 4550">
     <span class='ocr_line' id='line_1_92' title="bbox 320 4475 1889 4550; baseline 0.006 -20"><span class='ocrx_word' id='word_1_742' title='bbox 320 4475 395 4530; x_wconf 87' lang='lat' dir='ltr'><strong>tio</strong></span> <span class='ocrx_word' id='word_1_743' title='bbox 420 4476 584 4530; x_wconf 88' lang='lat' dir='ltr'><strong>etiam</strong></span> <span class='ocrx_word' id='word_1_744' title='bbox 611 4477 814 4532; x_wconf 89' lang='lat' dir='ltr'><strong>dicitur</strong></span> <span class='ocrx_word' id='word_1_745' title='bbox 840 4476 864 4550; x_wconf 81' lang='lat'>}</span> <span class='ocrx_word' id='word_1_746' title='bbox 896 4495 909 4530; x_wconf 75' lang='grc' dir='ltr'><strong>ε</strong></span> <span class='ocrx_word' id='word_1_747' title='bbox 950 4487 1009 4532; x_wconf 93' lang='lat' dir='ltr'><strong>ut</strong></span> <span class='ocrx_word' id='word_1_748' title='bbox 1040 4480 1335 4534; x_wconf 86' lang='lat' dir='ltr'><strong>secundum</strong></span> <span class='ocrx_word' id='word_1_749' title='bbox 1360 4480 1680 4550; x_wconf 82' lang='lat' dir='ltr'><strong>sapientiam</strong></span> <span class='ocrx_word' id='word_1_750' title='bbox 1715 4496 1769 4538; x_wconf 88' lang='lat' dir='ltr'><strong>et</strong></span> <span class='ocrx_word' id='word_1_751' title='bbox 1804 4500 1889 4540; x_wconf 87' lang='lat' dir='ltr'><strong>se-</strong></span> 
     </span>
    </p>
   </div>
   <div class='ocr_carea' id='block_1_93' title="bbox 317 4570 1888 4653">
    <p class='ocr_par' dir='ltr' id='par_1_93' title="bbox 317 4570 1888 4653">
     <span class='ocr_line' id='line_1_93' title="bbox 317 4570 1888 4653; baseline 0.007 -30"><span class='ocrx_word' id='word_1_752' title='bbox 317 4570 555 4624; x_wconf 87' lang='lat' dir='ltr'><strong>cundum</strong></span> <span class='ocrx_word' id='word_1_753' title='bbox 602 4570 800 4641; x_wconf 84' lang='lat' dir='ltr'><strong>ﬁguras</strong></span> <span class='ocrx_word' id='word_1_754' title='bbox 837 4571 1174 4628; x_wconf 88' lang='lat' dir='ltr'><strong>collectionis</strong></span> <span class='ocrx_word' id='word_1_755' title='bbox 1207 4572 1700 4653; x_wconf 25' lang='lat' dir='ltr'><strong>’intelligentiarum</strong></span> <span class='ocrx_word' id='word_1_756' title='bbox 1721 4617 1735 4641; x_wconf 90' lang='lat'><strong>,</strong></span> <span class='ocrx_word' id='word_1_757' title='bbox 1766 4594 1888 4649; x_wconf 73' lang='lat' dir='ltr'><strong>qua:</strong></span> 
     </span>
    </p>
   </div>
   <div class='ocr_carea' id='block_1_94' title="bbox 319 4662 1890 4734">
    <p class='ocr_par' dir='ltr' id='par_1_94' title="bbox 319 4662 1890 4734">
     <span class='ocr_line' id='line_1_94' title="bbox 319 4662 1890 4734; baseline 0.007 -20"><span class='ocrx_word' id='word_1_758' title='bbox 319 4672 447 4716; x_wconf 89' lang='lat' dir='ltr'><strong>sunt</strong></span> <span class='ocrx_word' id='word_1_759' title='bbox 474 4662 527 4716; x_wconf 90' lang='lat' dir='ltr'><strong>in</strong></span> <span class='ocrx_word' id='word_1_760' title='bbox 552 4663 690 4732; x_wconf 87' lang='lat' dir='ltr'><strong>ipsa,</strong></span> <span class='ocrx_word' id='word_1_761' title='bbox 720 4665 850 4719; x_wconf 78' lang='lat' dir='ltr'><strong>(iant</strong></span> <span class='ocrx_word' id='word_1_762' title='bbox 879 4665 1084 4720; x_wconf 87' lang='lat' dir='ltr'><strong>omnia.</strong></span> <span class='ocrx_word' id='word_1_763' title='bbox 1109 4664 1314 4734; x_wconf 91' lang='lat' dir='ltr'><strong>Opinor</strong></span> <span class='ocrx_word' id='word_1_764' title='bbox 1343 4666 1512 4731; x_wconf 82' lang='lat' dir='ltr'><strong>enim,</strong></span> <span class='ocrx_word' id='word_1_765' title='bbox 1530 4667 1670 4722; x_wconf 89' lang='lat' dir='ltr'><strong>sicut</strong></span> <span class='ocrx_word' id='word_1_766' title='bbox 1697 4670 1890 4727; x_wconf 79' lang='lat' dir='ltr'><strong>donius</strong></span> 
     </span>
    </p>
   </div>
   <div class='ocr_carea' id='block_1_95' title="bbox 320 4752 1886 4829">
    <p class='ocr_par' dir='ltr' id='par_1_95' title="bbox 320 4752 1886 4829">
     <span class='ocr_line' id='line_1_95' title="bbox 320 4752 1886 4829; baseline 0.008 -24"><span class='ocrx_word' id='word_1_767' title='bbox 320 4762 377 4806; x_wconf 89' lang='lat' dir='ltr'><strong>et</strong></span> <span class='ocrx_word' id='word_1_768' title='bbox 412 4753 569 4808; x_wconf 85' lang='lat' dir='ltr'><strong>navis</strong></span> <span class='ocrx_word' id='word_1_769' title='bbox 617 4752 917 4809; x_wconf 80' lang='lat' dir='ltr'><strong>fabricatur</strong></span> <span class='ocrx_word' id='word_1_770' title='bbox 962 4758 1043 4813; x_wconf 87' lang='lat' dir='ltr'><strong>vel</strong></span> <span class='ocrx_word' id='word_1_771' title='bbox 1081 4755 1382 4811; x_wconf 60' lang='lat' dir='ltr'><strong>aedificatur</strong></span> <span class='ocrx_word' id='word_1_772' title='bbox 1409 4756 1565 4825; x_wconf 80' lang='lat' dir='ltr'><strong>juxta</strong></span> <span class='ocrx_word' id='word_1_773' title='bbox 1590 4758 1796 4829; x_wconf 81' lang='lat' dir='ltr'><strong>ﬁguras</strong></span> <span class='ocrx_word' id='word_1_774' title='bbox 1831 4774 1886 4818; x_wconf 88' lang='lat' dir='ltr'><strong>et</strong></span> 
     </span>
    </p>
   </div>
   <div class='ocr_carea' id='block_1_96' title="bbox 325 4844 1929 4920">
    <p class='ocr_par' dir='ltr' id='par_1_96' title="bbox 325 4844 1929 4920">
     <span class='ocr_line' id='line_1_96' title="bbox 325 4844 1929 4920; baseline 0.008 -24"><span class='ocrx_word' id='word_1_775' title='bbox 325 4844 533 4900; x_wconf 77' lang='lat' dir='ltr'><strong>formas</strong></span> <span class='ocrx_word' id='word_1_776' title='bbox 579 4846 855 4902; x_wconf 80' lang='lat' dir='ltr'><strong>mentibus</strong></span> <span class='ocrx_word' id='word_1_777' title='bbox 900 4863 1087 4904; x_wconf 89' lang='lat' dir='ltr'><strong>eorum</strong></span> <span class='ocrx_word' id='word_1_778' title='bbox 1135 4849 1231 4920; x_wconf 87' lang='lat' dir='ltr'><strong>qui</strong></span> <span class='ocrx_word' id='word_1_779' title='bbox 1277 4858 1565 4905; x_wconf 66' lang='lat' dir='ltr'><strong>structurae</strong></span> <span class='ocrx_word' id='word_1_780' title='bbox 1594 4854 1883 4920; x_wconf 66' lang='lat' dir='ltr'><strong>praesident</strong></span> <span class='ocrx_word' id='word_1_781' title='bbox 1911 4848 1929 4866; x_wconf 81' lang='lat'><strong>&#39;</strong></span> 
     </span>
    </p>
   </div>
   <div class='ocr_carea' id='block_1_97' title="bbox 428 5003 923 5059">
    <p class='ocr_par' dir='ltr' id='par_1_97' title="bbox 428 5003 923 5059">
     <span class='ocr_line' id='line_1_97' title="bbox 428 5003 923 5059; baseline 0.002 -2"><span class='ocrx_word' id='word_1_782' title='bbox 428 5004 474 5036; x_wconf 80' lang='lat'>&quot;</span> <span class='ocrx_word' id='word_1_783' title='bbox 526 5004 545 5057; x_wconf 93' lang='lat' dir='ltr'><strong>l</strong></span> <span class='ocrx_word' id='word_1_784' title='bbox 589 5003 923 5059; x_wconf 61' lang='lat' dir='ltr'><strong>Cor.xv.65.</strong></span> 
     </span>
    </p>
   </div>
   <div class='ocr_carea' id='block_1_98' title="bbox 324 5074 1706 5145">
    <p class='ocr_par' dir='ltr' id='par_1_98' title="bbox 324 5074 1706 5145">
     <span class='ocr_line' id='line_1_98' title="bbox 324 5074 1706 5145; baseline 0.004 -17"><span class='ocrx_word' id='word_1_785' title='bbox 324 5075 343 5104; x_wconf 81' lang='grc'><em>³</em></span> <span class='ocrx_word' id='word_1_786' title='bbox 384 5074 665 5145; x_wconf 76' lang='lat' dir='ltr'><strong>Joan.|,3.</strong></span> <span class='ocrx_word' id='word_1_787' title='bbox 694 5079 749 5135; x_wconf 72' lang='grc' dir='ltr'><strong>ι.</strong></span> <span class='ocrx_word' id='word_1_788' title='bbox 805 5075 826 5106; x_wconf 87' lang='grc'>³</span> <span class='ocrx_word' id='word_1_789' title='bbox 873 5074 1030 5129; x_wconf 80' lang='lat' dir='ltr'><strong>Joan.</strong></span> <span class='ocrx_word' id='word_1_790' title='bbox 1066 5092 1179 5139; x_wconf 81' lang='lat' dir='ltr'><strong>xw,</strong></span> <span class='ocrx_word' id='word_1_791' title='bbox 1208 5075 1260 5129; x_wconf 83' lang='lat'><em>6.</em></span> <span class='ocrx_word' id='word_1_792' title='bbox 1342 5077 1364 5107; x_wconf 70' lang='grc'>⁸</span> <span class='ocrx_word' id='word_1_793' title='bbox 1394 5074 1552 5132; x_wconf 78' lang='lat' dir='ltr'><strong>Joan.</strong></span> <span class='ocrx_word' id='word_1_794' title='bbox 1585 5094 1622 5144; x_wconf 91' lang='lat' dir='ltr'><strong>t,</strong></span> <span class='ocrx_word' id='word_1_795' title='bbox 1656 5081 1706 5135; x_wconf 82' lang='grc'><strong>1.</strong></span> 
     </span>
    </p>
   </div>
   <div class='ocr_carea' id='block_1_99' title="bbox 392 5164 1883 5239">
    <p class='ocr_par' dir='ltr' id='par_1_99' title="bbox 392 5164 1883 5239">
     <span class='ocr_line' id='line_1_99' title="bbox 392 5164 1883 5239; baseline 0.005 -21"><span class='ocrx_word' id='word_1_796' title='bbox 392 5164 890 5239; x_wconf 52' lang='grc' dir='ltr'><strong>(τψΔνιμιουρτός</strong></span> <span class='ocrx_word' id='word_1_797' title='bbox 910 5166 978 5220; x_wconf 80' lang='grc' dir='ltr'><strong>δὲ</strong></span> <span class='ocrx_word' id='word_1_798' title='bbox 1025 5170 1059 5239; x_wconf 72' lang='grc' dir='ltr'><em>ῥ</em></span> <span class='ocrx_word' id='word_1_799' title='bbox 1112 5169 1367 5235; x_wconf 78' lang='grc' dir='ltr'>Χριστὸς</span> <span class='ocrx_word' id='word_1_800' title='bbox 1417 5171 1497 5235; x_wconf 90' lang='grc' dir='ltr'>ὡς</span> <span class='ocrx_word' id='word_1_801' title='bbox 1535 5170 1712 5239; x_wconf 81' lang='grc' dir='ltr'>ἀρχή,</span> <span class='ocrx_word' id='word_1_802' title='bbox 1776 5182 1883 5227; x_wconf 86' lang='lat' dir='ltr'><strong>etc.</strong></span> 
     </span>
    </p>
   </div>
   <div class='ocr_carea' id='block_1_100' title="bbox 319 5234 1887 5309">
    <p class='ocr_par' dir='ltr' id='par_1_100' title="bbox 319 5234 1887 5309">
     <span class='ocr_line' id='line_1_100' title="bbox 319 5234 1887 5309; baseline 0.004 -18"><span class='ocrx_word' id='word_1_803' title='bbox 319 5234 419 5291; x_wconf 78' lang='lat' dir='ltr'><strong>Hic</strong></span> <span class='ocrx_word' id='word_1_804' title='bbox 450 5234 737 5309; x_wconf 77' lang='lat' dir='ltr'><strong>Qrigenetn</strong></span> <span class='ocrx_word' id='word_1_805' title='bbox 767 5239 999 5309; x_wconf 79' lang='lat' dir='ltr'><strong>castigat</strong></span> <span class='ocrx_word' id='word_1_806' title='bbox 1029 5234 1281 5309; x_wconf 73' lang='lat' dir='ltr'><strong>Petavius</strong></span> <span class='ocrx_word' id='word_1_807' title='bbox 1311 5240 1401 5292; x_wconf 87' lang='lat' dir='ltr'><strong>lib.</strong></span> <span class='ocrx_word' id='word_1_808' title='bbox 1444 5234 1585 5294; x_wconf 61' lang='lat' dir='ltr'><strong>{De</strong></span> <span class='ocrx_word' id='word_1_809' title='bbox 1613 5234 1887 5309; x_wconf 75' lang='lat' dir='ltr'><strong>Trinitate,</strong></span> 
     </span>
    </p>
   </div>
   <div class='ocr_carea' id='block_1_101' title="bbox 319 5305 1685 5377">
    <p class='ocr_par' dir='ltr' id='par_1_101' title="bbox 319 5305 1685 5377">
     <span class='ocr_line' id='line_1_101' title="bbox 319 5305 1685 5377; baseline 0.002 -17"><span class='ocrx_word' id='word_1_810' title='bbox 319 5305 517 5374; x_wconf 72' lang='lat' dir='ltr'><strong>cap.4.</strong></span> <span class='ocrx_word' id='word_1_811' title='bbox 548 5323 607 5377; x_wconf 60' lang='grc' dir='ltr'><strong>ηΖ</strong></span> <span class='ocrx_word' id='word_1_812' title='bbox 634 5305 688 5369; x_wconf 69' lang='grc'>4,</span> <span class='ocrx_word' id='word_1_813' title='bbox 709 5314 764 5359; x_wconf 93' lang='lat' dir='ltr'><strong>et</strong></span> <span class='ocrx_word' id='word_1_814' title='bbox 785 5306 877 5361; x_wconf 87' lang='lat' dir='ltr'><strong>lib.</strong></span> <span class='ocrx_word' id='word_1_815' title='bbox 914 5305 1135 5377; x_wconf 13' lang='lat' dir='ltr'><strong>i&#39;|,7cap.</strong></span> <span class='ocrx_word' id='word_1_816' title='bbox 1169 5307 1222 5366; x_wconf 81' lang='grc'><strong>5.</strong></span> <span class='ocrx_word' id='word_1_817' title='bbox 1254 5324 1307 5360; x_wconf 91' lang='lat' dir='ltr'><strong>n.</strong></span> <span class='ocrx_word' id='word_1_818' title='bbox 1348 5309 1401 5364; x_wconf 90' lang='lat'><em>6.</em></span> <span class='ocrx_word' id='word_1_819' title='bbox 1424 5310 1685 5366; x_wconf 72' lang='lat' dir='ltr'><strong>Hunnus.</strong></span> 
     </span>
    </p>
   </div>
   <div class='ocr_carea' id='block_1_102' title="bbox 392 5375 1884 5448">
    <p class='ocr_par' dir='ltr' id='par_1_102' title="bbox 392 5375 1884 5448">
     <span class='ocr_line' id='line_1_102' title="bbox 392 5375 1884 5448; baseline 0.004 -18"><span class='ocrx_word' id='word_1_820' title='bbox 392 5376 503 5448; x_wconf 73' lang='grc' dir='ltr'>(δυ)</span> <span class='ocrx_word' id='word_1_821' title='bbox 534 5375 655 5431; x_wconf 77' lang='grc' dir='ltr'>Τῶν</span> <span class='ocrx_word' id='word_1_822' title='bbox 689 5375 1154 5448; x_wconf 74' lang='grc' dir='ltr'>τεθεωρημένών.</span> <span class='ocrx_word' id='word_1_823' title='bbox 1198 5378 1270 5431; x_wconf 87' lang='lat' dir='ltr'><strong>lta</strong></span> <span class='ocrx_word' id='word_1_824' title='bbox 1297 5390 1443 5433; x_wconf 87' lang='lat' dir='ltr'><strong>recte</strong></span> <span class='ocrx_word' id='word_1_825' title='bbox 1482 5382 1682 5433; x_wconf 82' lang='lat' dir='ltr'><strong>habent</strong></span> <span class='ocrx_word' id='word_1_826' title='bbox 1728 5383 1884 5436; x_wconf 85' lang='lat' dir='ltr'><strong>codd.</strong></span> 
     </span>
    </p>
   </div>
   <div class='ocr_carea' id='block_1_103' title="bbox 319 5445 1889 5514">
    <p class='ocr_par' dir='ltr' id='par_1_103' title="bbox 319 5445 1889 5514">
     <span class='ocr_line' id='line_1_103' title="bbox 319 5445 1889 5514; baseline 0.004 -15"><span class='ocrx_word' id='word_1_827' title='bbox 319 5445 646 5502; x_wconf 80' lang='lat' dir='ltr'><strong>Bodleianus</strong></span> <span class='ocrx_word' id='word_1_828' title='bbox 675 5455 729 5501; x_wconf 89' lang='lat' dir='ltr'><strong>et</strong></span> <span class='ocrx_word' id='word_1_829' title='bbox 761 5445 1112 5514; x_wconf 83' lang='lat' dir='ltr'><strong>Barberinus,</strong></span> <span class='ocrx_word' id='word_1_830' title='bbox 1172 5449 1312 5501; x_wconf 87' lang='lat' dir='ltr'><strong>male</strong></span> <span class='ocrx_word' id='word_1_831' title='bbox 1353 5461 1536 5503; x_wconf 88' lang='lat' dir='ltr'><strong>autem</strong></span> <span class='ocrx_word' id='word_1_832' title='bbox 1580 5450 1746 5505; x_wconf 79' lang='lat' dir='ltr'><strong>codex</strong></span> <span class='ocrx_word' id='word_1_833' title='bbox 1785 5452 1889 5506; x_wconf 75' lang='lat' dir='ltr'><strong>Re-</strong></span> 
     </span>
    </p>
   </div>
   <div class='ocr_carea' id='block_1_104' title="bbox 319 5516 1887 5591">
    <p class='ocr_par' dir='ltr' id='par_1_104' title="bbox 319 5516 1887 5591">
     <span class='ocr_line' id='line_1_104' title="bbox 319 5516 1887 5591; baseline 0.006 -25"><span class='ocrx_word' id='word_1_834' title='bbox 319 5518 466 5591; x_wconf 77' lang='lat' dir='ltr'><strong>gius,</strong></span> <span class='ocrx_word' id='word_1_835' title='bbox 499 5516 609 5591; x_wconf 72' lang='grc' dir='ltr'>τῶν</span> <span class='ocrx_word' id='word_1_836' title='bbox 635 5516 1083 5591; x_wconf 69' lang='grc' dir='ltr'>τεθεωρημάτων.</span> <span class='ocrx_word' id='word_1_837' title='bbox 1104 5518 1223 5591; x_wconf 60' lang='lat' dir='ltr'><strong>Mox</strong></span> <span class='ocrx_word' id='word_1_838' title='bbox 1267 5518 1360 5572; x_wconf 88' lang='grc' dir='ltr'><strong>τοῦ</strong></span> <span class='ocrx_word' id='word_1_839' title='bbox 1406 5520 1580 5588; x_wconf 83' lang='grc' dir='ltr'><strong>Λόγου</strong></span> <span class='ocrx_word' id='word_1_840' title='bbox 1614 5519 1887 5591; x_wconf 79' lang='grc' dir='ltr'>λαμϐανο-</span> 
     </span>
    </p>
   </div>
   <div class='ocr_carea' id='block_1_105' title="bbox 322 5584 1887 5664">
    <p class='ocr_par' dir='ltr' id='par_1_105' title="bbox 322 5584 1887 5664">
     <span class='ocr_line' id='line_1_105' title="bbox 322 5584 1887 5664; baseline 0.008 -29"><span class='ocrx_word' id='word_1_841' title='bbox 322 5584 731 5664; x_wconf 56' lang='lat' dir='ltr'><strong>péooo._All_n_dit</strong></span> <span class='ocrx_word' id='word_1_842' title='bbox 773 5584 1115 5645; x_wconf 62' lang='lat' dir='ltr'><strong>ad&#39;alteram</strong></span> <span class='ocrx_word' id='word_1_843' title='bbox 1150 5588 1323 5664; x_wconf 34' lang='grc' dir='ltr'>’λόγου</span> <span class='ocrx_word' id='word_1_844' title='bbox 1370 5584 1731 5658; x_wconf 77' lang='lat' dir='ltr'><strong>notationem,</strong></span> <span class='ocrx_word' id='word_1_845' title='bbox 1782 5609 1887 5664; x_wconf 86' lang='lat' dir='ltr'><strong>qua</strong></span> 
     </span>
    </p>
   </div>
   <div class='ocr_carea' id='block_1_106' title="bbox 321 5656 1464 5725">
    <p class='ocr_par' dir='ltr' id='par_1_106' title="bbox 321 5656 1464 5725">
     <span class='ocr_line' id='line_1_106' title="bbox 321 5656 1464 5725; baseline 0.003 -17"><span class='ocrx_word' id='word_1_846' title='bbox 321 5656 458 5709; x_wconf 79' lang='lat' dir='ltr'><strong>ratio</strong></span> <span class='ocrx_word' id='word_1_847' title='bbox 486 5657 843 5725; x_wconf 73' lang='lat' dir='ltr'><strong>signiﬁcetur.</strong></span> <span class='ocrx_word' id='word_1_848' title='bbox 1150 5657 1159 5664; x_wconf 86' lang='grc'><strong>’</strong></span> <span class='ocrx_word' id='word_1_849' title='bbox 1238 5656 1249 5659; x_wconf 65' lang='grc'>⁷</span> <span class='ocrx_word' id='word_1_850' title='bbox 1457 5695 1464 5702; x_wconf 79' lang='lat'><strong>.</strong></span> 
     </span>
    </p>
   </div>
   <div class='ocr_carea' id='block_1_107' title="bbox 1000 5005 2492 5077">
    <p class='ocr_par' dir='ltr' id='par_1_107' title="bbox 1000 5005 2492 5077">
     <span class='ocr_line' id='line_1_107' title="bbox 1000 5005 2492 5077; baseline 0.002 -18"><span class='ocrx_word' id='word_1_851' title='bbox 1000 5006 1046 5036; x_wconf 83' lang='lat'><strong>&quot;</strong></span> <span class='ocrx_word' id='word_1_852' title='bbox 1081 5005 1235 5077; x_wconf 61' lang='grc' dir='ltr'><strong>,ΙοιιιιΣ</strong></span> <span class='ocrx_word' id='word_1_853' title='bbox 1268 5022 1306 5070; x_wconf 87' lang='grc' dir='ltr'>ι,</span> <span class='ocrx_word' id='word_1_854' title='bbox 1332 5007 1420 5077; x_wconf 77' lang='lat' dir='ltr'><strong>l._</strong></span> <span class='ocrx_word' id='word_1_855' title='bbox 1460 5008 1503 5039; x_wconf 70' lang='lat'><strong>9&quot;</strong></span> <span class='ocrx_word' id='word_1_856' title='bbox 1529 5008 1669 5063; x_wconf 90' lang='lat' dir='ltr'><strong>Psal.</strong></span> <span class='ocrx_word' id='word_1_857' title='bbox 1719 5026 1940 5077; x_wconf 73' lang='lat' dir='ltr'><strong>CXLVIII,</strong></span> <span class='ocrx_word' id='word_1_858' title='bbox 2098 5013 2143 5043; x_wconf 72' lang='grc'><strong>⁸⁸</strong></span> <span class='ocrx_word' id='word_1_859' title='bbox 2185 5009 2320 5064; x_wconf 83' lang='lat' dir='ltr'><strong>Gen.</strong></span> <span class='ocrx_word' id='word_1_860' title='bbox 2355 5025 2393 5075; x_wconf 81' lang='grc' dir='ltr'><strong>ι,</strong></span> <span class='ocrx_word' id='word_1_861' title='bbox 2439 5009 2492 5063; x_wconf 79' lang='grc'><strong>5.</strong></span> 
     </span>
    </p>
   </div>
   <div class='ocr_carea' id='block_1_108' title="bbox 1995 4474 3566 4549">
    <p class='ocr_par' dir='ltr' id='par_1_108' title="bbox 1995 4474 3566 4549">
     <span class='ocr_line' id='line_1_108' title="bbox 1995 4474 3566 4549; baseline 0.001 -20"><span class='ocrx_word' id='word_1_862' title='bbox 1995 4480 2120 4541; x_wconf 76' lang='grc' dir='ltr'>τοὺς</span> <span class='ocrx_word' id='word_1_863' title='bbox 2173 4479 2230 4531; x_wconf 84' lang='grc' dir='ltr'>ἐν</span> <span class='ocrx_word' id='word_1_864' title='bbox 2282 4476 2362 4547; x_wconf 81' lang='grc' dir='ltr'>τῷ</span> <span class='ocrx_word' id='word_1_865' title='bbox 2411 4476 2627 4549; x_wconf 83' lang='grc' dir='ltr'>τεχνίτῃ</span> <span class='ocrx_word' id='word_1_866' title='bbox 2683 4476 2888 4540; x_wconf 82' lang='grc' dir='ltr'>τύπους</span> <span class='ocrx_word' id='word_1_867' title='bbox 2933 4477 3024 4530; x_wconf 76' lang='grc' dir='ltr'><strong>καὶ</strong></span> <span class='ocrx_word' id='word_1_868' title='bbox 3065 4476 3273 4545; x_wconf 85' lang='grc' dir='ltr'>λόγους·</span> <span class='ocrx_word' id='word_1_869' title='bbox 3310 4474 3454 4528; x_wconf 73' lang='grc' dir='ltr'>οὕτω</span> <span class='ocrx_word' id='word_1_870' title='bbox 3497 4476 3566 4530; x_wconf 76' lang='grc' dir='ltr'><strong>τά</strong></span> 
     </span>
    </p>
   </div>
   <div class='ocr_carea' id='block_1_109' title="bbox 1991 4560 3563 4644">
    <p class='ocr_par' dir='ltr' id='par_1_109' title="bbox 1991 4560 3563 4644">
     <span class='ocr_line' id='line_1_109' title="bbox 1991 4560 3563 4644; baseline -0.002 -17"><span class='ocrx_word' id='word_1_871' title='bbox 1991 4573 2281 4644; x_wconf 90' lang='grc' dir='ltr'>σύμπαντα</span> <span class='ocrx_word' id='word_1_872' title='bbox 2318 4569 2599 4639; x_wconf 86' lang='grc' dir='ltr'>γεγονέναι</span> <span class='ocrx_word' id='word_1_873' title='bbox 2655 4569 2799 4623; x_wconf 77' lang='grc' dir='ltr'>κατὰ</span> <span class='ocrx_word' id='word_1_874' title='bbox 2838 4560 2975 4635; x_wconf 53' lang='grc' dir='ltr'>’τοὺς</span> <span class='ocrx_word' id='word_1_875' title='bbox 3028 4571 3086 4623; x_wconf 66' lang='grc' dir='ltr'>ἓν</span> <span class='ocrx_word' id='word_1_876' title='bbox 3135 4573 3199 4642; x_wconf 78' lang='grc' dir='ltr'>τῇ</span> <span class='ocrx_word' id='word_1_877' title='bbox 3233 4571 3395 4643; x_wconf 73' lang='grc' dir='ltr'>σοφίᾳ</span> <span class='ocrx_word' id='word_1_878' title='bbox 3428 4589 3563 4644; x_wconf 84' lang='grc' dir='ltr'>προ-</span> 
     </span>
    </p>
   </div>
   <div class='ocr_carea' id='block_1_110' title="bbox 1986 4658 3564 4736">
    <p class='ocr_par' dir='ltr' id='par_1_110' title="bbox 1986 4658 3564 4736">
     <span class='ocr_line' id='line_1_110' title="bbox 1986 4658 3564 4736; baseline -0.003 -18"><span class='ocrx_word' id='word_1_879' title='bbox 1986 4662 2359 4736; x_wconf 79' lang='grc' dir='ltr'>τρανωθέντας</span> <span class='ocrx_word' id='word_1_880' title='bbox 2387 4660 2493 4713; x_wconf 81' lang='grc' dir='ltr'>ὑπὸ</span> <span class='ocrx_word' id='word_1_881' title='bbox 2526 4658 2661 4713; x_wconf 84' lang='grc' dir='ltr'>Θεοῦ</span> <span class='ocrx_word' id='word_1_882' title='bbox 2690 4661 2798 4713; x_wconf 86' lang='grc' dir='ltr'><strong>τῶν</strong></span> <span class='ocrx_word' id='word_1_883' title='bbox 2821 4661 3094 4731; x_wconf 81' lang='grc' dir='ltr'>ἐσομένων</span> <span class='ocrx_word' id='word_1_884' title='bbox 3121 4660 3333 4728; x_wconf 88' lang='grc' dir='ltr'>λόγους.</span> <span class='ocrx_word' id='word_1_885' title='bbox 3361 4660 3564 4717; x_wconf 77' lang='grc' dir='ltr'>Πάντα</span> 
     </span>
    </p>
   </div>
   <div class='ocr_carea' id='block_1_111' title="bbox 1990 4752 3560 4828">
    <p class='ocr_par' dir='ltr' id='par_1_111' title="bbox 1990 4752 3560 4828">
     <span class='ocr_line' id='line_1_111' title="bbox 1990 4752 3560 4828; baseline -0.002 -18"><span class='ocrx_word' id='word_1_886' title='bbox 1990 4757 2097 4828; x_wconf 78' lang='grc' dir='ltr'>γὰρ</span> <span class='ocrx_word' id='word_1_887' title='bbox 2119 4757 2189 4810; x_wconf 62' lang='grc' dir='ltr'>ἐν</span> <span class='ocrx_word' id='word_1_888' title='bbox 2229 4756 2415 4824; x_wconf 73' lang='grc' dir='ltr'>σοφίᾳ</span> <span class='ocrx_word' id='word_1_889' title='bbox 2461 4754 2729 4821; x_wconf 83' lang='grc' dir='ltr'>ἐποίησε.</span> <span class='ocrx_word' id='word_1_890' title='bbox 2784 4754 2892 4807; x_wconf 84' lang='grc' dir='ltr'>Καὶ</span> <span class='ocrx_word' id='word_1_891' title='bbox 2938 4752 3187 4817; x_wconf 85' lang='grc' dir='ltr'>λεκτέον,</span> <span class='ocrx_word' id='word_1_892' title='bbox 3221 4755 3302 4806; x_wconf 84' lang='grc' dir='ltr'>ὅτι</span> <span class='ocrx_word' id='word_1_893' title='bbox 3330 4753 3521 4817; x_wconf 88' lang='grc' dir='ltr'>κτίσας</span> <span class='ocrx_word' id='word_1_894' title='bbox 3544 4794 3560 4816; x_wconf 89' lang='grc'>,</span> 
     </span>
    </p>
   </div>
   <div class='ocr_carea' id='block_1_112' title="bbox 1987 4844 3559 4917">
    <p class='ocr_par' dir='ltr' id='par_1_112' title="bbox 1987 4844 3559 4917">
     <span class='ocr_line' id='line_1_112' title="bbox 1987 4844 3559 4917; baseline -0.004 -12"><span class='ocrx_word' id='word_1_895' title='bbox 1987 4854 2052 4905; x_wconf 83' lang='grc' dir='ltr'><strong>ἵν’</strong></span> <span class='ocrx_word' id='word_1_896' title='bbox 2082 4849 2255 4911; x_wconf 70' lang='grc' dir='ltr'>οὕτως</span> <span class='ocrx_word' id='word_1_897' title='bbox 2288 4847 2428 4900; x_wconf 79' lang='grc' dir='ltr'>εἴπω</span> <span class='ocrx_word' id='word_1_898' title='bbox 2459 4845 2604 4917; x_wconf 83' lang='grc'>(85),</span> <span class='ocrx_word' id='word_1_899' title='bbox 2638 4845 2877 4917; x_wconf 75' lang='grc' dir='ltr'>ἔμψυχον</span> <span class='ocrx_word' id='word_1_900' title='bbox 2919 4844 3108 4915; x_wconf 81' lang='grc' dir='ltr'>σοφίαν</span> <span class='ocrx_word' id='word_1_901' title='bbox 3152 4847 3180 4898; x_wconf 89' lang='lat'><strong>6</strong></span> <span class='ocrx_word' id='word_1_902' title='bbox 3224 4846 3377 4909; x_wconf 82' lang='grc' dir='ltr'>Θεὸς,</span> <span class='ocrx_word' id='word_1_903' title='bbox 3422 4845 3559 4917; x_wconf 78' lang='grc' dir='ltr'>αὐτῇ</span> 
     </span>
    </p>
   </div>
   <div class='ocr_carea' id='block_1_113' title="bbox 2607 5000 3553 5065">
    <p class='ocr_par' dir='ltr' id='par_1_113' title="bbox 2607 5000 3553 5065">
     <span class='ocr_line' id='line_1_113' title="bbox 2607 5000 3553 5065; baseline 0.002 -9"><span class='ocrx_word' id='word_1_904' title='bbox 2607 5000 2652 5033; x_wconf 85' lang='grc'><strong><em>⁹⁹</em></strong></span> <span class='ocrx_word' id='word_1_905' title='bbox 2692 5003 2823 5059; x_wconf 87' lang='lat' dir='ltr'><strong>ibid.</strong></span> <span class='ocrx_word' id='word_1_906' title='bbox 2877 5003 2931 5055; x_wconf 86' lang='lat'><em>6.</em></span> <span class='ocrx_word' id='word_1_907' title='bbox 3048 5002 3060 5031; x_wconf 85' lang='lat'><strong><em>‘</em></strong></span> <span class='ocrx_word' id='word_1_908' title='bbox 3108 5000 3268 5056; x_wconf 86' lang='lat' dir='ltr'><strong>Prov.</strong></span> <span class='ocrx_word' id='word_1_909' title='bbox 3317 5016 3434 5065; x_wconf 86' lang='lat' dir='ltr'><strong>vm,</strong></span> <span class='ocrx_word' id='word_1_910' title='bbox 3466 5002 3553 5059; x_wconf 81' lang='grc'><strong>22.</strong></span> 
     </span>
    </p>
   </div>
   <div class='ocr_carea' id='block_1_114' title="bbox 2062 5164 3551 5239">
    <p class='ocr_par' dir='ltr' id='par_1_114' title="bbox 2062 5164 3551 5239">
     <span class='ocr_line' id='line_1_114' title="bbox 2062 5164 3551 5239; baseline -0.004 -14"><span class='ocrx_word' id='word_1_911' title='bbox 2062 5169 2173 5239; x_wconf 79' lang='grc'>(81)</span> <span class='ocrx_word' id='word_1_912' title='bbox 2206 5170 2358 5222; x_wconf 80' lang='grc' dir='ltr'>Οὔτε</span> <span class='ocrx_word' id='word_1_913' title='bbox 2380 5167 2417 5234; x_wconf 79' lang='grc' dir='ltr'><strong><em>ἠ</em></strong></span> <span class='ocrx_word' id='word_1_914' title='bbox 2449 5166 2581 5233; x_wconf 81' lang='grc' dir='ltr'>ζωή,</span> <span class='ocrx_word' id='word_1_915' title='bbox 2611 5176 2718 5221; x_wconf 89' lang='lat' dir='ltr'><strong>etc.</strong></span> <span class='ocrx_word' id='word_1_916' title='bbox 2751 5164 2841 5239; x_wconf 80' lang='lat' dir='ltr'><strong>Sic</strong></span> <span class='ocrx_word' id='word_1_917' title='bbox 2874 5177 3020 5221; x_wconf 88' lang='lat' dir='ltr'><strong>recte</strong></span> <span class='ocrx_word' id='word_1_918' title='bbox 3073 5165 3275 5237; x_wconf 85' lang='lat' dir='ltr'><strong>legitur</strong></span> <span class='ocrx_word' id='word_1_919' title='bbox 3307 5168 3361 5220; x_wconf 91' lang='lat' dir='ltr'><strong>in</strong></span> <span class='ocrx_word' id='word_1_920' title='bbox 3390 5170 3551 5239; x_wconf 61' lang='lat' dir='ltr'><strong>codd.</strong></span> 
     </span>
    </p>
   </div>
   <div class='ocr_carea' id='block_1_115' title="bbox 1986 5237 3556 5310">
    <p class='ocr_par' dir='ltr' id='par_1_115' title="bbox 1986 5237 3556 5310">
     <span class='ocr_line' id='line_1_115' title="bbox 1986 5237 3556 5310; baseline 0 -16"><span class='ocrx_word' id='word_1_921' title='bbox 1986 5237 2277 5310; x_wconf 85' lang='lat' dir='ltr'><strong>Bodleiano</strong></span> <span class='ocrx_word' id='word_1_922' title='bbox 2294 5249 2349 5293; x_wconf 90' lang='lat' dir='ltr'><strong>et</strong></span> <span class='ocrx_word' id='word_1_923' title='bbox 2378 5239 2707 5310; x_wconf 70' lang='lat' dir='ltr'><strong>Barberino;</strong></span> <span class='ocrx_word' id='word_1_924' title='bbox 2724 5237 2862 5310; x_wconf 84' lang='lat' dir='ltr'><strong>male</strong></span> <span class='ocrx_word' id='word_1_925' title='bbox 2891 5247 3070 5310; x_wconf 74' lang='lat' dir='ltr'><strong>autem</strong></span> <span class='ocrx_word' id='word_1_926' title='bbox 3102 5238 3155 5310; x_wconf 88' lang='lat' dir='ltr'><strong>in</strong></span> <span class='ocrx_word' id='word_1_927' title='bbox 3180 5238 3371 5293; x_wconf 79' lang='lat' dir='ltr'><strong>codice</strong></span> <span class='ocrx_word' id='word_1_928' title='bbox 3389 5237 3556 5310; x_wconf 79' lang='lat' dir='ltr'><strong>Regio</strong></span> 
     </span>
    </p>
   </div>
   <div class='ocr_carea' id='block_1_116' title="bbox 1985 5305 3327 5387">
    <p class='ocr_par' dir='ltr' id='par_1_116' title="bbox 1985 5305 3327 5387">
     <span class='ocr_line' id='line_1_116' title="bbox 1985 5305 3327 5387; baseline -0.001 -23"><span class='ocrx_word' id='word_1_929' title='bbox 1985 5313 2138 5387; x_wconf 69' lang='lat' dir='ltr'><strong>deest</strong></span> <span class='ocrx_word' id='word_1_930' title='bbox 2153 5308 2302 5387; x_wconf 59' lang='grc' dir='ltr'>οὔτε,</span> <span class='ocrx_word' id='word_1_931' title='bbox 2335 5317 2393 5387; x_wconf 70' lang='lat' dir='ltr'><strong>et</strong></span> <span class='ocrx_word' id='word_1_932' title='bbox 2417 5310 2583 5387; x_wconf 39' lang='lat' dir='ltr'><strong>pro-i1</strong></span> <span class='ocrx_word' id='word_1_933' title='bbox 2606 5306 2717 5378; x_wconf 77' lang='grc' dir='ltr'><strong>ζωή</strong></span> <span class='ocrx_word' id='word_1_934' title='bbox 2746 5306 2941 5387; x_wconf 73' lang='lat' dir='ltr'><strong>legitur</strong></span> <span class='ocrx_word' id='word_1_935' title='bbox 2963 5306 3004 5387; x_wconf 59' lang='grc' dir='ltr'>ᾖ</span> <span class='ocrx_word' id='word_1_936' title='bbox 3038 5305 3174 5387; x_wconf 76' lang='grc' dir='ltr'><strong>ζωή.</strong></span> <span class='ocrx_word' id='word_1_937' title='bbox 3276 5378 3327 5387; x_wconf 44' lang='grc' dir='ltr'><strong><em>ω</em></strong></span> 
     </span>
    </p>
   </div>
   <div class='ocr_carea' id='block_1_117' title="bbox 2055 5374 3555 5449">
    <p class='ocr_par' dir='ltr' id='par_1_117' title="bbox 2055 5374 3555 5449">
     <span class='ocr_line' id='line_1_117' title="bbox 2055 5374 3555 5449; baseline -0.001 -14"><span class='ocrx_word' id='word_1_938' title='bbox 2055 5380 2168 5449; x_wconf 65' lang='grc'>(89.)</span> <span class='ocrx_word' id='word_1_939' title='bbox 2201 5383 2271 5434; x_wconf 78' lang='lat' dir='ltr'><strong>Et</strong></span> <span class='ocrx_word' id='word_1_940' title='bbox 2303 5374 2432 5449; x_wconf 65' lang='grc' dir='ltr'><strong>οἷόνὲ</strong></span> <span class='ocrx_word' id='word_1_941' title='bbox 2465 5377 2531 5431; x_wconf 82' lang='grc' dir='ltr'><strong>τέ</strong></span> <span class='ocrx_word' id='word_1_942' title='bbox 2558 5374 2690 5434; x_wconf 78' lang='grc' dir='ltr'>ἐστι</span> <span class='ocrx_word' id='word_1_943' title='bbox 2705 5374 2821 5433; x_wconf 67' lang='grc' dir='ltr'><strong>καῖ</strong></span> <span class='ocrx_word' id='word_1_944' title='bbox 2840 5374 3000 5449; x_wconf 23' lang='grc' dir='ltr'>κατὰ*</span> <span class='ocrx_word' id='word_1_945' title='bbox 3013 5379 3101 5440; x_wconf 82' lang='grc' dir='ltr'>τό,</span> <span class='ocrx_word' id='word_1_946' title='bbox 3136 5374 3240 5433; x_wconf 84' lang='lat' dir='ltr'><strong>etc.</strong></span> <span class='ocrx_word' id='word_1_947' title='bbox 3274 5378 3368 5434; x_wconf 86' lang='lat' dir='ltr'><strong>Sic</strong></span> <span class='ocrx_word' id='word_1_948' title='bbox 3412 5391 3555 5434; x_wconf 87' lang='lat' dir='ltr'><strong>recte</strong></span> 
     </span>
    </p>
   </div>
   <div class='ocr_carea' id='block_1_118' title="bbox 1986 5447 3552 5520">
    <p class='ocr_par' dir='ltr' id='par_1_118' title="bbox 1986 5447 3552 5520">
     <span class='ocr_line' id='line_1_118' title="bbox 1986 5447 3552 5520; baseline 0 -16"><span class='ocrx_word' id='word_1_949' title='bbox 1986 5447 2190 5507; x_wconf 83' lang='lat' dir='ltr'><strong>habent</strong></span> <span class='ocrx_word' id='word_1_950' title='bbox 2221 5448 2737 5520; x_wconf 30' lang='lat' dir='ltr'><strong>coddLBodleiaths</strong></span> <span class='ocrx_word' id='word_1_951' title='bbox 2779 5458 2834 5520; x_wconf 92' lang='lat' dir='ltr'><strong>e_t</strong></span> <span class='ocrx_word' id='word_1_952' title='bbox 2882 5447 3243 5520; x_wconf 79' lang='lat' dir='ltr'><strong>Barberinus;</strong></span> <span class='ocrx_word' id='word_1_953' title='bbox 3297 5461 3552 5520; x_wconf 77' lang='lat' dir='ltr'><strong>corrupte</strong></span> 
     </span>
    </p>
   </div>
   <div class='ocr_carea' id='block_1_119' title="bbox 1986 5513 3504 5589">
    <p class='ocr_par' dir='ltr' id='par_1_119' title="bbox 1986 5513 3504 5589">
     <span class='ocr_line' id='line_1_119' title="bbox 1986 5513 3504 5589; baseline -0.001 -14"><span class='ocrx_word' id='word_1_954' title='bbox 1986 5532 2165 5575; x_wconf 89' lang='lat' dir='ltr'><strong>autem</strong></span> <span class='ocrx_word' id='word_1_955' title='bbox 2190 5521 2357 5575; x_wconf 76' lang='lat' dir='ltr'><strong>codex</strong></span> <span class='ocrx_word' id='word_1_956' title='bbox 2384 5518 2606 5589; x_wconf 80' lang='lat' dir='ltr'><strong>Regius,</strong></span> <span class='ocrx_word' id='word_1_957' title='bbox 2629 5513 2740 5571; x_wconf 78' lang='grc' dir='ltr'>οἷόν</span> <span class='ocrx_word' id='word_1_958' title='bbox 2758 5518 2818 5570; x_wconf 88' lang='grc' dir='ltr'><strong>τέ</strong></span> <span class='ocrx_word' id='word_1_959' title='bbox 2842 5521 2956 5571; x_wconf 77' lang='grc' dir='ltr'>ἐστι</span> <span class='ocrx_word' id='word_1_960' title='bbox 2986 5519 3079 5589; x_wconf 60' lang='grc' dir='ltr'><strong>καί</strong></span> <span class='ocrx_word' id='word_1_961' title='bbox 3107 5520 3249 5574; x_wconf 78' lang='grc' dir='ltr'>κατὰ</span> <span class='ocrx_word' id='word_1_962' title='bbox 3276 5519 3359 5586; x_wconf 88' lang='grc' dir='ltr'>τό,</span> <span class='ocrx_word' id='word_1_963' title='bbox 3397 5513 3504 5575; x_wconf 79' lang='lat' dir='ltr'><strong>etc.</strong></span> 
     </span>
    </p>
   </div>
   <div class='ocr_carea' id='block_1_120' title="bbox 2060 5588 3549 5661">
    <p class='ocr_par' dir='ltr' id='par_1_120' title="bbox 2060 5588 3549 5661">
     <span class='ocr_line' id='line_1_120' title="bbox 2060 5588 3549 5661; baseline -0.003 -16"><span class='ocrx_word' id='word_1_964' title='bbox 2060 5591 2171 5661; x_wconf 79' lang='lat'><strong>(85)</strong></span> <span class='ocrx_word' id='word_1_965' title='bbox 2200 5591 2458 5656; x_wconf 82' lang='grc' dir='ltr'>Κτίσας,</span> <span class='ocrx_word' id='word_1_966' title='bbox 2491 5589 2566 5661; x_wconf 59' lang='grc' dir='ltr'>ἳνέ</span> <span class='ocrx_word' id='word_1_967' title='bbox 2613 5590 2798 5654; x_wconf 82' lang='grc' dir='ltr'>οὕτως</span> <span class='ocrx_word' id='word_1_968' title='bbox 2830 5591 2996 5644; x_wconf 78' lang='grc' dir='ltr'>εἴπω.</span> <span class='ocrx_word' id='word_1_969' title='bbox 3062 5588 3138 5661; x_wconf 64' lang='grc' dir='ltr'>[ιο</span> <span class='ocrx_word' id='word_1_970' title='bbox 3186 5601 3343 5661; x_wconf 80' lang='lat' dir='ltr'><strong>recte</strong></span> <span class='ocrx_word' id='word_1_971' title='bbox 3392 5592 3549 5646; x_wconf 80' lang='lat' dir='ltr'><strong>codd.</strong></span> 
     </span>
    </p>
   </div>
   <div class='ocr_carea' id='block_1_121' title="bbox 1996 5660 3552 5733">
    <p class='ocr_par' dir='ltr' id='par_1_121' title="bbox 1996 5660 3552 5733">
     <span class='ocr_line' id='line_1_121' title="bbox 1996 5660 3552 5733; baseline -0.001 -18"><span class='ocrx_word' id='word_1_972' title='bbox 1996 5660 2322 5718; x_wconf 69' lang='lat' dir='ltr'><strong>Bdt&#39;beflltus</strong></span> <span class='ocrx_word' id='word_1_973' title='bbox 2348 5672 2402 5718; x_wconf 89' lang='lat' dir='ltr'><strong>et</strong></span> <span class='ocrx_word' id='word_1_974' title='bbox 2434 5660 2673 5731; x_wconf 71' lang='lat' dir='ltr'><strong>Regius,</strong></span> <span class='ocrx_word' id='word_1_975' title='bbox 2704 5662 3037 5733; x_wconf 74' lang='lat' dir='ltr'><strong>ntaleuutem</strong></span> <span class='ocrx_word' id='word_1_976' title='bbox 3066 5660 3411 5730; x_wconf 80' lang='lat' dir='ltr'><strong>Bodleianus,</strong></span> <span class='ocrx_word' id='word_1_977' title='bbox 3433 5663 3552 5733; x_wconf 73' lang='grc' dir='ltr'>κτή-</span> 
     </span>
    </p>
   </div>
  </div>
