3792 6146
212 276 276 331 57
1319 277 1678 334 COMMENT.
1715 277 1783 334 IN
1811 278 2003 336 JOAN.
2047 279 2288 337 'ronus
2324 280 2364 337 ι.
2476 260 2489 265 ”
3404 276 3471 330 58

213 384 499 459 ἰπέτρεψιν
530 386 645 441 ἀπὸ
691 388 811 443 τῶν
856 391 919 443 ὲν
963 390 1101 460 αὐτῇ
1148 388 1337 446 τύπων
1377 394 1492 456 τοῖς
1539 390 1660 449 ὦσι
1700 414 1752 450 κε

1895 406 2208 465 conceptas,
2237 397 2399 452 domo
2423 397 2652 467 navique
2676 395 3005 468 principium
3035 393 3379 451 sumentibus
3403 395 3471 449 ab

211 482 273 549 τῇ
322 477 456 550 ὕλη,
502 473 701 549 οἶμαι,
770 483 1083 552 παρασχεῖν
1138 480 1237 552 τὴν
1291 479 1529 554 ὕπαρξιν
1568 486 1664 539 καὶ
1693 485 1793 557 τὴν

210 572 405 627 πλάσιν
434 572 533 626 καὶ
560 572 634 627 τὰ
660 571 798 645 εῐδη.
840 570 986 643 Ἐγὼ
1014 573 1069 627 δὲ
1113 572 1378 647 ὲφίστημι
1429 577 1479 629 εί
1522 578 1617 631 καὶ
1644 576 1793 631 ἐστιν

208 667 377 720 εἰπεῖν
422 665 607 739 ἀρχὴν
649 665 757 721 τῶν
805 665 978 720 ὄντων
1029 662 1170 721 εἶναι
1211 667 1304 721 τὸν
1343 667 1472 721 Υίὸν
1508 668 1602 722 τοῦ
1656 669 1792 724 Θεοῦ

207 756 427 825 λέγοντα
464 755 603 828 (84)’
635 756 782 827 Ἐγώ
804 759 924 827 εἰμι
953 758 994 827 ἠ
1023 757 1183 828 ἁρχὴ
1210 757 1310 813 καὶ
1339 758 1405 813 τὸ
1432 756 1625 826 τέλος,
1658 760 1726 815 τὸ
1753 777 1793 814 α

209 849 303 904 καὶ
329 849 397 903 τὸ
431 868 512 913 ω,
540 853 574 905 ό
601 849 829 919 πρῶτος
859 850 960 905 καὶ
988 854 1021 905 ό
1051 851 1330 920 ἔσχατος.
1374 852 1693 921 Ἀναγκαῖον
1733 851 1792 905 δὲ

205 942 409 997 εἰδέναι
429 983 447 1009 ,
490 944 572 996 ὅτι
597 943 658 995 οὐ
694 942 837 997 κατά
865 945 975 997 πᾶν
1012 942 1043 996 6
1071 943 1424 1015 ὀνομάζεται,
1451 944 1593 1016 ἀρχή
1643 946 1789 999 ἐστιν

203 1035 390 1098 αὐτός.
451 1034 577 1098 Πῶς
634 1033 766 1105 γὰρ,
819 1034 956 1088 καθὸ
1006 1034 1120 1106 ζωή
1170 1036 1307 1103 ἐστι,
1362 1033 1585 1089 δύναται
1648 1029 1788 1088 εῖναι

200 1128 344 1198 ἁρχὴ
366 1167 384 1191 ,
446 1128 572 1197 ἥτις
616 1127 733 1199 ζωὴ
783 1127 1007 1196 γέγονεν
1060 1128 1120 1181 ὲν
1177 1125 1257 1198 τῷ
1302 1127 1462 1199 Λόγῳ
1479 1166 1495 1191 ,
1547 1125 1787 1199 δηλονότι

201 1217 344 1289 ἀρχὴ
388 1219 722 1290 τυγχάνοντι
765 1220 982 1291 αὺτῆς;
1038 1220 1160 1274 Ἔτι
1206 1220 1264 1274 δὲ
1310 1220 1660 1292 σαφέστερον,
1705 1221 1787 1274 ὅτι

203 1309 337 1363 καθὸ
366 1310 723 1380 πρωτάτοκός
754 1313 901 1365 ἐστιν
933 1313 1000 1366 ὲκ
1029 1310 1140 1367 τῶν
1170 1311 1401 1384 νεκρῶν,
1447 1312 1508 1365 οὐ
1564 1311 1785 1367 δύναται

205 1401 337 1459 εἶναι
371 1403 545 1475 ἀρχή.
600 1404 712 1458 Καὶ
754 1403 849 1458 ἐὰν
887 1403 1163 1475 ἐπιμελῶς
1217 1404 1562 1476 ἐξετάζωμεν
1617 1403 1784 1457 αὐτοῦ

206 1498 378 1562 πάσας
424 1496 532 1561 τὰς
566 1497 880 1568 ἐπωνυμίας
914 1496 1059 1568 (85),
1115 1496 1274 1569 μόνον
1329 1497 1472 1552 κατὰ
1527 1497 1589 1551 τὸ
1644 1492 1784 1552 εἶναι

208 1591 361 1658 σοφία
401 1590 555 1661 ἀρχή
587 1591 738 1643 ἐστιν
756 1629 771 1655 ,
804 1588 928 1643 οὐδὲ
959 1587 1102 1642 κατά
1131 1589 1197 1643 τὸ
1239 1585 1378 1643 εἶναι
1430 1587 1590 1658 λόγος
1638 1588 1782 1660 ἀρχὴ

207 1683 505 1754 τυγχάνον,
529 1682 589 1735 ετ
605 1697 670 1750 γε
696 1682 727 1734 6
755 1680 930 1751 Λόγος
963 1681 1022 1734 ἐν
1055 1681 1198 1753 ἀρχῇ
1246 1677 1316 1753 ἦν
1340 1696 1354 1711 ο
1407 1681 1485 1746 ώς
1512 1681 1687 1736 εἰπεῖν
1715 1680 1780 1736 ἄν

1904 489 1990 546 his
2014 490 2197 563 figuris
2221 499 2276 546 et
2290 490 2589 546 rationibus
2607 507 2728 561 quae
2743 500 2872 547 sunt
2903 491 2960 545 in
2986 489 3216 557 artifice,
3234 489 3317 545 sic
3343 489 3467 544 uni-

1902 593 2062 633 versa
2103 578 2244 634 facta
2289 578 2459 635 fuisse
2487 581 2644 650 juxta
2665 596 2846 637 rerum
2884 582 3189 637 futurarum
3228 581 3466 637 rationes

1898 671 2008 742 jam
2023 680 2183 727 antea
2197 672 2350 727 aDeo
2366 672 2736 729 manifestatas
2751 674 2807 728 in
2826 672 3309 744 sapientia.0mm’a
3328 674 3465 727 enim

1892 764 1947 816 in
1987 759 2249 830 sapientia
2297 758 2417 828 fecit
2439 759 2482 815 ³.
2532 759 2936 830 Dicendumque
2990 769 3075 816 est
3115 761 3305 829 Deum,
3343 778 3466 817 cum

1892 854 2189 908 animatam
2217 850 2563 920 sapientiam,
2598 859 2658 906 ut
2683 851 2756 906 ita
2788 851 3003 922 loquar,
3031 860 3293 921 creasset,
3321 853 3466 908 illius

1891 960 2035 1000 curae
2065 942 2378 1015 permisisse
2405 952 2463 998 ut
2488 959 2552 1001 ex
2586 943 2773 1016 ﬁguris
2797 954 2853 1000 et
2879 946 3159 1015 speciebus
3187 961 3326 1016 quas
3349 949 3461 1016 ipsa

1887 1033 2148 1101 habebat,
2178 1035 2394 1105 opinor,
2418 1034 2917 1100 subsistentiam,et
2943 1036 3375 1106 plasmationem,
3411 1050 3468 1095 et

1889 1128 2095 1184 formas
2133 1128 2400 1198 praeberet
2426 1129 2645 1184 entibus
2668 1139 2726 1184 et
2747 1130 3008 1187 materiae.
3043 1131 3155 1201 Ego
3187 1131 3348 1185 etiam
3382 1131 3466 1185 in-

1887 1224 2058 1290 spicio
2096 1238 2165 1279 an
2209 1223 2391 1279 dicere
2436 1221 2707 1292 possimus
2739 1220 3065 1293 principium
3096 1223 3300 1278 entium
3340 1238 3463 1278 esse

1887 1314 2085 1372 Filium
2113 1314 2233 1379 Dei,
2270 1315 2539 1371 dicentem
2586 1327 2602 1366 :
2649 1310 2763 1383 Ego
2810 1330 2927 1369 sum
2955 1315 3268 1386 principium
3303 1324 3350 1368 et
3397 1313 3462 1382 ﬁ-

1885 1410 1988 1473 nis,
2010 1412 2057 1462 A
2090 1420 2139 1462 et
2165 1409 2235 1472 Ω,
2260 1407 2457 1477 primus
2485 1414 2534 1460 et
2569 1404 2880 1459 novissimus
2906 1405 2965 1472 ⁶;
3003 1420 3126 1461 cum
3156 1404 3464 1461 necessario

1884 1500 2048 1555 etiam
2071 1499 2355 1555 sciendum
2381 1498 2454 1554 sit
2480 1498 2635 1553 nobis
2662 1497 2836 1567 ipsum
2858 1512 2965 1552 non
2995 1512 3115 1553 esse
3137 1497 3461 1568 principium

1878 1589 2033 1661 juxta
2059 1589 2242 1646 omnia
2263 1588 2462 1658 quibus
2487 1589 2821 1643 nominatur.
2842 1587 2945 1656 Qui
2969 1588 3114 1643 enim
3141 1587 3256 1642 tieri
3280 1595 3460 1656 potest

1883 1689 1944 1737 ut
1975 1682 2048 1738 sit
2096 1681 2426 1752 principium
2478 1680 2535 1735 in
2580 1690 2846 1751 quantum
2891 1688 2976 1734 est
3025 1679 3161 1745 vita,
3192 1693 3316 1733 cum
3346 1677 3458 1732 vita

206 1793 314 1830 τινα
363 1776 794 1849 τεθαρρηκότως
846 1776 1218 1851 πρεσϐύτερον
1250 1775 1361 1848 (86)
1401 1777 1620 1831 πάντων
1670 1775 1750 1830 τῶ

1890 1772 2027 1830 facta
2060 1771 2227 1827 fuerit
2271 1772 2326 1827 in
2379 1771 2580 1838 Verbo,
2607 1773 2753 1843 quod
2790 1781 2875 1827 est
2917 1771 3086 1841 ipsius
3110 1770 3233 1826 vitae
3256 1769 3458 1841 princi-

206 1866 604 1936 ἐπινοουμένων
636 1867 752 1930 ταῖς
781 1866 1102 1937 ὀνομασίαις
1143 1866 1240 1920 τοῦ
1285 1867 1635 1940 πρωτοτόκου
1668 1867 1779 1922 πά-

205 1973 294 2028 σης
323 1957 565 2022 κτίσεώς
606 1960 756 2013 ἐστιν
788 1959 823 2029 ή
870 1958 1050 2028 σοφία.
1095 1959 1154 2013 '0
1183 1958 1318 2024 Θεὸς
1355 1959 1454 2031 μὲν
1478 1954 1574 2015 οὖν
1601 1960 1778 2031 πάντη

201 2046 256 2101 ἓν
282 2050 399 2104 ἐστι
432 2048 550 2120 (87)
583 2049 682 2104 καὶ
707 2049 932 2104 ἀπλοῦνο
963 2051 995 2103 6
1037 2049 1095 2103 δὲ
1139 2050 1332 2122 Σωτὴρ
1374 2050 1534 2122 ήμῶν
1579 2050 1667 2105 διὰ
1711 2051 1781 2105 τά

201 2138 365 2191 πολλά
389 2178 407 2204 ,
460 2139 589 2192 ἐπεὶ
633 2139 895 2212 προέθετο
926 2139 1090 2193 αὐτὸν
1119 2141 1148 2193 6
1174 2139 1308 2203 Θεὸς
1334 2140 1646 2214 ἱλαστήριον
1684 2141 1779 2196 καὶ

199 2230 447 2303 ἀπαρχήν
474 2231 662 2302 πάσης
702 2231 805 2303 τῆς
836 2230 1067 2295 κτίσεως
1085 2271 1101 2297 ,
1149 2231 1320 2286 πολλά
1350 2233 1582 2302 γίνεται⁸
1620 2234 1653 2307 ἢ
1684 2236 1780 2289 καὶ

199 2323 333 2394 τάχα
364 2324 549 2379 πάντα
576 2323 753 2378 ταῦτα
781 2324 1068 2398 καθαρίζει
1096 2323 1261 2379 αὐτοῦ
1287 2326 1322 2397 ἡ
1362 2325 1779 2398 ὲλευθεροῢσθαι

200 2415 465 2488 δυναμένη
508 2417 662 2470 πᾶσα
689 2418 869 2481 κτίσις
896 2416 1031 2489 (88).
1061 2418 1174 2472 Καὶ
1224 2419 1313 2472 διά
1358 2417 1519 2473 τοῦτο
1566 2420 1776 2490 γίνεται

198 2505 305 2575 φῶς
341 2507 459 2562 τῶν
486 2506 813 2580 ἀνθρώπιον,
860 2511 950 2564 ὅτε
987 2511 1263 2585 ἄνθρωποι
1296 2510 1402 2565 ὑπὸ
1435 2511 1534 2583 τῆς
1579 2510 1777 2577 κακίας

198 2599 572 2664 σκοτισθέντες
599 2600 808 2655 δέονται
852 2603 1031 2673 φωτὸς
1073 2602 1168 2658 τοῦ
1210 2604 1269 2657 ὲν
1308 2606 1376 2676 τῇ
1416 2604 1606 2676 σκοτίᾳ
1648 2606 1775 2675 φαί-

198 2708 390 2757 νοντος,
425 2692 527 2747 καὶ
553 2693 660 2746 ὑπὸ
707 2695 927 2760 σκοτίας
958 2696 1033 2767 μὴ
1073 2695 1651 2768 καταλαμϐανομένου,
1675 2698 1775 2751 οὐκ

196 2784 288 2847 iv,
316 2786 366 2838 si
401 2784 495 2857 μὴν
515 2786 834 2854 γεγόνεισαν
867 2789 926 2841 ὲν
965 2787 1044 2859 τῷ
1075 2789 1252 2860 σκότῳ
1284 2791 1334 2842 oi
1361 2789 1656 2861 ἄνθρωποι,
1677 2806 1772 2858 γε-

191 2876 411 2946 νόμενος
465 2874 770 2948 ἀνθρώπων
1003 2879 1077 2933 Τὸ
1112 2879 1157 2933 δ’
1188 2879 1374 2951 ὅμοιόν
1418 2882 1536 2934 ἐστι
1581 2880 1773 2951 νοῆσαι

193 2971 284 3025 καὶ
330 2971 426 3024 ἐπὶ
473 2968 566 3024 τοῦ
606 2967 746 3026 εἶναι
790 2972 958 3027 αὐτὸν
998 2973 1340 3044 πρωτότοκον
1384 2971 1495 3027 τῶν
1538 2971 1767 3044 νεκρῶν.

196 3063 257 3115 Ei
281 3063 389 3135 γὰρ
420 3062 550 3118 καθ’
586 3065 841 3120 ὑπόθεσιν
892 3067 927 3138 ή
981 3066 1120 3137 γυνὴ
1179 3066 1253 3139 μὴ
1291 3066 1574 3139 ήπάτητο,
1616 3067 1709 3120 καὶ
1741 3068 1772 3121 6

1882 1869 2032 1938 pium
2070 1866 2093 1921 τ
2140 1864 2486 1922 Manifestius
2541 1876 2803 1938 praeterea
2851 1873 2935 1921 est
2978 1864 3152 1934 ipsum
3189 1878 3297 1918 non
3338 1878 3458 1919 esse

1882 1957 2209 2030 principium
2238 1997 2256 2025 ,
2304 1966 2579 2029 quatenus
2628 1956 3024 2029 primogenitus
3075 1965 3158 2011 est
3195 1970 3267 2010 ex
3316 1970 3457 2010 mor-

1882 2050 2007 2106 tuis.
2041 2049 2195 2117 Quod
2232 2049 2281 2105 si
2325 2047 2614 2119 diligenter
2641 2049 3024 2103 examinemus
3061 2047 3241 2101 omnia
3289 2044 3459 2115 ipsius

1878 2141 2224 2212 cognomina,
2248 2139 2424 2195 solum
2449 2139 2579 2209 quia
2600 2140 2673 2196 sit
2695 2139 2962 2209 sapientia
2990 2137 3316 2208 principium
3346 2146 3455 2201 est,

1878 2247 1948 2287 ne
1992 2232 2321 2303 principium
2368 2233 2591 2303 quidem
2637 2232 2906 2289 exsistens
2942 2233 2996 2288 in
3054 2240 3316 2302 quantum
3374 2240 3458 2287 est

1876 2325 2073 2395 Λόγος,
2104 2325 2158 2381 id
2211 2335 2299 2381 est
2360 2324 2633 2391 Verbum,
2665 2326 2753 2382 vel
2801 2326 2964 2391 ratio,
3012 2324 3452 2395 quandoquidem

1875 2418 2113 2474 Verbum
2157 2417 2241 2473 vel
2273 2418 2416 2474 ratio
2454 2420 2510 2474 in
2555 2419 2826 2489 principio
2857 2426 2995 2473 erat.
3018 2417 3166 2472 Adeo
3201 2425 3259 2472 ut
3287 2417 3453 2471 auda-

1876 2518 1992 2566 cter
2015 2510 2158 2565 ausit
2185 2510 2308 2580 quis
2341 2510 2529 2567 dicere
2549 2511 2909 2581 antiquiorem
2937 2510 3190 2567 omnibus
3211 2524 3331 2580 quae
3357 2526 3455 2566 ex-

1843 2603 2185 2676 ,cogitantur
2208 2602 2520 2659 nominibus
2552 2604 2902 2674 primogeniti
2949 2604 3129 2660 omnis
3158 2612 3450 2670 creaturae,

1872 2697 2198 2768 sapientiam
2246 2712 2390 2754 esse.
2446 2697 2625 2767 Atque
2658 2697 2799 2753 Deus
2840 2698 3062 2767 quidem
3090 2713 3255 2756 unum
3286 2706 3374 2753 est
3396 2705 3453 2752 et

1871 2790 2135 2861 simplex;
2161 2789 2422 2846 Servator
2446 2802 2576 2846 vero
2600 2800 2788 2846 noster
2814 2800 3033 2861 propter
3063 2790 3257 2856 multa,
3278 2803 3451 2858 quan-
3541 2816 3549 2824 ρ

1870 2882 2159 2952 doquidem
2210 2882 2498 2952 proposuit
2553 2881 2704 2937 illum
2768 2884 2910 2938 Deus
2960 2878 3447 2952 propitiationem'

1870 2983 1927 3028 et
1956 2973 2229 3043 primitias
2257 2974 2438 3029 omnis
2483 2981 2771 3038 creaturae,
2793 2973 3025 3029 efﬁcitur
3052 2974 3218 3027 etiam
3259 2971 3447 3035 multa,

1869 3063 1955 3118 vel
1982 3063 2146 3118 etiam
2194 3063 2432 3119 fortasse
2485 3062 2669 3116 omnia
2718 3063 2835 3118 hmo
2875 3071 3067 3134 purgat
3095 3062 3263 3131 ipsius
3295 3075 3451 3116 crea-

204 3154 371 3227 ’Δδάμ
402 3155 482 3227 μὴ
535 3158 949 3229 παραπεπτωκε
974 3197 991 3224 ,
1030 3158 1271 3222 κτισθεὶς
1301 3158 1359 3212 δὲ
1407 3160 1436 3211 6
1481 3156 1752 3230 ἄνθρωπος

1890 3166 2165 3225 .ura,qua:
2197 3156 2449 3211 universa
2488 3154 2723 3210 liberare
2750 3155 2913 3210 valet.
2955 3152 3096 3210 Hinc
3133 3152 3193 3207 lit
3221 3153 3315 3209 lux
3354 3154 3452 3208 ho—

188 3246 282 3301 ἐπὶ
312 3247 599 3320 ἀφθαρσίᾳ
644 3250 982 3322 κεκρατήκει
1041 3252 1145 3322 τῆς
1194 3250 1527 3322 ἀφθαρσίας,
1562 3249 1672 3304 οῠτ’
1702 3248 1769 3305 ἂν

187 3342 264 3406 είς
292 3340 425 3411 χοῦν
458 3341 692 3397 θανάτου
720 3342 1110 3417 καταϐεϐήκει,
1141 3345 1252 3400 οὔτ’
1278 3346 1344 3401 ἂν
1374 3346 1644 3401 ἀπέθανεν
1669 3346 1771 3401 οὐκ

189 3434 348 3505 οὔσης
401 3436 684 3509 ἁμαρτίας
710 3476 727 3503 ,
776 3438 811 3508 ἢ
846 3437 936 3492 διὰ
989 3438 1088 3511 τὴν
1149 3438 1556 3511 φιλανθρωπίαν
1605 3440 1768 3496 αὑτὸν

189 3526 352 3598 ἐχρῆν
384 3527 705 3582 ἀποθανεῖν.
739 3527 927 3584 Ταῦτα
953 3530 1010 3584 δὲ
1039 3531 1113 3603 μὴ
1151 3533 1404 3604 ποιήσας,
1440 3533 1543 3587 οὐκ
1560 3535 1769 3603 ἐγίνετο

192 3621 534 3692 πρωτότοκος
561 3622 628 3675 ὲκ
657 3622 769 3677 τῶν
801 3624 1030 3696 νεκρῶν.
1089 3624 1433 3690 Ἐξεταστέον
1460 3627 1518 3680 δὲ
1554 3628 1766 3698 μήποτε

186 3714 275 3767 καὶ
305 3713 518 3786 ποιμὴν
544 3716 648 3768 οὐκ
672 3715 737 3769 ἂν
761 3715 1001 3784 ἐγίνετο,
1030 3716 1123 3770 τοῦ
1150 3716 1439 3789 ἀνθρώπου
1476 3718 1550 3791 μὴ
1587 3713 1772 3789 παρα-’

184 3804 593 3876 ωμϐληθέγτος
644 3808 758 3869 τοῖς
821 3807 1039 3878 κτήνεσι
1096 3808 1212 3872 τοῖς
1267 3808 1517 3879 ἀνοήτοις
1542 3848 1557 3873 ,
1644 3806 1766 3879 μηδ’

182 3898 540 3967 ὁμοιωθέντος
574 3896 780 3961 αὐτοῖς.
834 3899 899 3953 Εἰ
946 3898 1054 3971 γὰρ
1107 3898 1425 3970 ἀνθρώπους
1466 3901 1561 3954 καὶ
1592 3900 1763 3972 κτήνη

183 3989 340 4054 σώζει
378 3991 411 4042 6
434 3989 595 4054 Θεὸς,
627 3989 791 4055 σώζει
824 3990 861 4044 ἀ
886 3990 1047 4055 σώζει
1075 3991 1270 4062 κτήνη,
1302 3991 1537 4062 ποιμένα
1579 3992 1766 4056 αὐτοῖς

182 4082 552 4156 χαρισάμενος
583 4085 696 4146 τοῖς
732 4083 807 4153 μὴ
856 4081 1096 4154 χωροῦσι
1142 4083 1235 4137 τὸν
1283 4082 1528 4153 βασιλέα.
1582 4082 1763 4138 Βασα-

180 4174 387 4228 νιστέον
422 4168 524 4228 οὖν
557 4173 934 4243 συναγαγόντα
962 4173 1062 4238 τάς
1090 4174 1386 4245 ὀνομασίας
1422 4172 1519 4229 τοῦ
1567 4173 1763 4244 Ἰησοῦ,

181 4265 359 4319 ὁποῖαι
393 4264 512 4336 (89)
565 4262 748 4319 αὐτῶν
786 4263 1185 4333 ὲπιγεγὸνασιν,
1234 4263 1335 4317 οὐκ
1377 4261 1444 4317 ἂν
1489 4264 1547 4317 ὲν
1581 4278 1763 4333 μακα-

180 4354 387 4426 ριότητι
418 4353 750 4427 ἀρξαμένων
800 4354 895 4409 καὶ
940 4353 1239 4425 μεινάντων
1289 4352 1401 4406 τῶν
1447 4353 1620 4422 ἁγίων
1673 4370 1765 4423 γε·

181 4448 400 4519 νόμεναι
430 4446 505 4501 τά
548 4448 762 4503 τοσάδε.
808 4448 962 4518 Τάχα
1000 4445 1108 4518 γὰρ
1144 4445 1307 4516 σοφία
1346 4444 1508 4517 ἔμενε
1554 4444 1715 4516 μόνον
1741 4487 1757 4511 ,

1874 3248 2103 3313 minum,
2120 3247 2340 3317 quando
2366 3248 2617 3303 homines
2642 3262 2671 3302 a
2693 3248 2827 3302 vitio
2849 3246 3121 3302 obscurata
3148 3244 3270 3301 luce
3292 3254 3451 3315 egent

1875 3339 2091 3394 lucente
2120 3339 2175 3393 in
2201 3338 2462 3404 tenebris,
2495 3351 2552 3394 et
2578 3354 2608 3393 a
2635 3338 2874 3395 tenebris
2913 3353 3020 3392 non
3056 3336 3397 3407 apprehensa
3432 3354 3447 3388 :

1873 3425 1967 3480 lux
2014 3441 2120 3480 non
2154 3423 2390 3495 futurus,
2433 3427 2533 3481 nisi
2570 3427 2821 3482 homines
2875 3426 3151 3482 obscurati
3195 3425 3447 3482 fuissent.

1875 3517 2066 3574 Simile
2129 3520 2481 3576 considerare
2525 3536 2813 3591 possumus
2854 3520 2922 3576 de
2960 3534 3028 3575 eo
3055 3520 3201 3589 quod
3252 3519 3450 3574 dicitur

1872 3613 2266 3683 primogenitus
2293 3628 2358 3668 ex
2413 3616 2661 3669 mortuis.
2697 3613 2832 3668 Nam
2871 3614 2917 3669 si
2958 3628 3225 3681 ponamus
3259 3611 3451 3667 mulie-

1872 3718 1986 3759 rem
2016 3703 2124 3774 22
2146 3707 2426 3773 deceptam
2457 3719 2561 3759 non
2591 3704 2777 3770 fuisse,
2804 3718 2905 3760 nec
2927 3702 3100 3758 Adam
3133 3702 3445 3771 deliquisse,

1872 3793 1967 3850 sed
1992 3803 2237 3849 creatum
2280 3795 2554 3849 hominem
2599 3795 2667 3850 ad
2702 3795 3189 3859 immortalitatem,
3223 3793 3449 3847 immor-

1874 3884 2134 3940 talitatem
2168 3885 2511 3952 obtinuisse;
2542 3899 2717 3954 neque
2749 3886 2802 3939 in
2834 3885 3111 3956 pulverem
3138 3883 3328 3939 mortis
3355 3882 3449 3938 de-
3512 3932 3513 3935 η

1873 3977 2176 4033 scendisset
2229 3977 2514 4043 Christus,
2564 3992 2739 4047 neque
2800 3988 3047 4033 mortuus
3098 3975 3288 4032 fuisset
3340 3989 3446 4030 non

1869 4071 2163 4127 exsistente
2183 4083 2430 4142 peccato,
2462 4083 2702 4142 auterga
2741 4073 3036 4127 humanum
3066 4085 3237 4141 genus
3261 4085 3448 4125 amore

1870 4166 2209 4221 moriendum
2241 4165 2314 4221 illi
2345 4165 2559 4223 fuisset.
2599 4168 2683 4221 Ac
2716 4167 2761 4221 si
2790 4166 2906 4221 hac
2940 4181 3046 4220 non
3073 4164 3315 4229 fecisset,
3339 4166 3445 4218 mi-

1871 4257 2016 4312 nime
2058 4256 2251 4312 fuisset
2308 4258 2699 4328 primogenitus
2723 4272 2791 4313 ex
2839 4264 3091 4316 mortuis.
3137 4258 3448 4328 Disquiren-

1869 4351 1999 4405 dum
2035 4361 2091 4406 et
2113 4350 2263 4414 illud,
2308 4367 2435 4406 num
2466 4350 2609 4407 forte
2643 4352 2808 4407 etiam
2838 4353 3074 4407 hominis
3094 4361 3280 4421 pastor
3301 4350 3448 4405 futu-

1870 4458 1963 4497 rus
1996 4458 2104 4498 non
2152 4452 2292 4509 erat,
2321 4444 2365 4499 si
2411 4454 2764 4515 comparatus
2816 4446 2978 4501 homo
3008 4443 3272 4513 iumentis
3313 4444 3446 4499 insi-

182 4538 213 4606 ἦ
240 4504 347 4591 καὶ
383 4538 583 4607 Λόγος,
607 4541 642 4612 ἢ
667 4540 764 4595 καὶ
796 4504 930 4611 ζωὴῖ
1204 4504 1264 4594 έὲ
1290 4504 1392 4593 καὶ¹
1411 4504 1668 4610 ἀλήθεια·
1695 4504 1752 4593 06

1890 4535 2137 4591 dentibus
2188 4550 2295 4590 non
2348 4504 2559 4601 fuisset,
2604 4550 2780 4606 neque
2809 4504 3026 4591 similisv
3047 4537 3156 4591 illis
3190 4535 3364 4591 factus
3397 4535 3441 4589 ⁸.

185 4624 288 4695 μὴν
337 4626 397 4681 δὲ
440 4628 537 4681 καὶ
581 4628 653 4683 τὰ
700 4628 834 4684 ἀλλα
860 4629 960 4682 ὅσα
986 4629 1056 4682 δι’
1083 4630 1232 4700 ἡμᾶς
1262 4627 1613 4701 προσείληφε.
1649 4630 1752 4683 Καὶ

1890 4628 1997 4684 iam
2040 4629 2084 4685 si
2136 4630 2384 4686 homines
2422 4630 2741 4701 etjumenta
2779 4639 2961 4687 servat
3011 4629 3153 4685 Deus
3186 4631 3229 4696 ⁹,
3260 4639 3444 4684 servat

184 4718 445 4790 μακάριοί
471 4736 561 4789 γε,
589 4721 702 4775 ὅσοι
727 4720 969 4792 δεόμενοι
992 4718 1089 4775 τοῦ
1120 4718 1251 4773 Υίοῦ
1282 4717 1512 4774 τοιοῦτοι
1527 4720 1758 4790 γεγόνα-

1861 4736 1982 4792 qum
2002 4731 2184 4777 servat
2201 4720 2468 4791 Iumenta,
2492 4722 2599 4779 illis
2624 4721 2873 4778 donando
2902 4729 3175 4793 pastorem
3202 4737 3324 4794 quas
3358 4736 3449 4778 re-

283 4827 478 4884 ‘Psal.
506 4844 622 4895 cm,
651 4830 743 4884 24.
825 4830 1040 4902 “Apoc.
1074 4848 1211 4900 xm,
1243 4834 1332 4889 13.
1408 4833 1430 4865 ⁷
1467 4832 1626 4890 Rom.
1668 4850 1751 4906 Ill,

1946 4837 1970 4868 °
1996 4832 2141 4891 Psal.
2180 4850 2370 4903 aut",
2414 4836 2504 4904 13⁸,
2544 4837 2634 4894 21.
2708 4837 2731 4870 ⁸
2765 4834 3097 4903 Psal.xxxv,
3134 4834 3187 4890 7.

186 4935 305 5009 eis:
319 4917 951 5009 Frleiiwseicéazae
972 4921 1125 5009 1‘99
1146 4939 1272 5009 sua
1299 4923 1752 5009 a4..hunc.|°2.um

1890 4927 2062 5009 avius,
2095 4927 2251 5009 quasi
2287 4928 2494 5009 diving
2512 4927 2679 4986 Verbi
2724 4939 2935 5009 natura:
2955 4927 3449 5009 multiplicesprp-f

188 4999 377 5063 notata
402 4999 534 5063 sunt
567 4991 635 5044 ab
667 4991 1043 5063 eruditissimo
1065 4991 1314 5063 Petavio,
1348 4994 1445 5050 lib.
1471 5012 1490 5052 ι
1533 4994 1612 5051 De
1642 4995 1764 5052 Tri-

185 5060 302 5133 oni”
317 5074 445 5133 cap.
471 5061 532 5133 4,
564 5076 618 5113 n.
654 5059 711 5129 4,
742 5071 797 5133 et
828 5061 923 5133 ιδῃ.
953 5078 1028 5129 vr,
1051 5078 1174 5133 cap.
1212 5065 1268 5121 3.

1862 4999 2124 5081 prietates
2149 4996 2371 5068 efﬁngat
2401 4998 2798 5081 0rigenes;_in
2822 5015 2930 5081 quo
2957 5014 3089 5081 sane
3118 4996 3447 5081 magni—viri

1859 5068 2125 5138 judicium
2156 5083 2262 5123 non
2287 5068 2525 5138 sequor;
2562 5085 2686 5124 nam
2716 5068 3089 5135 haecChristo,
3116 5080 3172 5124 ut
3196 5068 3339 5124 Deus
3368 5071 3445 5124 si-

247 5128 367 5209 (84)
380 5126 620 5210 Eriza»!
671 5126 796 5210 :02};
839 5126 1070 5210 οὖσα...
1113 5126 1267 5210 εἶναι
1320 5135 1430 5210 τόν
1488 5136 1752 5210 Υιὸν-τοὶ

1890 5126 2066 5210 ιιιιιίοιΔ
2089 5126 2387 5210 bomoest,
2415 5126 2668 5196 universa
2698 5136 2961 5210 Origenes
2998 5126 3273 5204 attribuit;
3298 5150 3353 5194 et
3382 5149 3441 5193 ut

189 5198 644 5271 Θωῦλέτοντα.
673 5200 799 5257 Haec
819 5206 999 5258 omnia
1028 5203 1228 5261 desunt
1250 5208 1303 5263 in
1329 5208 1572 5265 editione
1625 5207 1771 5263 Huc-

191 5272 272 5335 ni,
297 5271 670 5328 restituuntur
704 5283 887 5329 autem
946 5289 981 5331 e
1033 5277 1318 5334 codicibus
1366 5276 1663 5336 Bodleiano
1712 5288 1772 5336 et

189 5338 504 5396 Barberino.

221 5410 370 5491 ,(85)
416 5413 528 5478 Τὰς
551 5411 930 5491 dammae.
961 5413 1040 5469 Ita
1075 5417 1246 5491 code);
1273 5417 1620 5491 Bodleianus,
1662 5418 1762 5475 Re-

189 5483 519 5558 giuLautem
551 5483 718 5558 habet
738 5483 1003 5558 ἐπινοίας,
1034 5498 1199 5558 atque
1225 5489 1298 5543 ita
1330 5488 1684 5545 Barberinus.

250 5549 367 5622 (86)
394 5554 829 5624 Πρεσϐύτερον.
850 5549 1155 5626 ιεεεηίὶυὲη
1181 5559 1393 5615 videtur
1419 5561 1501 5615 ὅτι
1523 5559 1761 5632 πρεσϐύ-
1795 5572 1799 5577 ·

186 5635 638 5782 ,Θεὸς
819 5689 933 5782 οὖν
962 5695 1156 5782 πάντῃ
1183 5699 1254 5754 ἓν
1285 5700 1436 5782 ἐστι,
1477 5710 1584 5782 etc.
1635 5700 1758 5782 Hinc

192 5773 397 5833 «tuoque
428 5764 519 5819 lib.
547 5782 567 5822 ι
593 5765 673 5821 De
699 5764 925 5837 Trinit.,
961 5781 1081 5839 cap.
1108 5764 1165 5837 4,
1199 5788 1252 5827 n.
1295 5772 1352 5839 4,
1384 5764 1626 5829 conl'utat
1662 5773 1758 5829 Pc-

1860 5631 1992 5684 δυνα
2041 5632 2135 5700 ένη
2157 5631 2337 5684 πάντα
2366 5631 2561 5696 κτίσις.
2595 5632 2670 5687 In.
3306 5631 3314 5633 ⁷

1850 5746 1903 5784 .ﬁ
1932 5650 2330 5784 (85)_'0:toiat_.
2370 5699 2444 5784 lt-a_
2481 5704 2649 5782 codex
2698 5702 3042 5784 Barberinus3
3079 5702 3269 5784 sicque
3302 5703 3432 5775 legit

1866 5209 1936 5281 ad
1951 5207 2197 5281 divinam
2230 5207 2393 5281 Verbi
2415 5218 2667 5266 naturam
2702 5207 2980 5281 periinere
3010 5212 3305 5273 voluisset,
3345 5224 3440 5281 ve?

1870 5278 2153 5352 risim‘ilius
2194 5279 2421 5352 estbrec
2459 5295 2558 5351 pro
2607 5278 2774 5352 variis
2814 5282 2995 5352 potius
3058 5278 3439 5352 considerandi

1866 5347 2033 5422 Verbi
2084 5350 2279 5422 modis,
2311 5347 2474 5422 quani
2500 5366 2600 5421 pro
2632 5347 2830 5408 divina?
2874 5351 2980 5422 ipsi
3010 5359 3221 5406 natura;
3256 5348 3439 5404 insitis

1866 5419 2216 5490 qualitatibus
2251 5419 2837 5478 habenda—credidisse.
2874 5419 3139 5477 llus'rtus.

1933 5487 2045 5614 (88)
2074 5490 2273 5574 Αὐτοᾷ
2319 5492 2361 5561 ἡ
2418 5490 2883 5579 ἐςλευθεροῇσθαι
2928 5489 3194 5560 δυναμέν

1960 5575 2076 5614 σιο.
2135 5560 2356 5614 Lemsse
2404 5561 2619 5614 Videtur
2669 5562 2974 5614 bcrrarms.
3030 5562 3063 5614 ἡ
3115 5560 3194 5612 ὲλε

1862 5559 2076 5633 κτίσις.
2135 5559 2356 5633 Legisse
2404 5559 2635 5633 videtur
2669 5562 2974 5627 Ferrarius,
3030 5559 3087 5631 ἡ
3115 5559 3435 5633 ἐλευθεροῦν

2041 5632 2135 5700 ένη
2157 5631 2337 5684 πάντα
2366 5630 2561 5696 κτίσις.
2595 5632 2670 5687 In.

3197 5507 3234 5557 η
3267 5486 3435 5544 πᾶσα

1862 5770 2180 5839 Ferrarius;
2215 5772 2382 5828 codex
2408 5770 2606 5843 Regius
2636 5773 2775 5829 male
2800 5775 2960 5830 habet
2988 5774 3050 5828 οὐ
3082 5770 3254 5827 ποῖαι.
