3792 6146
362 279 431 335 59
1456 328 1463 335 .
1850 286 2168 345 ORIGENIS
3534 285 3606 341 0°

365 411 484 465 gem
519 411 714 468 capere
749 410 1046 471 nequeunt.
1091 401 1349 474 Exploret
1399 419 1528 477 ergo
1564 414 1795 476 oportet,
1834 410 1925 477 qui

2046 425 2113 461 τιν
2140 446 2155 472 ,
2200 406 2277 470 ὼς
2329 403 2523 476 μηκέτι
2575 404 2739 459 αὐτοῦ
2777 404 2999 477 χρῄζειν
3031 400 3214 474 ἰατροῦ
3243 399 3371 465 τοῦς
3411 399 3600 462 κακῶς

367 489 644 558 collegerit
703 490 823 546 Filii
863 494 1340 564 nomenclaturas,
1385 512 1632 566 quaenam
1696 498 1934 568 ipsarum

2046 497 2259 570 ἔχοντας
2308 495 2718 569 θεραπεύοντος,
2781 496 2916 569 μηδὲ
2950 493 3229 563 ποιμένος,
3289 493 3426 565 μηδὲ
3462 495 3602 547 ἀπο-

366 580 469 646 ipsi
500 583 858 649 accesserint,
881 599 1000 654 quae
1041 584 1175 641 tales
1199 601 1261 643 ac
1293 596 1454 644 tantae
1477 604 1581 644 non
1611 589 1860 654 fuissent,
1890 592 1937 645 si

2046 587 2374 662 λυτρώσεως,
2431 586 2568 643 ἀλλὰ
2620 587 2812 657 σοφίας
2831 627 2846 649 ,
2897 587 2991 641 xui.
3021 587 3202 656 λόγου,
3242 587 3337 640 καὶ
3391 586 3602 640 δικαιο-

367 671 421 724 in
467 672 728 737 beatitate
758 676 932 730 sancti
984 675 1318 748 incepissent
1369 688 1427 735 et
1475 689 1936 752 perseverassent.

2046 679 2226 751 σύνης,
2256 679 2290 750 ἢ
2328 679 2383 732 εῐ
2415 696 2468 732 τι
2499 678 2624 733 ἄλλο
2653 679 2760 750 (90)
2788 681 2901 742 τοῖς
2936 678 3022 733 διὰ
3065 677 3373 747 τελειότητα
3408 679 3613 748 χωρεῖν

366 759 501 815 Nam
539 763 767 820 fortasse
797 765 911 821 sola
942 768 1343 838 sapientia,vel_
1363 770 1531 825 etiam
1560 769 1822 836 Verbum,
1846 769 1936 826 vel

2046 771 2204 827 αὐτοῦ
2244 771 2314 825 τὰ
2357 770 2617 825 κάλλιστα
2656 770 2991 841 δυναμένοις.
3038 768 3285 822 Τοσαῦτα
3338 769 3465 840 περὶ
3509 767 3611 822 τοῦ

367 853 498 919 vita,
526 864 685 924 atque
710 859 932 913 omnino
959 860 1158 915 veritas
1185 871 1566 930 permaneret,
1593 864 1734 919 haud
1764 873 1938 919 tamen
2053 864 2157 917 Ἐν
2183 861 2361 931 ἀρχῇ.

368 949 548 1002 omnia
598 947 701 1003 alia
748 952 962 1006 nomina
1016 967 1137 1021 quae
1182 956 1351 1010 nostri
1401 969 1565 1011 causa
1609 957 1926 1026 assumpsit.
1979 954 2179 1012 Verum
2242 955 2523 1009 enimvero
2574 953 2719 1009 beati
2770 953 2872 1017 illi,
2931 954 3022 1023 qui
3070 964 3290 1025 egentes
3322 952 3456 1009 Filio
3504 952 3605 1009 Dei

369 1038 634 1106 ejusmodi
682 1040 855 1109 luere,
905 1052 963 1097 ut
994 1043 1048 1097 in
1080 1054 1357 1114 posterum
1396 1064 1501 1103 non
1536 1049 1783 1117 eguerint
1830 1048 2040 1103 medico
2069 1047 2160 1115 qui
2215 1046 2354 1102 male
2403 1044 2622 1102 affectos
2668 1054 2905 1110 curaret,
2944 1059 3115 1115 neque
3157 1056 3396 1116 pastore,
3434 1059 3612 1114 neque

370 1135 758 1204 redemptione,
784 1138 876 1192 sed
907 1139 1192 1208 sapientia,
1230 1148 1286 1195 et
1319 1142 1505 1208 verbo,
1551 1142 1863 1213 acjustitia,
1917 1141 2003 1196 vel
2044 1141 2090 1196 si
2118 1140 2245 1208 quid
2277 1141 2420 1197 aliud
2458 1152 2543 1197 est
2576 1141 2641 1196 iis
2681 1140 2771 1210 qui
2815 1142 2885 1195 ob
2930 1138 3313 1210 perfectionem
3359 1141 3611 1212 pulcher-

369 1226 505 1280 rima
530 1240 755 1295 quaeque
799 1227 967 1298 ipsius
998 1230 1279 1299 percipere
1307 1232 1505 1287 valent.
1534 1231 1641 1288 Sed
1670 1235 1786 1289 haec
1814 1232 2089 1289 sufﬁciant
2132 1234 2198 1287 de
2240 1248 2305 1287 eo
2329 1234 2471 1302 quod
2506 1235 2765 1301 scriptum
2796 1241 2880 1287 est
2914 1251 2928 1286 :
2969 1231 3035 1285 In
3056 1234 3331 1301 principio.

438 1317 530 1371 25.
582 1317 871 1374 Videamus
927 1333 1073 1375 nunc
1119 1320 1433 1388 diligentius
1469 1322 1725 1392 quisnam
1753 1322 1824 1378 sit
1854 1324 1940 1378 hic

369 1409 562 1479 Λόγος,
593 1408 670 1482 [id
695 1419 778 1466 est
821 1414 1066 1478 verbum,
1097 1427 1193 1468 seu
1228 1414 1391 1480 ratio,
1419 1427 1539 1483 qua:
1569 1415 1622 1468 in
1647 1415 1762 1484 ipso
1792 1416 1941 1484 prin-

2110 1323 2200 1378 25.
2234 1321 2459 1393 Ἵδωμεν
2490 1321 2547 1374 δὲ
2579 1321 2996 1393 ἐπιμελέστερον
3029 1321 3112 1385 τίς
3159 1324 3187 1375 ὁ
3230 1323 3287 1374 έν
3319 1321 3456 1393 αὐτῇ
3509 1318 3613 1376 A6-

2038 1431 2151 1483 γος.
2184 1412 2294 1466 Θαυ
2304 1413 2492 1484 μάζειν
2520 1430 2608 1484 μοι
2635 1412 2892 1476 πολλάκις
2912 1412 3202 1485 ἐπέρχεται
3219 1412 3327 1483 (91)
3344 1412 3612 1467 σκοποῦν-

370 1501 512 1569 eipio
555 1516 676 1556 esse
702 1503 920 1556 dicitur.
945 1504 1121 1569 Atque
1157 1495 1431 1569 equidem]
1486 1506 1759 1573 reputanti
1804 1504 1934 1559 mihi

2046 1521 2089 1557 rt
2123 1504 2191 1557 τὰ
2222 1505 2327 1559 ὑπό
2357 1522 2517 1559 τινων
2541 1503 2818 1558 πιστεύειν
2847 1506 2925 1568 εἰς
2950 1504 3043 1558 τὸν
3082 1504 3315 1577 Χριστὸν
3350 1504 3613 1576 βουλομέ-

370 1608 612 1663 quaenam
647 1594 958 1663 frequenter
990 1595 1242 1649 dicuntur
1283 1595 1349 1650 de
1401 1594 1620 1651 Christo
1652 1596 1721 1653 ab
1751 1597 1817 1652 iis
1845 1596 1936 1667 qui

370 1684 424 1740 in
460 1685 631 1754 ipsum
662 1686 884 1741 credere
912 1686 1129 1751 volunt,
1163 1687 1347 1741 mirari
1387 1687 1533 1743 subit
1558 1703 1782 1744 curnam
1822 1699 1940 1743 tan-

370 1776 491 1831 dem
516 1776 763 1845 imposita
786 1776 1003 1831 nomina
1033 1776 1310 1833 Servatori
1346 1788 1552 1843 nostro,
1578 1795 1698 1849 qua:
1723 1781 1809 1834 vix
1839 1796 1938 1834 nu-

375 1867 569 1919 merari
604 1875 845 1935 possunt,
867 1865 1184 1936 plerumque
1210 1868 1264 1921 bi
1289 1866 1503 1923 silentio
1538 1877 1938 1937 pertranseant,

372 1965 534 2026 atque
587 1957 797 2011 etiamsi
832 1970 1023 2012 eorum
1074 1960 1275 2015 mentio
1305 1959 1448 2015 facta
1493 1959 1689 2026 fuerit,
1717 1961 1807 2015 illa
1839 1964 1939 2016 im-

372 2054 581 2104 mutant
631 2061 736 2102 non
776 2051 1022 2118 proprie,
1065 2052 1158 2107 sed
1196 2051 1425 2121 tr0pice,
1475 2051 1657 2107 Jesum
1712 2053 1798 2109 bis
1837 2067 1939 2109 no-

375 2137 609 2192 minibus
677 2138 929 2207 appellari
982 2140 1227 2196 dicentes
1287 2142 1393 2197 :in
1436 2141 1549 2197 sola
1606 2151 1786 2198 autem
1844 2159 1940 2214 ap-

374 2228 660 2297 pellatione
710 2228 873 2284 Verbi
907 2231 1252 2300 insistentes,
1293 2233 1458 2289 veluti
1494 2234 1666 2289 solum
1705 2234 1936 2291 Verbum

374 2328 623 2374 astruant
669 2334 790 2376 esse
819 2320 1094 2377 Christum
1134 2323 1266 2390 Dei;
1304 2339 1409 2379 non
1443 2325 1665 2394 perinde
1693 2335 1854 2395 atque
1881 2326 1935 2380 in

375 2412 587 2468 caeteris
645 2412 943 2478 vocabulis,
972 2415 1168 2484 quibus
1207 2416 1322 2484 ipse
1374 2428 1747 2487 nuncupatur,
1786 2419 1939 2474 inda-

373 2513 563 2573 gantes
590 2506 695 2560 vim
719 2508 1009 2575 signiticeti
1035 2523 1099 2562 ex
1121 2508 1224 2564 hac
1255 2523 1384 2564 voce
1408 2508 1586 2579 λόγος.
1604 2510 1721 2567 Jam
1746 2512 1799 2566 in
1833 2526 1939 2580 quo

374 2611 461 2651 me
520 2597 707 2651 mirari
767 2599 942 2653 dicam
1005 2598 1296 2653 multorum
1354 2601 1664 2668 ruditatem,
1700 2605 1937 2674 apertius

371 2689 514 2741 enim
541 2689 752 2759 loquar,
790 2689 894 2746 tale
940 2700 1041 2746 est.
1079 2690 1500 2760 lnquitaticubi
1575 2692 1744 2750 Filius
1772 2694 1866 2749 Dei
1917 2714 1932 2751 :

376 2778 489 2850 Ego
507 2798 620 2836 sum
638 2783 729 2837 tua:
743 2784 923 2837 mundi
941 2783 984 2816 ¹⁹
1003 2803 1018 2852 ;
1034 2791 1088 2840 et
1103 2784 1258 2838 alibi:
1280 2783 1391 2854 Ego
1408 2802 1521 2839 sum
1540 2789 1848 2842 resurrectio
1868 2789 1944 2858 “;

2037 1610 2142 1648 νων
2170 1594 2437 1666 λεγόμενα
2480 1595 2606 1667 περὶ
2639 1593 2837 1659 αὑτοῦ,
2863 1595 2917 1647 τί
2955 1593 3174 1666 δήποτε,
3214 1594 3614 1667 δυσεξαριθμή-

2037 1701 2145 1738 των
2173 1686 2449 1757 ὀνομάτων
2482 1687 2830 1759 τασσομένων
2871 1687 2964 1739 ἐπὶ
3006 1686 3101 1740 τοῦ
3132 1688 3380 1759 Σωτῆρος
3406 1686 3567 1758 ἡμῶν
3591 1728 3607 1752 ,

2036 1776 2105 1831 τὰ
2163 1778 2262 1847 μὲν
2302 1777 2531 1833 πλεῖστα
2573 1778 3037 1850 παρασιωπῶσιν,
3076 1778 3213 1832 ἀλλὰ
3244 1780 3338 1832 καὶ
3381 1778 3437 1831 εῐ
3477 1796 3610 1831 ποτε

2041 1868 2230 1938 μνήμη
2261 1868 2439 1923 αὐτῶν
2479 1869 2718 1938 γένοιτο,
2749 1868 3251 1942 μεταλαμϐάνουσιν
3273 1870 3332 1922 ού
3362 1870 3567 1940 κυρίως
3594 1909 3609 1934 ,

2036 1957 2174 2012 ἀλλὰ
2208 1959 2485 2030 τροπικῶς
2524 1959 2696 2013 ταῦτα
2738 1959 2899 2014 αὑτὸν
2957 1957 3351 2029 ὀνομάζεσθαι·
3412 1959 3507 2011 ἐπὶ
3553 1957 3611 2011 δὲ

2041 2047 2209 2118 μόνης
2239 2049 2341 2120 τῆς
2372 2048 2563 2118 Λόγος
2590 2049 2957 2120 προσηγορίας
2998 2047 3293 2119 ἱστάμενοι,
3313 2048 3479 2101 οἱονεὶ
3506 2048 3614 2100 A6-

2036 2154 2131 2206 γον
2155 2138 2313 2208 μόνον
2337 2139 2500 2209 φασιν
2536 2132 2685 2192 εἶναι’
2703 2140 2792 2193 τὸν
2816 2139 3046 2211 Χριστὸν
3069 2139 3161 2192 τοῦ
3184 2139 3341 2200 Θεοῦ,
3366 2139 3462 2191 καὶ
3489 2138 3614 2208 οὐχὶ

2035 2231 2343 2296 ἀκολούθως
2370 2234 2482 2296 τοῖς
2509 2231 2717 2296 λοιποῖς
2745 2230 2855 2286 τῶν
2890 2230 3305 2303 ὀνομαζομένων
3349 2229 3613 2303 ἐρευνῶσι

2035 2319 2129 2377 τοῦ
2165 2323 2563 2394 σημαινομένου
2588 2322 2686 2394 τὴν
2702 2322 2929 2394 δύναμιν
2960 2325 3025 2376 ὲκ
3057 2322 3154 2392 τῆς
3177 2323 3367 2391 Λόγος
3401 2321 3606 2390 φωνῆς’

2035 2414 2064 2468 ὃ
2090 2414 2149 2469 δέ
2175 2432 2318 2486 φημι
2347 2414 2646 2486 θαυμάζειν
2682 2416 2779 2488 τὴν
2810 2414 3138 2486 ἁϐελτηρίαν
3189 2414 3299 2485 (92)
3335 2416 3445 2469 τῶν
3477 2415 3611 2468 πολ-

2035 2507 2143 2561 λῶν
2172 2506 2542 2579 (σαφέστερον
2572 2508 2680 2580 γὰρ
2706 2506 2861 2580 έρῶ),
2895 2506 3131 2561 τοιοῦτόν
3165 2510 3301 2564 ἐστι.
3333 2508 3473 2578 Φησί
3506 2524 3609 2560 που

2034 2603 2064 2654 ὁ
2106 2600 2232 2664 Υἱὸς
2257 2599 2355 2653 τοῦ
2385 2599 2551 2653 Θεοῦ·
2603 2598 2745 2669 Ἐγώ
2772 2602 2890 2669 ειμι
2928 2600 2995 2653 τὸ
3035 2599 3161 2669 φῶς
3200 2600 3306 2654 τοῦ
3351 2600 3609 2669 κόσμου’

2036 2692 2129 2746 κα)⁸
2166 2693 2224 2746 ὲν
2257 2690 2438 2755 ἄλλοις
2457 2708 2470 2721 ο
2518 2688 2665 2761 Ἐγώ
2691 2693 2808 2760 ειμι
2832 2692 2871 2759 ἡ
2897 2690 3264 2757 ἀνάστασιςο
3297 2693 3392 2745 καὶ
3423 2692 3608 2744 πάλιν

2050 2782 2189 2853 Ἐγώ
2230 2784 2345 2851 εἰμι
2370 2783 2408 2850 ἡ
2439 2781 2597 2848 ὁδὸς,
2631 2782 2728 2836 καὶ
2757 2783 2795 2851 ἠ
2825 2782 3091 2849 ἀλήθεια,
3117 2783 3218 2836 καὶ
3262 2784 3301 2851 ἡ
3348 2782 3481 2849 ζωή·
3514 2784 3612 2852 γέ-

372 2886 430 2929 et
466 2890 678 2931 rursum
699 2876 730 2944 ῖς
766 2874 879 2946 Ego
916 2892 1032 2931 sum
1082 2880 1186 2944 ria,
1223 2879 1416 2932 ueritas
1470 2887 1519 2933 et
1566 2880 1672 2934 vita
1698 2880 1742 2912 “
1764 2896 1779 2947 ;
1801 2881 1938 2937 scri-

2046 2890 2288 2948 γραπται
2312 2873 2370 2926 δὲ
2403 2874 2497 2927 καὶ
2528 2873 2605 2927 τόο
2649 2872 2787 2943 Ἐγώ
2810 2876 2926 2943 ειμι
2968 2875 3006 2942 ἠ
3039 2876 3207 2943 θύρα*
3264 2873 3481 2946 εἴρηται
3519 2874 3612 2928 καὶ

373 2974 523 3035 ptum
565 2976 649 3022 est
684 2977 738 3023 et
774 2966 933 3024 illud:
961 2966 1072 3039 Ego
1113 2985 1229 3024 sum
1268 2969 1460 3024 ostium
1492 2971 1566 3039 ¹³;
1617 2972 1821 3026 dictum
1855 2982 1938 3028 est

372 3059 536 3112 etiam
553 3075 567 3110 :
584 3056 697 3129 Ego
728 3076 845 3113 sum
869 3073 1048 3129 pastor
1082 3062 1247 3117 bonus
1269 3062 1313 3095 “
1341 3080 1358 3131 ;
1383 3072 1439 3118 et
1464 3064 1530 3118 ad
1555 3062 1935 3120 Samaritidem

374 3150 480 3220 23
510 3151 776 3207 dicentem
807 3170 822 3205 :
856 3151 1066 3207 Scimus
1094 3156 1232 3225 quod
1282 3155 1505 3210 Messias
1551 3156 1705 3216 venit,
1728 3156 1817 3226 qui
1842 3156 1941 3210 'di-

374 3248 515 3296 citur
539 3242 776 3298 Christus
802 3260 822 3298 :
851 3261 969 3299 cum
1002 3258 1176 3299 autem
1200 3249 1394 3301 uenerit
1421 3246 1533 3311 ille,
1562 3247 1822 3301 nuntiabit
1843 3263 1939 3300 no-

377 3336 454 3389 bis
477 3337 651 3389 omnia
674 3336 750 3404 ¹⁸;
772 3338 1090 3406 respondet:
1111 3336 1225 3408 Ego
1247 3353 1359 3390 sum
1383 3338 1471 3408 qui
1497 3337 1682 3407 loquor
1702 3337 1939 3390 tecum".

376 3428 457 3482 Ad
489 3429 603 3483 haec
636 3443 757 3483 cum
786 3428 1003 3483 lavisset
1029 3429 1190 3498 pedes
1222 3428 1629 3498 discipulorum,
1658 3429 1941 3484 Dominum

377 3534 435 3572 se
462 3529 514 3574 et
539 3519 851 3590 Magistrum
883 3519 966 3573 bis
1016 3519 1195 3574 verbis
1225 3519 1426 3575 fatetur
1452 3538 1466 3573 :
1499 3519 1603 3575 Vos
1631 3521 1802 3574 dicitis
1833 3519 1944 3573 Do-

376 3612 575 3663 minum
623 3626 703 3664 me
731 3619 782 3665 et
819 3611 1163 3680 magistrum,
1200 3621 1247 3665 et
1279 3612 1404 3666 bene
1450 3612 1626 3665 dicitis
1656 3624 1675 3663 .'
1714 3627 1832 3664 sum
1861 3620 1939 3664 et-

375 3705 510 3756 enim
541 3704 604 3760 ‘7.
635 3703 773 3770 Quin
821 3712 1027 3774 aperte,
1058 3713 1115 3758 et
1145 3703 1290 3758 clare
1314 3717 1372 3757 se
1408 3703 1584 3773 ipsum
1613 3702 1809 3757 Filium
1847 3700 1942 3754 Dei

375 3810 497 3849 esse
537 3794 875 3861 pronuntiat,
902 3793 1130 3849 dicens:
1169 3793 1334 3858 Quem
1368 3790 1533 3846 Pater
1574 3791 1938 3860 sancti/ienuit,

375 3896 425 3939 et
451 3887 592 3939 misit
623 3886 675 3939 in
697 3886 970 3949 mundum,
996 3902 1083 3939 ros
1106 3885 1279 3939 dicitis
1301 3900 1381 3937 me
1403 3883 1782 3953 blasphemare,
1814 3901 1945 3954 quo-

378 3975 519 4029 niam
556 3975 690 4038 dixi,
725 3972 897 4027 Filius
931 3974 1026 4028 Dei
1066 3991 1181 4027 sum
1217 3990 1308 4044 ego
1343 3973 1387 4005 ¹⁸
1410 3971 1519 4029 ?Et
1554 3974 1683 4029 illud
1713 3991 1727 4028 :
1754 3974 1941 4042 Pater,

376 4064 510 4117 venit
533 4066 662 4116 liora
691 4079 712 4128 ;
741 4063 977 4133 gloriﬁca
1005 4061 1052 4115 F
1054 4065 1206 4116 ilium
1250 4074 1420 4129 tuum,
1449 4073 1507 4117 ut
1546 4075 1594 4118 et
1625 4062 1796 4120 Filius
1820 4074 1942 4121 tuus

373 4153 633 4223 gtoriﬁcet
661 4165 709 4208 te
727 4153 790 4205 η.
815 4154 1120 4210 Invenimus
1140 4154 1303 4209 etiam
1320 4170 1379 4210 se
1396 4155 1571 4224 ipsum
1590 4159 1942 4229 pronuntian-

377 4254 486 4300 tem
505 4259 709 4314 regem,
737 4244 904 4299 veluti
936 4243 1109 4301 Pilato
1140 4245 1338 4301 dicenti
1370 4264 1383 4300 :
1417 4245 1532 4301 Rex
1556 4263 1610 4302 es
1638 4257 1696 4302 tu
1722 4248 1940 4303 Iudaeo-

376 4349 494 4387 rum
522 4334 567 4365 ²⁰
595 4333 619 4389 ?
668 4334 996 4402 respondens
1042 4332 1179 4390 dixit
1204 4353 1221 4393 :
1264 4335 1499 4408 Regnum
1528 4352 1703 4391 meum
1732 4354 1836 4391 non
1861 4346 1939 4392 est

373 4438 439 4476 ea:
465 4423 562 4476 hoc
590 4424 785 4479 mundo
803 4440 822 4479 .'
839 4424 886 4479 si
908 4441 973 4479 ea:
999 4427 1095 4480 hoc
1120 4426 1316 4481 mundo
1343 4435 1474 4482 esset
1505 4441 1718 4496 regnum
1744 4443 1936 4495 meum,

374 4515 606 4569 ministri
653 4519 751 4570 mei
792 4518 1045 4572 certaturi
1069 4516 1309 4586 fuerant,
1348 4534 1409 4571 ne
1436 4516 1668 4571 traderer
1698 4516 1937 4583 luditis;

375 4622 512 4660 nunc
528 4617 701 4661 autem
724 4624 936 4679 regnum
962 4624 1134 4663 meum
1152 4625 1256 4663 non
1276 4618 1349 4663 est
1373 4609 1497 4662 hinc
1521 4609 1588 4662 ²¹.
1606 4606 1857 4678 Legimus
1883 4617 1937 4663 et

373 4696 503 4752 illud
533 4714 548 4750 :
576 4697 688 4769 Ego
711 4715 828 4753 sum
857 4701 976 4755 vitis
1007 4716 1149 4767 vera,
1172 4711 1220 4755 et
1252 4698 1414 4755 Pater
1431 4717 1576 4755 meus
1604 4700 1834 4769 agricola
1854 4700 1938 4766 “;

372 4798 430 4846 et
460 4804 674 4845 rursum
704 4809 717 4846 :
747 4789 858 4862 Ego
891 4809 1006 4847 sum
1053 4793 1194 4859 vitis,
1238 4808 1326 4846 vos
1354 4792 1617 4861 palmites.
1653 4792 1700 4825 ³³
1729 4791 1939 4848 Connu-

374 4890 651 4936 merentur
680 4882 765 4936 his
787 4880 902 4938 haec
942 4898 1157 4953 quoque
1184 4900 1198 4937 :
1226 4882 1338 4950 Ego
1365 4898 1483 4937 sum
1525 4885 1675 4952 panis
1708 4884 1826 4938 uiue
1852 4883 1936 4950 ’i;

372 4980 429 5026 et
468 4971 664 5026 iterum
710 4988 726 5026 :
771 4968 886 5041 Ego
930 4989 1049 5027 sum
1073 4974 1224 5043 panis
1257 4974 1449 5039 vivens,
1480 4974 1570 5043 qui
1596 4977 1660 5027 de
1694 4974 1819 5029 coelo
1845 4977 1939 5028 de—

372 5064 571 5131 scendi,
592 5072 641 5119 et
666 5063 823 5119 vitam
844 5065 1034 5117 mundo
1052 5065 1253 5133 prabeo
1271 5067 1338 5120 ³⁸.
1357 5065 1424 5120 Ει
1442 5066 1555 5120 haec
1581 5066 1796 5136 quidem
1818 5079 1938 5134 quae

481 5204 525 5236 ¹⁶
570 5202 727 5259 Joan.
775 5216 891 5264 vm,
923 5201 1011 5255 12.
1105 5203 1148 5235 ¹¹
1182 5203 1336 5258 Joan.
1373 5220 1460 5267 χι,
1503 5204 1595 5260 25.

369 5275 414 5307 ¹⁶
449 5275 578 5329 ibid.
613 5274 705 5329 26.
821 5274 864 5305 "
900 5271 1058 5327 Joan.
1098 5289 1217 5335 xm,
1247 5273 1335 5327 15.
1440 5274 1485 5306 ³⁸
1510 5272 1668 5328 Joan.
1719 5290 1774 5331 x.
1830 5274 1919 5330 56.

368 5348 413 5378 ³³
447 5344 605 5401 Joan.
642 5342 793 5411 ινδ.
866 5342 911 5374 ³³
931 5343 1060 5400 ibid.
1094 5344 1149 5398 5.
1223 5343 1269 5374 “
1295 5342 1449 5398 Joan.
1475 5359 1550 5409 vt,
1581 5344 1671 5398 55.

447 5492 559 5563 (90)
589 5490 1146 5563 Ἀλλαῡοεει-οριιό
1183 5487 1458 5563 liuetium,
1502 5497 1682 5545 exstat
1710 5504 1838 5544 vero
1879 5490 1935 5545 in

373 5559 853 5617 codeBodleiauo
885 5569 941 5614 et
978 5559 1290 5613 Barberino.

448 5630 557 5721 $9.9
585 5632 828 5721 ἰεξωμετε
841 5629 912 5721 ἑὲ
935 5627 1408 5721 suaesuae
1455 5629 1552 5721 ζέε
1595 5633 1628 5683 δ
1666 5630 1738 5721 έῖ
1788 5627 1943 5721 αιῖῆ

1699 5206 1740 5236 ι’
1762 5202 1918 5259 Joan.
1938 5216 2050 5265 xtv,
2083 5199 2136 5254 6.

2037 2966 2118 3021 τό·
2161 2965 2307 3037 Ἐγώ
2331 2968 2446 3036 ειμι
2479 2968 2512 3020 ὁ
2542 2965 2766 3036 ποιμὴν
2796 2968 2829 3019 ὁ
2853 2969 3059 3032 καλός-ο
3097 2966 3192 3020 καὶ
3218 2967 3354 3038 πρὸς
3382 2967 3482 3037 τὴν
3504 2968 3610 3020 Σα-

2040 3059 2284 3128 μαρεῖτιν
2309 3056 2644 3126 φάσκουσαν,
2669 3053 2943 3124 Οἴδαμεν,
2971 3054 3060 3110 ὅτι
3076 3056 3349 3122 Μεσσίας
3375 3057 3611 3125 ἔρχεται

2039 3149 2073 3201 ὁ
2085 3147 2409 3217 λεγόμενος
2428 3146 2696 3215 Χριστόςο
2714 3144 2860 3200 ὅταν
2869 3146 3015 3215 ἔλθῃ
3027 3146 3273 3213 ἐκεῖνος,
3288 3148 3615 3217 ἀναγγελεῖ

2039 3237 2185 3306 ἡμῖν
2219 3236 2435 3300 πάντα,
2469 3236 2839 3308 ἀποκρίνεται·
2881 3236 3029 3305 Ἐγώ
3053 3239 3171 3307 ειμι
3203 3240 3236 3290 ὁ
3261 3237 3469 3291 λαλῶν
3489 3254 3610 3292 σοι.

2039 3326 2184 3398 Πρὸς
2216 3323 2425 3389 τούτοις
2470 3326 2558 3379 ὅτε
2610 3325 2758 3396 ἐνιψε
2790 3326 2914 3390 τοὺς
2953 3326 3134 3396 ,πόδας
3176 3326 3284 3380 τῶν
3320 3326 3607 3397 μαθητῶν,

2040 3418 2243 3489 Κύριος
2277 3417 2370 3470 καὶ
2391 3417 2708 3480 διδάσκαλος
2734 3417 2914 3491 αὐτῶν
2942 3414 3079 3473 εἶναι
3116 3416 3207 3472 διὰ
3242 3418 3447 3471 τούτων
3480 3420 3610 3489 ὁμο·

2038 3509 2187 3579 λογεῖ
2203 3527 2217 3540 ·
2263 3508 2458 3579 Ὑμεῖς
2485 3510 2732 3578 φωνεῖτέ
2751 3527 2829 3580 με
2855 3513 2888 3565 ό
2909 3509 3275 3576 διδάσκαλος
3297 3510 3396 3564 καὶ
3429 3514 3463 3564 ό
3493 3512 3611 3566 Κύ-

2030 3618 2194 3670 ριος·
2230 3601 2329 3655 καὶ
2359 3600 2557 3667 καλῶς
2583 3600 2819 3672 λέγετε,
2846 3602 2965 3672 ειμι
3000 3600 3132 3672 γάρ.
3173 3601 3331 3656 Ἀλλὰ
3359 3601 3452 3655 καὶ
3481 3602 3610 3657 rev

2039 3686 2179 3745 εἶναι
2212 3690 2347 3745 Θεοῦ
2380 3690 2568 3760 σαφῶς
2618 3691 2812 3746 ἑαυτὸν
2844 3692 3225 3760 καταγγέλλει,
3253 3692 3425 3761 λέγων
3450 3711 3465 3724 ’
3509 3695 3610 3747 Ὃν

2040 3784 2074 3835 ὁ
2098 3780 2300 3849 Πατὴρ
2336 3782 2574 3849 ήγίασε,
2606 3783 2706 3835 καὶ
2734 3781 3094 3836 ἀπέστειλεν
3114 3785 3208 3848 εἰς
3227 3782 3333 3835 τὸν
3360 3782 3607 3856 κόσμον,

2038 3870 2210 3942 ὑμεῖς
2244 3871 2470 3940 λέγετε,
2501 3872 2622 3937 ὅτι,
2656 3871 3073 3942 Βλασφημεῖς·
3105 3871 3195 3925 ὅτι
3230 3868 3435 3926 εἷπονο
3486 3872 3613 3936 Υἱὸς

2039 3963 2144 4017 τοῦ
2173 3964 2317 4017 Θεοῦ
2336 3966 2453 4033 ειμι
2469 3980 2488 4026 ;
2505 3962 2615 4017 καί·
2642 3963 2832 4033 Πάτερ
2851 4005 2867 4030 ,
2896 3963 3194 4031 ἐλήλυθεν
3212 3965 3248 4033 ἡ
3272 3963 3412 4034 ὣραο
3433 3963 3611 4030 δόξα-

2038 4056 2154 4109 σόν
2182 4069 2297 4109 σου
2325 4055 2430 4109 τὸν
2455 4054 2609 4121 Υὶὸν,
2626 4056 2726 4110 ἵνα
2747 4058 2780 4109 ὁ
2817 4054 2949 4121 Υἱὸς
2971 4054 3200 4124 δοξάσῃ
3229 4067 3321 4110 σε.
3353 4056 3611 4128 Εὑρίσκο-

2044 4164 2142 4218 μεν
2175 4147 2233 4201 δὲ
2259 4148 2695 4217 καταγγέλλσντα
2717 4147 2907 4202 ἑαυτὸν
2935 4148 3029 4202 καὶ
3061 4148 3304 4219 βασιλέω
3332 4149 3409 4213 ὡς
3446 4149 3608 4215 ἐπὰν,

1969 4220 2015 4275 Ῑ)
2042 4236 2469 4308 ἀποκρινόμενος
2494 4236 2573 4308 τῷ
2604 4236 2820 4308 Πιλάτῳ
2852 4235 2989 4308 πρὸς
3025 4237 3087 4289 τὸ
3108 4278 3120 4301 ,
3154 4238 3235 4289 Σὺ
3268 4234 3327 4292 εἴ
3360 4241 3395 4292 d
3424 4238 3609 4303 ,βασι-

2041 4331 2186 4396 λεὺς
2243 4329 2362 4383 τῶν
2404 4329 2743 4395 Ἰουδαίων;
2788 4329 2951 4402 λέγῃ·
2999 4329 3070 4384 Ἦ
3102 4330 3389 4395 ,βασιλεία
3417 4332 3456 4398 ἠ
3493 4329 3606 4401 ἐμὴ

2041 4423 2153 4476 οὑκ
2179 4420 2348 4476 ἐστιν
2368 4421 2436 4474 ἐκ
2469 4420 2574 4475 τοῦ
2608 4430 2841 4490 κόσμου
2876 4422 3087 4476 τούτου
3113 4437 3128 4453 ·
3168 4426 3221 4476 εὶ
3254 4423 3324 4475 ἐκ
3355 4422 3462 4475 τοῦ
3510 4422 3609 4475 κό-

2045 4527 2201 4581 σμου
2227 4512 2441 4566 τούτου
2461 4508 2540 4583 ἦν
2560 4514 2598 4579 ἡ
2622 4513 2912 4576 ,βασιλεία
2941 4514 2980 4583 ή
3009 4513 3144 4584 ἐμὴ,
3167 4517 3221 4566 οἱ
3243 4513 3531 4581 ὑπηρέται
3554 4515 3607 4567 οἱ

2042 4602 2172 4671 ἐμοὶ
2196 4600 2544 4672 ἠγωνίζοηο
2595 4601 2691 4668 ἂν,
2726 4604 2825 4657 ἵνα
2856 4602 2941 4673 μὴ
2975 4603 3286 4673 παραδοθῶ
3312 4605 3435 4671 τοῖς
3470 4606 3610 4659 Ἰου-

2043 4694 2250 4759 δαίοις·
2281 4693 2397 4748 νῦν
2431 4693 2499 4748 δὲ
2524 4696 2562 4765 ἠ
2613 4695 2899 4759 ,ϐασιλεία
2930 4697 2967 4765 ἡ
3005 4695 3117 4765 ἐμὴ
3155 4696 3270 4749 οὐκ
3300 4694 3472 4749 ἐστιν
3507 4696 3606 4750 ἐν·

2043 4785 2272 4841 τεῦθεν.
2319 4786 2653 4858 Ἀνέγνωμεν
2704 4788 2799 4840 καὶ
2823 4788 2902 4841 τό·
2946 4785 3092 4856 Ἐγώ
3138 4790 3253 4857 εἰμι
3276 4788 3314 4857 ἡ
3343 4787 3608 4857 ἄμπελος

2044 4881 2083 4947 ἠ
2118 4879 2393 4947 ἀληθινὴ,
2429 4879 2528 4933 καὶ
2572 4882 2604 4932 ὀ
2654 4878 2853 4947 Πατήρ
2900 4896 3019 4949 μου
3056 4882 3090 4932 ὁ
3139 4881 3391 4948 γεωργός
3433 4879 3565 4932 ἐστι
3590 4897 3605 4911 ο

2043 4971 2138 5025 καὶ
2169 4971 2348 5026 πάλιν⁸
2378 4970 2526 5042 Ἐγώ
2551 4973 2667 5041 ειμι
2687 4970 2976 5041 ἄμπελος,
3008 4969 3179 5039 ὑμεῖς
3213 4969 3285 5023 τὰ
3310 4968 3601 5039 κλήματα.

2041 5062 2484 5137 Συναριθμεισθω
2516 5063 2725 5127 τούτοις
2763 5061 2857 5116 καὶ
2893 5061 2987 5114 τό·
3043 5058 3183 5131 Ἐγώ
3223 5062 3340 5130 εἰμι
3370 5063 3404 5115 ό
3428 5059 3604 5129 ἄρτος

2246 5199 2291 5231 ¹³
2319 5197 2549 5263 Joan.x,
2587 5199 2642 5255 9.
2749 5197 2795 5231 “
2834 5197 2966 5252 ibid.
3000 5197 3060 5250 ll
3179 5198 3223 5228 ⁸⁵
3253 5195 3599 5263 Joan.lv,25.

2027 5273 2070 5305 ¹⁹
2103 5268 2261 5325 Joau.
2302 5284 2436 5334 xm,
2481 5268 2535 5323 1.
2633 5269 2677 5302 ²⁰
2703 5266 2861 5324 Joan.
2916 5283 3071 5335 xvut,
3102 5267 3192 5322 55.
3301 5267 3344 5297 ³⁸
3372 5266 3600 5321 ibid.56.

1746 5343 1793 5375 ε·
1823 5344 1951 5399 una.
1974 5342 2063 5409 εδ,
2100 5340 2194 5394 tt.

2047 5489 2241 5545 desunt
2266 5489 2320 5542 in
2351 5487 2589 5542 editione
2615 5484 2817 5554 liuetii,
2842 5485 3203 5541 restituuntur
3229 5497 3360 5539 vero
3380 5499 3412 5540 e
3445 5484 3601 5540 codd.

2048 5560 2336 5615 Bodleiano
2358 5570 2412 5611 et
2441 5557 2752 5610 Barberiuo.

2115 5628 2226 5702 (92)
2245 5627 2648 5702 _’A€s.ir_nglar.
2678 5625 2836 5702 Deest
2856 5624 2993 5702 apud
3008 5624 3276 5702 ll_i_tetium,
3311 5626 3405 5681 sed
3431 5630 3603 5681 exstat

378 5695 591 5770 Λόγος.
627 5695 948 5773 Θαὶνμάζειν
969 5695 1069 5772 μοι
1108 5695 1404 5769 πολλάκις
1448 5695 1776 5773 ἐπέρχεται.
1825 5695 1938 5758 ﬂaui

2054 5700 2107 5757 in
2124 5695 2325 5757 'co'dicc
2350 5697 2661 5764 Bodleiano,
2690 5705 2744 5753 et
2774 5698 2851 5754 ita
2880 5697 3012 5768 legit
3033 5695 3338 5754 Ferrarius.
