3792 6146
220 344 271 400 ιι
1309 308 1669 379 conamur.
1713 316 1779 371 ιιι

1904 310 2012 366 AN.
2049 306 2290 364 TOMUS
2325 305 2366 362 l.
3393 291 3462 338 ω.

221 459 316 528 τῆς
334 453 492 523 ζωῆς*
533 451 633 506 καὶ
665 447 870 503 πάλιν·
920 445 1064 516 Ἐγώ
1097 447 1214 512 ειμι
1248 445 1280 496 ὁ
1317 440 1496 509 ἄρτος
1529 443 1560 493 ὁ
1586 436 1695 498 ζῶν
1717 477 1732 501 ,
1761 439 1790 489 d

1904 429 2090 484 Filium
2121 428 2214 482 Dei
2249 441 2308 481 se
2342 437 2463 479 esse
2492 418 2715 483 asserit,
2756 426 2984 486 quaeque
3030 409 3185 465 nobis
3222 406 3288 462 ad
3321 405 3370 457 id
3401 405 3467 456 de

2104 520 2115 528 ·
2513 518 2651 528 κνηι
2716 523 2770 528 ρ-.
2801 502 3206 528 ι.·--.....-,.ιεη.......
3237 506 3383 528 ιον...
3415 494 3464 528 ς..

219 555 278 606 ἐκ
324 548 426 604 τοῦ
473 541 744 613 οὐρανοῦ
783 539 1063 604 καταϐὰς.
1117 536 1216 589 καὶ
1258 534 1411 602 {ith
1458 532 1664 597 διδοὺς
1708 528 1790 594 τῷ

217 644 425 709 κόσμῳ.
443 635 560 689 Καὶ
588 632 763 686 ταῦτα
795 631 896 702 μὲν
926 629 1018 681 ἐπὶ
1039 625 1131 680 τοῦ
1160 624 1422 696 παρόντος
1449 619 1789 674 ὑποπεσόντα

217 733 314 787 ἀπὸ
341 731 452 782 τῶν
488 731 550 782 ὲν
588 730 698 790 τοῖς
729 721 1084 792 Εὐαγγελίοις
1117 719 1384 788 κειμένων
1418 712 1786 786 παρεθέμεθα,

214 821 448 877 τοσαῦτα
484 818 645 873 αὐτὸν
685 815 941 884 λέγοντος
987 807 1125 865 εἶναι
1164 808 1257 862 τοῦ
1306 805 1439 860 Υἱοῦ
1485 805 1579 858 τοῦ
1630 802 1785 857 Θεοῦ,

230 913 382 968 Ἀλλά
418 913 518 966 καὶ
544 914 600 965 ἐν
623 912 692 980 τῇ
736 909 984 962 Ἰωάννου
1031 899 1411 969 Ἀποκαλύψειτ
1443 898 1626 966 λέγει’
1645 895 1790 964 Ἐγώ

155 1003 161 1008 ⁷
211 1010 320 1075 εἰμι
356 1009 390 1059 ὁ
424 1003 656 1072 πρῶτος
681 1000 780 1054 καὶ
809 1001 841 1053 ό
864 997 1142 1065 ἔσχατος,
1177 991 1275 1046 καὶ
1302 995 1333 1045 ό
1357 989 1489 1052 ζῶν,
1526 987 1624 1040 καὶ
1665 987 1790 1056 έγε-

209 1102 406 1168 νόμην
433 1096 664 1164 νεκρός·
704 1093 830 1147 ὶδσὺ
860 1088 969 1151 ζῶν
989 1090 1107 1156 εἰμι
1142 1087 1229 1150 εὶς
1261 1083 1403 1148 τοὺς
1433 1080 1651 1145 αἰῶνας
1673 1077 1790 1132 τῶν

209 1189 441 1244 αἰώνων
460 1205 474 1218 °
504 1188 602 1241 καὶ
636 1185 799 1240 πάλιν
817 1200 831 1213 ·
860 1181 1094 1251 Γέγονα
1133 1176 1200 1231 τὸ
1243 1196 1282 1230 α
1307 1176 1404 1229 καὶ
1434 1173 1501 1227 τὸ
1528 1191 1591 1237 ω,
1622 1171 1718 1226 καὶ
1758 1173 1792 1224 ό

213 1281 444 1350 πρῶτος
485 1279 590 1333 καὶ
631 1282 664 1332 ό
707 1277 965 1343 ἔσχατος
989 1313 1004 1337 ,
1055 1271 1095 1339 ἠ
1139 1267 1296 1338 ἀρχὴ
1348 1265 1448 1320 καὶ
1492 1263 1557 1318 τὸ
1596 1261 1787 1327 τέλος.

218 1377 371 1429 Ἐστι
404 1373 466 1425 δὲ
497 1373 602 1424 οὐκ
631 1370 790 1437 ὀλίγα
828 1367 919 1419 τὸν
970 1362 1108 1435 μετὰ
1137 1359 1570 1430 παρατηρήσεως
1599 1356 1791 1421 ἐντυγ-

216 1467 444 1537 χάνοντα
503 1465 626 1525 ταῖς
660 1462 841 1529 ἁγίαις
882 1456 1083 1527 βίϐλοις
1139 1451 1236 1537 ita).
1289 1450 1396 1504 άπὸ
1436 1449 1544 1501 τῶν
1583 1463 1794 1516 προφη-

217 1534 318 1610 τῶν
345 1552 719 1624 παραπλήσια
739 1547 922 1601 λαϐεῖν
946 1544 1079 1616 (95),
1106 1535 1237 1603 οἷον,
1265 1541 1346 1592 ὅτι
1368 1537 1518 1608 βέλος
1542 1534 1792 1590 ἐκλεκτὸν

216 1647 403 1702 ἑαυτὸν
439 1646 620 1707 καλεῖ,
653 1641 748 1695 καὶ
773 1639 959 1692 δοῦλον
994 1634 1088 1688 τοῦ
1126 1631 1282 1695 Θεοῦ,
1316 1631 1411 1683 καὶ
1453 1629 1568 1698 φῶς
1601 1625 1790 1680 ἐθνῶν.

216 1741 376 1808 Λέγει
405 1739 467 1792 δὲ
495 1736 641 1790 οὓτω
691 1731 944 1794 Ἡσαΐας·
999 1729 1102 1781 Ἐκ
1142 1725 1375 1788 κοιλίας
1409 1721 1638 1791 μητρός
1674 1737 1793 1788 μου

212 1829 475 1886 ἐκάλεσέ
507 1845 588 1898 με
614 1825 682 1880 τὸ
721 1820 909 1891 ὄνομά
944 1838 1086 1890 μου,
1125 1817 1222 1872 καὶ
1269 1817 1448 1883 ἔθηκε
1490 1815 1556 1867 τὸ
1605 1813 1797 1881 στόμα

205 1942 323 1993 μου
350 1923 438 1988 ὡς
461 1919 769 1990 μάχαιραν
799 1912 1035 1979 ὀξεῖαν,
1093 1911 1191 1964 καὶ
1232 1908 1350 1962 ὑπὸ
1391 1907 1507 1975 τὴν
1559 1904 1796 1971 σκέπην

212 2015 321 2083 τῆς
344 2012 554 2083 χειρὸς
582 2007 768 2064 αὑτοῦ
790 2003 1021 2073 ἐκρυψέ
1036 2019 1130 2071 με.
1163 1998 1375 2066 Ἔθηκέ
1402 2015 1478 2067 με
1497 1997 1578 2061 ὡς
1609 1994 1798 2060 ,βέλος

208 2104 532 2169 ἐκλεκτὸν,
587 2101 685 2154 καὶ
719 2101 788 2152 ὲν
825 2096 902 2164 τῇ
939 2093 1196 2174 φαρέτρα
1231 2087 1416 2144 αὐτοῦ
1456 2086 1684 2156 ἔκρυψέ
1699 2104 1794 2156 με,

213 2199 314 2251 καὶ
349 2193 489 2251 εἶπέ
530 2211 651 2263 μοι’
682 2190 908 2254 Δοῦλος
930 2204 1047 2256 μου
1074 2180 1134 2238 εἴ
1159 2183 1261 2248 σὺ,
1305 2179 1560 2248 Ἰσραὴλ,
1593 2178 1692 2232 καὶ
1727 2178 1798 2231 ἐν

211 2291 314 2345 σοὶ
372 2284 858 2353 δοξασθήσομαι.
909 2280 1018 2333 Καὶ
1065 2276 1181 2348 μετ’
1217 2273 1371 2342 ὀλίγα
1394 2291 1405 2301 ·
1445 2271 1557 2326 Καὶ
1590 2274 1622 2325 ό
1659 2272 1800 2336 Θεός

208 2401 329 2453 μου
394 2381 590 2434 ἔσται
613 2394 714 2448 μοι
769 2374 966 2444 ἰσχύς*
1009 2372 1108 2425 καὶ
1151 2366 1280 2424 εἶπέ
1321 2382 1451 2438 μοι’
1483 2364 1649 2434 Μέγα
1698 2362 1798 2416 σοι

210 2451 344 2528 ἔστι
394 2469 576 2524 τοῦτο
630 2463 926 2533 κληθῆναί
971 2476 1044 2515 σε
1101 2459 1210 2530 (94)
1261 2455 1443 2512 παῖδά
1490 2471 1642 2524 μου,
1692 2451 1798 2505 τοῦ

210 2564 448 2633 στῆσαι
487 2561 595 2625 τὰς
630 2557 827 2628 φυλὰς
855 2552 1092 2615 Ἰακὼϐ,
1136 2551 1239 2605 καὶ
1301 2548 1415 2617 τὴν
1465 2544 1799 2611 διασπορὰν

209 2658 320 2712 τοῦ
377 2652 638 2720 Ἰσραὴλ
675 2647 1050 2715 ἐπιστρέψαι.
1098 2643 1254 2698 Ἰδοὺ
1306 2638 1540 2695 τέθεικά
1587 2653 1662 2692 σε
1711 2638 1799 2701 εἰς

209 2751 339 2821 φῶς
371 2746 586 2807 ἐθνῶν,
620 2743 724 2797 τοῦ
748 2737 901 2795 εἶναι
928 2755 1001 2792 σε
1026 2740 1112 2802 εἰς
1137 2734 1440 2801 σωτηρίαν
1467 2731 1578 2796 ἕως
1617 2727 1800 2797 ἐσχά-

209 2862 318 2898 του
357 2839 470 2908 τῆς
499 2837 632 2908 γῆς.
673 2833 832 2887 Ἀλλά
864 2832 958 2885 καὶ
990 2833 1046 2882 ὲν
1083 2828 1162 2899 τῷ
1205 2826 1446 2898 Ἱερεμίᾳ
1483 2822 1654 2885 οὕτως
1695 2821 1798 2874 αὑ·-

207 2937 303 2990 τὸν
338 2931 516 3005 ἀρνίῳ
579 2930 780 2999 ὁμοιοῖο
830 2922 976 2993 Ἐγὼ
1013 2923 1093 2988 ὡς
1130 2921 1341 2990 ἀρνίον
1390 2917 1617 2970 ἄκακον
1663 2913 1802 2980 ἀγό-

206 3040 405 3095 μενον
452 3020 562 3073 τοῦ
602 3019 865 3072 θύεσθαι.
901 3011 1084 3066 Ταῦτα
1121 3011 1218 3082 μὲν
1248 3005 1340 3063 οὖν
1369 3004 1558 3060 καὶτὰ
1591 3002 1801 3065 τούτοις

213 3091 586 3188 παραπλήσια
614 3108 777 3171 αὐτὸς
812 3103 1002 3159 ἑαυτόν
1035 3118 1221 3173 φησιν.
1258 3101 1413 3154 Ἐστι
1439 3099 1497 3151 δὲ
1528 3095 1620 3148 καὶ
1651 3091 1800 3165 παρὰ

212 3186 332 3272 τοῖς
386 3199 774 3271 Εὑαγγελίοις,
823 3195 918 3249 καὶ
970 3193 1121 3264 παρὰ
1157 3194 1269 3254 τοῖς
1307 3189 1626 3249 ἀποστόλοις
1645 3227 1658 3252 ,
1706 3186 1801 3241 καὶ

212 3300 308 3353 διὰ
358 3296 476 3350 τῶν
515 3288 810 3363 προφητῶν
866 3285 1060 3357 μυρίας
1102 3285 1233 3345 ὅσας
1271 3279 1641 3352 προσηγορίας
1677 3295 1802 3330 συν-

215 3391 475 3460 αγαγεῖν,
511 3385 582 3448 ἃς
625 3382 869 3436 καλεῖται
899 3380 928 3431 6
962 3377 1092 3439 Υἱὸς
1133 3373 1228 3427 τοῦ
1256 3371 1418 3440 Θεοῦ,
1443 3372 1562 3442 ἦτοι
1593 3368 1702 3422 τῶν
1733 3367 1802 3422 τά

213 3481 533 3550 Εὕαγγέλια
574 3474 905 3548 γραψάντων
945 3470 1046 3540 τὴν
1093 3467 1229 3521 ἰδίαν
1261 3466 1496 3520 διάνοιαν
1528 3461 1639 3517 τῶν
1674 3461 1801 3532 περὶ

214 3575 311 3629 τοῦ
356 3576 386 3627 6
412 3571 487 3624 ’τί
517 3569 652 3623 ποτέ
690 3569 836 3623 ἐστιν
867 3561 1253 3631 ἐκτιθεμένων,
1289 3561 1323 3629 ἢ
1351 3557 1460 3610 τῶν
1489 3554 1798 3610 ἀποστόλων

215 3667 279 3734 ἐξ
315 3661 392 3722 ὧν
446 3661 801 3735 μεμαθήκασι
848 3654 1265 3724 δοξολογούντων
1317 3651 1500 3714 αὐτὸν,
1550 3649 1644 3708 καὶ
1693 3646 1801 3700 τῶν

216 3757 524 3830 προφητῶν
591 3749 1083 3824 προκηρυσσόντων
1146 3742 1312 3798 αὑτοῦ
1368 3741 1469 3812 τὴν
1535 3739 1799 3810 ἐσομένην

214 3849 546 3921 ἐπιδημίαν,
581 3847 676 3899 καὶ
700 3845 767 3898 τά
795 3843 925 3913 περὶ
958 3836 1120 3894 αὐτοῦ
1147 3833 1596 3904 ἀπαγγελλόντων
1619 3830 1802 3900 διαφό-

218 3962 336 4016 ροις
376 3942 675 4012 ὀνόμασινο
728 3932 838 3989 οἷον
885 3935 914 3986 6
968 3931 1218 3999 Ἰωάννης
1247 3927 1412 3986 αὐτὸν
1440 3925 1645 3997 Ἀμνον
1665 3922 1798 3976 Θεοῦ

216 4012 573 4104 άναγορεύει,
606 4028 811 4095 λέγων’
841 4022 960 4079 Ἰδε
987 4025 1020 4076 ό
1045 4016 1262 4091 Ἀμνός
1293 4016 1400 4068 τοῦ
1441 4013 1608 4078 Θεοῦ,
1645 4016 1677 4067 ό
1708 4012 1801 4064 ατ-

209 4144 337 4196 ρων
365 4103 488 4190 τὴν
515 4120 811 4190 ἁμαρτίαν
845 4114 950 4168 τοῦ
976 4113 1230 4179 κόσμου’
1264 4107 1358 4162 καὶ
1387 4107 1554 4178 ἄνδρα
1580 4104 1666 4158 διὰ
1680 4103 1801 4157 τού-

215 4195 325 4273 των
346 4236 360 4248 ·
399 4215 595 4280 Οὗτός
626 4214 797 4266 ἐστιν
819 4206 969 4274 ὑπὲρ
999 4201 1070 4259 οὗ
1101 4201 1214 4273 ἐγὼ
1241 4195 1801 4264 εἷπον,ὄτι,’οπίσω

117 4331 124 4338 ·
211 4330 334 4379 μου
367 4309 611 4377 ἔρχεται
641 4303 816 4371 ἀνὴρ,
876 4298 944 4363 ὃς
983 4293 1321 4366 ἔμπροσθέν
1356 4308 1474 4359 μου
1506 4287 1750 4358 γέγονεν
1782 4304 1797 4318 ο

218 4377 308 4456 δτι
361 4397 601 4468 πρῶτός
624 4413 744 4464 μου
770 4393 878 4460 ἦν’
917 4389 1077 4458 κάγὼ
1109 4389 1218 4440 οὐκ
1270 4383 1438 4452 ᾔδειν
1469 4381 1673 4433 αὐτόν.
1715 4377 1801 4430 Ἐν

215 4494 274 4546 δὲ
332 4495 404 4562 τῇ
451 4487 716 4557 καθολικῇ
779 4480 1067 4552 Ἐπιστολῇ
1088 4481 1116 4532 6
1165 4475 1415 4543 Ἰωάννης
1455 4469 1800 4544 παράκλητον
1834 4509 1877 4562 D

220 4586 349 4656 περὶ
378 4559 491 4634 τῶν
514 4578 705 4648 ψυχῶν
745 4573 900 4646 ἡμῶν
931 4573 1066 4642 πρὸς
1088 4569 1180 4622 τὸν
1207 4566 1425 4636 Πατέρα
1473 4563 1606 4631 φησὶ
1638 4559 1800 4613 αὐτὸν

223 4652 380 4737 εἶναι,
427 4673 636 4740 λέγων·
696 4666 806 4721 Καὶ
854 4663 962 4717 ἐάν
999 4679 1088 4727 τις
1136 4657 1386 4728 ἁμάρτῃ,
1418 4652 1802 4721 παράκλητον

221 4770 442 4839 ἔχομεν
489 4761 640 4830 πρὸς
687 4758 794 4811 τὸν
837 4756 1066 4822 Πατέρα
1109 4747 1358 4818 Ἰησοῦν
1415 4743 1672 4815 Χριστὸν
1724 4741 1804 4795 δί-

222 4875 414 4910 καιον.
459 4853 740 4922 Ἐπιφέρει
770 4849 851 4911 δὲ,
878 4848 960 4900 ὅτι
991 4845 1085 4899 καὶ
1123 4839 1346 4912 ἱλασμός
1375 4841 1491 4890 ἐστι
1536 4837 1664 4908 περὶ
1691 4833 1800 4888 τῶν

220 4948 508 5021 ἁμαρτιῶν
567 4944 759 5016 ἡμῶν·
803 4935 848 5010 ᾧ
903 4934 1296 5010 παραπλησίως
1339 4933 1368 4984 ὁ
1412 4929 1621 4991 Παῦλος
1655 4926 1800 4995 λέγει

225 5043 385 5096 αὐτὸν
428 5036 573 5092 εἶναι
627 5035 938 5105 ἱλαστήριον
962 5071 976 5096 ,
1022 5031 1264 5099 φάσκων·
1310 5025 1419 5076 Ὃν
1448 5021 1726 5090 προέθετο
1767 5021 1801 5072 ό

226 5136 364 5201 Θεὸς
391 5129 751 5198 ἱλαστήριον
779 5125 874 5180 διὰ
911 5125 1165 5186 πίστεως
1195 5119 1265 5172 ἐν
1287 5116 1368 5182 τῷ
1394 5117 1590 5183 αἵματι
1614 5111 1800 5167 αὐτοῦ

223 5225 316 5280 διὰ
355 5224 476 5290 τὴν
522 5219 774 5288 πάρεσιν
800 5216 921 5269 τῶν
962 5208 1407 5282 προγεγονότων
1463 5202 1801 5274 ἁμαρτημά-

224 5329 335 5365 των
366 5312 443 5364 ἐν
470 5307 550 5377 τῇ
580 5304 775 5374 ἀνοχῇ
828 5303 934 5357 τοῦ
985 5298 1153 5357 Θεοῦ.
1190 5297 1538 5368 Κεκήρυκται
1575 5292 1632 5345 δὲ
1658 5292 1798 5346 κατὰ

224 5401 310 5452 τὸν
339 5397 558 5452 Παῦλον
588 5395 748 5463 σοφία
781 5388 923 5446 εἶναι
955 5391 1048 5445 καὶ
1090 5389 1318 5457 δύναμις
1349 5383 1509 5450 Θεοῦ,
1536 5384 1609 5447 ὡς
1643 5385 1701 5437 ἐν
1728 5386 1796 5454 τῇ

329 5553 376 5582 ³⁸
399 5553 571 5620 Apoc.
603 5565 644 5613 ι,
674 5547 762 5620 i7.
815 5550 886 5620 "7
924 5549 1090 5618 Apoc.
1124 5564 1260 5620 xxu,
1297 5549 1382 5603 15.
1460 5549 1506 5581 ’⁸
1531 5549 1790 5620 (Ζιιιι.ιιι,ι]

1904 5561 2013 5620 crs;
2049 5545 2099 5620 1..
2121 5544 2156 5597 2
2191 5552 2244 5598 ει
2281 5559 2396 5620 ss!!-

1892 537 2001 592 quo
2035 520 2244 589 agimus
2270 518 2676 574 succurrerunt,
2709 523 2775 562 ex
2801 502 3207 574 Evangeliorum
3237 506 3383 551 textu
3415 494 3464 546 in

1894 588 2132 669 medium
2172 606 2516 678 protulimus.
2558 602 2662 656 Sed
2692 597 2996 652 addendum
3028 592 3192 646 etiam
3227 588 3353 642 illud
3385 596 3468 639 est

1894 722 1958 761 ex
1987 677 2211 759 Joannis
2240 693 2560 767 Apocalypsi
2584 710 2597 745 :
2620 689 2730 760 Ego
2758 703 2874 741 sum
2909 686 3132 756 primus,
3159 690 3204 733 et
3231 677 3464 738 ultimus,

1895 805 1940 848 et
1967 795 2160 856 vivens,
2199 797 2246 842 et
2283 788 2454 856 factus
2483 799 2598 837 sum
2628 790 2887 833 mortuus.
2917 775 2980 829 Et
3011 789 3127 828 ecce
3147 771 3321 825 vivens
3349 785 3466 821 sum

1893 887 1951 940 in
1995 882 2194 939 sa’cula
2243 876 2557 932 steculorum
2594 872 2674 936 ²⁶;
2712 878 2769 923 et
2825 881 3013 921 rursus
3049 882 3064 919 :
3102 860 3301 915 Factus
3351 872 3466 910 sum

1894 985 1988 1040 ego
2049 969 2096 1024 Α
2121 977 2170 1023 et
2201 969 2285 1034 Ω,
2345 970 2395 1018 et
2463 965 2664 1034 primus
2703 969 2750 1014 et
2783 959 3022 1021 ultimus,
3065 951 3379 1022 principium
3419 957 3467 1000 et

1895 1067 2014 1136 linis
2037 1065 2103 1120 ’⁷.
2134 1063 2270 1118 Sunt
2313 1067 2490 1114 autem
2533 1071 2636 1110 non
2665 1069 2854 1123 pauca,
2877 1059 3038 1117 atque
3068 1046 3153 1101 his
3176 1058 3297 1112 quae
3325 1041 3466 1096 dixi-

1899 1132 2018 1212 ntus
2065 1154 2285 1218 similia,
2338 1165 2457 1220 quae
2514 1147 2653 1202 sumi
2687 1161 2753 1200 ex
2797 1139 3072 1215 prophetis
3113 1142 3365 1206 poterunt
3399 1132 3467 1185 ab

1897 1265 1962 1305 eo
1986 1248 2073 1318 qui
2113 1246 2398 1314 diligenter
2444 1249 2689 1296 versatus
2733 1234 2895 1290 fuerit
2935 1236 2988 1286 in
3033 1228 3237 1284 sanctis
3270 1226 3465 1288 libris;

1898 1339 2062 1394 veluti
2089 1338 2228 1407 quod
2258 1336 2510 1402 sagittam
2549 1331 2798 1391 electam,
2831 1337 2887 1381 et
2918 1338 3132 1379 servum
3163 1319 3276 1384 Dei,
3308 1327 3362 1373 et
3391 1318 3470 1368 lu-

1899 1445 2016 1485 cem
2049 1428 2288 1498 gentium
2331 1426 2568 1493 seipsum
2618 1418 2870 1490 appellat,
2909 1416 3042 1471 Isaia
3061 1407 3468 1467 dicente":Ex

1899 1531 2047 1575 utero
2072 1519 2256 1572 matris
2287 1532 2416 1570 mea:
2455 1513 2652 1568 vocavit
2697 1527 2776 1564 me
2813 1509 3021 1563 nomine
3051 1521 3184 1571 meo,
3214 1511 3264 1558 et
3293 1500 3470 1571 posuit

1903 1632 1958 1669 os
1998 1628 2164 1666 meum
2191 1611 2342 1678 quasi
2376 1607 2610 1678 gladium
2659 1611 2896 1666 acutum,
2949 1609 2996 1654 et
3027 1599 3120 1652 sub
3147 1593 3469 1666 protectione

1900 1722 2088 1760 manus
2125 1719 2234 1758 sua:
2275 1699 2544 1755 abscondit
2579 1712 2680 1751 me.
2719 1693 2907 1749 Posuit
2938 1707 3018 1744 me
3045 1687 3195 1754 quasi
3221 1686 3468 1755 sagittam

1828 1798 1869 1852 Β
1897 1798 2134 1861 electam,
2162 1804 2210 1848 et
2263 1794 2318 1846 in
2354 1793 2606 1860 pharetra
2651 1803 2752 1840 sua
2791 1782 3068 1837 abscondit
3115 1794 3217 1842 me,
3257 1786 3305 1830 et
3335 1774 3468 1827 dixit

1899 1890 2027 1943 mihi
2053 1904 2072 1943 :
2093 1888 2286 1941 Servus
2309 1900 2451 1938 meus
2474 1898 2527 1936 es
2555 1889 2634 1942 tu,
2660 1876 2851 1939 Israel,
2875 1888 2920 1928 et
2944 1875 2998 1928 in
3031 1883 3082 1925 te
3114 1867 3467 1941 gloriﬁcabor.

1899 1980 1964 2033 Et
1992 1987 2112 2048 post
2138 1990 2341 2045 pauca:
2375 1973 2513 2026 Deus
2549 1985 2692 2023 meus
2725 1968 2822 2019 erit
2846 1961 3101 2034 fortitudo
3128 1975 3265 2014 mea.
3288 1955 3355 2009 Et
3385 1956 3468 2008 di-

1897 2072 1977 2125 xit
2007 2069 2131 2123 mihi
2163 2084 2180 2121 :
2213 2065 2465 2136 Magnum
2505 2061 2599 2116 tibi
2619 2071 2715 2127 est,
2738 2069 2793 2112 ut
2821 2058 3016 2110 voceris
3041 2068 3215 2106 servus
3239 2065 3399 2112 meus,
3419 2055 3469 2102 et

1899 2163 2121 2215 suscites
2148 2160 2316 2212 tribus
2332 2155 2520 2218 Iacob,
2539 2163 2583 2206 et
2609 2149 2986 2218 dispersionem
3009 2141 3228 2199 lsraelis
3259 2156 3470 2195 conver-

1900 2262 2002 2306 tas.
2036 2250 2169 2305 Ecce
2198 2248 2349 2318 posui
2378 2259 2427 2300 te
2453 2247 2506 2298 in
2534 2244 2702 2296 lucem
2727 2240 2977 2310 gentium,
3007 2245 3060 2289 ut
3083 2235 3156 2288 sis
3185 2232 3330 2287 salus
3354 2247 3469 2284 mea

1901 2358 2062 2414 usque
2118 2339 2186 2393 ad
2245 2351 2535 2394 extremum
2578 2344 2751 2388 terrae.
2789 2329 2895 2384 Sed
2944 2336 2996 2385 et
3030 2328 3080 2381 in
3121 2324 3354 2380 Jeremia
3397 2323 3468 2377 ita

1899 2437 2135 2505 seipsum
2161 2449 2298 2504 agno
2329 2429 2591 2486 assimilat
2645 2443 2660 2480 :
2706 2421 2819 2491 Ego
2845 2423 2982 2474 sicut
3035 2436 3201 2490 agnus
3221 2419 3469 2473 innocens

1898 2529 1987 2598 qui
2015 2526 2224 2579 ducitur
2245 2525 2310 2578 ad
2335 2521 2742 2588 sacriﬁcandum
2760 2515 2827 2567 ”.
2856 2514 2979 2571 Haec
3006 2516 3187 2584 itaque
3207 2523 3262 2568 et
3284 2514 3370 2569 his
3394 2512 3470 2567 si-

1903 2619 2046 2673 milia
2077 2619 2312 2687 seipsum
2353 2613 2461 2686 24
2490 2611 2745 2683 appellat.
2791 2609 2962 2664 Porro
2998 2609 3277 2662 innumera
3318 2619 3473 2659 voca-

1901 2711 2046 2776 bula,
2081 2720 2191 2764 tum
2222 2708 2362 2778 apud
2401 2705 2714 2775 Evangelia,
2749 2713 2859 2758 tum
2886 2701 3024 2772 apud
3048 2700 3338 2770 apostolos,
3358 2709 3470 2751 tum

1903 2804 2041 2869 apud
2090 2802 2380 2872 prophetas
2415 2797 2639 2866 colligas
2689 2794 2896 2858 licebit,
2936 2793 3134 2862 quibus
3161 2790 3332 2845 Filius
3377 2788 3471 2842 Dei

1901 2895 2157 2966 appellari
2189 2895 2415 2964 gaudet;
2442 2889 2695 2947 videlicet
2723 2887 2806 2941 vel
2829 2887 2894 2940 iis
2919 2884 3009 2954 qui
3040 2882 3325 2950 Evangelia
3344 2882 3472 2935 scri-

1902 2994 2130 3057 pserunt
2166 2984 2294 3053 quid
2327 2986 2392 3037 de
2442 2983 2559 3052 ipso
2608 2977 2877 3034 sentirent
2921 2974 3339 3044 exponentibus,
3391 2972 3471 3028 vel

1904 3077 2162 3147 apostolis
2187 3090 2250 3130 es
2272 3075 2356 3130 his
2372 3089 2491 3142 quae
2509 3072 2808 3126 didicerant
2831 3069 3001 3137 ipsum
3023 3064 3473 3134 gloriﬁcantibus,

1829 3151 1871 3207 δ
1907 3170 1990 3225 vel
2022 3168 2300 3239 prophetis
2337 3165 2503 3236 ipsius
2534 3167 2772 3218 futurum
2811 3160 3102 3214 adventurm
3131 3156 3474 3228 prtecinenti-

1907 3267 2032 3327 bus,
2068 3271 2123 3316 et
2157 3276 2242 3315 res
2267 3260 2411 3315 illius
2439 3258 2608 3313 variis
2645 3255 2951 3314 nominibus
2976 3252 3336 3310 oll‘erentibus.
3357 3253 3483 3311 Vel-

1913 3355 1992 3414 uti
2024 3352 2261 3408 Joannes
2294 3355 2506 3422 Agnutn
2543 3351 2634 3406 Dei
2679 3353 2851 3422 ipsum
2893 3348 3183 3420 praedicat,
3242 3346 3472 3399 dicens:

1907 3443 2042 3498 Ecce
2067 3449 2245 3514 Agnus
2274 3442 2390 3509 Dei,
2409 3459 2521 3496 ecce
2543 3443 2631 3512 qui
2652 3442 2783 3496 tollit
2811 3449 3078 3510 peccatum
3096 3437 3277 3490 mundi
3297 3436 3374 3501 ³⁰;
3392 3433 3475 3488 vi-

1907 3553 2028 3592 rum
2061 3535 2198 3591 ’τοι-ο
2249 3535 2334 3589 his
2375 3549 2494 3604 quae
2539 3543 2839 3604 sequuntur
2896 3553 2908 3587 :
2957 3530 3059 3583 llic
3113 3539 3212 3591 est,
3256 3529 3321 3581 de
3374 3543 3474 3598 quo

1906 3631 2181 3686 dicebant:
2211 3628 2340 3682 Post
2382 3647 2461 3682 me
2506 3631 2584 3682 vir
2614 3628 2745 3682 venit
2776 3627 2864 3696 qui
2901 3634 3021 3678 ante
3053 3640 3132 3677 me
3160 3623 3332 3692 factus
3357 3629 3476 3688 est;

1905 3723 2149 3794 quoniam
2174 3723 2317 3791 prior
2338 3737 2416 3774 me
2431 3729 2540 3774 erat
2561 3729 2638 3772 :et
2657 3733 2750 3787 ego
2777 3716 3066 3770 nesciebam
3091 3731 3208 3767 eum
3233 3714 3299 3766 ".
3335 3710 3478 3766 Sane

1907 3816 1960 3870 in
1997 3814 2260 3870 catholica
2303 3811 2538 3881 Epistola
2581 3807 2818 3864 Joannes
2869 3807 3018 3860 ἰΙΙιιιιι
3061 3805 3289 3874 appellat
3314 3805 3480 3857 advo-

1908 3917 2090 3961 catum
2113 3907 2415 3960 animarum
2441 3904 2506 3956 ad
2531 3902 2770 3963 Patrem,
2804 3899 2989 3953 dicens
3015 3918 3028 3954 :
3061 3899 3120 3954 Si
3156 3901 3276 3968 quis
3297 3913 3480 3966 pecca-

1907 4001 2052 4062 uerit,
2086 3999 2392 4051 aduocatum
2425 3996 2563 4065 apud
2593 3994 2804 4049 Patrem
2835 3995 3082 4048 habemus
3117 3991 3298 4047 Jesum
3327 3988 3482 4044 Chri-

1907 4099 2044 4143 stum
2065 4090 2273 4159 justum
2295 4089 2360 4140 ³³.
2392 4087 2681 4158 Subjungit
2703 4087 2867 4143 etiam
2898 4087 3042 4156 quod
3065 4086 3135 4140 sit
3162 4083 3480 4138 reconcilia-

1909 4182 1982 4236 tio
2033 4197 2128 4251 pro
2176 4182 2409 4249 peccatis
2455 4181 2698 4246 nostris;
2752 4179 2817 4233 ad
2864 4179 3020 4248 cujus
3068 4175 3478 4231 similitudinem

1907 4272 2104 4326 Paulus
2136 4272 2368 4341 appellat
2399 4287 2521 4326 eum
2559 4272 3045 4336 reconciliatorem,
3065 4269 3248 4323 dicens
3273 4285 3285 4320 :
3313 4265 3477 4330 Quem

1905 4366 2173 4432 proposuit
2203 4363 2341 4418 Deus
2379 4363 2824 4418 reconciliatorem
2853 4379 2945 4431 per
2964 4363 3122 4431 ﬁdem
3143 4362 3198 4414 in
3224 4357 3478 4426 sanguine

1906 4455 2093 4523 ipsius,
2113 4465 2320 4523 propter
2340 4455 2689 4507 remissionem
2716 4453 3098 4523 praeteritorum
3122 4459 3476 4520 peccatorum,

1907 4563 2023 4614 qua)
2049 4547 2184 4600 Deus
2209 4547 2445 4599 toleravit
2464 4545 2629 4602 “.Ad
2659 4547 2768 4599 haec
2791 4544 3110 4612 praedicatus
3137 4552 3221 4595 est
3252 4541 3414 4595 etiam
3444 4556 3476 4592 ιι

1911 4641 2094 4704 Paulo,
2133 4639 2397 4708 sapientia
2431 4648 2486 4692 et
2522 4639 2756 4708 potentia
2794 4637 2882 4690 Dei
2915 4651 3065 4698 esse,
3107 4645 3163 4689 ut
3205 4639 3257 4688 in
3291 4628 3498 4689 Corinl

1911 4734 2146 4788 thiorum
2188 4731 2463 4802 Epistola,
2508 4730 2725 4800 quando
2758 4729 2933 4784 dicit:
2971 4727 3210 4781 Christus
3251 4737 3323 4780 est
3382 4726 3476 4780 Dei

1908 4829 2136 4898 potentia
2166 4835 2212 4878 et
2244 4824 2503 4891 sapientia
2529 4822 2595 4877 “.
2627 4821 2776 4886 Quod
2823 4820 2982 4875 etiam
3018 4818 3378 4872 sanctiﬁcatio
3409 4817 3477 4870 sit

1907 4927 1960 4974 et
1981 4918 2314 4985 redemptio:
2349 4913 2550 4968 Factus
2581 4925 2677 4978 est,
2724 4913 2916 4981 inquit,
2964 4911 3221 4980 sapientia
3259 4908 3403 4962 nobis
3443 4923 3475 4960 α

1909 5010 2040 5075 Deo,
2067 5020 2113 5064 et
2129 5009 2364 5077 justitia,
2392 5017 2440 5062 et
2463 5005 2834 5074 sanctiﬁcatio,
2859 5014 2905 5057 et
2935 5002 3215 5072 redemptio
3238 5002 3303 5056 ³⁸.
3334 4999 3474 5066 Quin

1905 5106 2067 5160 etiam
2091 5103 2431 5158 sacerdotem
2469 5116 2723 5172 magnum
2752 5100 3000 5153 eumdem
3038 5113 3158 5153 esse
3193 5097 3348 5152 docet
3379 5109 3476 5150 nos

1909 5199 1976 5254 ad
2042 5197 2296 5252 Hebraeos
2348 5193 2594 5251 scribens
2623 5211 2638 5248 :
2670 5191 2934 5247 Habentes
2977 5207 3097 5260 ergo
3152 5188 3474 5244 sacerdotem

1908 5308 2172 5362 magnum,
2206 5289 2296 5360 qui
2322 5289 2649 5358 pertransivit
2682 5289 2854 5351 melos,
2892 5281 3076 5339 Iesum
3116 5279 3313 5334 Filium
3353 5277 3472 5343 Dei,

1906 5393 2170 5440 teneamus
2223 5385 2604 5455 confessionem
2628 5383 2693 5435 ³⁸.
2720 5381 3006 5449 Propheta
3057 5379 3219 5432 etiam
3273 5381 3474 5441 praeter

2502 5544 2546 5575 ²⁰
2575 5542 2688 5598 Jer.
2724 5559 2799 5609 XI,
2834 5542 2921 5597 l9.
3027 5543 3070 5574 ³⁰
3097 5540 3258 5609 Joan.
3291 5553 3334 5607 l,
3380 5539 3470 5598 29.

231 5620 270 5651 “
320 5605 464 5674 ibid:
499 5621 590 5674 50.
630 5605 710 5652 ’δ’
749 5621 764 5673 I
807 5605 985 5675 Joan.'
1013 5635 1073 5684 ll,
1111 5620 1159 5672 Ι.
1237 5605 1280 5650 ³⁵³
1309 5619 1464 5674 lion].
1492 5635 1580 5682 ιιι,
1611 5605 1706 5684 Ξῦ,
1746 5623 1790 5672 ‘21

1913 5617 2006 5670 ιιι
2055 5605 2180 5670 Cor.
2221 5629 2263 5678 ι,
2292 5605 2383 5668 οιιί
2459 5613 2751 5667 ιδίωιωυ
2786 5605 3034 5668 ’πιιεὴη
3074 5626 3146 5674 ιν,
3192 5605 3278 5663 ιιι.

273 5715 412 5792 ⁵(95)
443 5715 612 5768 Codd.
639 5713 1043 5792 Bodleiannset
1071 5713 1417 5792 liarherinus,
1446 5714 1649 5769 λαϐεῖν.
1693 5715 1796 5772 lle-

236 5785 373 5849 ειυς,
401 5800 564 5854 quem
596 5795 820 5841 secutus
845 5793 931 5840 est
959 5783 1198 5852 liuetius,
1231 5783 1431 5855 λέγειν.

1979 5711 2088 5784 (9i)
2120 5709 2334 5784 Σεηιιιι
2359 5709 2531 5784 codd.
2553 5709 2828 5784 Bodleian.
2867 5722 2935 5784 et
2986 5706 3340 5772 Barbcrinus,
3368 5724 3475 5766 non

1912 5777 2023 5855 μοί,
2055 5777 2110 5837 ut
2139 5781 2334 5852 legitur
2357 5781 2410 5836 in
2449 5778 2687 5836 editione
2720 5777 2920 5836 lluctii.
