3792 6146
381 266 456 380 (ἑ
1841 317 2164 379 ORICENIS
2764 356 2767 359 -
3575 318 3651 375 61

383 435 499 491 haec
526 433 757 491 diversis
803 450 925 491 eum
961 435 1269 491 nominibus
1297 437 1568 508 appellant
1600 454 1617 494 :
1656 435 1820 494 Jacob
1841 454 1908 509 qu

2004 441 2036 496 ι
2062 432 2201 505 πρὸς
2228 431 2573 504 Κορινθίους,
2607 433 2724 497 ὅτι,
2768 430 3021 500 Χριστὸς
3069 430 3322 502 δυ’ναμῐς
3366 432 3503 489 ἐστι
3544 435 3653 489 καὶ

383 528 503 579 dem
562 523 619 579 in
672 540 737 580 ea
782 525 1165 581 benedictione
1206 543 1312 596 qua
1352 527 1408 583 in
1452 530 1652 586 liberos
1686 545 1815 585 usus
1854 538 1959 596 est,

378 614 572 672 ludam
600 618 882 671 nominat:
916 615 1085 682 Juda,
1121 619 1317 689 inquit,
1360 620 1654 676 laudabunt
1697 634 1747 677 te
1768 624 1961 691 fratres

382 707 458 760 tui
487 722 508 761 :
533 723 723 762 manus
746 716 853 761 tua:
901 722 1058 777 super
1091 708 1308 762 dorsum
1366 710 1697 763 inimicorum
1726 720 1955 766 tuorum.

380 796 601 852 Catulus
625 797 787 852 leonis
812 797 848 852 J
854 798 958 852 uda
991 817 1014 855 :
1039 815 1105 853 ea:
1129 803 1384 870 gemine,
1409 802 1491 871 fili
1518 804 1613 866 mi,
1638 804 1918 859 ascendisti
1938 818 1959 855 :

379 891 679 945 recumbens
702 891 944 945 dormisti
979 902 1034 946 ut
1060 894 1163 960 leo,
1199 904 1248 949 et
1286 905 1342 947 ut
1364 894 1530 950 leonis
1566 897 1795 952 catulus.
1825 897 1958 964 Quis

381 983 633 1037 excitabit
660 982 810 1038 illum
828 983 873 1015 ’ν
890 984 917 1037 .’
940 982 1205 1040 Caeterum
1223 987 1504 1055 praseutis
1521 1004 1625 1043 non
1644 1000 1729 1045 est
1751 1002 1959 1063 tempe.

378 1076 455 1133 ris
493 1076 725 1149 singulis
756 1078 1059 1145 immorari,
1087 1081 1425 1135 ostendendo
1453 1084 1724 1150 quomodo
1749 1099 1870 1155 qua:
1890 1086 1958 1141 de

372 1165 508 1223 Juda
556 1167 665 1223 dici
721 1169 1005 1235 videntur,
1067 1169 1291 1226 Christo
1352 1175 1732 1243 conveniant;
1790 1186 1955 1245 atque

373 1261 539 1315 etiam
577 1262 814 1330 obiectio
838 1277 957 1333 qua:
977 1263 1102 1331 jure
1130 1262 1319 1318 inl'erri
1342 1274 1551 1334 posset,
1568 1267 1777 1327 scilicet
1796 1285 1811 1322 :
1830 1267 1955 1322 Non

372 1350 579 1419 deﬁciet
603 1352 843 1422 princeps
871 1355 935 1407 de
972 1352 1008 1407 J
1014 1355 1137 1419 uda,
1166 1364 1214 1408 et
1244 1355 1355 1409 dua:
1402 1357 1467 1411 de
1503 1357 1790 1427 femoribus
1811 1361 1948 1430 ejus,

371 1442 539 1497 donec
565 1445 756 1499 venerit
791 1446 877 1500 cui
911 1448 1193 1515 repositum
1242 1448 1409 1513 est”,
1431 1449 1568 1506 alias
1613 1456 1950 1510 commodius

371 1534 629 1591 solvetur.
647 1535 812 1593 Isaias
831 1539 995 1594 etiam
1028 1541 1177 1595 novit
1202 1540 1372 1611 ipsum
1390 1542 1665 1599 Christttm
1693 1548 1948 1616 appellari

368 1628 537 1684 Jacoh
565 1639 620 1684 et
645 1629 829 1697 Israel,
860 1633 1261 1689 dicenszlacob
1289 1637 1514 1692 dilectus
1542 1655 1686 1693 meus
1719 1641 1952 1696 auxilia-

369 1724 464 1774 bor
482 1723 565 1776 ei:
583 1720 754 1778 Israel
783 1724 974 1780 electus
1006 1744 1173 1794 meus,
1195 1729 1419 1798 suscepit
1448 1729 1597 1784 illum
1614 1732 1794 1786 anima
1809 1749 1945 1787 mea.

366 1810 638 1868 Iudicium
676 1814 784 1886 25
812 1817 1054 1887 gentibus
1084 1821 1346 1874 nuntiabit
1365 1838 1384 1875 :
1407 1806 1511 1876 non
1536 1827 1831 1892 contendet,
1859 1842 1948 1881 ne-

365 1919 465 1973 que
494 1905 761 1969 clamabit,
793 1925 957 1979 neque
1003 1911 1184 1966 audiet
1215 1912 1409 1982 aliquis
1450 1915 1505 1970 in
1542 1915 1733 1985 plateis
1774 1935 1947 1973 vocem

364 1993 502 2061 ejus.
556 1994 833 2051 Calamum
873 2002 1156 2054 contritum
1194 2019 1299 2056 non
1344 2004 1661 2076 confringet,
1701 2019 1749 2062 et
1780 2009 1944 2063 linunt

364 2085 631 2158 fumigans
665 2106 770 2146 non
800 2093 1115 2164 exstinguet,
1147 2094 1310 2150 donec
1334 2098 1611 2168 projecerit
1636 2118 1702 2155 ea:
1735 2114 1947 2158 conten-

363 2179 503 2236 tione
510 2182 801 2251 judicium,
827 2194 879 2239 et
910 2185 965 2240 in
997 2188 1203 2242 nomine
1225 2189 1337 2259 ejus
1364 2202 1538 2261 gentes
1564 2196 1847 2264 sperabunt
1876 2197 1942 2253 ”.

362 2273 517 2341 Quod
540 2274 682 2330 enim
702 2276 816 2331 haec
838 2277 904 2332 de
930 2275 1147 2333 Christo
1168 2281 1446 2351 propheta:
1479 2286 1745 2355 nuntient,
1763 2288 1941 2358 palam

363 2364 648 2423 Matthaeus
694 2369 934 2424 ostendit
972 2369 1026 2424 in
1071 2370 1400 2443 Evangelio,
1444 2389 1514 2430 ex
1553 2384 1710 2446 parte
1756 2381 1942 2436 mutila

360 2460 536 2516 citans
567 2471 622 2517 et
642 2462 860 2519 dicens:
894 2464 961 2519 Ut
1001 2466 1309 2537 impleretur
1351 2473 1491 2541 quod
1520 2474 1718 2529 dictum
1741 2487 1817 2531 est
1850 2496 1942 2548 per

357 2550 663 2621 prophetam
681 2571 700 2609 :
731 2553 854 2610 Non
871 2561 1167 2624 contendet,
1191 2572 1236 2615 et
1261 2579 1363 2618 non
1383 2567 1626 2622 clamabit
1645 2569 1710 2634 ⁸⁸,
1740 2579 1794 2625 et
1821 2586 1941 2641 qua:

360 2655 704 2712 sequuntur.
770 2648 1009 2705 Vocatur
1046 2653 1209 2707 etiam
1250 2654 1413 2711 David
1440 2656 1713 2727 Christus,
1773 2664 1935 2719 veluti

356 2736 575 2802 quando
604 2736 855 2794 Ezechiel
889 2745 1223 2811 prophetans
1253 2747 1320 2801 ad
1371 2761 1623 2817 pastores
1656 2755 1937 2826 subiungit

355 2838 426 2878 ex
455 2840 683 2895 persona
716 2828 853 2886 Dei:
900 2829 1151 2890 Excitabo
1184 2835 1353 2892 David
1382 2857 1587 2896 servum
1622 2860 1813 2913 meum,
1842 2850 1935 2918 qui

354 2929 493 2987 reget
523 2936 611 2975 eos
639 2920 707 2980 “.
736 2920 849 2978 Non
875 2926 1019 2980 enim
1042 2926 1208 2984 David
1233 2920 1539 3000 patriarcha
1567 2949 1824 3010 exsurget
1851 2956 1934 2995 re-

350 3018 543 3067 cturus
563 3025 805 3082 sanctos,
840 3017 933 3073 sed
971 3019 1241 3078 Christus.
1274 3023 1354 3078 Ad
1380 3026 1495 3081 hmc
1525 3027 1728 3099 virgam
1758 3042 1811 3085 et
1836 3030 1934 3083 llu-

2064 522 2213 577 Θεοῦ
2240 524 2447 592 σοςρία.
2484 524 2629 595 Πρὸς
2651 523 2863 588 τούτοις
2887 525 2971 579 ὅτι
2997 528 3091 580 καὶ
3115 527 3384 599 ἁγιασμός
3405 529 3524 580 ἐστι
3546 526 3652 582 καὶ

2059 614 2471 686 ἀπολύτρωσις·
2507 617 2612 681 ⁸ος
2633 615 2887 686 ἐγενήθη
2919 617 3051 689 γὰρ,
3086 620 3240 689 φησὶ,
3271 619 3462 689 σοφία
3491 618 3650 689 ἡμῖν

2058 706 2179 760 ἀπὸ
2238 705 2388 759 Θεοῦ
2413 743 2430 769 ,
2472 704 2828 774 δικαιοσύνη
2884 724 2948 761 τε
3001 707 3102 761 καὶ
3159 709 3478 779 ἁγιασμὸς,
3537 710 3649 763 καὶ

2058 796 2497 864 ἀπολύτρωσις.
2541 797 2701 850 Ἀλλά
2747 798 2840 851 καὶ
2883 798 3144 870 ἀρχιερέα
3183 800 3352 871 μέγαν
3390 801 3646 855 διδάσκει

2059 888 2209 959 ἡμᾶς
2257 888 2421 941 αὐτὸν
2484 889 2776 960 τυγχάνειν
2827 889 2967 960 πρὸς
3027 891 3314 962 Ἐϐραίους
3372 892 3641 963 γράφων·

2060 979 2347 1048 Ἔχοντες
2377 974 2493 1034 οὖν
2516 979 2794 1050 ἀρχιερέα
2819 981 3453 1051 μέγαν,διεληλυθότα
3489 982 3642 1048 τοὺς

2056 1069 2373 1137 οὐρανοὺς,
2403 1070 2654 1137 Ἰησοῦν
2679 1070 2787 1123 τὸν
2827 1071 2967 1125 Υἱὸν
2987 1071 3094 1126 τοῦ
3124 1072 3296 1137 Θεοῦ,
3328 1071 3647 1141 κρατῶμεν

2055 1165 2165 1234 τῆς
2206 1167 2549 1237 ὁμολογίας.
2587 1166 2653 1220 Ol
2687 1165 2745 1219 δὲ
2795 1168 3072 1238 προφῆται
3118 1166 3271 1241 παρὰ
3320 1167 3496 1221 ταῦτα
3539 1166 3646 1220 καὶ

2053 1258 2261 1330 ἑτέροις
2297 1258 2556 1329 ὀνόμασιν
2601 1258 2764 1311 αὑτὸν
2813 1258 3098 1313 καλοῦσιν·
3129 1262 3158 1314 6
3192 1259 3291 1331 μὲν
3338 1258 3535 1314 Ἰακὼὸ
3578 1262 3644 1313 ὲν

2051 1353 2119 1422 τῇ
2147 1349 2284 1421 πρὸς
2306 1351 2433 1413 τοὺς
2456 1351 2606 1414 υίοὺς
2638 1350 2858 1421 εὐλογίᾳ
2907 1350 3127 1404 Ἰούδαν·
3167 1352 3228 1405 τὸ
3254 1351 3381 1424 γάρ·
3413 1352 3642 1416 Ἰούδα,

2052 1444 2129 1500 σὲ
2159 1443 2519 1499 αὶνέσαισαν
2548 1446 2604 1497 ol
2631 1443 2886 1513 ἀδελφοί
2906 1459 3047 1505 σου.
3079 1446 3141 1497 al
3168 1443 3363 1512 χεῖρές
3386 1461 3507 1499 σου
3530 1445 3641 1498 ἐπὶ

2051 1535 2242 1589 νώτου
2273 1534 2393 1588 τῶν
2421 1534 2651 1605 ἐχθρῶν
2673 1550 2811 1590 σου.
2844 1536 3119 1605 Σκύμνος
3136 1535 3383 1603 λέοντος
3410 1536 3639 1593 Ἰούδα·

2049 1630 2120 1683 ἐκ
2170 1630 2473 1695 βλαστοῦ,
2507 1629 2599 1685 υίέ
2620 1647 2776 1700 μου,
2809 1629 3062 1698 ἀνέϐης·
3112 1629 3434 1684 ἀναπεσὼν
3472 1631 3638 1684 ἐκοι-

2045 1722 2245 1792 μήθης
2267 1724 2349 1789 ὡς
2374 1721 2553 1789 λέων,
2584 1722 2681 1776 καὶ
2702 1722 2783 1788 ὡς
2797 1723 3086 1792 σκύμνος.
3112 1721 3206 1788 Τίς
3219 1720 3639 1792 ἐγιερεῖιιύτόν;

1979 1780 2023 1840 Β
2159 1780 2302 1870 κατὰ
2323 1780 2423 1870 τὸν
2458 1780 2787 1887 ἐνειστηκὰτα
2816 1815 2875 1869 δὲ
2911 1780 3104 1888 ξιαιρδν
3145 1780 3272 1870 Ean.
3300 1780 3436 1888 πρὸς
3481 1817 3637 1883 λέξιν

2051 1909 2425 1981 παραστῆσαι,
2478 1908 2597 1973 πῶς
2624 1910 2693 1964 τὰ
2722 1910 2801 1983 τῷ
2842 1911 3011 1984 Ἰούδᾳ
3039 1910 3304 1981 λεγόμενα
3335 1910 3463 1981 περὶ
3496 1907 3637 1980 Χρι-

2050 1999 2176 2053 στοῦ
2216 2002 2386 2054 ἐστιν.
2405 2000 2567 2054 Ἀλλὰ
2589 2002 2683 2055 καὶ
2702 2002 3055 2075 ἀνθυποφορὰ
3068 2003 3307 2071 εὐλόγως
3329 2000 3637 2071 ἐπενεχθῆ-

2045 2108 2134 2145 ναι
2161 2092 2434 2164 δυναμένη
2454 2134 2469 2158 ,
2496 2095 2619 2147 Οὐκ
2650 2094 2924 2177 ἐοκλείψει
2948 2094 3150 2164 ἄρχων
3178 2092 3248 2159 ἐξ
3287 2091 3497 2157 Ἰούδα,
3523 2092 3630 2146 καὶ

2044 2184 2376 2253 ἡγούμενος
2398 2185 2468 2238 ἐκ
2514 2182 2635 2239 τῶν
2677 2184 2887 2254 μηρῶν
2933 2184 3141 2248 αὑτοῦ,
3187 2183 3300 2250 ἕως
3345 2182 3424 2237 ἂν
3473 2182 3629 2249 ἔλθῃ

2041 2266 2091 2339 ᾧ
2121 2275 2428 2329 ἀπόκειται
2451 2276 2583 2349 (95),
2609 2276 2669 2330 ὲν
2705 2276 2885 2340 ἄλλοις
2898 2276 3281 2349 εὐκαιρότερον
3305 2274 3624 2345 λυθήσεται.

2043 2363 2165 2420 Οἵδε
2202 2366 2260 2420 δὲ
2296 2368 2387 2422 τὸν
2419 2367 2654 2440 Χριστὸν
2710 2368 2903 2422 Ἰακὼϐ
2953 2371 3048 2423 καὶ
3091 2367 3304 2439 Ἰσραὴλ
3353 2364 3625 2436 ὀνομαζόο

2045 2475 2203 2530 μενον
2243 2460 2488 2528 Ἡσαΐας,
2514 2460 2715 2530 λέγων·
2760 2460 2969 2516 Ἰακὼϐ
2989 2464 3023 2516 d
3045 2459 3186 2527 παῖς
3204 2476 3346 2531 μου,
3369 2455 3621 2524 ἀντιλῆ-

2039 2553 2228 2620 ψομαι
2279 2551 2486 2608 αὐτοῦ·
2544 2552 2793 2622 Ἰσραὴλ
2838 2557 2872 2608 ό
2908 2553 3198 2620 ἐκλεκτός
3235 2569 3376 2622 μου,
3430 2565 3624 2619 προσ-

2036 2641 2283 2708 εδέξατο
2309 2643 2498 2698 αὐτὸν
2522 2646 2560 2713 ἡ
2585 2645 2756 2715 Ψυχή
2796 2663 2939 2716 μου.
2966 2644 3183 2713 Κρίσιν
3217 2641 3343 2710 τοῖς
3369 2642 3624 2698 ἔθνεσιν

2035 2734 2393 2805 ἀπαγγελεῖ·
2427 2738 2541 2790 οἰκ
2562 2736 2770 2806 ἐρίσει,
2797 2735 2941 2791 οὐδέ
2984 2734 3211 2806 πράξει,
3251 2733 3395 2788 οὐδὲ
3432 2733 3620 2789 ἀκού-

2034 2839 2131 2878 σει
2159 2842 2247 2891 τις
2275 2825 2494 2893 ἐνταις
2520 2827 2833 2893 πλατείαις
2872 2826 2987 2896 τὴν
3009 2825 3222 2896 φωνὴν
3257 2824 3462 2880 αὐτοῦ.
3493 2822 3617 2877 Κάε-

2032 2923 2231 2990 λαμον
2275 2921 2783 2993 συντετριμμένον
2819 2924 2891 2976 οὐ
2945 2921 3239 2987 κατεάξει,
3280 2921 3379 2974 καὶ
3434 2922 3618 2975 λίνον

2034 3014 2374 3081 τυφόμενον
2417 3015 2491 3068 οὐ
2531 3012 2760 3078 σϐέσει,
2790 3013 2903 3080 ἕως
2934 3012 3012 3067 ἂν
3037 3012 3263 3081 ἐκϐάλῃ
3295 3013 3363 3066 ἐκ
3401 3013 3615 3079 νίκους

352 3117 467 3158 rem
505 3108 745 3176 appellat
772 3109 1047 3167 Christum
1090 3113 1255 3171 Isaias
1281 3117 1366 3172 his
1397 3119 1620 3178 verbis:
1680 3121 1904 3194 Egredie

2034 3106 2147 3175 τὴν
2172 3108 2393 3175 κρίσιν,
2433 3107 2531 3161 καὶ
2568 3105 2647 3174 τῷ
2678 3108 2922 3177 ὀνόματι
2957 3107 3153 3194 aoon
3188 3106 3333 3176 ἔθνη
3370 3107 3610 3161 ἐλπιοῦ-

350 3206 439 3249 tur
463 3198 608 3269 uirga
633 3201 698 3255 de
720 3204 897 3258 radice
918 3204 1088 3271 Jesse,
1112 3217 1157 3260 et
1179 3209 1282 3277 [los
1309 3209 1372 3263 de
1402 3212 1579 3266 radice
1600 3215 1714 3284 ejus
1744 3232 1927 3270 ascen-

350 3286 459 3351 det,
487 3298 534 3344 et
556 3292 838 3361 requiescet
868 3312 1026 3365 super
1046 3314 1163 3352 eum
1188 3298 1424 3368 Spiritus
1451 3301 1687 3370 Domini,
1709 3308 1925 3376 spiritus

345 3379 621 3449 sapientia
655 3393 703 3437 et
733 3383 1052 3451 intellectus,
1086 3389 1301 3458 spiritus
1338 3393 1550 3447 consilii
1576 3407 1622 3448 et
1647 3396 1922 3465 fortitudi-

347 3471 451 3536 nis,
507 3473 729 3543 spiritus
775 3479 1090 3547 cognitionis
1141 3493 1189 3536 et
1217 3484 1451 3551 pietatis,
1484 3497 1533 3540 et
1559 3490 1772 3558 replebit
1804 3508 1921 3545 eam

345 3561 565 3626 spiritus
590 3566 797 3622 timoris
829 3568 929 3625 Dei
959 3572 1025 3626 “.
1059 3571 1179 3627 Jam
1213 3574 1348 3646 lapis
1382 3578 1545 3632 etiam
1573 3579 1769 3635 dicitur
1813 3582 1921 3638 Do-

346 3650 529 3707 tninus
554 3665 772 3723 noster;
806 3657 879 3713 ita
927 3658 981 3713 in
1028 3659 1255 3717 Psalmis
1299 3681 1313 3717 :
1361 3663 1608 3736 Lapidem
1654 3685 1805 3738 quem
1838 3687 1919 3724 re-

340 3742 689 3809 probaverunt
731 3747 1076 3817 aediﬁcantes,
1124 3751 1212 3806 hic
1254 3753 1429 3823 [actus
1458 3767 1532 3809 est
1558 3758 1609 3811 in
1634 3771 1790 3829 caput
1819 3779 1915 3816 an-

340 3832 489 3901 guli:
517 3854 549 3892 a
583 3837 806 3895 Domino
830 3843 1004 3909 factus
1025 3856 1099 3899 est
1121 3847 1229 3910 hic,
1253 3857 1303 3900 et
1332 3859 1408 3902 est
1431 3851 1690 3906 mirabilis
1715 3855 1769 3907 in
1800 3872 1919 3909 ocu-

340 3925 410 3981 lis
445 3932 639 3985 nostris
666 3932 731 3990 “.
773 3934 1017 3993 Declarat
1042 3948 1219 3995 autem
1248 3940 1618 4011 Evangeliunt,
1648 3954 1703 4000 et
1739 3945 1916 4004 Lucas

340 4016 397 4073 in
431 4017 720 4078 Aetis-non
761 4025 925 4080 alium
960 4043 1083 4084 esse
1111 4030 1369 4101 lapidem,
1401 4049 1565 4104 quam
1598 4036 1912 4107 Christum;

338 4109 688 4183 Evangelium
739 4115 958 4185 quidem
1002 4120 1083 4174 sic
1122 4137 1135 4173 :
1178 4120 1468 4190 Nunquam
1518 4126 1719 4197 legistis
1751 4147 1771 4186 :
1803 4129 1921 4185 La-.

335 4202 510 4274 pidem
555 4223 707 4275 quem
761 4210 1166 4279 reprobaverunt
1203 4215 1530 4284 aediﬁcantes
1558 4258 1573 4282 ,
1610 4219 1694 4274 hic
1736 4221 1913 4291 [actus

334 4307 409 4351 est
441 4299 496 4353 in
527 4308 682 4370 caput
709 4302 932 4371 anguli?
960 4301 1162 4369 Omnis,
1197 4308 1287 4377 qui
1316 4309 1564 4364 ceciderit
1593 4329 1751 4383 super
1773 4316 1913 4386 lapi-

334 4389 454 4444 dent
496 4392 668 4459 hunc,
704 4402 1037 4460 conteretur;
1078 4414 1234 4468 super
1271 4416 1425 4466 quem
1471 4420 1589 4457 vero
1630 4406 1905 4475 ceciderit,

2030 3212 2154 3251 σιν·
2184 3198 2267 3251 ὅτι
2300 3197 2408 3270 γὰρ
2439 3201 2469 3253 6
2500 3198 2734 3271 Χριστός
2778 3199 2895 3252 ἐστι
2941 3199 3068 3270 περὶ
3100 3192 3162 3253 οὗ
3197 3196 3369 3251 ταῦτα
3397 3215 3611 3269 προφη-

2026 3285 2263 3350 τεύεται,
2293 3287 2483 3358 σαφῶς
2512 3289 2541 3342 6
2572 3287 2850 3353 Ματθαῖος
2880 3286 3031 3359 δηλοῖ
3064 3289 3123 3342 ὲν
3162 3287 3241 3359 τῷ
3296 3289 3608 3360 Εὑαγγελίῳ

2028 3379 2287 3450 μνησθεὶς
2332 3379 2442 3433 ἀπὸ
2485 3378 2685 3451 μέρους
2727 3380 2827 3452 τῆς
2864 3380 3190 3452 περικοπῆς,
3242 3378 3443 3433 εἰπών·
3476 3382 3605 3435 Ἵνα

2023 3470 2310 3538 πληρωθῇ
2345 3470 2409 3524 τὸ
2445 3470 2793 3540 εἰρημένον·
2822 3474 2945 3527 Οὐκ
2968 3470 3176 3540 ἐρίσει,
3203 3473 3348 3526 οὐδὲ
3377 3470 3603 3541 κράξει,

2023 3561 2116 3614 καὶ
2148 3560 2218 3614 τὰ
2263 3560 2410 3631 ἑξῆς.
2464 3562 2721 3616 Καλεϊται
2754 3563 2811 3617 δὲ
2850 3563 2945 3617 καὶ
2992 3563 3155 3618 Δαυῒδ
3183 3565 3212 3618 6
3245 3565 3481 3638 Χριστὸς
3526 3567 3602 3631 ὡς

2021 3651 2159 3705 ὲπάν
2209 3651 2468 3726 Ἰεζεκιὴλ
2485 3654 2871 3727 προφητεύσας
2895 3656 3031 3729 πρὸς
3054 3657 3181 3722 τοὺς
3204 3658 3463 3729 ποιμένας
3485 3659 3604 3712 ἐπι-

2020 3742 2161 3816 φέρῃ
2216 3746 2280 3798 sit
2334 3745 2627 3817 προσώπου
2667 3747 2801 3801 Θεοῦ
2822 3765 2835 3779 ·
2885 3748 3239 3817 Ἀναστήσω
3278 3750 3458 3804 Δαυῒδ
3496 3752 3594 3804 τὸν

2017 3835 2201 3889 παῖδά
2250 3854 2389 3906 μου,
2446 3836 2515 3905 ὃς
2559 3841 2841 3909 ποιμανεῖ
2879 3842 3119 3909 αὐτούς·
3172 3842 3232 3895 οὐ
3256 3841 3365 3914 γὰρ
3389 3843 3599 3900 Δαυῒδὸ

2017 3928 2363 4001 πατριάρχης
2426 3931 2789 4003 ἀναστήσεται
2844 3933 3151 4005 ποιμαίνειν
3211 3933 3421 4005 μέλλων
3473 3937 3597 4001 τοὺς

2014 4023 2222 4093 ἁγίους,
2253 4024 2388 4078 ἀλλὰ
2426 4027 2683 4099 Χριστός.
2722 4029 2844 4082 Ἔτι
2870 4028 2928 4081 δὲ
2959 4031 2987 4082 6
3028 4030 3259 4093 Ἡσαΐας
3291 4029 3487 4101 ῥάϐδον
3508 4033 3597 4085 καὶ

2013 4116 2171 4181 ἄνθος
2200 4116 2457 4190 ὀνομάζει
2495 4120 2586 4173 τὸν
2630 4120 2866 4193 Χριστὸν
2914 4124 2973 4175 ὲν
3023 4122 3135 4192 τῷ·
3190 4122 3595 4188 Ἐξελεύσεται

2004 4206 2227 4275 ῥάϐδος
2251 4209 2319 4263 ἐκ
2364 4206 2474 4278 τῆς
2505 4209 2676 4279 ῥίζης
2712 4212 2947 4277 Ἰεσσαὶ,
2993 4213 3093 4268 καὶ
3120 4213 3304 4281 ἄνθος
3357 4214 3428 4269 ἐκ
3486 4216 3594 4282 τῆς

2003 4296 2171 4366 ῥίζης
2208 4299 2591 4367 ἀναϐήσεται,
2636 4302 2734 4356 καί
2764 4302 3257 4358 ἐπαναπαύσεται
3284 4304 3379 4357 ἐπ’
3407 4305 3592 4359 αὐτὸν

2012 4389 2248 4460 πνεῦμα
2272 4390 2380 4445 τοῦ
2406 4392 2575 4458 Θεοῦ,
2610 4393 2848 4465 πνεῦμα
2874 4396 3097 4466 σοφίας
3126 4396 3226 4451 καί
3259 4396 3590 4464 συνέσεως,

332 4490 566 4536 conteret
596 4498 711 4537 eum
754 4482 822 4537 “.
853 4483 910 4538 In
942 4486 1091 4541 Artis
1127 4503 1255 4544 vero
1285 4489 1460 4548 Lucas
1494 4494 1811 4552 scribit:llic
1833 4468 1908 4553 est

2012 4481 2250 4549 πνεῦμα
2275 4483 2517 4553 ,βουλῆς
2535 4485 2632 4539 καὶ
2664 4487 2896 4557 ἰσχύος,
2924 4488 3161 4558 πνεῦμα
3187 4487 3462 4558 γνώσεως
3495 4489 3591 4543 καί

330 4573 467 4641 lapis
504 4573 593 4629 ille
619 4575 710 4646 qui
751 4576 971 4644 rejectus
1001 4592 1081 4633 est
1125 4598 1157 4634 a
1184 4582 1327 4637 vobis
1364 4585 1782 4654 wdiﬁcantibus,
1819 4593 1911 4662 qui

328 4664 503 4737 factus
536 4677 611 4722 est
648 4679 807 4739 caput
836 4671 1015 4740 anguli
1042 4673 1110 4729 ⁸⁸.
1147 4673 1281 4729 Cum
1310 4676 1478 4747 igitur
1509 4676 1744 4735 Verbum
1775 4682 1906 4739 illud

326 4757 473 4829 quod
519 4764 639 4813 erat
669 4758 724 4814 in
777 4760 1082 4832 principio,
1137 4763 1416 4836 Verbum,
1469 4769 1725 4838 inquam,
1761 4771 1905 4831 Deus

325 4851 467 4921 apud
506 4850 674 4907 Deum
697 4890 714 4919 ,
744 4868 908 4909 unum
947 4858 1017 4912 sit
1059 4872 1125 4913 ex
1164 4859 1477 4917 nominibus
1508 4861 1785 4920 Servatori
1818 4877 1905 4923 at-

327 4939 565 5007 tributis,
597 4958 699 5000 nec
751 4955 933 5003 tamen
964 4948 1033 5004 ab
1077 4950 1196 5021 ipso
1232 4952 1455 5020 dictum,
1486 4957 1583 5010 sed
1629 4970 1659 5010 a
1689 4955 1903 5016 Joanne

322 5032 609 5103 scriptum,
656 5048 838 5105 opera:
869 5038 1104 5107 pretium
1145 5042 1309 5098 luerit
1338 5044 1545 5099 instare
1577 5045 1643 5101 iis
1673 5048 1786 5117 qui,
1820 5058 1902 5105 tot

323 5139 355 5180 ιι
389 5125 548 5181 nobis
599 5137 918 5184 enumerata
967 5133 1186 5188 nomina
1235 5139 1714 5206 praetermittentes
1743 5183 1759 5209 ,
1794 5144 1900 5200 hoc

319 5215 436 5273 solo
470 5214 631 5274 Verbi
666 5221 931 5279 vocabulo
961 5238 1060 5279 ceu
1094 5228 1370 5296 praecipuo
1395 5240 1658 5288 utuntur:
1704 5250 1897 5293 rursus

317 5325 507 5366 corum
535 5311 1061 5385 interpretationem,
1096 5317 1142 5374 si
1168 5334 1272 5390 qua
1302 5322 1425 5392 quis
1453 5325 1771 5394 protulerit,
1805 5343 1890 5385 re-

316 5402 596 5470 quirentes
619 5444 636 5472 ,
673 5415 729 5462 et
764 5407 870 5465 hoc
915 5425 1083 5466 unum
1116 5409 1277 5468 Verbi
1314 5415 1635 5471 vocabulum
1688 5420 1892 5477 admit-

420 5567 463 5642 ξ’
488 5570 623 5629 Gen.
669 5589 817 5642 ηις,
857 5575 917 5641 8,
970 5578 1023 5634 9.
1127 5579 1171 5612 ⁸⁸
1200 5578 1441 5637 ibid.l0.

1554 5582 1598 5616 ”
1627 5581 1735 5658 lsa:
1784 5586 1915 5658 Cap.
1948 5606 2079 5655 xw,
2114 5604 2256 5645 vers.
2289 5590 2404 5648 ι-ι.

309 5630 356 5666 ⁸*
399 5636 597 5699 Ezech.
629 5630 816 5712 uwa
841 5630 935 5705 εις.
974 5630 1054 5683 ’⁸³
1093 5630 1467 5721 Ιειξῖιῖὶἱὲ,
1499 5652 1553 5709 5.
1627 5630 1908 5715 ῖῗρεείῖνέ

2004 5630 2332 5727 ’ἱξέὲζ’”ὲέ.

2010 4575 2341 4641 εὐσεϐείας,
2386 4577 2484 4631 καί
2530 4577 2831 4647 ἐμπλήσει
2876 4580 3069 4635 »αὑτὸν
3119 4580 3353 4651 πνεῦμα
3402 4582 3590 4650 ερόόον

2013 4668 2182 4723 Θεοῦ.
2212 4669 2323 4722 Καὶ
2352 4668 2499 4733 λίθος
2529 4670 2587 4724 δὲ
2624 4672 2683 4727 ὲν
2719 4672 2832 4735 τοῖς
2864 4670 3114 4742 Ψαλμοῖς
3139 4673 3168 4724 6
3197 4672 3401 4743 Κύριος
3430 4671 3588 4745 ἡμῶν

2009 4756 2148 4814 εἶναι
2188 4759 2406 4832 λέγεται
2440 4760 2647 4827 οὕτως·
2683 4764 2868 4818 Λίθον
2912 4762 2987 4818 ὃν
3029 4762 3485 4834 ἀπεδοκίμασαν
3534 4768 3587 4820 ol

2005 4851 2476 4922 οἰκοδομοῦντες,
2509 4849 2690 4921 οὗτος
2722 4856 2976 4926 ἐγενήθη
3026 4859 3114 4924 είς
3163 4857 3440 4928 κεφαλὴν
3470 4877 3582 4929 γω-

2006 4944 2161 5011 νίας.
2192 4946 2359 5015 Παρὰ
2395 4948 2617 5016 Κυρίου
2647 4947 2882 5017 ἐγένετο
2933 4949 3109 5019 αὐτὴ,
3141 4950 3242 5007 καὶ
3284 4952 3419 5006 ἔστι
3444 4954 3584 5007 θαυ-

1998 5036 2204 5108 μαστὴ
2248 5039 2319 5092 ἐν
2364 5040 2695 5109 ὀφθαλμοῖς
2725 5043 2910 5111 ἡμῶν.
2946 5042 3107 5114 Δηλοῑ
3136 5042 3193 5097 δὲ
3230 5042 3292 5096 τὺ
3335 5043 3581 5114 Εὐαγγέ-

2004 5130 2138 5196 λιον,
2178 5132 2272 5186 καὶ
2316 5133 2376 5186 ὲν
2410 5135 2530 5197 ταῖς
2575 5133 2847 5206 Πράξεσιν
2885 5136 2915 5188 6
2944 5137 3179 5202 Λουκᾶς,
3213 5137 3314 5191 οὐκ
3353 5137 3513 5192 ἄλλον
3544 5138 3575 5209 ἢ

2000 5220 2093 5274 τὸν
2118 5222 2351 5292 Χριστὸν
2388 5219 2524 5276 εῖναι
2553 5224 2648 5278 τὸν
2675 5224 2820 5279 λίθον
2841 5242 2857 5256 ·
2887 5225 2949 5279 τὸ
2990 5226 3091 5297 μὲν
3129 5226 3460 5297 Εὑαγγέλιον
3491 5227 3579 5282 οὖ-

1997 5338 2135 5387 τως·
2176 5321 2473 5378 Οὐδέποτε
2503 5324 2831 5395 ἀνέγνωτε·
2889 5329 3070 5396 Λίθος
3111 5327 3185 5383 ὃν
3221 5328 3575 5398 ἀπεδοκίμα-

1996 5440 2128 5492 σαν,
2140 5427 2196 5479 ol
2222 5425 2699 5497 οῑκοδομοῦντες,
2722 5425 2902 5497 οὗτος
2920 5429 3171 5500 ἐγενήθη
3196 5434 3283 5498 εὶς
3303 5430 3575 5502 κεφαλὴν

2512 5591 2562 5663 ξ·
2587 5590 2776 5663 Matth.
2839 5591 2971 5663 Cap.
2998 5607 3116 5663 Axn,
3156 5606 3301 5663 vers.
3359 5590 3449 5655 l7,
3485 5588 3566 5663 l9.

2411 5660 2457 5693 ιδ
2486 5659 2683 5720 Matth.
2727 5678 2842 5730 xxi,
2885 5659 3074 5718 (2-H.
3150 5662 3199 5695 “
3224 5664 3344 5717 Act.
3374 5676 3452 5727 tv,
3481 5661 3565 5715 ll.

383 5774 495 5849 (95)
529 5779 681 5837 "Em
707 5783 783 5840 ἂν
811 5787 957 5859 ἔλθῃ
982 5781 1029 5859 ᾧ
1054 5788 1380 5849 ἀπόκειται.
1416 5753 1543 5851 llaec
1591 5791 1784 5853 desunt
1816 5795 1868 5852 in
1900 5815 1908 5852 ι

2004 5797 2134 5853 ,ione
2166 5793 2368 5866 Huctii,
2393 5797 2485 5855 sed
2514 5799 2871 5856 restituuntur
2901 5814 2931 5855 e
2975 5797 3158 5855 codice
3181 5797 3494 5856 Bodleiano.
