3792 6146
170 340 237 393 ω
1257 310 1621 374 COMMENT.
1662 309 1728 369 IN
1759 307 1795 365 ιι

1907 307 1956 362 Ni.
1994 305 2235 363 TOMUS
2262 304 2305 361 1.

3354 293 3424 351 66

172 451 367 522 των-(ας
382 462 400 511 ;
428 445 556 511 Πᾶς
591 446 625 499 ὁ
655 441 873 497 πεσὼν
894 439 995 494 ἐπὶ
1026 436 1130 491 τὸν
1151 435 1328 490 λίθον
1360 430 1574 486 τοῦτον
1598 443 1745 482 συν·
1774 426 1795 483 Δ

1907 433 2062 478 ntes:
2097 431 2354 491 tanquam
2400 417 2610 488 liqueat
2653 413 2784 486 quid
2816 414 2888 471 sit
2923 412 3095 470 Filius
3127 409 3256 476 Dei,
3287 407 3424 464 Ver-

170 520 565 608 tuaodvia‘stat
591 553 605 568 ·
655 535 749 604 ἐφ’
783 533 859 587 ὃν
887 532 940 585 δ’
968 529 1044 585 ἂν
1081 526 1265 595 πέσῃ,
1309 520 1596 593 λικμήσει
1649 520 1749 574 ai)—

168 636 284 688 τόν.
313 631 398 684 Ἑν
427 628 488 682 δὲ
517 630 642 690 ταῖς
673 623 954 695 Πράξεσιν
976 625 1005 676 ὁ
1038 620 1252 682 Λουκᾶς
1289 616 1522 688 γράφει*
1563 608 1751 677 Οὗτός

169 724 329 777 ἐστιν
349 724 381 776 ὀ
400 721 580 786 λίθος
611 720 644 772 ὁ
670 715 1097 781 ἐξουδενωθεὶς
1129 713 1231 781 ὑφ’
1259 709 1427 780 ὑμῶν
1452 706 1570 761 τῶν
1589 707 1751 761 οἱκο-

170 815 375 881 δόμωγ,
416 813 452 865 ὁ
478 810 806 880 γενόμενος
848 808 937 872 εἰς
968 802 1244 874 κεφαλὴν
1273 799 1512 871 γωνίας.
1545 796 1641 850 Ἕν
1693 793 1751 847 δὲ

174 905 273 958 τῶν
314 902 413 956 ἐπὶ
470 901 566 955 τοῦ
609 898 865 971 Σωτῆρος
908 894 1258 965 τεταγμένων
1298 891 1600 963 ὀνομάτων,
1634 886 1752 941 ἀλλ’

171 995 266 1064 οὐχ
302 995 400 1046 ὑπ’
436 991 601 1046 αὐτοῦ
632 989 951 1060 λεγόμενον,
980 987 1086 1040 ὑπὸ
1112 984 1169 1039 δὲ
1197 984 1291 1038 τοῦ
1336 982 1585 1037 Ἰωάννου
1624 980 1755 1033 ἀνα-

172 1085 576 1156 γεγραμμένον,
612 1080 731 1135 ἔστι
767 1079 863 1133 καὶ
892 1079 923 1130 ὀ
964 1078 1022 1129 ἐν
1074 1076 1216 1146 ἀρχῇ
1262 1073 1434 1142 Λόγος
1483 1071 1618 1142 πρὸς
1663 1070 1754 1123 τὸν

170 1175 301 1229 Θεὸν
316 1174 452 1236 Θεὸς
477 1170 671 1239 Λόγος.
709 1168 821 1223 Καὶ
845 1166 993 1221 ἐστιν
1024 1164 1171 1232 ἄξιον
1189 1163 1483 1233 ἐπιστῆσαι
1497 1162 1609 1224 τοῖς
1644 1158 1752 1230 (96)

173 1267 243 1321 τά
294 1264 537 1319 τοσαῦτα
575 1261 688 1316 τῶν
734 1258 1153 1331 ὀνομαζομένων
1206 1253 1753 1328 παραπεμπομένοις,

175 1358 272 1412 καὶ
303 1356 476 1429 τούτῳ
500 1355 579 1419 ὡς
608 1352 871 1425 ἐξαιρέτῳ
902 1350 1227 1423 χρωμένοις,
1253 1349 1348 1401 καὶ
1375 1347 1535 1402 πάλιν
1559 1344 1761 1400 ἐπικεί-

180 1468 338 1519 μενον
361 1451 462 1518 μὲν
486 1448 600 1517 (97)
622 1446 869 1517 διήγησιν
897 1442 1168 1515 ζητοῦσιν,
1191 1439 1347 1503 εἴτις
1377 1438 1562 1500 αὐτοῖς
1586 1452 1758 1508 προσ-

178 1546 299 1611 άγοι
326 1540 490 1603 αὐτὰ,
530 1541 626 1592 ἐπὶ
671 1537 727 1591 δὲ
768 1536 945 1607 τούτῳ
975 1535 1109 1606 (98),
1143 1534 1219 1597 ὡς
1260 1532 1429 1601 σαφὲς
1462 1530 1759 1603 προσιεμέο

179 1653 289 1699 νοις
318 1633 380 1686 τὸ
400 1633 455 1685 τί
484 1631 619 1684 ποτε
652 1632 798 1682 ἐστιν
829 1631 857 1682 ὁ
886 1627 1015 1691 Υἱὸς
1035 1626 1130 1681 τοῦ
1161 1624 1297 1678 Θεοῦ
1333 1624 1507 1693 Λόγος
1561 1624 1761 1694 ὀνομα-

179 1727 427 1796 ζόμενος,
472 1724 570 1776 καὶ
620 1720 852 1794 μάλιστα
899 1720 1022 1773 ἐπεὶ
1069 1718 1305 1790 συνεχῶς
1361 1716 1601 1788 χρῶνται
1646 1715 1757 1786 τῷ,

1852 515 1981 570 bunt
2007 520 2366 581 nuncupatus,
2396 509 2558 578 idque
2585 519 2698 563 tum
2725 507 2960 562 maxime
2984 505 3130 575 quod
3159 501 3418 560 continue

1853 613 2075 660 utantur
2102 604 2206 658 hoc
2237 603 2414 657 dicto:
2454 598 2733 655 Eructavit
2771 614 2864 653 car
2891 612 3064 651 meum
3090 594 3304 649 verbum
3337 591 3430 646 bo-

1855 711 1979 752 num
2007 694 2073 759 “,
2108 693 2489 749 existimantes
2538 691 2731 745 Filium
2782 688 2876 744 Dei
2926 697 3208 757 paternam
3248 683 3431 755 prola-

1857 787 2058 842 tionem
2077 799 2199 841 esse
2229 794 2483 853 tanquam
2517 782 2570 837 in
2600 780 2824 852 syllabis
2850 780 3115 850 positam;
3147 785 3202 833 et
3227 777 3431 833 idcirco

1853 879 2170 952 hypostasin
2198 917 2214 942 ,
2260 876 2369 947 26
2403 884 2457 930 et
2487 872 2896 929 subsistentiam
2929 869 3007 926 illi
3036 909 3055 937 ,
3101 869 3145 925 si
3178 876 3433 923 accurate

1856 972 2000 1043 ipsos
2018 970 2434 1038 interrogemus,
2456 980 2564 1020 non
2591 965 2916 1028 tribuentes,
2941 975 3116 1031 neque
3140 959 3431 1016 essentiam

1857 1061 1974 1132 eius
1996 1061 2376 1132 explanantes,
2408 1058 2642 1112 nondum
2673 1054 2907 1123 dicimus
2934 1052 3095 1108 talem
3120 1051 3202 1106 vel
3233 1052 3395 1106 talem
3416 1090 3433 1117 ,

1857 1156 1953 1210 sed
1988 1153 2480 1224 quomodocunque
2509 1148 2828 1203 essentiam.
2861 1145 3098 1202 Verbum
3131 1144 3276 1201 enim
3304 1158 3433 1215 pro-

1857 1247 2164 1303 nuntiatum
2197 1244 2502 1313 intelligere
2529 1241 2614 1297 vel
2640 1240 2885 1311 vulgaris
2916 1238 3093 1309 quivis
3127 1245 3337 1306 potest;
3376 1243 3449 1301 at_

1857 1339 2172 1397 renuntient
2217 1335 2373 1391 nobis
2404 1344 2457 1390 et
2503 1333 2785 1403 proferant
2834 1330 3072 1386 Verbum
3107 1328 3210 1383 tale
3246 1342 3345 1396 per
3377 1341 3437 1382 sc

1862 1431 2066 1496 vivere,
2094 1430 2237 1500 quod
2270 1426 2354 1482 vel
2384 1441 2489 1481 non
2529 1426 2601 1480 sit
2626 1433 2938 1495 separatum
2966 1438 2995 1476 a
3034 1420 3220 1487 Patre,
3248 1427 3305 1475 et
3334 1421 3435 1475 hac

1861 1522 2025 1576 etiam
2076 1520 2288 1574 ratione
2341 1531 2518 1587 neque
2559 1516 2862 1578 subsistat,
2915 1528 3091 1582 neque
3123 1512 3197 1567 sit
3227 1509 3433 1573 Filius;

1864 1614 1947 1668 vel
1973 1614 2116 1682 quod
2144 1613 2215 1665 sit
2239 1622 2573 1679 separatum,
2602 1615 2657 1662 et
2685 1604 3043 1662 substantiam
3076 1604 3272 1658 habeat
3298 1602 3438 1657 Deus

1867 1705 2129 1759 Verbum.
2179 1701 2365 1770 Itaque
2401 1700 2686 1755 dicendum
2735 1706 2819 1752 est
2868 1712 2974 1750 non
3029 1709 3184 1751 secus
3215 1708 3244 1747 a
3284 1692 3440 1748 nobis

613 1773 892 1884 {summa
908 1830 1028 1883 μου
1048 1773 1235 1882 λόγοὲ
1257 1773 1504 1881 dailan
1522 1773 1759 1880 οἰόμενοι
1792 1773 1795 1826 3

1907 1797 1979 1852 eri
2015 1796 2235 1858 debere,
2270 1807 2393 1848 cum
2428 1790 2689 1856 vocabulo
2718 1787 2884 1843 Verbi
2935 1787 3028 1842 ille
3076 1791 3434 1855 nuncupatur,

179 1910 465 1983 προφορὰν
503 1909 776 1980 πατρικὴν
822 1907 985 1961 οἱονεὶ
1030 1907 1088 1958 ὲν
1144 1903 1434 1969 συλλαϐαῖς
1500 1904 1760 1974 κειμένην

177 2002 317 2059 εἶναι
348 2005 446 2057 τὸν
478 2003 606 2056 Υἱὸν
638 2001 730 2054 τοῦ
775 1998 936 2063 Θεοῦ,
972 1997 1066 2051 καὶ
1107 1997 1249 2050 κατὰ
1273 1995 1432 2049 τοῦτο
1467 1994 1761 2048 ὑπόστασιν

178 2096 352 2167 αὐτῷ,
386 2096 437 2148 εἰ
466 2092 715 2165 ἀκριϐῶς
749 2091 928 2146 αὐτῶν
956 2087 1381 2160 πυνθανοίμεθα,
1409 2088 1469 2141 οὑ
1508 2086 1759 2149 διδόασιν,

178 2189 303 2241 οὐδὲ
367 2187 560 2239 οὐσίαν
617 2183 782 2238 αὑτοῦ
839 2181 1257 2251 σαφηνίζουσιν,
1316 2179 1524 2233 οὐδέπω
1584 2177 1764 2248 φαμὲν

178 2277 405 2337 τοιόνδε.
431 2276 466 2346 ἢ
492 2274 721 2337 τοιάνδε,
753 2272 865 2326 ἀλλ’
901 2272 1048 2334 ὅπως
1068 2270 1199 2323 ποτὲ
1226 2268 1436 2323 οὐσίαν.
1456 2266 1630 2335 Λόγον
1656 2267 1764 2338 γὰρ

179 2366 664 2438 ἀπαγγελλόμενον
712 2365 826 2418 υἱὸν
860 2358 997 2416 εἶναι
1039 2362 1229 2431 νοῆσαι
1273 2359 1367 2413 καὶ
1417 2358 1498 2430 τῷ
1545 2358 1764 2429 τυχόντι

183 2462 332 2513 ἐστὶν
356 2460 677 2529 ἀμήχανον·
716 2455 813 2509 καὶ
843 2454 1013 2521 Λόγον
1030 2451 1271 2505 τοιοῦτον
1304 2448 1484 2514 ζῶντα
1516 2449 1612 2503 καὶ
1650 2449 1766 2520 ἦτοι

181 2550 244 2602 οὐ
289 2547 705 2619 κεχωρισμένον
746 2544 842 2598 τοῦ
901 2542 1134 2614 Πατρὸς,
1180 2542 1278 2595 καὶ
1316 2541 1457 2595 κατὰ
1505 2540 1664 2595 τοῦτο
1691 2538 1770 2610 τῷ

185 2642 262 2713 μὴ
284 2640 597 2709 ὑφεστάναι
622 2638 742 2691 οὐδὲ
776 2637 902 2691 Υἱὸν
937 2637 1295 2705 τυγχάνοντα,
1329 2634 1364 2705 ἢ
1401 2633 1495 2688 καὶ
1536 2649 1769 2705 κεχωρι-

186 2732 387 2801 σμένον
416 2730 517 2783 καὶ
542 2727 900 2799 οὐσιωμένον,
933 2726 1423 2795 ἀωγγελλέτωσαν
1460 2726 1590 2795 ἡμῖν
1639 2723 1772 2776 Θεὸν

186 2824 381 2891 Λόγον.
428 2820 676 2874 Λεκτέον
707 2814 823 2883 οῦν,
859 2819 963 2881 ὅτι,
991 2817 1182 2891 ὥσπερ
1232 2818 1357 2872 καθ’
1395 2816 1623 2870 ἕκαστον
1664 2815 1773 2870 τῶν

186 2910 613 2983 προειρημένων
638 2909 914 2981 ὀνομάτων
943 2909 1049 2963 ἀπὸ
1079 2911 1177 2982 τῆς
1211 2908 1505 2981 ὀνομασίας
1529 2910 1773 2962 ἀναπτυ-

186 3004 341 3057 κτέον
363 3003 469 3073 τὴν
492 3003 700 3055 ἔννοιαν
724 3002 819 3055 τοῦ
842 3000 1265 3073 ὀνομαζομένου,
1294 3000 1388 3055 καὶ
1404 3000 1776 3071 ἐφαρμοστέον

1862 1897 2027 1955 atque
2056 1885 2285 1941 facimus
2315 1882 2634 1953 singillatim
2680 1880 2734 1933 in
2775 1878 3088 1933 nominibus
3124 1875 3394 1947 praedictis
3422 1913 3438 1936 ,

1862 1994 1985 2033 cum
2017 1992 2083 2032 ex
2114 1976 2454 2048 proprietate
2501 1970 2739 2027 nominis
2771 1970 3106 2038 explicamus
3142 1966 3441 2037 intelligen-

1866 2079 1995 2131 tiam
2022 2074 2100 2125 rei
2128 2070 2436 2130 nominataz,
2463 2078 2697 2133 cumque
2734 2072 2914 2118 certas
2944 2061 3180 2115 rationes
3220 2059 3444 2127 adapta-

1865 2178 1985 2219 mus
2022 2160 2090 2215 ad
2123 2158 2501 2228 explicandum
2535 2151 2808 2222 quomodo
2861 2149 3035 2205 Filius
3086 2147 3180 2203 Dei
3222 2147 3322 2202 hoc
3357 2149 3442 2200 vel

1868 2255 1962 2311 illo
1997 2253 2216 2308 nomine
2241 2256 2605 2316 nuncupetur.
2636 2243 2766 2310 Quae
2792 2242 2938 2296 enim
2969 2253 3053 2297 est
3084 2242 3198 2295 haec
3230 2241 3438 2309 privata

1869 2348 2094 2402 istorum
2130 2341 2350 2406 electio,
2380 2353 2485 2393 non
2517 2335 2772 2391 insistere
2797 2334 2848 2388 in
2876 2333 3104 2403 singulis
3135 2333 3441 2404 quibusque

1868 2433 2166 2508 spectando
2212 2433 2319 2487 vim
2350 2428 2599 2484 vocabuli
2628 2466 2643 2490 ,
2698 2426 2793 2482 sed
2821 2465 2838 2490 ,
2869 2435 2928 2479 ut
2956 2426 3026 2479 ita
3059 2425 3271 2491 dicam,
3319 2438 3441 2478 cum

1869 2527 2187 2598 quaesierint
2219 2522 2493 2597 quomodo
2524 2522 2745 2584 ostium,
2785 2519 3055 2589 quomodo
3087 2518 3275 2584 vitem,
3312 2531 3447 2588 qua-

1873 2634 2000 2674 nam
2034 2618 2197 2675 etiam
2226 2617 2293 2670 de
2320 2631 2485 2671 causa
2519 2614 2820 2685 intelligere
2848 2615 3144 2669 debeamus
3172 2626 3300 2667 eum
3327 2625 3447 2668 esse

1871 2709 2035 2772 viam,
2070 2707 2213 2763 idem
2244 2708 2419 2763 solum
2452 2724 2557 2762 non
2595 2707 2772 2764 facere
2798 2746 2813 2772 ,
2842 2721 2966 2761 cum
2997 2703 3152 2759 audis
3190 2716 3313 2757 eum
3342 2701 3445 2756 dici

1874 2800 1927 2855 in
1962 2799 2263 2869 Scripturis
2292 2798 2573 2855 Verbum?
2608 2798 2676 2854 Ut
2704 2812 2836 2869 ergo
2861 2796 3172 2867 diligentius
3197 2808 3263 2852 ac
3293 2810 3447 2851 reve-

1875 2893 2087 2948 rentius
2139 2906 2509 2963 assequamur,
2545 2905 2608 2945 ea
2656 2906 2780 2960 quae
2818 2889 3017 2945 dieturi
3053 2902 3243 2944 sumus
3292 2888 3346 2942 in
3381 2901 3446 2943 ea

1877 2999 1982 3053 qua
2007 2985 2073 3038 de
2104 2984 2303 3054 agitur,
2332 2983 2723 3054 disputatione,
2747 2980 2959 3036 scilicet
2988 2979 3258 3050 quomodo
3281 2978 3451 3035 Filius

191 3096 331 3165 μετὰ
362 3072 718 3159 ἀποδείξεως,
747 3093 864 3156 πῶς
883 3094 912 3145 ὁ
936 3072 1061 3155 Υἱὸς
1092 3090 1189 3144 τοῦ
1224 3091 1358 3144 Θεοῦ
1385 3091 1545 3145 τοῦτο
1566 3090 1628 3144 τὸ
1656 3091 1774 3144 ὅνο-

1907 3077 1978 3132 lei
2018 3077 2229 3131 dicatur
2253 3089 2376 3131 esse
2403 3074 2635 3130 Verbum
2665 3089 2696 3129 a
2731 3073 3038 3128 nominibus
3070 3072 3263 3141 ipsius,
3291 3072 3451 3128 nobis

192 3164 269 3259 μα
323 3183 467 3241 εἶναι
519 3186 761 3254 λέγεται,
805 3184 978 3250 οὕτως
1004 3186 1097 3238 καὶ
1134 3184 1226 3237 ἐπὶ
1260 3182 1354 3237 τοῦ
1389 3184 1570 3252 ’Λόγον
1612 3184 1775 3236 αὐτὸν

1907 3188 1911 3217 ι
1947 3167 2215 3236 principio
2244 3166 2564 3236 propositis.
2604 3166 2927 3234 incipiamus
2958 3179 3179 3221 necesse
3211 3175 3315 3221 est.
3344 3164 3455 3220 Nec

187 3281 558 3350 ὀνομάζεσθαι
593 3278 871 3348 ποιητέον.
908 3278 1009 3341 Τις
1037 3276 1144 3350 γὰρ
1187 3278 1220 3348 ἡ
1263 3275 1649 3348 ἀποκλήρωσις
1689 3277 1775 3344 ἐφ’

190 3373 311 3436 ἑνὸς
342 3373 444 3443 μὲν
475 3371 711 3425 ἑκάστου
741 3369 816 3441 μὴ
848 3367 1096 3423 ἵστασθαι
1128 3368 1221 3421 ἐπὶ
1251 3368 1351 3439 τῆς
1388 3365 1606 3431 λέξεως,
1641 3366 1776 3420 ἀλλὰ

194 3461 328 3535 φέρε
352 3464 536 3514 εἰπεῖν
571 3460 775 3529 ζητεῖν,
811 3458 929 3520 πῶς
960 3458 1121 3512 αὐτὸν
1145 3457 1427 3512 ἐκδεκτέον
1453 3457 1643 3528 θύραν,
1679 3459 1775 3512 καὶ

193 3557 319 3609 τίνα
346 3554 557 3626 τρόπον
578 3550 845 3623 ἄμπελον,
874 3550 995 3603 τίνα
1024 3566 1083 3603 τε
1109 3549 1289 3603 αἰτίαν
1315 3548 1422 3620 (99)
1446 3549 1586 3613 ὁδὸν,
1613 3549 1706 3603 ἐπὶ
1726 3550 1784 3604 δὲ

199 3648 361 3718 μόνου
387 3645 484 3700 τοῦ
500 3646 676 3714 Λόγον
698 3643 860 3696 αὑτὸν
884 3641 1294 3714 ἀναγεγράφθαι
1323 3642 1382 3695 τὺ
1406 3639 1787 3713 παραπλήσιον

195 3738 258 3792 οὐ
291 3738 591 3808 ποιητέον;
630 3736 749 3789 Ἵνα
791 3734 970 3788 τοίνυν
1026 3733 1226 3804 μᾶλλον
1267 3731 1787 3803 δυσωπητικώτερον

199 3827 641 3901 παραδεξώμεθα
668 3826 737 3880 τὰ
762 3825 1135 3897 λεχθησόμενα
1167 3826 1246 3889 εις
1289 3823 1357 3878 τὰ
1384 3822 1629 3893 περὶτοῦ
1672 3822 1789 3886 πῶς

200 3920 375 3988 Λόγος
419 3919 575 3971 ἐστὶν
616 3920 647 3971 ό
692 3917 819 3980 Υἱὸς
848 3916 942 3970 τοῦ
973 3916 1130 3978 Θεοῦ,
1161 3914 1394 3987 ἀρκτέον
1428 3914 1537 3967 ἀπὸ
1576 3913 1686 3968 τῶν
1728 3914 1787 3978 ἐξ

200 4010 376 4081 ἀρχῆς
420 4010 559 4079 ἡμῖν
595 4006 966 4079 προτεθέντων
1004 4007 1283 4077 ὀνομάτων
1326 4005 1511 4059 αὐτοῦ.
1554 4006 1663 4059 Καὶ
1703 4006 1784 4058 ὄτι

203 4101 304 4174 μὲν
329 4100 479 4166 δόξει
508 4101 618 4153 τισὶ
654 4098 857 4170 σφόδρα
894 4098 1296 4170 παρεκὸατικὺν
1326 4093 1466 4151 εἶναι
1511 4098 1573 4151 τὸ
1610 4095 1785 4151 τοιοῦ-

198 4208 312 4256 τον,
337 4192 443 4244 οὐκ
468 4188 771 4261 ἀγνοοῦμεν
790 4207 803 4219 σ
850 4188 989 4261 πλὴν
1034 4190 1392 4260 ὲπιστήσαντι
1435 4189 1532 4243 καὶ
1558 4189 1694 4261 πρὸς
1726 4188 1787 4243 τὸ

1884 3258 2200 3330 ignoramus
2230 3258 2348 3313 fore
2394 3257 2605 3326 aliquos
2638 3257 2836 3326 quibus
2867 3253 3132 3323 ejusmodi
3182 3254 3449 3326 digressio

1884 3348 2057 3418 major
2087 3364 2249 3418 quam
2282 3363 2380 3419 pro
2413 3349 2492 3403 rei
2527 3347 2853 3404 necessitate
2893 3359 3016 3401 esse
3045 3345 3330 3401 videatur:
3369 3356 3453 3401 at-

1885 3451 2066 3497 tamen
2099 3440 2338 3494 animuin
2387 3440 2666 3494 adhibenti
2717 3440 2795 3494 rei
2830 3439 2896 3493 de
2943 3452 3048 3508 qua
3098 3439 3295 3506 agitur,
3347 3452 3453 3493 non

1882 3551 2076 3606 parum
2106 3532 2239 3588 utile
2278 3532 2444 3588 fuerit
2478 3533 2767 3604 explorare
2797 3546 2992 3598 sensa,
3023 3531 3090 3586 de
3116 3532 3315 3602 quibus
3357 3547 3456 3586 no.

1882 3628 2027 3682 mina
2067 3634 2372 3696 ponuntur,
2424 3640 2654 3694 quorum
2695 3626 2862 3680 etiam
2903 3622 3274 3678 consideratio
3310 3622 3456 3676 utilis

1882 3719 1988 3774 erit
2015 3720 2082 3772 ad
2121 3732 2207 3771 res
2248 3732 2369 3786 qua:
2404 3719 2827 3786 subsequuntur.
2861 3716 3099 3775 Proinde
3139 3732 3260 3773 cum
3293 3715 3456 3770 semel

1887 3815 1939 3867 in
1970 3811 2291 3880 theologiam
2324 3810 2391 3863 de
2424 3808 2716 3863 Servatore
2750 3808 3125 3874 inciderimus,
3173 3807 3454 3863 invenien-

1894 3917 1974 3959 tes
1999 3944 2015 3971 ,
2043 3902 2320 3972 diligentia
2357 3899 2619 3963 adhibita,
2665 3914 2787 3968 quae
2816 3901 2882 3953 de
2922 3900 3012 3955 illo
3041 3899 3291 3957 feruntur
3318 3936 3335 3959 .
3369 3911 3458 3952 nc-

1892 3996 2135 4052 cessario
2165 4010 2268 4047 non
2301 4002 2509 4049 tantmn
2542 4009 2665 4048 eum
2694 4008 2755 4049 ea
2784 4008 2940 4064 parte
2967 3993 3461 4050 considerabimus.

1892 4106 1996 4161 qua
2037 4086 2208 4155 Λόγος
2256 4086 2335 4157 [id
2375 4095 2459 4140 est
2506 4084 2741 4140 Verbum
2794 4095 2849 4140 et
2889 4084 3049 4157 ratio]
3087 4083 3319 4146 dicitur;
3367 4079 3462 4135 sed

1893 4183 2054 4239 etiam
2085 4180 2319 4250 plenius,
2353 4185 2408 4232 et
2439 4177 2658 4235 uberius
2689 4195 2785 4249 pro
2834 4179 2976 4233 virili
3012 4186 3222 4242 nostra,
3254 4175 3461 4242 reliqua

201 4285 571 4353 προκείμενον
610 4283 880 4353 χρήσιμον
930 4281 1081 4335 ἔσται
1128 4280 1191 4334 τὸ
1227 4279 1515 4350 βασανίσαι
1556 4280 1654 4344 τὰς
1701 4283 1787 4334 ὲν-

1907 4273 2153 4330 vocabula
2191 4271 2388 4341 quibus
2419 4269 2740 4340 appellatur,
2769 4271 3145 4325 tractabimus.

200 4378 374 4442 νοίας,
407 4378 536 4432 καθ’
574 4373 651 4432 ὧν
692 4377 762 4430 τὰ
808 4378 1047 4448 ὀνόματα
1091 4380 1290 4440 κεῖται,
1343 4378 1438 4431 καὶ
1471 4377 1700 4450 προόδου
1735 4376 1841 4430 τῶν
1892 4369 2304 4443 ἐπιφερομένων
2341 4367 2571 4438 ὑπάρξει
2614 4369 2647 4441 ἡ
2691 4368 3020 4440 κατανόησις
3051 4365 3161 4421 τῶν
3209 4360 3468 4436 πραγμά-

202 4490 335 4525 των.
368 4470 556 4537 Ἀπαξ
595 4469 652 4524 δὲ
701 4472 782 4534 εἰς
824 4468 920 4540 τὴν
973 4467 1220 4540 περὶτοῦ
1270 4468 1521 4539 Σωτῆρος
1560 4466 1836 4534 θεολογίαν
1903 4459 2236 4533 ἐμπεσόντες
2264 4498 2280 4522 ,
2328 4457 2641 4524 ἀναγκαίως
2689 4459 2789 4527 ὅση
2841 4458 3070 4527 δύναμις
3112 4456 3188 4526 (Ι)
3236 4454 3301 4508 τὰ
3341 4450 3469 4524 περὶ

207 4565 379 4621 αὑτοῦ
419 4563 564 4636 μετά
613 4563 842 4636 ἐρεύνης
878 4564 1265 4634 εὑρίσκοντες,
1313 4560 1681 4632 πληρέστερον
1722 4559 1886 4612 αὑτὸν
1931 4556 1990 4608 οὐ
2048 4553 2205 4625 μόνον
2329 4549 2499 4618 Λόγος
2542 4550 2661 4603 ἐστὶ
2715 4551 3012 4621 νοήσομεν,
3069 4546 3204 4601 ἀλλὰ
3259 4546 3353 4600 καὶ
3399 4545 3471 4600 τὰ

206 4659 400 4714 λοιπά.

284 4753 378 4808 2i.
413 4751 641 4820 Ἔλεγεν
663 4743 757 4804 οὖν
784 4748 976 4803 ἑαυτὸν
1002 4743 1143 4804 εῖναι
1167 4747 1285 4819 φῶς
1327 4745 1423 4800 τοῦ
1452 4746 1678 4818 κόσμου,
1717 4745 1811 4800 καὶ

283 4872 334 4905 ⁴⁶
369 4869 516 4926 Psal.
546 4883 691 4933 mv,
720 4869 772 4923 Ι.

288 4992 406 5063 (96)
432 4991 545 5046 Καὶ
589 4988 764 5063 ἔστιν
792 4987 966 5063 ἄξιον
998 4982 1324 5063 ἐπισῖῆσρι
1355 4979 1797 5063 “Zancle-.39-

217 5049 573 5123 leritin'ianos,
598 5049 899 5114 Marcosios
915 5068 970 5109 et
995 5049 1343 5112 Colarhasios
1364 5052 1637 5121 suggillat.
1667 5049 1799 5104 Vide

216 5136 512 5194 lrenaznm,
539 5130 637 5184 lib.
665 5145 704 5195 t,
733 5143 852 5197 cap.
878 5128 964 5192 i0;
993 5125 1374 5197 Epiphaniam,
1392 5123 1792 5197 ΔΙιιιέιιᾮιιδῑχιςᾳ,

222 5189 345 5270 qua:
379 5211 471 5258 est
489 5189 902 5270 Marcosiorum,
931 5189 1054 5265 cap:
1077 5189 1136 5270 ᾗ,
1159 5204 1215 5249 et
1240 5192 1500 5270 llilarium
1528 5192 1622 5270 lib:
1645 5189 1793 5270 x_De

225 5261 420 5329 Triuit.
484 5272 658 5339 Quam
721 5261 1011 5339 impiorum
1077 5264 1452 5319 haereticorum
1509 5261 1791 5339 _ne[.1riam

222 5330 530 5399 doctrinam
559 5330 963 5411 postprigenis
1001 5345 1241 5411 tempora
1274 5331 1571 5411 renovavit_
1598 5330 1797 5385 Paulus

224 5401 644 5467 Samosateniis.
692 5401 1048 5470 Phifastrius,
1084 5401 1278 5460 haeres.
1309 5417 1459 5457 thv.
1509 5401 1609 5456 llic
1661 5415 1794 5470 vero

226 5484 481 5552 Origenis
518 5482 688 5552 locus)
715 5478 790 5552 iis
836 5469 1211 5552 adiungendus
1256 5483 1340 5528 est
1362 5487 1547 5552 _quos
1580 5469 1796 5552 collegit

230 5540 545 5623 Pamphilus
564 5551 617 5605 in
654 5540 934 5623 Apologia,
958 5540 1556 5623 ut:eoruin_confutare.t
1591 5540 1795 5623 calum-

231 5610 380 5679 niarri
406 5622 497 5693 qui
524 5610 944 5693 perversoliuic
975 5614 1250 5693 Valentini
1312 5611 1549 5693 dogmati
1600 5610 1795 5693 Orige-

232 5707 356 5746 nem
381 5679 602 5748 bésiése
634 5688 940 5757 iactabant.
964 5684 1043 5738 Ad
1071 5684 1184 5737 haec
1239 5679 1445 5757 antem_
1467 5682 1582 5746 ejus
1625 5679 1792 5757 verba

235 5778 361 5818 cum
392 5778 498 5818 non
540 5750 677 5817 satis
726 5759 1048 5813 attendisset
1098 5753 1571 5830 praestantissimus
1620 5750 1795 5806 atatis

1989 4744 2083 4799 24.
2131 4744 2264 4799 Cum
2317 4755 2447 4811 ergo
2493 4735 2695 4793 dixerit
2739 4735 2976 4804 seipsum
3027 4734 3202 4790 lucem
3259 4733 3467 4798 mundi,

1907 4988 2104 5048 nostrae
2128 4959 2434 5048 theologus,
2457 4977 2644 5032 eadem
2670 4976 2725 5031 in
2759 4974 2850 5029 illo
2876 4971 3228 5048 reprehendit
3260 4973 3468 5048 quinia

1905 5047 2297 5103 Valentinianis
2319 5045 2436 5115 ipse
2456 5049 2733 5117 carpebat,
2764 5045 2921 5117 quasi
2964 5060 3151 5113 suam,
3187 5060 3292 5099 non
3347 5045 3470 5099 illo—

1903 5133 2022 5173 rum
2049 5119 2376 5172 sententiam
2407 5116 2746 5186 protulisset.
2775 5116 3037 5186 Ηιιετιυε.

1972 5187 2082 5258 (97)
2119 5184 2528 5257 Ἐπικείμείνον
2561 5188 2697 5258 μέν,
2723 5196 2828 5240 etc.
2888 5185 3198 5258 Legendum
3237 5184 3471 5258 fortasse

1902 5254 1993 5330 vel:
2019 5254 2104 5312 ἐπ’
2131 5254 2360 5322 ἐκείνοις
2390 5258 2506 5330 μέν,
2544 5254 2698 5330 quod
2739 5265 3043 5325 opponetur
3089 5256 3215 5310 huic
3266 5255 3360 5308 ἐπὶ
3414 5254 3470 5308 δὲ

1882 5327 2077 5401 ,τούτῳ
2103 5329 2245 5401 quod
2278 5327 2523 5401 proiime
2551 5327 2813 5401 sequitur.

1971 5392 2084 5469 (98)
2122 5392 2351 5469 Ἓπὶδὲ
2381 5399 2590 5464 τούτῳ.
2622 5392 3085 5469 Sigrcctebabm
3116 5393 3285 5469 codex
3334 5392 3477 5448 Bod-

1898 5462 2108 5525 leianus
2132 5486 2146 5531 ;
2173 5468 2312 5524 male
2341 5471 2392 5523 in
2419 5462 2657 5524 editione
2691 5466 2869 5521 Huetii
2899 5465 2992 5518 ἐπὶ
3018 5465 3077 5518 δὲ
3105 5462 3328 5531 τούτων.

1989 5539 2086 5613 99)
2101 5529 2239 5595 Τίνα
2251 5556 2315 5613 τε
2327 5538 2741 5613 αἰτίαν-.-ϐοάᾳ
2753 5536 3100 5613 Bodleianus,
3115 5532 3218 5613 τίνι
3300 5531 3469 5603 αἰτίᾳ.

1994 5613 2045 5680 l)
2060 5599 2511 5680 “Oonbéraytc.
2531 5609 2680 5680 Apud
2700 5607 2949 5680 iluetium
2974 5604 3205 5680 Iegituri)
3224 5599 3471 5680 δύναμις.

1896 5681 1950 5735 in
1975 5671 2513 5734 ‘c'odice'Bodleiatio
2540 5671 2682 5743 [ὡς
2721 5679 2756 5747 ἠ
2804 5671 3054 5744 δύναμις,
3109 5671 3203 5726 sed
3253 5671 3472 5727 omnino

1897 5750 2180 5822 legendum
2209 5748 2310 5818 ὅση
2340 5747 2585 5818 δύναμις,
2614 5757 2670 5803 ut
2696 5748 2750 5802 in
2787 5754 2970 5802 nostro
2999 5753 3170 5798 texui.
