3792 6146
368 297 432 349 67
1827 298 2148 392 ORIGENI
3551 309 3622 364 68

365 419 526 473 etiam
556 420 828 493 proxima,
851 427 909 476 et
932 419 1131 476 similia
1163 419 1292 476 huic
1314 421 1454 484 voci,
1480 432 1600 490 quae
1621 419 1920 490 quibusdan

2041 420 2110 472 τὰ
2140 419 2518 492 παρακείμενα
2563 421 2734 494 ταύτῃ
2771 424 2838 495 τῇ
2873 423 3137 496 ὀνομασίᾳ
3177 422 3616 493 συνεξεταστέον.

365 509 604 569 fortasse
631 529 736 568 non
786 521 996 568 tantum
1027 514 1272 582 proxima
1313 521 1369 568 et
1399 513 1621 577 similia,
1649 513 1742 566 sed
1775 513 1937 567 etiam

366 609 560 662 eadem
590 606 917 660 videbuntur
945 618 1066 659 esse
1091 645 1106 669 ,
1145 605 1600 659 examinabimus.
1637 603 1825 674 Itaque
1850 604 1937 659 lux

371 711 455 756 est
478 699 777 764 hominum,
809 700 899 753 luit
923 707 1007 753 est
1027 713 1178 762 vera,
1208 699 1297 761 lux
1319 707 1402 752 est
1421 697 1649 766 denique
1675 698 1936 768 gentium.

371 792 524 859 Quod
554 794 624 848 sit
650 792 741 846 lux
771 791 1075 851 hominum,
1113 789 1386 861 Evangelii
1411 831 1426 854 ,
1455 790 1611 861 cujus
1639 791 1940 846 instituitur

369 899 512 939 nunc
561 899 591 937 a
638 883 793 937 nobis
837 883 1256 955 interpretatio,
1288 883 1503 936 initium
1550 891 1820 948 testatur,
1856 884 1939 938 di-

369 990 539 1030 cens:
581 973 734 1040 Quod
772 974 970 1044 factum
1001 986 1098 1038 est,
1146 979 1203 1028 in
1255 975 1366 1042 ipso
1405 975 1508 1028 vita
1547 985 1661 1030 erat
1702 991 1720 1028 :
1750 984 1797 1028 et
1829 981 1938 1030 vita

367 1079 477 1120 erat
504 1065 596 1119 tua:
627 1067 915 1128 hominum,
955 1077 1001 1119 et
1044 1065 1138 1123 lux
1178 1067 1233 1119 in
1273 1065 1506 1120 tenebris-
1533 1065 1688 1131 lucet,
1718 1078 1766 1120 et
1797 1076 1936 1122 terte-

368 1159 476 1212 bra:
509 1175 621 1212 eam
653 1175 755 1211 non
788 1158 1239 1226 apprehenderunt
1267 1158 1335 1212 "’.
1370 1160 1525 1226 Quod
1562 1160 1725 1214 etiam
1748 1159 1821 1214 sit
1841 1159 1932 1215 lux

333 1265 516 1315 -vera,
557 1249 794 1317 ejusdem
826 1248 1103 1318 Evangelii
1133 1250 1237 1320 27
1269 1251 1436 1304 verba
1467 1251 1782 1314 declarant,
1814 1265 1934 1320 niue

365 1358 488 1396 mox
543 1343 935 1396 subnectuntur
966 1359 980 1396 :
1014 1338 1149 1394 Erat
1202 1341 1296 1394 (ua:
1341 1357 1461 1395 cera
1506 1357 1623 1411 qua
1668 1341 1932 1395 illuminat

363 1451 566 1489 omnem
591 1434 852 1488 hominem
879 1433 1162 1488 venientem
1192 1433 1246 1486 in
1273 1433 1526 1487 mundum
1551 1433 1616 1490 ⁸⁸.
1652 1434 1766 1488 Lux
1801 1449 1931 1489 vero

361 1529 597 1598 gentium
636 1529 702 1583 ab
746 1527 878 1582 Isaia
912 1525 1234 1598 appellatur,
1256 1524 1772 1596 sicutpraediximus,
1798 1527 1928 1581 illud

363 1618 507 1672 illius
536 1619 900 1673 testimonium
930 1615 1302 1684 proferentes:
1341 1616 1479 1670 Ecce
1509 1617 1660 1685 posui
1691 1627 1739 1671 te
1767 1617 1822 1673 in
1853 1618 1929 1671 lu-

362 1724 470 1761 cem
499 1708 750 1776 gentium,
775 1716 832 1760 ut
861 1707 934 1760 si:
962 1704 1107 1759 salus
1137 1721 1252 1759 mea
1283 1707 1348 1759 ab
1383 1705 1628 1760 extremis
1668 1716 1825 1761 terrae
1859 1707 1924 1760 δ’.

361 1775 623 1852 Caeterum
650 1796 740 1851 lux
769 1796 950 1851 mundi
974 1797 1073 1851 sub
1102 1812 1318 1853 sensum
1346 1797 1548 1853 cadens
1571 1797 1650 1852 sol
1679 1808 1782 1853 est.
1800 1797 1930 1853 Post
1959 1775 2003 1830 Β

359 1890 502 1945 hunc
548 1905 650 1944 non
692 1891 1018 1945 inconcinne
1065 1892 1228 1946 etiam
1262 1890 1388 1943 luna
1421 1905 1486 1944 ac
1532 1891 1765 1959 denique
1801 1890 1928 1944 reli-

358 1998 477 2050 quae
503 1981 672 2036 stellae
701 1982 891 2037 eodem
921 1983 1142 2036 nomine
1167 1983 1644 2052 nuncnpabuntur.
1681 1981 1794 2036 Lux
1827 1981 1927 2036 sub

357 2086 572 2126 sensum
601 2071 821 2136 cadens,
851 2087 974 2127 cum
997 2073 1108 2126 haec
1135 2071 1265 2134 sint,
1296 2085 1362 2125 eo
1391 2071 1536 2140 quod
1560 2071 1836 2126 terrestria
1865 2071 1924 2125 El-

354 2164 644 2229 luminant,
667 2164 809 2218 dicta
841 2164 980 2234 apud
1003 2162 1204 2218 Mosem
1230 2171 1427 2233 quarto
1451 2163 1539 2217 die
1561 2161 1707 2217 facta
1733 2163 1924 2227 fuisse,

356 2255 500 2311 haud
527 2265 702 2310 tamen
732 2255 823 2310 lux
849 2264 977 2310 sunt
1007 2269 1158 2309 vera.
1195 2254 1263 2308 At
1285 2269 1418 2310 vero
1450 2253 1708 2310 Servator
1739 2265 1927 2311 noster

355 2345 674 2402 illucescens
703 2346 788 2402 his
833 2347 924 2416 qui
958 2346 1185 2400 rationis
1212 2354 1338 2400 sunt
1377 2360 1623 2416 capaces,
1653 2356 1920 2416 praestan-

355 2438 582 2494 tissimis
640 2439 942 2492 animarum
989 2453 1177 2493 eorum
1224 2438 1475 2508 partibus
1503 2478 1518 2500 ,
1573 2448 1630 2492 ut
1683 2439 1920 2508 ipsorum
1955 2485 1970 2496 .

353 2547 507 2587 mens
533 2531 747 2602 propria
777 2531 1126 2598 aspectabilia
1158 2539 1368 2595 cernat,
1395 2529 1750 2600 intelligibilis
1771 2546 1923 2584 mun-

351 2624 406 2678 di
434 2623 526 2676 lux
566 2631 684 2677 est:
735 2623 992 2677 nimirum
1026 2623 1331 2676 animarum
1382 2621 1610 2675 rationis
1639 2621 1917 2690 capaciutn

353 2715 408 2768 in
461 2715 563 2770 hoc
611 2715 810 2769 mundo
863 2713 1101 2770 sensibili
1135 2714 1552 2779 exsistentium;
1588 2723 1642 2767 et
1691 2713 1734 2768 si
1788 2712 1916 2782 quid

351 2814 547 2874 praeter
575 2805 690 2860 huic
715 2804 975 2858 mundum
1003 2803 1266 2874 complet:
1305 2818 1368 2858 ex
1396 2819 1504 2873 quo
1533 2803 1792 2858 Servatnr
1815 2819 1916 2858 no-

351 2906 464 2950 ster
493 2911 614 2951 esse
641 2911 739 2951 nos
777 2897 950 2951 docet.
983 2895 1236 2951 Fortasse
1268 2897 1383 2966 ipse
1422 2895 1569 2950 illius
1601 2896 1914 2966 przccellens

349 2988 900 3057 pra‘stantissimaque
925 3002 1051 3057 pars
1081 2989 1375 3055 exsistens,
1405 2998 1466 3041 ut
1491 2987 1562 3041 ita
1587 2988 1785 3056 dicam,
1813 2987 1912 3051 sol,

348 3081 438 3148 qui
468 3079 631 3134 faciat
671 3083 810 3136 diem
847 3081 1058 3134 Domini
1103 3095 1355 3150 magnum
1378 3121 1393 3144 ,
1421 3081 1574 3148 cujus
1604 3081 1709 3133 diei
1751 3094 1912 3135 causa

344 3171 414 3226 ad
441 3187 537 3226 eos
565 3173 693 3227 dicit
723 3172 813 3241 qni
849 3173 982 3226 lucis
1009 3188 1119 3227 sua:
1151 3173 1448 3242 participes
1487 3183 1680 3226 erant:
1712 3171 1911 3240 Opera-

348 3265 477 3318 tnitti
518 3264 642 3317 dum
671 3265 781 3317 dies
827 3273 936 3328 est;
975 3265 1140 3318 veniet
1174 3281 1300 3330 nox,
1351 3266 1559 3334 quando
1613 3265 1788 3317 nullus
1821 3281 1913 3332 po-

345 3369 456 3412 stea
486 3365 651 3424 potest
685 3357 892 3424 operari
908 3374 927 3422 ;
950 3359 1185 3425 quandiu
1217 3374 1334 3410 sum
1363 3359 1417 3411 in
1440 3358 1658 3424 mundo,
1681 3357 1772 3410 lux
1797 3374 1911 3410 sum

343 3449 529 3502 mundi
560 3448 628 3501 ⁸ο.
663 3446 928 3512 Quoniam
968 3463 1098 3502 vero
1152 3448 1431 3518 discipulis
1483 3449 1648 3502 etiam
1697 3449 1830 3502 dicit
1895 3465 1908 3501 :

355 3540 455 3595 Vos
491 3543 612 3595 estis
648 3542 742 3595 tua:
781 3541 1001 3595 mundi:
1032 3552 1115 3594 et:
1159 3539 1350 3593 aneat
1401 3540 1498 3595 lus
1530 3551 1698 3594 vestra
1731 3557 1907 3594 coram

341 3633 637 3687 hominibus
663 3633 704 3665 ⁸²
730 3649 744 3686 :
771 3648 875 3687 non
904 3647 1062 3687 secus
1085 3644 1246 3699 atque
1265 3632 1444 3685 lunam
1475 3640 1530 3686 et
1563 3642 1706 3686 astra
1731 3633 1912 3687 lucere

348 3726 728 3780 existimamus
763 3740 1016 3794 sponsam
1055 3724 1372 3788 Ecclesiam,
1403 3733 1459 3778 et
1487 3723 1778 3793 discipulos
1817 3726 1907 3794 qui

343 3818 622 3886 propriam
656 3817 830 3871 lucem
866 3818 1064 3872 habent
1089 3829 1144 3870 et
1171 3815 1238 3868 ab
1274 3816 1366 3870 illo
1399 3830 1528 3870 vero
1553 3815 1667 3871 sole
1695 3825 1910 3870 mutua-

345 3923 478 3972 tam,
514 3920 572 3963 ut
611 3909 826 3964 luceant
858 3911 964 3964 illis
996 3911 1086 3973 qni
1124 3909 1259 3964 lucis
1301 3910 1504 3964 fontem
1540 3909 1590 3962 in
1619 3923 1677 3964 se
1707 3923 1910 3977 prmpa-

342 4015 469 4054 rare
496 4015 603 4054 non
641 4011 885 4068 possunt.
921 4000 1079 4055 Verbi
1114 4002 1312 4070 gratia,
1349 4000 1573 4054 Paulum
1610 4001 1826 4070 quidem
1855 4008 1910 4054 et

341 4091 564 4146 Petrum
599 4091 834 4145 dicimus
864 4092 1038 4146 lucem
1089 4093 1270 4145 mundi
1301 4110 1315 4156 ;
1348 4093 1594 4161 vulgares
1627 4105 1777 4153 vero,
1823 4091 1908 4146 vel

339 4185 580 4254 ipsorum
611 4183 928 4250 discipulos,
956 4183 1045 4252 qui
1085 4183 1468 4246 illutninentur,
1492 4183 1730 4251 quidem,
1766 4182 1907 4237 haud

339 4286 521 4330 tamen
573 4275 876 4330 illuminare
923 4275 1059 4330 alios
1107 4277 1354 4344 possint,
1405 4275 1703 4328 nntndum:
1753 4273 1907 4344 cujus

338 4369 520 4422 mundi
555 4367 642 4421 lux
679 4366 829 4421 l‘uere
859 4368 1108 4436 apostoli.
1148 4370 1214 4420 At
1249 4381 1372 4420 vero
1403 4366 1659 4420 Servatur
1694 4364 1782 4418 lux
1818 4380 1906 4418 ex-

2041 511 2268 577 δόξαντα
2291 513 2355 566 άν
2381 529 2524 566 τισιν
2559 514 2678 583 οὐχὶ
2715 517 3094 585 παρακείμενα
3141 517 3319 586 μόνον,
3353 517 3492 570 ἀλλὰ
3522 516 3618 568 καὶ

2041 605 2108 658 τὰ
2140 603 2278 657 αὖτά
2297 605 2602 676 τυγχάνειν.
2623 607 2779 659 Ἔστι
2813 606 2870 659 δὲ
2905 607 2964 660 τὸ
2998 608 3115 676 φῶς
3143 607 3204 660 τὸ
3219 608 3490 679 ἀληθινὸν,
3521 607 3616 660 καὶ

2041 696 2157 767 φῶς
2179 695 2376 748 ἐθνῶν·
2413 697 2528 766 φῶς
2557 697 2656 768 μὲν
2693 696 2994 769 ἀνθρώπων
3016 701 3074 752 ὲν
3099 702 3164 770 τῇ
3192 699 3286 752 τοῦ
3319 698 3616 771 προκειμέ-

2039 805 2130 841 νου
2177 788 2508 857 Εὑαγγελίου
2559 790 2738 860 ἀρχῇ·
2785 791 2846 842 ’Ὁ
2882 789 3090 860 γέγονε
3137 789 3267 862 γὰρ,
3311 792 3496 862 φησὶν,
3541 790 3614 842 ἐν

2038 877 2196 944 αὐτῷ
2232 878 2342 946 ζωὴ
2369 874 2478 948 ἦν·
2519 879 2616 932 καὶ
2647 880 2686 946 ή
2734 876 2844 947 ζωὴ
2871 876 2941 950 ἦν
2974 883 3039 934 τὸ
3069 879 3193 950 φῶς
3223 880 3340 934 τῶν
3382 881 3608 948 ἀνθρώ-

2039 987 2186 1035 πων,
2203 970 2314 1023 ικαὶ
2338 970 2402 1023 τὸ
2432 969 2558 1038 φῶς
2589 970 2658 1023 ἐν
2685 966 2762 1036 τῇ
2786 972 2998 1040 σκοτίᾳ
3022 971 3240 1040 φαίνει,
3270 972 3367 1024 καὶ
3396 974 3432 1039 ή
3465 987 3612 1025 σκο-

2035 1063 2133 1115 τία
2151 1061 2295 1116 αὐτὸ
2325 1063 2396 1114 οὑ
2421 1061 2710 1115 κατέλαϐε
2734 1079 2748 1092 ·
2779 1061 2894 1134 φῶς
2915 1062 2972 1115 δὲ
2997 1063 3248 1134 ἀληθινὸν
3275 1065 3334 1116 ἐν
3357 1065 3466 1126 τοῖς
3483 1064 3610 1135 ἑξῆς

2034 1155 2133 1225 τῆς
2157 1154 2329 1223 αὐτῆς
2351 1155 2566 1224 γραφῆς
2598 1153 3031 1225 ἐπιγέγραπται·
3065 1150 3175 1210 Ἦν
3198 1154 3265 1209 τὸ
3294 1154 3420 1224 φῶς
3456 1156 3610 1224 ἀλη-

2037 1247 2224 1312 θινὸν,
2255 1247 2287 1300 ὃ
2319 1246 2547 1317 φωτίζει
2581 1246 2780 1300 πάντα
2807 1247 3120 1315 ἄνθρωπον
3157 1249 3486 1318 ἐρχόμενον
3518 1251 3610 1314 εις

2033 1339 2140 1393 τὸν
2167 1342 2429 1408 κόσμον·
2460 1338 2575 1407 φῶς
2595 1339 2653 1392 δὲ
2674 1338 2842 1392 ἐθνῶν
2868 1340 2924 1394 ὲν
2952 1339 3031 1410 τῷ
3067 1340 3284 1410 Ἡσαΐᾳ,
3322 1341 3398 1403 ὠς
3419 1339 3607 1411 προεί-

2033 1448 2228 1502 πομεν,
2260 1430 2681 1500 παρατιθέμενοι
2709 1430 2770 1482 τό
2787 1447 2800 1460 ·
2841 1429 2984 1484 Ἰδοὺ
3015 1429 3248 1484 τέθεικά
3274 1445 3347 1484 σε
3369 1433 3456 1495 εὶς
3479 1427 3607 1498 φῶς

2031 1523 2241 1587 ἐθνῶν,
2259 1523 2366 1576 τοῦ
2391 1520 2546 1576 εἷναί
2566 1539 2639 1577 σε
2662 1525 2750 1590 εἰς
2770 1522 3191 1591 σωτῳίανὲως
3213 1521 3474 1591 ἐσχάτου
3493 1518 3608 1590 τῆς

2032 1611 2166 1683 γῆς.
2194 1612 2312 1676 Φῶς
2337 1612 2392 1664 δὲ
2427 1612 2631 1683 κόσμου
2663 1611 2920 1682 αἰσθητὸν
2945 1613 2973 1664 ό
2993 1611 3140 1682 ἥλιός
3166 1614 3302 1676 ἐστι,
3343 1611 3436 1664 καὶ
3464 1612 3608 1682 μετὰ

2031 1704 2219 1757 τοῦτον
2259 1705 2360 1756 οὑκ
2400 1703 2716 1774 ἀπᾳδόντως
2747 1703 2782 1773 ἡ
2818 1701 3014 1772 σελήνη
3043 1702 3117 1772 (2)
3149 1703 3244 1756 καὶ
3287 1703 3338 1755 οἱ
3377 1702 3605 1774 ἀστέρες

2029 1795 2108 1866 τῷ
2147 1794 2295 1866 αὑτῷ
2342 1795 2568 1866 ὀνόματι
2602 1793 3246 1866 προσαγορευθήσονται·
3298 1793 3432 1847 ἀλλὰ
3483 1793 3604 1863 φῶς

2031 1889 2130 1958 μὲν
2152 1887 2409 1959 αἰσθητὸν
2433 1887 2790 1958 τυγχάνοντες
2827 1889 2876 1940 οἱ
2916 1887 3193 1956 γεγονέναι
3233 1886 3380 1959 παρά
3411 1887 3607 1941 Musei

2027 1979 2310 2050 λεγόμενοι
2340 1981 2407 2049 τῇ
2441 1979 2676 2051 τετάρτῃ
2707 1981 2739 2050 ἡ
2749 1979 2914 2050 μέρᾳ,
2945 1979 3079 2031 καθὸ
3099 1978 3387 2048 φωτίζουσι
3418 1979 3485 2032 τά
3507 1980 3605 2030 ἐπὶ

2024 2067 2150 2138 γῆς,
2167 2066 2268 2120 οῦκ
2293 2069 2398 2120 είσι
2415 2066 2529 2137 φῶς
2545 2068 2812 2139 ἀληθινόν·
2837 2070 2866 2119 ὁ
2891 2068 2948 2121 δὲ
2970 2068 3177 2140 Σωτὴρ,
3204 2070 3492 2140 ἐλλάμπων
3519 2069 3600 2140 (5)

2024 2163 2135 2224 τοῖς
2192 2159 2426 2228 λογικοῖς
2482 2159 2576 2212 καὶ
2619 2162 2968 2230 ἡγεμονικοῖς
2995 2199 3010 2223 ,
3061 2161 3150 2214 ἵνα
3193 2161 3370 2215 αὐτῶν
3407 2166 3435 2216 ὁ
3471 2167 3604 2231 νοῦς

2022 2253 2090 2306 τὰ
2120 2253 2226 2307 ῖδια
2250 2252 2420 2324 ὁρατά
2459 2251 2651 2324 βλέπῃ,
2685 2252 2779 2305 τοῦ
2806 2251 2995 2323 νοητοῦ
3043 2255 3248 2324 κόσμου
3292 2257 3407 2310 ἐστὶ
3452 2260 3599 2328 φῶς·

2022 2347 2165 2416 λέγω
2202 2347 2259 2400 δὲ
2307 2347 2416 2399 τῶν
2446 2345 2677 2414 λογικῶν
2705 2346 2893 2416 ψυχῶν
2928 2345 3039 2400 τῶν
3081 2348 3140 2401 ὲν
3191 2347 3268 2419 τῷ
3299 2350 3602 2424 αἰσθητικῷ

2022 2439 2230 2507 κόσμῳ,
2263 2437 2358 2491 καὶ
2385 2436 2438 2489 εἴ
2467 2455 2520 2489 τι
2551 2437 2698 2509 παρὰ
2729 2437 2901 2491 ταῦτα
2927 2438 3234 2513 συμπληροῖ
3259 2442 3349 2494 τὸν
3369 2443 3596 2514 κόσμον,

2021 2530 2114 2597 ἀφ’
2140 2522 2223 2583 ὀῦ
2263 2531 2289 2582 ό
2329 2529 2518 2601 Σωτὴρ
2574 2526 2710 2584 εἶναι
2749 2533 2894 2601 ἡμᾶς
2931 2531 3200 2586 διδάσκει·
3238 2534 3377 2605 τάχα
3430 2537 3601 2608 μέρος

2020 2621 2183 2674 αὐτοῦ
2239 2622 2300 2674 τὸ
2341 2621 2678 2692 κυριώτατον
2719 2625 2812 2676 καὶ
2841 2623 3094 2696 διαφέρον
3133 2627 3434 2697 τυγχάνων,
3478 2631 3595 2695 καὶ,

2017 2713 2094 2778 ῶς
2121 2714 2268 2766 ἐστιν
2299 2715 2494 2777 εἰπεῖν,
2527 2714 2676 2785 ἥλιος
2731 2716 2944 2787 ἡμέρας
2977 2717 3222 2788 μεγάλης
3265 2721 3467 2790 Κυρίου
3517 2722 3594 2792 (4)

2019 2808 2280 2879 ποιητής·
2323 2807 2390 2860 δι’
2414 2807 2481 2879 ἢν
2509 2807 2719 2880 ἡμέραν
2759 2809 2893 2879 φησὶ
2918 2811 3032 2873 τοῖς
3077 2810 3172 2862 τοῦ
3206 2813 3381 2880 φωτὸς
3421 2815 3592 2868 αὐτοῦ

2021 2899 2537 2972 μεταλαμϐάνουσιν·
2575 2899 2919 2968 Ἐρτάζεσθε
2948 2901 3057 2968 ἕως
3075 2903 3150 2973 (5)
3169 2903 3357 2972 ἡμέρα
3381 2905 3557 2958 ἐστίν
3577 2924 3593 2939 ο

2015 2993 2246 3062 ἔρχεται
2267 2993 2402 3056 νὺξ,
2417 2992 2514 3046 ὅτε
2533 2994 2734 3047 οὐκέτι
2753 2994 2952 3061 οὐδεὶς
2969 2995 3213 3050 δύναται
3226 2997 3591 3068 ἐργάζεσθαι·

2017 3085 2163 3139 ὅταν
2193 3085 2262 3137 ἐν
2287 3085 2368 3150 τῷ
2387 3085 2592 3154 κόσμῳ
2613 3081 2680 3150 ὦ,
2703 3087 2830 3155 φῶς
2857 3091 2973 3157 εἰμι
3004 3088 3109 3142 τοῦ
3141 3090 3393 3160 κόσμου.
3437 3093 3591 3146 Ἐπεὶ

2017 3177 2072 3230 δὲ
2105 3177 2199 3229 καὶ
2222 3177 2334 3240 τοῖς
2367 3175 2632 3248 μαθηταῖς
2655 3195 2816 3249 φησιν
2835 3196 2847 3208 ·
2893 3179 3076 3248 Ἱξμεῖς
3100 3182 3240 3234 ἐστε
3264 3183 3324 3236 τὸ
3340 3183 3468 3252 φῶς
3483 3187 3592 3241 τοῦ

2017 3269 2272 3336 κόσμου·
2305 3267 2427 3321 καί·
2463 3269 2765 3338 Λαμψάτω
2803 3269 2869 3323 τὸ
2896 3270 3022 3339 φῶς
3055 3272 3222 3340 ὑμῶν
3250 3275 3592 3344 ἔμπροσθεν

2013 3358 2135 3411 τῶν
2172 3357 2498 3427 ἀνθρώπων
2517 3375 2530 3388 ·
2563 3359 2624 3412 τὸ
2654 3359 2701 3412 δ’
2727 3360 2990 3429 ἀνάλογον
3021 3363 3218 3438 σελήνῃ
3242 3368 3334 3418 καὶ
3363 3367 3589 3440 ἄστροις

2015 3450 2471 3532 ὑπολαμϐάνομεν
2502 3446 2642 3504 εἶναι
2687 3454 2814 3522 περὶ
2856 3452 2954 3524 τὴν
2984 3454 3201 3528 νύμφην
3243 3458 3587 3532 Ἐκκλησίαν,

2013 3527 2108 3595 ita?
2133 3542 2259 3604 τοὺς
2303 3541 2548 3612 μαθητὰς
2599 3541 2820 3612 ἔχοντας
2861 3545 3057 3597 οἰκεῖον
3098 3527 3234 3614 φῶς,
3272 3548 3304 3619 ἢ
3352 3527 3459 3603 άπδ
3490 3550 3586 3604 τοῦ

2012 3632 2266 3704 ἀληθινοῦ
2295 3632 2444 3703 ἡλίου
2480 3633 2792 3704 ἐπίκτητον,
2823 3635 2908 3688 ἵνα
2934 3637 3211 3704 φωτίσωσι
3263 3640 3335 3712 μὴ
3371 3641 3588 3714 δεδυνη-

2017 3724 2210 3794 μένους
2243 3724 2426 3796 πηγὴν
2454 3727 2512 3778 ὲν
2555 3726 2740 3789 αὐτοῖς
2780 3730 3186 3784 κατασκευάσαι
3221 3735 3416 3802 φωτός.
3460 3729 3586 3787 υἴον

2011 3812 2221 3866 Παῦλον
2259 3815 2357 3885 μὲν
2399 3815 2495 3868 καὶ
2545 3815 2751 3886 Πέτρον
2788 3816 2902 3886 φῶς
2947 3819 3178 3892 ἐροῦμεν
3215 3823 3305 3886 τοῦ
3344 3824 3580 3895 κόσμου·

2009 3905 2134 3968 τοὺς
2161 3906 2218 3959 δὲ
2256 3907 2518 3977 τυχόντας
2561 3908 2669 3961 τῶν
2707 3911 2836 3978 παρ’
2881 3912 3066 3976 αὐτοῖς
3107 3914 3582 3987 μαθητευομένων,

2011 3997 2412 4068 φωτιζομένους
2443 4001 2563 4071 μὲν,
2597 4001 2658 4054 οὐ
2695 4002 2801 4072 μὴν
2828 4002 3080 4070 φωτίζειν
3111 4007 3326 4077 ἐτέρους
3347 4008 3587 4079 δυναμέ-

2009 4107 2152 4155 νους,
2181 4091 2269 4143 τὸν
2299 4091 2522 4163 κόσμον,
2551 4087 2612 4147 οὗ
2641 4093 2846 4165 κόσμου
2871 4097 2986 4165 φῶς
3006 4101 3054 4150 οί
3089 4099 3374 4152 ἀπόστολοι
3417 4096 3586 4171 ἦσαν.

2021 4181 2077 4235 Ὀ
2103 4182 2158 4235 δὲ
2177 4184 2368 4255 Σωτὴρ
2387 4183 2504 4253 φῶς
2519 4183 2592 4239 ὢν
2623 4185 2717 4240 τοῦ
2747 4188 2952 4258 κόσμου
2985 4191 3207 4258 φωτίζει
3236 4191 3295 4244 οὐ
3326 4191 3582 4262 σώματα,

2007 4273 2144 4327 ἀλλὰ
2165 4276 2442 4346 ἀσωμάτῳ
2479 4276 2704 4348 δυνάμει
2737 4280 2828 4332 τὸν
2878 4279 3167 4351 ἀσώματον
3201 4282 3344 4346 νοῦν,
3389 4285 3475 4338 ἵνα
3504 4287 3588 4350 ὠς

2009 4365 2113 4420 ὑπὸ
2143 4367 2297 4437 ἡλίου
2349 4368 2578 4432 ἕκαστος
2611 4370 2768 4440 ἡμῶν
2814 4372 3182 4444 φωτιζόμενος
3210 4377 3302 4430 καὶ
3336 4377 3404 4430 τὰ
3445 4377 3586 4432 ἄλλα

336 4460 535 4513 sistens
561 4458 770 4520 mundi,
802 4473 906 4512 non
939 4473 1187 4529 corpora,
1222 4459 1314 4512 sed
1347 4459 1718 4523 incorpoream
1747 4471 1898 4510 men-

2020 4458 2200 4530 Ξυνηθῇ
2237 4459 2450 4529 βλέπειν
2500 4463 2686 4531 νοητά.
2731 4465 2940 4536 Ὥσπερ
2981 4467 3038 4519 δὲ
3071 4467 3223 4538 ἡλίου
3254 4471 3585 4538 φωτίζοντος

335 4561 445 4607 tem
486 4553 802 4620 incorporea
843 4546 1101 4620 potentia'
1132 4551 1431 4613 illuminat,
1468 4560 1527 4603 ut
1577 4560 1830 4619 tanquam
1868 4563 1898 4601 a

2020 4549 2349 4620 hpaupoﬁtat
2377 4551 2437 4604 τὸ
2459 4552 2715 4606 δύνασθαι
2750 4556 3004 4623 φωτίζειν
3049 4557 3274 4630 σελήνην
3296 4562 3389 4613 καὶ
3419 4563 3583 4616 ἀστέ-

333 4645 448 4700 sole
497 4644 830 4698 illnminnlns
863 4644 1237 4713 unusquisque
1276 4651 1517 4697 nostrum
1564 4642 1746 4696 videre
1796 4641 1897 4696 alia

2020 4657 2125 4710 pag,
2158 4640 2328 4705 οὕτως
2348 4644 2395 4696 οἱ
2421 4643 2816 4716 ὲλλαμπόμενοι
2837 4647 2942 4700 ὑπὸ
2965 4649 3200 4719 Χριστοῦ
3235 4653 3328 4706 καὶ
3353 4651 3451 4716 τὰς
3479 4655 3583 4706 αὐ-

333 4737 495 4792 etiam
536 4737 886 4807 intelligibilia
922 4733 1388 4807 possit.Utantem
1414 4731 1526 4786 sole
1556 4732 1899 4786 illucescente

2020 4736 2106 4804 τὰς
2139 4735 2302 4789 αὑτοῦ
2341 4738 2737 4808 κεχωρηκότες.
2773 4739 2925 4793 οὐδέν
2957 4758 3119 4794 τινων
3145 4744 3580 4816 διακονουμένων

333 4831 416 4885 vis
448 4830 534 4884 illa
565 4831 705 4885 Innzc
753 4841 807 4884 et
839 4831 1119 4885 stellarum
1169 4825 1504 4880 illnminandi
1549 4823 1896 4888 obscuratur,

2020 4827 2312 4881 hmo-.6ka
2360 4829 2453 4882 καὶ
2493 4830 2787 4902 προφητῶν
2841 4831 3068 4896 δέονται,
3116 4833 3408 4906 τολμητέον
3462 4837 3580 4908 γὰρ

331 4921 412 4974 sic
439 4921 492 4974 hi
519 4921 609 4989 qui
640 4935 670 4974 a
699 4919 918 4974 Christo
950 4918 1312 4984 illustrantur,
1343 4917 1550 4986 quique
1581 4915 1896 4985 splendores

2020 4919 2180 4987 téYElV
2222 4919 2318 4989 τὴν
2369 4919 2644 4991 ἀλήθειαν,
2688 4921 2808 4974 οὐδὲ
2855 4923 3121 4991 ἀγγέλων,
3156 4927 3446 4999 προσθήσω
3489 4929 3575 4995 δὲ,

331 5013 473 5067 illius
509 5020 891 5082 perceperunt,
939 5011 1140 5066 nullam
1183 5025 1404 5080 Operam
1439 5010 1749 5065 desiderant
1791 5007 1894 5061 ali-

2020 5012 2081 5064 itt
2109 5011 2230 5065 οὐδὲ
2255 5013 2361 5066 τῶν
2397 5014 2720 5085 κρειττόνων
2755 5013 3035 5086 δυνάμεων
3060 5017 3210 5088 αὑτῷ
3239 5019 3315 5089 τῷ
3353 5038 3574 5089 πρωτο-

396 5182 439 5213 δτ
463 5179 620 5235 Joan.
655 5195 696 5244 ι,
731 5181 787 5241 5,
825 5179 880 5234 4.
953 5178 999 5210 ⁴⁸
1028 5177 1184 5239 Joan.
1214 5196 1252 5249 ι,
1275 5183 1330 5238 9.
1405 5184 1448 5216 ⁸⁸
1484 5182 1583 5239 lsa.
1616 5199 1762 5248 χιιι,
1791 5183 1845 5239 6.
1919 5206 1920 5211 π

2020 5183 2149 5239 08η.
2190 5200 2266 5249 Ix,
2303 5185 2358 5251 4,
2390 5185 2443 5242 5.
2519 5186 2563 5217 ⁸¹
2595 5184 2783 5241 Matth.
2813 5203 2866 5250 v,
2898 5187 2986 5243 14.

396 5343 475 5417 (2)
617 5344 872 5425 σεᾳῄνη.
911 5344 1068 5425 Deest
1099 5348 1240 5425 apud
1272 5345 1560 5411 lluetium,
1591 5346 1685 5402 sed
1715 5355 1893 5401 exstat
2001 5361 2148 5425 nam.
2172 5346 2790 5425 Onam‘ob‘remjcriter
2838 5365 2872 5425 a
2899 5351 3223 5425 _'l‘heqphilo
3270 5357 3570 5425 castigatus

326 5416 381 5469 in
405 5413 904 5494 fodituliodleiano
930 5413 1338 5494 et_{3arberino.
1427 5485 1462 5494 _
1800 5485 1822 5494 _
1857 5485 1868 5494 _
2002 5427 2086 5472 est
2113 5418 2164 5470 in
2198 5417 2446 5494 Pascltoli
2481 5434 2519 5474 ι.
2554 5417 2663 5494 N_t_)s
2705 5434 2832 5474 vero
2861 5422 2913 5476 id
2944 5425 2995 5477 in
3039 5413 3378 5494 Origenianie
3406 5413 3571 5481 accu-

397 5487 470 5556 (3)
513 5485 576 5539 Ὀ
590 5484 659 5539 δὲ
683 5485 908 5554 Σωτὴρ,
937 5485 1279 5554 ἐλλάμπων,
1305 5496 1412 5542 etc.
1427 5485 1763 5557 Persuasum
1797 5485 1897 5539 l'nit

2020 5498 2117 5542 'ate
2146 5492 2548 5557 perpendimus.
2580 5488 2843 5545 Hormus.

330 5552 544 5633 Origeni
574 5557 749 5633 Patris
783 5552 887 5608 vini
920 5558 987 5610 ad
1016 5552 1100 5633 res
1123 5570 1314 5633 omnes
1357 5567 1608 5633 creatas,_
1646 5554 1766 5608 Filii
1824 5557 1891 5608 ad
1996 5630 2039 5633 __
2071 5552 2159 5633 (η’
2199 5552 2444 5633 Κυρίου.
2480 5559 2662 5633 godd.
2699 5560 3021 5633 Bodleianns
3071 5574 3128 5620 et
3185 5564 3520 5622 Barberinus
3546 5608 3564 5633 ,

331 5639 414 5703 res
449 5628 672 5682 rationis
701 5636 1003 5703 compotes,
1053 5625 1290 5703 Spiritus
1323 5627 1498 5703 sancti
1543 5627 1652 5703 ad_
1669 5636 1892 5703 sanctos

2020 5625 2235 5703 inpiati;
2285 5625 2450 5703 editio
2490 5628 2710 5703 Iluetii._
2737 5632 2992 5703 Χριστοῦ.

330 5695 909 5784 ,Ιιιιιιθξδερει-ιίηετε.
944 5695 1116 5780 Verba
1146 5699 1313 5784 ipsius
1339 5713 1370 5752 e
1396 5697 1505 5784 lib.‘
1527 5712 1563 5784 ι.
1600 5697 1738 5784 Περί

2020 5767 2025 5782 ν
2068 5695 2145 5769 (5)
2170 5699 2335 5768 "qu.
2373 5700 2534 5755 Iidem
2573 5701 2759 5768 codd.,
2789 5695 2966 5772 "recte,
2990 5705 3132 5772 Em;
3163 5707 3328 5764 editio
3353 5705 3560 5776 Huetii,

329 5761 450 5832 ιῶν
478 5761 1046 5836 profertlustinianus
1081 5769 1134 5824 in
1165 5761 1339 5828 'calce
1374 5766 1615 5840 epistola:
1665 5761 1732 5822 ad
1783 5761 1894 5821 Me-
1995 5767 2070 5832 ῶς
