  <div class='ocr_page' id='page_1' title='image "/cluster/home/n/w/nwhite01/storage/ocr_20150623/14/mdp.39015052831362/042.png"; bbox 0 0 3792 6146; ppageno 0'>
   <div class='ocr_carea' id='block_1_1' title="bbox 177 301 1760 385">
    <p class='ocr_par' dir='ltr' id='par_1_1' title="bbox 177 321 1726 385">
     <span class='ocr_line' id='line_1_1' title="bbox 177 321 1726 385; baseline -0.005 0"><span class='ocrx_word' id='word_1_1' title='bbox 177 326 231 385; x_wconf 56' lang='grc' dir='ltr'><em>Ἦ</em></span> <span class='ocrx_word' id='word_1_2' title='bbox 1264 322 1617 385; x_wconf 74' lang='grc' dir='ltr'><strong>(ΖΟΜΜΕΝΤ.</strong></span> <span class='ocrx_word' id='word_1_3' title='bbox 1659 321 1726 377; x_wconf 87' lang='lat' dir='ltr'><strong>IN</strong></span> 
     </span>
    </p>
   </div>
   <div class='ocr_carea' id='block_1_2' title="bbox 1863 301 3427 385">
    <p class='ocr_par' dir='ltr' id='par_1_2' title="bbox 1863 301 3427 376">
     <span class='ocr_line' id='line_1_2' title="bbox 1863 301 3427 376; baseline -0.002 -2"><span class='ocrx_word' id='word_1_4' title='bbox 1863 319 1952 375; x_wconf 74' lang='lat' dir='ltr'><strong>tN.</strong></span> <span class='ocrx_word' id='word_1_5' title='bbox 1989 317 2229 376; x_wconf 76' lang='lat' dir='ltr'><strong>TOMUS</strong></span> <span class='ocrx_word' id='word_1_6' title='bbox 2260 316 2306 374; x_wconf 89' lang='lat' dir='ltr'><strong>t.</strong></span> <span class='ocrx_word' id='word_1_7' title='bbox 3361 301 3427 356; x_wconf 80' lang='lat'><strong>70</strong></span> 
     </span>
    </p>
   </div>
   <div class='ocr_carea' id='block_1_3' title="bbox 178 425 1760 517">
    <p class='ocr_par' dir='ltr' id='par_1_3' title="bbox 178 439 1751 517">
     <span class='ocr_line' id='line_1_3' title="bbox 178 439 1751 517; baseline -0.004 -17"><span class='ocrx_word' id='word_1_8' title='bbox 178 445 393 516; x_wconf 67' lang='grc' dir='ltr'>τεννήτῳ</span> <span class='ocrx_word' id='word_1_9' title='bbox 430 441 888 517; x_wconf 79' lang='grc' dir='ltr'>μαθητευόμενοι</span> <span class='ocrx_word' id='word_1_10' title='bbox 939 444 1096 516; x_wconf 81' lang='grc' dir='ltr'>φωτί.</span> <span class='ocrx_word' id='word_1_11' title='bbox 1154 444 1280 509; x_wconf 77' lang='grc' dir='ltr'>Τοῖς</span> <span class='ocrx_word' id='word_1_12' title='bbox 1299 444 1356 498; x_wconf 86' lang='grc' dir='ltr'>δὲ</span> <span class='ocrx_word' id='word_1_13' title='bbox 1396 443 1471 514; x_wconf 86' lang='grc' dir='ltr'>μὴ</span> <span class='ocrx_word' id='word_1_14' title='bbox 1514 439 1751 513; x_wconf 88' lang='grc' dir='ltr'>χωροῦσι</span> 
     </span>
    </p>
   </div>
   <div class='ocr_carea' id='block_1_4' title="bbox 1863 425 3427 517">
    <p class='ocr_par' dir='ltr' id='par_1_4' title="bbox 1863 425 3427 508">
     <span class='ocr_line' id='line_1_4' title="bbox 1863 425 3427 508; baseline -0.009 -16"><span class='ocrx_word' id='word_1_15' title='bbox 1863 430 2085 508; x_wconf 80' lang='lat' dir='ltr'><strong>quorum</strong></span> <span class='ocrx_word' id='word_1_16' title='bbox 2115 430 2613 490; x_wconf 89' lang='lat' dir='ltr'><strong>administrantium</strong></span> <span class='ocrx_word' id='word_1_17' title='bbox 2658 429 3023 502; x_wconf 77' lang='lat' dir='ltr'><strong>apostolorum</strong></span> <span class='ocrx_word' id='word_1_18' title='bbox 3056 426 3140 483; x_wconf 86' lang='lat' dir='ltr'><strong>vel</strong></span> <span class='ocrx_word' id='word_1_19' title='bbox 3192 425 3427 496; x_wconf 81' lang='lat' dir='ltr'><strong>prophe-</strong></span> 
     </span>
    </p>
   </div>
   <div class='ocr_carea' id='block_1_5' title="bbox 177 531 1753 606">
    <p class='ocr_par' dir='ltr' id='par_1_5' title="bbox 177 531 1753 606">
     <span class='ocr_line' id='line_1_5' title="bbox 177 531 1753 606; baseline -0.003 -18"><span class='ocrx_word' id='word_1_20' title='bbox 177 536 263 599; x_wconf 68' lang='grc' dir='ltr'>τὰς</span> <span class='ocrx_word' id='word_1_21' title='bbox 303 533 528 605; x_wconf 75' lang='grc' dir='ltr'>ἡλιακὰς</span> <span class='ocrx_word' id='word_1_22' title='bbox 561 534 815 606; x_wconf 81' lang='grc' dir='ltr'><strong>Χριστοῦ</strong></span> <span class='ocrx_word' id='word_1_23' title='bbox 858 536 1086 597; x_wconf 79' lang='grc' dir='ltr'>ἀκτῖνας</span> <span class='ocrx_word' id='word_1_24' title='bbox 1117 536 1166 587; x_wconf 90' lang='grc' dir='ltr'><strong>οί</strong></span> <span class='ocrx_word' id='word_1_25' title='bbox 1198 534 1344 603; x_wconf 78' lang='grc' dir='ltr'>ἅγιοι</span> <span class='ocrx_word' id='word_1_26' title='bbox 1379 531 1753 594; x_wconf 84' lang='grc' dir='ltr'>διακονοῦντες</span> 
     </span>
    </p>
   </div>
   <div class='ocr_carea' id='block_1_6' title="bbox 178 623 1753 700">
    <p class='ocr_par' dir='ltr' id='par_1_6' title="bbox 178 623 1753 700">
     <span class='ocr_line' id='line_1_6' title="bbox 178 623 1753 700; baseline -0.003 -19"><span class='ocrx_word' id='word_1_27' title='bbox 178 628 463 700; x_wconf 70' lang='grc' dir='ltr'><strong>παρέχουσι</strong></span> <span class='ocrx_word' id='word_1_28' title='bbox 497 628 791 698; x_wconf 82' lang='grc' dir='ltr'>φωτισμὸν</span> <span class='ocrx_word' id='word_1_29' title='bbox 821 626 1007 697; x_wconf 86' lang='grc' dir='ltr'>πολλῷ</span> <span class='ocrx_word' id='word_1_30' title='bbox 1036 625 1130 680; x_wconf 87' lang='grc' dir='ltr'><strong>τοῦ</strong></span> <span class='ocrx_word' id='word_1_31' title='bbox 1161 625 1568 699; x_wconf 81' lang='grc' dir='ltr'><strong>προειρημένου</strong></span> <span class='ocrx_word' id='word_1_32' title='bbox 1597 623 1753 677; x_wconf 85' lang='grc' dir='ltr'>ἐλάτ-</span> 
     </span>
    </p>
   </div>
   <div class='ocr_carea' id='block_1_7' title="bbox 178 716 1751 791">
    <p class='ocr_par' dir='ltr' id='par_1_7' title="bbox 178 716 1751 791">
     <span class='ocr_line' id='line_1_7' title="bbox 178 716 1751 791; baseline -0.004 -16"><span class='ocrx_word' id='word_1_33' title='bbox 178 738 312 784; x_wconf 80' lang='grc' dir='ltr'>τονα,</span> <span class='ocrx_word' id='word_1_34' title='bbox 352 721 513 791; x_wconf 81' lang='grc' dir='ltr'><strong>μόγις</strong></span> <span class='ocrx_word' id='word_1_35' title='bbox 551 721 646 775; x_wconf 82' lang='grc' dir='ltr'><strong>καὶ</strong></span> <span class='ocrx_word' id='word_1_36' title='bbox 692 719 892 773; x_wconf 85' lang='grc' dir='ltr'>τοῦτον</span> <span class='ocrx_word' id='word_1_37' title='bbox 923 721 1122 791; x_wconf 75' lang='grc' dir='ltr'>χωρεῖν</span> <span class='ocrx_word' id='word_1_38' title='bbox 1158 718 1494 789; x_wconf 81' lang='grc' dir='ltr'><strong>δυναμένοις,</strong></span> <span class='ocrx_word' id='word_1_39' title='bbox 1531 716 1627 771; x_wconf 78' lang='grc' dir='ltr'><strong>καὶ</strong></span> <span class='ocrx_word' id='word_1_40' title='bbox 1659 717 1751 769; x_wconf 83' lang='grc' dir='ltr'>ὑπ’</span> 
     </span>
    </p>
   </div>
   <div class='ocr_carea' id='block_1_8' title="bbox 180 809 1751 886">
    <p class='ocr_par' dir='ltr' id='par_1_8' title="bbox 180 809 1751 886">
     <span class='ocr_line' id='line_1_8' title="bbox 180 809 1751 886; baseline -0.005 -17"><span class='ocrx_word' id='word_1_41' title='bbox 180 814 331 869; x_wconf 63' lang='grc' dir='ltr'>αὑτοῦ</span> <span class='ocrx_word' id='word_1_42' title='bbox 355 814 568 886; x_wconf 84' lang='grc' dir='ltr'>πληρου</span> <span class='ocrx_word' id='word_1_43' title='bbox 576 814 948 884; x_wconf 79' lang='grc' dir='ltr'>μένοις.Ἔστι</span> <span class='ocrx_word' id='word_1_44' title='bbox 965 814 1022 867; x_wconf 84' lang='grc' dir='ltr'><strong>δὲ</strong></span> <span class='ocrx_word' id='word_1_45' title='bbox 1037 816 1066 867; x_wconf 87' lang='grc' dir='ltr'><strong>ό</strong></span> <span class='ocrx_word' id='word_1_46' title='bbox 1087 811 1319 885; x_wconf 83' lang='grc' dir='ltr'>Χριστὸς</span> <span class='ocrx_word' id='word_1_47' title='bbox 1341 810 1457 881; x_wconf 82' lang='grc' dir='ltr'><strong>φῶς</strong></span> <span class='ocrx_word' id='word_1_48' title='bbox 1470 809 1751 879; x_wconf 82' lang='grc' dir='ltr'><strong>τυγχάνων</strong></span> 
     </span>
    </p>
   </div>
   <div class='ocr_carea' id='block_1_9' title="bbox 178 899 1752 976">
    <p class='ocr_par' dir='ltr' id='par_1_9' title="bbox 178 899 1752 976">
     <span class='ocr_line' id='line_1_9' title="bbox 178 899 1752 976; baseline -0.004 -17"><span class='ocrx_word' id='word_1_49' title='bbox 178 905 396 975; x_wconf 83' lang='grc' dir='ltr'>κόσμου,</span> <span class='ocrx_word' id='word_1_50' title='bbox 415 906 534 974; x_wconf 75' lang='grc' dir='ltr'>φῶς</span> <span class='ocrx_word' id='word_1_51' title='bbox 545 904 800 976; x_wconf 78' lang='grc' dir='ltr'>ἀληθινὸν</span> <span class='ocrx_word' id='word_1_52' title='bbox 817 905 954 976; x_wconf 84' lang='grc' dir='ltr'>πρὸς</span> <span class='ocrx_word' id='word_1_53' title='bbox 963 902 1365 975; x_wconf 83' lang='grc' dir='ltr'>ἀντιδιαστολὴν</span> <span class='ocrx_word' id='word_1_54' title='bbox 1380 900 1660 971; x_wconf 69' lang='grc' dir='ltr'>αἰσθητοῦ,</span> <span class='ocrx_word' id='word_1_55' title='bbox 1674 899 1752 953; x_wconf 82' lang='grc' dir='ltr'><strong>οὑ-</strong></span> 
     </span>
    </p>
   </div>
   <div class='ocr_carea' id='block_1_10' title="bbox 176 995 1755 1068">
    <p class='ocr_par' dir='ltr' id='par_1_10' title="bbox 176 995 1755 1068">
     <span class='ocr_line' id='line_1_10' title="bbox 176 995 1755 1068; baseline -0.002 -18"><span class='ocrx_word' id='word_1_56' title='bbox 176 997 315 1059; x_wconf 80' lang='grc' dir='ltr'>δενὸς</span> <span class='ocrx_word' id='word_1_57' title='bbox 335 996 597 1068; x_wconf 70' lang='grc' dir='ltr'>αἰσθητοῦ</span> <span class='ocrx_word' id='word_1_58' title='bbox 626 997 783 1061; x_wconf 74' lang='grc' dir='ltr'>ὄντος</span> <span class='ocrx_word' id='word_1_59' title='bbox 804 996 1057 1068; x_wconf 80' lang='grc' dir='ltr'><strong>ἀληθινοῦ</strong></span> <span class='ocrx_word' id='word_1_60' title='bbox 1076 995 1307 1067; x_wconf 87' lang='grc' dir='ltr'>(6),άλλ’</span> <span class='ocrx_word' id='word_1_61' title='bbox 1324 995 1467 1066; x_wconf 76' lang='grc' dir='ltr'>οὐχὶ,</span> <span class='ocrx_word' id='word_1_62' title='bbox 1500 996 1623 1049; x_wconf 80' lang='grc' dir='ltr'>ἐπεὶ</span> <span class='ocrx_word' id='word_1_63' title='bbox 1653 995 1755 1047; x_wconf 80' lang='grc' dir='ltr'><strong>οὐκ</strong></span> 
     </span>
    </p>
   </div>
   <div class='ocr_carea' id='block_1_11' title="bbox 176 1085 1753 1158">
    <p class='ocr_par' dir='ltr' id='par_1_11' title="bbox 176 1085 1753 1158">
     <span class='ocr_line' id='line_1_11' title="bbox 176 1085 1753 1158; baseline -0.001 -17"><span class='ocrx_word' id='word_1_64' title='bbox 176 1086 428 1157; x_wconf 75' lang='grc' dir='ltr'>ἀληθινὸν</span> <span class='ocrx_word' id='word_1_65' title='bbox 454 1087 514 1139; x_wconf 83' lang='grc' dir='ltr'>τὸ</span> <span class='ocrx_word' id='word_1_66' title='bbox 541 1087 801 1157; x_wconf 75' lang='grc' dir='ltr'>αἰσθητὸν</span> <span class='ocrx_word' id='word_1_67' title='bbox 817 1087 1124 1158; x_wconf 80' lang='grc' dir='ltr'>(7),ψεῦδος</span> <span class='ocrx_word' id='word_1_68' title='bbox 1149 1086 1506 1158; x_wconf 74' lang='grc' dir='ltr'>τὺαίσθητόνσ</span> <span class='ocrx_word' id='word_1_69' title='bbox 1531 1085 1753 1140; x_wconf 85' lang='grc' dir='ltr'>δύναται</span> 
     </span>
    </p>
   </div>
   <div class='ocr_carea' id='block_1_12' title="bbox 174 1175 1752 1249">
    <p class='ocr_par' dir='ltr' id='par_1_12' title="bbox 174 1175 1752 1249">
     <span class='ocr_line' id='line_1_12' title="bbox 174 1175 1752 1249; baseline -0.001 -18"><span class='ocrx_word' id='word_1_70' title='bbox 174 1176 280 1247; x_wconf 82' lang='grc' dir='ltr'>γὰρ</span> <span class='ocrx_word' id='word_1_71' title='bbox 291 1175 589 1245; x_wconf 75' lang='grc' dir='ltr'>ἀναλογίαν</span> <span class='ocrx_word' id='word_1_72' title='bbox 603 1176 749 1247; x_wconf 78' lang='grc' dir='ltr'>ἐχειν</span> <span class='ocrx_word' id='word_1_73' title='bbox 765 1177 1089 1247; x_wconf 84' lang='grc' dir='ltr'>τὸαίσθητὸν</span> <span class='ocrx_word' id='word_1_74' title='bbox 1105 1177 1241 1249; x_wconf 86' lang='grc' dir='ltr'>πρὸς</span> <span class='ocrx_word' id='word_1_75' title='bbox 1255 1177 1316 1231; x_wconf 83' lang='grc' dir='ltr'>τὸ</span> <span class='ocrx_word' id='word_1_76' title='bbox 1327 1177 1537 1248; x_wconf 84' lang='grc' dir='ltr'>νοητὸν,</span> <span class='ocrx_word' id='word_1_77' title='bbox 1566 1178 1626 1230; x_wconf 85' lang='grc' dir='ltr'><strong>οὑ</strong></span> <span class='ocrx_word' id='word_1_78' title='bbox 1644 1178 1752 1249; x_wconf 82' lang='grc' dir='ltr'>μὴν</span> 
     </span>
    </p>
   </div>
   <div class='ocr_carea' id='block_1_13' title="bbox 173 1267 1753 1341">
    <p class='ocr_par' dir='ltr' id='par_1_13' title="bbox 173 1267 1753 1341">
     <span class='ocr_line' id='line_1_13' title="bbox 173 1267 1753 1341; baseline 0.003 -22"><span class='ocrx_word' id='word_1_79' title='bbox 173 1267 235 1320; x_wconf 77' lang='grc' dir='ltr'><strong>τὸ</strong></span> <span class='ocrx_word' id='word_1_80' title='bbox 261 1267 453 1337; x_wconf 76' lang='grc' dir='ltr'>ψεῦδος</span> <span class='ocrx_word' id='word_1_81' title='bbox 486 1268 662 1337; x_wconf 80' lang='grc' dir='ltr'>ὑγιῶς</span> <span class='ocrx_word' id='word_1_82' title='bbox 688 1269 888 1332; x_wconf 81' lang='grc' dir='ltr'>παντὸς</span> <span class='ocrx_word' id='word_1_83' title='bbox 914 1269 1333 1341; x_wconf 75' lang='grc' dir='ltr'>κατηγορεῖσθαι</span> <span class='ocrx_word' id='word_1_84' title='bbox 1362 1268 1455 1322; x_wconf 90' lang='grc' dir='ltr'><strong>τοῦ</strong></span> <span class='ocrx_word' id='word_1_85' title='bbox 1488 1270 1589 1323; x_wconf 88' lang='grc' dir='ltr'><strong>οὐκ</strong></span> <span class='ocrx_word' id='word_1_86' title='bbox 1620 1270 1753 1339; x_wconf 76' lang='grc' dir='ltr'>ἀλη-</span> 
     </span>
    </p>
   </div>
   <div class='ocr_carea' id='block_1_14' title="bbox 175 1358 1754 1433">
    <p class='ocr_par' dir='ltr' id='par_1_14' title="bbox 175 1358 1754 1433">
     <span class='ocr_line' id='line_1_14' title="bbox 175 1358 1754 1433; baseline 0.002 -21"><span class='ocrx_word' id='word_1_87' title='bbox 175 1358 343 1413; x_wconf 78' lang='grc' dir='ltr'>θινοῦ.</span> <span class='ocrx_word' id='word_1_88' title='bbox 368 1358 531 1429; x_wconf 84' lang='grc' dir='ltr'>Ζητῶ</span> <span class='ocrx_word' id='word_1_89' title='bbox 560 1360 621 1413; x_wconf 86' lang='grc' dir='ltr'>δὲ</span> <span class='ocrx_word' id='word_1_90' title='bbox 655 1362 705 1413; x_wconf 83' lang='grc' dir='ltr'><strong>εί</strong></span> <span class='ocrx_word' id='word_1_91' title='bbox 725 1361 919 1415; x_wconf 89' lang='grc' dir='ltr'>ταυτόν</span> <span class='ocrx_word' id='word_1_92' title='bbox 946 1364 1061 1414; x_wconf 87' lang='grc' dir='ltr'>ἐστι</span> <span class='ocrx_word' id='word_1_93' title='bbox 1086 1361 1147 1414; x_wconf 84' lang='grc' dir='ltr'><strong>τὸ</strong></span> <span class='ocrx_word' id='word_1_94' title='bbox 1173 1360 1289 1431; x_wconf 82' lang='grc' dir='ltr'>φῶς</span> <span class='ocrx_word' id='word_1_95' title='bbox 1313 1361 1407 1415; x_wconf 89' lang='grc' dir='ltr'><strong>τοῦ</strong></span> <span class='ocrx_word' id='word_1_96' title='bbox 1438 1362 1643 1432; x_wconf 85' lang='grc' dir='ltr'>κόσμου</span> <span class='ocrx_word' id='word_1_97' title='bbox 1677 1361 1754 1433; x_wconf 87' lang='grc' dir='ltr'>τῷ</span> 
     </span>
    </p>
   </div>
   <div class='ocr_carea' id='block_1_15' title="bbox 177 1451 1754 1526">
    <p class='ocr_par' dir='ltr' id='par_1_15' title="bbox 177 1451 1754 1526">
     <span class='ocr_line' id='line_1_15' title="bbox 177 1451 1754 1526; baseline 0.003 -23"><span class='ocrx_word' id='word_1_98' title='bbox 177 1451 313 1520; x_wconf 72' lang='grc' dir='ltr'>φωτὶ</span> <span class='ocrx_word' id='word_1_99' title='bbox 342 1451 453 1504; x_wconf 86' lang='grc' dir='ltr'><strong>τῶν</strong></span> <span class='ocrx_word' id='word_1_100' title='bbox 478 1451 809 1524; x_wconf 84' lang='grc' dir='ltr'>ἀνθρώπων,</span> <span class='ocrx_word' id='word_1_101' title='bbox 840 1453 934 1507; x_wconf 81' lang='grc' dir='ltr'><strong>καὶ</strong></span> <span class='ocrx_word' id='word_1_102' title='bbox 982 1452 1223 1524; x_wconf 82' lang='grc' dir='ltr'>ἡγοῦμαι</span> <span class='ocrx_word' id='word_1_103' title='bbox 1257 1452 1480 1507; x_wconf 85' lang='grc' dir='ltr'>πλείονα</span> <span class='ocrx_word' id='word_1_104' title='bbox 1524 1453 1754 1526; x_wconf 82' lang='grc' dir='ltr'>δύναμιν</span> 
     </span>
    </p>
   </div>
   <div class='ocr_carea' id='block_1_16' title="bbox 179 1544 1755 1620">
    <p class='ocr_par' dir='ltr' id='par_1_16' title="bbox 179 1544 1755 1620">
     <span class='ocr_line' id='line_1_16' title="bbox 179 1544 1755 1620; baseline 0.003 -23"><span class='ocrx_word' id='word_1_105' title='bbox 179 1544 554 1615; x_wconf 78' lang='grc' dir='ltr'>παρίστασθαι</span> <span class='ocrx_word' id='word_1_106' title='bbox 574 1546 667 1599; x_wconf 86' lang='grc' dir='ltr'><strong>τοῦ</strong></span> <span class='ocrx_word' id='word_1_107' title='bbox 690 1547 887 1615; x_wconf 78' lang='grc' dir='ltr'>φωτὸς,</span> <span class='ocrx_word' id='word_1_108' title='bbox 926 1548 1015 1600; x_wconf 84' lang='grc' dir='ltr'><strong>ὅτε</strong></span> <span class='ocrx_word' id='word_1_109' title='bbox 1045 1546 1159 1618; x_wconf 79' lang='grc' dir='ltr'><strong>φῶς</strong></span> <span class='ocrx_word' id='word_1_110' title='bbox 1190 1547 1285 1601; x_wconf 91' lang='grc' dir='ltr'><strong>τοῦ</strong></span> <span class='ocrx_word' id='word_1_111' title='bbox 1333 1549 1538 1619; x_wconf 88' lang='grc' dir='ltr'>κόσμου</span> <span class='ocrx_word' id='word_1_112' title='bbox 1583 1564 1755 1620; x_wconf 88' lang='grc' dir='ltr'>προσ-</span> 
     </span>
    </p>
   </div>
   <div class='ocr_carea' id='block_1_17' title="bbox 175 1634 1755 1710">
    <p class='ocr_par' dir='ltr' id='par_1_17' title="bbox 175 1634 1755 1710">
     <span class='ocr_line' id='line_1_17' title="bbox 175 1634 1755 1710; baseline 0.002 -23"><span class='ocrx_word' id='word_1_113' title='bbox 175 1634 527 1705; x_wconf 79' lang='grc' dir='ltr'>αγορεύεται,</span> <span class='ocrx_word' id='word_1_114' title='bbox 562 1637 710 1709; x_wconf 76' lang='grc' dir='ltr'>ἢπερ</span> <span class='ocrx_word' id='word_1_115' title='bbox 737 1636 852 1706; x_wconf 80' lang='grc' dir='ltr'><strong>φῶς</strong></span> <span class='ocrx_word' id='word_1_116' title='bbox 882 1637 992 1691; x_wconf 88' lang='grc' dir='ltr'><strong>τῶν</strong></span> <span class='ocrx_word' id='word_1_117' title='bbox 1017 1636 1339 1710; x_wconf 85' lang='grc' dir='ltr'>ἀνθρώπων·</span> <span class='ocrx_word' id='word_1_118' title='bbox 1363 1640 1392 1692; x_wconf 86' lang='grc' dir='ltr'>ὁ</span> <span class='ocrx_word' id='word_1_119' title='bbox 1418 1636 1528 1709; x_wconf 87' lang='grc' dir='ltr'><strong>γὰρ</strong></span> <span class='ocrx_word' id='word_1_120' title='bbox 1552 1637 1755 1708; x_wconf 79' lang='grc' dir='ltr'>κόσμος</span> 
     </span>
    </p>
   </div>
   <div class='ocr_carea' id='block_1_18' title="bbox 173 1725 1752 1802">
    <p class='ocr_par' dir='ltr' id='par_1_18' title="bbox 173 1725 1752 1802">
     <span class='ocr_line' id='line_1_18' title="bbox 173 1725 1752 1802; baseline 0.003 -24"><span class='ocrx_word' id='word_1_121' title='bbox 173 1725 316 1779; x_wconf 80' lang='grc' dir='ltr'><strong>κατά</strong></span> <span class='ocrx_word' id='word_1_122' title='bbox 343 1727 479 1797; x_wconf 84' lang='grc' dir='ltr'>μίαν</span> <span class='ocrx_word' id='word_1_123' title='bbox 508 1727 759 1800; x_wconf 82' lang='grc' dir='ltr'>ἐκδοχὴν.</span> <span class='ocrx_word' id='word_1_124' title='bbox 792 1730 855 1782; x_wconf 85' lang='grc' dir='ltr'><strong>οὐ</strong></span> <span class='ocrx_word' id='word_1_125' title='bbox 888 1728 1047 1799; x_wconf 89' lang='grc' dir='ltr'>μόνον</span> <span class='ocrx_word' id='word_1_126' title='bbox 1083 1729 1380 1802; x_wconf 79' lang='grc' dir='ltr'>ἄνθρωποι.</span> <span class='ocrx_word' id='word_1_127' title='bbox 1412 1729 1523 1783; x_wconf 78' lang='grc' dir='ltr'><strong>Καὶ</strong></span> <span class='ocrx_word' id='word_1_128' title='bbox 1571 1745 1752 1801; x_wconf 87' lang='grc' dir='ltr'>παρα-</span> 
     </span>
    </p>
   </div>
   <div class='ocr_carea' id='block_1_19' title="bbox 174 1813 1752 1889">
    <p class='ocr_par' dir='ltr' id='par_1_19' title="bbox 174 1813 1752 1889">
     <span class='ocr_line' id='line_1_19' title="bbox 174 1813 1752 1889; baseline 0.004 -23"><span class='ocrx_word' id='word_1_129' title='bbox 174 1817 361 1885; x_wconf 81' lang='grc' dir='ltr'>στήσει</span> <span class='ocrx_word' id='word_1_130' title='bbox 391 1816 456 1867; x_wconf 82' lang='grc' dir='ltr'><strong>τὸ</strong></span> <span class='ocrx_word' id='word_1_131' title='bbox 488 1815 723 1886; x_wconf 79' lang='grc' dir='ltr'>πλεῖονῆ</span> <span class='ocrx_word' id='word_1_132' title='bbox 754 1817 940 1887; x_wconf 73' lang='grc' dir='ltr'>ἕτερον</span> <span class='ocrx_word' id='word_1_133' title='bbox 961 1813 1099 1871; x_wconf 81' lang='grc' dir='ltr'>εἶναι</span> <span class='ocrx_word' id='word_1_134' title='bbox 1124 1817 1217 1870; x_wconf 81' lang='grc' dir='ltr'><strong>τὸν</strong></span> <span class='ocrx_word' id='word_1_135' title='bbox 1233 1818 1434 1889; x_wconf 85' lang='grc' dir='ltr'>κόσμον</span> <span class='ocrx_word' id='word_1_136' title='bbox 1458 1816 1607 1889; x_wconf 85' lang='grc' dir='ltr'>παρὰ</span> <span class='ocrx_word' id='word_1_137' title='bbox 1626 1819 1752 1883; x_wconf 81' lang='grc' dir='ltr'>τοὺς</span> 
     </span>
    </p>
   </div>
   <div class='ocr_carea' id='block_1_20' title="bbox 170 1907 1751 1984">
    <p class='ocr_par' dir='ltr' id='par_1_20' title="bbox 170 1907 1751 1984">
     <span class='ocr_line' id='line_1_20' title="bbox 170 1907 1751 1984; baseline 0.002 -22"><span class='ocrx_word' id='word_1_138' title='bbox 170 1907 499 1979; x_wconf 76' lang='grc' dir='ltr'>ἀνθρώπους</span> <span class='ocrx_word' id='word_1_139' title='bbox 515 1910 546 1962; x_wconf 85' lang='grc' dir='ltr'><strong>ὁ</strong></span> <span class='ocrx_word' id='word_1_140' title='bbox 558 1907 772 1973; x_wconf 77' lang='grc' dir='ltr'><strong>Παῦλος</strong></span> <span class='ocrx_word' id='word_1_141' title='bbox 798 1910 934 1980; x_wconf 84' lang='grc' dir='ltr'>πρὸς</span> <span class='ocrx_word' id='word_1_142' title='bbox 954 1909 1274 1984; x_wconf 80' lang='grc' dir='ltr'>Κορινθίους</span> <span class='ocrx_word' id='word_1_143' title='bbox 1293 1912 1541 1984; x_wconf 77' lang='grc' dir='ltr'>προτέρᾳ</span> <span class='ocrx_word' id='word_1_144' title='bbox 1556 1911 1751 1981; x_wconf 77' lang='grc' dir='ltr'>λέγων’</span> 
     </span>
    </p>
   </div>
   <div class='ocr_carea' id='block_1_21' title="bbox 172 1998 1758 2072">
    <p class='ocr_par' dir='ltr' id='par_1_21' title="bbox 172 1998 1758 2072">
     <span class='ocr_line' id='line_1_21' title="bbox 172 1998 1758 2072; baseline 0.001 -16"><span class='ocrx_word' id='word_1_145' title='bbox 172 2000 438 2068; x_wconf 79' lang='grc' dir='ltr'>Θέατρον</span> <span class='ocrx_word' id='word_1_146' title='bbox 461 1998 833 2070; x_wconf 70' lang='grc' dir='ltr'>ἐγενήθημεν</span> <span class='ocrx_word' id='word_1_147' title='bbox 855 1999 936 2066; x_wconf 83' lang='grc' dir='ltr'>τῷ</span> <span class='ocrx_word' id='word_1_148' title='bbox 968 2002 1172 2070; x_wconf 82' lang='grc' dir='ltr'>κόσμῳ</span> <span class='ocrx_word' id='word_1_149' title='bbox 1213 2003 1310 2056; x_wconf 78' lang='grc' dir='ltr'>καὶ</span> <span class='ocrx_word' id='word_1_150' title='bbox 1348 2003 1627 2072; x_wconf 73' lang='grc' dir='ltr'><strong>ἀγγέλοις</strong></span> <span class='ocrx_word' id='word_1_151' title='bbox 1658 2003 1758 2058; x_wconf 76' lang='grc' dir='ltr'>καὶ</span> 
     </span>
    </p>
   </div>
   <div class='ocr_carea' id='block_1_22' title="bbox 169 2090 1757 2166">
    <p class='ocr_par' dir='ltr' id='par_1_22' title="bbox 169 2090 1757 2166">
     <span class='ocr_line' id='line_1_22' title="bbox 169 2090 1757 2166; baseline 0.002 -21"><span class='ocrx_word' id='word_1_152' title='bbox 169 2090 534 2158; x_wconf 73' lang='grc' dir='ltr'>ἀνθρώποις.</span> <span class='ocrx_word' id='word_1_153' title='bbox 573 2090 893 2164; x_wconf 82' lang='grc' dir='ltr'>Ἑπίστησον</span> <span class='ocrx_word' id='word_1_154' title='bbox 920 2091 977 2145; x_wconf 85' lang='grc' dir='ltr'>δὲ</span> <span class='ocrx_word' id='word_1_155' title='bbox 996 2093 1209 2146; x_wconf 84' lang='grc' dir='ltr'>είκατά</span> <span class='ocrx_word' id='word_1_156' title='bbox 1241 2094 1372 2164; x_wconf 89' lang='grc' dir='ltr'>μίαν</span> <span class='ocrx_word' id='word_1_157' title='bbox 1404 2094 1629 2166; x_wconf 80' lang='grc' dir='ltr'>ἐκδοχὴν</span> <span class='ocrx_word' id='word_1_158' title='bbox 1661 2094 1757 2148; x_wconf 86' lang='grc' dir='ltr'>κό-</span> 
     </span>
    </p>
   </div>
   <div class='ocr_carea' id='block_1_23' title="bbox 173 2181 1759 2256">
    <p class='ocr_par' dir='ltr' id='par_1_23' title="bbox 173 2181 1759 2256">
     <span class='ocr_line' id='line_1_23' title="bbox 173 2181 1759 2256; baseline 0.003 -21"><span class='ocrx_word' id='word_1_159' title='bbox 173 2198 313 2252; x_wconf 85' lang='grc' dir='ltr'>σμος</span> <span class='ocrx_word' id='word_1_160' title='bbox 339 2182 495 2234; x_wconf 73' lang='grc' dir='ltr'>ἐστὶν</span> <span class='ocrx_word' id='word_1_161' title='bbox 520 2184 555 2254; x_wconf 82' lang='grc' dir='ltr'><strong>ή</strong></span> <span class='ocrx_word' id='word_1_162' title='bbox 586 2181 1009 2256; x_wconf 83' lang='grc' dir='ltr'>ἐλευθερουμένη</span> <span class='ocrx_word' id='word_1_163' title='bbox 1040 2185 1217 2248; x_wconf 81' lang='grc' dir='ltr'>κτίσις</span> <span class='ocrx_word' id='word_1_164' title='bbox 1244 2184 1352 2238; x_wconf 84' lang='grc' dir='ltr'><strong>ἀπὸ</strong></span> <span class='ocrx_word' id='word_1_165' title='bbox 1376 2184 1477 2256; x_wconf 83' lang='grc' dir='ltr'>τῆς</span> <span class='ocrx_word' id='word_1_166' title='bbox 1513 2185 1759 2250; x_wconf 84' lang='grc' dir='ltr'>δουλείας</span> 
     </span>
    </p>
   </div>
   <div class='ocr_carea' id='block_1_24' title="bbox 172 2272 1757 2348">
    <p class='ocr_par' dir='ltr' id='par_1_24' title="bbox 172 2272 1757 2348">
     <span class='ocr_line' id='line_1_24' title="bbox 172 2272 1757 2348; baseline 0.004 -23"><span class='ocrx_word' id='word_1_167' title='bbox 172 2274 274 2343; x_wconf 77' lang='grc' dir='ltr'>τῆς</span> <span class='ocrx_word' id='word_1_168' title='bbox 303 2272 621 2343; x_wconf 74' lang='grc' dir='ltr'>φθορᾶςείς</span> <span class='ocrx_word' id='word_1_169' title='bbox 650 2274 750 2345; x_wconf 84' lang='grc' dir='ltr'>τὴν</span> <span class='ocrx_word' id='word_1_170' title='bbox 772 2274 1081 2347; x_wconf 76' lang='grc' dir='ltr'>ἐλευθερίαν</span> <span class='ocrx_word' id='word_1_171' title='bbox 1104 2276 1204 2347; x_wconf 82' lang='grc' dir='ltr'>τῆς</span> <span class='ocrx_word' id='word_1_172' title='bbox 1229 2276 1388 2348; x_wconf 83' lang='grc' dir='ltr'>δόξης</span> <span class='ocrx_word' id='word_1_173' title='bbox 1415 2276 1523 2331; x_wconf 88' lang='grc' dir='ltr'><strong>τῶν</strong></span> <span class='ocrx_word' id='word_1_174' title='bbox 1552 2278 1757 2332; x_wconf 84' lang='grc' dir='ltr'>τέκνων</span> 
     </span>
    </p>
   </div>
   <div class='ocr_carea' id='block_1_25' title="bbox 170 2362 1759 2441">
    <p class='ocr_par' dir='ltr' id='par_1_25' title="bbox 170 2362 1759 2441">
     <span class='ocr_line' id='line_1_25' title="bbox 170 2362 1759 2441; baseline 0.004 -23"><span class='ocrx_word' id='word_1_175' title='bbox 170 2364 265 2418; x_wconf 75' lang='grc' dir='ltr'><strong>τοῦ</strong></span> <span class='ocrx_word' id='word_1_176' title='bbox 315 2365 481 2430; x_wconf 87' lang='grc' dir='ltr'>Θεοῦ,</span> <span class='ocrx_word' id='word_1_177' title='bbox 517 2362 589 2438; x_wconf 86' lang='grc' dir='ltr'>ἦς</span> <span class='ocrx_word' id='word_1_178' title='bbox 619 2370 652 2438; x_wconf 93' lang='grc' dir='ltr'><strong>ή</strong></span> <span class='ocrx_word' id='word_1_179' title='bbox 680 2367 1092 2439; x_wconf 83' lang='grc' dir='ltr'>ἀποκαραδοκία</span> <span class='ocrx_word' id='word_1_180' title='bbox 1131 2368 1228 2441; x_wconf 80' lang='grc' dir='ltr'>τὴν</span> <span class='ocrx_word' id='word_1_181' title='bbox 1264 2369 1603 2441; x_wconf 78' lang='grc' dir='ltr'>ἀποκάλυψιν</span> <span class='ocrx_word' id='word_1_182' title='bbox 1650 2370 1759 2425; x_wconf 88' lang='grc' dir='ltr'><strong>τῶν</strong></span> 
     </span>
    </p>
   </div>
   <div class='ocr_carea' id='block_1_26' title="bbox 174 2454 1757 2534">
    <p class='ocr_par' dir='ltr' id='par_1_26' title="bbox 174 2454 1757 2534">
     <span class='ocr_line' id='line_1_26' title="bbox 174 2454 1757 2534; baseline 0.005 -27"><span class='ocrx_word' id='word_1_183' title='bbox 174 2454 307 2509; x_wconf 73' lang='grc' dir='ltr'>υἱῶν</span> <span class='ocrx_word' id='word_1_184' title='bbox 329 2455 429 2510; x_wconf 85' lang='grc' dir='ltr'><strong>τοῦ</strong></span> <span class='ocrx_word' id='word_1_185' title='bbox 453 2456 594 2509; x_wconf 82' lang='grc' dir='ltr'>Θεοῦ</span> <span class='ocrx_word' id='word_1_186' title='bbox 618 2459 994 2530; x_wconf 79' lang='grc' dir='ltr'>ἀπεκδέχεται.</span> <span class='ocrx_word' id='word_1_187' title='bbox 1029 2459 1350 2530; x_wconf 84' lang='grc' dir='ltr'>Ἐπίστησον</span> <span class='ocrx_word' id='word_1_188' title='bbox 1370 2460 1448 2529; x_wconf 82' lang='grc' dir='ltr'>δὲ,</span> <span class='ocrx_word' id='word_1_189' title='bbox 1483 2461 1757 2534; x_wconf 83' lang='grc' dir='ltr'>προσεθή-</span> 
     </span>
    </p>
   </div>
   <div class='ocr_carea' id='block_1_27' title="bbox 175 2547 1758 2624">
    <p class='ocr_par' dir='ltr' id='par_1_27' title="bbox 175 2547 1758 2624">
     <span class='ocr_line' id='line_1_27' title="bbox 175 2547 1758 2624; baseline 0.003 -23"><span class='ocrx_word' id='word_1_190' title='bbox 175 2564 382 2617; x_wconf 80' lang='grc' dir='ltr'>καμεν,</span> <span class='ocrx_word' id='word_1_191' title='bbox 412 2547 505 2601; x_wconf 77' lang='grc' dir='ltr'>διὰ.</span> <span class='ocrx_word' id='word_1_192' title='bbox 537 2549 600 2602; x_wconf 87' lang='grc' dir='ltr'>τὺ</span> <span class='ocrx_word' id='word_1_193' title='bbox 629 2550 994 2622; x_wconf 84' lang='grc' dir='ltr'>παρακεῖσθαι</span> <span class='ocrx_word' id='word_1_194' title='bbox 1025 2552 1088 2605; x_wconf 82' lang='grc' dir='ltr'><strong>τὸ</strong></span> <span class='ocrx_word' id='word_1_195' title='bbox 1134 2553 1431 2623; x_wconf 84' lang='grc' dir='ltr'>δυνάμενον</span> <span class='ocrx_word' id='word_1_196' title='bbox 1469 2553 1530 2606; x_wconf 92' lang='grc' dir='ltr'><strong>τό</strong></span> <span class='ocrx_word' id='word_1_197' title='bbox 1551 2569 1565 2583; x_wconf 92' lang='grc'><strong>·</strong></span> <span class='ocrx_word' id='word_1_198' title='bbox 1610 2553 1758 2624; x_wconf 74' lang='grc' dir='ltr'><strong>Ἐγὼ</strong></span> 
     </span>
    </p>
   </div>
   <div class='ocr_carea' id='block_1_28' title="bbox 173 2640 1755 2716">
    <p class='ocr_par' dir='ltr' id='par_1_28' title="bbox 173 2640 1755 2716">
     <span class='ocr_line' id='line_1_28' title="bbox 173 2640 1755 2716; baseline 0.003 -23"><span class='ocrx_word' id='word_1_199' title='bbox 173 2640 303 2709; x_wconf 59' lang='grc' dir='ltr'>φῶς</span> <span class='ocrx_word' id='word_1_200' title='bbox 331 2643 455 2711; x_wconf 79' lang='grc' dir='ltr'>εἰμι</span> <span class='ocrx_word' id='word_1_201' title='bbox 486 2640 597 2695; x_wconf 82' lang='grc' dir='ltr'><strong>τοῦ</strong></span> <span class='ocrx_word' id='word_1_202' title='bbox 619 2643 872 2712; x_wconf 82' lang='grc' dir='ltr'>κόσμου,</span> <span class='ocrx_word' id='word_1_203' title='bbox 904 2642 1349 2709; x_wconf 83' lang='grc' dir='ltr'>συνεξετάζεσθαι</span> <span class='ocrx_word' id='word_1_204' title='bbox 1381 2644 1609 2697; x_wconf 76' lang='grc' dir='ltr'>ἐπὶτῶν</span> <span class='ocrx_word' id='word_1_205' title='bbox 1651 2662 1755 2716; x_wconf 79' lang='grc' dir='ltr'>μα-</span> 
     </span>
    </p>
   </div>
   <div class='ocr_carea' id='block_1_29' title="bbox 176 2732 1758 2807">
    <p class='ocr_par' dir='ltr' id='par_1_29' title="bbox 176 2732 1758 2807">
     <span class='ocr_line' id='line_1_29' title="bbox 176 2732 1758 2807; baseline 0.006 -23"><span class='ocrx_word' id='word_1_206' title='bbox 176 2732 361 2803; x_wconf 82' lang='grc' dir='ltr'>θητῶν</span> <span class='ocrx_word' id='word_1_207' title='bbox 394 2733 505 2787; x_wconf 75' lang='grc' dir='ltr'>ὑπὸ</span> <span class='ocrx_word' id='word_1_208' title='bbox 547 2734 723 2805; x_wconf 87' lang='grc' dir='ltr'>Ἰησοῦ</span> <span class='ocrx_word' id='word_1_209' title='bbox 767 2734 1090 2807; x_wconf 71' lang='grc' dir='ltr'>λεγόμενοντ</span> <span class='ocrx_word' id='word_1_210' title='bbox 1136 2736 1320 2806; x_wconf 76' lang='grc' dir='ltr'>Ὑμεῖς</span> <span class='ocrx_word' id='word_1_211' title='bbox 1349 2737 1491 2791; x_wconf 84' lang='grc' dir='ltr'>ἐστε</span> <span class='ocrx_word' id='word_1_212' title='bbox 1524 2737 1592 2791; x_wconf 86' lang='grc' dir='ltr'>τὸ</span> <span class='ocrx_word' id='word_1_213' title='bbox 1632 2737 1758 2806; x_wconf 72' lang='grc' dir='ltr'>φῶς</span> 
     </span>
    </p>
   </div>
   <div class='ocr_carea' id='block_1_30' title="bbox 173 2824 1758 2900">
    <p class='ocr_par' dir='ltr' id='par_1_30' title="bbox 173 2824 1758 2900">
     <span class='ocr_line' id='line_1_30' title="bbox 173 2824 1758 2900; baseline 0.003 -24"><span class='ocrx_word' id='word_1_214' title='bbox 173 2824 283 2878; x_wconf 79' lang='grc' dir='ltr'><strong>τοῦ</strong></span> <span class='ocrx_word' id='word_1_215' title='bbox 342 2828 605 2895; x_wconf 72' lang='grc' dir='ltr'>κόσμου.</span> <span class='ocrx_word' id='word_1_216' title='bbox 649 2826 773 2879; x_wconf 77' lang='grc' dir='ltr'><strong>Εἰσὶ</strong></span> <span class='ocrx_word' id='word_1_217' title='bbox 813 2827 923 2900; x_wconf 76' lang='grc' dir='ltr'><strong>γὰρ</strong></span> <span class='ocrx_word' id='word_1_218' title='bbox 967 2827 1442 2899; x_wconf 74' lang='grc' dir='ltr'>ὑπολαμϐάνοντες</span> <span class='ocrx_word' id='word_1_219' title='bbox 1506 2828 1758 2900; x_wconf 77' lang='grc' dir='ltr'>μείζονας</span> 
     </span>
    </p>
   </div>
   <div class='ocr_carea' id='block_1_31' title="bbox 173 2917 1757 2998">
    <p class='ocr_par' dir='ltr' id='par_1_31' title="bbox 173 2917 1757 2998">
     <span class='ocr_line' id='line_1_31' title="bbox 173 2917 1757 2998; baseline 0.003 -25"><span class='ocrx_word' id='word_1_220' title='bbox 173 2917 319 2974; x_wconf 78' lang='grc' dir='ltr'>εἶναι</span> <span class='ocrx_word' id='word_1_221' title='bbox 348 2921 480 2986; x_wconf 79' lang='grc' dir='ltr'>τοὺς</span> <span class='ocrx_word' id='word_1_222' title='bbox 509 2921 833 2994; x_wconf 77' lang='grc' dir='ltr'>ἀνθρώπους</span> <span class='ocrx_word' id='word_1_223' title='bbox 856 2925 983 2988; x_wconf 86' lang='grc' dir='ltr'>τοὺς</span> <span class='ocrx_word' id='word_1_224' title='bbox 1004 2925 1084 2998; x_wconf 80' lang='grc' dir='ltr'><strong>τῷ</strong></span> <span class='ocrx_word' id='word_1_225' title='bbox 1106 2925 1280 2997; x_wconf 83' lang='grc' dir='ltr'>Ἰησοῦ</span> <span class='ocrx_word' id='word_1_226' title='bbox 1311 2925 1548 2997; x_wconf 86' lang='grc' dir='ltr'>γνησίως</span> <span class='ocrx_word' id='word_1_227' title='bbox 1579 2942 1757 2996; x_wconf 87' lang='grc' dir='ltr'>μεμα-</span> 
     </span>
    </p>
   </div>
   <div class='ocr_carea' id='block_1_32' title="bbox 175 3011 1758 3090">
    <p class='ocr_par' dir='ltr' id='par_1_32' title="bbox 175 3011 1758 3090">
     <span class='ocr_line' id='line_1_32' title="bbox 175 3011 1758 3090; baseline 0.004 -25"><span class='ocrx_word' id='word_1_228' title='bbox 175 3011 555 3084; x_wconf 82' lang='grc' dir='ltr'>θητευμένους</span> <span class='ocrx_word' id='word_1_229' title='bbox 601 3014 709 3068; x_wconf 88' lang='grc' dir='ltr'><strong>τῶν</strong></span> <span class='ocrx_word' id='word_1_230' title='bbox 760 3015 934 3069; x_wconf 85' lang='grc' dir='ltr'>ἀλλων</span> <span class='ocrx_word' id='word_1_231' title='bbox 973 3019 1309 3088; x_wconf 84' lang='grc' dir='ltr'>κτισμάτων,</span> <span class='ocrx_word' id='word_1_232' title='bbox 1356 3022 1405 3073; x_wconf 81' lang='grc' dir='ltr'>οἱ</span> <span class='ocrx_word' id='word_1_233' title='bbox 1446 3020 1544 3090; x_wconf 82' lang='grc' dir='ltr'><strong>μὲν</strong></span> <span class='ocrx_word' id='word_1_234' title='bbox 1598 3017 1758 3089; x_wconf 81' lang='grc' dir='ltr'>φύσει</span> 
     </span>
    </p>
   </div>
   <div class='ocr_carea' id='block_1_33' title="bbox 172 3105 1830 3201">
    <p class='ocr_par' dir='ltr' id='par_1_33' title="bbox 172 3105 1830 3201">
     <span class='ocr_line' id='line_1_33' title="bbox 172 3105 1830 3201; baseline 0.007 -46"><span class='ocrx_word' id='word_1_235' title='bbox 172 3105 458 3201; x_wconf 59' lang='lat' dir='ltr'><strong>emoti-too;</strong></span> <span class='ocrx_word' id='word_1_236' title='bbox 489 3109 894 3201; x_wconf 63' lang='grc' dir='ltr'>γεγενημένους</span> <span class='ocrx_word' id='word_1_237' title='bbox 927 3107 1025 3201; x_wconf 86' lang='grc'><strong>(8),</strong></span> <span class='ocrx_word' id='word_1_238' title='bbox 1062 3112 1111 3163; x_wconf 84' lang='grc' dir='ltr'><strong>οί</strong></span> <span class='ocrx_word' id='word_1_239' title='bbox 1150 3109 1208 3163; x_wconf 83' lang='grc' dir='ltr'>δὲ</span> <span class='ocrx_word' id='word_1_240' title='bbox 1257 3110 1349 3164; x_wconf 74' lang='grc' dir='ltr'><strong>καὶ</strong></span> <span class='ocrx_word' id='word_1_241' title='bbox 1400 3111 1459 3165; x_wconf 86' lang='grc' dir='ltr'><strong>ἐν</strong></span> <span class='ocrx_word' id='word_1_242' title='bbox 1499 3110 1644 3183; x_wconf 85' lang='grc' dir='ltr'>λόγῳ</span> <span class='ocrx_word' id='word_1_243' title='bbox 1683 3108 1759 3181; x_wconf 77' lang='grc' dir='ltr'>τῷ</span> <span class='ocrx_word' id='word_1_244' title='bbox 1786 3142 1830 3201; x_wconf 74' lang='lat' dir='ltr'><strong><em>C</em></strong></span> 
     </span>
    </p>
   </div>
   <div class='ocr_carea' id='block_1_34' title="bbox 172 3198 1763 3275">
    <p class='ocr_par' dir='ltr' id='par_1_34' title="bbox 172 3198 1763 3275">
     <span class='ocr_line' id='line_1_34' title="bbox 172 3198 1763 3275; baseline 0.002 -22"><span class='ocrx_word' id='word_1_245' title='bbox 172 3198 324 3253; x_wconf 78' lang='grc' dir='ltr'><strong>κατά</strong></span> <span class='ocrx_word' id='word_1_246' title='bbox 350 3199 448 3252; x_wconf 84' lang='grc' dir='ltr'><strong>τὸν</strong></span> <span class='ocrx_word' id='word_1_247' title='bbox 493 3199 876 3272; x_wconf 85' lang='grc' dir='ltr'>χαλεπώτερον</span> <span class='ocrx_word' id='word_1_248' title='bbox 903 3200 1122 3271; x_wconf 88' lang='grc' dir='ltr'>ἀγῶνα.</span> <span class='ocrx_word' id='word_1_249' title='bbox 1174 3201 1404 3266; x_wconf 89' lang='grc' dir='ltr'>Πλείους</span> <span class='ocrx_word' id='word_1_250' title='bbox 1443 3202 1554 3275; x_wconf 81' lang='grc' dir='ltr'><strong>γάρ</strong></span> <span class='ocrx_word' id='word_1_251' title='bbox 1587 3206 1636 3257; x_wconf 73' lang='grc' dir='ltr'><strong>οἱ</strong></span> <span class='ocrx_word' id='word_1_252' title='bbox 1664 3203 1763 3256; x_wconf 87' lang='grc' dir='ltr'>πό-</span> 
     </span>
    </p>
   </div>
   <div class='ocr_carea' id='block_1_35' title="bbox 170 3291 1763 3368">
    <p class='ocr_par' dir='ltr' id='par_1_35' title="bbox 170 3291 1763 3368">
     <span class='ocr_line' id='line_1_35' title="bbox 170 3291 1763 3368; baseline 0.004 -25"><span class='ocrx_word' id='word_1_253' title='bbox 170 3306 281 3354; x_wconf 79' lang='grc' dir='ltr'>νοι,</span> <span class='ocrx_word' id='word_1_254' title='bbox 322 3292 421 3345; x_wconf 80' lang='grc' dir='ltr'><strong>καὶ</strong></span> <span class='ocrx_word' id='word_1_255' title='bbox 450 3292 761 3364; x_wconf 77' lang='grc' dir='ltr'>ἐπισφαλὴς</span> <span class='ocrx_word' id='word_1_256' title='bbox 788 3296 822 3364; x_wconf 86' lang='grc' dir='ltr'>ἡ</span> <span class='ocrx_word' id='word_1_257' title='bbox 853 3291 964 3365; x_wconf 84' lang='grc' dir='ltr'><strong>ζωὴ</strong></span> <span class='ocrx_word' id='word_1_258' title='bbox 1006 3293 1116 3348; x_wconf 88' lang='grc' dir='ltr'><strong>τῶν</strong></span> <span class='ocrx_word' id='word_1_259' title='bbox 1146 3295 1209 3349; x_wconf 87' lang='grc' dir='ltr'><strong>ἐν</strong></span> <span class='ocrx_word' id='word_1_260' title='bbox 1250 3296 1413 3368; x_wconf 81' lang='grc' dir='ltr'>σαρκὶ</span> <span class='ocrx_word' id='word_1_261' title='bbox 1446 3295 1541 3349; x_wconf 79' lang='grc' dir='ltr'>καὶ</span> <span class='ocrx_word' id='word_1_262' title='bbox 1573 3296 1763 3368; x_wconf 80' lang='grc' dir='ltr'>αἵματι</span> 
     </span>
    </p>
   </div>
   <div class='ocr_carea' id='block_1_36' title="bbox 175 3384 1765 3458">
    <p class='ocr_par' dir='ltr' id='par_1_36' title="bbox 175 3384 1765 3458">
     <span class='ocr_line' id='line_1_36' title="bbox 175 3384 1765 3458; baseline 0.001 -19"><span class='ocrx_word' id='word_1_263' title='bbox 175 3384 335 3455; x_wconf 78' lang='grc' dir='ltr'>παρὰ</span> <span class='ocrx_word' id='word_1_264' title='bbox 358 3386 488 3448; x_wconf 71' lang='grc' dir='ltr'>τοὺς</span> <span class='ocrx_word' id='word_1_265' title='bbox 509 3386 569 3438; x_wconf 82' lang='grc' dir='ltr'><strong>ἐν</strong></span> <span class='ocrx_word' id='word_1_266' title='bbox 596 3384 822 3456; x_wconf 77' lang='grc' dir='ltr'>αἰθερίῳ</span> <span class='ocrx_word' id='word_1_267' title='bbox 849 3384 1088 3456; x_wconf 84' lang='grc' dir='ltr'>σώματι·</span> <span class='ocrx_word' id='word_1_268' title='bbox 1118 3385 1218 3439; x_wconf 84' lang='grc' dir='ltr'><strong>οὐκ</strong></span> <span class='ocrx_word' id='word_1_269' title='bbox 1241 3385 1307 3440; x_wconf 80' lang='grc' dir='ltr'><strong>ἂν</strong></span> <span class='ocrx_word' id='word_1_270' title='bbox 1340 3385 1449 3440; x_wconf 87' lang='grc' dir='ltr'><strong>τῶν</strong></span> <span class='ocrx_word' id='word_1_271' title='bbox 1472 3387 1531 3439; x_wconf 84' lang='grc' dir='ltr'><strong>ἐν</strong></span> <span class='ocrx_word' id='word_1_272' title='bbox 1553 3385 1765 3458; x_wconf 82' lang='grc' dir='ltr'>οὐρανῷ</span> 
     </span>
    </p>
   </div>
   <div class='ocr_carea' id='block_1_37' title="bbox 176 3475 1767 3549">
    <p class='ocr_par' dir='ltr' id='par_1_37' title="bbox 176 3475 1767 3549">
     <span class='ocr_line' id='line_1_37' title="bbox 176 3475 1767 3549; baseline 0 -19"><span class='ocrx_word' id='word_1_273' title='bbox 176 3479 488 3549; x_wconf 74' lang='grc' dir='ltr'>φωστήρων</span> <span class='ocrx_word' id='word_1_274' title='bbox 518 3478 579 3530; x_wconf 89' lang='grc' dir='ltr'><strong>ἐν</strong></span> <span class='ocrx_word' id='word_1_275' title='bbox 612 3476 691 3547; x_wconf 84' lang='grc' dir='ltr'>τῷ</span> <span class='ocrx_word' id='word_1_276' title='bbox 712 3478 1000 3531; x_wconf 81' lang='grc' dir='ltr'>ἀναλαϐεῖν</span> <span class='ocrx_word' id='word_1_277' title='bbox 1043 3476 1113 3531; x_wconf 82' lang='grc' dir='ltr'>τὰ</span> <span class='ocrx_word' id='word_1_278' title='bbox 1143 3479 1311 3549; x_wconf 85' lang='grc' dir='ltr'>γήϊνα</span> <span class='ocrx_word' id='word_1_279' title='bbox 1362 3475 1590 3548; x_wconf 87' lang='grc' dir='ltr'>σώματα</span> <span class='ocrx_word' id='word_1_280' title='bbox 1614 3478 1767 3531; x_wconf 88' lang='grc' dir='ltr'>ἀκιν-</span> 
     </span>
    </p>
   </div>
   <div class='ocr_carea' id='block_1_38' title="bbox 174 3569 1767 3644">
    <p class='ocr_par' dir='ltr' id='par_1_38' title="bbox 174 3569 1767 3644">
     <span class='ocr_line' id='line_1_38' title="bbox 174 3569 1767 3644; baseline -0.001 -19"><span class='ocrx_word' id='word_1_281' title='bbox 174 3571 353 3636; x_wconf 74' lang='grc' dir='ltr'>δύνως</span> <span class='ocrx_word' id='word_1_282' title='bbox 379 3573 479 3625; x_wconf 78' lang='grc' dir='ltr'><strong>καὶ</strong></span> <span class='ocrx_word' id='word_1_283' title='bbox 499 3572 719 3636; x_wconf 86' lang='grc' dir='ltr'>πάντως</span> <span class='ocrx_word' id='word_1_284' title='bbox 742 3573 1141 3644; x_wconf 82' lang='grc' dir='ltr'>ἀναμαρτήτως</span> <span class='ocrx_word' id='word_1_285' title='bbox 1164 3570 1528 3625; x_wconf 88' lang='grc' dir='ltr'>διανυσάντων</span> <span class='ocrx_word' id='word_1_286' title='bbox 1554 3571 1652 3643; x_wconf 80' lang='grc' dir='ltr'><strong>τὴν</strong></span> <span class='ocrx_word' id='word_1_287' title='bbox 1678 3569 1767 3624; x_wconf 82' lang='grc' dir='ltr'>ὲν-</span> 
     </span>
    </p>
   </div>
   <div class='ocr_carea' id='block_1_39' title="bbox 175 3662 1766 3735">
    <p class='ocr_par' dir='ltr' id='par_1_39' title="bbox 175 3662 1766 3735">
     <span class='ocr_line' id='line_1_39' title="bbox 175 3662 1766 3735; baseline -0.001 -17"><span class='ocrx_word' id='word_1_288' title='bbox 175 3663 360 3718; x_wconf 84' lang='grc' dir='ltr'>ταῦθα</span> <span class='ocrx_word' id='word_1_289' title='bbox 386 3663 559 3734; x_wconf 82' lang='grc' dir='ltr'>ζωήν.</span> <span class='ocrx_word' id='word_1_290' title='bbox 592 3665 655 3718; x_wconf 84' lang='grc' dir='ltr'><strong>Οἱ</strong></span> <span class='ocrx_word' id='word_1_291' title='bbox 685 3664 743 3717; x_wconf 88' lang='grc' dir='ltr'><strong>δέ</strong></span> <span class='ocrx_word' id='word_1_292' title='bbox 775 3663 853 3735; x_wconf 84' lang='grc' dir='ltr'>τῷ</span> <span class='ocrx_word' id='word_1_293' title='bbox 892 3663 1035 3733; x_wconf 82' lang='grc' dir='ltr'>λόγῳ</span> <span class='ocrx_word' id='word_1_294' title='bbox 1070 3662 1243 3732; x_wconf 79' lang='grc' dir='ltr'>τούτῳ</span> <span class='ocrx_word' id='word_1_295' title='bbox 1270 3663 1663 3734; x_wconf 83' lang='grc' dir='ltr'>παριστάμενοι</span> <span class='ocrx_word' id='word_1_296' title='bbox 1696 3662 1766 3717; x_wconf 83' lang='grc' dir='ltr'>τὰ</span> 
     </span>
    </p>
   </div>
   <div class='ocr_carea' id='block_1_40' title="bbox 181 3754 1765 3828">
    <p class='ocr_par' dir='ltr' id='par_1_40' title="bbox 181 3754 1765 3828">
     <span class='ocr_line' id='line_1_40' title="bbox 181 3754 1765 3828; baseline 0 -21"><span class='ocrx_word' id='word_1_297' title='bbox 181 3756 421 3826; x_wconf 82' lang='grc' dir='ltr'>μέγιστα</span> <span class='ocrx_word' id='word_1_298' title='bbox 453 3755 589 3828; x_wconf 75' lang='grc' dir='ltr'>περὶ</span> <span class='ocrx_word' id='word_1_299' title='bbox 627 3754 949 3827; x_wconf 81' lang='grc' dir='ltr'>ἀνθρώπων,</span> <span class='ocrx_word' id='word_1_300' title='bbox 984 3754 1449 3824; x_wconf 81' lang='grc' dir='ltr'>ἀποφαινομέναις</span> <span class='ocrx_word' id='word_1_301' title='bbox 1472 3755 1765 3826; x_wconf 82' lang='grc' dir='ltr'>χρήσονται</span> 
     </span>
    </p>
   </div>
   <div class='ocr_carea' id='block_1_41' title="bbox 176 3845 1765 3919">
    <p class='ocr_par' dir='ltr' id='par_1_41' title="bbox 176 3845 1765 3919">
     <span class='ocr_line' id='line_1_41' title="bbox 176 3845 1765 3919; baseline 0.002 -21"><span class='ocrx_word' id='word_1_302' title='bbox 176 3845 360 3914; x_wconf 72' lang='grc' dir='ltr'>λέξεσι</span> <span class='ocrx_word' id='word_1_303' title='bbox 381 3845 494 3899; x_wconf 87' lang='grc' dir='ltr'><strong>τῶν</strong></span> <span class='ocrx_word' id='word_1_304' title='bbox 507 3845 765 3917; x_wconf 77' lang='grc' dir='ltr'>Γραφῶν,</span> <span class='ocrx_word' id='word_1_305' title='bbox 781 3846 841 3899; x_wconf 85' lang='grc' dir='ltr'>τὸ</span> <span class='ocrx_word' id='word_1_306' title='bbox 855 3846 1216 3918; x_wconf 81' lang='grc' dir='ltr'>άνυπὲρθετον</span> <span class='ocrx_word' id='word_1_307' title='bbox 1227 3847 1328 3918; x_wconf 80' lang='grc' dir='ltr'>τῆς</span> <span class='ocrx_word' id='word_1_308' title='bbox 1344 3846 1675 3917; x_wconf 74' lang='grc' dir='ltr'>ἐπαγγελίας</span> <span class='ocrx_word' id='word_1_309' title='bbox 1688 3846 1765 3919; x_wconf 87' lang='lat'><strong>(9)</strong></span> 
     </span>
    </p>
   </div>
   <div class='ocr_carea' id='block_1_42' title="bbox 176 3937 1768 4012">
    <p class='ocr_par' dir='ltr' id='par_1_42' title="bbox 176 3937 1768 4012">
     <span class='ocr_line' id='line_1_42' title="bbox 176 3937 1768 4012; baseline 0.001 -20"><span class='ocrx_word' id='word_1_310' title='bbox 176 3939 263 3992; x_wconf 84' lang='grc' dir='ltr'>ὅτι</span> <span class='ocrx_word' id='word_1_311' title='bbox 296 3938 390 3991; x_wconf 84' lang='grc' dir='ltr'><strong>τὸν</strong></span> <span class='ocrx_word' id='word_1_312' title='bbox 430 3937 726 4009; x_wconf 71' lang='grc' dir='ltr'>ἄνθρωπον</span> <span class='ocrx_word' id='word_1_313' title='bbox 758 3937 949 4007; x_wconf 84' lang='grc' dir='ltr'>φθάνει</span> <span class='ocrx_word' id='word_1_314' title='bbox 984 3939 1348 4008; x_wconf 86' lang='grc' dir='ltr'>φασκούσαις,</span> <span class='ocrx_word' id='word_1_315' title='bbox 1397 3941 1458 3993; x_wconf 86' lang='grc' dir='ltr'><strong>οὐ</strong></span> <span class='ocrx_word' id='word_1_316' title='bbox 1509 3939 1614 4012; x_wconf 81' lang='grc' dir='ltr'>μὴν</span> <span class='ocrx_word' id='word_1_317' title='bbox 1635 3957 1768 3993; x_wconf 62' lang='grc' dir='ltr'>ταυέ</span> 
     </span>
    </p>
   </div>
   <div class='ocr_carea' id='block_1_43' title="bbox 179 4031 1764 4104">
    <p class='ocr_par' dir='ltr' id='par_1_43' title="bbox 179 4031 1764 4104">
     <span class='ocr_line' id='line_1_43' title="bbox 179 4031 1764 4104; baseline 0.001 -19"><span class='ocrx_word' id='word_1_318' title='bbox 179 4031 274 4085; x_wconf 78' lang='grc' dir='ltr'>τὸν</span> <span class='ocrx_word' id='word_1_319' title='bbox 314 4031 479 4085; x_wconf 78' lang='grc' dir='ltr'>τοῦτο</span> <span class='ocrx_word' id='word_1_320' title='bbox 510 4033 608 4085; x_wconf 77' lang='grc' dir='ltr'>καὶ</span> <span class='ocrx_word' id='word_1_321' title='bbox 642 4032 893 4103; x_wconf 73' lang='grc' dir='ltr'>περὶτῆς</span> <span class='ocrx_word' id='word_1_322' title='bbox 936 4032 1189 4096; x_wconf 83' lang='grc' dir='ltr'>κτίσεως,</span> <span class='ocrx_word' id='word_1_323' title='bbox 1238 4032 1295 4103; x_wconf 80' lang='grc' dir='ltr'>ἣ,</span> <span class='ocrx_word' id='word_1_324' title='bbox 1335 4033 1411 4097; x_wconf 85' lang='grc' dir='ltr'><strong>ὡς</strong></span> <span class='ocrx_word' id='word_1_325' title='bbox 1445 4032 1764 4104; x_wconf 81' lang='grc' dir='ltr'>ἐδεξάμεθα,</span> 
     </span>
    </p>
   </div>
   <div class='ocr_carea' id='block_1_44' title="bbox 178 4122 1766 4195">
    <p class='ocr_par' dir='ltr' id='par_1_44' title="bbox 178 4122 1766 4195">
     <span class='ocr_line' id='line_1_44' title="bbox 178 4122 1766 4195; baseline 0.002 -18"><span class='ocrx_word' id='word_1_326' title='bbox 178 4124 394 4194; x_wconf 74' lang='grc' dir='ltr'>κόσμου</span> <span class='ocrx_word' id='word_1_327' title='bbox 424 4122 1050 4195; x_wconf 68' lang='grc' dir='ltr'>ἀπαγγελλούσαις(ίθ)·</span> <span class='ocrx_word' id='word_1_328' title='bbox 1074 4124 1137 4177; x_wconf 85' lang='grc' dir='ltr'><strong>τὸ</strong></span> <span class='ocrx_word' id='word_1_329' title='bbox 1156 4122 1266 4195; x_wconf 81' lang='grc' dir='ltr'>γὰρ</span> <span class='ocrx_word' id='word_1_330' title='bbox 1290 4123 1377 4176; x_wconf 85' lang='grc' dir='ltr'>δέ·</span> <span class='ocrx_word' id='word_1_331' title='bbox 1415 4125 1510 4191; x_wconf 76' lang='grc' dir='ltr'>Ὠς</span> <span class='ocrx_word' id='word_1_332' title='bbox 1536 4125 1650 4195; x_wconf 72' lang='grc' dir='ltr'>ἐγὼ</span> <span class='ocrx_word' id='word_1_333' title='bbox 1668 4126 1766 4180; x_wconf 77' lang='grc' dir='ltr'>καὶ</span> 
     </span>
    </p>
   </div>
   <div class='ocr_carea' id='block_1_45' title="bbox 179 4211 1767 4286">
    <p class='ocr_par' dir='ltr' id='par_1_45' title="bbox 179 4211 1767 4286">
     <span class='ocr_line' id='line_1_45' title="bbox 179 4211 1767 4286; baseline 0.001 -16"><span class='ocrx_word' id='word_1_334' title='bbox 179 4216 265 4270; x_wconf 85' lang='grc' dir='ltr'>σὺ</span> <span class='ocrx_word' id='word_1_335' title='bbox 277 4216 575 4285; x_wconf 63' lang='grc' dir='ltr'>ὄιν-ἐσμεν,</span> <span class='ocrx_word' id='word_1_336' title='bbox 594 4215 697 4269; x_wconf 76' lang='grc' dir='ltr'><strong>ἵνα</strong></span> <span class='ocrx_word' id='word_1_337' title='bbox 707 4216 806 4269; x_wconf 79' lang='grc' dir='ltr'>καὶ</span> <span class='ocrx_word' id='word_1_338' title='bbox 816 4216 984 4270; x_wconf 78' lang='grc' dir='ltr'>αὐτοὶ</span> <span class='ocrx_word' id='word_1_339' title='bbox 997 4217 1067 4269; x_wconf 78' lang='grc' dir='ltr'>ἐν</span> <span class='ocrx_word' id='word_1_340' title='bbox 1076 4216 1221 4286; x_wconf 71' lang='grc' dir='ltr'><strong>ἡμῖν</strong></span> <span class='ocrx_word' id='word_1_341' title='bbox 1234 4211 1442 4281; x_wconf 79' lang='grc' dir='ltr'>ἒνῶσι,</span> <span class='ocrx_word' id='word_1_342' title='bbox 1461 4217 1767 4272; x_wconf 74' lang='grc' dir='ltr'>καῖ’Ὅπου</span> 
     </span>
    </p>
   </div>
   <div class='ocr_carea' id='block_1_46' title="bbox 180 4307 1769 4380">
    <p class='ocr_par' dir='ltr' id='par_1_46' title="bbox 180 4307 1769 4380">
     <span class='ocr_line' id='line_1_46' title="bbox 180 4307 1769 4380; baseline -0.001 -17"><span class='ocrx_word' id='word_1_343' title='bbox 180 4310 299 4379; x_wconf 74' lang='grc' dir='ltr'>ειμι</span> <span class='ocrx_word' id='word_1_344' title='bbox 334 4308 476 4379; x_wconf 68' lang='grc' dir='ltr'>ἐγὼ,</span> <span class='ocrx_word' id='word_1_345' title='bbox 503 4307 637 4362; x_wconf 81' lang='grc' dir='ltr'>ἐκεῖ</span> <span class='ocrx_word' id='word_1_346' title='bbox 654 4310 752 4363; x_wconf 75' lang='grc' dir='ltr'>καὶ</span> <span class='ocrx_word' id='word_1_347' title='bbox 779 4311 812 4363; x_wconf 82' lang='grc' dir='ltr'><em>ὁ</em></span> <span class='ocrx_word' id='word_1_348' title='bbox 832 4307 1110 4375; x_wconf 80' lang='grc' dir='ltr'>διάκονος</span> <span class='ocrx_word' id='word_1_349' title='bbox 1134 4313 1167 4363; x_wconf 90' lang='grc' dir='ltr'><strong>ό</strong></span> <span class='ocrx_word' id='word_1_350' title='bbox 1197 4308 1339 4378; x_wconf 83' lang='grc' dir='ltr'>ἐμὸς</span> <span class='ocrx_word' id='word_1_351' title='bbox 1359 4310 1551 4375; x_wconf 78' lang='grc' dir='ltr'>ἔσται,</span> <span class='ocrx_word' id='word_1_352' title='bbox 1581 4308 1769 4380; x_wconf 84' lang='grc' dir='ltr'>σαφῶς</span> 
     </span>
    </p>
   </div>
   <div class='ocr_carea' id='block_1_47' title="bbox 182 4402 1766 4477">
    <p class='ocr_par' dir='ltr' id='par_1_47' title="bbox 182 4402 1766 4477">
     <span class='ocr_line' id='line_1_47' title="bbox 182 4402 1766 4477; baseline -0.001 -20"><span class='ocrx_word' id='word_1_353' title='bbox 182 4404 317 4477; x_wconf 78' lang='grc' dir='ltr'>περὶ</span> <span class='ocrx_word' id='word_1_354' title='bbox 336 4402 648 4474; x_wconf 72' lang='grc' dir='ltr'>ἀνθρώπιον</span> <span class='ocrx_word' id='word_1_355' title='bbox 673 4402 1084 4474; x_wconf 77' lang='grc' dir='ltr'>ἀναγέγραπται</span> <span class='ocrx_word' id='word_1_356' title='bbox 1103 4421 1117 4434; x_wconf 77' lang='grc' dir='ltr'><strong>ο</strong></span> <span class='ocrx_word' id='word_1_357' title='bbox 1152 4405 1279 4477; x_wconf 76' lang='grc' dir='ltr'>περὶ</span> <span class='ocrx_word' id='word_1_358' title='bbox 1300 4403 1359 4457; x_wconf 81' lang='grc' dir='ltr'>δὲ</span> <span class='ocrx_word' id='word_1_359' title='bbox 1384 4403 1487 4475; x_wconf 81' lang='grc' dir='ltr'>τῆς</span> <span class='ocrx_word' id='word_1_360' title='bbox 1517 4403 1766 4467; x_wconf 86' lang='grc' dir='ltr'>κτίσεως,</span> 
     </span>
    </p>
   </div>
   <div class='ocr_carea' id='block_1_48' title="bbox 1858 519 3424 598">
    <p class='ocr_par' dir='ltr' id='par_1_48' title="bbox 1858 519 3424 598">
     <span class='ocr_line' id='line_1_48' title="bbox 1858 519 3424 598; baseline -0.008 -15"><span class='ocrx_word' id='word_1_361' title='bbox 1858 542 2056 594; x_wconf 89' lang='lat' dir='ltr'><strong>tarum,</strong></span> <span class='ocrx_word' id='word_1_362' title='bbox 2091 544 2155 583; x_wconf 90' lang='lat' dir='ltr'><strong>ac</strong></span> <span class='ocrx_word' id='word_1_363' title='bbox 2185 543 2253 583; x_wconf 94' lang='lat' dir='ltr'><strong>ne</strong></span> <span class='ocrx_word' id='word_1_364' title='bbox 2285 525 2600 598; x_wconf 73' lang='lat' dir='ltr'><strong>angelorum</strong></span> <span class='ocrx_word' id='word_1_365' title='bbox 2635 524 2855 593; x_wconf 82' lang='lat' dir='ltr'><strong>quidem</strong></span> <span class='ocrx_word' id='word_1_366' title='bbox 2882 539 2899 576; x_wconf 90' lang='lat'><strong>:</strong></span> <span class='ocrx_word' id='word_1_367' title='bbox 2945 521 3248 577; x_wconf 90' lang='lat' dir='ltr'><strong>audendum</strong></span> <span class='ocrx_word' id='word_1_368' title='bbox 3280 519 3424 572; x_wconf 92' lang='lat' dir='ltr'><strong>enim</strong></span> 
     </span>
    </p>
   </div>
   <div class='ocr_carea' id='block_1_49' title="bbox 1854 614 3427 686">
    <p class='ocr_par' dir='ltr' id='par_1_49' title="bbox 1854 614 3427 686">
     <span class='ocr_line' id='line_1_49' title="bbox 1854 614 3427 686; baseline -0.008 -11"><span class='ocrx_word' id='word_1_369' title='bbox 1854 630 1937 675; x_wconf 90' lang='lat' dir='ltr'><strong>est</strong></span> <span class='ocrx_word' id='word_1_370' title='bbox 1978 620 2262 674; x_wconf 85' lang='lat' dir='ltr'><strong>veritatem</strong></span> <span class='ocrx_word' id='word_1_371' title='bbox 2293 619 2507 673; x_wconf 86' lang='lat' dir='ltr'><strong>dicere:</strong></span> <span class='ocrx_word' id='word_1_372' title='bbox 2546 616 2774 686; x_wconf 86' lang='lat' dir='ltr'><strong>proinde</strong></span> <span class='ocrx_word' id='word_1_373' title='bbox 2807 614 3021 679; x_wconf 86' lang='lat' dir='ltr'><strong>addam,</strong></span> <span class='ocrx_word' id='word_1_374' title='bbox 3072 627 3246 683; x_wconf 88' lang='lat' dir='ltr'><strong>neque</strong></span> <span class='ocrx_word' id='word_1_375' title='bbox 3285 626 3427 678; x_wconf 81' lang='lat' dir='ltr'><strong>prae-</strong></span> 
     </span>
    </p>
   </div>
   <div class='ocr_carea' id='block_1_50' title="bbox 1853 701 3424 772">
    <p class='ocr_par' dir='ltr' id='par_1_50' title="bbox 1853 701 3424 772">
     <span class='ocr_line' id='line_1_50' title="bbox 1853 701 3424 772; baseline -0.009 -6"><span class='ocrx_word' id='word_1_376' title='bbox 1853 711 2310 766; x_wconf 88' lang='lat' dir='ltr'><strong>stantissimarum</strong></span> <span class='ocrx_word' id='word_1_377' title='bbox 2358 710 2618 764; x_wconf 91' lang='lat' dir='ltr'><strong>virtutum</strong></span> <span class='ocrx_word' id='word_1_378' title='bbox 2663 721 2759 761; x_wconf 89' lang='lat' dir='ltr'><strong>eos</strong></span> <span class='ocrx_word' id='word_1_379' title='bbox 2805 705 3087 772; x_wconf 78' lang='lat' dir='ltr'><strong>indigere,</strong></span> <span class='ocrx_word' id='word_1_380' title='bbox 3120 716 3257 772; x_wconf 92' lang='lat' dir='ltr'><strong>quos</strong></span> <span class='ocrx_word' id='word_1_381' title='bbox 3311 701 3424 769; x_wconf 89' lang='lat' dir='ltr'><strong>ipsa</strong></span> 
     </span>
    </p>
   </div>
   <div class='ocr_carea' id='block_1_51' title="bbox 1853 793 3427 874">
    <p class='ocr_par' dir='ltr' id='par_1_51' title="bbox 1853 793 3427 874">
     <span class='ocr_line' id='line_1_51' title="bbox 1853 793 3427 874; baseline -0.008 -17"><span class='ocrx_word' id='word_1_382' title='bbox 1853 802 2177 874; x_wconf 78' lang='lat' dir='ltr'><strong>primigenia</strong></span> <span class='ocrx_word' id='word_1_383' title='bbox 2206 801 2317 871; x_wconf 75' lang='lat'><strong>28</strong></span> <span class='ocrx_word' id='word_1_384' title='bbox 2342 801 2436 855; x_wconf 81' lang='lat' dir='ltr'><strong>lux</strong></span> <span class='ocrx_word' id='word_1_385' title='bbox 2458 800 2757 856; x_wconf 89' lang='lat' dir='ltr'><strong>edocuerit.</strong></span> <span class='ocrx_word' id='word_1_386' title='bbox 2787 797 2958 853; x_wconf 88' lang='lat' dir='ltr'><strong>Porro</strong></span> <span class='ocrx_word' id='word_1_387' title='bbox 2986 796 3051 851; x_wconf 90' lang='lat' dir='ltr'><strong>iis</strong></span> <span class='ocrx_word' id='word_1_388' title='bbox 3080 797 3171 865; x_wconf 90' lang='lat' dir='ltr'><strong>qui</strong></span> <span class='ocrx_word' id='word_1_389' title='bbox 3203 793 3427 848; x_wconf 83' lang='lat' dir='ltr'><strong>minime</strong></span> 
     </span>
    </p>
   </div>
   <div class='ocr_carea' id='block_1_52' title="bbox 1855 883 3424 960">
    <p class='ocr_par' dir='ltr' id='par_1_52' title="bbox 1855 883 3424 960">
     <span class='ocr_line' id='line_1_52' title="bbox 1855 883 3424 960; baseline -0.01 -9"><span class='ocrx_word' id='word_1_390' title='bbox 1855 896 2062 951; x_wconf 90' lang='lat' dir='ltr'><strong>solares</strong></span> <span class='ocrx_word' id='word_1_391' title='bbox 2116 894 2321 949; x_wconf 79' lang='lat' dir='ltr'><strong>Christi</strong></span> <span class='ocrx_word' id='word_1_392' title='bbox 2377 894 2559 948; x_wconf 88' lang='lat' dir='ltr'><strong>radios</strong></span> <span class='ocrx_word' id='word_1_393' title='bbox 2614 906 2808 960; x_wconf 86' lang='lat' dir='ltr'><strong>capere</strong></span> <span class='ocrx_word' id='word_1_394' title='bbox 2842 891 3065 952; x_wconf 76' lang='lat' dir='ltr'><strong>valent,</strong></span> <span class='ocrx_word' id='word_1_395' title='bbox 3105 889 3281 943; x_wconf 89' lang='lat' dir='ltr'><strong>sancti</strong></span> <span class='ocrx_word' id='word_1_396' title='bbox 3320 883 3424 952; x_wconf 79' lang='lat' dir='ltr'><strong>ipsi</strong></span> 
     </span>
    </p>
   </div>
   <div class='ocr_carea' id='block_1_53' title="bbox 1855 977 3425 1055">
    <p class='ocr_par' dir='ltr' id='par_1_53' title="bbox 1855 977 3425 1055">
     <span class='ocr_line' id='line_1_53' title="bbox 1855 977 3425 1055; baseline -0.008 -12"><span class='ocrx_word' id='word_1_397' title='bbox 1855 988 2226 1043; x_wconf 85' lang='lat' dir='ltr'><strong>ministrantes</strong></span> <span class='ocrx_word' id='word_1_398' title='bbox 2262 986 2438 1040; x_wconf 78' lang='lat' dir='ltr'><strong>lucem</strong></span> <span class='ocrx_word' id='word_1_399' title='bbox 2477 986 2738 1055; x_wconf 67' lang='lat' dir='ltr'><strong>praebent,</strong></span> <span class='ocrx_word' id='word_1_400' title='bbox 2769 985 2864 1041; x_wconf 89' lang='lat' dir='ltr'><strong>sed</strong></span> <span class='ocrx_word' id='word_1_401' title='bbox 2885 997 2947 1037; x_wconf 88' lang='lat' dir='ltr'><strong>ea</strong></span> <span class='ocrx_word' id='word_1_402' title='bbox 2980 996 3141 1052; x_wconf 91' lang='lat' dir='ltr'><strong>quam</strong></span> <span class='ocrx_word' id='word_1_403' title='bbox 3175 977 3425 1050; x_wconf 55' lang='lat' dir='ltr'><strong>praedixi-</strong></span> 
     </span>
    </p>
   </div>
   <div class='ocr_carea' id='block_1_54' title="bbox 1856 1073 3424 1148">
    <p class='ocr_par' dir='ltr' id='par_1_54' title="bbox 1856 1073 3424 1148">
     <span class='ocr_line' id='line_1_54' title="bbox 1856 1073 3424 1148; baseline -0.008 -13"><span class='ocrx_word' id='word_1_404' title='bbox 1856 1096 1976 1136; x_wconf 91' lang='lat' dir='ltr'><strong>mus</strong></span> <span class='ocrx_word' id='word_1_405' title='bbox 2001 1080 2156 1148; x_wconf 76' lang='lat' dir='ltr'><strong>longe</strong></span> <span class='ocrx_word' id='word_1_406' title='bbox 2180 1077 2516 1139; x_wconf 81' lang='lat' dir='ltr'><strong>inferiorem,</strong></span> <span class='ocrx_word' id='word_1_407' title='bbox 2542 1092 2664 1132; x_wconf 89' lang='lat' dir='ltr'><strong>cum</strong></span> <span class='ocrx_word' id='word_1_408' title='bbox 2693 1076 2781 1131; x_wconf 82' lang='lat' dir='ltr'><strong>vix</strong></span> <span class='ocrx_word' id='word_1_409' title='bbox 2808 1073 3008 1144; x_wconf 81' lang='lat' dir='ltr'><strong>alioqui</strong></span> <span class='ocrx_word' id='word_1_410' title='bbox 3039 1074 3180 1127; x_wconf 90' lang='lat' dir='ltr'><strong>hanc</strong></span> <span class='ocrx_word' id='word_1_411' title='bbox 3203 1084 3424 1140; x_wconf 87' lang='lat' dir='ltr'><strong>parvam</strong></span> 
     </span>
    </p>
   </div>
   <div class='ocr_carea' id='block_1_55' title="bbox 1856 1164 3424 1243">
    <p class='ocr_par' dir='ltr' id='par_1_55' title="bbox 1856 1164 3424 1243">
     <span class='ocr_line' id='line_1_55' title="bbox 1856 1164 3424 1243; baseline -0.009 -14"><span class='ocrx_word' id='word_1_412' title='bbox 1856 1174 1957 1243; x_wconf 91' lang='lat' dir='ltr'><strong>ipsi</strong></span> <span class='ocrx_word' id='word_1_413' title='bbox 2011 1187 2208 1242; x_wconf 89' lang='lat' dir='ltr'><strong>capere</strong></span> <span class='ocrx_word' id='word_1_414' title='bbox 2239 1171 2599 1226; x_wconf 83' lang='lat' dir='ltr'><strong>valeantmox</strong></span> <span class='ocrx_word' id='word_1_415' title='bbox 2644 1170 2710 1224; x_wconf 90' lang='lat' dir='ltr'><strong>ab</strong></span> <span class='ocrx_word' id='word_1_416' title='bbox 2755 1171 2872 1238; x_wconf 87' lang='lat' dir='ltr'><strong>ipsa</strong></span> <span class='ocrx_word' id='word_1_417' title='bbox 2924 1165 3088 1236; x_wconf 87' lang='lat' dir='ltr'><strong>pleni.</strong></span> <span class='ocrx_word' id='word_1_418' title='bbox 3119 1164 3211 1218; x_wconf 85' lang='lat' dir='ltr'><strong>Est</strong></span> <span class='ocrx_word' id='word_1_419' title='bbox 3243 1170 3424 1217; x_wconf 89' lang='lat' dir='ltr'><strong>autem</strong></span> 
     </span>
    </p>
   </div>
   <div class='ocr_carea' id='block_1_56' title="bbox 1855 1254 3428 1324">
    <p class='ocr_par' dir='ltr' id='par_1_56' title="bbox 1855 1254 3428 1324">
     <span class='ocr_line' id='line_1_56' title="bbox 1855 1254 3428 1324; baseline -0.008 -3"><span class='ocrx_word' id='word_1_420' title='bbox 1855 1265 2105 1321; x_wconf 83' lang='lat' dir='ltr'><strong>Christus</strong></span> <span class='ocrx_word' id='word_1_421' title='bbox 2136 1266 2224 1319; x_wconf 76' lang='lat' dir='ltr'><strong>lux</strong></span> <span class='ocrx_word' id='word_1_422' title='bbox 2258 1263 2479 1318; x_wconf 90' lang='lat' dir='ltr'><strong>mundi:</strong></span> <span class='ocrx_word' id='word_1_423' title='bbox 2517 1271 2599 1318; x_wconf 90' lang='lat' dir='ltr'><strong>est</strong></span> <span class='ocrx_word' id='word_1_424' title='bbox 2629 1270 2684 1318; x_wconf 91' lang='lat' dir='ltr'><strong>et</strong></span> <span class='ocrx_word' id='word_1_425' title='bbox 2714 1261 2804 1315; x_wconf 80' lang='lat' dir='ltr'><strong>lux</strong></span> <span class='ocrx_word' id='word_1_426' title='bbox 2834 1275 2988 1324; x_wconf 88' lang='lat' dir='ltr'><strong>vera,</strong></span> <span class='ocrx_word' id='word_1_427' title='bbox 3034 1256 3103 1313; x_wconf 85' lang='lat' dir='ltr'><strong>ad</strong></span> <span class='ocrx_word' id='word_1_428' title='bbox 3144 1255 3260 1324; x_wconf 86' lang='lat' dir='ltr'><strong>ejus</strong></span> <span class='ocrx_word' id='word_1_429' title='bbox 3291 1254 3428 1309; x_wconf 89' lang='lat' dir='ltr'><strong>lucis</strong></span> 
     </span>
    </p>
   </div>
   <div class='ocr_carea' id='block_1_57' title="bbox 1856 1346 3427 1426">
    <p class='ocr_par' dir='ltr' id='par_1_57' title="bbox 1856 1346 3427 1426">
     <span class='ocr_line' id='line_1_57' title="bbox 1856 1346 3427 1426; baseline -0.009 -13"><span class='ocrx_word' id='word_1_430' title='bbox 1856 1356 2213 1413; x_wconf 72' lang='lat' dir='ltr'><strong>diﬁerentiam</strong></span> <span class='ocrx_word' id='word_1_431' title='bbox 2244 1371 2366 1426; x_wconf 68' lang='lat' dir='ltr'><strong>qua:</strong></span> <span class='ocrx_word' id='word_1_432' title='bbox 2411 1370 2574 1410; x_wconf 90' lang='lat' dir='ltr'><strong>sensu</strong></span> <span class='ocrx_word' id='word_1_433' title='bbox 2609 1350 2936 1422; x_wconf 86' lang='lat' dir='ltr'><strong>percipitur;</strong></span> <span class='ocrx_word' id='word_1_434' title='bbox 2967 1365 3088 1405; x_wconf 93' lang='lat' dir='ltr'><strong>cum</strong></span> <span class='ocrx_word' id='word_1_435' title='bbox 3126 1347 3257 1403; x_wconf 84' lang='lat' dir='ltr'><strong>nihil</strong></span> <span class='ocrx_word' id='word_1_436' title='bbox 3284 1346 3427 1416; x_wconf 88' lang='lat' dir='ltr'><strong>quod</strong></span> 
     </span>
    </p>
   </div>
   <div class='ocr_carea' id='block_1_58' title="bbox 1856 1437 3426 1518">
    <p class='ocr_par' dir='ltr' id='par_1_58' title="bbox 1856 1437 3426 1518">
     <span class='ocr_line' id='line_1_58' title="bbox 1856 1437 3426 1518; baseline -0.008 -14"><span class='ocrx_word' id='word_1_437' title='bbox 1856 1463 2018 1505; x_wconf 90' lang='lat' dir='ltr'><strong>sensu</strong></span> <span class='ocrx_word' id='word_1_438' title='bbox 2049 1448 2384 1518; x_wconf 88' lang='lat' dir='ltr'><strong>percipiatur</strong></span> <span class='ocrx_word' id='word_1_439' title='bbox 2416 1445 2491 1500; x_wconf 85' lang='lat' dir='ltr'><strong>sit</strong></span> <span class='ocrx_word' id='word_1_440' title='bbox 2524 1459 2750 1511; x_wconf 89' lang='lat' dir='ltr'><strong>verum;</strong></span> <span class='ocrx_word' id='word_1_441' title='bbox 2782 1456 2881 1496; x_wconf 89' lang='lat' dir='ltr'><strong>nec</strong></span> <span class='ocrx_word' id='word_1_442' title='bbox 2915 1451 3090 1495; x_wconf 88' lang='lat' dir='ltr'><strong>tamen</strong></span> <span class='ocrx_word' id='word_1_443' title='bbox 3128 1440 3250 1505; x_wconf 85' lang='lat' dir='ltr'><strong>quia</strong></span> <span class='ocrx_word' id='word_1_444' title='bbox 3283 1437 3426 1507; x_wconf 89' lang='lat' dir='ltr'><strong>quod</strong></span> 
     </span>
    </p>
   </div>
   <div class='ocr_carea' id='block_1_59' title="bbox 1857 1524 3427 1608">
    <p class='ocr_par' dir='ltr' id='par_1_59' title="bbox 1857 1524 3427 1608">
     <span class='ocr_line' id='line_1_59' title="bbox 1857 1524 3427 1608; baseline -0.007 -15"><span class='ocrx_word' id='word_1_445' title='bbox 1857 1524 2019 1594; x_wconf 83' lang='lat' dir='ltr'><strong>sensu</strong></span> <span class='ocrx_word' id='word_1_446' title='bbox 2052 1538 2350 1608; x_wconf 86' lang='lat' dir='ltr'><strong>percipitur</strong></span> <span class='ocrx_word' id='word_1_447' title='bbox 2378 1552 2484 1593; x_wconf 93' lang='lat' dir='ltr'><strong>non</strong></span> <span class='ocrx_word' id='word_1_448' title='bbox 2508 1544 2592 1591; x_wconf 92' lang='lat' dir='ltr'><strong>est</strong></span> <span class='ocrx_word' id='word_1_449' title='bbox 2620 1550 2834 1598; x_wconf 86' lang='lat' dir='ltr'><strong>verum,</strong></span> <span class='ocrx_word' id='word_1_450' title='bbox 2866 1533 3071 1587; x_wconf 90' lang='lat' dir='ltr'><strong>idcirco</strong></span> <span class='ocrx_word' id='word_1_451' title='bbox 3098 1529 3290 1585; x_wconf 84' lang='lat' dir='ltr'><strong>falsum</strong></span> <span class='ocrx_word' id='word_1_452' title='bbox 3316 1539 3427 1594; x_wconf 90' lang='lat' dir='ltr'><strong>est,</strong></span> 
     </span>
    </p>
   </div>
   <div class='ocr_carea' id='block_1_60' title="bbox 1857 1622 3428 1701">
    <p class='ocr_par' dir='ltr' id='par_1_60' title="bbox 1857 1622 3428 1701">
     <span class='ocr_line' id='line_1_60' title="bbox 1857 1622 3428 1701; baseline -0.008 -14"><span class='ocrx_word' id='word_1_453' title='bbox 1857 1647 1981 1687; x_wconf 89' lang='lat' dir='ltr'><strong>nam</strong></span> <span class='ocrx_word' id='word_1_454' title='bbox 2005 1640 2186 1701; x_wconf 89' lang='lat' dir='ltr'><strong>potest</strong></span> <span class='ocrx_word' id='word_1_455' title='bbox 2205 1631 2664 1700; x_wconf 90' lang='lat' dir='ltr'><strong>comparationem</strong></span> <span class='ocrx_word' id='word_1_456' title='bbox 2695 1629 3204 1697; x_wconf 90' lang='lat' dir='ltr'><strong>proportionemque</strong></span> <span class='ocrx_word' id='word_1_457' title='bbox 3227 1622 3428 1678; x_wconf 89' lang='lat' dir='ltr'><strong>habere</strong></span> 
     </span>
    </p>
   </div>
   <div class='ocr_carea' id='block_1_61' title="bbox 1858 1714 3429 1795">
    <p class='ocr_par' dir='ltr' id='par_1_61' title="bbox 1858 1714 3429 1795">
     <span class='ocr_line' id='line_1_61' title="bbox 1858 1714 3429 1795; baseline -0.007 -16"><span class='ocrx_word' id='word_1_458' title='bbox 1858 1725 2000 1795; x_wconf 88' lang='lat' dir='ltr'><strong>quod</strong></span> <span class='ocrx_word' id='word_1_459' title='bbox 2034 1738 2195 1779; x_wconf 87' lang='lat' dir='ltr'><strong>sensu</strong></span> <span class='ocrx_word' id='word_1_460' title='bbox 2230 1722 2522 1792; x_wconf 86' lang='lat' dir='ltr'><strong>percipitur</strong></span> <span class='ocrx_word' id='word_1_461' title='bbox 2546 1722 2613 1776; x_wconf 88' lang='lat' dir='ltr'><strong>ad</strong></span> <span class='ocrx_word' id='word_1_462' title='bbox 2642 1720 2771 1775; x_wconf 88' lang='lat' dir='ltr'><strong>illud</strong></span> <span class='ocrx_word' id='word_1_463' title='bbox 2798 1719 2941 1790; x_wconf 89' lang='lat' dir='ltr'><strong>quod</strong></span> <span class='ocrx_word' id='word_1_464' title='bbox 2972 1718 3157 1772; x_wconf 88' lang='lat' dir='ltr'><strong>animo</strong></span> <span class='ocrx_word' id='word_1_465' title='bbox 3184 1714 3429 1771; x_wconf 86' lang='lat' dir='ltr'><strong>cernitur</strong></span> 
     </span>
    </p>
   </div>
   <div class='ocr_carea' id='block_1_62' title="bbox 1863 1812 3432 1888">
    <p class='ocr_par' dir='ltr' id='par_1_62' title="bbox 1863 1812 3432 1888">
     <span class='ocr_line' id='line_1_62' title="bbox 1863 1812 3432 1888; baseline -0.008 -14"><span class='ocrx_word' id='word_1_466' title='bbox 1863 1819 2180 1888; x_wconf 89' lang='lat' dir='ltr'><strong>rationeque</strong></span> <span class='ocrx_word' id='word_1_467' title='bbox 2229 1815 2709 1886; x_wconf 85' lang='lat' dir='ltr'><strong>comprehenditur</strong></span> <span class='ocrx_word' id='word_1_468' title='bbox 2738 1854 2754 1878; x_wconf 96' lang='lat'><strong>,</strong></span> <span class='ocrx_word' id='word_1_469' title='bbox 2785 1829 2908 1868; x_wconf 89' lang='lat' dir='ltr'><strong>cum</strong></span> <span class='ocrx_word' id='word_1_470' title='bbox 2940 1812 3156 1867; x_wconf 81' lang='lat' dir='ltr'><strong>interim</strong></span> <span class='ocrx_word' id='word_1_471' title='bbox 3187 1824 3317 1864; x_wconf 84' lang='lat' dir='ltr'><strong>sane</strong></span> <span class='ocrx_word' id='word_1_472' title='bbox 3343 1823 3432 1863; x_wconf 90' lang='lat' dir='ltr'><strong>re-</strong></span> 
     </span>
    </p>
   </div>
   <div class='ocr_carea' id='block_1_63' title="bbox 1861 1903 3428 1981">
    <p class='ocr_par' dir='ltr' id='par_1_63' title="bbox 1861 1903 3428 1981">
     <span class='ocr_line' id='line_1_63' title="bbox 1861 1903 3428 1981; baseline -0.006 -14"><span class='ocrx_word' id='word_1_473' title='bbox 1861 1921 2052 1981; x_wconf 84' lang='lat' dir='ltr'><strong>cteque</strong></span> <span class='ocrx_word' id='word_1_474' title='bbox 2080 1911 2148 1965; x_wconf 87' lang='lat' dir='ltr'><strong>de</strong></span> <span class='ocrx_word' id='word_1_475' title='bbox 2178 1911 2324 1965; x_wconf 88' lang='lat' dir='ltr'><strong>omni</strong></span> <span class='ocrx_word' id='word_1_476' title='bbox 2363 1924 2471 1963; x_wconf 91' lang='lat' dir='ltr'><strong>non</strong></span> <span class='ocrx_word' id='word_1_477' title='bbox 2524 1923 2655 1962; x_wconf 83' lang='lat' dir='ltr'><strong>vero</strong></span> <span class='ocrx_word' id='word_1_478' title='bbox 2692 1922 2798 1962; x_wconf 91' lang='lat' dir='ltr'><strong>non</strong></span> <span class='ocrx_word' id='word_1_479' title='bbox 2847 1905 3168 1976; x_wconf 64' lang='lat' dir='ltr'><strong>praedicetur</strong></span> <span class='ocrx_word' id='word_1_480' title='bbox 3212 1903 3428 1958; x_wconf 82' lang='lat' dir='ltr'><strong>falsum.</strong></span> 
     </span>
    </p>
   </div>
   <div class='ocr_carea' id='block_1_64' title="bbox 1861 1995 3433 2074">
    <p class='ocr_par' dir='ltr' id='par_1_64' title="bbox 1861 1995 3433 2074">
     <span class='ocr_line' id='line_1_64' title="bbox 1861 1995 3433 2074; baseline -0.006 -14"><span class='ocrx_word' id='word_1_481' title='bbox 1861 2004 2056 2074; x_wconf 71' lang='lat' dir='ltr'><strong>Quaaro</strong></span> <span class='ocrx_word' id='word_1_482' title='bbox 2087 2013 2266 2059; x_wconf 88' lang='lat' dir='ltr'><strong>autem</strong></span> <span class='ocrx_word' id='word_1_483' title='bbox 2300 2018 2366 2057; x_wconf 91' lang='lat' dir='ltr'><strong>an</strong></span> <span class='ocrx_word' id='word_1_484' title='bbox 2405 2001 2545 2055; x_wconf 87' lang='lat' dir='ltr'><strong>idem‘</strong></span> <span class='ocrx_word' id='word_1_485' title='bbox 2574 1999 2645 2054; x_wconf 87' lang='lat' dir='ltr'><strong>sit</strong></span> <span class='ocrx_word' id='word_1_486' title='bbox 2685 1998 2773 2052; x_wconf 82' lang='lat' dir='ltr'><strong>lux</strong></span> <span class='ocrx_word' id='word_1_487' title='bbox 2824 1997 3007 2052; x_wconf 90' lang='lat' dir='ltr'><strong>mundi</strong></span> <span class='ocrx_word' id='word_1_488' title='bbox 3052 2008 3109 2051; x_wconf 89' lang='lat' dir='ltr'><strong>et</strong></span> <span class='ocrx_word' id='word_1_489' title='bbox 3135 1997 3223 2050; x_wconf 82' lang='lat' dir='ltr'><strong>lux</strong></span> <span class='ocrx_word' id='word_1_490' title='bbox 3256 1995 3433 2050; x_wconf 85' lang='lat' dir='ltr'><strong>homi-</strong></span> 
     </span>
    </p>
   </div>
   <div class='ocr_carea' id='block_1_65' title="bbox 1863 2088 3434 2165">
    <p class='ocr_par' dir='ltr' id='par_1_65' title="bbox 1863 2088 3434 2165">
     <span class='ocr_line' id='line_1_65' title="bbox 1863 2088 3434 2165; baseline -0.004 -13"><span class='ocrx_word' id='word_1_491' title='bbox 1863 2112 2013 2153; x_wconf 91' lang='lat' dir='ltr'><strong>num.</strong></span> <span class='ocrx_word' id='word_1_492' title='bbox 2049 2096 2128 2150; x_wconf 86' lang='lat' dir='ltr'><strong>Ac</strong></span> <span class='ocrx_word' id='word_1_493' title='bbox 2158 2109 2334 2149; x_wconf 89' lang='lat' dir='ltr'><strong>meum</strong></span> <span class='ocrx_word' id='word_1_494' title='bbox 2361 2093 2577 2163; x_wconf 87' lang='lat' dir='ltr'><strong>quidem</strong></span> <span class='ocrx_word' id='word_1_495' title='bbox 2607 2091 2868 2165; x_wconf 84' lang='lat' dir='ltr'><strong>judicium</strong></span> <span class='ocrx_word' id='word_1_496' title='bbox 2899 2099 2982 2146; x_wconf 89' lang='lat' dir='ltr'><strong>est</strong></span> <span class='ocrx_word' id='word_1_497' title='bbox 3005 2088 3265 2157; x_wconf 85' lang='lat' dir='ltr'><strong>majorem</strong></span> <span class='ocrx_word' id='word_1_498' title='bbox 3303 2098 3434 2145; x_wconf 85' lang='lat' dir='ltr'><strong>tunc</strong></span> 
     </span>
    </p>
   </div>
   <div class='ocr_carea' id='block_1_66' title="bbox 1863 2182 3431 2256">
    <p class='ocr_par' dir='ltr' id='par_1_66' title="bbox 1863 2182 3431 2256">
     <span class='ocr_line' id='line_1_66' title="bbox 1863 2182 3431 2256; baseline -0.006 -12"><span class='ocrx_word' id='word_1_499' title='bbox 1863 2190 2004 2246; x_wconf 91' lang='lat' dir='ltr'><strong>lucis</strong></span> <span class='ocrx_word' id='word_1_500' title='bbox 2034 2190 2138 2243; x_wconf 90' lang='lat' dir='ltr'><strong>vim</strong></span> <span class='ocrx_word' id='word_1_501' title='bbox 2169 2187 2420 2243; x_wconf 76' lang='lat' dir='ltr'><strong>exhiberi</strong></span> <span class='ocrx_word' id='word_1_502' title='bbox 2455 2202 2577 2241; x_wconf 88' lang='lat' dir='ltr'><strong>cum</strong></span> <span class='ocrx_word' id='word_1_503' title='bbox 2607 2184 2909 2256; x_wconf 82' lang='lat' dir='ltr'><strong>appellatur</strong></span> <span class='ocrx_word' id='word_1_504' title='bbox 2933 2184 3025 2237; x_wconf 83' lang='lat' dir='ltr'><strong>lux</strong></span> <span class='ocrx_word' id='word_1_505' title='bbox 3054 2182 3239 2238; x_wconf 91' lang='lat' dir='ltr'><strong>mundi</strong></span> <span class='ocrx_word' id='word_1_506' title='bbox 3269 2197 3431 2250; x_wconf 90' lang='lat' dir='ltr'><strong>quam</strong></span> 
     </span>
    </p>
   </div>
   <div class='ocr_carea' id='block_1_67' title="bbox 1865 2274 3431 2353">
    <p class='ocr_par' dir='ltr' id='par_1_67' title="bbox 1865 2274 3431 2353">
     <span class='ocr_line' id='line_1_67' title="bbox 1865 2274 3431 2353; baseline -0.006 -16"><span class='ocrx_word' id='word_1_507' title='bbox 1865 2282 2082 2353; x_wconf 85' lang='lat' dir='ltr'><strong>quando</strong></span> <span class='ocrx_word' id='word_1_508' title='bbox 2126 2280 2216 2333; x_wconf 76' lang='lat' dir='ltr'><strong>lux</strong></span> <span class='ocrx_word' id='word_1_509' title='bbox 2258 2278 2579 2334; x_wconf 88' lang='lat' dir='ltr'><strong>hominum:</strong></span> <span class='ocrx_word' id='word_1_510' title='bbox 2629 2293 2753 2331; x_wconf 88' lang='lat' dir='ltr'><strong>nam</strong></span> <span class='ocrx_word' id='word_1_511' title='bbox 2791 2276 3025 2330; x_wconf 89' lang='lat' dir='ltr'><strong>mundus</strong></span> <span class='ocrx_word' id='word_1_512' title='bbox 3070 2274 3222 2343; x_wconf 77' lang='lat' dir='ltr'><strong>juxta</strong></span> <span class='ocrx_word' id='word_1_513' title='bbox 3268 2289 3431 2328; x_wconf 88' lang='lat' dir='ltr'><strong>unum</strong></span> 
     </span>
    </p>
   </div>
   <div class='ocr_carea' id='block_1_68' title="bbox 1866 2367 3436 2437">
    <p class='ocr_par' dir='ltr' id='par_1_68' title="bbox 1866 2367 3436 2437">
     <span class='ocr_line' id='line_1_68' title="bbox 1866 2367 3436 2437; baseline -0.006 -8"><span class='ocrx_word' id='word_1_514' title='bbox 1866 2388 2080 2429; x_wconf 86' lang='lat' dir='ltr'><strong>sensum</strong></span> <span class='ocrx_word' id='word_1_515' title='bbox 2102 2413 2117 2437; x_wconf 95' lang='lat'><strong>,</strong></span> <span class='ocrx_word' id='word_1_516' title='bbox 2150 2386 2255 2425; x_wconf 92' lang='lat' dir='ltr'><strong>non</strong></span> <span class='ocrx_word' id='word_1_517' title='bbox 2285 2379 2491 2424; x_wconf 89' lang='lat' dir='ltr'><strong>tantum</strong></span> <span class='ocrx_word' id='word_1_518' title='bbox 2531 2368 2798 2424; x_wconf 86' lang='lat' dir='ltr'><strong>homines.</strong></span> <span class='ocrx_word' id='word_1_519' title='bbox 2834 2367 2903 2422; x_wconf 85' lang='lat' dir='ltr'><strong>Et</strong></span> <span class='ocrx_word' id='word_1_520' title='bbox 2931 2367 3129 2422; x_wconf 87' lang='lat' dir='ltr'><strong>Paulus</strong></span> <span class='ocrx_word' id='word_1_521' title='bbox 3157 2367 3209 2421; x_wconf 92' lang='lat' dir='ltr'><strong>in</strong></span> <span class='ocrx_word' id='word_1_522' title='bbox 3254 2367 3436 2437; x_wconf 87' lang='lat' dir='ltr'><strong>priore</strong></span> 
     </span>
    </p>
   </div>
   <div class='ocr_carea' id='block_1_69' title="bbox 1867 2458 3435 2530">
    <p class='ocr_par' dir='ltr' id='par_1_69' title="bbox 1867 2458 3435 2530">
     <span class='ocr_line' id='line_1_69' title="bbox 1867 2458 3435 2530; baseline -0.004 -12"><span class='ocrx_word' id='word_1_523' title='bbox 1867 2465 1932 2520; x_wconf 89' lang='lat' dir='ltr'><strong>ad</strong></span> <span class='ocrx_word' id='word_1_524' title='bbox 1979 2463 2295 2519; x_wconf 88' lang='lat' dir='ltr'><strong>Corinthios</strong></span> <span class='ocrx_word' id='word_1_525' title='bbox 2339 2460 2582 2530; x_wconf 81' lang='lat' dir='ltr'><strong>Epistula</strong></span> <span class='ocrx_word' id='word_1_526' title='bbox 2634 2458 2810 2528; x_wconf 86' lang='lat' dir='ltr'><strong>majus</strong></span> <span class='ocrx_word' id='word_1_527' title='bbox 2843 2459 3101 2527; x_wconf 90' lang='lat' dir='ltr'><strong>quiddam</strong></span> <span class='ocrx_word' id='word_1_528' title='bbox 3141 2472 3262 2514; x_wconf 89' lang='lat' dir='ltr'><strong>esse</strong></span> <span class='ocrx_word' id='word_1_529' title='bbox 3291 2499 3308 2523; x_wconf 92' lang='lat'><strong>,</strong></span> <span class='ocrx_word' id='word_1_530' title='bbox 3349 2459 3435 2514; x_wconf 81' lang='lat' dir='ltr'><strong>vel</strong></span> 
     </span>
    </p>
   </div>
   <div class='ocr_carea' id='block_1_70' title="bbox 1865 2552 3436 2616">
    <p class='ocr_par' dir='ltr' id='par_1_70' title="bbox 1865 2552 3436 2616">
     <span class='ocr_line' id='line_1_70' title="bbox 1865 2552 3436 2616; baseline -0.004 -3"><span class='ocrx_word' id='word_1_531' title='bbox 1865 2557 2026 2613; x_wconf 88' lang='lat' dir='ltr'><strong>etiam</strong></span> <span class='ocrx_word' id='word_1_532' title='bbox 2053 2555 2323 2610; x_wconf 89' lang='lat' dir='ltr'><strong>diversum</strong></span> <span class='ocrx_word' id='word_1_533' title='bbox 2352 2553 2420 2607; x_wconf 93' lang='lat' dir='ltr'><strong>ah</strong></span> <span class='ocrx_word' id='word_1_534' title='bbox 2442 2552 2753 2608; x_wconf 87' lang='lat' dir='ltr'><strong>hominibus</strong></span> <span class='ocrx_word' id='word_1_535' title='bbox 2773 2552 3027 2606; x_wconf 91' lang='lat' dir='ltr'><strong>mundum</strong></span> <span class='ocrx_word' id='word_1_536' title='bbox 3053 2553 3196 2607; x_wconf 88' lang='lat' dir='ltr'><strong>hunc</strong></span> <span class='ocrx_word' id='word_1_537' title='bbox 3215 2552 3436 2616; x_wconf 88' lang='lat' dir='ltr'><strong>astruit,</strong></span> 
     </span>
    </p>
   </div>
   <div class='ocr_carea' id='block_1_71' title="bbox 1865 2645 3435 2717">
    <p class='ocr_par' dir='ltr' id='par_1_71' title="bbox 1865 2645 3435 2717">
     <span class='ocr_line' id='line_1_71' title="bbox 1865 2645 3435 2717; baseline -0.003 -11"><span class='ocrx_word' id='word_1_538' title='bbox 1865 2651 2082 2706; x_wconf 88' lang='lat' dir='ltr'><strong>dicens:</strong></span> <span class='ocrx_word' id='word_1_539' title='bbox 2127 2647 2407 2701; x_wconf 78' lang='lat' dir='ltr'><strong>Theatrum</strong></span> <span class='ocrx_word' id='word_1_540' title='bbox 2434 2645 2563 2717; x_wconf 71' lang='lat' dir='ltr'><strong>facti</strong></span> <span class='ocrx_word' id='word_1_541' title='bbox 2597 2661 2776 2700; x_wconf 80' lang='lat' dir='ltr'><strong>sumus</strong></span> <span class='ocrx_word' id='word_1_542' title='bbox 2811 2645 3026 2709; x_wconf 85' lang='lat' dir='ltr'><strong>mundo,</strong></span> <span class='ocrx_word' id='word_1_543' title='bbox 3054 2654 3102 2699; x_wconf 82' lang='lat' dir='ltr'><strong>et</strong></span> <span class='ocrx_word' id='word_1_544' title='bbox 3133 2645 3352 2716; x_wconf 75' lang='lat' dir='ltr'><strong>angelis,</strong></span> <span class='ocrx_word' id='word_1_545' title='bbox 3385 2655 3435 2701; x_wconf 81' lang='lat' dir='ltr'><strong>et</strong></span> 
     </span>
    </p>
   </div>
   <div class='ocr_carea' id='block_1_72' title="bbox 1864 2736 3436 2804">
    <p class='ocr_par' dir='ltr' id='par_1_72' title="bbox 1864 2736 3436 2804">
     <span class='ocr_line' id='line_1_72' title="bbox 1864 2736 3436 2804; baseline -0.003 -9"><span class='ocrx_word' id='word_1_546' title='bbox 1864 2741 2158 2796; x_wconf 80' lang='lat' dir='ltr'><strong>hominibus</strong></span> <span class='ocrx_word' id='word_1_547' title='bbox 2186 2739 2254 2795; x_wconf 83' lang='lat'><strong>&quot;.</strong></span> <span class='ocrx_word' id='word_1_548' title='bbox 2289 2737 2526 2793; x_wconf 86' lang='lat' dir='ltr'><strong>Proinde</strong></span> <span class='ocrx_word' id='word_1_549' title='bbox 2570 2737 2799 2792; x_wconf 88' lang='lat' dir='ltr'><strong>observa</strong></span> <span class='ocrx_word' id='word_1_550' title='bbox 2830 2751 2896 2790; x_wconf 87' lang='lat' dir='ltr'><strong>an</strong></span> <span class='ocrx_word' id='word_1_551' title='bbox 2924 2736 3076 2804; x_wconf 79' lang='lat' dir='ltr'><strong>juxta</strong></span> <span class='ocrx_word' id='word_1_552' title='bbox 3116 2752 3281 2791; x_wconf 90' lang='lat' dir='ltr'><strong>unum</strong></span> <span class='ocrx_word' id='word_1_553' title='bbox 3311 2753 3436 2793; x_wconf 89' lang='lat' dir='ltr'><strong>sen-</strong></span> 
     </span>
    </p>
   </div>
   <div class='ocr_carea' id='block_1_73' title="bbox 1864 2828 3438 2899">
    <p class='ocr_par' dir='ltr' id='par_1_73' title="bbox 1864 2828 3438 2899">
     <span class='ocr_line' id='line_1_73' title="bbox 1864 2828 3438 2899; baseline -0.003 -10"><span class='ocrx_word' id='word_1_554' title='bbox 1864 2848 1982 2889; x_wconf 88' lang='lat' dir='ltr'><strong>sum</strong></span> <span class='ocrx_word' id='word_1_555' title='bbox 2010 2832 2241 2886; x_wconf 90' lang='lat' dir='ltr'><strong>mundns</strong></span> <span class='ocrx_word' id='word_1_556' title='bbox 2275 2830 2347 2886; x_wconf 92' lang='lat' dir='ltr'><strong>sit</strong></span> <span class='ocrx_word' id='word_1_557' title='bbox 2374 2839 2624 2885; x_wconf 86' lang='lat' dir='ltr'><strong>creatura</strong></span> <span class='ocrx_word' id='word_1_558' title='bbox 2655 2828 2743 2883; x_wconf 86' lang='lat' dir='ltr'><strong>illa</strong></span> <span class='ocrx_word' id='word_1_559' title='bbox 2773 2844 2890 2899; x_wconf 79' lang='lat' dir='ltr'><strong>qua:</strong></span> <span class='ocrx_word' id='word_1_560' title='bbox 2919 2829 3204 2884; x_wconf 87' lang='lat' dir='ltr'><strong>liberanda</strong></span> <span class='ocrx_word' id='word_1_561' title='bbox 3237 2829 3438 2886; x_wconf 91' lang='lat' dir='ltr'><strong>dicitur</strong></span> 
     </span>
    </p>
   </div>
   <div class='ocr_carea' id='block_1_74' title="bbox 1866 2923 3434 2996">
    <p class='ocr_par' dir='ltr' id='par_1_74' title="bbox 1866 2923 3434 2996">
     <span class='ocr_line' id='line_1_74' title="bbox 1866 2923 3434 2996; baseline -0.003 -15"><span class='ocrx_word' id='word_1_562' title='bbox 1866 2931 1932 2981; x_wconf 87' lang='lat' dir='ltr'><strong>ab</strong></span> <span class='ocrx_word' id='word_1_563' title='bbox 1960 2926 2211 2980; x_wconf 89' lang='lat' dir='ltr'><strong>interitus</strong></span> <span class='ocrx_word' id='word_1_564' title='bbox 2245 2924 2513 2980; x_wconf 87' lang='lat' dir='ltr'><strong>servitute</strong></span> <span class='ocrx_word' id='word_1_565' title='bbox 2560 2924 2614 2977; x_wconf 92' lang='lat' dir='ltr'><strong>in</strong></span> <span class='ocrx_word' id='word_1_566' title='bbox 2652 2923 2953 2978; x_wconf 86' lang='lat' dir='ltr'><strong>libertatem</strong></span> <span class='ocrx_word' id='word_1_567' title='bbox 2986 2925 3172 2996; x_wconf 68' lang='lat' dir='ltr'><strong>gloria:</strong></span> <span class='ocrx_word' id='word_1_568' title='bbox 3202 2923 3434 2980; x_wconf 80' lang='lat' dir='ltr'><strong>ﬁliorum</strong></span> 
     </span>
    </p>
   </div>
   <div class='ocr_carea' id='block_1_75' title="bbox 1868 3014 3438 3086">
    <p class='ocr_par' dir='ltr' id='par_1_75' title="bbox 1868 3014 3438 3086">
     <span class='ocr_line' id='line_1_75' title="bbox 1868 3014 3438 3086; baseline -0.002 -12"><span class='ocrx_word' id='word_1_569' title='bbox 1868 3019 1961 3074; x_wconf 85' lang='lat' dir='ltr'><strong>Dei</strong></span> <span class='ocrx_word' id='word_1_570' title='bbox 1992 3019 2059 3086; x_wconf 83' lang='grc'><strong>⁵³,</strong></span> <span class='ocrx_word' id='word_1_571' title='bbox 2086 3017 2241 3086; x_wconf 83' lang='lat' dir='ltr'><strong>cujus</strong></span> <span class='ocrx_word' id='word_1_572' title='bbox 2278 3017 2569 3071; x_wconf 85' lang='lat' dir='ltr'><strong>vehemens</strong></span> <span class='ocrx_word' id='word_1_573' title='bbox 2592 3014 2926 3070; x_wconf 84' lang='lat' dir='ltr'><strong>desiderium</strong></span> <span class='ocrx_word' id='word_1_574' title='bbox 2960 3016 3342 3073; x_wconf 86' lang='lat' dir='ltr'><strong>revelationem</strong></span> <span class='ocrx_word' id='word_1_575' title='bbox 3375 3016 3438 3071; x_wconf 85' lang='lat' dir='ltr'><strong>li-</strong></span> 
     </span>
    </p>
   </div>
   <div class='ocr_carea' id='block_1_76' title="bbox 1866 3106 3435 3177">
    <p class='ocr_par' dir='ltr' id='par_1_76' title="bbox 1866 3106 3435 3177">
     <span class='ocr_line' id='line_1_76' title="bbox 1866 3106 3435 3177; baseline -0.001 -12"><span class='ocrx_word' id='word_1_576' title='bbox 1866 3110 2060 3165; x_wconf 90' lang='lat' dir='ltr'><strong>liorum</strong></span> <span class='ocrx_word' id='word_1_577' title='bbox 2085 3107 2179 3163; x_wconf 86' lang='lat' dir='ltr'><strong>Dei</strong></span> <span class='ocrx_word' id='word_1_578' title='bbox 2206 3117 2487 3177; x_wconf 81' lang='lat' dir='ltr'><strong>exspectat</strong></span> <span class='ocrx_word' id='word_1_579' title='bbox 2507 3107 2576 3160; x_wconf 71' lang='lat'><strong>“.</strong></span> <span class='ocrx_word' id='word_1_580' title='bbox 2606 3106 2846 3163; x_wconf 88' lang='lat' dir='ltr'><strong>Observa</strong></span> <span class='ocrx_word' id='word_1_581' title='bbox 2878 3117 3079 3176; x_wconf 91' lang='lat' dir='ltr'><strong>autem,</strong></span> <span class='ocrx_word' id='word_1_582' title='bbox 3106 3109 3435 3174; x_wconf 88' lang='lat' dir='ltr'><strong>addidimus,</strong></span> 
     </span>
    </p>
   </div>
   <div class='ocr_carea' id='block_1_77' title="bbox 1865 3199 3437 3273">
    <p class='ocr_par' dir='ltr' id='par_1_77' title="bbox 1865 3199 3437 3273">
     <span class='ocr_line' id='line_1_77' title="bbox 1865 3199 3437 3273; baseline -0.002 -15"><span class='ocrx_word' id='word_1_583' title='bbox 1865 3204 2007 3273; x_wconf 90' lang='lat' dir='ltr'><strong>quod</strong></span> <span class='ocrx_word' id='word_1_584' title='bbox 2041 3202 2096 3256; x_wconf 88' lang='lat' dir='ltr'><strong>in</strong></span> <span class='ocrx_word' id='word_1_585' title='bbox 2133 3201 2366 3256; x_wconf 91' lang='lat' dir='ltr'><strong>medium</strong></span> <span class='ocrx_word' id='word_1_586' title='bbox 2419 3200 2676 3269; x_wconf 87' lang='lat' dir='ltr'><strong>producta</strong></span> <span class='ocrx_word' id='word_1_587' title='bbox 2714 3199 2917 3255; x_wconf 79' lang='lat' dir='ltr'><strong>fuerint</strong></span> <span class='ocrx_word' id='word_1_588' title='bbox 2962 3212 3024 3254; x_wconf 86' lang='lat' dir='ltr'><strong>ea</strong></span> <span class='ocrx_word' id='word_1_589' title='bbox 3069 3201 3267 3256; x_wconf 88' lang='lat' dir='ltr'><strong>verba:</strong></span> <span class='ocrx_word' id='word_1_590' title='bbox 3324 3199 3437 3272; x_wconf 81' lang='lat' dir='ltr'><strong>Ego</strong></span> 
     </span>
    </p>
   </div>
   <div class='ocr_carea' id='block_1_78' title="bbox 1865 3292 3438 3362">
    <p class='ocr_par' dir='ltr' id='par_1_78' title="bbox 1865 3292 3438 3362">
     <span class='ocr_line' id='line_1_78' title="bbox 1865 3292 3438 3362; baseline -0.001 -13"><span class='ocrx_word' id='word_1_591' title='bbox 1865 3310 1979 3349; x_wconf 76' lang='lat' dir='ltr'><strong>sum</strong></span> <span class='ocrx_word' id='word_1_592' title='bbox 2014 3293 2109 3348; x_wconf 76' lang='lat' dir='ltr'><strong>lux</strong></span> <span class='ocrx_word' id='word_1_593' title='bbox 2137 3294 2319 3347; x_wconf 80' lang='lat' dir='ltr'><strong>mundi</strong></span> <span class='ocrx_word' id='word_1_594' title='bbox 2349 3292 2418 3361; x_wconf 79' lang='grc'><strong>³⁸,</strong></span> <span class='ocrx_word' id='word_1_595' title='bbox 2449 3307 2568 3362; x_wconf 71' lang='lat' dir='ltr'><strong>qua:</strong></span> <span class='ocrx_word' id='word_1_596' title='bbox 2597 3301 2831 3362; x_wconf 89' lang='lat' dir='ltr'><strong>possunt</strong></span> <span class='ocrx_word' id='word_1_597' title='bbox 2860 3292 3025 3347; x_wconf 88' lang='lat' dir='ltr'><strong>etiam</strong></span> <span class='ocrx_word' id='word_1_598' title='bbox 3058 3294 3125 3348; x_wconf 93' lang='lat' dir='ltr'><strong>de</strong></span> <span class='ocrx_word' id='word_1_599' title='bbox 3156 3293 3438 3361; x_wconf 89' lang='lat' dir='ltr'><strong>discipulis</strong></span> 
     </span>
    </p>
   </div>
   <div class='ocr_carea' id='block_1_79' title="bbox 1866 3381 3437 3456">
    <p class='ocr_par' dir='ltr' id='par_1_79' title="bbox 1866 3381 3437 3456">
     <span class='ocr_line' id='line_1_79' title="bbox 1866 3381 3437 3456; baseline 0.001 -16"><span class='ocrx_word' id='word_1_600' title='bbox 1866 3385 2121 3456; x_wconf 80' lang='lat' dir='ltr'><strong>intelligi,</strong></span> <span class='ocrx_word' id='word_1_601' title='bbox 2160 3400 2285 3439; x_wconf 90' lang='lat' dir='ltr'><strong>cum</strong></span> <span class='ocrx_word' id='word_1_602' title='bbox 2314 3386 2394 3439; x_wconf 91' lang='lat' dir='ltr'><strong>eis</strong></span> <span class='ocrx_word' id='word_1_603' title='bbox 2424 3399 2640 3455; x_wconf 90' lang='lat' dir='ltr'><strong>quoque</strong></span> <span class='ocrx_word' id='word_1_604' title='bbox 2679 3381 2837 3439; x_wconf 84' lang='lat' dir='ltr'><strong>Jesus</strong></span> <span class='ocrx_word' id='word_1_605' title='bbox 2883 3384 3082 3440; x_wconf 81' lang='lat' dir='ltr'><strong>dixerit</strong></span> <span class='ocrx_word' id='word_1_606' title='bbox 3111 3403 3122 3438; x_wconf 96' lang='lat'>:</span> <span class='ocrx_word' id='word_1_607' title='bbox 3183 3383 3281 3439; x_wconf 75' lang='lat' dir='ltr'><strong>Vos</strong></span> <span class='ocrx_word' id='word_1_608' title='bbox 3310 3388 3437 3441; x_wconf 76' lang='lat' dir='ltr'><strong>esti:</strong></span> 
     </span>
    </p>
   </div>
   <div class='ocr_carea' id='block_1_80' title="bbox 1866 3468 3439 3548">
    <p class='ocr_par' dir='ltr' id='par_1_80' title="bbox 1866 3468 3439 3548">
     <span class='ocr_line' id='line_1_80' title="bbox 1866 3468 3439 3548; baseline 0 -15"><span class='ocrx_word' id='word_1_609' title='bbox 1866 3480 1959 3534; x_wconf 74' lang='lat' dir='ltr'><strong>tua:</strong></span> <span class='ocrx_word' id='word_1_610' title='bbox 1983 3479 2167 3533; x_wconf 85' lang='lat' dir='ltr'><strong>mundi</strong></span> <span class='ocrx_word' id='word_1_611' title='bbox 2189 3479 2258 3533; x_wconf 78' lang='grc'><strong>⁸⁸.</strong></span> <span class='ocrx_word' id='word_1_612' title='bbox 2302 3477 2584 3548; x_wconf 88' lang='lat' dir='ltr'><strong>Siquidem</strong></span> <span class='ocrx_word' id='word_1_613' title='bbox 2621 3487 2746 3532; x_wconf 90' lang='lat' dir='ltr'><strong>sunt</strong></span> <span class='ocrx_word' id='word_1_614' title='bbox 2784 3468 2875 3548; x_wconf 87' lang='lat' dir='ltr'><strong>qui</strong></span> <span class='ocrx_word' id='word_1_615' title='bbox 2921 3477 3272 3546; x_wconf 83' lang='lat' dir='ltr'><strong>suspicantur</strong></span> <span class='ocrx_word' id='word_1_616' title='bbox 3301 3494 3439 3548; x_wconf 65' lang='lat' dir='ltr'><strong>pra:-</strong></span> 
     </span>
    </p>
   </div>
   <div class='ocr_carea' id='block_1_81' title="bbox 1868 3569 3439 3640">
    <p class='ocr_par' dir='ltr' id='par_1_81' title="bbox 1868 3569 3439 3640">
     <span class='ocr_line' id='line_1_81' title="bbox 1868 3569 3439 3640; baseline 0 -14"><span class='ocrx_word' id='word_1_617' title='bbox 1868 3571 2166 3626; x_wconf 83' lang='lat' dir='ltr'><strong>stantiores</strong></span> <span class='ocrx_word' id='word_1_618' title='bbox 2204 3569 2326 3625; x_wconf 88' lang='lat' dir='ltr'><strong>aliis</strong></span> <span class='ocrx_word' id='word_1_619' title='bbox 2364 3571 2632 3625; x_wconf 88' lang='lat' dir='ltr'><strong>creaturis</strong></span> <span class='ocrx_word' id='word_1_620' title='bbox 2660 3585 2753 3625; x_wconf 86' lang='lat' dir='ltr'><strong>eos</strong></span> <span class='ocrx_word' id='word_1_621' title='bbox 2784 3584 2905 3624; x_wconf 90' lang='lat' dir='ltr'><strong>esse</strong></span> <span class='ocrx_word' id='word_1_622' title='bbox 2953 3570 3206 3625; x_wconf 87' lang='lat' dir='ltr'><strong>homines</strong></span> <span class='ocrx_word' id='word_1_623' title='bbox 3233 3570 3325 3640; x_wconf 87' lang='lat' dir='ltr'><strong>qui</strong></span> <span class='ocrx_word' id='word_1_624' title='bbox 3370 3572 3439 3626; x_wconf 89' lang='lat' dir='ltr'><strong>ab</strong></span> 
     </span>
    </p>
   </div>
   <div class='ocr_carea' id='block_1_82' title="bbox 1867 3660 3440 3732">
    <p class='ocr_par' dir='ltr' id='par_1_82' title="bbox 1867 3660 3440 3732">
     <span class='ocr_line' id='line_1_82' title="bbox 1867 3660 3440 3732; baseline -0.001 -16"><span class='ocrx_word' id='word_1_625' title='bbox 1867 3664 1985 3732; x_wconf 91' lang='lat' dir='ltr'><strong>ipso</strong></span> <span class='ocrx_word' id='word_1_626' title='bbox 2035 3660 2164 3718; x_wconf 84' lang='lat' dir='ltr'><strong>Jesu</strong></span> <span class='ocrx_word' id='word_1_627' title='bbox 2195 3662 2408 3718; x_wconf 89' lang='lat' dir='ltr'><strong>sincere</strong></span> <span class='ocrx_word' id='word_1_628' title='bbox 2456 3663 2631 3718; x_wconf 88' lang='lat' dir='ltr'><strong>edocti</strong></span> <span class='ocrx_word' id='word_1_629' title='bbox 2665 3661 2888 3716; x_wconf 83' lang='lat' dir='ltr'><strong>fuerint.</strong></span> <span class='ocrx_word' id='word_1_630' title='bbox 2927 3660 3168 3729; x_wconf 86' lang='lat' dir='ltr'><strong>Quorum</strong></span> <span class='ocrx_word' id='word_1_631' title='bbox 3195 3662 3284 3715; x_wconf 90' lang='lat' dir='ltr'><strong>alii</strong></span> <span class='ocrx_word' id='word_1_632' title='bbox 3313 3662 3440 3732; x_wconf 89' lang='lat' dir='ltr'><strong>qni-</strong></span> 
     </span>
    </p>
   </div>
   <div class='ocr_carea' id='block_1_83' title="bbox 1868 3751 3438 3821">
    <p class='ocr_par' dir='ltr' id='par_1_83' title="bbox 1868 3751 3438 3821">
     <span class='ocr_line' id='line_1_83' title="bbox 1868 3751 3438 3821; baseline 0 -13"><span class='ocrx_word' id='word_1_633' title='bbox 1868 3753 1988 3808; x_wconf 91' lang='lat' dir='ltr'><strong>dem</strong></span> <span class='ocrx_word' id='word_1_634' title='bbox 2018 3754 2118 3809; x_wconf 93' lang='lat' dir='ltr'><strong>hos</strong></span> <span class='ocrx_word' id='word_1_635' title='bbox 2144 3753 2392 3809; x_wconf 91' lang='lat' dir='ltr'><strong>homines</strong></span> <span class='ocrx_word' id='word_1_636' title='bbox 2418 3765 2636 3815; x_wconf 84' lang='lat' dir='ltr'><strong>natura,</strong></span> <span class='ocrx_word' id='word_1_637' title='bbox 2679 3751 2770 3805; x_wconf 85' lang='lat' dir='ltr'><strong>alii</strong></span> <span class='ocrx_word' id='word_1_638' title='bbox 2823 3767 2951 3807; x_wconf 81' lang='lat' dir='ltr'><strong>vero</strong></span> <span class='ocrx_word' id='word_1_639' title='bbox 2985 3752 3194 3807; x_wconf 90' lang='lat' dir='ltr'><strong>ratione</strong></span> <span class='ocrx_word' id='word_1_640' title='bbox 3235 3768 3355 3821; x_wconf 66' lang='lat' dir='ltr'><strong>quas</strong></span> <span class='ocrx_word' id='word_1_641' title='bbox 3384 3753 3438 3808; x_wconf 92' lang='lat' dir='ltr'><strong>in</strong></span> 
     </span>
    </p>
   </div>
   <div class='ocr_carea' id='block_1_84' title="bbox 1867 3845 3437 3912">
    <p class='ocr_par' dir='ltr' id='par_1_84' title="bbox 1867 3845 3437 3912">
     <span class='ocr_line' id='line_1_84' title="bbox 1867 3845 3437 3912; baseline -0.001 -10"><span class='ocrx_word' id='word_1_642' title='bbox 1867 3847 2083 3903; x_wconf 89' lang='lat' dir='ltr'><strong>actione</strong></span> <span class='ocrx_word' id='word_1_643' title='bbox 2100 3845 2383 3903; x_wconf 81' lang='lat' dir='ltr'><strong>diﬂiciliort</strong></span> <span class='ocrx_word' id='word_1_644' title='bbox 2412 3856 2681 3912; x_wconf 87' lang='lat' dir='ltr'><strong>versatur,</strong></span> <span class='ocrx_word' id='word_1_645' title='bbox 2701 3845 2837 3901; x_wconf 87' lang='lat' dir='ltr'><strong>tales</strong></span> <span class='ocrx_word' id='word_1_646' title='bbox 2861 3847 3125 3902; x_wconf 82' lang='lat' dir='ltr'><strong>exsistere</strong></span> <span class='ocrx_word' id='word_1_647' title='bbox 3149 3845 3437 3912; x_wconf 80' lang='lat' dir='ltr'><strong>allirmant;</strong></span> 
     </span>
    </p>
   </div>
   <div class='ocr_carea' id='block_1_85' title="bbox 1868 3937 3438 4009">
    <p class='ocr_par' dir='ltr' id='par_1_85' title="bbox 1868 3937 3438 4009">
     <span class='ocr_line' id='line_1_85' title="bbox 1868 3937 3438 4009; baseline -0.002 -13"><span class='ocrx_word' id='word_1_648' title='bbox 1868 3940 2101 4009; x_wconf 89' lang='lat' dir='ltr'><strong>majores</strong></span> <span class='ocrx_word' id='word_1_649' title='bbox 2129 3940 2272 3995; x_wconf 91' lang='lat' dir='ltr'><strong>enim</strong></span> <span class='ocrx_word' id='word_1_650' title='bbox 2302 3939 2519 3993; x_wconf 86' lang='lat' dir='ltr'><strong>labores</strong></span> <span class='ocrx_word' id='word_1_651' title='bbox 2554 3937 2871 4008; x_wconf 89' lang='lat' dir='ltr'><strong>majoraque</strong></span> <span class='ocrx_word' id='word_1_652' title='bbox 2901 3939 3023 3993; x_wconf 63' lang='lat' dir='ltr'><strong>vitae</strong></span> <span class='ocrx_word' id='word_1_653' title='bbox 3052 3938 3318 4009; x_wconf 87' lang='lat' dir='ltr'><strong>pericula,</strong></span> <span class='ocrx_word' id='word_1_654' title='bbox 3344 3940 3438 4009; x_wconf 88' lang='lat' dir='ltr'><strong>qui</strong></span> 
     </span>
    </p>
   </div>
   <div class='ocr_carea' id='block_1_86' title="bbox 1868 4029 3439 4102">
    <p class='ocr_par' dir='ltr' id='par_1_86' title="bbox 1868 4029 3439 4102">
     <span class='ocr_line' id='line_1_86' title="bbox 1868 4029 3439 4102; baseline -0.001 -14"><span class='ocrx_word' id='word_1_655' title='bbox 1868 4046 2036 4088; x_wconf 89' lang='lat' dir='ltr'><strong>carne</strong></span> <span class='ocrx_word' id='word_1_656' title='bbox 2078 4047 2144 4087; x_wconf 90' lang='lat' dir='ltr'><strong>ac</strong></span> <span class='ocrx_word' id='word_1_657' title='bbox 2195 4030 2455 4102; x_wconf 74' lang='lat' dir='ltr'><strong>sanguine</strong></span> <span class='ocrx_word' id='word_1_658' title='bbox 2508 4038 2803 4091; x_wconf 87' lang='lat' dir='ltr'><strong>constant,</strong></span> <span class='ocrx_word' id='word_1_659' title='bbox 2858 4029 3099 4096; x_wconf 87' lang='lat' dir='ltr'><strong>habere,</strong></span> <span class='ocrx_word' id='word_1_660' title='bbox 3149 4046 3310 4101; x_wconf 89' lang='lat' dir='ltr'><strong>quam</strong></span> <span class='ocrx_word' id='word_1_661' title='bbox 3349 4032 3439 4100; x_wconf 90' lang='lat' dir='ltr'><strong>qui</strong></span> 
     </span>
    </p>
   </div>
   <div class='ocr_carea' id='block_1_87' title="bbox 1869 4122 3441 4194">
    <p class='ocr_par' dir='ltr' id='par_1_87' title="bbox 1869 4122 3441 4194">
     <span class='ocr_line' id='line_1_87' title="bbox 1869 4122 3441 4194; baseline -0.003 -12"><span class='ocrx_word' id='word_1_662' title='bbox 1869 4126 2110 4182; x_wconf 84' lang='lat' dir='ltr'><strong>aethereo</strong></span> <span class='ocrx_word' id='word_1_663' title='bbox 2138 4139 2388 4194; x_wconf 88' lang='lat' dir='ltr'><strong>corpore.</strong></span> <span class='ocrx_word' id='word_1_664' title='bbox 2442 4123 2574 4178; x_wconf 89' lang='lat' dir='ltr'><strong>Nam</strong></span> <span class='ocrx_word' id='word_1_665' title='bbox 2608 4138 2783 4193; x_wconf 89' lang='lat' dir='ltr'><strong>neque</strong></span> <span class='ocrx_word' id='word_1_666' title='bbox 2824 4122 3028 4178; x_wconf 88' lang='lat' dir='ltr'><strong>lumina</strong></span> <span class='ocrx_word' id='word_1_667' title='bbox 3059 4123 3304 4180; x_wconf 63' lang='lat' dir='ltr'><strong>caelestia</strong></span> <span class='ocrx_word' id='word_1_668' title='bbox 3358 4124 3441 4178; x_wconf 84' lang='lat' dir='ltr'><strong>di-</strong></span> 
     </span>
    </p>
   </div>
   <div class='ocr_carea' id='block_1_88' title="bbox 1869 4216 3441 4287">
    <p class='ocr_par' dir='ltr' id='par_1_88' title="bbox 1869 4216 3441 4287">
     <span class='ocr_line' id='line_1_88' title="bbox 1869 4216 3441 4287; baseline 0 -16"><span class='ocrx_word' id='word_1_669' title='bbox 1869 4226 2000 4272; x_wconf 90' lang='lat' dir='ltr'><strong>cunt</strong></span> <span class='ocrx_word' id='word_1_670' title='bbox 2040 4231 2268 4287; x_wconf 88' lang='lat' dir='ltr'><strong>corpora</strong></span> <span class='ocrx_word' id='word_1_671' title='bbox 2320 4227 2534 4272; x_wconf 90' lang='lat' dir='ltr'><strong>terrena</strong></span> <span class='ocrx_word' id='word_1_672' title='bbox 2580 4217 2625 4272; x_wconf 90' lang='lat' dir='ltr'><strong>si</strong></span> <span class='ocrx_word' id='word_1_673' title='bbox 2674 4217 3085 4285; x_wconf 89' lang='lat' dir='ltr'><strong>suscepissent,</strong></span> <span class='ocrx_word' id='word_1_674' title='bbox 3120 4231 3151 4270; x_wconf 90' lang='lat' dir='ltr'><strong>a</strong></span> <span class='ocrx_word' id='word_1_675' title='bbox 3182 4216 3441 4287; x_wconf 89' lang='lat' dir='ltr'><strong>periculis</strong></span> 
     </span>
    </p>
   </div>
   <div class='ocr_carea' id='block_1_89' title="bbox 1870 4308 3440 4381">
    <p class='ocr_par' dir='ltr' id='par_1_89' title="bbox 1870 4308 3440 4381">
     <span class='ocr_line' id='line_1_89' title="bbox 1870 4308 3440 4381; baseline -0.003 -15"><span class='ocrx_word' id='word_1_676' title='bbox 1870 4310 2093 4366; x_wconf 91' lang='lat' dir='ltr'><strong>omnino</strong></span> <span class='ocrx_word' id='word_1_677' title='bbox 2129 4318 2184 4365; x_wconf 92' lang='lat' dir='ltr'><strong>et</strong></span> <span class='ocrx_word' id='word_1_678' title='bbox 2227 4323 2258 4363; x_wconf 92' lang='lat' dir='ltr'><strong>a</strong></span> <span class='ocrx_word' id='word_1_679' title='bbox 2305 4310 2579 4379; x_wconf 88' lang='lat' dir='ltr'><strong>peccando</strong></span> <span class='ocrx_word' id='word_1_680' title='bbox 2616 4310 2875 4364; x_wconf 90' lang='lat' dir='ltr'><strong>immnnia</strong></span> <span class='ocrx_word' id='word_1_681' title='bbox 2920 4317 3247 4381; x_wconf 70' lang='lat' dir='ltr'><strong>prmsentem</strong></span> <span class='ocrx_word' id='word_1_682' title='bbox 3277 4308 3440 4363; x_wconf 89' lang='lat' dir='ltr'><strong>vitam</strong></span> 
     </span>
    </p>
   </div>
   <div class='ocr_carea' id='block_1_90' title="bbox 1873 4398 3441 4472">
    <p class='ocr_par' dir='ltr' id='par_1_90' title="bbox 1873 4398 3441 4472">
     <span class='ocr_line' id='line_1_90' title="bbox 1873 4398 3441 4472; baseline -0.003 -15"><span class='ocrx_word' id='word_1_683' title='bbox 1873 4410 2238 4457; x_wconf 88' lang='lat' dir='ltr'><strong>transactura.</strong></span> <span class='ocrx_word' id='word_1_684' title='bbox 2271 4398 2371 4456; x_wconf 90' lang='lat' dir='ltr'><strong>Cui</strong></span> <span class='ocrx_word' id='word_1_685' title='bbox 2410 4399 2573 4454; x_wconf 89' lang='lat' dir='ltr'><strong>etiam</strong></span> <span class='ocrx_word' id='word_1_686' title='bbox 2605 4402 2803 4457; x_wconf 88' lang='lat' dir='ltr'><strong>rationi</strong></span> <span class='ocrx_word' id='word_1_687' title='bbox 2846 4403 2936 4472; x_wconf 91' lang='lat' dir='ltr'><strong>qui</strong></span> <span class='ocrx_word' id='word_1_688' title='bbox 2974 4402 3160 4455; x_wconf 83' lang='lat' dir='ltr'><strong>favent</strong></span> <span class='ocrx_word' id='word_1_689' title='bbox 3188 4399 3441 4469; x_wconf 87' lang='lat' dir='ltr'><strong>Scriptu-</strong></span> 
     </span>
    </p>
   </div>
   <div class='ocr_carea' id='block_1_91' title="bbox 182 4482 1760 4567">
    <p class='ocr_par' dir='ltr' id='par_1_91' title="bbox 182 4493 1760 4567">
     <span class='ocr_line' id='line_1_91' title="bbox 182 4493 1760 4567; baseline -0.003 -17"><span class='ocrx_word' id='word_1_690' title='bbox 182 4498 268 4550; x_wconf 74' lang='grc' dir='ltr'>ὅτι</span> <span class='ocrx_word' id='word_1_691' title='bbox 313 4494 697 4567; x_wconf 80' lang='grc' dir='ltr'>ἐλευθεροῦται</span> <span class='ocrx_word' id='word_1_692' title='bbox 736 4495 845 4547; x_wconf 87' lang='grc' dir='ltr'><strong>άπὸ</strong></span> <span class='ocrx_word' id='word_1_693' title='bbox 889 4495 987 4565; x_wconf 81' lang='grc' dir='ltr'><strong>τῆς</strong></span> <span class='ocrx_word' id='word_1_694' title='bbox 1029 4493 1269 4560; x_wconf 88' lang='grc' dir='ltr'>δουλείας</span> <span class='ocrx_word' id='word_1_695' title='bbox 1313 4495 1411 4566; x_wconf 80' lang='grc' dir='ltr'>τῆς</span> <span class='ocrx_word' id='word_1_696' title='bbox 1454 4493 1657 4564; x_wconf 78' lang='grc' dir='ltr'>φθορᾶς</span> <span class='ocrx_word' id='word_1_697' title='bbox 1689 4494 1760 4558; x_wconf 87' lang='grc' dir='ltr'>εἰς</span> 
     </span>
    </p>
   </div>
   <div class='ocr_carea' id='block_1_92' title="bbox 1863 4482 3442 4567">
    <p class='ocr_par' dir='ltr' id='par_1_92' title="bbox 1875 4492 3442 4562">
     <span class='ocr_line' id='line_1_92' title="bbox 1875 4492 3442 4562; baseline -0.001 -16"><span class='ocrx_word' id='word_1_698' title='bbox 1875 4507 2056 4546; x_wconf 87' lang='lat' dir='ltr'><strong>rarum</strong></span> <span class='ocrx_word' id='word_1_699' title='bbox 2101 4494 2461 4562; x_wconf 88' lang='lat' dir='ltr'><strong>quarumdam</strong></span> <span class='ocrx_word' id='word_1_700' title='bbox 2510 4493 2840 4550; x_wconf 85' lang='lat' dir='ltr'><strong>testimoniis</strong></span> <span class='ocrx_word' id='word_1_701' title='bbox 2876 4492 3287 4546; x_wconf 88' lang='lat' dir='ltr'><strong>enuntiantibus</strong></span> <span class='ocrx_word' id='word_1_702' title='bbox 3326 4507 3442 4545; x_wconf 86' lang='lat' dir='ltr'><strong>ma-</strong></span> 
     </span>
    </p>
   </div>
   <div class='ocr_carea' id='block_1_93' title="bbox 183 4583 1760 4659">
    <p class='ocr_par' dir='ltr' id='par_1_93' title="bbox 183 4583 1760 4659">
     <span class='ocr_line' id='line_1_93' title="bbox 183 4583 1760 4659; baseline -0.003 -17"><span class='ocrx_word' id='word_1_703' title='bbox 183 4590 288 4659; x_wconf 79' lang='grc' dir='ltr'>τὴν</span> <span class='ocrx_word' id='word_1_704' title='bbox 323 4585 643 4656; x_wconf 81' lang='grc' dir='ltr'>ἐλευθερίαν</span> <span class='ocrx_word' id='word_1_705' title='bbox 666 4585 767 4655; x_wconf 77' lang='grc' dir='ltr'>τῆς</span> <span class='ocrx_word' id='word_1_706' title='bbox 796 4584 954 4656; x_wconf 77' lang='grc' dir='ltr'>δόξης</span> <span class='ocrx_word' id='word_1_707' title='bbox 988 4585 1098 4639; x_wconf 89' lang='grc' dir='ltr'><strong>τῶν</strong></span> <span class='ocrx_word' id='word_1_708' title='bbox 1127 4586 1331 4640; x_wconf 81' lang='grc' dir='ltr'>τέκνων</span> <span class='ocrx_word' id='word_1_709' title='bbox 1363 4583 1457 4638; x_wconf 90' lang='grc' dir='ltr'><strong>τοῦ</strong></span> <span class='ocrx_word' id='word_1_710' title='bbox 1482 4585 1637 4650; x_wconf 85' lang='grc' dir='ltr'>Θεοῦ,</span> <span class='ocrx_word' id='word_1_711' title='bbox 1672 4585 1760 4638; x_wconf 72' lang='grc' dir='ltr'>καὶ</span> 
     </span>
    </p>
   </div>
   <div class='ocr_carea' id='block_1_94' title="bbox 1863 4583 3446 4659">
    <p class='ocr_par' dir='ltr' id='par_1_94' title="bbox 1872 4583 3446 4654">
     <span class='ocr_line' id='line_1_94' title="bbox 1872 4583 3446 4654; baseline -0.002 -17"><span class='ocrx_word' id='word_1_712' title='bbox 1872 4583 2015 4637; x_wconf 82' lang='lat' dir='ltr'><strong>xima</strong></span> <span class='ocrx_word' id='word_1_713' title='bbox 2041 4585 2108 4638; x_wconf 88' lang='lat' dir='ltr'><strong>de</strong></span> <span class='ocrx_word' id='word_1_714' title='bbox 2138 4584 2468 4649; x_wconf 88' lang='lat' dir='ltr'><strong>hominibus,</strong></span> <span class='ocrx_word' id='word_1_715' title='bbox 2494 4584 3099 4654; x_wconf 88' lang='lat' dir='ltr'><strong>supervenientiamque</strong></span> <span class='ocrx_word' id='word_1_716' title='bbox 3127 4584 3446 4653; x_wconf 74' lang='lat' dir='ltr'><strong>promissio-</strong></span> 
     </span>
    </p>
   </div>
   <div class='ocr_carea' id='block_1_95' title="bbox 186 4675 1760 4751">
    <p class='ocr_par' dir='ltr' id='par_1_95' title="bbox 186 4675 1760 4751">
     <span class='ocr_line' id='line_1_95' title="bbox 186 4675 1760 4751; baseline -0.003 -17"><span class='ocrx_word' id='word_1_717' title='bbox 186 4678 621 4751; x_wconf 77' lang='grc' dir='ltr'>προσθήσουσιν,</span> <span class='ocrx_word' id='word_1_718' title='bbox 666 4678 749 4730; x_wconf 80' lang='grc' dir='ltr'>ὅτι</span> <span class='ocrx_word' id='word_1_719' title='bbox 794 4677 933 4749; x_wconf 74' lang='grc' dir='ltr'>οὐχὶ,</span> <span class='ocrx_word' id='word_1_720' title='bbox 980 4680 1028 4731; x_wconf 84' lang='grc' dir='ltr'>εἰ</span> <span class='ocrx_word' id='word_1_721' title='bbox 1076 4675 1473 4749; x_wconf 83' lang='grc' dir='ltr'>ἐλευθεροῦται,</span> <span class='ocrx_word' id='word_1_722' title='bbox 1526 4676 1625 4749; x_wconf 77' lang='grc' dir='ltr'>ἤδη</span> <span class='ocrx_word' id='word_1_723' title='bbox 1673 4677 1760 4730; x_wconf 73' lang='grc' dir='ltr'>καὶ</span> 
     </span>
    </p>
   </div>
   <div class='ocr_carea' id='block_1_96' title="bbox 1863 4675 3440 4751">
    <p class='ocr_par' dir='ltr' id='par_1_96' title="bbox 1873 4676 3440 4749">
     <span class='ocr_line' id='line_1_96' title="bbox 1873 4676 3440 4749; baseline 0.001 -21"><span class='ocrx_word' id='word_1_724' title='bbox 1873 4676 1957 4730; x_wconf 89' lang='lat' dir='ltr'><strong>nis</strong></span> <span class='ocrx_word' id='word_1_725' title='bbox 1991 4677 2058 4730; x_wconf 87' lang='lat' dir='ltr'><strong>ad</strong></span> <span class='ocrx_word' id='word_1_726' title='bbox 2094 4678 2370 4733; x_wconf 91' lang='lat' dir='ltr'><strong>hominem</strong></span> <span class='ocrx_word' id='word_1_727' title='bbox 2414 4679 2687 4749; x_wconf 88' lang='lat' dir='ltr'><strong>pertinere</strong></span> <span class='ocrx_word' id='word_1_728' title='bbox 2727 4676 3050 4740; x_wconf 87' lang='lat' dir='ltr'><strong>dicentibus,</strong></span> <span class='ocrx_word' id='word_1_729' title='bbox 3090 4676 3239 4731; x_wconf 89' lang='lat' dir='ltr'><strong>usuri</strong></span> <span class='ocrx_word' id='word_1_730' title='bbox 3293 4686 3440 4739; x_wconf 91' lang='lat' dir='ltr'><strong>sunt,</strong></span> 
     </span>
    </p>
   </div>
   <div class='ocr_carea' id='block_1_97' title="bbox 187 4765 1760 4843">
    <p class='ocr_par' dir='ltr' id='par_1_97' title="bbox 187 4769 1760 4843">
     <span class='ocr_line' id='line_1_97' title="bbox 187 4769 1760 4843; baseline -0.003 -16"><span class='ocrx_word' id='word_1_731' title='bbox 187 4773 445 4827; x_wconf 70' lang='grc' dir='ltr'>κοινωνεῖ</span> <span class='ocrx_word' id='word_1_732' title='bbox 479 4771 578 4842; x_wconf 85' lang='grc' dir='ltr'>τῆς</span> <span class='ocrx_word' id='word_1_733' title='bbox 607 4770 765 4843; x_wconf 81' lang='grc' dir='ltr'>δόξης</span> <span class='ocrx_word' id='word_1_734' title='bbox 791 4772 899 4824; x_wconf 91' lang='grc' dir='ltr'><strong>τῶν</strong></span> <span class='ocrx_word' id='word_1_735' title='bbox 938 4772 1142 4825; x_wconf 84' lang='grc' dir='ltr'>τέκνων</span> <span class='ocrx_word' id='word_1_736' title='bbox 1183 4769 1275 4824; x_wconf 88' lang='grc' dir='ltr'><strong>τοῦ</strong></span> <span class='ocrx_word' id='word_1_737' title='bbox 1308 4769 1464 4824; x_wconf 86' lang='grc' dir='ltr'>Θεοῦ.</span> <span class='ocrx_word' id='word_1_738' title='bbox 1494 4771 1608 4824; x_wconf 80' lang='grc' dir='ltr'>Οὐκ</span> <span class='ocrx_word' id='word_1_739' title='bbox 1635 4772 1760 4824; x_wconf 84' lang='grc' dir='ltr'>ἀπο-</span> 
     </span>
    </p>
   </div>
   <div class='ocr_carea' id='block_1_98' title="bbox 1863 4765 3445 4843">
    <p class='ocr_par' dir='ltr' id='par_1_98' title="bbox 1876 4765 3445 4838">
     <span class='ocr_line' id='line_1_98' title="bbox 1876 4765 3445 4838; baseline -0.002 -17"><span class='ocrx_word' id='word_1_740' title='bbox 1876 4782 1997 4821; x_wconf 88' lang='lat' dir='ltr'><strong>cnm</strong></span> <span class='ocrx_word' id='word_1_741' title='bbox 2030 4777 2206 4823; x_wconf 82' lang='lat' dir='ltr'><strong>tamen</strong></span> <span class='ocrx_word' id='word_1_742' title='bbox 2244 4770 2345 4825; x_wconf 91' lang='lat' dir='ltr'><strong>hoc</strong></span> <span class='ocrx_word' id='word_1_743' title='bbox 2390 4771 2565 4838; x_wconf 86' lang='lat' dir='ltr'><strong>ipsum</strong></span> <span class='ocrx_word' id='word_1_744' title='bbox 2601 4769 2667 4824; x_wconf 92' lang='lat' dir='ltr'><strong>de</strong></span> <span class='ocrx_word' id='word_1_745' title='bbox 2693 4779 2966 4834; x_wconf 87' lang='lat' dir='ltr'><strong>creatura,</strong></span> <span class='ocrx_word' id='word_1_746' title='bbox 2995 4765 3103 4832; x_wconf 88' lang='lat' dir='ltr'><strong>vel,</strong></span> <span class='ocrx_word' id='word_1_747' title='bbox 3136 4777 3195 4820; x_wconf 94' lang='lat' dir='ltr'><strong>ut</strong></span> <span class='ocrx_word' id='word_1_748' title='bbox 3236 4766 3445 4821; x_wconf 83' lang='lat' dir='ltr'><strong>intelle-</strong></span> 
     </span>
    </p>
   </div>
   <div class='ocr_carea' id='block_1_99' title="bbox 191 4856 1760 4935">
    <p class='ocr_par' dir='ltr' id='par_1_99' title="bbox 191 4857 1760 4935">
     <span class='ocr_line' id='line_1_99' title="bbox 191 4857 1760 4935; baseline -0.003 -17"><span class='ocrx_word' id='word_1_749' title='bbox 191 4865 538 4935; x_wconf 80' lang='grc' dir='ltr'>σιωπήσουσι</span> <span class='ocrx_word' id='word_1_750' title='bbox 577 4863 635 4915; x_wconf 86' lang='grc' dir='ltr'>δὲ</span> <span class='ocrx_word' id='word_1_751' title='bbox 667 4857 810 4915; x_wconf 80' lang='grc' dir='ltr'>οῦτοι</span> <span class='ocrx_word' id='word_1_752' title='bbox 848 4863 943 4915; x_wconf 67' lang='grc' dir='ltr'><strong>καὶ¹</strong></span> <span class='ocrx_word' id='word_1_753' title='bbox 984 4861 1044 4916; x_wconf 87' lang='grc' dir='ltr'>τὺ</span> <span class='ocrx_word' id='word_1_754' title='bbox 1083 4861 1175 4916; x_wconf 83' lang='grc' dir='ltr'><strong>τὸν</strong></span> <span class='ocrx_word' id='word_1_755' title='bbox 1207 4860 1550 4932; x_wconf 83' lang='grc' dir='ltr'>πρωτότοκον</span> <span class='ocrx_word' id='word_1_756' title='bbox 1592 4860 1760 4931; x_wconf 83' lang='grc' dir='ltr'>πάσης</span> 
     </span>
    </p>
   </div>
   <div class='ocr_carea' id='block_1_100' title="bbox 1863 4856 3440 4935">
    <p class='ocr_par' dir='ltr' id='par_1_100' title="bbox 1878 4856 3440 4926">
     <span class='ocr_line' id='line_1_100' title="bbox 1878 4856 3440 4926; baseline -0.001 -16"><span class='ocrx_word' id='word_1_757' title='bbox 1878 4860 2078 4923; x_wconf 82' lang='lat' dir='ltr'><strong>ximus,</strong></span> <span class='ocrx_word' id='word_1_758' title='bbox 2108 4859 2174 4913; x_wconf 89' lang='lat' dir='ltr'><strong>de</strong></span> <span class='ocrx_word' id='word_1_759' title='bbox 2204 4861 2406 4913; x_wconf 90' lang='lat' dir='ltr'><strong>mundo</strong></span> <span class='ocrx_word' id='word_1_760' title='bbox 2467 4857 2783 4913; x_wconf 84' lang='lat' dir='ltr'><strong>testimonia</strong></span> <span class='ocrx_word' id='word_1_761' title='bbox 2819 4856 2935 4911; x_wconf 71' lang='lat' dir='ltr'><strong>haec</strong></span> <span class='ocrx_word' id='word_1_762' title='bbox 2962 4872 3070 4911; x_wconf 89' lang='lat' dir='ltr'><strong>non</strong></span> <span class='ocrx_word' id='word_1_763' title='bbox 3099 4858 3440 4926; x_wconf 84' lang='lat' dir='ltr'><strong>promittant.</strong></span> 
     </span>
    </p>
   </div>
   <div class='ocr_carea' id='block_1_101' title="bbox 189 4947 1760 5026">
    <p class='ocr_par' dir='ltr' id='par_1_101' title="bbox 189 4950 1760 5026">
     <span class='ocr_line' id='line_1_101' title="bbox 189 4950 1760 5026; baseline -0.004 -17"><span class='ocrx_word' id='word_1_764' title='bbox 189 4957 428 5019; x_wconf 81' lang='grc' dir='ltr'>κτίσεως</span> <span class='ocrx_word' id='word_1_765' title='bbox 470 4954 559 5008; x_wconf 82' lang='grc' dir='ltr'><strong>διὰ</strong></span> <span class='ocrx_word' id='word_1_766' title='bbox 583 4955 684 5026; x_wconf 78' lang='grc' dir='ltr'><strong>τὴν</strong></span> <span class='ocrx_word' id='word_1_767' title='bbox 714 4955 850 5026; x_wconf 82' lang='grc' dir='ltr'>πρὸς</span> <span class='ocrx_word' id='word_1_768' title='bbox 879 4953 970 5007; x_wconf 78' lang='grc' dir='ltr'><strong>τὸν</strong></span> <span class='ocrx_word' id='word_1_769' title='bbox 997 4952 1283 5026; x_wconf 78' lang='grc' dir='ltr'>ἄνθρωπον</span> <span class='ocrx_word' id='word_1_770' title='bbox 1309 4952 1450 5024; x_wconf 83' lang='grc' dir='ltr'>ὑπὲρ</span> <span class='ocrx_word' id='word_1_771' title='bbox 1491 4950 1668 5004; x_wconf 88' lang='grc' dir='ltr'>πάντα</span> <span class='ocrx_word' id='word_1_772' title='bbox 1694 4968 1760 5005; x_wconf 89' lang='grc' dir='ltr'>τι-</span> 
     </span>
    </p>
   </div>
   <div class='ocr_carea' id='block_1_102' title="bbox 1863 4947 3442 5026">
    <p class='ocr_par' dir='ltr' id='par_1_102' title="bbox 1878 4947 3442 5018">
     <span class='ocr_line' id='line_1_102' title="bbox 1878 4947 3442 5018; baseline -0.003 -14"><span class='ocrx_word' id='word_1_773' title='bbox 1878 4948 2013 5004; x_wconf 89' lang='lat' dir='ltr'><strong>lllud</strong></span> <span class='ocrx_word' id='word_1_774' title='bbox 2078 4948 2223 5004; x_wconf 91' lang='lat' dir='ltr'><strong>enim</strong></span> <span class='ocrx_word' id='word_1_775' title='bbox 2269 4949 2360 5004; x_wconf 73' lang='grc' dir='ltr'><strong>’τε</strong></span> <span class='ocrx_word' id='word_1_776' title='bbox 2435 4947 2500 5003; x_wconf 84' lang='lat' dir='ltr'><strong>Ut</strong></span> <span class='ocrx_word' id='word_1_777' title='bbox 2550 4963 2694 5018; x_wconf 83' lang='lat' dir='ltr'><strong>ego,</strong></span> <span class='ocrx_word' id='word_1_778' title='bbox 2756 4955 2811 5004; x_wconf 80' lang='lat' dir='ltr'><strong>et</strong></span> <span class='ocrx_word' id='word_1_779' title='bbox 2876 4959 2930 5001; x_wconf 80' lang='lat' dir='ltr'><strong>tu</strong></span> <span class='ocrx_word' id='word_1_780' title='bbox 2993 4963 3159 5003; x_wconf 84' lang='lat' dir='ltr'><strong>unum</strong></span> <span class='ocrx_word' id='word_1_781' title='bbox 3219 4963 3442 5012; x_wconf 70' lang='lat' dir='ltr'><strong>uentus,</strong></span> 
     </span>
    </p>
   </div>
   <div class='ocr_carea' id='block_1_103' title="bbox 299 5078 1760 5152">
    <p class='ocr_par' dir='ltr' id='par_1_103' title="bbox 299 5081 1712 5152">
     <span class='ocr_line' id='line_1_103' title="bbox 299 5081 1712 5152; baseline -0.008 -7"><span class='ocrx_word' id='word_1_782' title='bbox 299 5093 350 5125; x_wconf 80' lang='grc'>⁸¹</span> <span class='ocrx_word' id='word_1_783' title='bbox 380 5089 550 5145; x_wconf 92' lang='lat' dir='ltr'><strong>lCor.</strong></span> <span class='ocrx_word' id='word_1_784' title='bbox 582 5104 657 5152; x_wconf 82' lang='lat' dir='ltr'><strong>tv,</strong></span> <span class='ocrx_word' id='word_1_785' title='bbox 684 5087 739 5143; x_wconf 91' lang='lat'><strong>9.</strong></span> <span class='ocrx_word' id='word_1_786' title='bbox 816 5087 862 5119; x_wconf 84' lang='grc'><strong>⁸³</strong></span> <span class='ocrx_word' id='word_1_787' title='bbox 898 5085 1057 5142; x_wconf 79' lang='lat' dir='ltr'><strong>Rom.</strong></span> <span class='ocrx_word' id='word_1_788' title='bbox 1092 5100 1191 5151; x_wconf 84' lang='lat' dir='ltr'><strong>vn,</strong></span> <span class='ocrx_word' id='word_1_789' title='bbox 1221 5082 1308 5139; x_wconf 78' lang='lat' dir='ltr'><strong>l9.</strong></span> <span class='ocrx_word' id='word_1_790' title='bbox 1383 5082 1432 5115; x_wconf 74' lang='lat'><strong>&quot;‘</strong></span> <span class='ocrx_word' id='word_1_791' title='bbox 1463 5082 1594 5138; x_wconf 90' lang='lat' dir='ltr'><strong>ibid.</strong></span> <span class='ocrx_word' id='word_1_792' title='bbox 1622 5081 1712 5136; x_wconf 71' lang='grc'><strong>21.</strong></span> 
     </span>
    </p>
   </div>
   <div class='ocr_carea' id='block_1_104' title="bbox 1863 5078 3415 5152">
    <p class='ocr_par' dir='ltr' id='par_1_104' title="bbox 1863 5078 3415 5152">
     <span class='ocr_line' id='line_1_104' title="bbox 1863 5078 3415 5152; baseline 0 -15"><span class='ocrx_word' id='word_1_793' title='bbox 1863 5081 2017 5137; x_wconf 83' lang='lat' dir='ltr'><strong>Joan.</strong></span> <span class='ocrx_word' id='word_1_794' title='bbox 2040 5097 2160 5150; x_wconf 89' lang='lat' dir='ltr'><strong>vm,</strong></span> <span class='ocrx_word' id='word_1_795' title='bbox 2188 5079 2277 5138; x_wconf 74' lang='grc'><strong>12.</strong></span> <span class='ocrx_word' id='word_1_796' title='bbox 2378 5078 2428 5113; x_wconf 80' lang='grc'><strong>⁸⁸</strong></span> <span class='ocrx_word' id='word_1_797' title='bbox 2452 5081 2651 5143; x_wconf 78' lang='lat' dir='ltr'><strong>Matth.</strong></span> <span class='ocrx_word' id='word_1_798' title='bbox 2671 5097 2730 5152; x_wconf 92' lang='lat' dir='ltr'><strong>v,</strong></span> <span class='ocrx_word' id='word_1_799' title='bbox 2756 5082 2846 5140; x_wconf 72' lang='grc'><strong>14.</strong></span> <span class='ocrx_word' id='word_1_800' title='bbox 2928 5083 2974 5115; x_wconf 84' lang='grc'><strong>⁵⁷</strong></span> <span class='ocrx_word' id='word_1_801' title='bbox 2997 5080 3156 5138; x_wconf 81' lang='lat' dir='ltr'><strong>Joan.</strong></span> <span class='ocrx_word' id='word_1_802' title='bbox 3187 5098 3320 5147; x_wconf 82' lang='lat' dir='ltr'><strong>xvu,</strong></span> <span class='ocrx_word' id='word_1_803' title='bbox 3349 5083 3415 5137; x_wconf 64' lang='grc' dir='ltr'><strong>ει</strong></span> 
     </span>
    </p>
   </div>
   <div class='ocr_carea' id='block_1_105' title="bbox 264 5215 1760 5308">
    <p class='ocr_par' dir='ltr' id='par_1_105' title="bbox 264 5218 1760 5308">
     <span class='ocr_line' id='line_1_105' title="bbox 264 5218 1760 5308; baseline -0.011 -17"><span class='ocrx_word' id='word_1_804' title='bbox 264 5235 349 5308; x_wconf 84' lang='lat'><strong>(6)</strong></span> <span class='ocrx_word' id='word_1_805' title='bbox 379 5230 643 5308; x_wconf 69' lang='grc' dir='ltr'>Οὐδενὸς</span> <span class='ocrx_word' id='word_1_806' title='bbox 668 5224 957 5308; x_wconf 58' lang='grc' dir='ltr'>αἰσθητοῦ</span> <span class='ocrx_word' id='word_1_807' title='bbox 975 5225 1148 5308; x_wconf 60' lang='grc' dir='ltr'>ὄντος</span> <span class='ocrx_word' id='word_1_808' title='bbox 1177 5221 1487 5308; x_wconf 68' lang='grc' dir='ltr'>ἀληθινοῦ.</span> <span class='ocrx_word' id='word_1_809' title='bbox 1525 5218 1667 5308; x_wconf 42' lang='lat' dir='ltr'><strong>llaec</strong></span> <span class='ocrx_word' id='word_1_810' title='bbox 1681 5234 1760 5308; x_wconf 45' lang='lat' dir='ltr'><strong>(ex</strong></span> 
     </span>
    </p>
   </div>
   <div class='ocr_carea' id='block_1_106' title="bbox 1863 5215 3411 5308">
    <p class='ocr_par' dir='ltr' id='par_1_106' title="bbox 1874 5215 3411 5308">
     <span class='ocr_line' id='line_1_106' title="bbox 1874 5215 3411 5308; baseline -0.004 -34"><span class='ocrx_word' id='word_1_811' title='bbox 1874 5219 2524 5308; x_wconf 49' lang='lat' dir='ltr'><strong>eratﬂalentinianorum</strong></span> <span class='ocrx_word' id='word_1_812' title='bbox 2569 5219 2856 5308; x_wconf 56' lang='lat' dir='ltr'><strong>doctriqa,</strong></span> <span class='ocrx_word' id='word_1_813' title='bbox 2905 5231 2995 5288; x_wconf 89' lang='lat' dir='ltr'><strong>qut</strong></span> <span class='ocrx_word' id='word_1_814' title='bbox 3039 5225 3149 5272; x_wconf 90' lang='lat' dir='ltr'><strong>tres</strong></span> <span class='ocrx_word' id='word_1_815' title='bbox 3198 5215 3411 5270; x_wconf 86' lang='lat' dir='ltr'><strong>diversa</strong></span> 
     </span>
    </p>
   </div>
   <div class='ocr_carea' id='block_1_107' title="bbox 194 5288 2840 5366">
    <p class='ocr_par' dir='ltr' id='par_1_107' title="bbox 194 5288 2840 5366">
     <span class='ocr_line' id='line_1_107' title="bbox 194 5288 2840 5366; baseline -0.008 -4"><span class='ocrx_word' id='word_1_816' title='bbox 194 5288 634 5362; x_wconf 56' lang='lat' dir='ltr'><strong>adolescentiori&#39;</strong></span> <span class='ocrx_word' id='word_1_817' title='bbox 662 5288 957 5352; x_wconf 79' lang='lat' dir='ltr'><strong>Academia</strong></span> <span class='ocrx_word' id='word_1_818' title='bbox 990 5288 1305 5366; x_wconf 78' lang='lat' dir='ltr'><strong>deprompta</strong></span> <span class='ocrx_word' id='word_1_819' title='bbox 1327 5301 1472 5348; x_wconf 89' lang='lat' dir='ltr'><strong>sunt.</strong></span> <span class='ocrx_word' id='word_1_820' title='bbox 1525 5289 1647 5346; x_wconf 75' lang='lat' dir='ltr'><strong>Vid.</strong></span> <span class='ocrx_word' id='word_1_821' title='bbox 1679 5290 1771 5345; x_wconf 87' lang='lat' dir='ltr'><strong>Ci-</strong></span> <span class='ocrx_word' id='word_1_822' title='bbox 1878 5293 2409 5366; x_wconf 66' lang='lat' dir='ltr'><strong>hominumnaturas</strong></span> <span class='ocrx_word' id='word_1_823' title='bbox 2439 5290 2734 5366; x_wconf 62' lang='lat' dir='ltr'><strong>ﬁngebant.</strong></span> <span class='ocrx_word' id='word_1_824' title='bbox 2763 5288 2840 5342; x_wconf 81' lang='lat' dir='ltr'><strong>lo.</strong></span> 
     </span>
    </p>
   </div>
   <div class='ocr_carea' id='block_1_108' title="bbox 195 5352 1760 5434">
    <p class='ocr_par' dir='ltr' id='par_1_108' title="bbox 195 5352 1702 5434">
     <span class='ocr_line' id='line_1_108' title="bbox 195 5352 1702 5434; baseline -0.012 -1"><span class='ocrx_word' id='word_1_825' title='bbox 344 5352 696 5429; x_wconf 50' lang='grc' dir='ltr'>Ᾰξαάρηιλν.</span> <span class='ocrx_word' id='word_1_826' title='bbox 726 5368 986 5423; x_wconf 67' lang='grc' dir='ltr'>Ηυετιῠε.</span> <span class='ocrx_word' id='word_1_827' title='bbox 1060 5352 1076 5366; x_wconf 76' lang='grc'><em>’</em></span> <span class='ocrx_word' id='word_1_828' title='bbox 1219 5352 1234 5365; x_wconf 61' lang='grc'><strong><em>³</em></strong></span> <span class='ocrx_word' id='word_1_829' title='bbox 1587 5433 1597 5434; x_wconf 19' lang='lat'><em>7</em></span> <span class='ocrx_word' id='word_1_830' title='bbox 1661 5381 1702 5434; x_wconf 62' lang='lat'><strong>&#39;_</strong></span> 
     </span>
    </p>
   </div>
   <div class='ocr_carea' id='block_1_109' title="bbox 1863 5352 3442 5434">
    <p class='ocr_par' dir='ltr' id='par_1_109' title="bbox 1947 5352 3442 5434">
     <span class='ocr_line' id='line_1_109' title="bbox 1947 5352 3442 5434; baseline -0.009 -17"><span class='ocrx_word' id='word_1_831' title='bbox 1947 5361 2020 5434; x_wconf 84' lang='lat'><strong>(9)</strong></span> <span class='ocrx_word' id='word_1_832' title='bbox 2054 5361 2121 5415; x_wconf 83' lang='grc' dir='ltr'><em>Τὸ</em></span> <span class='ocrx_word' id='word_1_833' title='bbox 2144 5352 2547 5432; x_wconf 71' lang='grc' dir='ltr'>ἀνυπέρθετοῖο</span> <span class='ocrx_word' id='word_1_834' title='bbox 2574 5358 2682 5428; x_wconf 84' lang='grc' dir='ltr'>τῆς</span> <span class='ocrx_word' id='word_1_835' title='bbox 2707 5356 3092 5434; x_wconf 52' lang='grc' dir='ltr'>ἐπαγγελίας.</span> <span class='ocrx_word' id='word_1_836' title='bbox 3135 5354 3273 5434; x_wconf 62' lang='lat' dir='ltr'><strong>Male</strong></span> <span class='ocrx_word' id='word_1_837' title='bbox 3310 5352 3442 5406; x_wconf 84' lang='lat' dir='ltr'><strong>Fer-</strong></span> 
     </span>
    </p>
   </div>
   <div class='ocr_carea' id='block_1_110' title="bbox 256 5428 1760 5517">
    <p class='ocr_par' dir='ltr' id='par_1_110' title="bbox 256 5428 1760 5517">
     <span class='ocr_line' id='line_1_110' title="bbox 256 5428 1760 5517; baseline -0.013 -15"><span class='ocrx_word' id='word_1_838' title='bbox 256 5428 338 5517; x_wconf 62' lang='grc' dir='ltr'><strong>(ἦ)</strong></span> <span class='ocrx_word' id='word_1_839' title='bbox 550 5441 710 5517; x_wconf 59' lang='grc' dir='ltr'>οὐχὶ,</span> <span class='ocrx_word' id='word_1_840' title='bbox 735 5438 867 5517; x_wconf 67' lang='grc' dir='ltr'>ἐπεὶ</span> <span class='ocrx_word' id='word_1_841' title='bbox 897 5440 1010 5492; x_wconf 83' lang='grc' dir='ltr'>οὐκ</span> <span class='ocrx_word' id='word_1_842' title='bbox 1041 5435 1332 5517; x_wconf 56' lang='grc' dir='ltr'>ἀᾳηθεκὸτ</span> <span class='ocrx_word' id='word_1_843' title='bbox 1362 5434 1428 5517; x_wconf 65' lang='grc' dir='ltr'><strong>τε)</strong></span> <span class='ocrx_word' id='word_1_844' title='bbox 1461 5429 1760 5499; x_wconf 66' lang='grc' dir='ltr'>αἰσθητὸν,</span> 
     </span>
    </p>
   </div>
   <div class='ocr_carea' id='block_1_111' title="bbox 1863 5428 3439 5517">
    <p class='ocr_par' dir='ltr' id='par_1_111' title="bbox 1879 5428 3439 5517">
     <span class='ocr_line' id='line_1_111' title="bbox 1879 5428 3439 5517; baseline -0.006 -31"><span class='ocrx_word' id='word_1_845' title='bbox 1879 5428 2089 5517; x_wconf 62' lang='lat' dir='ltr'><strong>rarius,</strong></span> <span class='ocrx_word' id='word_1_846' title='bbox 2140 5428 3054 5517; x_wconf 44' lang='lat' dir='ltr'><strong>super-venientium..prcmissionis;</strong></span> <span class='ocrx_word' id='word_1_847' title='bbox 3110 5428 3196 5479; x_wconf 73' lang='lat' dir='ltr'><strong>vix</strong></span> <span class='ocrx_word' id='word_1_848' title='bbox 3263 5433 3439 5503; x_wconf 70' lang='lat' dir='ltr'><strong>tamen</strong></span> 
     </span>
    </p>
   </div>
   <div class='ocr_carea' id='block_1_112' title="bbox 197 5500 1760 5586">
    <p class='ocr_par' dir='ltr' id='par_1_112' title="bbox 197 5500 1760 5586">
     <span class='ocr_line' id='line_1_112' title="bbox 197 5500 1760 5586; baseline -0.013 -13"><span class='ocrx_word' id='word_1_849' title='bbox 197 5500 311 5576; x_wconf 65' lang='lat' dir='ltr'><strong>etc.</strong></span> <span class='ocrx_word' id='word_1_850' title='bbox 356 5500 893 5586; x_wconf 59' lang='grc' dir='ltr'>Ἀληθινόέήιιίμρο,</span> <span class='ocrx_word' id='word_1_851' title='bbox 951 5517 1005 5586; x_wconf 77' lang='lat' dir='ltr'><strong>et</strong></span> <span class='ocrx_word' id='word_1_852' title='bbox 1050 5500 1157 5559; x_wconf 81' lang='grc' dir='ltr'><strong>οὐκ</strong></span> <span class='ocrx_word' id='word_1_853' title='bbox 1194 5505 1760 5586; x_wconf 47' lang='grc' dir='ltr'>ἀληθινόν-ορροηιηι·</span> 
     </span>
    </p>
   </div>
   <div class='ocr_carea' id='block_1_113' title="bbox 1863 5500 3441 5586">
    <p class='ocr_par' dir='ltr' id='par_1_113' title="bbox 1878 5500 3441 5586">
     <span class='ocr_line' id='line_1_113' title="bbox 1878 5500 3441 5586; baseline -0.004 -32"><span class='ocrx_word' id='word_1_854' title='bbox 1878 5502 2067 5586; x_wconf 75' lang='lat' dir='ltr'><strong>_L:i_tine</strong></span> <span class='ocrx_word' id='word_1_855' title='bbox 2101 5504 2327 5586; x_wconf 81' lang='lat' dir='ltr'><strong>reddere</strong></span> <span class='ocrx_word' id='word_1_856' title='bbox 2357 5503 2538 5586; x_wconf 53' lang='lat' dir='ltr'><strong>possis</strong></span> <span class='ocrx_word' id='word_1_857' title='bbox 2563 5519 2578 5555; x_wconf 89' lang='lat'><strong>:</strong></span> <span class='ocrx_word' id='word_1_858' title='bbox 2611 5500 2740 5583; x_wconf 77' lang='lat' dir='ltr'><strong>illud</strong></span> <span class='ocrx_word' id='word_1_859' title='bbox 2757 5500 2903 5580; x_wconf 77' lang='lat' dir='ltr'><strong>enim</strong></span> <span class='ocrx_word' id='word_1_860' title='bbox 2937 5511 3022 5586; x_wconf 65' lang='lat' dir='ltr'><strong>est</strong></span> <span class='ocrx_word' id='word_1_861' title='bbox 3041 5512 3148 5565; x_wconf 89' lang='lat' dir='ltr'><strong>quo</strong></span> <span class='ocrx_word' id='word_1_862' title='bbox 3173 5500 3441 5563; x_wconf 84' lang='lat' dir='ltr'><strong>promissa</strong></span> 
     </span>
    </p>
   </div>
   <div class='ocr_carea' id='block_1_114' title="bbox 199 5567 1760 5654">
    <p class='ocr_par' dir='ltr' id='par_1_114' title="bbox 199 5567 1760 5654">
     <span class='ocr_line' id='line_1_114' title="bbox 199 5567 1760 5654; baseline -0.021 -10"><span class='ocrx_word' id='word_1_863' title='bbox 199 5567 708 5654; x_wconf 54' lang='grc' dir='ltr'>ἶιίῖἀντιφᾶτικῶςῖ</span> <span class='ocrx_word' id='word_1_864' title='bbox 738 5567 1011 5654; x_wconf 35' lang='grc' dir='ltr'>’Ᾰληθι-νόν</span> <span class='ocrx_word' id='word_1_865' title='bbox 1045 5587 1227 5654; x_wconf 65' lang='lat' dir='ltr'><strong>autem</strong></span> <span class='ocrx_word' id='word_1_866' title='bbox 1255 5567 1310 5631; x_wconf 71' lang='grc' dir='ltr'><strong>εἰ</strong></span> <span class='ocrx_word' id='word_1_867' title='bbox 1345 5567 1544 5643; x_wconf 69' lang='grc' dir='ltr'>ψεῦδοξ</span> <span class='ocrx_word' id='word_1_868' title='bbox 1556 5567 1580 5654; x_wconf 58' lang='grc' dir='ltr'><em>ξ</em></span> <span class='ocrx_word' id='word_1_869' title='bbox 1620 5573 1760 5654; x_wconf 39' lang='lat' dir='ltr'><strong>eme.</strong></span> 
     </span>
    </p>
   </div>
   <div class='ocr_carea' id='block_1_115' title="bbox 1863 5567 3014 5654">
    <p class='ocr_par' dir='ltr' id='par_1_115' title="bbox 1880 5567 3014 5654">
     <span class='ocr_line' id='line_1_115' title="bbox 1880 5567 3014 5654; baseline -0.007 -27"><span class='ocrx_word' id='word_1_870' title='bbox 1880 5575 2078 5654; x_wconf 64' lang='lat' dir='ltr'><strong>habent</strong></span> <span class='ocrx_word' id='word_1_871' title='bbox 2099 5587 2159 5654; x_wconf 69' lang='lat' dir='ltr'><strong>ut</strong></span> <span class='ocrx_word' id='word_1_872' title='bbox 2188 5567 2642 5654; x_wconf 36' lang='lat' dir='ltr'><strong>inininie‘dill&#39;erri</strong></span> <span class='ocrx_word' id='word_1_873' title='bbox 2670 5570 2914 5654; x_wconf 57' lang='lat' dir='ltr'><strong>possint._</strong></span> <span class='ocrx_word' id='word_1_874' title='bbox 2937 5567 3014 5654; x_wconf 61' lang='lat' dir='ltr'><strong>In.</strong></span> 
     </span>
    </p>
   </div>
   <div class='ocr_carea' id='block_1_116' title="bbox 201 5633 1760 5721">
    <p class='ocr_par' dir='ltr' id='par_1_116' title="bbox 201 5633 1760 5721">
     <span class='ocr_line' id='line_1_116' title="bbox 201 5633 1760 5721; baseline -0.013 -8"><span class='ocrx_word' id='word_1_875' title='bbox 201 5633 741 5721; x_wconf 36' lang='lat' dir='ltr'><strong>Eadem-vero</strong></span> <span class='ocrx_word' id='word_1_876' title='bbox 756 5633 877 5718; x_wconf 56' lang='lat' dir='ltr'><strong>qum</strong></span> <span class='ocrx_word' id='word_1_877' title='bbox 905 5645 1268 5721; x_wconf 78' lang='grc' dir='ltr'>ἀντιφατικῶς</span> <span class='ocrx_word' id='word_1_878' title='bbox 1297 5633 1639 5721; x_wconf 64' lang='lat' dir='ltr'><strong>opponuntur:</strong></span> <span class='ocrx_word' id='word_1_879' title='bbox 1695 5642 1760 5694; x_wconf 35' lang='lat' dir='ltr'><strong>ait</strong></span> 
     </span>
    </p>
   </div>
   <div class='ocr_carea' id='block_1_117' title="bbox 1863 5633 3456 5721">
    <p class='ocr_par' dir='ltr' id='par_1_117' title="bbox 1875 5633 3456 5721">
     <span class='ocr_line' id='line_1_117' title="bbox 1875 5633 3456 5721; baseline -0.014 -17"><span class='ocrx_word' id='word_1_880' title='bbox 1875 5715 1890 5721; x_wconf 88' lang='lat'><em>_</em></span> <span class='ocrx_word' id='word_1_881' title='bbox 1949 5645 2061 5721; x_wconf 69' lang='lat'><strong>(10)</strong></span> <span class='ocrx_word' id='word_1_882' title='bbox 2100 5633 2985 5717; x_wconf 47' lang='lat' dir='ltr'><strong>away-reuoﬁo&#39;atcfll‘errarius</strong></span> <span class='ocrx_word' id='word_1_883' title='bbox 3009 5635 3136 5707; x_wconf 80' lang='lat' dir='ltr'><strong>legit</strong></span> <span class='ocrx_word' id='word_1_884' title='bbox 3173 5633 3408 5704; x_wconf 81' lang='grc' dir='ltr'>ἐπαγγε)</span> <span class='ocrx_word' id='word_1_885' title='bbox 3435 5668 3456 5680; x_wconf 92' lang='grc'><strong>.</strong></span> 
     </span>
    </p>
   </div>
   <div class='ocr_carea' id='block_1_118' title="bbox 207 5712 1760 5787">
    <p class='ocr_par' dir='ltr' id='par_1_118' title="bbox 207 5712 1733 5787">
     <span class='ocr_line' id='line_1_118' title="bbox 207 5712 1733 5787; baseline -0.014 -2"><span class='ocrx_word' id='word_1_886' title='bbox 207 5712 474 5785; x_wconf 59' lang='grc' dir='ltr'>ἱεὲιῖιηιιιι</span> <span class='ocrx_word' id='word_1_887' title='bbox 496 5737 684 5778; x_wconf 87' lang='lat' dir='ltr'><strong>verum</strong></span> <span class='ocrx_word' id='word_1_888' title='bbox 711 5712 826 5786; x_wconf 74' lang='lat' dir='ltr'><strong>est;</strong></span> <span class='ocrx_word' id='word_1_889' title='bbox 849 5734 969 5787; x_wconf 65' lang='lat' dir='ltr'><strong>quae</strong></span> <span class='ocrx_word' id='word_1_890' title='bbox 994 5712 1267 5779; x_wconf 79' lang='grc' dir='ltr'>ἐναντίως,</span> <span class='ocrx_word' id='word_1_891' title='bbox 1295 5712 1402 5770; x_wconf 79' lang='lat' dir='ltr'><strong>non</strong></span> <span class='ocrx_word' id='word_1_892' title='bbox 1433 5716 1581 5787; x_wconf 74' lang='lat' dir='ltr'><strong>item.</strong></span> <span class='ocrx_word' id='word_1_893' title='bbox 1623 5712 1733 5787; x_wconf 58' lang='grc' dir='ltr'><strong>Ι».-</strong></span> 
     </span>
    </p>
   </div>
   <div class='ocr_carea' id='block_1_119' title="bbox 1863 5712 2111 5787">
    <p class='ocr_par' dir='ltr' id='par_1_119' title="bbox 1875 5712 2111 5780">
     <span class='ocr_line' id='line_1_119' title="bbox 1875 5712 2111 5780; baseline -0.004 -9"><span class='ocrx_word' id='word_1_894' title='bbox 1875 5712 2111 5780; x_wconf 81' lang='grc' dir='ltr'>λούσαις.</span> 
     </span>
    </p>
   </div>
   <div class='ocr_carea' id='block_1_120' title="bbox 284 5780 1770 5866">
    <p class='ocr_par' dir='ltr' id='par_1_120' title="bbox 284 5780 1770 5866">
     <span class='ocr_line' id='line_1_120' title="bbox 284 5780 1770 5866; baseline -0.01 -15"><span class='ocrx_word' id='word_1_895' title='bbox 284 5780 363 5854; x_wconf 69' lang='lat' dir='ltr'><strong>(si</strong></span> <span class='ocrx_word' id='word_1_896' title='bbox 385 5798 449 5851; x_wconf 80' lang='lat' dir='ltr'><strong>ut</strong></span> <span class='ocrx_word' id='word_1_897' title='bbox 470 5795 588 5866; x_wconf 80' lang='grc' dir='ltr'><strong>μὲν</strong></span> <span class='ocrx_word' id='word_1_898' title='bbox 619 5780 822 5864; x_wconf 50' lang='lat' dir='ltr'><strong>gratiast</strong></span> <span class='ocrx_word' id='word_1_899' title='bbox 849 5780 1155 5855; x_wconf 60' lang='grc' dir='ltr'>τοιούτους</span> <span class='ocrx_word' id='word_1_900' title='bbox 1181 5785 1631 5858; x_wconf 73' lang='grc' dir='ltr'>τεγενιυιένους.</span> <span class='ocrx_word' id='word_1_901' title='bbox 1694 5780 1770 5837; x_wconf 82' lang='lat' dir='ltr'><strong>Ea</strong></span> 
     </span>
    </p>
   </div>
  </div>
