3792 6146
432 336 493 388 7i
1904 337 2226 393 ORIGENIS
3600 339 3666 394 72

427 451 538 523 29
564 458 688 505 utet
712 450 813 519 ipsi
826 451 880 506 in
906 450 1053 506 nobis
1085 452 1227 518 sint;
1253 462 1308 508 et
1336 452 1385 486 “
1409 470 1423 507 :
1455 449 1555 508 Ubi
1580 469 1672 525 ego
1701 470 1844 519 sum,
1875 455 1965 509 illi.

2098 456 2202 528 μὴν
2230 455 2514 528 ἄνθρωπον
2548 455 2645 527 μὲν
2674 454 2973 525 γεγονέναι,
3005 455 3065 509 οὐ
3100 454 3205 526 μὴν
3233 453 3371 518 ζῶόν
3397 470 3451 507 τι
3475 453 3581 507 τῶν
3612 456 3665 507 ὲν

427 547 520 598 erit
545 552 596 599 et
620 544 858 598 minister
885 561 1048 609 meus,
1091 556 1278 615 aperte
1304 545 1372 600 de
1394 547 1704 602 hominibus
1733 547 1993 616 scriptmn

425 643 540 701 est;
571 636 637 691 de
670 646 918 691 creatura
954 649 1101 700 vero,
1149 636 1293 707 quod
1327 635 1593 690 liberatur
1621 640 1689 690 ab
1742 637 1996 693 interitus

424 728 774 796 corruptione
824 728 878 782 in
924 727 1234 783 libertatem
1286 725 1473 798 gloria
1519 727 1754 783 ﬁliorum
1804 728 1897 783 Dei
1922 729 1990 794 “,

424 818 583 872 etiam
614 817 830 883 addent,
865 833 969 873 non
1008 819 1056 874 si
1102 820 1383 886 liberatur,
1420 821 1535 890 jam
1568 821 1731 875 etiam
1773 821 1995 891 partici-

423 926 542 982 pem
577 926 698 966 esse
732 912 964 966 ﬁliorum
1008 912 1102 967 Dei
1132 912 1339 982 gloria.
1384 912 1501 968 Non
1544 913 1783 969 silebunt
1811 922 1991 968 autem

420 1002 583 1057 etiam
634 1002 749 1069 isti,
781 1002 1202 1073 primogenitum
1236 1004 1417 1058 omnis
1462 1013 1759 1068 creatura,
1788 992 1901 1073 'pro
1928 1017 1994 1059 eo

420 1093 630 1150 honore
655 1109 762 1163 quo
789 1095 1061 1149 hominem
1091 1104 1291 1164 prater
1325 1103 1519 1150 catera
1544 1095 1990 1165 prosequebatur,

420 1186 694 1242 hominem
725 1186 955 1250 factum,
984 1201 1089 1241 non
1114 1186 1312 1240 animal
1339 1186 1554 1257 aliquod
1577 1177 1818 1242 caeleste.
1848 1184 1989 1252 Quin

419 1281 585 1334 etiam
636 1294 828 1334 rursus
877 1280 1080 1334 addunt
1116 1279 1424 1334 ministram
1455 1288 1511 1335 et
1562 1295 1776 1336 servam
1803 1278 1992 1348 cogni-

419 1371 585 1426 tionis
613 1369 739 1426 Jestl
768 1371 1002 1434 stellam,
1033 1387 1155 1441 qua
1196 1371 1249 1425 in
1278 1372 1488 1427 oriente
1519 1372 1788 1443 apparuit,
1830 1386 1988 1427 crea-

418 1474 529 1518 tam
562 1464 727 1519 l'uisse
758 1464 839 1518 vel
870 1464 1101 1518 similem
1153 1464 1377 1534 reliquis
1422 1465 1606 1530 astris,
1642 1465 1728 1518 vel
1754 1463 1990 1519 fortasse

415 1557 581 1610 etiam
611 1555 1047 1626 prastantiorem
1076 1596 1091 1619 ,
1142 1558 1342 1627 quippe
1392 1572 1515 1627 qua
1551 1557 1796 1612 omnium
1848 1570 1988 1626 pra-

414 1648 808 1703 stantissimum
845 1649 1173 1717 designaret.
1210 1649 1363 1717 Quod
1397 1647 1442 1702 si
1483 1648 1836 1718 gloriationes
1863 1662 1989 1703 san-

414 1746 622 1792 ctorum
647 1745 774 1790 sunt
803 1735 855 1790 in
886 1735 1293 1804 afﬂictionibus,
1324 1737 1414 1808 qui
1437 1738 1612 1791 sciunt
1652 1738 1984 1808 amictionem

2096 546 2328 620 οὐρανῷ.
2373 546 2532 600 Ἀλλά
2556 547 2651 601 καὶ
2682 547 2952 619 δεύτερον,
2984 546 3078 600 καὶ
3123 546 3389 611 διάκονον,
3434 546 3527 599 καὶ
3554 544 3648 599 δοῦ

2097 641 2186 694 λον
2212 641 2311 711 τῆς
2340 637 2594 709 γνώσεως
2637 638 2811 708 Ἰησοῦ
2841 637 2932 691 τὸν
2973 639 3030 690 ὲν
3068 640 3133 709 τῇ
3169 636 3398 708 ἀνατολῇ
3435 637 3666 705 φανέντα

2094 731 2302 803 ἀστέρα
2330 728 2843 802 δεδημιουργῆσθαι,
2880 730 2999 800 ’ήτοι
3037 729 3225 799 ὅμοιον
3253 727 3382 782 ὄντα
3407 730 3523 791 τοῖς
3559 728 3667 782 λοι.

2094 826 2217 887 ποῖς
2244 822 2482 894 ἄστροις,
2515 821 2549 892 ἢ
2578 821 2718 891 τάχα
2742 820 2835 874 καὶ
2865 820 3170 892 κρείττονα,
3208 820 3306 875 ἅτε
3329 818 3420 873 τοῦ
3449 819 3663 873 πάντων

2091 914 2437 987 διαφέροντος
2466 913 2753 985 γενόμενον
2778 915 3021 985 σημεῖον.
3041 913 3152 966 Καὶ
3171 913 3221 965 εί
3242 911 3315 965 τά
3338 914 3662 983 καυχήματα

2090 1006 2198 1060 τῶν
2227 1006 2397 1075 ἀγίων
2420 1007 2568 1062 ἐστὶν
2596 1007 2655 1059 ὲν
2681 1005 2945 1076 θλίψεσιν,
2975 1003 3237 1068 εἰδότων,
3270 1004 3360 1058 ὅτι
3389 1006 3428 1073 ἡ
3458 1004 3659 1072 θλίψις

2090 1097 2407 1167 ὑπομονὴν
2444 1093 2871 1165 κατεργάζεται,
2899 1097 2937 1165 ἡ
2981 1093 3053 1148 δὲ
3075 1095 3351 1165 ὑπομονὴ
3377 1094 3654 1164 δοκιμὴν,

2090 1186 2130 1254 ἠ
2161 1183 2229 1238 δὲ
2252 1184 2465 1255 δοκιμὴ
2492 1184 2729 1249 ἐλπίδα,
2755 1185 2793 1253 ή
2818 1183 2888 1236 δὲ
2920 1182 3097 1249 ἐλπὶς
3143 1184 3216 1237 οὐ
3254 1183 3637 1252 καταισχύνει

2087 1276 2213 1331 οὔτε
2240 1277 2536 1349 ὑπομονὴν,
2564 1276 2687 1330 οὔτε
2721 1276 2970 1347 δοκιμὴν,
3004 1275 3128 1329 οὔτε
3149 1274 3339 1330 ἐλπίδα
3381 1275 3495 1343 ἕξει
3526 1276 3559 1342 ἡ
3589 1275 3659 1347 μή

2086 1372 2417 1444 τεθλιμμένη
2450 1371 2625 1434 κτίσις
2654 1370 2753 1441 τὴν
2784 1371 2925 1440 ῐσην,
2958 1368 3093 1421 άλλά
3127 1368 3350 1438 ἑτέραν·
3390 1367 3557 1421 Ἐπεί
3588 1366 3658 1435 τῇ

2081 1465 2428 1536 ματαιότητι
2455 1465 2493 1532 ὴ
2536 1463 2736 1529 κτίσις
2769 1459 3034 1530 ὑπετάγη
3072 1461 3184 1529 οὐχ
3228 1459 3477 1522 ἑκοῦσα,
3502 1459 3657 1515 ἀλλὰ

2085 1557 2184 1611 διὰ
2210 1556 2317 1609 τὸν
2342 1553 2724 1618 ὑποτάξαντα
2765 1553 2856 1606 ἐπ’
2895 1549 3113 1605 ἐλπίδι.
3157 1551 3215 1603 '0
3240 1550 3294 1603 δὲ
3330 1551 3404 1621 μὴ
3439 1549 3654 1620 τολμῶν

2088 1648 2156 1702 τὰ
2188 1645 2490 1720 τηλικαῦτα
2516 1644 2592 1716 τῷ
2627 1643 2897 1715 ἀνθρώπῳ
2930 1641 3417 1714 κατακεχαρίσθαι,
3464 1640 3654 1696 ἄλλοσε

2082 1740 2342 1811 χωρήσας
2363 1736 2441 1808 τῷ
2471 1737 2734 1808 θελήματι
2755 1736 2890 1806 (Η),
2924 1737 3086 1806 φήσει
3114 1738 3178 1805 τῇ
3212 1734 3533 1806 ματαιότητι
3558 1733 3653 1804 τὴν

413 1843 602 1895 parere
630 1829 960 1897 patientiam,
983 1830 1292 1898 patientiam
1313 1844 1432 1883 vero
1454 1829 1838 1897 probationem.
1860 1845 1965 1897 pro-

2083 1829 2258 1884 κτίσιν
2290 1828 2737 1899 ὑποτασσομένην
2758 1826 3033 1881 θλίϐεσθαι
3053 1825 3251 1897 μᾶλλον
3269 1825 3650 1889 στενάζουσαν,

412 1919 668 1972 bationem
698 1935 818 1973 vero
849 1936 1014 1988 spent,
1048 1937 1191 1989 spem
1217 1935 1390 1974 autem
1424 1936 1527 1975 non
1546 1920 1866 1989 confundere
1889 1920 1935 1952 ‘°
1961 1938 1977 1987 ;

413 2025 589 2078 neque
615 2011 963 2080 patientiam,
995 2026 1173 2080 neque
1213 2011 1589 2082 probationem
1616 2013 1842 2068 habebit
1876 2029 1979 2068 non

412 2100 609 2156 amicta
642 2113 893 2158 creatura
927 2104 1211 2172 aqualem,
1247 2102 1342 2158 sed
1384 2105 1690 2172 diversam,
1730 2106 1981 2174 quoniam

408 2191 631 2245 vanitati
660 2203 901 2245 creatura
932 2192 1165 2260 subjecta
1197 2203 1271 2246 est
1299 2209 1404 2246 non
1433 2192 1628 2257 volens,
1666 2193 1755 2247 sed
1771 2202 1982 2261 propter

406 2298 524 2336 eum
551 2284 640 2352 qui
662 2283 881 2353 subjecit
924 2284 1075 2338 illam
1106 2285 1201 2338 sub
1237 2302 1325 2354 spe
1348 2286 1414 2339 ⁶¹.
1441 2278 1709 2340 Cateruin
1747 2286 1836 2354 qui
1867 2299 1974 2339 non

409 2374 462 2428 in
493 2377 730 2429 animum
761 2375 967 2431 inducit
988 2390 1145 2431 suum
1182 2376 1305 2430 talia
1342 2377 1548 2432 homini
1574 2376 1840 2432 beneﬁcia
1867 2376 1979 2431 col-

407 2464 515 2519 lata
547 2466 733 2529 fuisse,
759 2467 865 2522 alio
884 2468 1161 2523 voluntate
1196 2469 1447 2534 tendens,
1488 2469 1633 2523 dicet
1664 2477 1975 2524 creaturam

406 2573 530 2627 qua
551 2560 777 2615 vanitati
801 2562 1084 2631 suspirans
1113 2562 1377 2632 subiacet,
1412 2560 1572 2633 amigi
1606 2564 1776 2633 magis
1812 2578 1974 2632 quam

404 2651 506 2708 hos
533 2653 624 2723 qui
653 2652 931 2724 suspirant
962 2655 1015 2708 in
1046 2656 1147 2709 hoc
1182 2655 1539 2710 tabernaculo
1571 2673 1587 2709 :
1629 2656 1829 2724 quippe
1853 2670 1976 2724 quae

407 2753 647 2813 tempore
686 2745 1105 2814 quamplurimo,
1150 2746 1316 2816 idque
1338 2762 1463 2802 cum
1496 2745 1972 2815 multiplicatione,

403 2835 610 2888 serviat
666 2834 889 2890 humani
943 2836 1263 2892 certaminis
1306 2836 1555 2890 vanitati.
1601 2836 1783 2904 Quare
1826 2836 1970 2891 enim

402 2926 595 2982 nolens
622 2928 723 2983 hoc
757 2929 905 2994 facit,
940 2929 1044 2982 nisi
1075 2929 1217 2997 quod
1250 2929 1475 2983 vanitati
1507 2927 1806 2997 subiectam
1851 2941 1972 2983 esse

402 3028 460 3072 et
499 3034 606 3073 non
661 3019 867 3074 habere
897 3019 1231 3089 pracipuum
1277 3022 1402 3075 vita
1446 3029 1645 3076 statum
1682 3020 1752 3075 sit
1783 3028 1971 3075 contra

398 3109 517 3179 ejus
544 3110 838 3164 naturam?
860 3126 1022 3181 quem
1047 3112 1268 3180 quidem
1299 3121 1522 3181 statum,
1543 3111 1670 3183 quia
1707 3112 1761 3166 in
1785 3112 1966 3166 mundi

2081 1922 2114 1994 ἢ
2144 1923 2191 1975 οἱ
2218 1921 2368 1984 ὄντες
2387 1923 2444 1975 ὲν
2463 1920 2541 1991 τῷ
2564 1923 2751 1991 σκήνει
2778 1916 3143 1983 στενάζουσιν,
3175 1919 3269 1972 ἀτε
3289 1919 3382 1971 καὶ
3403 1917 3651 1971 πλεῖστον

2077 2013 2203 2066 ὅσον
2225 2012 2414 2085 χρόνον
2444 2012 2537 2065 καὶ⁹
2565 2010 2992 2065 πολλαπλασίονα
3020 2009 3112 2063 τοῦ
3138 2009 3480 2081 ἀνθρωπίνου
3506 2009 3652 2078 ἀγῶ-

2074 2122 2167 2169 νος
2218 2107 2285 2176 τῇ
2350 2104 2666 2176 ματαιότητι
2715 2101 3094 2161 δουλεύουσαν.
3162 2104 3260 2158 Διά
3303 2103 3357 2156 τί
3398 2102 3510 2174 γὰρ
3552 2104 3649 2173 οὐχ

2077 2193 2278 2249 ἑκοῦσα
2308 2195 2462 2249 τοῦτο
2495 2197 2656 2258 ποιεῖ,
2685 2193 2718 2264 ἢ
2748 2194 2830 2247 ὅτι
2864 2193 3012 2265 παρά
3040 2192 3199 2263 φύσιν
3232 2194 3379 2247 ἐστὶν
3406 2194 3545 2264 αὐτῇ
3582 2196 3646 2263 τῇ

2079 2289 2398 2361 ματαιότητι
2426 2286 2810 2357 ὑποτετάχθαι,
2856 2287 2951 2339 καὶ
2994 2286 3068 2358 μὴ
3097 2285 3194 2357 τὴν
3230 2285 3646 2357 προηγουμένην

2076 2383 2219 2455 ἔχειν
2261 2383 2362 2454 τῆς
2400 2381 2544 2453 ζωῆς
2589 2380 2956 2444 κατάστασινς
2999 2380 3066 2449 ἦν
3102 2379 3440 2450 ἀπολήψεται
3497 2378 3647 2432 ἐλευ-

2074 2475 2375 2548 θερουμένη
2404 2476 2461 2528 ὲν
2488 2476 2554 2545 τῇ
2584 2472 2678 2526 τοῦ
2706 2475 2911 2543 κόσμου
2944 2472 3138 2543 φθορᾷ,
3170 2470 3382 2540 καὶτῆς
3410 2469 3523 2522 τῶν
3544 2486 3646 2522 σω-

2077 2570 2262 2641 μάτων
2299 2566 2655 2638 ματαιότητος
2688 2564 3053 2634 ἀπολυομένη.
3101 2562 3239 2615 Ἀλλ’
3268 2562 3392 2615 ἐπεὶ
3421 2560 3642 2615 πλείονα

2074 2662 2168 2716 καὶ
2210 2660 2271 2713 οὐ
2317 2658 2459 2713 κατά
2510 2658 2572 2711 τὸ
2626 2657 2981 2731 προκείμενον
3035 2654 3325 2727 πρόϐλημα
3380 2653 3643 2725 δοκοῦμεν

2074 2752 2373 2826 εἰρηκέναι,
2419 2747 2891 2820 ἐπανελευσόμεθα
2925 2749 3019 2801 ἐπὶ
3064 2747 3127 2801 τὸ
3174 2745 3234 2812 ἐξ
3275 2746 3470 2818 ἀρχῆς,
3511 2746 3643 2799 ὐπο-

2075 2847 2467 2918 μιμνήσκοντες
2502 2843 2601 2897 διὰ-
2621 2842 2675 2896 τί
2708 2826 2824 2911 φῶς
2853 2841 2947 2897 τοῦ
2981 2842 3187 2912 κόσμου
3214 2842 3242 2893 ὁ
3268 2837 3457 2910 Σωτὴρ
3486 2838 3641 2906 λέγε-

2070 2954 2179 3001 ται,
2231 2937 2325 2989 καὶ
2369 2934 2486 3005 φῶς
2532 2930 2803 3002 ἀληθινὸν,
2852 2931 2947 2984 καὶ¹
2998 2929 3115 2999 φῶς
3161 2927 3269 2981 τῶν
3314 2926 3636 2999 ἀνθρώπιον.

2083 3024 2417 3078 Ἀποδέόοται
2450 3022 2550 3093 μὲν
2578 3021 2706 3091 γὰρ,
2746 3021 2829 3074 δτι
2859 3020 2949 3073 διὰ
2977 3020 3038 3072 τὸ
3067 3019 3182 3089 φῶς
3214 3018 3306 3072 τοῦ
3347 3018 3555 3087 κόσμου
3582 3019 3641 3070 τὸ

2069 3114 2323 3187 αἰσθητὸν
2366 3114 2579 3182 λέγεται
2611 3112 2726 3182 φῶς
2757 3111 3029 3182 ἀληθινὸν,
3061 3112 3154 3165 καὶ
3186 3112 3266 3165 ὅτι
3297 3112 3414 3182 ήτοι
3441 3109 3640 3163 ταυτόν

399 3201 621 3255 interitu
652 3209 708 3256 et
738 3201 789 3256 in
818 3202 1043 3257 interitu
1076 3202 1331 3257 vanitatis
1359 3217 1647 3272 corporum
1697 3201 1965 3257 liberatur

2074 3210 2186 3261 ἐστι
2213 3207 2274 3259 τὸ
2312 3204 2427 3275 φῶς
2456 3204 2551 3259 τοῦ
2585 3204 2789 3275 κόσμου
2819 3201 2898 3273 τῷ
2935 3204 3072 3272 φωτὶ
3098 3202 3208 3256 τῶν
3242 3201 3569 3274 ἀνθρώπων,
3603 3201 3634 3271 ἦ

396 3300 454 3344 οι
500 3290 764 3358 solvitur,
810 3302 1094 3361 receptura
1130 3301 1234 3346 est.
1262 3292 1462 3350 Verum
1486 3292 1764 3346 enimvero
1805 3292 1962 3360 ‘quo-

396 3382 540 3436 niam
572 3382 727 3451 plura
758 3397 921 3451 quam
952 3395 1073 3452 quae
1100 3381 1431 3436 conveniant
1456 3381 1747 3450 propositae
1777 3382 1964 3452 dispu-

397 3474 586 3528 talioni
602 3474 850 3528 videmur
873 3473 1221 3537 disseruisse,
1237 3472 1523 3526 redeamus
1560 3472 1702 3526 unde
1716 3472 1961 3543 digressa

396 3576 516 3621 erat
543 3566 742 3631 oratio,
791 3564 1053 3621 memoria
1096 3571 1403 3633 repetentes
1428 3577 1533 3633 qua
1560 3563 1627 3619 de
1655 3578 1815 3619 causa
1845 3573 1958 3618 tum

394 3661 489 3714 lux
526 3660 730 3724 mundi,
786 3667 896 3712 tum
933 3658 1024 3711 lux
1058 3672 1206 3723 vera,
1236 3665 1345 3711 tum
1376 3658 1610 3726 denique
1654 3656 1747 3711 lux
1780 3657 1958 3712 homio

394 3766 526 3805 num
559 3747 823 3805 Serua'tor
872 3748 1109 3803 dicatur.
1166 3746 1510 3816 Explicatum
1539 3755 1622 3803 est
1660 3761 1792 3816 ergo
1833 3761 1957 3802 eum

392 3841 565 3896 lucem
604 3855 788 3895 veram
814 3839 1072 3910 appellari
1104 3879 1121 3906 ,
1164 3849 1385 3909 propter
1410 3839 1585 3895 lucem
1616 3838 1805 3893 mundi
1835 3852 1959 3893 sen-

388 3934 630 3998 sibilem;
666 3934 747 3987 vel
778 3937 922 4003 quod
954 3933 1095 3988 idem
1142 3933 1214 3988 sit
1250 3946 1373 3987 esse
1410 3932 1587 3987 lucem
1629 3931 1845 3998 mundi,
1902 3939 1957 3986 et

2067 3295 2377 3367 ἐπιδέχεται
2418 3294 2673 3359 ἐξέτασιν
2703 3294 2779 3358 ὡς
2821 3293 3036 3349 ταυτόν.
3080 3293 3414 3362 ’Δναγκαίως
3454 3292 3514 3346 δὲ
3549 3292 3636 3346 διὰ

2066 3388 2192 3451 τοὺς
2223 3385 2384 3458 μηδὲν
2414 3385 2761 3457 ὲξειληφότας
2788 3386 2852 3439 ὲκ
2894 3384 2990 3439 τοῦ
3030 3386 3198 3454 Λόγον
3235 3381 3387 3439 εἶναι.
3402 3386 3499 3439 τὸν
3527 3388 3634 3439 Σω-

2064 3478 2209 3548 τῆρα
2256 3477 2427 3530 ταῦτα
2477 3477 2806 3548 ήρεύνηται,
2859 3478 2947 3531 ἴνα
3006 3475 3320 3547 πειθώμεθα
3363 3477 3439 3548 μὴ
3494 3476 3632 3531 κατὰ

2064 3568 2443 3641 ἀποκλήρωσιν
2492 3567 2739 3623 ἵστασθαι
2788 3568 2884 3639 μὲν
2919 3568 3013 3622 ἐπὶ
3059 3568 3159 3638 τῆς
3189 3569 3380 3636 Λόγος
3404 3568 3633 3631 ἑννοίας,

2065 3662 2159 3716 καὶ
2189 3662 2456 3733 προσήκοι
2491 3660 2570 3732 τῷ
2598 3661 2767 3733 χωρὶς
2804 3659 2913 3733 (12)
2970 3659 3318 3732 μεταλήψεως
3349 3660 3445 3731 τῆς
3479 3659 3633 3713 δυνα-

2065 3753 2234 3824 μένης
2265 3752 2790 3824 μεταλαμϐάνεσθαι,
2820 3753 3043 3821 ἀνάγειν
3084 3753 3141 3806 δὲ
3185 3753 3280 3807 καὶ
3311 3752 3630 3824 ἀλληγορεῖν

2061 3842 2180 3914 τήν,
2223 3841 2350 3911 φῶς
2379 3842 2485 3897 τοῦ
2533 3843 2786 3912 κόσμου,
2831 3842 3036 3913 φωνὴν,
3069 3843 3162 3896 καὶ
3202 3843 3271 3897 τὰ
3314 3842 3478 3898 λοιπὰ
3520 3843 3628 3895 τῶν

2062 3931 2272 3986 πολλῶν
2298 3931 2335 3986 ἀ
2366 3931 2736 4004 παρεθέμεθα.

388 4027 566 4081 lucem
620 4025 926 4093 hominum,
987 4026 1072 4083 vel
1114 4026 1166 4080 in
1222 4027 1646 4096 disputationem
1687 4026 1866 4090 cadat,
1912 4025 1987 4080 sit
2023 4040 2193 4083 necne
2228 4027 2392 4081 idem.
2446 4025 2576 4093 Qua
2607 4026 2917 4083 necessario
2944 4025 3098 4082 nobis
3130 4027 3449 4097 investigata
3499 4034 3627 4083 sunt

387 4128 609 4190 propter
652 4133 746 4175 eos
777 4120 866 4189 qui
901 4119 1036 4174 nihil
1089 4122 1445 4176 commentati
1485 4131 1635 4187 sunt,
1694 4136 1862 4190 quare
1915 4120 2171 4176 Servalor
2212 4120 2484 4177 diceretur
2513 4121 2749 4176 Verbum
2800 4139 2815 4175 :

2878 4136 2985 4190 quo
3025 4136 3342 4193 persuasum
3396 4124 3624 4179 habere-

385 4230 507 4270 mus
538 4229 640 4269 nos
665 4229 769 4268 non
823 4228 890 4269 ex
941 4214 1299 4284 praliuitione
1339 4224 1487 4270 stare
1517 4215 1719 4269 debere
1772 4215 1824 4268 in
1872 4213 2036 4268 solius
2070 4212 2323 4269 vocabuli
2374 4213 2553 4283 hujus,
2595 4210 2846 4280 Verbum,
2887 4212 2996 4284 3o
3047 4213 3440 4286 intelligentia,
3499 4231 3622 4272 cum

385 4308 565 4362 minus
615 4307 688 4363 sit
725 4307 924 4362 decens
979 4316 1039 4361 ut
1089 4307 1188 4362 hoc
1219 4308 1535 4364 vocabulum
1592 4323 1689 4379 per
1738 4305 2147 4362 translationem
2190 4319 2296 4359 non
2333 4312 2669 4372 exponatur,
2703 4317 2825 4357 cum
2881 4304 3171 4374 auagogice
3210 4316 3370 4373 atque
3418 4304 3623 4376 allego-

387 4399 499 4452 rice
530 4414 864 4469 exponamus
907 4400 1037 4455 illud
1082 4395 1261 4453 lumen
1294 4401 1511 4466 mundi,
1557 4410 1721 4469 atque
1760 4398 1927 4454 multa
1954 4398 2058 4452 alia
2086 4412 2205 4467 qua
2233 4399 2285 4451 iu
2318 4398 2547 4452 medium
2578 4396 2915 4466 protulimus.

455 4494 545 4550 ‘25.
582 4494 651 4550 Ut
685 4504 866 4551 autem
898 4511 963 4551 eo
997 4496 1142 4567 quod
1190 4496 1449 4551 illumt'uet
1483 4496 1823 4564 illustretque
1854 4494 1950 4548 ho—

2123 4492 2213 4546 25.
2251 4492 2460 4561 Ὥσπερ
2482 4491 2539 4546 δὲ
2566 4489 2717 4562 παρὰ
2744 4490 2806 4545 τὺ
2835 4487 3088 4560 φωτίζειν
3117 4492 3213 4546 καὶ
3244 4492 3623 4565 καταλάμπειν

386 4585 591 4639 minum
616 4596 851 4652 mentes,
874 4588 960 4642 vel
981 4587 1287 4657 generatim
1319 4589 1560 4643 omnium
1584 4587 1676 4656 qui
1723 4584 1949 4661 rationis

382 4684 508 4730 sunt
533 4691 784 4747 capaces,
808 4679 900 4735 lux
934 4689 1019 4737 est
1046 4681 1350 4745 hominum,
1379 4688 1435 4733 et
1476 4678 1566 4733 lux
1595 4693 1742 4744 vera,
1773 4686 1828 4730 et
1855 4676 1944 4730 lux

382 4769 567 4823 mundi
594 4786 608 4823 :
638 4769 720 4825 sic
751 4785 816 4826 eo
844 4771 985 4841 quod
1017 4781 1212 4827 auctor
1244 4772 1317 4827 sit
1356 4770 1536 4825 omnis
1589 4768 1944 4824 mortalitatis

380 4858 714 4927 deponenda
740 4861 1204 4932 ingenerandique
1244 4875 1363 4916 eam
1392 4874 1558 4930 quam
1592 4858 1813 4928 pr0prie
1845 4872 1942 4912 vo-

379 4964 573 5005 camus
601 4952 789 5014 vitam,
815 4954 1224 5025 resurgentibus
1250 4967 1318 5008 ex
1350 4950 1583 5006 mortuis
1606 4949 1674 5003 iis
1696 4947 1788 5016 qui
1815 4962 1937 5003 eum

377 5042 592 5098 sincere
617 5044 948 5113 receperint,
975 5046 1277 5116 appellatur
1303 5042 1659 5100 resurrectio.
1706 5040 1821 5095 Hoc
1840 5055 1938 5093 au-

381 5142 485 5188 tem
512 5147 616 5189 non
651 5134 810 5189 modo
850 5135 902 5190 in
925 5138 1210 5203 praesentia
1237 5136 1289 5190 in
1322 5136 1408 5190 his
1440 5143 1700 5204 operatur
1727 5132 1818 5201 qui
1844 5146 1938 5185 va-

378 5222 486 5276 lent
517 5223 696 5279 dicere
723 5242 737 5278 :
774 5223 1075 5295 Consepulti
1092 5241 1274 5280 sumus
1299 5241 1417 5278 cum
1434 5223 1642 5279 Christo
1659 5239 1750 5292 per
1764 5221 1937 5291 bapti-

372 5329 540 5367 smum
565 5316 628 5381 ",
653 5329 886 5386 cumque
905 5330 971 5371 eo
997 5315 1157 5371 simul
1183 5315 1614 5379 resurreximus;
1641 5311 1735 5369 sed
1766 5312 1930 5366 etiam

2047 4585 2117 4638 τά
2157 4584 2461 4656 ἡγεμονικά
2507 4582 2618 4636 τῶν
2664 4582 2995 4654 ἀνθρώπων,
3042 4582 3077 4654 ἦ
3123 4583 3457 4651 ἁπαξαπλῶς
3510 4590 3619 4640 τῶν

2045 4675 2300 4743 λογικῶν,
2341 4674 2456 4744 φῶς
2496 4676 2643 4727 ἐστιν
2685 4673 3005 4746 ἀνθρώπων,
3050 4674 3146 4727 καὶ
3186 4675 3303 4742 φῶς
3342 4676 3615 4746 ἀληθινὸν,

2042 4767 2137 4822 καὶ
2168 4766 2282 4836 φῶς
2313 4765 2406 4820 τοῦ
2434 4767 2670 4838 κόσμου·
2700 4764 2872 4829 οὕτως
2888 4766 2953 4819 ἐκ
2987 4765 3081 4819 τοῦ
3111 4765 3198 4820 διά
3238 4766 3332 4820 τοῦ
3371 4768 3616 4838 ἐνεργεῖ·

2043 4855 2166 4910 σθαι
2198 4855 2296 4926 τὴν
2330 4854 2586 4909 ἀπόθεσιν
2617 4853 2797 4925 πάσης
2824 4852 3166 4923 νεκρότητος,
3193 4854 3289 4906 καὶ
3312 4853 3618 4923 ἐμφύεσθαι

2044 4946 2143 5017 τὴν
2174 4945 2379 5017 κυρίως
2411 4944 2757 5016 καλουμένην
2797 4942 2940 5014 ζωὴν
2981 4945 3046 4997 ὲκ
3081 4942 3288 5014 νεκρῶν
3315 4942 3614 5013 ἀνισταμέ-

2043 5055 2150 5092 νων
2196 5038 2305 5092 τῶν
2344 5037 2507 5092 αὐτὸν
2562 5037 2800 5108 γνησίως
2846 5035 3260 5108 κεχωρηκότων,
3288 5034 3527 5088 καλεῖται
3579 5036 3613 5105 ή

2042 5128 2355 5190 ἀνάστασις.
2408 5122 2578 5181 Τοῦτο
2623 5128 2680 5182 δὲ
2724 5127 2784 5180 οὐ
2837 5127 2997 5197 μόνον
3056 5127 3149 5181 ἐπὶ
3193 5125 3287 5179 τοῦ
3343 5126 3612 5197 παρόντος

2041 5219 2252 5291 ἐνεργεῖ
2300 5223 2413 5285 τοῖς
2459 5221 2777 5292 δυναμένοις
2803 5219 2981 5289 λέγειν
3001 5236 3016 5250 ο
3071 5217 3496 5288 Συνετάερημεν
3529 5217 3613 5283 τῷ

2039 5311 2270 5382 Χριστῷ
2306 5311 2404 5367 διὰ
2450 5313 2558 5367 τοῦ
2599 5313 3036 5382 βαπτίσματος,
3080 5310 3172 5364 καὶ
3210 5310 3613 5381 συνανέστημεν

441 5428 489 5459 ⁸⁸
518 5424 674 5482 Joan.
708 5443 807 5490 xu,
844 5426 936 5481 26.
1006 5426 1054 5458 δ’
1081 5426 1240 5483 Rom.
1275 5441 1393 5493 vut,
1432 5426 1525 5481 2|.
1580 5426 1626 5459 ⁸ο
1661 5425 1820 5480 Rom.
1848 5440 1904 5490 v,
1932 5425 2056 5480 5-5.
2132 5425 2177 5457 “
2201 5425 2364 5482 Rom.
2396 5442 2514 5493 vut,
2545 5426 2636 5483 20.
2677 5427 2723 5459 "
2760 5430 2920 5484 Rom.
2946 5430 3106 5497 νηὶ.

443 5548 464 5614 (
471 5549 554 5619 ll)
616 5549 1124 5619 Κατακεχαρίσθιιι
1145 5588 1161 5613 ,
1205 5547 1431 5603 ἄλλοσε
1490 5545 1768 5618 χωρήσας
1786 5615 1815 5619 _
1855 5544 1935 5619 τῷ

374 5618 675 5685 θελήματι.
706 5619 782 5673 Ita
816 5615 963 5675 recte
991 5621 1133 5675 hunc
1167 5620 1341 5673 locum
1387 5615 1543 5673 sanat
1567 5615 1739 5674 codex
1786 5615 1931 5670 Bod-

375 5686 621 5762 leiauus;
659 5689 875 5762 maleiu
912 5688 1151 5762 editione
1188 5687 1380 5762 ‘l’lnetii
1433 5689 1627 5762 legitur
1686 5702 1932 5756 καταχα-

377 5754 644 5826 ρίσθαι....
666 5759 920 5830 χωρήσας
941 5757 1018 5831 τῷ
1047 5758 1409 5831 προσλήματι,
1451 5771 1458 5778 ‘

2113 5554 2130 5611 ί
2138 5551 2225 5623 Η)
2255 5554 2365 5604 Και
2390 5551 2690 5623 προσήκοι
2714 5548 2797 5616 τῷ
2822 5549 3024 5623 χωρίς,
3035 5557 3148 5623 etc.
3178 5546 3356 5623 Locus
3392 5546 3609 5603 hiulcus

2037 5632 2096 5676 et
2124 5619 2438 5691 corruptus,
2461 5624 2554 5676 cui
2580 5619 2787 5688 absque
2818 5619 3133 5691 melioribus
3164 5619 3442 5675 codicibus
3490 5634 3610 5674 me-

2035 5693 2272 5749 dicinam
2294 5689 2485 5749 Tacere
2512 5692 2650 5749 velle
2685 5689 3039 5746 temerarium
3063 5698 3167 5746 est.
