3792 6146
180 249 240 304 73
1257 241 1611 297 COMMENT.
1650 239 1715 294 IN
1753 238 1945 296 JOAN.
1983 240 2218 297 TOMUS
2247 243 2288 297 1.
3342 247 3410 305 75

175 366 323 436 αὐτῷ’
512 362 698 437 πολλῷ
730 364 938 436 μᾶλλον
963 368 1049 418 ὅτε
1082 364 1262 433 ἄκρως
1294 363 1473 416 πᾶσάν
1502 380 1586 425 τις
1608 363 1744 415 ἁπο-

1862 362 2018 417 multo
2056 364 2228 433 magis
2266 377 2387 417 cum
2416 378 2659 433 prorsus,
2698 367 2845 421 omni
2877 367 3123 435 deposita
3157 370 3412 426 mortali-

176 458 378 526 θέμενος
409 456 741 527 νεκρὸτητά,
780 460 841 510 ἐν
880 460 948 528 τῇ
980 454 1141 508 αὐτοῦ
1180 454 1271 507 τοῦ
1306 453 1437 508 Υίοῦ
1469 454 1744 525 καινότητι

175 546 308 615 ζωῆς
339 550 650 615 περιπατεῖ·
690 547 812 615 Τὴν
845 547 1141 615 νέκρωσιν
1175 543 1278 598 τοῦ
1341 545 1539 613 Ἰησοῦ
1570 545 1639 599 ἐν
1667 545 1747 612 τῷ

172 640 380 707 σώματι
404 637 668 692 πάντοτε
694 638 937 693 ἐνταῦθα
964 635 1374 706 περιεφέρομεν,
1402 637 1492 689 ὅτε
1542 637 1748 705 ἀξιολό-

172 747 277 798 γως
311 730 667 804 ὡφελήμεθα,
707 733 811 785 ἵνα
857 734 895 800 ή
945 730 1056 799 ζωὴ
1107 730 1211 783 τοῦ
1260 728 1454 798 Ἰησοῦ
1503 729 1575 782 ἐν
1623 730 1747 795 τοῖς

170 822 438 891 σώμασιν
472 822 643 892 ἡμῶν
670 821 1008 893 φανερωθῇ.

242 912 321 967 Ξϐ.
368 913 537 968 Ἀλλά
565 915 660 969 καὶ
702 916 737 982 ὴ
784 916 843 967 ὲν
886 914 1048 985 σοφίᾳ
1080 912 1295 986 πορεία,
1331 911 1425 965 καὶ
1469 911 1746 982 πρακτικὴ

168 1004 273 1059 τῶν
315 1003 642 1076 σωζομένων
680 1007 738 1058 ὲν
794 1005 942 1076 αὐτῷ
987 1005 1242 1076 γινομένη
1293 1003 1432 1057 κατὰ
1476 996 1573 1066 τὰς
1620 1003 1748 1072 περὶ

170 1096 424 1167 ἀληθείας
468 1100 526 1151 ἐν
579 1098 724 1168 λόγῳ
757 1097 886 1168 θείῳ
929 1096 1215 1161 διεξόδους,
1250 1096 1345 1150 καὶ
1378 1094 1605 1166 πράξεις
1648 1094 1747 1156 τὰς

174 1189 314 1243 κατὰ
344 1189 442 1259 τὴν
479 1189 657 1261 άληθῆ
687 1188 1052 1260 δικαιοσύνην,
1088 1186 1416 1258 παρίστησιν
1449 1187 1579 1257 ἡμῖν
1609 1187 1747 1240 νοεῖν

174 1279 295 1343 πῶς
324 1280 482 1342 αὑτός
511 1283 661 1333 ἐστιν
692 1283 726 1351 ἡ
750 1280 886 1343 ὁδὸς,
915 1279 1000 1348 ἐφ’
1033 1279 1098 1351 ἢν
1124 1278 1237 1331 ὁδὸν
1262 1277 1414 1331 οὐδὲν
1441 1276 1616 1349 αἴρειν
1638 1276 1746 1348 (l5)

173 1372 278 1435 δεῖ,
315 1371 434 1424 οὔτε
449 1373 659 1444 ραν,
672 1371 795 1425 οὒτε
818 1372 1050 1443 ἱμάτιον,
1068 1371 1180 1424 ἀλλ’
1199 1370 1319 1424 οὐδὲ
1344 1369 1537 1440 ῥάϐδον
1559 1369 1749 1440 ἔχοντα

170 1460 374 1514 ὁδεύειν
402 1462 533 1533 χρὴ,
564 1462 687 1515 οὐδὲ
720 1461 1037 1533 ὑποδήματα
1068 1460 1413 1513 ὑποδεδέσθαι
1448 1460 1587 1513 κατὰ
1624 1461 1749 1523 τοὺς

174 1552 360 1615 πόδας.
388 1554 686 1624 Αὐτάρκης
724 1555 831 1625 γάρ
862 1555 975 1606 ἐστι
994 1552 1103 1624 (Μ)
1138 1552 1341 1615 παντὸς
1374 1552 1583 1621 ὲφοδίῳ
1610 1552 1749 1624 αὑτὴ

170 1647 209 1717 ἡ
240 1645 376 1710 ὁδὸς,
408 1648 507 1699 καὶ
545 1644 799 1717 ἀνενδεὴς
826 1644 1083 1715 τυγχάνει
1114 1645 1222 1708 πᾶς
1252 1647 1281 1698 ὁ
1305 1642 1510 1716 ταύτης
1534 1644 1752 1697 ἐπιϐαί-

168 1753 298 1797 νων,
330 1736 752 1806 πκοσμημέιεος
778 1734 1032 1806 ἐνδύματι
1063 1728 1107 1802 ᾧ
1139 1734 1341 1807 πρέπει
1377 1734 1750 1806 κεκοσμῆσθαι

167 1830 261 1883 τὸν
290 1830 384 1882 ἐπὶ
420 1829 521 1900 τὴν
566 1829 758 1899 κλῆσιν
805 1828 896 1882 τοῦ
939 1828 1118 1898 γάμου
1158 1828 1409 1895 ἀπιόντα,
1447 1828 1659 1892 οὐδενός
1690 1846 1750 1883 τε

168 1920 406 1993 χαλεποῦ
427 1921 733 1992 δυναμένου
762 1921 1068 1992 ἀπαντῆσαι
1094 1921 1235 1975 κατὰ
1261 1921 1463 1992 ταύτην
1489 1921 1587 1993 τὴν
1612 1920 1747 1975 ὀδόν.

181 2016 491 2086 Ἀμήχανον
513 2014 623 2087 γάρ
646 2014 799 2077 ὀδοὺς
820 2014 993 2083 ὄφεως
1019 2014 1112 2066 ἐπὶ
1147 2012 1351 2084 πέτρας
1383 2013 1581 2086 εὑρεῖν.
1610 2011 1750 2066 κατὰ

164 2103 261 2155 τὸν
320 2103 676 2175 Σολομῶντα,
730 2103 873 2174 φημὶ
924 2103 966 2155 δ’
1018 2101 1149 2171 ἐγὼ,
1209 2105 1290 2158 ὅτι
1344 2102 1437 2156 καὶ
1468 2098 1528 2159 οὗ
1551 2103 1750 2174 δήποτε

164 2196 386 2268 θηρίου·
416 2196 499 2250 διὸ
533 2195 654 2250 οὐδὲ
677 2195 838 2266 χρεία
866 2194 1064 2268 ῥάϐδου
1097 2197 1155 2249 ὲν
1186 2195 1310 2267 ὁδῷ,
1344 2196 1463 2249 οὐδὲ
1498 2194 1618 2266 ἴχνη
1644 2196 1751 2249 τῶν

164 2287 435 2341 ἐναντίων
478 2287 701 2362 ἐχούσῃ,
755 2289 853 2341 καὶ
891 2288 1222 2359 ἀνεπιδέκτῳ
1268 2287 1357 2342 διά
1399 2289 1461 2342 τὸ
1508 2289 1751 2360 στερρὸν,

164 2379 358 2452 διόπερ
391 2382 487 2434 καὶ
514 2380 689 2452 πέτρα
712 2381 951 2451 λέγεται,
978 2381 1083 2435 τῶν
1111 2382 1368 2452 χειρόνων
1390 2376 1746 2454 τυγχανοῦσῃ.

239 2655 330 2709 27.
380 2653 632 2727 Ἀλήθεια
672 2654 731 2708 δὲ
773 2657 803 2709 ὁ
849 2655 1155 2727 Μονογενής
1197 2659 1311 2710 ἐστι
1361 2656 1535 2710 πάντα
1584 2656 1752 2726 ἐμπε-

169 2749 472 2821 ριειληςὼς
506 2749 597 2803 τὸν
635 2749 763 2820 περὶ
796 2749 903 2802 τῶν
933 2749 1067 2804 δὶων
1100 2751 1236 2804 κατὰ
1280 2749 1341 2802 τὸ
1378 2750 1627 2821 βούλημα
1657 2749 1749 2801 τοῦ

164 2842 391 2913 lla-.91);
424 2840 564 2911 μετὰ
611 2842 793 2912 πάσης
822 2841 1147 2913 τρανότητος
1177 2842 1353 2912 λόγον,
1403 2842 1495 2897 καὶ
1538 2842 1751 2913 ἑκάστῳ

168 2933 313 2987 κατά
361 2932 461 3003 τὴν
509 2931 669 2998 ἀξίαν
710 2928 941 3009 αὑτοῢῇ
985 2934 1210 3006 ἀλήθειά
1251 2936 1365 2987 ἐστι
1418 2933 1746 3005 μεταδιδούς.

185 3024 316 3079 Ἐάν
343 3023 397 3077 δέ
426 3041 512 3087 τις
538 3024 675 3095 ζητῇ
706 3024 817 3095 (15)
846 3027 893 3078 εί
917 3025 1149 3095 πᾶνῌθ)
1180 3027 1208 3078 ὅ
1240 3025 1292 3078 τί
1324 3041 1451 3080 ποτε
1478 3026 1739 3096 ἐγνωσμέ-

176 3132 267 3166 νον
296 3116 405 3168 ὑπὸ
442 3114 537 3168 τοῦ
584 3115 799 3188 [ἰατρὸς
832 3115 971 3168 κατὰ
998 3116 1059 3168 τὸ
1087 3116 1247 3186 βάθος
1275 3116 1369 3169 τοῦ
1400 3116 1627 3170 πλούτου
1658 3120 1751 3170 καὶ

166 3207 269 3276 τῆς
323 3208 517 3275 σοφίας
565 3208 657 3260 καὶ
708 3208 809 3277 τῆς
852 3207 1106 3276 γνώσεως
1155 3208 1339 3272 αὐτοῦ,
1389 3210 1674 3263 ἐπίσταται
1724 3212 1752 3263 ὁ

167 3296 366 3367 Σωτὴρ
394 3297 579 3368 ⁴ημῶν,
608 3298 702 3351 καὶ
727 3300 999 3371 φαντασίᾳ
1022 3300 1114 3354 τοῦ
1138 3298 1378 3365 δοξάζειν
1409 3300 1503 3353 τὸν
1534 3301 1752 3372 Πατέρα

166 3389 548 3459 ἀποφαίνηταί
606 3407 726 3442 τινα
789 3391 1167 3461 γινωσκόμενα
1232 3392 1336 3445 ὑπὸ
1388 3391 1481 3446 τοῦ
1544 3393 1753 3465 Πατρὸς

168 3479 490 3547 άγνοείςθαι
539 3479 645 3533 ὑπὸ
695 3480 789 3534 τοῦ
827 3480 983 3544 Υίοῦ,
1034 3480 1380 3554 διαρκοῦντος
1430 3482 1751 3553 ἐξισωθῆναι

171 3572 292 3630 ταῖς
343 3568 686 3640 καταλήψεσι
747 3569 843 3622 τοῦ
897 3570 1161 3643 ἀγενήτου
1212 3571 1380 3625 Θεοῦο
1435 3572 1752 3625 ἐπιστατέον

170 3661 338 3713 αὐτὸν
370 3662 435 3714 ἐκ
466 3660 563 3713 τοῦ
603 3660 860 3732 ἀλήθειαν
903 3659 1042 3717 εἶναι
1073 3664 1163 3716 τὸν
1193 3663 1444 3735 Σωτῆρα,
1474 3664 1567 3716 καὶ
1597 3681 1757 3735 προσ-

169 3753 390 3815 ακτέον,
440 3753 545 3815 ὅτι,
601 3755 649 3804 εἰ
701 3752 989 3824 ὀλόκληρός
1033 3755 1180 3807 ἐστιν
1234 3755 1540 3826 ἡάλήθεια,
1603 3756 1754 3810 οὐδὲν

168 3842 370 3913 ἀληθὲς
399 3843 607 3911 ἀγνοεῖ,
642 3844 726 3897 ἵνα
758 3843 832 3915 μὴ
877 3843 1049 3916 σκάζῃ
1078 3845 1393 3918 λείπουσαὴ
1424 3847 1650 3919 ἀλήθεια
1674 3845 1753 3912 οἷς

169 3937 229 3987 οὐ
263 3936 553 4004 γινώσκει,
584 3938 706 3990 κατ’
735 3937 996 4003 ἐκείνους,
1034 3939 1389 4010 τυγχάνουσιν
1418 3942 1476 3995 ὲν
1510 3942 1655 4013 μόνῳ
1677 3942 1754 4014 τῷ

169 4028 386 4099 Πατρί·
422 4029 456 4099 ἧ
485 4029 751 4083 δεικνύτω
775 4046 880 4094 τις,
911 4031 992 4083 ὅτι
1020 4030 1166 4085 ἔστιν
1185 4031 1221 4085 ὃ.
1239 4034 1620 4104 γινωσκόμενα
1642 4034 1753 4104 (l7)

170 4118 275 4187 τῆς
299 4117 567 4188 ἀληθείας
598 4119 968 4190 προσηγορίας
988 4120 1049 4173 οὐ
1075 4122 1428 4192 τυγχάνοντα,
1459 4121 1594 4177 ἀλλὰ
1617 4124 1755 4194 ὑπὲρ

173 4210 345 4282 αὐτὴν
380 4210 535 4264 ὄντα.

240 4302 333 4356 ‘28.
384 4305 566 4372 Σαςὲς
622 4304 706 4370 δὲ,
750 4305 832 4358 ὅτι
881 4306 1084 4377 κυρίως
1136 4307 1237 4375 τῆς
1288 4306 1611 4379 εἰλικρινοῦς
1664 4309 1756 4361 καὶ

1849 463 1980 517 tate,
2021 454 2218 524 aliquis
2261 457 2313 507 in
2350 456 2588 508 novitate
2613 457 2737 511 vita:
2772 458 2943 525 ipsius
2972 458 3095 513 Filii
3128 461 3413 520 ambulat:

1849 543 2227 601 Mortalitulem
2267 558 2398 599 vero
2421 544 2547 599 Jesu
2588 563 2788 614 semper
2807 548 2862 602 in
2887 565 3130 619 corpore,
3164 552 3292 609 dum
3327 553 3416 611 hic

1848 635 2111 703 degimns,
2152 637 2599 705 circumferimus,
2642 640 2857 707 quando
2889 656 3143 713 magnum
3179 643 3415 701 fructum

1847 727 2111 795 cepimus,
2148 738 2202 781 ut
2236 730 2341 783 vita
2382 727 2510 784 Jesu
2542 731 2595 783 in
2637 733 2941 800 corporibus
2966 734 3161 791 nostris
3189 735 3416 807 manife-

1847 827 2012 873 stelur
2032 820 2097 871 ⁸³.

1918 909 2008 964 26.
2055 911 2358 978 Quinetiam
2401 914 2489 968 via
2523 929 2642 984 qum
2669 923 2753 970 est
2798 915 2853 969 in
2886 916 3172 985 sapientia,
3214 927 3271 975 et
3296 935 3419 990 quas

1850 1005 1960 1058 vim
1991 1006 2155 1060 habet
2187 1005 2452 1062 elIiciendi
2478 1021 2572 1061 eos
2603 1007 2694 1077 qui
2718 1023 2813 1077 per
2842 1022 2963 1063 eam
2994 1008 3222 1065 salutem
3249 1012 3419 1081 adipi-

1851 1101 2079 1147 scuntur
2102 1095 2396 1151 secundum
2417 1095 2800 1166 explicationes
2822 1098 2887 1150 de
2911 1099 3136 1155 veritate
3159 1099 3212 1155 in
3234 1101 3419 1156 divino

1852 1184 2020 1240 verbo
2050 1195 2106 1239 et
2138 1186 2378 1242 actiones
2406 1188 2730 1242 exsistentes
2754 1187 2805 1241 in
2839 1203 2963 1241 vera
2994 1188 3228 1257 jnstitia,
3262 1192 3419 1249 nobis

1854 1276 2255 1346 intelligendum
2283 1279 2483 1348 praebet
2507 1279 2776 1347 quomodo
2805 1278 3055 1336 Christus
3078 1283 3160 1336 via
3184 1284 3416 1351 dicatur,

1853 1369 1906 1421 in
1937 1383 2097 1437 quam
2125 1369 2266 1422 viam
2296 1369 2427 1423 nihil
2466 1380 2679 1439 gestare
2711 1371 2869 1427 debet
2896 1388 3068 1442 neque
3088 1389 3295 1442 peram,
3324 1390 3419 1431 ne-

1851 1472 1956 1527 que
1976 1459 2193 1528 pallium
2212 1475 2276 1514 ac
2293 1475 2361 1515 ne
2380 1461 2629 1516 baculum
2652 1466 2863 1532 quidem
2886 1467 2972 1522 vel
2988 1468 3199 1525 calceos
3221 1469 3286 1534 “,
3304 1469 3420 1539 qui-

1850 1551 1950 1605 bus
1975 1552 2164 1606 induat
2185 1553 2349 1622 pedes
2379 1553 2483 1610 iter
2536 1552 2798 1614 facturus.
2832 1558 3113 1616 Snﬂieiens
3138 1561 3282 1616 enim
3319 1576 3418 1631 per

1852 1657 1910 1696 se
1941 1654 2023 1697 est
2048 1644 2164 1698 hmc
2198 1644 2282 1698 via
2313 1646 2379 1699 ad
2405 1646 2584 1701 omnia
2611 1649 2999 1718 suppeditanda
3021 1652 3202 1707 itineri
3224 1668 3418 1708 neces-

1853 1739 2020 1800 saria,
2052 1735 2308 1805 nullaque
2341 1752 2398 1790 re
2425 1739 2646 1794 omnino
2671 1740 2875 1810 indiget
2894 1743 3140 1813 quisquis
3170 1745 3312 1799 hanc
3336 1744 3420 1799 in-

1850 1827 2113 1894 greditur,
2144 1837 2371 1880 ornatus
2403 1843 2469 1882 eo
2496 1831 2823 1886 vestimento
2853 1848 2958 1901 quo
3008 1845 3264 1890 ornatum
3297 1851 3421 1892 esse

1850 1933 1971 1972 eum
1999 1918 2155 1972 decet
2191 1919 2281 1986 qui
2314 1917 2570 1975 invitatus
2594 1921 2741 1976 vadit
2764 1924 2831 1977 ad
2860 1924 3098 1991 nuptias,
3124 1939 3245 1980 cum
3270 1927 3420 1982 nulla

1851 2024 1939 2063 res
1958 2008 2178 2063 molesta
2206 2008 2376 2076 possit
2407 2009 2458 2063 in
2489 2012 2588 2066 hac
2616 2012 2704 2067 via
2737 2028 3046 2069 occurrere.
3071 2014 3251 2070 Facile
3273 2018 3420 2071 enim

1851 2099 1995 2156 factu
2024 2117 2130 2156 non
2157 2109 2262 2165 est,
2293 2109 2435 2156 teste
2456 2102 2745 2159 Salomone
2771 2104 2841 2169 ⁸⁸,
2867 2115 2924 2159 ιιι
2951 2106 3240 2174 serpentis,
3266 2116 3341 2175 et,
3362 2117 3424 2161 ut

1851 2208 1949 2263 ego
1980 2194 2238 2262 arbitror,
2260 2194 2498 2263 cujusvis
2531 2195 2695 2251 etiam
2723 2195 2848 2251 fera:
2895 2198 3015 2255 vias
3034 2197 3277 2254 inveniat
3299 2201 3423 2270 quis

1850 2299 2012 2356 supra
2068 2296 2297 2356 petram.
2358 2289 2540 2356 Quare
2602 2287 2733 2343 nihil
2776 2303 2915 2357 opus
2963 2299 3048 2344 est
3110 2290 3304 2345 baculo
3367 2291 3421 2346 in

1853 2378 1940 2431 via
1984 2378 2110 2443 hac,
2147 2393 2266 2447 quae
2303 2389 2508 2437 tantum
2543 2380 2700 2436 abest
2727 2387 2787 2435 ut
2826 2380 3223 2437 contrariorum
3257 2385 3425 2439 vesti-

1764 2538 1767 2539 ν
1851 2471 1939 2541 gia
1971 2471 2192 2538 habeat,
2232 2484 2291 2528 ut
2337 2488 2405 2529 ne
2436 2474 2649 2527 illorum
2682 2473 2897 2543 quidem
2941 2488 3060 2543 qua:
3087 2473 3227 2529 mala
3261 2485 3410 2538 sunt,

1851 2566 1920 2620 ob
1945 2566 2298 2630 soliditatem,
2327 2569 2471 2621 unde
2501 2567 2665 2621 etiam
2692 2573 2846 2634 petra
2869 2565 3087 2632 dicitur,
3116 2565 3189 2620 sit
3226 2581 3419 2636 capax.

1920 2658 2012 2713 27.
2046 2658 2210 2714 Porro
2235 2658 2551 2733 Unigenitus
2581 2658 2784 2713 veritas
2805 2666 2908 2724 est,
2938 2672 3152 2712 omnem
3178 2659 3421 2713 omnium

1851 2748 2193 2817 rerumjuxta
2215 2749 2392 2805 Patris
2407 2749 2742 2805 voluntatem
2765 2763 2884 2803 cum
2901 2747 3310 2804 omniclaritate
3333 2766 3420 2803 ra-

1854 2841 2053 2896 tionem
2074 2841 2124 2895 in
2143 2856 2201 2897 se
2217 2840 2600 2910 complectens,
2618 2849 2777 2910 atque
2795 2840 3084 2909 unicuique
3098 2840 3422 2910 inquantum

1851 2946 1933 2986 est
1952 2934 2152 2987 veritas
2168 2946 2265 3002 pro
2296 2931 2438 2987 illius
2483 2931 2741 3002 dignitate
2768 2939 2822 2984 et
2844 2929 3038 2984 merito
3068 2929 3423 2986 distribuens.

1852 3025 2002 3092 Quod
2016 3024 2058 3079 si
2072 3024 2195 3093 quis
2209 3024 2446 3093 inquirat
2459 3039 2585 3079 num
2598 3038 2682 3077 om
2692 3037 2756 3076 ne
2767 3024 2908 3092 quod
2919 3022 3135 3077 tandem
3151 3021 3423 3090 cognitum

1855 3126 1937 3170 est
1950 3115 2257 3185 Patrijuxta
2275 3115 2722 3186 profunditatem,
2738 3124 2793 3170 et
2808 3114 3420 3185 divitiarum,etsapieno

1857 3209 1964 3272 tize,
1997 3218 2052 3261 et
2073 3207 2401 3279 cognitionis
2429 3207 2544 3275 ejus
2567 3207 2637 3272 °',
2672 3206 2932 3263 Servatur
2952 3207 3055 3278 31
3084 3215 3268 3262 noster
3291 3208 3427 3263 sciat

1855 3310 1910 3354 et
1932 3315 2095 3356 causa
2112 3300 2448 3372 gloriﬁcandi
2466 3299 2680 3356 Patrem
2705 3301 2951 3369 quaedam
2977 3315 3009 3354 a
3032 3298 3194 3355 Patre
3213 3299 3426 3370 cognita

1854 3408 1975 3448 esse
2002 3393 2147 3447 dicat
2173 3407 2293 3462 quae
2319 3392 2488 3448 Filius
2516 3391 2746 3463 ignoret.
2781 3408 2903 3447 cum
2930 3391 3132 3463 alioqui
3166 3392 3335 3461 possit
3357 3405 3426 3445 ex

1852 3499 2007 3553 atquo
2034 3485 2260 3554 perinde
2295 3494 2457 3553 atque
2489 3484 2761 3555 ingenitus
2792 3484 2930 3538 Dens
2959 3481 3423 3555 apprehensiones

1857 3574 2228 3643 prehendere;
2259 3574 2536 3629 sciendum
2563 3583 2648 3627 est
2675 3572 3019 3627 Servatorem
3051 3572 3247 3642 ipsum,
3294 3572 3421 3641 quia

1857 3665 1929 3719 sit
1961 3665 2183 3732 veritas,
2217 3664 2350 3719 nihil
2385 3666 2499 3720 veri
2556 3665 2828 3734 ignorare,
2865 3665 3023 3732 idque
3050 3673 3161 3717 tum
3188 3665 3426 3718 maxime

1859 3756 2256 3826 adjungendum
2279 3766 2382 3820 est,
2418 3755 2588 3811 solida
2619 3757 2661 3810 si
2695 3767 2779 3808 cst
2799 3756 3024 3821 veritas,
3062 3772 3128 3812 ne
3158 3757 3427 3812 claudicet

1859 3849 2060 3904 veritas
2089 3850 2355 3904 diminuta
2386 3848 2692 3917 cognitione
2717 3863 2902 3903 eorum
2925 3863 3044 3918 quae
3073 3858 3200 3904 sunt
3224 3849 3280 3903 in
3311 3848 3427 3904 solo

1858 3938 2045 4003 Patre,
2071 3949 2130 3994 ut
2161 3940 2249 3994 isti
2286 3939 2543 3994 tradunt:
2575 3939 2657 3993 vel
2688 3939 3154 4011 ostendataliquis
3178 3940 3424 4009 quaedam

1859 4042 1982 4084 esse
2023 4044 2144 4097 qua:
2181 4041 2605 4099 cognoscuntur,
2638 4043 2756 4097 qua:
2788 4030 3034 4083 veritatis
3066 4028 3427 4098 appellatione

1859 4120 2160 4190 nuncupari
2188 4136 2291 4174 non
2322 4133 2570 4191 possunt,
2621 4123 2717 4176 sed
2743 4136 2906 4191 supra
2940 4125 3110 4191 ipsam
3145 4120 3424 4174 veritatem

1859 4212 1960 4266 sita
1985 4223 2133 4266 sunt.

1930 4305 2021 4361 28.
2052 4307 2316 4361 Caeterum
2347 4306 2691 4376 perSpicuum
2720 4316 2803 4362 est
2833 4306 3158 4378 principium
3195 4304 3428 4360 fontem-

176 4393 412 4463 ἀμιγοῦς
447 4395 587 4466 πρὸς
614 4413 665 4449 τι
703 4394 889 4467 ἕτερον
917 4395 1061 4467 ζωῆς
1091 4399 1125 4468 ἡ
1157 4396 1298 4469 ἀρχὴ
1339 4400 1397 4450 ἐν
1440 4398 1515 4470 τῷ
1544 4399 1752 4471 Πρωτο-

1863 4410 1970 4465 que
1996 4395 2119 4450 vita:
2141 4396 2458 4452 sincerioris
2493 4411 2559 4451 ac
2586 4398 2845 4466 purioris,
2882 4407 3049 4467 atque
3094 4415 3122 4448 a
3171 4396 3428 4452 mistione

177 4486 319 4555 τόκῳ
361 4486 546 4556 πάσης
575 4489 804 4552 κτίσεως
832 4490 1105 4559 τυγχάνει,
1138 4489 1231 4558 ἀφ’
1257 4486 1324 4563 ἧς
1346 4492 1394 4542 ot
1428 4491 1643 4561 μέτοχοι
1664 4491 1754 4544 τοῦ

181 4578 420 4649 Χριστοῦ
464 4578 831 4651 λαμϐάνοντες
876 4581 977 4651 τὴν
1009 4579 1223 4650 άληθῶς
1258 4580 1392 4646 ζῶσι
1440 4582 1602 4654 ζωὴν,
1648 4583 1756 4635 τῶν

180 4672 311 4741 παρ’
342 4671 515 4742 αὐτὴν
542 4671 910 4744 νομιζομένων
938 4672 1036 4745 ζῇν
1079 4673 1267 4745 ὥσπερ
1296 4675 1396 4728 οὐκ
1437 4675 1666 4746 ἐχόντων
1697 4675 1759 4727 τὸ

181 4762 433 4834 ἀληθινὸν
461 4764 596 4833 φῶς,
630 4768 802 4829 οὕτως
828 4764 949 4819 οὐδὲ
975 4765 1035 4818 τὸ
1060 4764 1308 4836 ἀληθινὸν
1336 4765 1452 4837 ζῇν.

251 5039 346 5095 29.
393 5041 505 5094 Καὶ
547 5041 670 5094 ἐπεὶ
698 5042 758 5095 ὲν
790 5039 868 5111 τῷ
919 5040 1093 5113 Πατρὶ
1144 5039 1243 5094 οὐκ
1284 5039 1398 5094 ἔστι
1444 5039 1757 5111 γενέσθαιῆ

1865 4487 2234 4558 cujuscunque
2288 4489 2366 4543 rei
2425 4490 2634 4554 alienae,
2673 4490 2892 4559 prOprie
2948 4489 3001 4541 in
3058 4484 3427 4558 Primogenito

1864 4579 2043 4634 omnis
2075 4588 2345 4635 creaturae
2386 4581 2686 4648 exsistere,
2717 4595 2747 4634 a
2795 4596 2901 4649 qua
2941 4579 3029 4648 qui
3071 4577 3273 4634 Christi
3303 4588 3428 4635 sunt

1865 4671 2158 4741 participes
2205 4682 2504 4738 sumentes,
2543 4687 2725 4727 veram
2755 4675 2947 4727 vivunt
2981 4673 3169 4738 vitam,
3202 4686 3323 4726 cum
3369 4672 3427 4726 hi

1865 4764 1957 4834 qui
1993 4775 2193 4833 prteter
2227 4764 2404 4835 ipsum
2462 4764 2644 4820 vivere
2691 4766 3073 4821 existimantur
3095 4804 3110 4828 ,
3145 4772 3207 4818 ut
3242 4778 3428 4819 veram

1864 4856 2036 4912 lucem
2080 4873 2185 4911 non
2228 4858 2459 4924 habent,
2503 4861 2576 4913 ita
2630 4874 2700 4914 ne
2742 4873 2928 4913 veram
2976 4858 3193 4928 quidem
3239 4856 3430 4911 vivant

1868 4948 2056 5003 vitam.

1937 5038 2027 5091 29.
2061 5036 2329 5105 Quoniam
2360 5054 2489 5094 vero
2519 5056 2569 5093 Ill
2601 5041 2763 5096 Patre
2790 5041 2869 5095 vel
2897 5043 3037 5111 apud
3073 5041 3289 5097 Patrem
3319 5052 3427 5094 non

253 5186 302 5218 ⁸³
325 5184 366 5239 ll
398 5183 521 5239 Cor.
558 5198 631 5247 tv,
668 5183 751 5236 lO.
824 5181 869 5214 “
895 5182 1084 5235 Matth.
1109 5197 1166 5241 χ.
1201 5182 1290 5239 10.
1356 5183 1402 5214 ⁸⁵
1433 5181 1593 5237 Prov.
1626 5197 1757 5246 xxx,
1785 5181 1872 5237 l9.
1951 5178 1996 5210 “
2024 5178 2042 5232 Ι
2069 5178 2193 5232 Cor.
2219 5193 2279 5243 ll,
2307 5177 2394 5233 10.

258 5293 372 5361 (l5)
389 5291 537 5362 Q’Ey’
562 5289 644 5358 ἢν
667 5289 814 5345 ὁδὸν
833 5289 1250 5362 οὐδὲηαῖρειν.
1280 5292 1352 5347 Ita
1398 5303 1551 5350 recte
1597 5292 1758 5362 habet

189 5358 360 5418 code:
386 5358 747 5433 Bodleianus;
800 5365 940 5431 apud
994 5358 1246 5417 Hostium
1294 5362 1492 5433 legitur
1536 5363 1622 5431 ἐφ’
1688 5358 1756 5433 ἧς

191 5433 307 5487 ὁᾶεν
334 5431 525 5487 αἴρειν.

197 5449 540 5626 figitﬁgit
567 5502 742 5558 codex
781 5502 1123 5567 Bodleianus,
1147 5504 1299 5557 ἐστί·
1342 5504 1509 5561 editio
1557 5500 1757 5566 Huetii,

227 5590 268 5626 π
291 5611 307 5626 .

272 5642 382 5713 (15)
415 5641 567 5714 Ἐὰν
590 5642 659 5694 δέ
692 5658 785 5707 τις
813 5639 984 5714 ζητῇ,
1004 5650 1111 5714 etc.
1146 5642 1340 5700 Valere
1379 5645 1496 5700 hac
1535 5651 1762 5714 possunt

207 5712 457 5768 adversus
478 5712 701 5781 Origetti
735 5713 988 5766 intentari
1037 5713 1251 5768 solitam
1304 5712 1759 5780 criminationem,

485 5805 762 5865 Pnaoc.
805 5802 923 5865 Gn.
968 5805 1137 5865 XIV.

1862 5289 2007 5361 quod
2035 5288 2212 5346 Patris
2237 5290 2598 5361 cognitionem
2640 5291 2897 5357 majorem
2926 5306 3076 5361 iesse
3117 5289 3428 5360 cognitione

1863 5360 1987 5416 Filii
2011 5363 2282 5415 statuerit.
2314 5360 2774 5432 Quamquoniam
2811 5364 2862 5417 in
2905 5360 3235 5432 Origeniam‘s
3260 5374 3427 5414 excu—

1866 5434 2055 5493 timus,
2089 5432 2245 5498 plura
2277 5448 2381 5485 non
2409 5431 2620 5484 addam.
2654 5431 2914 5488 HUETIUS.

1935 5501 2046 5572 (l6)
2079 5497 2255 5556 Codex
2288 5500 2611 5555 Bodleianus
2649 5515 2705 5556 et
2727 5501 3056 5557 Barberinus
3083 5498 3222 5552 πᾶν·
3257 5497 3427 5556 editio

1865 5569 2068 5626 Huetii.
2095 5571 2251 5626 ἐπάν.

1916 5586 2068 5636 uettt,
2095 5586 2251 5626 επαν.

1936 5641 2047 5726 (l7)
2105 5643 2163 5695 ’Ἀ
2212 5643 2641 5711 γινωσκόμενα.
2698 5642 2863 5698 Forte
2909 5640 3191 5713 legendum
3239 5639 3309 5695 τά
3340 5640 3427 5696 vel

1863 5728 2004 5765 τινα.

3067 5803 3105 5861 3
