3792 6146
395 271 474 327 Ἶδ
1832 268 2152 327 ORIGENIS
3581 279 3652 332 ςο

398 392 527 448 licet
552 404 674 447 esse
703 391 751 446 ei
791 390 883 461 qui
941 391 1176 460 primum
1224 393 1292 447 ab
1345 393 1453 448 imo
1483 394 1828 450 ascendendo
1857 410 1944 449 no:

2105 392 2218 465 κιρὰ
2252 392 2330 464 τῷ
2353 393 2462 466 (18)
2492 395 2688 464 Πατρὶ,
2717 396 2790 468 μὴ
2816 396 3119 465 φθάσαντα,
3151 397 3364 470 πρῶτον
3402 397 3654 454 κάτωθεν

398 482 705 554 pervenerit
728 482 796 539 ad
816 482 940 538 Filii
968 483 1332 550 divinitatem,
1363 500 1461 554 per
1486 488 1785 557 quamquis
1804 502 1944 541 manu

2105 485 2447 550 ναϐαίνοντα,
2496 486 2589 539 ἐπὶ
2618 486 2719 558 τὴν
2749 487 2844 541 τοῦ
2886 487 3017 541 Υἰοῦ
3057 487 3303 561 θεότητα,
3349 490 3415 543 δι’
3451 486 3521 562 ἦς
3564 507 3651 555 τις

401 576 525 632 duci
576 584 755 645 potest
809 577 974 633 etiam
1021 577 1089 631 ad
1124 585 1428 647 paternam,
1467 579 1666 635 ostium
1717 578 1938 633 Salvato

2105 578 2546 650 ειραγωγηθῆναι
2573 578 2797 632 δύναται
2818 580 2912 632 καὶ
2934 582 3027 633 έπί
3049 581 3148 651 τὴν
3174 581 3444 653 πατρικὴν
3473 599 3654 652 μακα-

396 667 691 738 inscriptus
713 678 797 725 est
815 667 1066 738 :generis
1081 676 1260 725 autem
1283 669 1504 725 humani
1523 685 1710 726 amans
1731 686 1852 731 cum
1874 671 1966 737 sit,

393 769 450 814 et
480 759 917 830 qualemcunque
951 759 1259 815 animorum
1292 761 1361 815 ad
1410 761 1693 817 meliorem
1755 761 1965 831 frugem

394 851 801 907 inclinationem
845 852 1119 919 admittat,
1165 865 1356 908 eorum
1409 852 1504 923 qui
1551 854 1620 908 ad
1663 851 1879 924 [Λόγον,
1912 852 1966 908 id

391 942 497 1014 est]
530 943 598 997 ad
621 942 885 997 rationem
917 957 1025 998 non
1055 941 1328 1011 festinant,
1356 944 1647 1012 oviumque
1667 943 1838 998 instar
1857 958 1965 999 non

390 1036 743 1103 exquisitam,
801 1035 900 1090 sed
957 1034 1331 1090 irrationalem
1386 1036 1856 1091 mansuetudinem
1912 1046 1966 1090 et

392 1131 673 1188 lenitatem
709 1131 930 1197 habent,
963 1139 1153 1201 pastor
1181 1129 1413 1185 efficitur
1445 1147 1461 1185 :
1498 1128 1753 1184 Homines
1794 1130 1962 1194 enim,

387 1232 434 1278 et
449 1223 692 1294 jumenta
721 1234 892 1279 servat
934 1222 1193 1278 Dominus
1219 1223 1285 1274 ⁸⁷.
1311 1220 1454 1289 Quin
1492 1230 1547 1277 et
1581 1221 1750 1277 Israel
1779 1232 1836 1277 et
1862 1219 1961 1274 Ju-

387 1316 487 1372 das
515 1316 713 1371 nedum
747 1315 1159 1381 hominum,sed
1187 1316 1351 1370 etiam
1376 1314 1747 1385 iumentorum
1777 1329 1960 1368 semen

385 1408 622 1463 seminat
646 1407 714 1461 ⁵⁸.

456 1500 545 1554 50.
570 1499 650 1553 Ad
684 1500 795 1555 haec
825 1514 854 1553 a
887 1499 1154 1569 principio
1175 1498 1640 1555 considerandum
1670 1509 1753 1553 est
1801 1498 1960 1554 Chri-

384 1589 452 1644 sti
482 1587 827 1656 vocabulum,
875 1590 1134 1656 adjuncto
1162 1588 1326 1642 etiam
1365 1587 1630 1643 vocabulo
1677 1589 1845 1659 regis,
1902 1596 1961 1643 ut

382 1678 795 1747 comparatione
825 1676 958 1746 quid
1004 1675 1260 1732 differant
1292 1676 1643 1747 intelligatur.
1677 1675 1810 1731 Cum
1855 1676 1960 1730 ita-

2073 670 2313 740 ριότητα,
2348 669 2487 741 θύρα
2511 672 2540 724 6
2568 670 2756 742 Σωτὴρ
2800 672 3231 743 ἀναγέγραπται·
3264 674 3652 745 φιλάνθρωπος

2066 759 2123 813 δὲ
2152 759 2248 824 ὢν,
2278 760 2372 813 καὶ
2402 760 2500 831 τὴν
2526 762 2673 823 ὅπως
2695 760 2825 814 ποτὲ
2852 762 2944 815 ἐπὶ
2993 761 3056 814 τὸ
3090 762 3295 832 βέλτιον
3319 763 3655 833 ἀποδεχόμε-

2068 869 2156 917 νος
2182 852 2292 905 τῶν
2328 853 2514 923 ψυχῶν
2545 854 2737 926 ῥοπὴν,
2769 854 2877 909 τῶν
2909 854 3003 908 ἐπὶ
3036 855 3127 908 τὸν
3159 856 3328 923 Λόγον
3363 856 3435 929 μὴ
3484 873 3652 910 σπευ-

2065 942 2284 1007 δόντων,
2318 943 2455 998 (me
2479 944 2633 1016 δίκην
2660 945 2946 1016 προϐάτων
2971 946 3070 998 οὐκ
3097 944 3481 1016 ἐξητασμένον,
3505 946 3650 1000 ἀλλὰ

2066 1033 2256 1102 ἄλογον
2276 1034 2335 1088 τὸ
2354 1036 2559 1106 ἥμερον
2590 1035 2685 1087 καὶ
2708 1020 2879 1104 πρᾶον
2904 1034 3158 1105 ἐχόντων,
3184 1034 3389 1103 ποιμὴν
3409 1032 3646 1102 γίνεται’

2080 1126 2441 1196 Ἀνθρώπους
2469 1126 2580 1198 γὰρ
2611 1128 2711 1181 καὶ
2752 1128 2944 1196 κτήνη
2976 1124 3145 1187 σώζει
3192 1130 3225 1180 ό
3268 1129 3503 1196 Κύριος·
3548 1126 3646 1180 καὶ

2062 1221 2092 1273 6
2130 1220 2343 1291 Ἰσραὴλ
2366 1220 2423 1274 δὲ
2451 1221 2591 1274 καὶὸ
2623 1220 2824 1284 Ἰούδας
2849 1220 3127 1291 σπείρεται
3152 1221 3371 1292 σπέρμα
3390 1222 3450 1273 οὐ
3479 1220 3644 1291 μόνον

2064 1310 2385 1383 ἀνθρώπων,
2417 1312 2551 1366 ἀλλὰ
2581 1314 2675 1367 καὶ
2713 1311 2949 1385 κτηνῶν.

2131 1498 2221 1553 '50.
2277 1499 2421 1571 Πρὸς
2486 1499 2699 1563 τούτοις
2753 1498 3148 1568 ὲπισκοπητέον
3202 1497 3263 1563 ἐξ
3311 1497 3485 1569 ἀρχῆς
3540 1495 3643 1570 τὴν

2060 1594 2292 1665 Χριστὸς
2321 1593 2714 1666 προσηγορίαν,
2739 1593 2835 1646 καὶ
2857 1592 3227 1664 προσληπτέον
3243 1593 3340 1662 τὴν
3363 1591 3639 1661 βασιλεὺς,

2062 1686 2148 1740 ἵνα
2174 1688 2242 1757 τῇ
2267 1685 2565 1757 παραθέσει
2596 1688 2628 1757 ἡ
2657 1684 2890 1756 διαφορὰ
2910 1684 3095 1755 νοηθῇ.
3131 1684 3360 1752 Λέγεται
3392 1685 3447 1737 δὲ
3477 1685 3536 1736 ἐν
3559 1683 3643 1755 τῷ

380 1787 488 1840 que
520 1772 575 1826 in
598 1781 795 1840 quarto
828 1772 917 1825 hic
932 1780 989 1826 et
1012 1770 1436 1840 quadragesimo
1458 1770 1725 1840 psalmo"
1746 1770 1944 1825 dicatur

2105 1747 2377 1848 δ’
2440 1781 2469 1832 6
2534 1747 2843 1847 ἠγαπηκὼς
2877 1776 2973 1847 τὴν
2994 1747 3365 1846 ’δι’καιοσιὸνην,
3396 1775 3491 1827 καὶ
3521 1747 3643 1827 ἀνο-

382 1878 572 1918 amans
588 1861 812 1932 justitiae
830 1870 884 1917 et
902 1876 1029 1917 osor
1046 1860 1346 1931 iniquitatis
1365 1876 1474 1929 prae
1492 1859 1868 1929 participibus,
1889 1859 1944 1913 ot

2106 1873 2188 1924 ίαν
2238 1870 2558 1942 μεμισηκὼς
2617 1869 2767 1939 παρὰ
2807 1869 2933 1932 τοὺς
2979 1868 3257 1939 μετόχους,
3310 1867 3489 1921 αἰτίαν
3532 1865 3633 1919 τοῦ

380 1958 543 2012 talem
572 1971 702 2026 erga
729 1954 993 2023 justitiam
1043 1967 1304 2017 amorem,
1355 1966 1592 2022 ergaque
1620 1952 1944 2020 iniquitaten‘

2105 1963 2341 2035 εχρίσθαι
2369 1963 2430 2016 τὸ
2455 1962 2596 2016 οὕτω
2626 1960 2735 2033 (19)
2762 1961 3107 2032 δικαιοσύνην
3155 1960 3636 2032 προσεληλυθέναι,

378 2050 582 2113 odium,
643 2046 1012 2117 promeruisse
1071 2054 1131 2100 ut
1192 2055 1509 2115 ungeretur,
1546 2052 1804 2112 tanquam
1848 2056 1944 2097 non

2105 2056 2369 2127 ςχηκέναι,
2418 2056 2511 2109 καὶ
2558 2055 2654 2126 τὴν
2699 2055 2929 2126 ἀνομίαν
2979 2054 3362 2125 μεμισηκέναι,
3412 2052 3490 2115 ὡς
3536 2052 3639 2123 οὐχ

378 2141 541 2197 simul
566 2154 688 2194 cum
711 2151 834 2193 esse
863 2135 1177 2190 unctionem
1195 2135 1550 2189 exsistenlem
1579 2141 1958 2188 concreatam-

376 2243 482 2297 que
505 2225 811 2298 acceperit;
834 2239 954 2295 qua:
978 2224 1163 2280 unctio
1188 2225 1340 2295 regni
1375 2222 1757 2293 interdumque
1780 2224 1953 2279 etiam

376 2321 663 2377 sacerdotii
691 2317 1016 2374 mortalibus
1041 2327 1126 2372 est
1158 2323 1375 2387 signum
1403 2315 1692 2371 :censebis
1722 2324 1775 2370 tu
1804 2329 1953 2370 mor-

378 2412 485 2467 tale
512 2411 631 2466 Filii
670 2410 760 2463 Dei
790 2422 1015 2478 regnum
1040 2421 1162 2462 esse
1181 2421 1283 2462 nec
1297 2404 1460 2461 simul
1478 2421 1599 2460 cum
1634 2420 1699 2460 eo
1733 2404 1954 2459 natum?

374 2505 538 2574 Atqui
572 2505 664 2573 qui
704 2502 823 2557 fieri
855 2507 1030 2570 potest
1057 2506 1117 2554 ut
1151 2497 1552 2568 Primogenitus
1584 2496 1765 2551 omnis
1801 2512 1955 2551 crea-

376 2608 513 2652 tura:
553 2610 649 2650 rex
695 2592 1022 2657 efﬁceretur,
1067 2605 1190 2645 cum
1239 2589 1291 2644 id
1324 2598 1483 2644 antea
1531 2605 1636 2643 non
1681 2589 1955 2644 haberet?

372 2701 428 2746 et
464 2690 668 2744 idcirco
695 2688 823 2757 quia
849 2685 1117 2756 justitiam
1148 2682 1422 2749 dilexerit,
1452 2697 1576 2738 cum
1598 2682 1671 2736 sit
1702 2681 1808 2753 32
1833 2681 1950 2751 ipsa

366 2782 578 2852 justitia
593 2782 616 2834 ?
633 2781 831 2836 Verum
864 2778 1282 2846 haudquaquam
1313 2790 1409 2831 nos
1430 2774 1601 2829 latere
1621 2774 1953 2830 debetvoca—

370 2874 553 2930 bulum
566 2872 765 2928 Christi
788 2871 852 2925 ad
871 2885 990 2925 eam
1015 2878 1265 2923 naturam
1287 2881 1390 2937 qua
1407 2876 1491 2922 est
1509 2867 1669 2921 homo
1686 2866 1953 2935 praecipue

369 2969 664 3038 pertinere,
701 2965 856 3036 juxta
894 2978 1058 3033 quam
1093 2962 1255 3017 etiam
1292 2960 1471 3014 anima
1523 2959 1694 3027 ipsius
1754 2959 1953 3014 dicitur

2055 2150 2172 2221 ἅμα
2210 2148 2289 2219 τῷ
2340 2143 2479 2202 εἶναι
2523 2147 2619 2219 τὴν
2665 2148 2847 2220 χρίσιν
2893 2147 3339 2219 συνυπάρχουσαν
3382 2145 3494 2216 (‘20)
3541 2144 3638 2199 mi.

2056 2241 2455 2312 συγκτηθεῖσαν
2484 2240 2684 2305 λαϐὼν,
2707 2242 2828 2311 ἥτις
2850 2241 3028 2313 χρίσις
3058 2239 3333 2310 βασιλείας
3356 2239 3449 2292 ἐπὶ
3474 2255 3633 2309 γενηο

2051 2341 2318 2411 τοῖς-ἐστι
2355 2333 2640 2408 σύμϐολον,
2689 2336 2800 2390 ἔσθ’
2839 2338 2928 2391 ὅτε
2967 2336 3024 2390 δὲ
3066 2335 3159 2389 καὶ
3196 2335 3514 2407 ἱερωσύνηςσ
3546 2331 3635 2408 ἆρ’

2051 2426 2145 2485 οὖν
2172 2431 2465 2501 ὲπιγενητή
2507 2431 2654 2482 ἐστιν
2683 2432 2716 2500 ἡ
2752 2428 2846 2482 τοῦ
2886 2427 3015 2482 Υίοῦ
3053 2427 3147 2482 τοῦ
3187 2428 3322 2481 Θεοῦ
3365 2427 3631 2498 βασιλεία,

2053 2526 2146 2578 καὶ
2182 2524 2243 2577 οὐ
2276 2523 2529 2595 συμφυὴς
2571 2520 2749 2592 αὐτῷ;
2787 2522 2897 2574 Καὶ
2936 2519 3051 2583 πῶς
3077 2520 3278 2575 οἴονται
3304 2519 3395 2574 τὸν
3418 2521 3635 2593 Πρωτό-

2050 2630 2210 2667 τοκον
2252 2613 2433 2684 πάσης
2478 2612 2729 2674 κτίσεως,
2775 2610 2874 2664 οὐκ
2916 2609 3046 2663 ὄντα
3093 2609 3351 2681 βασιλέα,
3403 2609 3632 2683 ὕστερον

2054 2706 2277 2777 βασιλέα
2317 2705 2619 2776 γεγονέναι,
2655 2704 2743 2758 διὰ
2781 2703 2840 2756 τὺ
2882 2703 3228 2774 ἠγαπηκέναι
3259 2703 3630 2776 δικαιοσύνην,

2053 2799 2147 2853 καὶ
2173 2796 2347 2852 ταῦτα
2374 2798 2711 2868 τυγχάνοντα
2742 2796 3119 2867 δικαιοσύνηνς
3152 2798 3377 2867 Μήποτε
3418 2797 3477 2851 δὲ
3517 2804 3635 2850 λαν-

2052 2887 2202 2944 θάνει
2232 2890 2379 2959 ἡμᾶς
2402 2890 2430 2942 ὁ
2460 2888 2557 2959 μὲν
2588 2886 2872 2958 ἄνθρωπος
2898 2886 3063 2940 αὐτοῦ
3092 2887 3324 2958 Χριστὸς
3347 2886 3444 2949 ὢν,
3491 2886 3634 2940 κατὰ

2050 2981 2147 3053 τὴν
2173 2980 2347 3051 ψυχὴν
2379 2979 2467 3033 διὰ
2498 2979 2557 3032 τὸ
2591 2978 2929 3050 ἀνθρώπινον
2956 2979 3047 3031 καὶ
3069 2978 3505 3050 τεταραγμένην,
3538 2978 3633 3033 καὶ

369 3061 589 3116 turbata
630 3066 685 3113 et
719 3056 990 3127 pcrtristis
1026 3054 1230 3121 fuisse;
1275 3051 1599 3107 vocabulum
1646 3064 1774 3105 vero
1808 3051 1944 3119 regis

2105 3051 2349 3145 ερίλυπον
2376 3071 2747 3143 γεγενημένην
2781 3070 3013 3142 μάλιστα
3048 3070 3355 3141 νοούμενος,
3389 3074 3418 3125 ὁ
3458 3071 3513 3124 δὲ
3542 3072 3613 3143 βα

369 3152 563 3209 referri
580 3150 648 3205 ad
667 3149 1027 3214 divinitatem;
1047 3147 1098 3201 id
1115 3146 1256 3215 quod
1268 3158 1337 3200 ex
1355 3144 1529 3214 primo
1541 3151 1594 3197 et
1612 3144 1950 3213 septuagesi-

366 3261 458 3301 mo
470 3242 679 3315 psalmo
692 3242 736 3291 ⁷9
748 3238 1228 3303 confirmarelicet,
1246 3238 1458 3292 dicente
1478 3254 1492 3289 :
1511 3235 1674 3300 Deus,
1679 3235 1949 3305 judicium

365 3350 517 3392 tuum
544 3335 652 3405 regi
681 3336 838 3400 da,el
859 3333 1126 3402 justitiam
1162 3338 1311 3384 tuam
1341 3328 1454 3398 ﬁlio
1473 3328 1635 3397 regis,
1662 3336 1718 3380 ut
1742 3326 1949 3395 judice:

361 3428 777 3500 populumtuum
805 3416 1175 3496 injustifia,et
1206 3437 1462 3493 pauperes
1487 3430 1605 3473 tuos
1627 3420 1681 3472 in
1700 3419 1946 3489 judicio;

365 3530 553 3592 aperte
567 3519 710 3575 enim
726 3517 1002 3574 Salomoni
1029 3515 1323 3583 inscriptus
1336 3512 1422 3568 hic
1439 3511 1681 3582 psalmus
1702 3511 1768 3566 de
1789 3510 1949 3566 Chri-

362 3624 452 3672 sto
472 3614 759 3686 praphetat
784 3628 799 3665 :
831 3623 1120 3679 operasque
1143 3607 1373 3678 pretium
1401 3616 1483 3660 est
1509 3604 1694 3658 videre
1714 3604 1799 3659 cui
1833 3602 1945 3673 regi

361 3717 515 3778 aptet
533 3722 561 3759 a
585 3708 690 3760 Deo
714 3703 984 3773 Propheta
1004 3699 1266 3772 judicium
1292 3698 1431 3765 dari,
1448 3707 1503 3752 et
1521 3698 1605 3752 cui
1638 3696 1750 3751 filio
1776 3697 1942 3765 regis,

361 3811 419 3856 et
462 3799 618 3869 cujus
677 3797 821 3867 regis
868 3794 1155 3866 justitiam.
1211 3790 1387 3845 Meum
1448 3793 1632 3859 itaque
1684 3788 1941 3859 estjudi-

362 3894 545 3953 cium,
618 3889 940 3960 prmcipuam
1006 3883 1359 3955 Primogeniti
1439 3884 1604 3937 totius
1680 3891 1943 3936 creatura:

362 3995 641 4046 naturam,
672 3982 760 4035 cui
793 3981 862 4035 ob
898 3977 1264 4049 praestantiam
1313 3975 1496 4029 datum
1545 3972 1616 4028 sit
1653 3973 1938 4044 judicium,

360 4091 545 4146 regem
569 4072 710 4137 dici;
743 4072 910 4124 filium
946 4084 1074 4123 vero
1098 4067 1261 4138 regis,
1291 4082 1413 4122 cum
1448 4080 1609 4136 quem
1648 4065 1942 4135 assnmpsit

362 4168 662 4228 hominem,
688 4166 756 4217 ab
775 4163 864 4216 illa
892 4162 1207 4224 formatum,
1235 4169 1292 4213 et
1314 4157 1613 4230 effigiatum
1646 4156 1939 4212 secundum

353 4260 642 4333 justitiam.
686 4256 857 4323 Quam
892 4268 1001 4309 rem
1034 4252 1113 4306 sic
1143 4263 1203 4305 se
1246 4250 1448 4304 habere
1472 4250 1543 4303 ‘ut
1572 4250 1814 4315 credam,
1844 4250 1940 4304 ad-

358 4353 531 4410 ducor
566 4367 634 4406 ex
665 4364 730 4405 eo
770 4349 910 4417 quod
943 4348 1044 4402 sub
1079 4361 1236 4399 uuam
1288 4354 1342 4398 et
1377 4343 1620 4397 eamdem
1664 4344 1935 4398 rationem

2057 3165 2236 3227 σιλεὺς
2284 3163 2425 3217 κατὰ
2454 3163 2514 3216 τὸ
2558 3161 2737 3228 θεῖον;
2786 3162 3221 3234 Παραμυθοῦμαι
3267 3161 3325 3216 δὲ
3368 3164 3529 3217 τοῦτο
3572 3166 3633 3233 ἐξ

2056 3254 2451 3327 έδδομηκοστοῦ
2487 3253 2705 3326 πρώτου
2744 3253 2959 3324 ψαλμοῦ
2985 3252 3252 3323 λέγοντος·
3297 3254 3359 3307 '0
3390 3254 3535 3321 Θεὸς
3563 3257 3632 3309 τὸ

2054 3346 2233 3415 κρίμα
2261 3362 2376 3399 σου
2410 3343 2490 3410 τῷ
2513 3343 2769 3410 ,Βασιλεῖ
2803 3344 2928 3410 δὸς,
2964 3345 3059 3397 καὶ
3094 3344 3208 3411 τὴν
3232 3343 3632 3412 δικαιοσύνην

2053 3453 2169 3491 σου
2201 3435 2280 3501 τῷ
2304 3435 2413 3502 υἱῷ
2452 3436 2558 3491 τοῦ
2587 3436 2915 3503 βασιλέως,
2947 3434 3171 3503 κρινεῖν
3198 3436 3305 3490 τὸν
3325 3439 3485 3490 λαόν
3511 3452 3628 3490 σου

2050 3529 2121 3582 ἐν
2145 3528 2520 3598 δικαιοσύνῃ,
2553 3528 2652 3582 καὶ
2684 3526 2827 3594 τοὺς
2855 3527 3129 3597 πτωχούς
3155 3544 3270 3580 σου
3295 3527 3365 3580 ἐν
3408 3527 3625 3593 κρίσει·

2054 3618 2237 3688 σαφῶς
2263 3617 2370 3690 γάρ
2392 3620 2470 3682 εἰς
2496 3616 2822 3689 Σολομῶντα
2847 3615 3320 3687 ἐπιγεγραμμένος
3351 3617 3380 3668 6
3413 3615 3629 3688 ψαλμὸς

2051 3710 2179 3782 περὶ
2232 3709 2469 3782 Χριστοῦ
2522 3707 2942 3781 προφητεύεται·
3000 3708 3093 3763 καὶ
3139 3708 3288 3775 ἄξιον
3341 3708 3470 3762 ἰδεῖν
3517 3708 3628 3763 τίνι

2051 3802 2260 3873 βασιλεῖ
2287 3802 2346 3854 τὸ
2372 3802 2545 3873 κρίμα
2580 3799 2794 3872 εὔχεται
2818 3801 3036 3871 δοθῆναι
3072 3800 3177 3853 ὑπὸ
3201 3800 3334 3854 Θεοῦ
3360 3802 3392 3871 ἡ
3419 3818 3630 3873 προφη-

2048 3896 2187 3961 τεία,
2218 3895 2310 3947 καὶ
2340 3895 2444 3946 τίνι
2476 3892 2574 3962 υἱῷ
2606 3893 2887 3964 βασιλέως,
2926 3894 3020 3947 καὶ
3047 3894 3199 3945 ποίου
3228 3892 3493 3962 βασιλέως
3526 3894 3626 3965 τὴν

2047 3987 2413 4057 δικαιοσύνην.
2489 3984 2758 4056 Ἠγοῦμαι
2808 3981 2899 4039 οὖν
2953 3985 3175 4055 βασιλέα
3226 3985 3323 4055 μὲν
3367 3984 3626 4053 λέγεσθαι

2045 4080 2144 4152 τὴν
2183 4077 2598 4152 προηγουμένην
2638 4076 2732 4129 τοῦ
2775 4075 3128 4147 Πρωτοτόκου
3174 4076 3353 4146 πάσης
3392 4076 3626 4138 κτίσεως

2047 4170 2229 4239 φύσιν,
2265 4164 2298 4244 ᾖ
2338 4169 2537 4222 δίδοται
2569 4166 2658 4220 διὰ
2689 4166 2751 4220 τὸ
2787 4166 3072 4238 ὑπερέχειν
3099 4165 3160 4218 τὸ
3191 4165 3417 4236 κρίνειν⁸
3452 4165 3543 4219 τὸν
3569 4165 3625 4218 δὲ

2046 4261 2327 4333 ἄνθρωπον
2368 4260 2426 4313 ὃν
2478 4259 2785 4330 ἀνείληφεν,
2832 4259 2922 4309 ὑπ’
2975 4256 3189 4327 ἐκείνης
3245 4257 3623 4328 μορφούμενον

2046 4352 2187 4406 κατὰ
2227 4350 2572 4421 δικαιοσύνην
2622 4351 2716 4402 καὶ
2761 4347 3162 4419 ἐκτυπούμενον
3194 4348 3328 4418 (9.1),
3371 4349 3487 4403 υἱὸν
3528 4350 3622 4403 τοῦ

358 4455 697 4500 contractum
749 4442 821 4495 sit
861 4447 1179 4508 utrumque;
1215 4443 1270 4490 et
1300 4435 1444 4503 quod
1489 4448 1609 4501 quae
1662 4433 1937 4500 dicuntur,

2105 4444 2329 4508 ισιλέως.
2355 4445 2463 4496 Καὶ
2490 4442 2833 4515 προσάγομαι
2871 4443 2949 4504 είς
2976 4441 3035 4493 τὸ
3066 4440 3213 4494 τοῦθ’
3266 4441 3441 4506 οὕτως
3476 4443 3622 4514 ἔχειν

358 4552 466 4592 non
496 4548 750 4605 tanquam
772 4533 838 4587 de
854 4531 1063 4586 duobus
1099 4528 1448 4599 quihusdam,
1469 4526 1561 4579 sed
1588 4533 1843 4594 tanquam
1869 4526 1935 4581 de

357 4644 468 4685 uno
483 4629 851 4683 enuntientur.
868 4623 1001 4678 Nam
1020 4622 1139 4691 fecit
1161 4619 1420 4674 Servatur
1442 4628 1660 4687 utraque
1683 4634 1846 4671 unum
1862 4618 1930 4686 τί,

354 4739 480 4777 cum
508 4736 695 4777 eorum
722 4734 841 4789 quae
888 4717 1024 4769 fiunt
1074 4721 1308 4781 utraque
1354 4726 1541 4775 unum,
1576 4711 1841 4780 primitias
1876 4711 1932 4766 in

355 4817 539 4884 seipso
570 4823 695 4869 ante
736 4811 916 4867 omnia
963 4808 1201 4864 fecisset.
1250 4805 1446 4859 Vocem
1485 4815 1664 4859 autem
1708 4816 1930 4875 utraque

358 4910 537 4963 refero
567 4908 634 4962 ad
658 4905 908 4960 homines
946 4904 1111 4958 etiam
1144 4902 1267 4956 illos
1298 4900 1410 4970 qui,
1444 4898 1758 4968 permistam
1807 4898 1930 4968 Spi-

355 5001 464 5056 ritu
512 5008 701 5053 sancto
737 4996 1002 5051 habentes
1054 4995 1322 5054 animam,
1378 4987 1697 5061 Spirituales
1743 4986 1922 5045 effecti

2043 4536 2446 4609 παραδέξασθαι
2481 4535 2591 4589 ἀπὸ
2614 4535 2707 4587 τοῦ
2735 4535 2814 4597 εἰς
2845 4533 2943 4587 ἕνα
2982 4534 3136 4603 λόγον
3166 4535 3425 4605 συνῆχθαι
3447 4536 3622 4607 ἀμφό-

2040 4645 2193 4698 τερα,
2233 4628 2325 4680 καὶ
2350 4627 2418 4680 τὰ
2456 4626 2848 4697 ἐπιφερόμενα,
2883 4626 3064 4679 οὐκέτι
3088 4627 3163 4691 ὡς
3186 4628 3316 4699 περὶ
3342 4628 3435 4682 δύο
3456 4630 3620 4683 τινῶν

2038 4720 2497 4789 ἀπαγγέλλεσθαι,
2534 4718 2648 4772 ἀλλ’
2673 4719 2746 4782 ὡς
2777 4718 2905 4789 περὶ
2946 4719 3081 4783 ἑνός.
3117 4723 3413 4789 Πεποίηκε
3444 4723 3555 4794 γὰρ
3592 4725 3621 4777 6

2036 4811 2229 4882 Σωτὴρ
2255 4813 2325 4866 τὰ
2352 4812 2653 4882 ἀμφότερα
2681 4810 2769 4874 ἓν,
2805 4811 2946 4864 κατὰ
2970 4811 3067 4882 τὴν
3095 4813 3346 4885 ἀπαρχὴν
3372 4813 3484 4886 (2:2)
3510 4815 3621 4868 τῶν

2035 4904 2335 4975 γινομένων
2353 4906 2677 4977 ἁμεροτέρων
2703 4906 2760 4957 ὲν
2785 4902 2966 4974 ἐαυτῷ
2995 4905 3101 4976 πρὸ
3124 4908 3338 4960 πάντων
3359 4909 3616 4979 ποιήσας.

2045 4996 2416 5067 Ἀμφοτέρων
2438 4998 2496 5051 δὲ
2523 4997 2665 5066 λέγω
2690 5000 2783 5053 καὶ
2812 5000 2903 5051 ἐπὶ
2931 4997 3039 5050 τῶν
3065 4995 3391 5069 ἀνθρώπων,
3428 5001 3515 5068 ἐφ’
3539 4993 3619 5052 ὦν

424 5139 467 5171 ⁸⁷
491 5138 633 5194 Psal.
659 5153 823 5204 xxxv,
863 5137 917 5190 7.
977 5137 1022 5169 “
1048 5135 1155 5191 Jer.
1183 5151 1337 5199 xxxr,
1359 5133 1449 5188 27.
1526 5133 1571 5165 °°
1608 5131 1763 5189 Vers.
1795 5135 1849 5190 8.
1920 5136 1967 5167 7°
1992 5134 2143 5194 Vers.
2169 5141 2223 5195 2.
2284 5143 2327 5173 τ’
2355 5142 2550 5212 Ephes.
2584 5156 2645 5205 ιι,
2676 5141 2760 5194 li.

424 5256 537 5328 (18)
562 5258 685 5312 Οὐκ
705 5255 837 5310 ἐστι
858 5257 1133 5327 γενέσθαι
1161 5256 1201 5323 ἢ
1222 5257 1383 5325 παρὰ
1399 5253 1502 5320 τῷ,
1532 5266 1646 5328 etc.
1668 5254 1722 5308 Si
1729 5270 1768 5328 _c_
1784 5266 1933 5311 recte

356 5323 712 5384 halicl'codex
741 5323 1094 5393 Bodleianus,
1123 5328 1267 5382 male
1300 5323 1483 5380 autem
1519 5325 1689 5378 editio
1727 5323 1930 5395 lluetii,

354 5399 536 5451 οὐκέτι
568 5397 877 5469 γενέσθαιὴ
915 5397 1067 5469 παρὰ
1090 5397 1187 5469 τῷ.

427 5469 537 5553 gl9)
557 5463 739 5525 Codex
793 5463 1151 5534 Βοέιιοὶιὶιιιιε,⁷
1187 5466 1249 5519 τὸ
1287 5464 1461 5518 οὕτω·
1504 5464 1671 5519 editio
1724 5463 1927 5530 lluetii,

352 5553 544 5591 τουτω.

426 5589 542 5675 ούι
563 5610 699 5666 Male
728 5611 894 5671 editio
934 5609 1115 5666 Huetii
1148 5609 1200 5662 in
1232 5617 1379 5662 textu
1416 5605 1577 5662 habet
1601 5597 1695 5676 οὖν
1752 5603 1928 5676 ὑπάρ-

354 5679 803 5746 χουσαν.11›ἰάοηι
847 5698 945 5755 pro
999 5679 1397 5751 συγκτηθεῖσαν
1428 5677 1587 5753 ⁸ιιξείί.
1637 5675 1926 5734 Ferrarius

358 5748 784 5800 συγκτισθεῖσαν.

358 5752 784 5806 συγκτισθεῖσαν.

2108 5258 2219 5329 (2|)
2247 5261 2359 5314 Καὶ
2403 5262 2874 5331 ἐκτυπούμενον.
2924 5258 3000 5313 lla
3048 5258 3215 5313 habet
3250 5259 3423 5331 codex
3475 5259 3619 5317 Bod-

2034 5330 2246 5386 lciauus
2271 5349 2285 5387 :
2320 5335 2373 5385 in
2407 5333 2645 5387 editione
2667 5328 2853 5386 lluetii
2876 5331 3219 5389 desideratur
3239 5328 3333 5384 καί

2104 5402 2219 5471 (2‘2)
2249 5403 2411 5456 Κατὰ
2428 5400 2543 5470 τὴν
2562 5401 2865 5472 ἀπαρχὴν,
2896 5409 3006 5457 etc.
3040 5401 3202 5472 Deleo
3234 5398 3378 5472 κατά
3411 5408 3466 5457 et
3492 5400 3614 5470 lego

2031 5473 2128 5545 τὴν
2162 5470 2415 5545 ἀπαρχὴν
2432 5473 2541 5526 τῶν
2570 5470 2876 5545 γινομένων,
2896 5470 3219 5543 ἀμφοτέρων
3250 5471 3309 5524 ἓν
3336 5472 3396 5524 ὲν
3434 5473 3615 5545 ἑαυτῷ

2031 5543 2137 5615 πρὸ
2157 5543 2370 5597 πάντων
2405 5544 2660 5615 ποιήσας,
2684 5543 2805 5613 Quae
2836 5543 2916 5615 sic
2937 5553 3088 5615 verto
3112 5562 3125 5597 :
3151 5558 3269 5595 cum
3288 5558 3475 5615 eorum
3495 5543 3613 5612 qua:

2028 5613 2165 5682 ﬂant
2215 5622 2435 5684 utraque
2484 5613 2669 5682 unum,
2694 5613 2964 5685 primitias
2999 5614 3053 5669 in
3080 5630 3135 5668 se
3161 5622 3286 5668 ante
3331 5614 3513 5669 omnia
3532 5616 3613 5685 [ο-

2032 5685 2205 5741 cisset.
