3792 6146
128 294 199 350 ’Π
1262 293 1621 354 COMMENT.
1661 294 1730 349 ΙΝ

1870 292 1960 349 ιΝ.
1999 290 2235 350 TOMUS
2268 292 2311 351 1.
3357 296 3422 352 78

140 408 515 481 ἀνεκέκραται
555 408 641 482 τῷ
684 410 839 483 ἁγίῳ
887 412 1169 485 Πνεῦματι
1219 414 1252 484 ἡ
1301 413 1535 467 ἑκάστου
1584 413 1744 484 ψυχὴ,

1870 423 2172 469 servantur.
2212 411 2286 469 Ut
2331 411 2497 483 igitur
2545 411 2759 483 aliquos
2812 426 3037 470 cernere
3089 422 3176 471 est
3211 387 3426 485 'qnibus

140 507 235 560 καὶ
272 506 498 573 γέγονεν
543 504 789 568 ἕκαστος
826 504 944 558 τῶν
993 505 1314 578 σωζομένων
1354 507 1744 578 πνευματικός.

142 601 361 667 Ὥσπερ
377 591 473 651 οὖν
498 597 610 651 εἱσι
632 616 787 666 τινες
822 602 1237 673 ποιμαινόμενα
1270 600 1376 654 ὑπὸ
1400 599 1636 671 Χριστοῦ
1660 598 1751 653 διὰ

136 691 201 744 τὺ
229 691 388 759 σφῶν
430 690 642 756 αὐτῶν,
689 692 769 757 ὡς
809 695 1240 765 προειρήκαμεν,
1297 693 1472 763 πρᾶον
1516 691 1613 764 μὲν
1654 692 1750 745 καὶ

136 782 433 847 εὐπαθὲς,
460 783 808 856 ἀλογώτερον
832 785 909 839 δέ’
940 785 1082 839 οὕτω
1124 787 1217 840 καὶ
1260 784 1668 857 βασιλευόμενοι
1696 786 1747 837 οἱ

134 874 283 930 κατὰ
310 874 689 948 λογικώτερον
722 876 1011 947 προσιέναι
1050 879 1116 949 τῇ
1164 875 1600 950 θεοσεϐείᾳβόγ
1653 875 1750 929 καὶ

135 969 598 1040 βασιλευομένων
653 969 953 1042 διαφοραὶ,
1007 970 1128 1041 ἦτοι
1193 967 1597 1041 μυστικώτερον
1654 969 1749 1022 καὶ

133 1062 600 1135 ἀπορρητότερον
640 1061 738 1116 καὶ
781 1062 1247 1135 θεοπρεπέστερον
1292 1061 1746 1134 βασιλευομένων,

131 1155 169 1227 ἢ
200 1156 631 1229 ὑποδεέστερον.
656 1158 768 1212 Καὶ
796 1156 1002 1229 εἴποιμ’
1035 1156 1102 1211 ἂν
1131 1156 1258 1220 τοὺς
1294 1156 1395 1228 μὲν
1415 1154 1751 1235 τεθεωρηκό-

133 1266 243 1312 ta;
283 1249 359 1301 τὰ
392 1248 502 1314 ἔξω
544 1249 1195 1320 σωμάτων,·καλούμενα
1235 1249 1385 1320 παρὰ
1424 1249 1502 1320 τῷ
1548 1248 1746 1319 Παύλῳ

136 1344 381 1411 (inarata
419 1345 514 1397 καὶ
536 1344 614 1415 μὴ
635 1344 960 1415 βλεπόμενα,
978 1342 1082 1408 ἔξω
1101 1343 1302 1408 παντὸς
1324 1343 1581 1414 αἰσθητοῦ
1606 1342 1748 1413 λόγῳ

140 1434 579 1505 γεγενημένους,
606 1434 1054 1507 βασιλευομένους
1077 1434 1182 1488 ὑπὸ
1205 1435 1307 1505 τῆς
1330 1433 1748 1507 προηγουμένης

144 1528 371 1593 φύσεως
393 1527 493 1580 τοῦ
515 1526 876 1595 Μονογενοῦς·
900 1527 1028 1590 τοὺς
1053 1527 1111 1579 δὲ
1137 1527 1299 1599 μέχρι
1332 1527 1427 1581 τοῦ
1471 1529 1599 1599 περὶ⁸
1639 1527 1747 1580 τῶν

144 1618 431 1690 αἰσθητῶν
447 1619 611 1688 λόγου
627 1618 955 1689 ὲφθακότας,
974 1618 1069 1673 καὶ
1090 1617 1179 1672 διὰ
1198 1617 1404 1673 τούτων
1427 1617 1748 1684 δοξάζοντας

147 1714 240 1764 τὸν
265 1713 614 1779 πεποιηκότα
637 1712 732 1765 καὶ
750 1711 949 1775 αὐτοὺς
970 1710 1078 1765 ὑπὸ
1091 1710 1248 1780 λόγου
1271 1709 1742 1782 βασιλευομένους,

1850 503 2105 560 Christus
2123 514 2208 561 cst
2234 513 2439 575 pastor,
2459 504 2619 561 sicuti
2644 505 3017 575 praediximus,
3032 514 3256 578 propter
3275 524 3426 565 suam

1853 597 2088 667 ipsorum
2123 598 2593 654 mansuetudinem
2618 606 2673 653 et
2695 598 3011 653 ﬁrmitatem
3045 614 3167 670 quae
3199 600 3341 655 inest
3369 601 3428 657 in

1852 690 2154 746 irrationali
2206 699 2361 762 parte
2411 691 2642 759 animas,
2688 692 2770 749 sic
2813 694 2975 749 etiam
3004 694 3216 764 aliquos
3245 694 3431 751 videas

1851 784 2049 854 quibus
2080 798 2176 839 rex
2202 785 2273 839 sit
2312 784 2428 854 ipse
2460 781 2709 839 Christus
2738 784 2811 840 ob
2843 799 2962 840 eam
2995 786 3191 842 animae
3217 797 3428 858 partem

1853 891 1971 948 quae
1999 875 2229 932 rationis
2268 876 2439 946 magis
2470 884 2557 931 est
2598 889 2792 947 capax,
2840 891 2938 948 per
2967 892 3129 947 quam
3165 880 3430 938 accedunt

1851 970 1918 1024 ad
1948 969 2043 1026 Dei
2076 968 2304 1025 cultum.
2350 968 2588 1037 Quorum
2633 969 2853 1038 quidem
2889 983 3070 1038 regem
3109 970 3427 1027 habentium

1850 1069 1977 1117 sunt
2006 1060 2343 1126 differentiae,
2374 1070 2635 1132 regnante
2672 1061 2726 1115 in
2780 1060 2891 1117 illis
2920 1075 3072 1134 rege,
3117 1061 3204 1118 vel
3256 1064 3431 1134 magis

1850 1154 2144 1209 secundum
2164 1154 2453 1225 mysticam
2485 1162 2540 1207 et
2570 1167 2827 1208 arcanam
2855 1153 3143 1221 rationem,
3174 1155 3430 1210 arcanius

1849 1260 1912 1300 ac
1946 1245 2204 1313 divinius,
2243 1246 2329 1300 vel
2353 1243 2752 1314 imperfectius.
2782 1243 2863 1300 Ex
2902 1260 3012 1315 quo
3053 1245 3283 1302 dixerim
3328 1262 3430 1318 ego

1850 1338 1904 1393 in
1933 1339 2038 1394 illis
2067 1336 2171 1410 qui
2199 1353 2441 1408 eousque
2487 1339 2698 1393 ratione
2745 1349 3151 1409 pervenerunt,
3185 1349 3246 1397 ut
3289 1356 3427 1398 con-

1851 1431 2092 1501 templati
2146 1431 2350 1487 fuerint
2400 1443 2461 1484 ea
2515 1443 2636 1497 quae
2662 1444 2927 1495 corporea
2956 1445 3062 1487 non
3113 1442 3261 1498 sunt,
3309 1442 3427 1488 eta

1847 1521 2015 1577 Paulo
2034 1522 2083 1555 ⁷²
2103 1528 2367 1575 vocantur
2393 1518 2703 1585 invisibilia,
2724 1529 2782 1577 et
2811 1534 2932 1591 quae
2961 1521 3134 1578 oculis
3160 1537 3264 1578 non
3295 1537 3425 1579 cer-

1850 1624 2074 1678 nuntur,
2105 1610 2451 1683 praecipuam
2482 1612 2756 1684 Unigcniti
2786 1627 3017 1685 regnare
3044 1627 3334 1682 naturam;
3368 1614 3425 1670 in

1850 1704 1917 1760 iis
1944 1718 2078 1760 vero
2099 1703 2191 1775 qui
2220 1704 2486 1759 rationem
2510 1705 2677 1760 etiam
2704 1704 3006 1777 attigerunt
3033 1721 3216 1762 rerum
3238 1720 3429 1763 earum

150 1805 258 1857 ὑπὸ
301 1802 402 1857 τοῦ
456 1773 704 1876 ἀίριστοῦ
760 1773 1174 1874 βασιλεύεσθαι..
1203 1773 1408 1875 Μήδεὶς
1465 1773 1540 1857 δὲ·
1581 1819 1744 1875 προσ-

1870 1810 1975 1867 ruas
2009 1810 2176 1852 sensu
2211 1797 2418 1867 percipi
2465 1806 2712 1868 possunt,
2741 1807 2797 1854 et
2837 1811 2902 1853 ex
2937 1798 3088 1854 hisce
3122 1801 3285 1856 rebus
3313 1799 3430 1871 glo-

151 1895 404 1947 κοπτέτω
446 1893 836 1964 διακρινόντων
859 1890 1019 1965 ἡμῶν
1046 1891 1160 1964 (24)
1183 1893 1286 1958 τὰς
1317 1895 1375 1948 έν
1411 1892 1491 1964 τῷ
1531 1893 1747 1965 Σωτῆρι

152 1988 421 2051 ἐπινοίας.
449 1987 698 2057 οἰόμενος
738 1986 834 2039 καὶ
856 1988 922 2058 τῇ
948 1986 1107 2058 οὐσίᾳ
1142 1986 1338 2041 ταυτὸν
1372 1987 1521 2059 ἡμᾶς
1545 1988 1739 2040 ποιεῖν.

1855 1889 2073 1946 rilicant
2101 1904 2225 1945 eum
2251 1890 2346 1958 qui
2381 1890 2512 1946 fecit
2539 1892 2778 1948 utetiam
2811 1892 2913 1962 ipsi
2939 1893 3042 1948 sub
3070 1908 3241 1964 regno
3261 1894 3431 1952 ratio-

1854 1983 1938 2038 nis
1964 1981 2096 2047 sint,
2120 1981 2292 2053 ipsum
2308 1980 2592 2039 Christum
2619 1997 2872 2053 regnare.
2900 1982 3087 2054 Neque
3111 1999 3245 2042 vero
3259 1984 3431 2042 oﬂ‘en-

153 2089 312 2139 utatur
342 2084 516 2147 ullus.
546 2083 932 2154 separantihus
964 2083 1142 2150 nobis,
1174 2098 1294 2154 quae
1318 2094 1444 2140 sunt
1474 2084 1527 2139 in
1553 2085 1863 2148 Servatore,
1888 2080 2336 2153 signiﬁcationes,
2372 2081 2515 2137 idem
2540 2082 2862 2141 existimans
2897 2083 3062 2141 etiam
3095 2082 3156 2142 in
3174 2084 3431 2146 substan~

152 2181 225 2233 tia
260 2178 443 2248 ipsius
472 2193 577 2233 nos
597 2175 798 2232 facere.

218 2273 308 2328 3|.
342 2272 501 2326 Πάνυ
546 2270 606 2325 δὲ
648 2270 744 2325 καὶ
791 2272 904 2336 τοίς
946 2269 1200 2342 τυχοῦσιν
1231 2269 1342 2343 (25)
1386 2272 1577 2343 σαφὲς,
1634 2270 1749 2334 πῶς

150 2366 268 2418 ἐστι
297 2362 630 2429 διδάσκαλος
660 2366 755 2419 καὶ
801 2364 1136 2437 σαφηνιστὴς
1178 2364 1289 2419 τῶν
1338 2366 1420 2428 εἰς
1467 2364 1748 2419 εὐσέϐειαν

151 2458 265 2529 (26)
297 2458 693 2512 συντεινόντων
723 2460 752 2512 6
797 2458 1002 2529 Κύριος
1053 2455 1229 2529 ἡμῶν,
1261 2456 1357 2512 καὶ
1387 2454 1586 2527 Κύριος
1623 2454 1746 2508 δού-

148 2550 258 2603 λων
299 2549 416 2603 τῶν
470 2550 739 2620 ἐχόντων
780 2550 1020 2620 πνεῦμα
1072 2549 1356 2615 δουλείας
1411 2549 1499 2614 εὶς
1538 2549 1745 2617 φόϐον,

149 2642 605 2716 προκοπτόντων,
648 2641 744 2696 καὶ
773 2642 867 2696 ἐπὶ
897 2643 995 2714 τὴν
1029 2642 1221 2711 σοφίαν
1256 2640 1614 2705 σπευδόντων,
1650 2643 1745 2696 καὶ

148 2735 359 2806 ταύτης
392 2734 734 2807 ἀξιουμένων
757 2752 771 2765 ’
830 2734 994 2789 Ἐπεὶ
1044 2737 1077 2788 ὁ
1117 2732 1341 2801 δοῦλος
1389 2735 1501 2789 οὐκ
1527 2728 1651 2787 οἶδε
1684 2735 1744 2788 τί

149 2827 312 2882 θέλει
346 2832 382 2883 ὁ
415 2829 624 2896 κύριος
649 2827 855 2893 αὑτοῦ,
902 2827 963 2881 οὐ
1012 2826 1161 2899 μένει
1208 2827 1430 2899 κύριος,
1463 2827 1745 2898 γινόμενος

149 2921 333 2975 αὐτῶν
362 2921 542 2991 φίλος,
582 2920 677 2973 καὶ
701 2919 865 2985 αὐτὸς
890 2918 1048 2973 τοῦτο
1078 2918 1334 2986 διδάσκει,
1378 2919 1512 2972 ὅπου
1543 2918 1639 2989 μὲν
1666 2916 1747 2971 ἔτι

1926 2268 2031 2340 33
2063 2267 2155 2323 3i.
2196 2265 2299 2322 Vel
2343 2266 2661 2338 vulgaribus
2706 2284 2837 2325 vero
2881 2271 3186 2344 quibusque
3232 2275 3426 2334 admo-

1856 2359 1984 2415 dum
2020 2359 2183 2414 etiam
2221 2358 2429 2429 patebit
2462 2360 2737 2430 quomodo
2792 2359 3053 2417 Dominus
3099 2373 3288 2422 noster
3316 2382 3429 2424 ma-

1854 2449 2024 2520 gister
2048 2449 2120 2504 sit
2149 2458 2205 2504 et
2247 2449 2570 2518 explanator
2599 2450 2687 2507 his
2712 2451 2804 2522 qui
2836 2455 3180 2511 contendunt
3212 2460 3279 2514 ad
3310 2460 3427 2528 pie-

1852 2551 2042 2609 tatem,
2077 2554 2142 2595 ac
2170 2539 2434 2596 Dominus
2480 2557 2763 2598 servorum
2804 2543 3019 2601 illorum
3061 2547 3152 2618 qui
3175 2550 3425 2618 spiritum

1852 2632 2118 2686 servitutis
2145 2629 2331 2684 habent
2366 2630 2436 2683 ad
2458 2632 2697 2685 timorem
2715 2632 2798 2698 ";
2832 2633 2926 2703 qui
2956 2631 3003 2688 si
3030 2635 3338 2706 proﬁciant,
3368 2648 3427 2695 et

1854 2723 1921 2779 ad
1950 2722 2273 2794 sapientiam
2305 2738 2518 2779 summo
2544 2724 2726 2778 studio
2744 2726 3098 2793 contendant,
3128 2729 3293 2784 etiam
3322 2730 3427 2787 hac

1853 2813 2000 2885 digni
2044 2813 2334 2877 habentur,
2390 2814 2641 2883 quoniam
2691 2830 2868 2871 servus
2910 2818 3097 2882 nescit,
3124 2819 3253 2889 quid
3300 2824 3425 2876 velit

1852 2905 2098 2960 dominus
2151 2905 2404 2974 ipsius",
2457 2919 2558 2961 nec
2606 2906 2840 2975 amplius
2897 2917 3081 2963 autem
3138 2923 3426 2979 permanet

149 3015 330 3068 δοῦλοι
364 3013 617 3086 ὑπῆρχον
647 3013 697 3066 oi
739 3010 1097 3085 ἀκροώμενοι,
1125 3011 1349 3082 φάσκων
1371 3027 1384 3042 ·
1423 3010 1610 3080 Ὑμεῖς
1635 3028 1744 3080 φω-

1870 2996 2133 3063 Dominus,
2159 2997 2335 3053 factus
2358 2997 2573 3053 illorum
2593 2999 2821 3062 amicus,
2845 2999 2899 3055 id
2923 3000 3066 3069 quod
3093 3000 3208 3071 ipse
3238 3002 3422 3068 docet,

152 3106 312 3161 νεῖτέ
343 3123 425 3176 με
454 3109 488 3159 ὀ
511 3103 903 3170 διδάσκαλος,
944 3104 1043 3158 καὶ
1075 3106 1108 3159 ό
1138 3104 1369 3172 Κύριος,
1411 3103 1510 3156 καὶ
1549 3101 1748 3170 καλῶς

154 3198 405 3267 λέγετε,
454 3196 576 3267 εὶμὶ
605 3195 753 3266 γάρ·
813 3195 944 3249 ὅπου
996 3194 1084 3248 δέ·
1137 3194 1350 3249 Οὐκέτι
1393 3194 1548 3264 ὑμᾶς
1595 3194 1749 3264 λέγω

156 3289 449 3356 δούλους,
502 3288 593 3343 ὅτι
640 3291 674 3342 ὀ
718 3285 941 3352 δοῦλος
985 3287 1095 3340 οὐκ
1139 3283 1264 3341 οἵδε
1307 3285 1367 3339 τί
1406 3285 1474 3339 τὸ
1521 3285 1750 3355 θέλημα

160 3379 271 3434 τοῦ
296 3379 512 3448 κυρίου
540 3376 756 3433 αὐτοῦ·
785 3378 924 3433 ἀλλ’
953 3378 1067 3449 ἐγὼ
1110 3376 1267 3448 ὑμᾶς
1312 3378 1529 3447 φίλους
1571 3376 1746 3447 λέγω,

160 3467 244 3521 ὅτι
265 3467 741 3540 ὃιαμεμενήκατε
756 3471 886 3540 μετ’
910 3468 1057 3539 ἐμοῦ
1105 3468 1176 3522 ἐν
1197 3467 1349 3523 πᾶσι
1397 3467 1523 3535 τοῖς
1550 3483 1750 3535 πειραθ-

162 3559 341 3630 σμοῖς
359 3579 502 3631 μου.
555 3563 617 3614 0i
650 3556 741 3615 οῦν
773 3559 916 3614 κατὰ
942 3558 1103 3629 φόϐον
1138 3557 1397 3630 βιοῦντες,
1431 3559 1490 3613 ὃν
1528 3559 1749 3613 ἀπαιτεῖ

163 3652 270 3705 ἀπὸ
301 3651 412 3705 τῶν
443 3652 505 3706 οὗ
538 3650 715 3707 καλῶν
751 3650 953 3705 δούλων
984 3653 1013 3705 6
1050 3649 1203 3714 Θεὸς,
1237 3649 1313 3712 ὡς
1348 3651 1661 3722 ἀνέγνωμεν
1689 3652 1748 3704 ὲν

159 3742 236 3813 τις)
266 3741 530 3812 Μαλαχίᾳ
547 3757 562 3771 ·
592 3742 665 3795 El
700 3741 915 3809 Κύριός
938 3742 1054 3810 ειμι
1076 3738 1212 3809 ἐγὼ,
1253 3739 1372 3794 ποῦ
1399 3739 1568 3794 ἐστιν
1592 3742 1625 3794 d
1648 3741 1750 3809 pd-

158 3838 264 3902 σος
287 3853 408 3905 μου
423 3852 443 3900 ;
472 3835 650 3889 δοῦλοι
672 3835 998 3907 τυγχάνουσι
1023 3834 1228 3907 Κυρίου
1254 3832 1347 3888 τοῦ
1373 3833 1623 3906 Σωτῆρος
1651 3835 1748 3889 αὐ-

157 3928 270 3981 τῶν
296 3927 460 3982 καλου
469 3927 654 3999 μένου.

229 4021 320 4074 52.
372 4018 538 4073 Ἀλλὰ
578 4019 666 4073 διὰ
714 4017 920 4072 τούτων
966 4017 1182 4072 πάντων
1211 4018 1271 4072 οὐ
1308 4017 1497 4086 σαφῶς
1527 4018 1560 4088 ἠ
1589 4016 1746 4087 εὐγέ-

158 4132 280 4168 νεια
326 4113 659 4185 παρίσταται
700 4111 795 4165 τοῦ
827 4109 960 4165 Υἱοῦ
984 4128 999 4142 ·
1030 4111 1119 4164 ὅτε
1164 4110 1223 4165 δὲ
1250 4111 1342 4166 τό’
1375 4112 1505 4176 Υἱός
1536 4128 1655 4179 μου
1698 4104 1756 4162 εἷ

161 4208 268 4269 σὺ,
296 4206 411 4276 ἐγὼ
454 4204 723 4275 σήμερον
745 4204 1081 4274 γεγέννηκά
1118 4220 1212 4268 σε,
1242 4203 1460 4272 λέγεται
1488 4203 1622 4275 πρὸς
1650 4201 1747 4255 αὐ-

161 4302 255 4356 τὸν
292 4300 395 4354 ὑπὸ
422 4299 518 4353 τοῦ
552 4297 709 4363 Θεοῦ,
761 4290 806 4366 ᾧ
835 4296 921 4351 ἀεί
945 4298 1061 4350 ἐστι
1087 4296 1147 4350 τὸ
1197 4297 1468 4369 σήμερονο
1522 4294 1623 4348 οὐκ
1667 4292 1743 4346 ἔνι

1851 3103 1974 3143 cum
2006 3089 2186 3144 adhuc
2219 3089 2359 3144 servi
2389 3098 2550 3145 erant
2574 3087 2745 3158 ipsius
2777 3088 3091 3157 auditores,
3123 3090 3311 3148 dicens
3331 3091 3380 3126 "
3402 3108 3422 3149 :

1858 3179 1964 3235 Vos
2000 3181 2196 3235 vocalis
2219 3196 2300 3234 me
2325 3179 2641 3250 Magistrum
2682 3198 2744 3234 ac
2769 3180 3075 3250 Dominum,
3108 3191 3159 3238 et
3182 3183 3307 3238 bene
3336 3186 3425 3238 di-

1850 3270 1988 3331 citis,
2029 3284 2145 3322 sum
2191 3270 2418 3333 etenim;
2462 3267 2591 3324 alibi
2637 3283 2768 3324 vero
2807 3268 3119 3339 :Posthac,
3167 3289 3271 3327 non
3304 3274 3424 3328 dico

1849 3378 1936 3416 vos
1968 3377 2168 3427 servos,
2197 3362 2322 3430 quin
2358 3377 2537 3416 servus
2579 3364 2744 3417 nescit
2781 3379 2898 3433 qua:
2943 3364 3010 3418 sit
3040 3364 3286 3421 voluntas
3325 3367 3424 3421 do-

1849 3455 1982 3507 mini
2013 3456 2099 3509 sui
2129 3455 2261 3509 :sed
2297 3455 2416 3508 dico
2454 3471 2543 3509 vos
2565 3456 2766 3511 amicos
2788 3455 2855 3523 ⁷⁸,
2888 3459 3144 3527 quoniam
3173 3475 3424 3529 perman—

1850 3547 1991 3602 sistis
2058 3563 2257 3601 mecum
2310 3547 2365 3601 in
2421 3547 2667 3602 omnibus
2717 3547 3156 3604 tribulationibus
3209 3549 3421 3605 meis".

1851 3638 1949 3705 Qui
1979 3654 2108 3710 ergo
2140 3638 2191 3693 in
2221 3639 2422 3693 timore
2444 3638 2655 3703 vivunt,
2689 3654 2850 3707 quem
2876 3639 3049 3709 exigit
3073 3639 3216 3695 Deus
3247 3654 3278 3694 a
3305 3656 3426 3696 ser-

1852 3730 1934 3783 vis
1964 3745 2071 3783 non
2110 3729 2284 3792 bonis,
2319 3738 2380 3785 ut
2414 3729 2645 3800 legimus
2695 3730 2749 3785 in
2802 3729 3070 3787 Malachia
3093 3732 3140 3765 ⁷⁸
3169 3748 3183 3786 :
3210 3730 3269 3787 Si
3315 3734 3427 3787 Do-

1849 3821 2022 3874 minus
2056 3836 2149 3890 ego
2191 3837 2329 3887 sum,
2356 3821 2445 3875 ubi
2474 3831 2550 3875 est
2583 3822 2738 3875 timor
2775 3821 2961 3876 meus?
2992 3823 3137 3877 servi
3164 3830 3292 3880 sunt
3320 3824 3426 3879 Do-

1851 3912 1982 3966 mini
2015 3914 2104 3981 qui
2141 3912 2359 3967 illorum
2384 3922 2614 3969 vocatur
2636 3913 2923 3969 Servatur.

1918 4004 2008 4060 52.
2049 4007 2305 4060 Attamen
2339 4020 2440 4061 nec
2465 4005 2548 4060 his
2575 4005 2827 4063 omnibus
2853 4007 3140 4063 manifeste
3179 4007 3303 4064 Filii
3327 4022 3426 4064 no-

1850 4095 2034 4150 bilitas
2078 4094 2411 4164 declaratur,
2457 4098 2553 4152 sed
2596 4107 2709 4152 tum
2762 4114 2888 4153 cum
2923 4096 3149 4155 :Fitius
3191 4117 3337 4155 meus
3367 4115 3423 4155 es

1851 4195 1930 4253 tu,
1972 4203 2066 4258 ego
2109 4188 2265 4242 hodie
2308 4190 2466 4258 genui
2495 4199 2546 4243 te
2570 4189 2637 4256 ",
2673 4190 2875 4245 dicitur
2925 4191 2993 4246 ad
3036 4189 3190 4246 illum
3224 4206 3257 4245 a
3285 4191 3421 4258 Deo,

1850 4280 1939 4334 cui
1970 4295 2188 4350 semper
2218 4291 2303 4335 est
2334 4279 2516 4346 hodie,
2546 4295 2724 4351 neque
2754 4283 2898 4337 enim
2930 4291 3014 4338 est
3039 4296 3267 4352 vespera
3301 4282 3421 4349 Dei,

163 4354 273 4464 γὰρ
298 4392 511 4464 ἑσπέρα
541 4354 707 4455 Θεοῦ,
734 4354 844 4458 ἐγὼ
875 4390 932 4443 δὲ
960 4387 1219 4461 ἡγοῦμαι,
1252 4354 1357 4442 ’ότιι
1381 4387 1501 4441 οὐδὲ
1545 4385 1744 4458 πρωΐα,

1870 4386 2031 4442 teque
2067 4387 2250 4439 mane,
2287 4387 2407 4427 meo
2445 4374 2662 4442 quidem
2702 4373 2930 4445 judicio,
2963 4374 3057 4430 sed
3087 4384 3320 4444 tempus,
3361 4384 3424 4430 ut

165 4484 279 4539 ἀλλ’
302 4487 332 4537 ὁ
361 4482 853 4556 συμπαρεκτείνων
895 4484 961 4553 τῇ
990 4482 1241 4553 ἀγενήτῳ
1270 4480 1363 4534 καὶ
1392 4479 1547 4550 ἀϊδίῳ
1578 4475 1742 4531 αὐτοῦ

169 4576 304 4647 ζωῇ,
336 4576 405 4629 ἶν’
450 4572 626 4638 οῦτως
653 4574 812 4639 εἴπω,
860 4574 1050 4645 χρόνος
1084 4573 1265 4644 ἡμέρα
1294 4572 1443 4625 ἐστὶν
1475 4570 1622 4642 αὐτῷ
1652 4570 1748 4640 σή-

172 4685 354 4742 μερον,
407 4669 467 4720 ὲν
597 4667 917 4737 γεγέννηται
969 4667 999 4719 ό
1047 4664 1206 4728 Υίόςο
1256 4663 1431 4735 ἀρχῆς
1480 4660 1748 4731 γενέσεως

169 4758 328 4814 αὑτοῦ
364 4757 541 4821 οὕτως
571 4757 669 4828 οὐχ
694 4755 1106 4828 εὐρισκομένης,
1135 4754 1210 4819 ὡς
1241 4753 1361 4808 οὐδὲ
1389 4753 1491 4822 τῆς
1513 4751 1745 4824 ἡμέρας.

239 4851 327 4907 53.
369 4850 707 4922 Προσθετέον
732 4852 845 4912 τοῖς
875 4847 1184 4920 εἰρημένοις
1225 4845 1340 4910 πῶς
1387 4847 1533 4899 ἐστιν
1558 4847 1586 4898 ό
1618 4843 1744 4909 Υἱὸς

175 4941 390 5014 ἀληθινὴ
433 4939 697 5010 ἄμπελος.
739 4936 909 4992 Τοῦτο
938 4937 997 4991 δὲ
1024 4935 1180 5007 δῆλον
1220 4934 1372 4988 ἔσται
1404 4935 1517 4997 τοῖς
1551 4933 1746 4985 συνιεῖ-

177 5053 253 5089 σιν
285 5034 452 5100 ἀξίως
476 5033 700 5104 χάριτος
731 5031 1075 5103 πῳφητικῆς
1101 5028 1190 5083 ’τό⁹
1231 5024 1405 5094 Οἷνος
1443 5016 1748 5095 εὐφραίνει

175 5126 415 5196 καρδίαν
435 5122 773 5193 ἀνθρώπου.
823 5123 885 5176 Ei
910 5120 1019 5193 γὰρ
1039 5122 1077 5192 ἡ
1106 5118 1298 5192 καρδία
1322 5118 1385 5171 τὸ
1413 5115 1748 5189 διανοητικόν

179 5223 305 5286 ἐστι,
338 5218 401 5274 τὺ
431 5218 489 5272 δὲ
538 5216 833 5289 εὐφραῖνον
863 5214 996 5267 αὐτὸ
1041 5215 1070 5266 ό
1098 5209 1476 5283 ποτιμώτατός
1521 5211 1637 5262 ἐστι
1664 5205 1749 5261 λό-

1845 4464 1917 4518 ita
1957 4465 2156 4528 dicam,
2205 4464 2368 4520 simul
2418 4479 2478 4519 se
2520 4468 2820 4521 extendens
2847 4482 2972 4523 cum
3000 4466 3090 4522 illa
3124 4468 3296 4537 ipsius
3326 4468 3415 4522 in-

1846 4555 2026 4624 genita
2055 4565 2110 4610 et
2142 4557 2470 4626 sempiterna
2500 4557 2606 4611 vita
2644 4557 2743 4628 ipsi
2773 4559 2890 4613 dies
2915 4571 3000 4614 est
3024 4559 3207 4625 hodie,
3232 4560 3284 4613 in
3313 4575 3421 4628 qua

1846 4647 2064 4716 genitus
2085 4655 2169 4702 est
2202 4646 2412 4716 Filius;
2451 4649 2531 4704 sic
2574 4665 2680 4704 non
2713 4650 2937 4707 invento
2982 4651 3215 4722 originis
3250 4653 3423 4723 ipsius

1845 4737 2136 4807 principio,
2170 4740 2311 4794 sicut
2346 4755 2523 4809 neque
2549 4740 2679 4800 diei.

1922 4833 2012 4888 53.
2054 4833 2280 4901 Insuper
2342 4832 2654 4888 addendum
2713 4844 2796 4891 est
2852 4835 2939 4891 his
2987 4851 3109 4907 quas
3162 4837 3421 4903 diximus,

1852 4926 2123 4995 quomodo
2161 4924 2332 4981 Filius
2381 4926 2459 4981 sit
2487 4928 2614 4982 vitis
2666 4943 2795 4984 vera
2821 4928 2886 4985 ⁸ο.
2917 4930 2994 4985 Ac
3026 4930 3268 5000 profecto
3318 4931 3421 4986 hoc

1852 5019 2196 5089 perspicuum
2245 5019 2355 5075 erit
2380 5019 2451 5075 iis
2483 5020 2600 5090 qui,
2635 5029 2695 5074 ut
2724 5020 2945 5092 dignum
2982 5031 3067 5077 est
3095 5023 3417 5093 prophetica

1854 5113 2053 5184 gratia,
2081 5109 2391 5182 intelligunt
2419 5111 2549 5167 illud
2571 5112 2616 5145 ⁸⁸
2649 5127 2664 5167 :
2703 5111 2902 5168 Vinum
2949 5113 3189 5184 lwtiﬁcat
3209 5130 3302 5168 cor
3329 5114 3424 5168 Ito-

1858 5203 2043 5258 minis.
2072 5201 2209 5258 Nam
2237 5203 2281 5259 si
2309 5219 2404 5260 cor
2430 5214 2514 5260 est
2565 5204 2902 5277 intelligendi
2936 5206 3184 5273 facultas,
3223 5206 3423 5275 ipsam-

243 5350 511 5406 "Coloss.
544 5349 696 5415 1,16.
773 5349 822 5381 ⁷⁸
847 5348 1002 5402 Rom.
1024 5363 1144 5410 vm,
1176 5346 1264 5401 15.
1339 5346 1389 5415 ’(³
1407 5343 1675 5410 Joan.xv,
1708 5345 1744 5399 li

1870 5343 2337 5410 "Joan.xm,13.
2413 5346 2868 5413 "Joan.xv,15.
2942 5346 3418 5415 "Luc.xxn,28.

182 5423 226 5453 ⁷⁸
248 5438 356 5491 cap.
380 5439 422 5487 ι,
465 5414 609 5476 vers.
639 5421 697 5475 6.
774 5420 822 5451 "
850 5419 989 5473 Psal.
1032 5433 1094 5483 ιι,
1124 5417 1177 5472 7.
1254 5417 1300 5448 ⁸ο
1334 5414 1490 5471 Joan.
1529 5432 1620 5479 xv,
1650 5419 1700 5470 1.

1870 5414 1995 5469 E’sal.
2042 5430 2159 5482 cm,
2196 5416 2283 5470 15.

250 5560 353 5627 (25)
380 5559 557 5630 Lego:
604 5558 832 5614 οἱκατὰ
874 5556 1233 5630 λογικώτερον
1291 5557 1603 5628 προσίενται
1672 5559 1739 5629 τῇ

191 5629 812 5771 θεΐὲἶῗεὲῗᾶκρινόντων
832 5697 1019 5768 ἡμῶν.
1056 5697 1313 5771 Ita‘recte
1356 5699 1537 5771 habet,
1568 5698 1740 5771 codex

196 5768 522 5839 Bodleiauusﬁ
578 5770 722 5828 male
771 5784 904 5826 vero
940 5771 1077 5840 apud
1131 5768 1384 5826 Huctium
1439 5769 1635 5842 legitur
1684 5768 1739 5824 in

1851 5558 2321 5631 textu__6taxpivwv
2346 5559 2521 5631 ἡμῶν.

1921 5628 2033 5701 (‘25)
2062 5625 2493 5701 Τυῖξοῦο-ινῗξῖο
2509 5638 2659 5685 recte
2686 5630 2853 5684 habet
2868 5629 3041 5685 codex
3062 5625 3420 5701 Bodleianus,

1849 5699 2396 5770 maieﬂ‘autemeditio
2424 5699 2604 5756 Huetii
2631 5703 2685 5754 in
2724 5699 3211 5770 textuguyxdtvwv.

1918 5768 2029 5843 (εδ)
2060 5767 2411 5830 Εὐσέϐειαν.
2439 5770 2603 5827 Deest
2619 5771 2674 5826 in
2703 5779 2852 5827 textu
2877 5763 3080 5830 Huétii.
