3792 6146
356 210 443 270 ’⁵19
1842 223 1926 280 OB

2039 224 2162 279 ΣΝΙὸ

3562 230 3647 285 80

368 342 474 397 que
524 327 766 384 laetificat
794 344 995 400 sermo,
1035 335 1271 391 maxime
1303 339 1580 406 potabilis.
1606 339 1926 397 abducensa

2043 360 2156 411 γος,
2192 343 2414 409 ὲξιστῶν
2448 344 2554 397 ἀπὸ
2604 346 2712 397 τῶν
2764 345 3144 418 ἀνθρωπικῶν,
3197 348 3290 400 καὶ
3340 347 3644 419 ὲνθουσιᾷν

369 421 534 477 rebus
569 421 841 490 humanis,
877 434 932 481 et
972 425 1153 482 furere
1205 428 1432 495 faciens,
1463 441 1518 486 et
1556 433 1763 487 ebrium
1821 447 1942 488 esse

366 513 654 582 ebrietate,
689 530 794 569 non
827 532 889 571 ea
920 519 1138 587 quidem
1167 536 1286 589 qua:
1313 531 1397 577 est
1425 522 1602 577 aliena
1646 538 1675 577 a
1710 523 1936 586 ratione,

367 611 462 663 sed
528 608 734 675 divina,
799 625 909 680 qua
952 612 1115 666 etiam
1164 612 1365 683 Joseph
1424 614 1640 681 fratres,
1671 626 1731 671 ut
1785 626 1936 686 puto,

365 699 548 754 ebrios
577 698 801 766 facit";
823 701 1017 755 merito
1048 701 1095 756 is
1121 702 1211 772 qui
1241 703 1422 757 vinum
1457 719 1556 758 cor
1583 703 1822 759 hominis
1852 704 1941 758 lae-

369 792 584 848 tillcans
619 791 798 860 aﬂert,
830 803 913 848 est
940 794 1068 849 vitis
1094 810 1222 849 vera
1256 812 1270 849 :
1298 796 1368 851 ob
1405 796 1549 852 hanc
1581 811 1803 853 causam
1844 812 1939 850 ve-

369 899 449 949 ra,
490 885 632 954 quod
662 899 911 941 racemos
939 885 1135 939 habeat
1160 888 1466 956 veritatem,
1495 898 1551 943 et
1579 888 1828 957 palmites
1857 888 1941 943 di-

366 976 604 1046 scipulos
637 975 705 1041 ⁸⁸,
746 977 828 1031 sui
882 977 1210 1043 imitatores,
1246 989 1300 1034 et
1352 981 1498 1049 ipsos
1547 980 1937 1037 fructiﬁcantcs

366 1068 675 1123 veritatem.
705 1066 927 1124 Dillicile
943 1078 1118 1124 autem
1136 1081 1220 1126 est
1238 1070 1599 1127 differentiam
1632 1087 1937 1144 proponere

367 1162 526 1232 panis
563 1173 619 1216 et
666 1162 816 1228 vitis,
862 1162 1304 1233 quandoquidem
1352 1179 1459 1218 non
1493 1164 1656 1220 vitem
1702 1174 1935 1232 tantum,

367 1255 463 1311 sed
502 1256 667 1310 etiam
714 1269 910 1326 panem
961 1254 1085 1311 vitae
1120 1258 1357 1328 seipsum
1394 1258 1656 1329 appellat.
1701 1257 1937 1311 Proinde

362 1349 487 1403 vide
529 1362 598 1403 ne
634 1347 776 1403 forte
813 1350 1273 1419 quemadmodum
1315 1352 1473 1421 panis
1526 1351 1697 1406 nutrit
1736 1358 1792 1407 et
1839 1366 1939 1406 cor

361 1442 605 1508 roborat,
636 1440 962 1496 conﬁrmare
1009 1456 1106 1498 cor
1154 1442 1393 1497 hominis
1425 1443 1624 1510 dictus,
1666 1454 1720 1499 et
1749 1443 1934 1498 vinum

360 1533 605 1589 laetificat
634 1531 945 1588 dill‘undens
989 1534 1231 1587 animum
1261 1532 1371 1605 3E.
1407 1544 1569 1605 atque
1599 1534 1932 1597 exhilarans.

360 1625 444 1679 sic
490 1624 788 1695 disciplinae
837 1624 1091 1693 morales,
1127 1639 1249 1695 quae
1297 1628 1460 1680 vitam
1498 1628 1789 1698 acquirunt
1838 1642 1935 1683 eas

359 1716 662 1773 addiscenti
699 1728 864 1786 atque
903 1719 1170 1788 Operanti,
1196 1719 1353 1788 panis
1388 1718 1604 1789 quidem
1634 1720 1742 1774 sint
1782 1717 1930 1783 vitae,

358 1826 466 1866 non
511 1821 693 1866 tamen
717 1811 930 1889 fructus
966 1810 1094 1865 vitis
1125 1811 1412 1877 dicantur;
1443 1811 1775 1866 theoremata
1803 1825 1932 1864 vero

358 1920 558 1960 arcana
575 1914 629 1960 et
646 1907 899 1977 mystica,
921 1904 1250 1959 laetiﬁcantia
1274 1912 1435 1974 atque
1451 1904 1675 1959 numine
1689 1903 1929 1958 animum

359 1993 621 2060 amantia,
644 2010 766 2064 qua:
795 1996 1182 2066 ingenerantur
1209 1995 1261 2047 in
1291 1995 1359 2049 iis
1386 1995 1477 2065 qui
1509 1994 1853 2050 oblectantur
1875 1994 1929 2048 in

360 2085 608 2151 nomino,
631 2101 735 2140 non
753 2085 926 2141 solum
946 2086 1164 2149 nutriri,
1177 2099 1363 2138 verum
1377 2085 1541 2140 etiam
1559 2085 1932 2155 oblectariqde-

358 2177 685 2244 siderantes,
701 2178 881 2232 vinum
902 2190 1161 2233 vocentur
1185 2193 1213 2231 a
1247 2193 1375 2233 vera
1395 2180 1504 2234 vite
1536 2180 1927 2249 pervenientia.

429 2266 520 2320 54.
562 2267 641 2321 Ad
671 2268 785 2323 haec
816 2267 1230 2341 [elaborandum
1251 2271 1408 2323 nobis
1438 2269 1545 2342 est]
1563 2285 1800 2340 quonam
1832 2286 1928 2341 pa-

358 2367 446 2414 cto
474 2361 684 2429 primus
709 2370 765 2416 et
784 2360 1007 2417 ultimus
1038 2362 1093 2416 in
1121 2361 1443 2434 Apocalypsi
1477 2364 1771 2432 inscriptus
1802 2376 1925 2419 est:

357 2451 411 2505 itt
451 2462 714 2522 quantum
752 2453 960 2524 primus
986 2462 1095 2521 est,
1126 2455 1374 2511 diversus
1401 2457 1470 2511 ab
1495 2457 1563 2521 Α,
1590 2457 1641 2511 id
1669 2466 1753 2511 est
1777 2462 1929 2527 prin-

357 2546 612 2615 cipio;et
658 2546 715 2600 in
764 2556 1027 2615 quantum
1073 2557 1161 2603 est
1203 2548 1449 2614 ultimus,
1491 2565 1593 2604 non
1629 2550 1772 2605 idem
1803 2566 1926 2605 cum

355 2636 417 2703 Ω,
458 2636 510 2692 id
546 2646 631 2693 est
673 2636 800 2691 line.
842 2638 1047 2707 Opinor
1088 2640 1294 2710 itaque,
1325 2655 1449 2695 cum
1503 2641 1757 2696 animalia
1804 2657 1927 2712 quae

356 2730 620 2783 rationem
665 2731 1016 2800 participant,
1052 2732 1394 2787 diversarum
1433 2733 1543 2791 sint
1592 2735 1923 2803 specierum,

354 2821 499 2876 aliud
562 2823 710 2877 ittter
759 2823 869 2894 ipsa
933 2837 1060 2878 esse
1114 2825 1367 2893 primum,
1398 2826 1547 2881 aliud
1602 2826 1922 2893 secundum,

354 2916 504 2971 aliud
536 2915 778 2981 tertium,
807 2927 862 2971 et
902 2915 983 2971 sic
1024 2915 1283 2989 deinceps
1316 2932 1489 2984 usque
1520 2918 1588 2973 ad
1629 2919 1875 2973 ultimttm
1905 2936 1919 2985 ;

2044 436 2232 500 ποιῶν,
2261 438 2354 491 καὶ
2385 437 2604 509 μεθύειν
2626 438 2795 510 μέθην
2821 440 2922 492 οὐκ
2949 438 3249 508 ἀλόγιστον,
3276 440 3413 494 ἀλλά
3449 440 3641 503 θείαν,

2042 531 2127 600 ἢν,
2158 526 2329 601 οἶμαι,
2366 531 2461 583 καὶ
2501 531 2697 602 Ἰωσὴφ
2750 533 2876 595 τοὺς
2902 532 3163 602 ἀδελφοὺς
3209 531 3425 603 μεθύειν
3457 532 3642 596 ποιεῖ,

2040 625 2276 693 εὐλόγως
2304 626 2332 677 ό
2358 625 2447 678 τὸν
2472 626 2829 697 εὐφραίνοντα
2873 627 3099 698 καρδίαν
3145 625 3430 698 ἀνθρώπου
3479 622 3641 679 οἶνον

2039 717 2219 790 φέρων
2250 716 2492 788 ἄμπελός
2542 719 2686 771 ἐστιν
2734 717 2995 789 ἀληθινήο
3047 718 3137 772 διά
3176 718 3331 772 τοῦτο
3362 716 3637 789 ἀληθινὴ,

2038 811 2158 864 ἐπεὶ
2207 809 2401 881 βότρυς
2448 808 2561 880 ἔχει
2615 810 2713 881 τὴν
2764 810 3038 882 ἀλήθειαν,
3072 810 3165 863 καὶ
3198 810 3449 882 κλήματα
3495 811 3640 872 τοὺς

2041 902 2309 976 μαθητὰς,
2343 901 2586 974 μιμητὰς
2618 901 2803 968 αὐτοῦ,
2854 904 2948 957 καὶ
2977 902 3173 966 αὐτοὺς
3205 900 3636 974 καρποφοροῦν-

2036 1013 2134 1061 τας
2165 996 2265 1068 τὴν
2294 993 2569 1066 ἀλήθειαν.
2619 995 2817 1066 Ἔργον
2848 984 2923 1047 ’δὲ
2953 993 3215 1067 διαφορὰν
3264 993 3634 1063 παραστῆσαι

2035 1089 2201 1160 ἄρτου
2243 1089 2338 1143 καὶ
2383 1088 2651 1158 ἀμπέλου,
2700 1086 2821 1139 ἐπεὶ
2850 1087 2910 1139 οὐ
2969 1086 3126 1157 μόνον
3174 1086 3437 1157 ἄμπελος,
3481 1085 3635 1138 ἀλλὰ

2036 1181 2129 1234 καὶ
2158 1179 2320 1251 ἄρτος
2350 1177 2496 1248 ζωῆς
2519 1173 2658 1231 εἷναί
2688 1194 2873 1249 φησιν.
2918 1178 3058 1248 Ὅρα
3095 1177 3151 1230 δὲ
3187 1179 3396 1248 μήποτε
3425 1176 3635 1247 ὥσπερ

2035 1274 2064 1325 ὁ
2085 1272 2247 1343 ἄρτος
2275 1271 2485 1342 τρέφει,
2522 1270 2614 1323 καὶ
2645 1271 2997 1341 ἰσχυροποιεῖ,
3033 1269 3128 1322 καὶ
3159 1267 3433 1341 στηρίζειν
3464 1268 3633 1336 λέγε-

2034 1382 2122 1418 ται
2149 1364 2375 1436 καρδίαν
2408 1361 2715 1434 ἀνθρώπου,
2762 1364 2790 1415 ὁ
2817 1361 2874 1415 δὲ
2903 1358 3043 1425 οἶνος
3065 1360 3180 1433 ἤδει
3211 1363 3304 1414 καὶ
3330 1360 3629 1434 εὐφραίνει

2035 1459 2129 1511 καὶ
2168 1457 2374 1527 διαχεῖ’
2424 1454 2597 1520 οὕτως
2650 1455 2718 1508 τὰ
2752 1454 2852 1525 μὲν
2884 1453 3052 1524 ἠθικά
3099 1452 3417 1524 μαθήματα,
3470 1451 3630 1521 ζωὴν

2035 1549 2420 1623 περιποιοῦντα
2465 1548 2543 1620 τῷ
2576 1547 2917 1620 μανθάνοντι,
2960 1547 3055 1601 καὶ
3089 1547 3399 1617 πράττοντι,
3449 1546 3629 1617 ἄρτος

2035 1649 2152 1701 ἐστὶ
2183 1646 2282 1716 τῆς
2314 1644 2480 1715 ζωῆς,
2509 1643 2608 1697 οὐκ
2638 1642 2704 1697 ἂν
2732 1642 2905 1696 ταῦτα
2929 1645 3239 1714 γεννήματα
3266 1641 3482 1711 λέγοιτο
3510 1639 3624 1710 τῆς

2033 1739 2277 1811 ἀμπέλου
2298 1757 2311 1768 ·
2341 1740 2435 1791 καὶ
2465 1737 2841 1809 εὐφραίνοντα,
2873 1737 2965 1789 καὶ
2998 1735 3278 1807 ὲνθουσιᾷν
3330 1734 3624 1796 ποιοῦντα,

2032 1833 2322 1905 ἀπόρρητα
2355 1831 2449 1885 καὶ⁸
2478 1831 2712 1901 μυστικὰ
2736 1829 3067 1901 θεωρήματα
3096 1828 3483 1901 κατατρυφῶσι
3514 1826 3626 1881 τοῦ

2033 1925 2238 1997 Κυρίου
2273 1924 2593 1994 ὲγγινόμενα
2624 1923 2755 1993 (27),
2785 1922 2878 1975 καὶ
2904 1922 2965 1974 οὐ
2993 1920 3148 1992 μόνον
3174 1919 3487 1993 τρέφεσθαι,
3520 1918 3627 1971 ἀλ-

2031 2016 2105 2076 λὰ,
2140 2017 2233 2070 καὶ
2263 2017 2472 2088 τρυφᾷν
2501 2014 2752 2068 ποθοῦσιν
2784 2013 2915 2086 (28),
2951 2014 3096 2067 ἐστὶν
3146 2013 3253 2067 ἀπὸ
3282 2014 3382 2083 τῆς
3420 2012 3624 2084 ἀληθι-

2031 2111 2126 2182 νῆς
2157 2111 2402 2181 ἀμπέλου
2431 2110 2699 2180 ἐρχόμενα
2723 2104 2862 2171 οἶνος
2896 2106 3221 2177 καλούμενα.

2100 2296 2188 2355 ⁵54.
2227 2294 2373 2366 Πρὸς
2402 2294 2609 2359 τούτοις
2646 2292 2724 2364 τῷ
2756 2292 2868 2365 (29)
2916 2291 3032 2356 πῶς
3082 2290 3296 2361 πρῶτος
3330 2292 3422 2345 καὶ
3448 2290 3620 2364 ἐσχα-

2028 2406 2120 2453 τος
2151 2391 2209 2442 ὲν
2234 2391 2299 2460 τῇ
2342 2387 2739 2454 Ἀποκαλύψει
2785 2383 3216 2455 ἀναγέγραπται,
3246 2382 3431 2451 ἕτερος
3465 2380 3621 2435 κατᾶ

2028 2482 2088 2535 τὸ
2120 2479 2333 2552 πρῶτος
2356 2475 2494 2532 εἶναι
2526 2478 2805 2547 τυγχάνων
2837 2476 2930 2529 τοῦ
2962 2477 3125 2545 ἄλφα,
3160 2476 3254 2531 καὶ
3281 2475 3381 2545 τῆς
3406 2474 3612 2547 ἀρχῆς,

2028 2574 2121 2627 καὶ
2152 2571 2292 2625 κατὰ
2316 2571 2377 2623 τὸ
2406 2569 2631 2640 ἔσχατος
2657 2570 2755 2640 οὐχ
2779 2570 2806 2622 ὁ
2840 2567 3000 2632 αὐτὸς
3026 2567 3102 2637 τῷ
3129 2585 3174 2619 ω
3211 2566 3306 2622 καὶ
3335 2565 3414 2637 τῷ
3435 2566 3609 2619 τέλει.

2040 2663 2307 2736 Ἠγούμαι
2338 2662 2536 2726 τοίνυν,
2588 2660 2696 2713 τῶν
2729 2658 2959 2728 λογικῶν
2993 2657 3146 2723 ζώων
3180 2660 3237 2711 ὲν
3270 2657 3484 2721 πολλοῖς
3526 2658 3615 2710 εἶι-

2025 2760 2137 2814 δεσι
2167 2755 2739 2831 χαρακτηριςομένων,
2772 2750 2908 2807 εἶναί
2935 2771 2988 2807 τι
3021 2752 3235 2823 πρῶτον
3278 2751 3477 2815 αὐτῶν,
3510 2750 3613 2803 καὶ

2025 2853 2296 2923 δεύτερον,
2330 2850 2425 2903 καὶ
2454 2849 2655 2920 τρίτον,
2689 2846 2782 2899 καὶ
2803 2844 2871 2897 τὰ
2900 2841 3159 2914 καθεξῆς,
3185 2844 3289 2905 ἕως
3333 2843 3566 2912 ὲσχάτου
3591 2858 3611 2872 ⁵

2026 2948 2118 3001 καὶ
2145 2945 2206 2999 τὸ
2240 2945 2337 3016 μὲν
2369 2942 2592 3014 ἀκριϐὲς
2639 2941 2811 2992 εἰπεῖν
2857 2938 2911 2991 τί
2944 2936 3177 3011 πρῶτον,
3225 2937 3319 2990 καὶ
3363 2939 3514 2989 ποῖον
3548 2936 3614 2991 τὸ

353 3023 583 3081 quorum
627 3022 760 3064 sane
794 3007 1068 3078 quodnam
1106 3010 1176 3064 sit
1204 3008 1463 3080 primum,
1512 3019 1569 3066 et
1603 3014 1922 3076 secundum,

2039 3007 2296 3112 δεύτερόν,
2338 3007 2556 3089 καὶίὲπὶ
2599 3032 2742 3094 τίνος
2774 3028 2969 3101 ἀληθὲς
2988 3007 3056 3082 *τὸ
3082 3029 3283 3102 τρίτον,
3318 3028 3410 3081 καὶ
3434 3026 3611 3091 οὕτως

353 3110 409 3155 et
452 3100 689 3164 tertium,
723 3109 781 3154 et
812 3098 893 3154 sic
941 3115 1114 3171 usque
1150 3101 1217 3154 ad
1261 3100 1508 3156 ultimum
1554 3113 1810 3158 accurate
1836 3105 1921 3157 di-

352 3209 482 3249 cere
514 3193 739 3248 humani
795 3208 904 3249 non
947 3193 1238 3248 admodum
1277 3194 1480 3264 ingenii
1524 3204 1627 3261 est,
1675 3196 1771 3250 sed
1808 3197 1923 3265 ejus

351 3288 497 3357 quod
543 3297 795 3342 naturam
836 3295 1056 3356 superet
1094 3287 1715 3343 nostrant.Conabimur
1742 3298 1921 3343 tamen

348 3398 472 3454 quae
511 3384 579 3438 ad
633 3383 790 3451 huius
831 3380 1285 3437 considerationis
1310 3381 1728 3436 declarationem
1759 3384 1925 3452 perti-

347 3490 482 3531 nere
529 3474 879 3540 videbuntur,
912 3488 1011 3544 pro
1052 3471 1197 3527 virili
1240 3481 1426 3528 nostra
1473 3471 1672 3528 afferre
1712 3474 1766 3529 itt
1812 3490 1924 3527 me-

350 3568 498 3622 dium
522 3576 686 3636 atque
714 3566 923 3636 eloqui.
966 3564 1107 3620 Sunt
1145 3568 1365 3634 quidam
1391 3565 1489 3632 dii,
1520 3580 1752 3635 quorum
1784 3565 1924 3621 Deus

352 3658 499 3713 Deus
547 3668 666 3723 est,
711 3667 770 3712 ttt
830 3657 1128 3728 prophetiae
1172 3656 1472 3725 loquuntur
1522 3676 1536 3713 :
1583 3657 1923 3725 Confitemim‘

349 3751 462 3806 Deo
502 3752 718 3805 deorum
738 3750 818 3817 3";
850 3760 905 3805 et
937 3765 952 3801 :
984 3748 1124 3804 Deus
1166 3751 1383 3804 deorum
1429 3750 1685 3805 Dominus
1717 3753 1923 3809 locutus

349 3851 449 3906 est,
485 3850 531 3893 et
572 3840 769 3894 vocavit
808 3840 1062 3894 terram”
1095 3860 1107 3895 :
1140 3842 1284 3896 Deus
1336 3850 1539 3908 autem,
1593 3851 1651 3896 ut
1684 3843 1925 3917 Evange-

349 3935 483 3989 lium
519 3932 772 3996 tradit”,
804 3947 909 3985 non
944 3943 1275 3986 mortuorum
1313 3933 1452 3988 Deus
1500 3944 1598 4000 est,
1630 3936 1722 3990 sed
1749 3937 1925 3991 viven-

347 4027 500 4081 tium.
549 4023 701 4080 Unde
738 4023 979 4079 viventes
1025 4024 1192 4078 etiam
1237 4024 1310 4080 dii
1353 4037 1505 4090 sunt,
1528 4041 1757 4095 quorum
1788 4027 1925 4083 Deus

348 4117 496 4172 Deus
522 4125 623 4172 est.
670 4115 984 4183 Quinetiam
1016 4119 1291 4174 scribente
1323 4119 1389 4171 ad
1420 4118 1731 4175 Corinthios
1777 4123 1924 4190 Apo-

347 4209 488 4263 stolo
518 4208 674 4279 juxta
709 4209 1058 4280 propheticas
1088 4223 1287 4264 voces:
1316 4207 1771 4275 Quemadmodum
1800 4224 1921 4266 sunt

346 4300 427 4353 dii
457 4298 631 4366 multi,
662 4310 710 4354 et
742 4300 944 4356 domini
969 4300 1204 4367 multi",
1236 4316 1437 4356 nomen
1488 4304 1714 4357 deorum
1758 4306 1921 4359 inter-

349 4396 546 4461 pretati
576 4409 766 4448 sumus
797 4403 1051 4464 tanquam
1107 4393 1395 4449 exsistant.
1429 4394 1567 4450 Sunt
1597 4411 1726 4452 vero
1752 4398 1915 4451 etiam

329 4494 546 4555 .prmter
572 4487 701 4542 deos
730 4501 960 4554 quorum
994 4486 1137 4541 Deus
1163 4496 1249 4541 eet
1277 4486 1439 4553 Deus,
1475 4488 1563 4542 alii
1593 4489 1685 4557 qui
1718 4504 1919 4545 vocan-

330 4589 438 4647 ;tur
490 4578 691 4644 throni,
740 4587 794 4633 et
841 4577 932 4633 alii
983 4578 1077 4651 qui
1116 4577 1372 4633 dicuntur
1405 4579 1760 4648 principatus,
1794 4597 1917 4636 rur-

350 4685 442 4724 sus
478 4682 675 4738 praeter
731 4671 830 4725 ltos
868 4671 959 4725 alii
993 4670 1085 4740 qui
1122 4670 1378 4725 dicuntur
1411 4671 1811 4727 dominationes
1866 4683 1922 4728 et

352 4772 668 4830 potestates.
707 4763 930 4818 Dicente
953 4774 1132 4818 autem
1154 4762 1381 4816 Paulo”
1409 4780 1423 4817 :
1449 4762 1618 4832 Super
1646 4781 1796 4819 omne
1826 4783 1920 4820 n0-

351 4870 467 4908 men
490 4858 627 4922 quod
660 4857 963 4911 nominatur
987 4873 1090 4911 non
1115 4857 1284 4911 solum
1312 4857 1365 4910 in
1388 4858 1580 4911 strculo
1608 4859 1723 4926 hoc,
1744 4878 1916 4916 verum

2033 3132 2194 3204 μέχρι
2227 3129 2320 3183 τοῦ
2354 3127 2661 3181 τελευταίου
2693 3125 2917 3197 φθάσαι,
2970 3124 3039 3197 οὐ
3062 3123 3201 3177 πάνυ
3248 3139 3300 3174 τι
3331 3121 3614 3195 ἀνθρώπι-

2025 3240 2135 3289 νον,
2164 3221 2299 3275 ἀλλά
2340 3220 2481 3290 ὑπὲρ
2526 3218 2623 3288 τὴν
2655 3216 2927 3288 ἡμετέραν
2959 3215 3074 3269 ἐστὶ
3102 3213 3290 3284 φύσιν·
3333 3214 3520 3284 στῆναι
3547 3214 3611 3269 δὲ

2026 3314 2119 3367 καὶ
2146 3310 2501 3382 περιλαλῆσαι
2530 3307 2598 3360 τὰ
2629 3309 2708 3370 εἰς
2736 3307 2826 3359 τὸν
2852 3306 3032 3370 τόπον,
3083 3305 3158 3368 ὡς
3190 3299 3290 3357 οἶοί
3320 3304 3380 3357 τέ
3413 3306 3608 3375 ἐσμεν,

2026 3402 2417 3478 πειρασόμεθα.
2458 3400 2579 3454 Εἰσί
2624 3416 2770 3462 τινες
2802 3398 2914 3451 θεοὶ
2935 3392 3008 3451 ὧν
3048 3397 3076 3449 ὁ
3104 3397 3237 3459 Θεὸς
3268 3396 3400 3460 Θεός
3432 3398 3605 3458 ἐστιν,

2025 3497 2100 3559 ὼς
2128 3497 2185 3548 αἱ
2220 3492 2544 3565 προφητεῖαί
2589 3506 2750 3560 φασιν
2772 3504 2784 3516 ·
2839 3486 3324 3557 Ἐξομολογεῑσθε
3370 3486 3451 3553 τῷ
3481 3487 3608 3553 Θεῷ

2024 3586 2143 3641 τῶν
2169 3585 2350 3639 θεῶν·
2387 3584 2502 3647 καὶ,
2541 3584 2683 3648 Θεὸς
2730 3579 2878 3635 θεῶν
2906 3578 3172 3646 ἐλάλησε
3217 3578 3452 3646 Κύριος,
3502 3580 3604 3634 καὶ

2022 3678 2279 3733 ἐκάλεσε
2308 3676 2422 3745 τὴν
2453 3675 2569 3745 γῆν
2588 3692 2601 3705 ·
2640 3673 2772 3737 Θεὸς
2800 3672 2857 3725 δὲ
2888 3670 3029 3724 κατὰ
3066 3670 3126 3722 τὸ
3152 3669 3605 3738 Εὐαγγέλιονούκ

2017 3764 2148 3821 ἔστι
2169 3762 2417 3835 νεκρῶν,
2433 3767 2594 3824 ἀλλὰ
2620 3764 2868 3825 ζώντων.
2891 3762 3098 3825 Ζῶντες
3130 3760 3237 3832 ἄρα
3267 3761 3359 3813 καὶ
3407 3762 3456 3813 οί
3491 3758 3605 3811 θεοί

2023 3870 2180 3926 εἰσιν,
2208 3855 2284 3915 ὧν
2306 3861 2336 3912 ό
2360 3858 2492 3921 Θεὸς
2520 3856 2651 3919 Θεός
2681 3857 2816 3909 ἐστι.
2854 3854 3016 3907 Καῗό
3048 3851 3362 3914 Ἀπόστολος
3383 3851 3439 3903 δὲ
3467 3851 3604 3922 γράς

2025 3974 2138 4027 φων
2168 3955 2225 4008 ἐν
2251 3955 2316 4025 τῇ
2350 3951 2486 4021 πρὸς
2515 3945 2849 4021 Κορινθίους,
2884 3945 3110 4011 Ὠσπερ
3151 3943 3269 3997 εἰσὶ
3301 3942 3422 3996 θεοὶ
3452 3944 3606 3997 πολι

2021 4047 2143 4116 λοι,
2193 4044 2293 4098 καὶ
2346 4044 2534 4111 κύριοι
2583 4037 2817 4101 πολλοὶ,
2871 4035 3010 4088 κατὰ
3041 4036 3109 4088 τὰ
3159 4033 3490 4106 προφητικῷ
3538 4033 3606 4086 τὸ

2020 4138 2128 4192 τῶν
2155 4138 2289 4191 θεῶν
2335 4135 2697 4205 ὲξειλήφαμεν
2727 4130 2895 4201 ὄνομα
2927 4128 3003 4192 ὼς
3029 4128 3418 4200 τυγχανόντων.
3478 4127 3603 4179 Εἰσὶ

2020 4241 2077 4294 δὲ
2110 4241 2258 4312 παρά
2288 4241 2414 4302 τοὺς
2442 4238 2596 4300 θεοὺς
2621 4231 2697 4291 ὧν
2727 4237 2755 4288 ὁ
2780 4235 2910 4298 Θεὸς
2941 4234 3071 4297 Θεός
3106 4235 3272 4296 ἐστιν,
3306 4233 3483 4304 ἕτεροί
3514 4250 3602 4286 τι-

1956 4377 1997 4430 D
2024 4361 2113 4408 νες
2141 4344 2190 4397 οἳ
2220 4342 2508 4396 καλοῦνται
2551 4339 2750 4410 θρόνοι,
2797 4338 2891 4392 καὶ
2924 4336 3071 4391 ἄλλοι
3095 4336 3373 4430 λεγόμενοι
3408 4337 3601 4409 ἀρχαὶ,

2026 4436 2345 4509 κυριότητες
2369 4452 2452 4498 τε,
2486 4434 2578 4487 καὶ
2603 4432 2841 4498 ἐξουσίαι
2869 4431 3019 4503 παρὰ
3046 4429 3267 4494 τούτους
3291 4429 3458 4484 ἄλλοι.
3501 4431 3605 4486 Διά

2023 4543 2079 4596 δὲ
2111 4542 2190 4606 τὸ,
2231 4539 2399 4609 Ὑπὲρ
2430 4537 2552 4594 πᾶν
2581 4539 2767 4608 ὄνομα
2810 4534 3259 4607 ὀνομαζόμενον,
3306 4539 3377 4591 οὐ
3409 4538 3605 4607 μόνον

2022 4651 2091 4704 ἐν
2110 4651 2297 4716 τούτῳ
2324 4647 2403 4714 τῷ
2432 4647 2620 4710 αἰῶνι,
2653 4646 2814 4701 ἀλλὰ
2846 4645 2943 4699 καί
2976 4645 3045 4698 ἐν
3066 4645 3146 4711 τῷ
3165 4644 3473 4714 μέλλοντι,
3509 4649 3604 4700 καὶ

2021 4758 2157 4813 ἄλλα
2188 4757 2339 4828 παρὰ
2363 4755 2531 4808 ταῦτα
2556 4755 2616 4807 οὐ
2644 4755 2782 4817 πάνυ
2818 4751 2929 4823 (⁷50)
2963 4750 3206 4822 συνήθως
3237 4752 3368 4821 ἡμῖν
3401 4752 3602 4821 ὀνομα-

2026 4863 2225 4934 ζόμενα
2271 4863 2353 4916 δεῖ
2396 4862 2670 4915 πιστεύειν
2720 4857 2855 4916 εἶναι
2889 4858 3112 4929 λογικά’
3161 4850 3235 4911 ὧν
3263 4858 3318 4910 ἓν
3348 4875 3401 4911 τι
3445 4859 3601 4927 γένος

420 4944 620 5022 ξξίξθη.
646 4948 905 5022 ιιι-ιμόι.
964 4950 1010 4981 ⁸³
1028 4950 1184 5005 Joatt.
1216 4967 1304 5017 xv,
1340 4953 1394 5009 5.
1458 4952 1662 5009 “Psal.
1691 4972 1892 5011 cxxxv.

2039 4959 2160 5012 ’θυι
2192 4974 2343 5022 thx,
2372 4960 2421 5011 1.
2499 4957 2545 4988 ³³⁸
2575 4956 2762 5012 Matth.
2796 4972 2929 5020 χιιι,
2954 4955 3043 5010 52.
3118 4952 3164 4984 ⁸⁷
3196 4953 3216 5007 l
3243 4951 3367 5007 Cor.
3396 4967 3513 5019 vm,
3544 4954 3598 5008 5.

351 5014 398 5048 ⁸⁸
423 5014 620 5084 Epltes.
648 5033 685 5080 t,
717 5018 807 5072 2t.

423 5107 535 5180 (i7)
570 5109 973 5178 Ἐγγινόμει-ιι.
994 5109 1086 5166 Sic
1113 5113 1283 5167 codex
1308 5112 1665 5177 Bodleianus;
1697 5111 1924 5169 Huctius

354 5179 409 5232 itt
439 5179 591 5249 textu
621 5179 972 5249 ἐκτεινόμενα.

427 5248 539 5321 (28)
570 5248 884 5330 Ποθςῦσιν.
914 5252 987 5307 Ita
1020 5252 1189 5307 codex
1214 5251 1566 5317 Bodleianus;
1612 5250 1836 5307 Huctius
1869 5254 1921 5308 in

357 5329 503 5374 textu
535 5329 831 5373 ποτιουσιν.

426 5390 535 5463 (39)
578 5389 681 5463 Τῷ,
712 5400 817 5463 etc.
837 5390 977 5459 Lego
1010 5391 1337 5463 προσεκτέον
1363 5389 1459 5463 τῷτ

425 5459 537 5531 (50)
567 5461 673 5513 Καὶ
709 5461 869 5514 ἄλλα
894 5459 1256 5532 πηρᾶταῦτα
1284 5463 1354 5514 οὐ
1381 5459 1687 5532 πάνυευιο.
1739 5461 1924 5532 Orige-

358 5543 452 5581 nes
486 5530 572 5583 lib.
601 5547 615 5584 ι
641 5531 778 5599 Περὶ
801 5530 1022 5599 ἀρχῶν,
1052 5548 1167 5601 cap.
1193 5531 1246 5592 5,
1274 5533 1519 5601 eumdem
1566 5531 1710 5585 hunc
1761 5530 1911 5585 Pauli

360 5600 531 5651 Ineunt
556 5615 868 5667 exponens:
907 5603 988 5655 Ex
1010 5619 1110 5665 quo
1162 5600 1414 5665 videlicet,
1444 5602 1638 5668 inquit,
1687 5605 1911 5656 Ostendit

357 5684 464 5721 esse
490 5670 726 5738 qun-dam
750 5684 941 5742 praeter
1000 5674 1108 5726 [nec
1138 5687 1255 5742 qua:
1304 5672 1744 5736 commemoravit,
1793 5688 1912 5743 qua:

2032 5114 2371 5167 nominantur
2401 5113 2608 5181 quidem
2638 5111 2692 5164 in
2717 5111 2813 5165 hoc
2837 5111 3050 5167 sarculo.
3079 5121 3376 5165 nontamen
3398 5113 3463 5164 ab
3487 5114 3600 5179 ipso

2029 5193 2334 5237 enumerata
2358 5181 2572 5250 fuerint,
2599 5181 2730 5248 forte
2749 5198 2843 5235 nec
2862 5183 2925 5233 ab
2958 5183 3065 5235 alio
3090 5182 3266 5251 aliqua
3293 5184 3557 5235 intellecta
3580 5201 3599 5247 ;

2029 5270 2139 5307 esse
2160 5269 2277 5306 vero
2302 5254 2409 5305 alia
2427 5268 2542 5320 quae
2578 5255 2633 5304 in
2653 5254 2750 5305 hoc
2787 5253 2980 5304 swculo
3021 5254 3230 5321 quidem
3285 5269 3389 5305 non
3431 5254 3599 5306 nomi-

2031 5335 2237 5382 nentur,
2272 5330 2445 5375 tamen
2466 5322 2897 5377 nominabuntur.
2921 5322 3029 5375 Nec
3059 5338 3199 5376 nntts
3225 5323 3277 5377 id
3321 5322 3423 5375 sibi
3479 5337 3602 5391 per-

2030 5395 2199 5448 suasit
2224 5393 2487 5463 Origenes
2529 5401 2725 5459 praeter
2759 5407 2853 5447 eos
2882 5392 3201 5463 angelorum
3243 5393 3466 5447 ordines
3509 5395 3599 5463 qui

2032 5466 2384 5519 nominantur
2417 5462 2469 5514 in
2505 5462 2812 5530 Scriptura,
2845 5462 2981 5517 alios
3008 5477 3132 5517 esse
3192 5477 3419 5516 numero
3473 5462 3599 5517 inti-

2029 5537 2169 5586 nitos
2216 5543 2270 5588 et
2326 5534 2636 5586 hominibus
2690 5534 2903 5599 ignotos
2954 5549 2969 5586 :
3034 5535 3256 5599 scripsit
3326 5534 3597 5599 siquidem

2018 5604 2438 5672 Cltrysostomns
2466 5604 2608 5673 hom.
2636 5602 2688 5663 4,
2712 5604 2785 5655 De
2804 5603 3057 5673 inconth
3077 5603 3198 5655 Εἰσὶ
3214 5600 3346 5673 γὰρ,
3372 5603 3485 5673 εἰσὶν
3507 5604 3599 5656 καὶ

2016 5669 2201 5743 ἕτεραι
2231 5672 2507 5741 δυνάμεις,
2539 5669 2613 5729 ὧν
2667 5673 2788 5726 οὐδὲ
2834 5672 2902 5726 τὰ
2953 5669 3190 5728 όνόιιατα
3220 5669 3400 5728 ίσιὶεν.
3465 5672 3600 5729 Sunt
