3792 6146
140 360 185 417 8|
1223 364 1581 422 COMMENT.
1620 363 1690 420 IN
1725 363 1921 421 JOAN.
1958 362 2198 421 TOMUS
2236 360 2277 417 1.
3316 366 3403 420 δε,

139 473 294 529 ἐκάλει
318 469 491 525 Σαὸαὶ
519 474 550 526 ὁ
586 470 878 546 Ἐϐραῖος,
904 476 1045 547 παρὸ
1071 478 1473 549 ἐσχηματίσθαι
1496 481 1587 536 τὸν
1615 483 1652 534 Σ

1820 480 1975 533 etiam
2008 478 2065 532 in
2096 478 2297 546 futuro,
2324 474 2550 531 credere
2580 475 2838 533 debemus
2878 475 2983 533 alia
3037 490 3157 533 esse
3200 479 3385 544 etiam,

138 566 260 620 baioli
287 566 524 635 ἄρχοντα
566 566 806 621 ἐκείνων
858 569 1213 639 τυγχάνοντα,
1261 572 1361 642 οὐχ
1407 573 1590 645 ἕτερον
1621 592 1652 627 τ

1818 579 2014 639 praeter
2047 568 2196 633 ~ha:c,
2242 566 2555 631 rationalia,
2580 583 2810 637 quorum
2846 568 3107 624 vocabula
3138 570 3281 625 haud
3311 572 3387 625 ita

140 659 270 713 Θεοῦ.
298 659 407 711 Καὶ
440 658 542 711 ἐπὶ
572 660 710 711 πᾶσι
747 659 945 732 Ονητὺν
992 660 1205 730 λογικὸν
1228 663 1257 714 ὁ
1290 662 1603 735 ἄνθρωπος.
1655 666 1715 718 Ὀ

136 752 285 805 τοίνυν
320 751 432 805 τῶν
454 752 599 807 ὅλων
627 753 768 818 Θεὸς
801 754 1015 826 πρῶτόν
1049 772 1102 808 τι
1129 759 1193 827 τῇ
1224 760 1353 829 τιμῇ
1387 758 1540 826 γένος
1566 757 1713 827 λογι-

136 844 216 897 κὸν
254 844 580 916 πεποίηκεν,
614 847 759 919 ὅπερ
785 841 940 918 οἶμαι
971 849 1095 912 τοὺς
1123 848 1488 921 καλουμένους
1532 850 1709 919 θεοὺς,

132 937 212 989 καὶ
235 936 496 1009 δεύτερον
532 938 626 991 ἐπὶ
674 938 774 993 τοῦ
810 941 1076 1012 παρόντος
1104 941 1478 997 καλείσθωσαν
1507 944 1709 1016 θρόνοι,

127 1028 210 1082 καὶ
245 1028 434 1099 τρίτον
476 1032 650 1102 χωρὶς
699 1033 1038 1097 διαστάσεως
1071 1034 1183 1106 (51)
1226 1036 1415 1107 ἀρχαί.
1456 1036 1611 1090 Οὕτω
1651 1037 1711 1091 δὲ

126 1118 195 1189 τῷ
222 1119 428 1189 λογικῴ
453 1121 568 1192 (52)
603 1124 943 1178 καταϐατέον
974 1125 1067 1179 ἐπὶ
1094 1124 1315 1197 ἔσχατον
1348 1126 1583 1197 λογικὸν,
1618 1131 1711 1186 τά·

126 1226 189 1278 χα
211 1211 312 1262 οὐκ
344 1210 475 1265 ἄλλο
522 1229 579 1265 τι
613 1212 708 1267 τοῦ
754 1212 1040 1286 ἀνθρώπου
1085 1215 1372 1286 τυγχάνον.
1434 1216 1491 1269 '0
1528 1217 1708 1272 τοίνυν

127 1302 303 1373 Σωτὴρ
335 1303 614 1377 Θειότερον
641 1306 822 1378 πολλῷ
846 1308 878 1379 ἢ
917 1309 945 1360 ό
978 1307 1187 1372 Παῦλος
1210 1310 1403 1379 γέγονε
1435 1312 1548 1375 τοῖς
1573 1313 1707 1366 πᾶσι

128 1395 313 1459 πάντα,
347 1396 434 1449 ἶνα
465 1398 650 1451 πάντα
678 1399 712 1469 ἢ
744 1400 1002 1474 κερδήσῃ,
1027 1400 1060 1472 ἥ
1091 1402 1372 1477 τελειώσῃ·
1402 1406 1496 1458 καὶ
1520 1405 1707 1475 σαφῶς

124 1487 331 1556 γέγονεν
376 1488 692 1561 ἀνθρώποις
742 1492 1025 1564 ἄνθρωπος
1044 1534 1059 1559 ,
1106 1496 1199 1549 καὶ
1247 1496 1497 1565 ἀγγέλοις
1542 1498 1705 1567 ἄγγε-

121 1582 205 1646 λος
224 1582 352 1655 (33).
376 1586 490 1640 Καὶ
519 1587 648 1658 περὶ
684 1587 782 1657 μὲν
814 1587 908 1641 τοῦ
932 1587 1216 1661 ἄνθρωπον
1239 1592 1401 1646 αὐτὸν
1424 1592 1704 1661 γεγονέναι

118 1675 285 1739 οὐδεὶς
314 1676 427 1731 τῶν
457 1682 904 1735 πεπιστευκότων
930 1681 1172 1747 διστάζει
1190 1699 1203 1712 ·
1241 1684 1370 1756 περὶ
1394 1684 1450 1737 δὲ
1477 1683 1575 1737 τοῦ
1604 1684 1706 1754 ἄγ-

116 1766 264 1834 γελον
297 1768 437 1838 (54),
492 1769 811 1842 πειθώμεθα
842 1772 1137 1844 τηροῦντες
1176 1773 1275 1838 τὰς
1302 1773 1410 1828 τῶν
1454 1775 1702 1844 ἀγγέλων

1817 658 2161 714 familiariter
2187 659 2345 714 nobis
2368 658 2474 713 sint
2506 659 2563 713 in
2591 676 2712 720 usu.
2745 675 2973 729 quorum
3008 677 3174 717 unum
3206 665 3381 732 quod-

1815 747 1938 803 dam
1966 764 2135 819 genus
2158 748 2300 805 Saba
2334 751 2568 806 vocabat
2589 751 2871 817 llebrtcus,
2914 753 2984 809 ob
3015 768 3134 808 eam
3159 769 3380 811 causam

1813 839 2003 896 dicens
2035 856 2230 897 nomen
2265 841 2564 897 formatum
2611 844 2781 899 fuisse
2812 843 3079 910 Sabaoth,
3106 846 3198 916 qui
3235 846 3388 915 prin-

1813 947 1941 1003 ceps
1979 933 2141 1005 hujus
2178 935 2385 989 ordinis
2418 946 2564 990 esset
2603 950 2702 991 nec
2750 936 2997 992 diversus
3018 952 3048 991 a
3076 935 3207 995 Deo.
3237 934 3387 992 Prte-

1814 1034 1895 1079 ter
1927 1026 2043 1082 haec
2081 1026 2265 1081 omnia
2312 1036 2393 1082 est
2442 1030 2680 1083 mortale
2716 1027 2982 1084 rationale
3036 1028 3155 1098 ipse
3196 1029 3380 1086 homo.

1813 1116 2202 1173 Universorum
2235 1133 2366 1189 ergo
2393 1118 2562 1186 Deus,
2599 1135 2771 1189 genus
2805 1120 3038 1190 primum
3065 1120 3173 1193 35
3201 1122 3381 1191 quod-

1810 1210 1930 1264 dam
1959 1210 2247 1277 rationale,
2278 1212 2424 1282 quod
2452 1212 2666 1267 caeteris
2708 1214 2914 1268 honore
2946 1214 3265 1281 excelleret,
3299 1213 3382 1269 l'e-

1808 1302 1910 1370 cit;
1940 1304 2084 1373 quod
2116 1319 2233 1361 mea
2276 1305 2549 1361 sententia
2594 1320 2691 1362 eos
2719 1306 3118 1377 complectatur
3151 1309 3246 1378 qui
3282 1323 3379 1363 vo-

1808 1406 2004 1451 cantur
2037 1397 2151 1463 dii;
2184 1398 2419 1453 alterum
2451 1398 2507 1453 in
2533 1400 2822 1467 praesentia
2866 1409 3129 1455 vocentur
3159 1400 3377 1465 throni;

1810 1487 2030 1542 tertium
2081 1504 2212 1545 vero
2240 1492 2575 1562 principatus
2609 1492 2729 1548 sine
2778 1492 3024 1548 dissidio.
3071 1493 3165 1549 Sic
3195 1503 3378 1550 autem

1806 1581 2060 1637 rationali
2100 1583 2169 1640 ad
2211 1582 2462 1639 ultimum
2508 1585 2778 1641 rationale
2814 1586 3249 1642 descendendum
3269 1597 3376 1654 est,

1803 1675 1947 1744 quod
1978 1691 2084 1730 non
2113 1675 2261 1732 aliud
2300 1676 2533 1732 fortasse
2566 1676 2732 1732 fuerit
2762 1693 2924 1747 quam
2950 1679 3137 1733 homo.
3177 1677 3376 1734 Serva-

1804 1773 1891 1821 tor
1925 1766 2110 1835 igitur,
2146 1768 2383 1823 divinius
2438 1767 2609 1823 multo
2648 1784 2812 1840 quam
2860 1767 3144 1835 Paulus”,
3195 1769 3375 1826 iactus

114 1859 432 1927 ἐπιφανείας
461 1862 559 1915 καὶ
613 1862 823 1932 λόγους,
852 1865 940 1917 ὅτε
968 1866 1069 1935 τῆς
1108 1866 1217 1920 τῶν
1249 1867 1497 1936 ἀγγέλων
1544 1867 1652 1932 ὲξοι

1800 1868 1884 1913 est
1920 1859 2174 1914 omnibus
2203 1860 2406 1928 omnia,
2454 1872 2515 1915 ut
2547 1876 2738 1917 omnes
2771 1862 2855 1918 vel
2904 1862 3258 1920 lucrifaceret
3288 1863 3373 1919 vel

114 1950 229 2014 σίας
274 1952 551 2022 φαίνεται,
587 1954 644 2008 ἐν
687 1972 794 2008 τισι
826 1956 1010 2021 τόποις
1053 1958 1151 2030 τῆς
1188 1958 1413 2030 Γραφῆς
1451 1960 1697 2029 ἀγγέλων

111 2041 393 2110 λεγόντων,
448 2043 640 2117 ὥσπερ
674 2048 767 2100 ἐπὶ
799 2047 892 2101 τοῦ
913 2065 925 2077 ·
967 2048 1153 2117 Ὠερθη
1190 2049 1445 2120 ἅγγελος
1479 2051 1696 2120 Κυρίου

108 2135 172 2187 ἐν
216 2138 363 2206 πιφὶ
414 2139 647 2209 φλογὸς
692 2138 909 2204 βάτου,
959 2139 1057 2195 καὶ
1107 2137 1306 2196 εἶπενο
1364 2142 1503 2213 Ἐγὼ
1552 2143 1697 2211 Θεὸς

119 2229 398 2300 Ἀϐραὰμ,
446 2233 547 2287 καὶ
595 2233 823 2301 Ἰσαὰκ,
868 2233 969 2287 καὶ
1018 2234 1243 2289 Ἰακώϐ.
1314 2234 1477 2289 Ἀλλὰ
1529 2237 1623 2290 καὶ
1666 2238 1696 2291 ό

115 2316 346 2385 Ἡσαΐας
378 2323 515 2394 φησι
534 2340 548 2353 -
581 2325 861 2380 Καλεῐται
888 2325 951 2379 τὸ
994 2325 1183 2395 ὄνομα
1213 2327 1400 2382 αὑτοῦ
1425 2328 1696 2399 μεγάλης

102 2412 341 2482 βουλῆς
370 2413 649 2486 ἄγγελος.
685 2417 907 2489 Πρῶτος
936 2414 1030 2471 οὖν
1059 2418 1154 2471 καὶ
1197 2417 1423 2488 ἔσχατος
1451 2420 1480 2473 ὁ
1506 2418 1694 2492 Σωτὴρ

106 2508 197 2578 οὐχ
226 2508 311 2560 ὅτι
335 2508 398 2561 οὐ
430 2510 502 2562 τὰ
534 2511 764 2580 μεταξὺ,
792 2509 928 2564 ἀλλὰ
954 2509 1064 2563 τῶν
1098 2511 1305 2583 ἄκρων,
1337 2511 1423 2565 ἵνα
1452 2511 1690 2584 δηλωθῇ.

106 2601 180 2653 ὅτι
204 2600 275 2654 τὰ
323 2602 507 2656 πάντα
538 2602 761 2671 γέγονεν
793 2603 972 2666 αὐτός.
1018 2602 1341 2676 Ἐπίστησον
1377 2603 1435 2658 δὲ
1465 2606 1692 2677 πότερον

103 2689 385 2763 ἄνθρωπός
415 2695 536 2745 ἐστι
563 2695 625 2746 τὸ
657 2694 882 2763 ἔσχατον
913 2694 947 2766 ἢ
979 2693 1048 2748 τὰ
1086 2695 1397 2766 καλούμενα
1426 2697 1692 2768 καταχθό-

103 2798 203 2845 νια,
228 2777 309 2835 ὧν
357 2785 467 2837 εἰσι
520 2786 615 2837 καὶ
660 2787 708 2837 oi
749 2776 1023 2857 δαίμονες,
1058 2787 1174 2857 ἦτοι
1205 2788 1486 2860 πάντες,ἦ
1523 2806 1687 2854 τινες.

103 2873 371 2944 Ζηητὲον
418 2872 488 2927 τὰ
520 2877 600 2939 εἰς
628 2875 665 2929 ἃ
696 2876 792 2930 καὶ
833 2875 972 2930 αὐτὰ
997 2876 1286 2948 γενόμενος
1330 2880 1359 2932 ὁ
1385 2878 1575 2950 Σωτὴρ
1603 2879 1691 2934 διὰ

101 2962 189 3015 τοῦ
221 2965 514 3037 προφήτου
558 2967 723 3020 Δαυῖδ
754 2984 886 3039 φησι
906 2984 919 2997 ⁸
954 2969 1064 3022 Kal
1092 2968 1386 3038 ἐγενήθην
1412 2970 1554 3025 ὡσεὶ
1581 2970 1689 3025 ἄν·

102 3059 331 3123 θιηωπος
368 3057 705 3126 ἀϐοήθητος
731 3060 802 3113 ἐν
834 3061 1068 3130 νεκροῖς
1102 3062 1416 3130 ἐλεύθερος
1438 3079 1451 3093 ·
1501 3062 1690 3138 ὥσπερ

104 3147 258 3201 πλέον
285 3147 429 3218 ἔχων
461 3150 575 3221 (55)
608 3150 760 3222 παρὰ
791 3150 1107 3224 ἀνθρώπους
1134 3152 1275 3206 κατὰ
1317 3153 1415 3224 τὴν
1455 3156 1519 3207 ὲκ
1548 3172 1689 3227 παρ-

100 3241 246 3294 θένου
297 3242 537 3310 γένεσιν,
571 3243 668 3296 καὶ
716 3244 860 3297 κατὰ
903 3244 994 3299 τὸν
1039 3245 1221 3298 λοιπὸν
1254 3246 1312 3298 ὲν
1365 3246 1688 3317 παραδόξοις

101 3332 225 3403 βίον,
262 3334 443 3400 οὕτως
467 3338 527 3390 ἐν
554 3339 770 3409 νεκροῖς
793 3338 934 3392 κατὰ
959 3339 1021 3392 τὸ
1051 3338 1210 3410 μόνος
1238 3334 1518 3395 ὲκείεῖναι
1538 3340 1689 3394 ἐλεύ-

100 3426 273 3497 θερος,
322 3428 425 3481 οὐκ
480 3427 968 3496 ἐγκαταλέλειπται
1006 3431 1040 3500 ὴ
1079 3428 1226 3500 ψυχὴ
1255 3428 1419 3482 αὐτοῦ
1470 3430 1551 3493 εἰς
1596 3429 1684 3483 τὸν

97 3518 248 3591 ᾅδην.
303 3519 493 3584 Οὕτως
540 3522 638 3592 μὲν
687 3517 783 3575 οὖν
816 3521 1032 3592 πρῶτος
1077 3523 1171 3577 καὶ
1222 3522 1467 3593 ἔσχατος.
1518 3522 1582 3575 Εἰ
1624 3522 1682 3576 δέ

97 3613 207 3665 ἐπι
239 3615 554 3685 γράμματα
581 3614 739 3680 Θεοῦ,
791 3614 980 3687 ὥσπερ
1016 3616 1185 3678 ἐστὶν,
1240 3615 1384 3687 ειπερ
1415 3613 1681 3684 ἀναγινώ-

98 3720 319 3769 σκοντες
343 3707 394 3759 oi
424 3706 573 3775 ἅγιοι
606 3724 770 3776 φασιν
797 3707 1161 3776 ἀνεγνωκέναι
1191 3708 1258 3761 τὰ
1284 3710 1344 3761 ὲν
1370 3710 1491 3772 ταῖς
1520 3706 1683 3773 πλαξὶ

1801 1947 2092 2016 perliceret
2123 1963 2137 2001 :
2168 1957 2225 2003 et
2267 1947 2558 2005 manifeste
2605 1949 2768 2005 homo
2808 1949 3142 2015 hominibus,
3169 1947 3377 2019 angelis

1799 2038 2024 2109 angelus
2049 2040 2228 2095 factus
2264 2047 2371 2096 est.
2406 2039 2651 2111 Cumque
2679 2042 2920 2098 ﬁdelium
2954 2056 3111 2099 nemo
3132 2043 3371 2107 ambigat

1800 2132 2076 2187 hominem
2122 2146 2247 2188 eum
2295 2133 2482 2201 fuisse,
2518 2133 2769 2203 angelum
2806 2135 2971 2189 etiam
3021 2148 3147 2190 eum
3204 2134 3371 2189 fuisse

1797 2225 2127 2281 inducamur
2169 2226 2235 2281 ad
2287 2226 2662 2290 credendum,
2722 2234 3010 2281 servantes
3054 2224 3370 2296 angelorum

1797 2318 2164 2390 apparitiones
2209 2327 2266 2374 et
2304 2319 2494 2383 verba,
2524 2320 2740 2390 quando
2764 2327 3091 2388 potestatem
3124 2335 3249 2375 eum
3274 2333 3368 2389 ap-

1796 2419 1956 2480 paret
1996 2413 2312 2482 angelorum
2349 2411 2594 2467 habere:
2626 2411 2686 2480 in_
2712 2412 3035 2481 quibusdam
3071 2412 3368 2483 Scriptura:

1797 2502 1934 2558 locis
1967 2502 2174 2573 angelis
2204 2502 2574 2572 loquentibus,
2611 2500 2776 2557 veluti
2800 2500 2895 2558 illo
2920 2502 2972 2556 in
2996 2502 3117 2559 loco
3141 2504 3188 2535 π
3219 2519 3234 2557 :
3277 2501 3361 2557 Vi-

1792 2613 1883 2651 sus
1923 2605 2002 2650 est
2044 2595 2259 2667 angelus
2304 2595 2519 2651 Domini
2566 2597 2622 2650 in
2666 2598 2886 2666 ﬂamma
2924 2598 3061 2667 ignis
3103 2598 3168 2652 de
3194 2599 3367 2654 medio

1795 2690 1932 2753 rubi,
1964 2698 2015 2743 et
2040 2689 2178 2744 dixit
2203 2708 2221 2746 :
2249 2688 2362 2760 Ego
2401 2704 2520 2745 sum
2565 2688 2707 2744 Deus
2755 2689 3049 2756 Abraham,
3084 2703 3133 2744 et
3185 2689 3363 2757 Isaac,

1792 2794 1837 2835 et
1875 2778 2067 2836 Iacob.
2098 2782 2238 2849 Quin
2269 2782 2438 2837 etiam
2478 2779 2649 2835 Isaias
2678 2779 2873 2837 dicit"
2902 2798 2918 2837 :
2955 2779 3245 2836 Vocabitur
3274 2798 3362 2838 nov

1792 2890 1912 2929 men
1951 2874 2062 2944 ejus
2113 2876 2292 2946 magni
2335 2873 2547 2930 consilii
2593 2874 2846 2945 Angelus.
2900 2875 3119 2931 Primus
3148 2890 3281 2947 ergo
3310 2885 3370 2932 et

1794 2966 2015 3021 ultimus
2053 2978 2140 3023 est
2175 2966 2454 3035 Servator,
2485 2983 2592 3025 non
2621 2970 2766 3038 quod
2794 2985 2899 3025 non
2939 2970 3012 3024 sit
3041 2968 3206 3023 etiam
3247 2982 3361 3023 me-

1791 3061 1903 3125 dia,
1955 3059 2052 3116 sed
2107 3060 2314 3117 idcirco
2379 3061 2614 3118 duorum
2672 3072 3047 3118 extremorum
3100 3061 3365 3118 vocabulo

1793 3153 2013 3224 gaudet,
2046 3165 2107 3210 ut
2153 3153 2398 3212 declaret
2433 3172 2495 3212 se
2531 3156 2715 3212 omnia
2759 3154 2950 3211 luisse.
2995 3155 3206 3226 inspice
3234 3170 3369 3211 vero

1794 3257 1975 3300 utrum
2009 3247 2174 3302 homo
2210 3248 2282 3302 sit
2324 3248 2572 3303 ultimum
2603 3247 2903 3315 rationale;
2933 3263 3002 3301 an
3022 3262 3087 3302 ea
3115 3262 3237 3319 quae
3270 3261 3356 3302 mo

1793 3350 1994 3394 cantur
2044 3340 2421 3404 subterranea,
2471 3356 2705 3411 quorum
2735 3341 2801 3396 de
2838 3354 3068 3395 numero
3097 3347 3222 3395 sunt
3255 3339 3355 3393 da:-

1794 3444 2003 3492 mones,
2048 3429 2128 3485 vel
2165 3444 2378 3497 omnes,
2424 3432 2509 3484 vel
2555 3428 2744 3500 aliqui.
2790 3426 3117 3498 lnquirenda
3160 3433 3358 3481 suntet

1790 3520 1904 3588 illa,
1929 3536 2051 3592 quat
2081 3522 2342 3577 Servatur
2373 3536 2435 3577 se
2483 3520 2685 3576 factum
2717 3536 2810 3591 per
2844 3518 3166 3590 prophetam
3194 3516 3357 3571 David

1789 3614 2027 3684 inquit"
2061 3632 2078 3670 :
2116 3614 2188 3668 Et
2231 3614 2404 3682 factus
2444 3632 2562 3669 sum
2596 3616 2728 3671 sicut
2778 3616 2934 3669 homo
2954 3615 3066 3667 sine
3092 3609 3359 3682 adjutorio

1787 3709 1926 3761 inter
1958 3717 2193 3763 mortuos
2221 3707 2389 3773 liber;
2425 3708 2567 3764 sicut
2588 3709 2707 3778 plus
2742 3709 2951 3765 habens
2982 3720 3093 3777 pne
3128 3702 3360 3760 homini-

159 3842 243 3895 ⁸⁸1
280 3841 408 3900 Cor.
430 3859 513 3909 Ix,
537 3844 629 3898 22.
708 3844 755 3878 ”
791 3844 961 3900 Exod.
996 3861 1076 3908 nt,
1098 3846 1159 3907 2.
1188 3843 1239 3899 6.
1321 3845 1366 3877 ’ί
1394 3859 1515 3917 cap.
1550 3864 1627 3909 ix,
1657 3863 1799 3903 vers.
1824 3847 1879 3900 6.
1951 3845 1998 3879 “
2028 3843 2171 3901 Psal.
2203 3857 2443 3905 Lxxxvn,
2475 3845 2527 3906 5.
2552 3844 2598 3898 6.

93 3964 241 4017 enim.
268 3974 466 4016 suntet
500 3964 623 4016 alim
648 3963 885 4027 virtutes,
936 3980 1158 4033 quorum
1194 3981 1256 4017 ne
1308 3964 1523 4019 nomina
1556 3965 1677 4030 qui-

95 4040 203 4105 dent
232 4034 457 4091 scimus.
491 4034 647 4100 Quod
688 4036 847 4105 paulo
879 4044 997 4105 post
1047 4050 1112 4088 ex
1156 4049 1318 4103 supra
1374 4044 1679 4105 memorato

94 4104 240 4159 Pauli
294 4105 367 4159 ad
434 4105 702 4174 Ephesios
754 4104 878 4159 loco
933 4105 1194 4174 colligere
1239 4119 1300 4159 se
1368 4104 1675 4172 prolitetur.

95 4176 265 4242 Atque
298 4175 353 4228 id
392 4173 567 4242 ipsum
598 4177 759 4230 iterat
787 4186 924 4229 orat.
960 4174 1001 4227 γ
1033 4173 1230 4229 contra
1271 4176 1569 4242 Anoqus,
1621 4184 1679 4230 et

98 4247 279 4299 homil.
304 4246 343 4300 3
368 4245 423 4297 in
457 4244 686 4314 Epistol.
715 4246 786 4298 ad
814 4245 1003 4314 Ephes.
1049 4246 1441 4314 Assentiuntur
1496 4244 1675 4314 Chry-

95 4330 334 4371 sosmmo
356 4312 743 4371 Theodoretus
788 4317 839 4371 in
860 4312 1118 4370 eumde
1145 4312 1385 4381 ejusdem
1420 4312 1675 4383 Epistolaa

98 4388 290 4450 locum,
319 4386 697 4457 (Ecumeuius
724 4396 779 4439 et
813 4386 1276 4457 Theophylactus.
1304 4383 1570 4441 Hunnus.

158 4458 270 4523 (3i)
304 4456 709 4523 Διωτὰσεως.
737 4457 897 4511 Forte
924 4456 1239 4520 διστάσεως.

160 4527 276 4587 (52)
308 4526 564 4598 Λογιχῷ.
597 4528 761 4598 Forte
791 4527 1069 4596 legendum
1098 4525 1362 4598 λογισμῷ.

254 4601 275 4666 )
309 4596 421 4653 Kal
452 4597 666 4666 σαφῶς
689 4597 937 4667 γέγονεν
981 4596 1319 4666 ἀνθρώποις
1334 4596 1664 4667 ἄνθρωπος,

95 4666 189 4725 καὶ
212 4667 497 4739 ἀγγέλοις
524 4666 799 4739 ἄγγελος.
831 4668 1097 4739 Origenes
1134 4668 1235 4739 lib.
1270 4669 1366 4722 lin
1398 4666 1567 4737 Epist.
1596 4670 1668 4722 ad

95 4737 429 4809 RmuJHoc
461 4737 889 4809 quod’apparuit
935 4737 1168 4808 angelis,
1208 4738 1312 4792 non
1357 4739 1432 4792 eis
1477 4740 1669 4809 absque

97 4808 386 4879 Erangelio
416 4812 688 4878 apparuit,
731 4811 871 4864 sicut
905 4825 998 4864 nec
1023 4810 1174 4864 nobis
1200 4809 1411 4871 quidem
1433 4808 1666 4863 homini-

95 4883 208 4944 bus,
235 4884 306 4935 ad
338 4898 472 4949 quos
501 4882 719 4934 missum
743 4898 797 4933 se
824 4882 975 4942 dicit,
1006 4880 1386 4949 evangelizare
1419 4882 1669 4947 pauperi-

96 4951 213 5017 bus,
254 4952 535 5005 dimittere
563 4952 808 5018 captivos
841 4952 894 5004 in
928 4951 1328 5013 remissionem,
1370 4959 1427 5002 et
1458 4964 1668 5003 annun-

97 5023 228 5078 tiare
272 5038 478 5076 annum
508 5021 722 5075 Domini
752 5030 1057 5089 acceptum.
1087 5019 1147 5075 Si
1185 5035 1308 5087 ergo
1349 5036 1468 5072 cum
1499 5036 1668 5088 appa-

95 5095 216 5156 ruit,
250 5093 403 5146 nobis
432 5094 678 5146 omnibus
726 5091 1023 5145 hominibus
1071 5108 1174 5144 non
1221 5093 1334 5144 sine
1375 5089 1664 5157 Evangelio

95 5165 359 5230 apparuit,
383 5166 762 5232 consequentia
784 5163 994 5232 videtur
1022 5166 1314 5218 ostendere,
1344 5160 1484 5229 quod
1509 5161 1668 5232 etiam

96 5229 328 5301 angelico
362 5229 681 5286 ordini—non
722 5233 863 5301 sine,
884 5229 1169 5300 Evangelia
1207 5234 1540 5301 apparuerit,
1574 5230 1666 5284 illo

95 5300 336 5368 fortassis
360 5304 501 5373 quod
534 5314 789 5357 internum
822 5300 1167 5373 Evttngelium
1192 5320 1223 5355 ιι
1250 5300 1460 5355 Joanne
1483 5317 1672 5373 mento-

97 5384 268 5426 ratum
300 5369 461 5442 supra
500 5375 838 5429 edocuimus.
881 5369 941 5427 Si
975 5369 1096 5427 itero
1138 5373 1298 5427 etiam
1352 5373 1406 5424 in
1451 5372 1667 5439 reliquis

93 5443 383 5497 caestibus
411 5445 691 5499 ordinibus
733 5444 839 5496 tale
879 5443 1084 5512 aliquid
1125 5450 1327 5512 gestant
1364 5457 1478 5496 esse
1512 5443 1577 5512 ab
1607 5459 1667 5495 eo

91 5515 465 5579 suspicandum
487 5516 579 5577 sit,
606 5515 661 5569 in
696 5532 758 5567 ea
786 5530 894 5583 qua
925 5511 1330 5583 singuliqaique
1349 5520 1473 5566 sunt
1495 5511 1670 5579 forma

92 5588 337 5650 apparuit
372 5586 469 5651 eis,
510 5586 840 5640 annuntians
891 5601 1110 5652 pacem,
1159 5583 1668 5654 quoniamrquidem

89 5669 184 5725 per
214 5657 526 5725 sanguinem
555 5657 733 5710 crucis
764 5671 876 5708 sua:
892 5653 1190 5723 paciﬁcavit
1215 5670 1319 5708 non
1358 5653 1528 5707 solum
1552 5668 1669 5721 qua:

88 5721 143 5797 in
170 5721 339 5797 terra,
364 5728 452 5780 sed
466 5728 666 5797 quaziin
698 5726 846 5779 celis
872 5721 1035 5797 sunt,
1058 5726 1214 5779 etiam
1248 5735 1305 5797 tu
1327 5727 1466 5792 apud
1492 5731 1670 5797 tentet-

91 5793 550 5866 ipsumdiscutilo;
568 5796 724 5851 llunc
738 5810 1004 5866 errorem.
1023 5796 1130 5866 jam
1151 5795 1595 5865 anteOt-igencm,
1616 5793 1666 5845 iu

94 5863 370 5927 aliquibus
410 5869 777 5940 castigaverat
817 5863 1184 5923 Tcrtullianus
1242 5867 1335 5921 lili.
1387 5863 1465 5921 De
1508 5878 1670 5918 carne

1778 3962 1996 4024 Christi,
2028 3975 2151 4029 cap.
2188 3957 2275 4022 ll,
2304 3968 2357 4011 et
2388 3956 2441 4009 in
2477 3955 2595 4023 ipso
2623 3950 3098 4035 tlemumrprigene
3131 3957 3363 4035 dam‘nag
3412 4030 3413 4033 η

1779 4042 1864 4087 tus
1887 4040 1970 4086 est
2003 4024 2200 4101 quarto
2228 4043 2260 4083 e
2291 4041 2509 4101 novem_
2533 4024 3014 4101 anatltematismis
3042 4024 3358 4101 _Jus_tiniani

1775 4092 2117 4158 enistolze'ad
2147 4099 2398 4153 Menuam
2430 4096 2709 4166 subjectis.
2745 4092 2849 4147 Sed
2898 4093 2966 4149 de
3000 4097 3086 4151 his
3114 4098 3358 4166 pluribus

1774 4175 2111 4239 disputamus
2146 4173 2197 4224 in
2226 4167 2580 4238 Origenianis.
2615 4165 3089 4222 HUE'l‘lUS.-Vide
3115 4165 3300 4225 homil.
3322 4172 3359 4227 8

1776 4244 1827 4297 in
1863 4242 2089 4305 Gencs.,
2132 4255 2185 4293 n.
2216 4240 2269 4294 8.

1854 4336 1968 4407 (54)
2029 4336 2169 4407 Περῇ
2214 4332 2282 4387 δὲ
2314 4330 2419 4385 τοῦ
2456 4329 2735 4407 ᾆπγελοφς,
2772 4340 2879 4407 etc.
2929 4328 3074 4407 [pira
3115 4331 3304 4407 t_out_ll
3340 4352 3354 4385 :

1778 4398 2002 4477 Μήποτε
2026 4398 2201 4469 δὲξῶς
2233 4420 2412 4477 φαμεν
2429 4398 2577 4455 τόνδε
2608 4398 2728 4477 τινὰ
2749 4399 2883 4477 προς
2903 4400 3053 4477 τόνδε
3086 4400 3364 4477 γίνεσθαι,

1778 4469 1952 4541 οὕτως
1979 4479 2008 4529 ό
2038 4477 2132 4531 νῦν
2159 4469 2576 4543 θεολογούμενος
2608 4470 2739 4544 Υἱός
2772 4469 2944 4544 Λόγος
2963 4469 3194 4544 ἐγενήθη
3218 4472 3357 4544 πρὸς

1699 4542 1745 4598 D
1787 4539 1942 4617 Ὠσηὲ
1959 4547 2286 4610 ἀποσταλεὶς
2299 4539 2404 4598 ὕπὸ
2418 4539 2515 4617 τοῦ
2536 4539 2750 4617 Πατρός
2775 4541 2910 4611 πρὸς
2941 4539 3122 4596 αὐτόν.
3149 4539 3357 4611 Nempe

1775 4622 1822 4673 ei
1853 4613 2069 4688 quoque
2098 4618 2326 4673 adhaesit
2353 4613 2909 4688 OpinlOIILQI‘lgellCS,
2949 4628 3112 4688 quam
3157 4629 3357 4683 magna

1776 4682 1902 4758 pars
1927 4682 2143 4743 Patrum
2168 4682 2414 4756 amplexa
2442 4695 2556 4758 est,
2576 4682 2770 4758 Filium
2792 4685 2966 4758 ipsum
2991 4683 3080 4736 Dei
3114 4682 3354 4758 patriar-

1775 4752 1894 4814 chis
1922 4768 1978 4814 et
2017 4752 2302 4828 prophetis
2337 4754 2674 4828 apparuisse.
2703 4752 2842 4807 Vide
2866 4752 3079 4807 Sixtum
3118 4756 3348 4810 Scneus.

1776 4829 1869 4883 lib.
1898 4846 1952 4897 v,
1984 4827 2167 4885 adnol.
2191 4829 2314 4884 102.
2345 4827 2609 4882 Huartus.

1847 4921 1960 4991 (35)
1993 4922 2215 4990 Ὥσπερ
2243 4920 2434 4976 πλέον
2456 4921 2631 4989 ἔχων,
2661 4927 2768 4973 etc.
2804 4917 3020 4991 Triplex
3052 4933 3231 4972 rerum
3263 4934 3351 4972 ra-

1778 4990 1926 5048 tione
1957 4994 2269 5062 pollentium
2312 5008 2481 5062 genus
2520 4991 2734 5062 statuit,
2782 4990 3127 5057 angelorum,
3170 4990 3349 5042 homi-

1777 5080 1903 5117 num
1938 5061 1994 5117 et
2024 5062 2131 5115 τῶν
2168 5061 2558 5133 καταχθονίων,
2604 5061 2753 5133 inter
2788 5075 2908 5130 qua:
2955 5063 3345 5133 damonest‘e-

1774 5144 1978 5188 censet.
2008 5136 2140 5186 (tum
2173 5129 2354 5187 autem
2372 5132 2554 5186 omnia
2586 5129 2840 5185 omnibus
2871 5133 3079 5185 ratione
3108 5129 3349 5201 praeditis

1777 5208 1979 5259 iactum
2015 5204 2163 5258 dicat
2193 5203 2628 5272 Sospitatorem;
2682 5201 2998 5258 hominibus
3045 5201 3343 5264 hominem,

1776 5292 1897 5329 cum
1925 5289 2140 5328 carnem
2180 5275 2505 5343 assumpsit;
2550 5273 2756 5342 angelis
2783 5273 3062 5341 angelum,
3094 5286 3217 5343 cum
3250 5286 3345 5343 pa-

1779 5345 2034 5399 triarchis
2065 5354 2120 5399 et
2159 5339 2438 5414 prophetis
2475 5339 2770 5408 visus—est;
2801 5339 3019 5397 tertium
3059 5339 3343 5414 divisionis

1777 5416 2076 5470 membrum
2113 5407 2404 5469 essec'utus
2439 5426 2559 5481 est,
2603 5424 2656 5468 et
2689 5407 2965 5468 Christum
3007 5413 3071 5466 ad
3114 5407 3342 5464 lucrifa-

1775 5487 1961 5541 cienda
1988 5485 2061 5541 τὰ
2082 5485 2435 5556 καταχθόνια,
2454 5501 2576 5541 sese
2599 5487 2665 5539 iis
2682 5482 3134 5556 similem‘iecisse
3162 5481 3340 5556 docet,

1774 5557 2011 5625 quando.
2022 5558 2195 5628 factus
2218 5549 2292 5612 est
2322 5558 2458 5611 inter
2476 5568 2717 5628 mortuos
2740 5554 2889 5628 liber.
2923 5552 3056 5607 Nam
3093 5565 3213 5604 cum
3238 5549 3340 5628 d-u—

1776 5620 1898 5696 plici
1932 5620 2130 5696 genere
2154 5636 2405 5701 constent
2433 5625 2783 5701 καταχθόνια2
2827 5627 3127 5701 dzemouum
3167 5629 3221 5674 et
3247 5620 3343 5701 de-

1777 5701 2086 5753 functorum
2139 5700 2436 5762 hominum,
2486 5697 2719 5765 cumque
2773 5697 2974 5765 horum
3008 5697 3119 5759 jam
3166 5698 3338 5765 _autea

1776 5769 2007 5825 formant
2054 5770 2375 5837 sumpsisset
2418 5760 2669 5823 Christus
2706 5766 2922 5836 quando
2965 5764 3127 5819 homo
3160 5760 3349 5818 lactus

1776 5848 1879 5906 est,
1912 5839 2125 5895 illorum
2154 5854 2369 5896 sumere
2388 5838 2590 5895 debuit.
2625 5837 2697 5893 lo.
