3792 6146
394 362 473 423 83
1847 358 1961 417 0R]

2080 359 2169 416 {IS
3078 397 3085 403 υ
3568 359 3635 414 ει

394 476 519 543 bus,
547 473 669 544 quia
705 481 864 530 natus
902 474 973 533 sit
1013 490 1081 532 ex
1116 473 1360 546 Virgine,
1390 477 1445 532 et
1472 475 1544 531 ob
1589 474 1852 546 reliquam
1885 478 1961 531 vi-

2080 474 2161 530 εοῦ
2189 473 2441 547 οὐρανοῦ,
2493 473 2562 526 τά
2614 473 2851 544 στοιχεῖα
2885 473 3089 536 ἐκεῖνα,
3140 471 3228 526 ἵνα
3271 469 3338 525 δι’
3367 471 3546 527 αὐτῶν
3571 477 3637 528 τά

395 575 505 622 tam
556 565 960 623 admirabiliter
992 575 1343 635 transactam,
1391 566 1466 621 ita
1517 566 1662 623 inter
1717 579 1962 624 mortuos

393 674 501 715 non
533 659 788 715 derelicta
820 669 903 715 est
946 658 1126 714 anima
1172 657 1291 728 ejus
1314 659 1365 714 in
1400 656 1694 725 infernum,
1723 674 1791 715 eo
1819 660 1962 731 quod

392 752 505 807 illic
534 751 683 807 solus
709 752 875 808 fuerit
911 752 1070 811 liber.
1113 750 1289 822 Atque
1319 753 1466 808 hunc
1509 753 1728 823 quidem
1758 752 1813 808 in
1854 770 1962 809 mo-

389 843 518 897 dum
569 845 781 913 primus
830 853 916 900 est
953 853 1009 901 et
1049 843 1291 901 ultimus.
1331 845 1487 913 Quod
1532 846 1576 901 si
1613 853 1740 901 sunt
1768 845 1963 900 litterae

390 930 505 1001 Dei,
532 944 593 990 ut
620 945 772 992 certe
806 946 951 998 sunt.
975 953 1112 1009 quas
1138 938 1308 994 sancti
1340 938 1580 1008 legentes
1610 953 1674 994 ea
1695 953 1754 993 se
1775 938 1963 992 dicunt

388 1039 589 1094 .egere,
625 1042 745 1097 quae
775 1028 886 1084 sint
916 1030 971 1084 in
1000 1029 1201 1085 tabulis
1235 1030 1385 1095 coeli,
1412 1030 1680 1086 elementa
1728 1030 1842 1094 illa,
1867 1046 1963 1100 per

389 1132 511 1187 quas
568 1118 794 1190 legenda
831 1130 955 1177 sunt
1003 1122 1267 1190 cmlestia,
1299 1123 1549 1180 notiones
1573 1132 1721 1189 sunt,
1756 1124 1810 1179 in
1854 1123 1964 1196 36

389 1210 632 1266 minutas
681 1220 867 1282 partes
918 1213 1137 1280 divisas,
1188 1230 1381 1285 nempe
1432 1217 1483 1270 in
1531 1215 1577 1268 A
1623 1224 1679 1269 et
1718 1229 1838 1286 quae
1873 1229 1963 1270 se-

390 1311 656 1371 quuntur,
710 1319 883 1375 usque
925 1306 990 1361 ad
1031 1307 1094 1370 Ω,
1127 1307 1269 1375 quod
1326 1316 1411 1361 est
1446 1305 1616 1361 Filius
1655 1306 1773 1361 Dei.
1820 1304 1962 1359 Ruro

390 1409 488 1450 sus
539 1394 681 1451 idem
730 1399 1055 1468 principium
1103 1409 1187 1455 est
1232 1409 1289 1454 et
1326 1400 1478 1464 ﬁnis;
1527 1400 1621 1454 sed
1664 1401 1961 1454 secundum

386 1488 822 1559 signiﬁcationes
868 1507 975 1546 non
1009 1501 1095 1547 est
1124 1492 1288 1546 idem.
1324 1491 1457 1546 Nam
1493 1491 1820 1562 principium
1851 1499 1961 1557 est,

387 1589 659 1649 quatenus
684 1583 952 1650 sapientia
986 1591 1089 1647 est,
1120 1593 1181 1636 ut
1209 1583 1264 1637 in
1302 1581 1614 1638 Proverbiis
1649 1583 1962 1638 didicimus.

388 1671 665 1742 Scriptum
696 1684 784 1729 est
817 1689 948 1744 ergo
976 1675 1021 1708 ⁸³
1051 1697 1064 1730 :
1096 1674 1239 1730 Deus
1275 1676 1470 1730 creavit
1518 1692 1598 1729 me
1642 1674 1961 1745 principium

386 1765 591 1818 viarum
618 1780 838 1820 suarum
868 1767 938 1821 ad
963 1781 1121 1836 opera
1150 1766 1286 1834 ejus.
1307 1763 1587 1833 Quatenus
1616 1773 1797 1820 autem
1830 1764 1962 1819 Ver-

387 1854 515 1909 bum
568 1866 673 1923 est,
729 1872 836 1912 non
891 1865 980 1912 est
1024 1856 1376 1926 principium,
1411 1857 1537 1925 quia
1602 1860 1659 1912 in
1702 1855 1963 1924 principio

393 1958 512 2004 erat
568 1932 811 2003 Verbum.
853 1946 1025 2018 Igitur
1068 1946 1495 2018 signiﬁcationes
1523 1944 1639 2012 eius
1684 1945 1961 2001 continent

387 2042 742 2112 principium,
765 2051 822 2097 et
851 2044 1150 2098 secundum
1179 2042 1459 2113 quiddam,
1482 2051 1538 2096 et
1566 2042 1806 2106 tertium,
1830 2055 1962 2110 pras-

2058 566 2285 637 οὐράνια
2335 562 2675 634 ἀναγνωσθῇ,
2711 565 2768 616 αἱ
2815 562 3011 617 ἔννοιαι
3043 562 3421 633 τυγχάνουσιν,
3476 581 3639 616 κατα-

2060 659 2522 732 κερματιζόμεναι
2549 661 2630 723 είς
2672 657 2837 728 ἄλφα,
2866 657 2959 711 καὶ
2990 655 3060 711 τὰ
3088 656 3234 729 ἑξῆς,
3267 656 3427 727 μέχρι
3451 657 3547 709 τοῦ
3574 678 3637 721 ω,

2058 751 2151 806 τοῦ
2187 750 2316 805 Υίοῦ
2345 750 2439 804 τοῦ
2485 750 2639 804 Θεοῦ.
2696 750 2864 804 Πάλιν
2894 749 2952 804 δέ
2992 748 3135 821 ἀρχὴ
3183 749 3277 801 καὶ
3306 749 3458 812 τέλος
3488 751 3516 802 6
3544 750 3639 802 αὑ-

2067 845 2175 909 τὸς.
2212 844 2324 898 ἀλλ’
2355 844 2415 898 οὐ
2444 843 2585 897 κατὰ
2611 843 2711 907 τὰς
2754 842 2997 906 ἐπινοίας
3037 844 3065 896 6
3092 842 3274 906 αὐτὸς.
3317 841 3483 915 Ἀρχὴ
3516 840 3640 912 γὰρ,

2066 936 2143 999 ὡς
2175 937 2234 988 ὲν
2279 937 2399 999 ταῖς
2438 935 2782 1003 Παροιμίαις
2834 932 3257 1006 μεμαθήκαμεν,
3313 935 3448 988 καθὸ
3493 935 3644 1002 σοφία

2067 1028 2342 1099 τυγχάνει,
2401 1026 2549 1079 ἐστί·
2598 1026 2919 1097 γέγραπται·
2956 1025 3117 1096 γοῦν·
3160 1027 3215 1080 '0
3266 1026 3413 1092 Θεὸς
3448 1026 3644 1081 Extitre

2063 1137 2140 1190 με
2185 1119 2382 1188 ἀρχὴν
2432 1116 2586 1172 ὁδῶν
2612 1118 2799 1172 αὑτοῦ
2846 1121 2935 1186 εἰς
2971 1118 3115 1190 ἔργα
3143 1118 3350 1172 αὐτοῦ.
3415 1119 3565 1172 Καθὸ
3589 1120 3641 1173 δὲ

2068 1212 2222 1280 λόγος
2248 1211 2414 1275 ἐστὶν,
2448 1210 2549 1264 οὐκ
2564 1209 2707 1263 ἔστιν
2725 1210 2866 1282 ἀρχή
2886 1226 2900 1240 ·
2913 1206 3145 1281 ,ὲν-ἀρχῇ
3167 1210 3273 1281 γὰρ
3294 1203 3374 1280 ἦν
3388 1207 3424 1259 d
3439 1210 3639 1278 Λόγος.

2070 1303 2279 1358 Οὐκοῦν
2306 1305 2361 1357 αἱ
2410 1304 2645 1356 ἐπίνοιαι
2679 1301 2844 1355 αὑτοῦ
2872 1300 3087 1372 ἔχουσιν
3115 1300 3309 1371 ἀρχὴν,
3345 1301 3444 1353 καὶ
3471 1299 3644 1352 δεύτε-

2071 1397 2163 1469 ρόν
2190 1414 2242 1449 τι
2276 1395 2426 1467 παρὰ
2458 1395 2555 1466 τὴν
2584 1394 2780 1467 ἀρχὴν,
2814 1395 2908 1446 καὶ
2939 1392 3140 1464 τρίτον,
3171 1393 3265 1446 καὶ
3290 1391 3464 1455 οὕτως
3488 1391 3643 1463 μέχρι

2069 1488 2252 1552 τέλους
2274 1504 2287 1518 ’
2329 1488 2461 1541 ὡσεὶ
2493 1487 2707 1556 ἐλεγενο
2765 1486 2932 1558 Ἀρχή
2969 1487 3108 1557 είμι,
3141 1485 3276 1538 καθὸ
3305 1484 3469 1555 σοφία
3496 1484 3606 1555 εἰμί
3624 1500 3640 1517 ο

2067 1580 2315 1653 δεύτερον
2345 1580 2423 1645 δὲ,
2474 1582 2524 1633 εί
2551 1579 2695 1633 οὕτω
2737 1578 2908 1650 τύχοι,
2955 1576 3091 1632 καθὸ
3124 1578 3351 1649 ἀόρατός
3383 1579 3523 1648 εἰμι,
3556 1578 3644 1631 καὶ

2067 1674 2247 1746 τρίτον
2274 1670 2409 1726 καθὸ
2438 1669 2550 1742 ζωή
2575 1689 2588 1702 ·
2618 1671 2741 1724 ἐπεὶ
2766 1670 2799 1725 ὃ
2827 1670 3096 1741 γέγονεν,
3129 1671 3198 1724 ἐν
3218 1668 3379 1736 αὐτῷ
3408 1669 3520 1738 ζωὴ
3549 1666 3641 1741 ἦν.

2067 1765 2175 1819 Καὶ
2210 1764 2373 1829 εἴτις
2406 1763 2589 1828 ἱκανὸς
2642 1763 2945 1834 βασανίζων
2978 1762 3069 1817 τὸν
3095 1762 3219 1817 νοῦν
3264 1762 3373 1816 τῶν
3419 1763 3643 1835 Γραφῶν

2065 1860 2217 1931 ὁρᾷν,
2254 1857 2394 1929 τάχα
2426 1858 2649 1929 εὑρήσει
2680 1855 2851 1910 πολλὰ
2877 1857 2975 1928 τῆς
3006 1855 3212 1924 τάξεως
3239 1858 3334 1910 καὶ
3376 1855 3439 1909 τὸ
3470 1857 3643 1920 τέλοςο

2065 1950 2165 2002 οὐκ
2196 1942 2351 2020 οἶμαι
2396 1947 2503 2021 γὰρ
2537 1948 2587 2000 εἰ
2623 1947 2820 2002 πάντα.
2852 1946 3190 2018 Σαφέστερον
3238 1946 3284 1999 δ’
3310 1948 3345 2018 ἡ
3379 1946 3524 2018 ἀρχὴ
3556 1947 3644 1999 καὶ

2063 2040 2218 2104 τέλος
2266 2039 2413 2094 δοκεῖ
2458 2039 2598 2094 κατὰ
2628 2040 2726 2112 τὴν
2778 2039 3068 2111 συνήθειαν
3119 2038 3196 2102 ὡς
3236 2039 3331 2092 ἐπὶ
3371 2039 3643 2110 ήνωμένου

386 2142 475 2185 ter
505 2133 853 2201 principium,
877 2141 934 2189 et
976 2134 1059 2189 sic
1087 2148 1260 2203 usque
1287 2133 1354 2187 ad
1385 2133 1545 2189 finem
1580 2150 1595 2187 :
1637 2142 1891 2203 tanquam
1916 2132 1959 2187 si

2080 2134 2348 2204 ιέγεσθαι·
2393 2128 2504 2187 οἷον
2554 2133 2696 2206 ἁρχὴ
2730 2133 2907 2198 οίκίας
2955 2136 2983 2188 6
3007 2132 3275 2204 θεμέλιος,
3306 2132 3402 2187 καὶ
3424 2132 3574 2196 τέλος
3608 2135 3639 2201 ή

386 2222 596 2279 diceret
625 2243 636 2278 :
668 2224 1000 2294 Principium
1031 2241 1173 2290 sum,
1197 2232 1469 2296 quatenus
1498 2225 1766 2294 sapientia
1802 2240 1959 2291 sum;

387 2316 688 2372 secundum
744 2327 949 2381 autem,
976 2317 1020 2372 si
1073 2317 1217 2373 forte
1266 2316 1346 2371 sic
1376 2316 1718 2387 contingeret
1744 2315 1874 2378 dici,
1908 2315 1961 2369 in

385 2419 649 2477 quantum
679 2424 797 2464 sum
823 2410 1137 2473 invisibilis.
1166 2409 1407 2477 tertium,
1446 2409 1497 2463 in
1531 2418 1791 2477 quantum
1817 2408 1961 2472 vita;

384 2500 643 2571 quoniam
669 2503 810 2570 quod
832 2502 1037 2570 factum
1058 2512 1154 2565 est,
1178 2502 1234 2555 in
1256 2503 1368 2570 ipso
1390 2501 1495 2555 vita
1522 2511 1634 2556 erat
1655 2502 1720 2556 “.
1746 2502 1899 2569 Quod
1920 2501 1965 2557 si

384 2593 510 2662 quis
534 2593 940 2663 Scripturartnn
973 2609 1192 2651 sensum
1225 2594 1584 2664 investigans,
1620 2595 1852 2651 idoneus
1885 2604 1970 2651 est

385 2698 513 2740 eum
528 2688 770 2756 assequi,
785 2688 832 2743 is
846 2687 1062 2758 quidem
1084 2688 1316 2743 fortasse
1332 2686 1564 2742 inveniet
1581 2686 1834 2758 pleraque
1851 2702 1969 2756 quae

387 2776 459 2834 ad
483 2775 731 2834 ordinem
750 2780 1055 2849 pertineant
1077 2788 1245 2850 atque
1265 2780 1428 2836 ﬁnem
1451 2781 1649 2851 ipsum,
1673 2780 1857 2836 nescio
1880 2796 1973 2835 au-

387 2879 501 2927 tem
547 2886 616 2925 an
655 2872 858 2927 omnia.
892 2873 1147 2943 Apertius
1171 2881 1350 2928 autem
1375 2874 1700 2942 principium
1730 2888 1796 2929 ac
1825 2873 1968 2939 ﬁnis,

2067 2225 2325 2295 στεφάνη.
2360 2226 2470 2279 Καὶ
2500 2224 2870 2297 ἐφαρμοστέον
2901 2242 2987 2293 γε,
3019 2224 3106 2278 διὰ
3136 2224 3197 2278 τὸ
3224 2223 3644 2294 ἀκρογωνιαῖον

2065 2317 2203 2374 εἶναι
2234 2321 2409 2374 ,λίθον
2452 2319 2560 2373 τὸν
2590 2318 2872 2388 Χριστὸν,
2904 2318 2983 2389 τῷ
3019 2317 3284 2390 ήνωμένῳ
3339 2317 3503 2370 παντὶ
3542 2315 3640 2369 σώ-

2070 2432 2200 2486 ματι
2229 2412 2339 2468 τῶν
2374 2410 2697 2483 σωζομένων
2722 2412 2785 2466 τὸ
2834 2412 3178 2484 παράδειγμα
3210 2411 3301 2465 τό·
3338 2411 3519 2464 πάντα
3543 2409 3643 2483 γὰρ

2069 2506 2165 2559 καὶ
2194 2506 2250 2557 ἐν
2278 2505 2411 2557 πᾶσι
2456 2503 2690 2574 Χριστὸς
2718 2505 2745 2556 ὁ
2774 2502 3085 2574 μονογενὴς,
3114 2503 3190 2564 ὡς
3220 2502 3318 2572 μὲν
3345 2502 3489 2572 ἀρχὴ
3524 2503 3578 2553 ἐν
3601 2493 3644 2568 ᾧ

2071 2596 2358 2668 ἀνείληφεν
2404 2594 2693 2667 ἀνθρώπῳ,
2739 2595 2816 2659 ὡς
2857 2595 2913 2648 δὲ
2954 2595 3105 2658 τέλος
3135 2596 3194 2648 ὲν
3238 2594 3317 2665 τῷ
3361 2593 3645 2665 τελευταίῳ

2068 2686 2179 2741 τῶν
2204 2688 2378 2757 ἁγίων
2430 2686 2670 2757 δηλονότι
2699 2685 3002 2757 τυγχάνων,
3046 2686 3139 2739 καὶ
3166 2687 3223 2738 ὲν
3269 2687 3384 2749 τοῖς
3419 2683 3640 2755 μεταξύο

2070 2783 2105 2855 ἢ
2133 2783 2210 2846 ὡς
2240 2783 2337 2853 μὲν
2366 2780 2510 2853 ἀρχὴ
2552 2782 2609 2833 ὲν
2649 2780 2848 2851 ’Λδάμκ
2899 2779 2975 2843 ὡς
2998 2779 3055 2832 δὲ
3093 2778 3245 2843 τέλος
3276 2780 3335 2832 ἐν
3366 2780 3434 2850 τῇ
3469 2778 3646 2848 ἐπιδη-

2077 2875 2195 2946 μίᾳ,
2253 2874 2395 2929 κατὰ
2449 2874 2512 2927 τὸ
2563 2873 2888 2945 εἰρημένονο
2945 2873 3009 2926 '0
3054 2873 3316 2941 ἔσχατος
3358 2871 3531 2942 Ἀδὰμ
3567 2872 3645 2937 εις

383 2964 686 3021 secundum
703 2979 1044 3021 communem
1068 2966 1323 3036 loquendi
1339 2967 1805 3031 consuetudinem,
1823 2966 1888 3020 de
1913 2980 1961 3020 rc

2080 2969 2309 3039 πνεῦμα
2335 2967 2673 3030 ζωοποιοῦν.
2733 2966 2881 3038 Πλὴν
2926 2966 3086 3020 τοῦτο
3126 2966 3188 3020 τὸ
3222 2965 3381 3038 ῥητὸν
3415 2964 3645 3036 ἐφαρμό-

385 3057 647 3112 continua
665 3065 720 3112 et
736 3057 885 3112 unita
907 3057 1013 3114 dici
1030 3058 1317 3113 videntur:
1339 3069 1398 3111 ut
1423 3059 1620 3114 domus
1639 3058 1961 3127 principium

2080 3077 2155 3114 σει
2186 3061 2282 3115 καὶ
2306 3063 2373 3133 τῇ
2404 3060 2656 3114 ἀποδόσει
2686 3058 2780 3113 τοῦ
2813 3059 3042 3129 πρῶτος
3076 3059 3168 3112 καὶ
3192 3059 3476 3127 ἔσχατος.

385 3161 474 3206 est
502 3150 909 3205 fundamentum
943 3161 999 3206 et
1025 3150 1153 3207 ﬁnis
1181 3150 1480 3221 fastigium.
1519 3150 1585 3205 Et
1610 3165 1743 3205 sane
1766 3166 1971 3205 summa

383 3241 631 3312 angulari
654 3241 829 3307 lapide
860 3243 1156 3298 exsistente
1180 3241 1390 3298 Christo
1412 3243 1480 3308 ⁸⁵,
1501 3243 1596 3297 ιοιί
1628 3242 1840 3312 corpori
1868 3245 2019 3299 unito
2040 3259 2223 3300 eorum
2241 3245 2334 3314 qui
2358 3253 2666 3310 servantur,
2690 3245 3055 3314 adaptandum
3079 3252 3163 3298 est
3183 3241 3490 3311 exemplum
3514 3243 3637 3297 huc:

384 3337 568 3393 omnia
622 3337 765 3392 enim
807 3346 862 3392 et
902 3336 953 3390 in
984 3337 1237 3391 omnibus
1260 3337 1308 3370 ’⁸
1334 3346 1420 3392 est
1469 3336 1724 3393 Christus
1780 3338 2111 3407 unigenitus,
2159 3340 2250 3410 qui
2306 3349 2364 3393 ut
2418 3338 2742 3410 principium
2781 3339 2834 3392 in
2867 3352 2933 3393 eo
2965 3347 3048 3392 est
3085 3337 3302 3391 homine
3360 3351 3523 3405 quem
3562 3352 3639 3390 as-

386 3433 662 3503 sumpsit:
692 3441 751 3486 ιιι
799 3431 923 3488 ﬁnis
978 3442 1156 3488 autem
1195 3432 1247 3486 in
1297 3432 1507 3498 ultimo,
1561 3442 1875 3489 sanctorum
1938 3435 2169 3499 scilicet,
2210 3435 2374 3491 etiam
2425 3436 2481 3490 in
2520 3436 2608 3491 bis
2663 3435 2755 3504 qui
2782 3442 2907 3490 sunt
2941 3434 2993 3489 in
3022 3433 3221 3491 medio.
3256 3433 3348 3487 Est
3369 3433 3558 3495 etiam,
3586 3442 3637 3485 ut

384 3529 713 3601 principium
744 3529 985 3599 quidem,
1014 3528 1066 3582 in
1106 3529 1312 3595 Adam;
1361 3536 1422 3582 ut
1459 3528 1584 3584 ﬁnis
1615 3538 1817 3594 autem,
1857 3529 1909 3584 in
1942 3530 2178 3586 adventu
2229 3546 2352 3596 suo,
2383 3530 2537 3601 juxta
2572 3530 2703 3585 illud
2719 3531 2764 3563 ⁸⁷
2792 3547 2807 3584 :
2838 3527 3069 3584 Ultimus
3112 3529 3283 3581 Adam
3325 3528 3381 3581 in
3412 3528 3638 3596 spiritum

385 3625 759 3694 vivificantem.
790 3623 1176 3680 Verumtamen
1203 3623 1306 3679 hoc
1332 3623 1534 3679 dictum
1571 3635 1837 3696 congruet
1874 3625 2040 3682 etiam
2080 3625 2435 3695 explicatioui
2473 3624 2669 3680 harum
2714 3640 2930 3690 vocum,
2961 3625 3161 3693 primus
3187 3632 3243 3677 et
3260 3623 3500 3676 ultimus.

457 3716 547 3773 35.
586 3716 855 3773 Caeterum
901 3718 947 3774 si
998 3716 1474 3773 observaverimus
1497 3732 1620 3788 qua:
1652 3720 1906 3789 superius
1939 3736 1961 3774 a

2145 3719 2239 3775 55.
2269 3721 2621 3791 Τηρήσαντες
2651 3718 2835 3790 μέντοι
2857 3717 2927 3772 τὰ
2955 3718 3220 3790 εἰρημένα
3254 3717 3382 3789 περὶ
3421 3714 3641 3785 πρώτου

387 3810 546 3867 nobis
577 3810 723 3867 dicta
754 3808 906 3867 fuere
939 3811 1006 3867 de
1051 3810 1339 3867 vocabulis
1368 3811 1528 3881 primi
1556 3821 1611 3867 et
1643 3812 1839 3881 ultimi,
1874 3815 1966 3872 ubi

385 3914 502 3958 tum
526 3903 594 3958 ad
623 3903 833 3972 species
867 3903 1240 3973 rationalium,
1272 3913 1384 3958 tum
1418 3908 1486 3962 ad
1513 3904 1751 3961 FiliiDei
1783 3908 1959 3964 diver-

389 4009 485 4052 sas
521 3995 914 4067 appellationes
935 4004 991 4051 et
1030 3997 1460 4067 signiﬁcationes
1480 3999 1786 4056 orationem
1814 4010 1965 4056 retu-

388 4086 572 4151 limus,
607 4087 870 4142 habemus
909 4088 1073 4142 etiam
1099 4087 1466 4143 diﬁ‘erentiam
1500 4091 1685 4162 primi,
1720 4103 1775 4147 et
1817 4094 1967 4161 priu—

390 4181 541 4251 cipii,
573 4189 630 4236 et
660 4179 860 4246 ultimi,
887 4190 943 4236 et
974 4180 1119 4249 ﬁnis,
1151 4180 1281 4252 quin
1307 4181 1471 4236 etiam
1494 4183 1633 4253 ejus,
1667 4185 1814 4253 quod
1846 4199 1968 4239 esse

390 4274 596 4329 dicitur
627 4273 675 4326 Α
695 4283 749 4328 et
770 4274 812 4327 Ω
840 4289 855 4327 :
889 4274 985 4330 sed
1020 4289 1198 4345 neque
1228 4276 1523 4331 obscurum
1552 4287 1657 4345 est,
1690 4280 1966 4348 quomodo

389 4366 645 4422 Christus
676 4366 892 4421 dicatur
919 4366 1114 4430 vivens,
1140 4377 1195 4423 et
1225 4380 1488 4438 mortuus,
1520 4370 1630 4425 imo
1662 4380 1787 4440 post
1826 4372 1968 4426 hanc

390 4472 581 4512 vocem
628 4465 885 4521 mortuus,
937 4458 1114 4512 vivens
1163 4459 1220 4513 in
1276 4460 1476 4514 swcula
1560 4460 1966 4514 sa'culorum".

392 4550 661 4617 Quoniam
692 4550 837 4605 enim
867 4563 974 4605 non
1000 4550 1327 4621 juvabamur
1374 4568 1404 4607 a
1439 4553 1762 4621 praecedenti
1796 4553 1967 4622 ipsius

391 4643 527 4710 vita,
560 4651 783 4712 peccato
813 4642 1059 4708 obnoxii,
1091 4641 1377 4697 descendit
1407 4642 1522 4712 ipse
1556 4628 1621 4698 ad
1657 4644 1966 4698 mortalita-

394 4745 504 4792 tem
558 4743 835 4803 nostram;
871 4745 935 4791 ut
978 4749 1079 4792 nos
1119 4735 1293 4805 ipsius
1330 4735 1457 4792 Jesu
1505 4746 1731 4807 peccato
1767 4737 1966 4792 mortui

394 4830 876 4886 mortiﬁcationem
946 4829 1397 4885 circumferentes
1417 4830 1486 4894 ”,
1534 4830 1723 4885 ordine
1775 4844 1970 4899 capere

396 4922 673 4994 possimus
715 4936 860 4988 eam,
918 4936 1039 4990 qua:
1095 4930 1222 4990 post
1268 4922 1746 4976 mortiﬁcationem
1803 4922 1970 4991 ipsius

393 5015 623 5081 exstitit,
656 5015 825 5066 vitam
861 5012 913 5067 in
943 5013 1141 5068 saecula
1163 5014 1509 5069 saeculorum.
1542 5013 1676 5068 Nam
1700 5014 1792 5083 qui
1824 5030 1970 5068 sem-

2068 3815 2164 3869 καὶ
2184 3813 2471 3882 ἐσχάτου,
2518 3813 2611 3866 καὶ
2639 3813 2769 3885 περὶ
2797 3812 2971 3884 ἀρχῆς
3017 3811 3110 3865 καὶ
3136 3810 3343 3877 τέλους,
3386 3811 3524 3864 ὅπου
3554 3807 3643 3879 μὲν

2067 3909 2149 3970 εἰς
2177 3906 2292 3978 εἴδη
2319 3906 2550 3975 λογικῶν
2595 3906 2999 3977 ἀνηνέγκαμεν,
3020 3905 3154 3958 ὅπου
3187 3904 3244 3958 δὲ
3267 3906 3346 3968 είς
3365 3903 3642 3975 διαφόρους

2068 3999 2310 4064 ἐπινοίας
2343 3997 2438 4052 τοῦ
2470 3997 2602 4050 Υἱοῦ
2633 3997 2728 4051 τοῦ
2769 3997 2925 4060 Θεοῦ,
2962 3997 3052 4051 τὸν
3092 3997 3270 4065 λόγον,
3322 3996 3419 4050 καὶ
3461 3995 3643 4067 ἔχομεν

2068 4091 2165 4162 τὴν
2209 4089 2471 4161 διαφορὰν
2505 4087 2726 4161 πρώτου
2764 4090 2857 4143 καὶ
2907 4088 3103 4159 ἀρχῆς,
3146 4089 3244 4142 καὶ
3289 4088 3519 4158 ἐσχάτου
3559 4086 3644 4140 καὶ

2068 4181 2274 4246 τέλους,
2310 4180 2391 4234 ἔτι
2419 4180 2477 4234 δὲ
2512 4181 2606 4234 καὶ
2632 4179 2728 4234 τοῦ
2767 4197 2802 4232 α
2836 4180 2932 4233 καὶ
2956 4178 3050 4232 τοῦ
3079 4197 3143 4231 ω.
3186 4178 3299 4233 Οὐκ
3332 4177 3527 4250 ἄδηλον
3559 4177 3642 4229 οὐ-

2067 4271 2124 4325 δὲ
2156 4271 2217 4325 τὸ
2245 4269 2355 4332 ζῶν
2395 4272 2490 4324 καὶ
2522 4270 2754 4339 νεκρός,
2793 4271 2888 4324 καὶ
2914 4268 3053 4341 μετὰ
3080 4269 3142 4323 τὸ
3178 4268 3539 4337 νεκρός,ζῶν
3569 4270 3647 4332 εὶς

2069 4364 2211 4431 τοὺς
2246 4365 2466 4431 αἰῶνας
2489 4365 2608 4419 τῶν
2632 4364 2881 4419 αἰώνων.
2935 4364 3085 4419 Ἐπεὶ
3112 4363 3219 4435 γὰρ
3245 4363 3344 4416 οὐκ
3369 4361 3645 4434 ὠφελημέ-

2071 4457 2139 4511 θα
2170 4456 2278 4511 ἀπὸ
2304 4458 2402 4529 τῆς
2433 4457 2851 4529 προηγουμένης
2887 4457 3032 4528 ζωῆς
3061 4456 3248 4523 αὐτοῦ,
3279 4457 3559 4527 γενόμενοι
3591 4456 3644 4507 ἐν

2070 4551 2335 4622 ἁμαρτίᾳ,
2361 4550 2566 4623 κατέϐη
2596 4552 2688 4604 ἐπὶ
2711 4550 2813 4622 τὴν
2848 4550 3146 4622 νεκρότητα
3170 4550 3350 4620 ἡμῶν,
3385 4550 3494 4613 ἵνα,
3521 4549 3645 4602 ἁπο-

2075 4642 2326 4707 θανόντος
2352 4644 2516 4698 αὐτοῦ
2540 4646 2607 4715 τῇ
2635 4642 2899 4715 ἁμαρτίᾳ,
2932 4641 3030 4714 τὴν
3053 4642 3319 4713 νέκρωσιν
3351 4641 3447 4695 τοῦ
3479 4639 3642 4713 Ἰησοῦ

2074 4737 2134 4789 ἐν
2164 4735 2240 4806 τῷ
2275 4736 2488 4808 σώματι
2518 4736 2628 4805 (56)
2661 4736 3068 4808 περιφέροντες,
3115 4734 3215 4805 τὴν
3244 4733 3380 4804 μετὰ
3425 4733 3524 4804 τὴν
3564 4749 3644 4785 νε-

2074 4827 2312 4899 κρότητα
2345 4827 2488 4899 ζωὴν
2512 4827 2674 4881 αὑτοῦ
2705 4831 2785 4891 είς
2806 4829 2933 4891 τοὺς
2958 4827 3158 4890 αἰῶνας
3187 4826 3296 4879 τῶν
3321 4824 3531 4879 αἰώνων
3558 4822 3646 4877 τά-

2072 4921 2154 4988 ξει
2199 4920 2444 4991 χωρῆσαι
2489 4919 2838 4991 δυνηθῶμεν
2892 4921 2942 4972 oi
2974 4920 3084 4992 γὰρ
3132 4918 3231 4989 τὴν
3260 4918 3528 4987 νέκρωσιν
3558 4915 3644 4970 τοῦ

2086 5012 2261 5083 Ἰησοῦ
2294 5015 2351 5066 ἐν
2394 5012 2472 5083 τῷ
2508 5012 2720 5083 σώματι
2757 5012 2989 5066 πάντοτε
3018 5011 3401 5085 περιφέροντες
3431 5012 3526 5064 καὶ
3556 5009 3644 5080 τὴν

393 5119 495 5175 per
532 5101 661 5157 Jesu
705 5102 1182 5158 mortiﬁcationem
1228 5105 1281 5159 in
1329 5120 1427 5159 suo
1464 5119 1694 5174 corpore
1724 5107 1961 5160 circum-

2080 5103 2215 5175 ζωὴν
2235 5103 2330 5157 τοῦ
2376 5104 2549 5175 Ἰησοῦ
2584 5104 2796 5171 ἕξουσιν
2829 5106 2886 5158 ἐν
2912 5107 3026 5168 τοῖς
3067 5104 3312 5174 σώμασιν
3332 5105 3513 5158 αὐτῶν
3544 5121 3641 5174 φα-

395 5199 599 5262 l'erunt,
646 5198 810 5252 etiam
868 5196 1191 5269 ipsachsu
1224 5198 1389 5251 vitam
1433 5197 1667 5252 habituri
1706 5197 1813 5268 37
1844 5207 1972 5251 sunt

394 5291 447 5346 in
480 5288 798 5360 corporibus
826 5287 1064 5358 ipsorum
1092 5287 1240 5342 clare
1276 5300 1646 5356 apparentem.

462 5382 554 5439 56.
586 5381 654 5437 Et
673 5382 789 5436 haec
808 5380 1027 5450 quidem
1059 5380 1175 5450 ipse
1200 5379 1268 5433 dc
1308 5379 1484 5447 seipso
1514 5381 1565 5433 in
1590 5380 1742 5435 libris
1770 5382 1964 5437 Testa-

396 5475 570 5531 menti
596 5471 732 5533 Novi
765 5472 1089 5531 enuntiavit.
1130 5471 1286 5542 Apud
1321 5470 1517 5526 Isaiam
1546 5481 1730 5526 autem
1759 5473 1775 5502 ι
1811 5489 1968 5528 suum

484 5619 533 5652 "
560 5618 719 5677 Prov.
751 5634 872 5684 vm,
899 5619 987 5673 22.
1100 5618 1147 5649 ⁹⁸
1171 5616 1324 5672 Joan.
1356 5635 1404 5681 ι,
1433 5618 1486 5678 5.
1511 5620 1563 5674 4.

422 5689 508 5753 17,
536 5689 621 5743 18.
696 5691 742 5723 ’⁸
770 5691 815 5745 11
837 5689 962 5746 Cor.
994 5706 1066 5757 tv,
1102 5688 1185 5744 10.
1265 5689 1282 5719 ί
1311 5704 1443 5766 cap.
1462 5705 1603 5755 xux,
1632 5704 1774 5744 vers.
1803 5690 1857 5755 2,
1890 5691 1942 5744 5.

1678 5618 1722 5649 ’⁸
1747 5618 1945 5687 Ephes.
1974 5635 2034 5684 ιι,
2058 5621 2147 5677 20.

2079 5215 2236 5269 νερου
2246 5198 2432 5269 μένην.

2149 5381 2238 5436 56.
2277 5381 2388 5433 Καὶ
2417 5381 2587 5436 ταῦτα
2620 5381 2718 5453 μὲν
2745 5382 2853 5437 ἀπὸ
2884 5381 2989 5435 τῶν
3016 5382 3115 5453 τῆς
3136 5382 3345 5451 Καινῆς
3379 5382 3639 5453 Διαθήκης

2079 5472 2296 5542 βιϐλίων
2340 5472 2557 5543 ἐλέγετο
2588 5473 2679 5527 ὑπ’
2716 5473 2880 5529 αὑτοῦ
2931 5473 3059 5546 περὶ
3108 5474 3301 5528 ἐαυτοῦ
3321 5491 3335 5503 ·
3371 5476 3428 5526 ἐν
3476 5474 3533 5528 δὲ
3572 5473 3641 5543 τῷ

2258 5618 2349 5673 "1
2377 5619 2499 5675 Cor.
2533 5636 2619 5687 xv,
2651 5622 2741 5676 28.
2854 5620 2898 5652 "’
2930 5620 3059 5676 ibid.
3115 5621 3203 5679 45.
3293 5622 3341 5655 ’⁸
3369 5617 3537 5693 Apoc.
3584 5628 3626 5689 Ι,

493 5842 604 5906 (36)
634 5843 736 5899 Ἐν
762 5844 836 5910 τῷ
863 5843 1104 5917 σώματι.
1143 5846 1305 5904 Deest
1329 5845 1385 5903 in
1414 5846 1597 5905 codice
1622 5844 1931 5912 Bodleiano,
1956 5859 2141 5917 neque
2169 5848 2438 5909 redditum
2463 5857 2543 5905 est
2568 5847 2634 5902 ab
2660 5846 2953 5921 interprete
2986 5850 3247 5908 Fcrrario.
