3792 6146
177 223 242 279 85
1296 229 1654 287 COMMENT.
1693 228 1740 286 [1‘

1873 230 1996 289 ἈΝ.
2035 231 2273 289 TOMUS
2306 232 2373 288 I.‘

3391 236 3480 292 86.

192 344 382 416 Ἡσαΐᾳ
413 342 666 414 ἔφασκεν
696 348 816 403 ὑπὸ
850 351 949 405 τοῦ
980 352 1192 424 Πατρὸς
1223 352 1497 407 τεθεῖσθαι
1532 353 1696 407 αὑτοῦ
1729 372 1740 387 ’

1892 350 2063 422 ipsius
2091 367 2152 408 os
2178 367 2208 406 a
2230 352 2391 407 Patre
2413 350 2645 420 positum
2673 364 2795 407 esse
2826 349 2998 415 dixit,
3022 348 3185 405 veluti
3221 346 3463 420 gladium

190 439 356 511 στόμα
383 438 457 504 ὼς
491 441 789 514 μάχαιραν
829 445 1036 512 ὀξεῖαν,
1073 447 1164 500 καὶ
1196 446 1500 520 κεκρύφθαι
1535 447 1639 500 ὑπὸ
1687 447 1740 501 τ’)

1894 452 2137 509 acutum,
2168 451 2222 497 et
2251 458 2311 498 se
2334 443 2713 499 absconditum
2744 441 2909 497 fuisse
2923 441 3023 497 sub
3046 440 3236 496 umbra
3266 453 3469 495 manus

166 520 393 612 (σκέπην
422 535 521 605 τῆς
548 538 744 609 χειρὸς
796 538 993 604 αὐτοῦ,
1028 540 1169 611 βέλει
1212 540 1453 611 ἐκλεκτῷ
1492 539 1785 612 ὡμοιωμέ-

168 608 299 699 ξνος,
333 627 426 683 καὶ
471 630 532 682 ὲν
574 608 655 702 τῇ(
682 630 945 704 φαρέτρα
981 608 1076 686 τοῦ
1120 632 1336 706 Πατρὸς
1385 608 1782 705 κεκρυμμένος,

192 716 370 785 δοῦλος
394 719 496 775 τοῦ
538 720 677 776 Θεοῦ
728 723 845 778 τῶν
891 723 1028 779 ὅλων
1068 725 1161 777 ὑπ’
1195 724 1359 778 αὐτοῦ
1418 724 1780 795 καλούμενος,

1892 536 2085 604 ipsius,
2116 537 2475 593 assimilatum
2506 536 2727 591 interim
2776 535 2989 607 sagittae
3028 535 3236 599 electae,
3296 541 3353 589 et
3403 532 3463 588 in

1889 627 2071 684 Patris
2106 630 2362 699 pharetra
2385 629 2759 685 absconditum
2793 642 3047 686 :servum
3095 626 3190 682 Dci
3233 627 3459 682 univer-

1890 733 2074 774 sorum
2105 720 2173 775 ab
2202 719 2320 790 ipso
2344 729 2617 788 vocatum,
2653 728 2709 776 et
2736 720 3010 785 lsraelem,
3039 728 3095 775 et
3117 720 3296 774 lucem
3327 732 3460 788 gen-

195 812 285 863 καὶ
340 811 597 885 Ἰσραὴλ,
647 815 744 868 καὶ
802 815 921 885 φῶς
977 815 1166 870 ἐθνῶν.
1220 816 1480 888 Μάχαιρα
1540 817 1639 887 μὲν
1690 813 1740 871 οἰ

1892 812 2046 869 tium.
2078 812 2302 868 Gladius
2332 812 2513 882 itaque
2542 824 2735 868 acutus
2758 821 2842 868 est
2887 828 2950 868 os
2996 812 3117 867 Filii
3166 813 3278 879 Dei,
3321 826 3457 881 quo-

193 900 340 966 ὀξεῖά
370 902 497 956 ἐστι
543 906 605 958 τὸ
648 907 828 977 στόμα
857 903 952 959 τοῦ
993 906 1123 960 Υἱοῦ
1162 905 1257 959 τοῦ
1294 906 1451 974 Θεοῦ,
1496 909 1618 961 ἐπεὶ
1653 907 1740 962 Ζῶ

1890 904 2032 957 niam
2064 905 2209 959 vivus
2238 915 2309 959 est
2345 922 2514 960 sermo
2549 903 2665 970 Dei,
2713 915 2760 958 et
2791 906 2992 975 eﬁicax,
3024 914 3072 959 et
3101 904 3463 973 penetrantior

191 994 479 1065 τυγχάνει
519 1001 554 1051 ὁ
587 998 771 1067 ,ιὸγυς
819 998 927 1052 τοῦ
977 999 1124 1053 Θεοῦ
1144 1038 1160 1063 ,
1210 1000 1306 1054 καὶ
1355 999 1637 1070 ἐνεργὴς,
1680 1001 1781 1054 καὶ

192 1086 523 1157 τομώτερος
556 1087 711 1156 ὑπὲρ
749 1087 958 1145 πᾶσαν
981 1089 1281 1161 μάχαιραν
1328 1092 1635 1162 δίστομον,
1679 1093 1777 1147 καὶ

194 1176 615 1249 διικνούμενος
644 1180 785 1251 ἄχρι
810 1182 1105 1254 μερισμοῦ
1141 1183 1350 1254 ψυχῆς
1388 1186 1486 1239 καὶ
1517 1186 1778 1254 373W!“-

192 1283 334 1337 τος,
374 1272 583 1341 ἁρμῶν
625 1290 692 1328 τε
729 1273 829 1329 καὶ
870 1275 1132 1344 μυελῶν,
1175 1275 1274 1329 καὶ
1315 1276 1571 1345 κριτικὸς
1605 1277 1775 1332 ἐνθυ-

190 1361 440 1431 μήσεων
474 1363 575 1418 καὶ
603 1365 853 1421 ἐννοιῶν
879 1366 1126 1436 καρδίας
1143 1384 1157 1396 ·
1194 1366 1368 1431 ἄλλως
1394 1385 1453 1420 τε
1486 1368 1578 1421 καὶ
1606 1367 1774 1423 ἐλθὼν

196 1453 295 1506 οὐκ
326 1455 550 1527 εἰρήνην
596 1456 691 1510 ἐπὶ
719 1459 817 1530 τὴν
861 1459 985 1529 γῆν,
1030 1460 1304 1513 τουτέστιν
1349 1460 1441 1513 ἐπὶ
1472 1461 1539 1513 τὰ
1589 1477 1775 1531 σωμα-

195 1544 319 1597 τικά
360 1548 458 1600 καὶ
486 1544 722 1620 αἰσθητά
771 1549 972 1621 βαλεῖν,
1013 1549 1148 1605 ἀλλὰ
1196 1550 1489 1624 μάχαιραν,
1523 1553 1616 1606 καὶ
1655 1553 1772 1607 δια-

196 1634 408 1691 κόπτων
439 1637 563 1710 τὴν,
598 1640 666 1693 ἵν’
690 1641 862 1706 οὕτως
896 1643 1053 1707 εἴπω,
1085 1642 1351 1714 ὲπιϐλαϐῆ
1381 1644 1560 1713 φιλίαν
1595 1644 1773 1716 ψυχῆς

1885 997 2067 1065 quovis
2089 997 2266 1066 gladio
2297 998 2540 1066 utrinque
2572 996 2854 1062 incidente,
2880 1006 2928 1051 et
2951 997 3250 1066 pertingens
3286 1010 3451 1064 usque

1885 1089 1953 1141 ad
1977 1087 2285 1142 divisionem
2318 1090 2511 1142 animus
2540 1090 2700 1142 simul
2742 1104 2806 1142 ac
2830 1088 3068 1157 spiritus.
3108 1102 3442 1157 compagum-

1883 1194 1982 1247 que
2006 1187 2054 1231 et
2085 1177 2460 1243 medullarum,
2485 1187 2534 1231 et
2563 1179 2823 1233 discretor
2851 1178 3250 1248 cogitationum,
3278 1186 3325 1230 et
3352 1192 3447 1230 no-

1885 1270 2087 1323 tionum
2133 1271 2307 1326 cordis
2338 1272 2382 1336 ²;
2428 1271 2730 1340 praesertim
2794 1284 2916 1325 cum
2970 1270 3198 1335 venerit,
3234 1284 3342 1324 non
3393 1277 3453 1322 ut

1881 1364 2059 1416 mittat
2085 1377 2273 1432 pacem
2307 1379 2471 1435 super
2497 1373 2701 1419 terram
2724 1364 2767 1428 ³,
2796 1364 2899 1419 hoc
2927 1372 3011 1418 est
3052 1362 3107 1416 in
3146 1376 3234 1417 res
3262 1376 3449 1430 corpo-

1881 1468 2004 1509 reas
2043 1463 2100 1508 et
2145 1455 2471 1522 seusibiles,
2522 1455 2616 1511 sed
2651 1455 2915 1526 gladium,
2962 1461 3017 1509 et
3055 1462 3117 1509 ut
3172 1453 3449 1509 discindat

1879 1551 2263 1619 perniciosam,
2328 1562 2390 1608 ut
2436 1553 2510 1609 ita
2539 1552 2748 1624 loquar,
2785 1553 3028 1623 corporis
3067 1551 3363 1607 amicitiam
3392 1559 3444 1605 et

1879 1644 2094 1709 animm,
2123 1660 2231 1715 quo
2261 1646 2441 1701 anima
2468 1646 2794 1717 permittens
2820 1646 3057 1717 seipsam
3082 1644 3321 1716 spiritui,
3348 1643 3442 1713 qui

194 1727 284 1781 καὶ
342 1726 628 1799 σώματος,
684 1730 748 1784 ἶν’
794 1733 829 1801 ἠ
878 1731 1047 1803 ψυχὴ,
1108 1731 1417 1786 ὲπιδιδοῦσα
1476 1735 1645 1804 αὐτὴν
1697 1737 1740 1788 τί

1877 1738 2075 1792 militat
2096 1739 2356 1793 adversus
2382 1751 2629 1804 carnem,
2655 1737 2955 1793 amicitiam
2982 1751 3106 1792 cum
3134 1734 3245 1791 Deo
3275 1734 3442 1799 ineat;

194 1821 610 1892 στρατευομένῳ
654 1822 797 1876 κατὰ
843 1824 943 1896 τῆς
975 1826 1175 1897 σαρκὸς
1207 1827 1497 1897 πνεύματι,
1541 1827 1772 1900 φιλιωθῇ

189 1909 262 1980 τῷ
289 1911 443 1981 Θεῷ·
485 1913 783 1986 μάχαιραν,
817 1914 851 1985 ἦ
883 1916 959 1979 ὡς
987 1917 1259 1989 μάχαιραν
1296 1916 1473 1984 ὀξεῖαν
1505 1920 1647 1973 κατὰ
1684 1920 1773 1973 τὸν

188 2006 526 2075 προφητικὸν
559 2006 714 2076 λόγον
755 2007 880 2079 ἔσχε
918 2008 978 2061 τὸ
1010 2009 1198 2079 στόμα.
1242 2010 1403 2064 Ἀλλὰ
1436 2012 1529 2064 καὶ
1560 2010 1773 2082 βλέπων

183 2094 473 2161 ⁴τοσούτους
526 2097 899 2169 τετρωμένους
929 2101 992 2169 τῇ
1048 2099 1169 2172 θείᾳ
1218 2101 1429 2175 ἀγάπῃ,
1460 2101 1658 2173 ὁμοίως
1701 2106 1768 2175 τῇ

182 2185 525 2259 ὁμολογούσῃ
573 2186 730 2240 τοῦτο
780 2186 1104 2242 πεπονθέναι
1149 2189 1205 2241 ἐν
1261 2188 1339 2259 τῷ
1376 2189 1613 2258 ’ᾼσματι
1660 2189 1768 2242 τῶν

184 2276 447 2346 ᾀσμάτων
472 2275 566 2330 διὰ
609 2274 786 2341 τοῦτο,
827 2277 939 2342 ὅτι,
995 2278 1324 2347 τετρωμένη
1374 2278 1610 2349 ἀγάπης
1656 2281 1766 2348 (57)

182 2366 315 2436 ἐγὼ,
348 2368 413 2421 τὸ
442 2366 663 2439 τρῶσαν
696 2367 848 2438 βέλος
877 2367 977 2432 τὰς
1008 2368 1114 2422 τῶν
1141 2369 1408 2423 τοσούτων
1438 2372 1518 2433 εἰς
1548 2370 1766 2442 ἀγάπην

182 2457 319 2511 Θεοῦ
364 2458 548 2529 ψυχάς
597 2460 699 2512 οὐκ
745 2459 872 2515 ἄλλο
920 2476 971 2513 τι
1018 2462 1238 2533 εὑρήσει
1289 2461 1323 2532 ἢ
1359 2461 1451 2515 τὸν
1506 2462 1767 2518 εἰπόνταο

186 2549 405 2618 ἐθηχέ
424 2568 508 2619 με
538 2552 621 2617 ὡς
643 2550 834 2618 ,βέλος
860 2551 1165 2607 ἐκλεκτόν.

252 2638 336 2693 57.
384 2640 511 2692 Ἔτι
543 2639 602 2693 δὲ
634 2641 740 2704 πᾶς
780 2643 809 2694 6
842 2641 1044 2706 συνιεὶς
1092 2641 1210 2704 πῶς
1252 2644 1364 2707 τοῖς
1395 2643 1766 2717 μαθητευομέ-

177 2746 291 2793 νοις
314 2731 343 2784 6
391 2731 605 2801 Ἰησοῦς
633 2734 927 2805 γεγένηται
953 2735 1050 2805 οὐχ
1076 2736 1151 2798 ὡς
1184 2736 1212 2789 6
1241 2737 1615 2809 ἀνακείμενος.
1648 2739 1764 2793 ἀλλ’

177 2818 262 2882 ὡς
294 2822 323 2873 ὁ
342 2819 631 2887 διακονῶν,
663 2825 878 2895 μορφὴν
910 2824 1094 2879 δούλου
1118 2826 1147 2878 6
1170 2827 1299 2890 Υἱὸς
1332 2828 1425 2881 τοῦ
1456 2828 1590 2883 Θεοῦ
1624 2831 1762 2902 ὑπὲρ

176 2910 500 2986 δλευθερίας
555 2915 665 2969 τῶν
714 2916 1114 2972 δουλευσάντων
1163 2922 1229 2991 τῇ
1273 2922 1517 2995 ἁμαρτία
1560 2924 1759 2989 λαϐὼν,

172 3005 281 3060 οὐκ
307 3008 570 3080 ἀγνοήσει
609 3010 731 3064 τίνα
760 3010 962 3082 τρόπον
988 3012 1016 3064 6
1042 3012 1233 3084 Πατήρ
1264 3031 1397 3084 φησι
1435 3016 1568 3088 πρὸς
1600 3017 1761 3073 αὐτὸν

168 3100 269 3154 τό·
307 3101 537 3170 Δοῦλος
563 3122 684 3173 μου
723 3101 786 3159 εἷ
814 3106 930 3159 σύ·
966 3106 1058 3160 καὶ
1093 3108 1209 3178 μετ’
1237 3107 1423 3176 ὀλίγα’
1457 3108 1622 3178 Μέγα
1658 3112 1759 3165 σοι

167 3194 307 3247 ἐστι
365 3194 544 3249 τοῦτο
592 3195 894 3266 κληθῆναι
926 3213 999 3252 σε
1040 3199 1223 3253 παῖδά
1265 3218 1406 3269 μου.
1450 3200 1759 3274 Τολμητέον

168 3285 280 3357 γάρ
322 3287 500 3341 εἰπεῖν
534 3287 777 3353 πλείονα,
807 3289 902 3342 καὶ
932 3289 1229 3361 θειοτέραν,
1265 3292 1360 3346 καὶ
1389 3291 1604 3363 ἀληθῶς
1637 3295 1759 3346 κατ’

169 3379 357 3433 εἰκόνα
402 3379 499 3435 τοῦ
548 3381 762 3454 Πατρὸς
812 3383 914 3454 τὴν
966 3383 1280 3457 άγαθότητα
1326 3386 1610 3456 φαίνεσθαι
1662 3386 1758 3441 τοῦ

166 3470 409 3542 Χριστοῦ
428 3513 445 3537 ,
499 3473 591 3526 ὅτε
662 3474 911 3528 Ἑαυτὸν
973 3476 1342 3532 ἐταπείνωσε
1362 3517 1378 3541 ,
1438 3480 1760 3549 γενόμενος

167 3560 442 3628 ὑπήκοος
461 3563 644 3633 μέχρι
675 3563 953 3629 θανάτου,
997 3566 1255 3622 θανάτου
1288 3566 1359 3621 δὲ
1392 3570 1677 3638 σταυροῦ,
1721 3571 1754 3643 ἢ

165 3653 214 3707 εἰ
250 3654 557 3726 ἁρπαγμὸν
587 3658 830 3728 ἡγήσατο
854 3657 915 3710 τὸ
948 3654 1086 3712 εἶναι
1116 3660 1207 3713 ἴσα
1241 3659 1379 3731 Θεῷ,
1407 3661 1501 3715 καὶ¹
1530 3662 1603 3734 μὴ
1635 3663 1757 3732 βου-

164 3744 355 3817 mea;
392 3747 489 3800 ἐπὶ
514 3750 582 3818 τῇ
614 3748 709 3800 τοῦ
739 3748 947 3820 κόσμου
983 3751 1226 3823 σωτηρίᾳ
1259 3751 1510 3820 γενέσθαι
1546 3752 1750 3820 δοῦλος.

166 3839 267 3893 Διά
314 3838 497 3902 τοῦτο,
543 3840 753 3905 διδάξαι
805 3844 953 3914 ἡμᾶς
1018 3843 1337 3915 βουλόμενος
1384 3845 1526 3915 μέγα
1581 3846 1754 3917 δῶρον

167 3935 459 4006 εἰληφέναι
491 3936 602 3989 ἀπὸ
634 3935 727 3989 τοῦ
758 3936 970 4008 Πατρὸς
1011 3936 1088 4007 τῷ
1131 3935 1303 4002 οὕτως
1336 3938 1444 4009 ('58)
1476 3938 1754 3994 δεδουλευ-

163 4027 351 4090 κέναι,
390 4027 560 4098 φησί·
608 4028 721 4082 Καὶ
761 4030 796 4082 ό
837 4028 983 4094 Θεός
1021 4046 1142 4097 μου
1185 4028 1358 4083 ἔσται
1396 4048 1500 4098 μοι
1532 4033 1748 4100 ἰσχύςθ

162 4119 261 4173 καὶ
301 4115 435 4173 εἴ.τέ
458 4135 601 4188 μοι’
640 4121 807 4190 Μέγα
839 4119 941 4174 σοι
969 4120 1101 4173 ἐστι
1130 4121 1307 4175 τοῦτο
1339 4123 1641 4191 κληθῆναί
1673 4139 1750 4179 σε

162 4209 349 4264 παῖδά
407 4228 553 4280 μου.
604 4210 697 4281 Μὴ
757 4211 1046 4282 γενόμενος
1092 4210 1204 4282 γὰρ
1255 4210 1472 4276 δοῦλος,
1530 4215 1630 4267 οὐκ
1681 4215 1749 4271 ἂν

162 4302 358 4373 ἔστησε
388 4302 493 4365 τὰς
527 4301 701 4371 φυλὰς
729 4300 825 4354 τοῦ
868 4300 1058 4355 Ἰακὼὸ
1089 4301 1221 4373 (59),
1251 4302 1374 4356 οὐδὲ
1400 4302 1498 4374 τὴν
1525 4304 1748 4361 διασπο-

1874 1829 2130 1901 gladium,
2162 1828 2243 1884 vel
2284 1837 2539 1899 tanquam
2592 1830 2830 1899 gladium
2880 1840 3099 1884 acutum
3142 1828 3334 1883 habuit
3378 1841 3445 1884 os

1868 1919 2018 1989 juxta
2046 1921 2422 1990 propheticum
2442 1934 2770 1976 sermonem.
2797 1920 2938 1987 Quin
2961 1921 3124 1977 etiam
3147 1920 3447 1991 inspiciens

1871 2013 2068 2083 aliquis
2103 2022 2183 2069 tot
2216 2014 2401 2069 divino
2426 2028 2615 2069 amore
2643 2014 2938 2079 sauciatos,
2974 2028 3079 2068 non
3103 2027 3263 2069 secus
3282 2021 3443 2082 atque

1870 2113 1989 2161 erat
2009 2105 2123 2171 illa,
2150 2120 2270 2175 quae
2299 2106 2351 2160 in
2384 2105 2611 2162 Cantico
2636 2104 2975 2161 canticorum
2999 2118 3058 2160 se
3084 2104 3191 2159 hoc
3224 2116 3445 2173 passam

1868 2191 2157 2260 fatebatur,
2184 2194 2437 2265 inquiens
2462 2211 2480 2249 :
2509 2196 2703 2250 Amore
2725 2193 3005 2250 vulnerata
3043 2210 3138 2265 ego
3168 2210 3283 2248 sum
3305 2192 3360 2258 ις
3394 2192 3445 2249 is

1868 2282 2109 2351 profecto
2137 2299 2241 2339 non
2279 2284 2442 2339 aliam
2494 2285 2816 2339 inventurus
2874 2294 2961 2340 est
3012 2285 3270 2356 sagittam
3328 2292 3438 2340 tam

1866 2372 2157 2430 multorum
2207 2376 2417 2431 animas
2455 2390 2639 2431 amore
2690 2375 2786 2431 Dei
2838 2377 3238 2441 vulnerantem,
3273 2390 3453 2446 quam.

1865 2483 1987 2523 eum
2024 2468 2119 2540 qui
2142 2470 2276 2525 dicit
2312 2470 2333 2503 ⁸
2362 2486 2375 2522 :
2419 2468 2611 2525 Posuit
2638 2487 2718 2525 me
2747 2471 2883 2525 sicut
2907 2472 3155 2543 sagittam
3197 2471 3436 2526 electam.

1933 2649 2022 2704 37.
2086 2649 2167 2706 Ad
2205 2650 2320 2706 btec
2352 2651 2604 2721 quisquis
2637 2650 2963 2707 intellexerit
3005 2666 3238 2721 quonam
3278 2660 3437 2721 pacto

1862 2741 2020 2799 Jesus
2051 2743 2227 2800 factus
2251 2744 2322 2798 sit
2348 2743 2630 2813 discipulis
2672 2758 2779 2800 non
2808 2754 3064 2814 tanquam
3089 2745 3437 2807 recumbens,

1864 2836 1959 2907 sed
2024 2842 2283 2903 tanquam
2320 2834 2662 2899 ministrans,
2715 2837 2917 2906 quippe
2965 2838 3214 2905 quicum
3266 2834 3436 2889 Filius

1865 2928 1958 2982 Dei
1989 2937 2155 2993 esset,
2191 2942 2291 2997 pro
2320 2927 2620 2983 lilierandis
2653 2927 2718 2982 iis
2737 2927 2829 2997 qui
2852 2936 3076 2997 peccato
3098 2926 3432 2988 serviebant,

1864 3017 2093 3070 formam
2146 3016 2292 3071 servi
2332 3017 2660 3085 sumpserit,
2706 3031 2812 3072 non
2854 3016 3128 3087 ignorabit
3163 3015 3445 3086 quomodo

1863 3108 1931 3163 ad
1980 3107 2156 3176 ipsum
2207 3106 2370 3164 Pater
2421 3109 2613 3164 dicat:
2651 3107 2841 3164 Servus
2888 3124 3033 3162 meus
3082 3125 3136 3161 es
3189 3120 3245 3161 tu
3282 3107 3326 3172 ⁸,
3366 3121 3433 3160 ac

1862 3214 1987 3254 mox
2023 3217 2035 3254 :
2066 3197 2318 3269 Magnum
2361 3199 2455 3252 tibi
2484 3208 2584 3261 est.
2636 3211 2691 3253 ut
2745 3199 2939 3255 voceris
2992 3215 3169 3254 servus
3211 3215 3355 3253 meus
3386 3199 3428 3252 ⁷.

1868 3290 2003 3345 Nam
2042 3292 2198 3345 nobis
2227 3291 2531 3346 audendum
2561 3301 2645 3346 est
2677 3291 2885 3358 dicere,
2911 3292 3171 3362 majorem
3197 3289 3431 3347 divinio-

1857 3396 2114 3451 remque,
2165 3391 2328 3450 atque
2382 3395 2510 3436 vere
2542 3381 2838 3436 secundum
2887 3379 3179 3451 imaginem
3226 3377 3429 3445 Patris,

1857 3471 2058 3528 Christi
2091 3472 2391 3529 bonitatem
2427 3488 2697 3544 apparere
2722 3512 2738 3538 ,
2765 3473 2984 3541 quando
3004 3472 3250 3527 humilem
3290 3489 3429 3542 pra:-

1857 3567 1969 3619 buit
2000 3567 2353 3635 semetipsum,
2394 3565 2567 3633 factus
2606 3565 2848 3619 obediens
2888 3580 3050 3634 usque
3084 3563 3153 3617 ad
3182 3572 3431 3630 mortem,

1856 3667 2072 3712 mortem
2094 3667 2268 3712 autem
2299 3658 2471 3710 crucis
2500 3657 2542 3719 ⁸,
2569 3672 2754 3725 quam,
2782 3657 2829 3711 si
2858 3655 3101 3725 rapinam
3128 3655 3425 3711 arbitratus

1822 3752 1825 3753 ⁷
1853 3766 1974 3806 esse
2002 3765 2061 3806 se
2089 3750 2351 3819 aequalem
2388 3750 2495 3806 Deo
2527 3752 2569 3815 9,
2607 3750 2869 3805 noluisset
2905 3764 3000 3818 pro
3033 3749 3215 3804 mundi
3252 3748 3439 3804 salutes

1855 3842 1970 3897 ﬁeri
2020 3856 2228 3897 servus.
2284 3840 2366 3897 Ob
2412 3855 2531 3898 eam
2591 3855 2808 3897 causam
2844 3839 3033 3896 volens
3078 3853 3179 3895 nos
3227 3840 3427 3896 docere

1853 3948 2105 4004 magnum
2160 3934 2360 3991 donum
2405 3948 2464 3990 se
2513 3932 2736 3988 aPatre
2791 3932 3093 4002 accepisse,
3142 3932 3288 4002 quod
3341 3931 3423 3986 sic

1851 4025 2122 4091 servierit,
2168 4024 2411 4094 iuquit‘o
2448 4041 2463 4078 :
2500 4022 2569 4079 Et
2618 4023 2761 4079 Deus
2801 4039 2946 4079 meus
2999 4022 3111 4095 38
3159 4023 3258 4076 erit
3293 4022 3423 4076 mihi

1850 4119 2106 4188 fortitudo
2132 4134 2248 4172 mea
2272 4133 2290 4171 :
2314 4116 2385 4171 Et
2425 4118 2558 4173 dixit
2594 4117 2722 4171 mihi
2747 4115 3041 4189 :Magnum
3074 4116 3167 4171 tibi
3201 4126 3275 4170 est
3302 4155 3318 4181 ,
3362 4126 3429 4170 ut

1849 4211 2042 4266 voceris
2084 4226 2266 4265 servus
2294 4212 2474 4265 metis:
2500 4225 2622 4264 nam
2660 4223 2850 4265 servus
2903 4223 3009 4264 non
3059 4208 3238 4263 factus
3262 4249 3278 4274 ,
3310 4222 3420 4264 non

1846 4303 2143 4360 excitasset
2172 4302 2362 4368 Jacob,
2391 4318 2567 4373 neque
2590 4302 2986 4372 dispersionem
3009 4300 3176 4356 lsrael
3198 4315 3427 4356 conver-

166 4396 268 4469 ρὰν
300 4396 398 4450 τοῦ
436 4393 657 4467 Ἰσραὴλ
704 4395 1059 4466 ἐπέστρεψεν,
1098 4394 1210 4448 ἀλλ’
1240 4394 1360 4448 οὐδὲ
1396 4398 1637 4466 ἐγεγόνει
1678 4400 1740 4455 ἂν

1873 4398 2008 4456 isset
2038 4415 2052 4452 :
2088 4398 2182 4453 sed
2218 4412 2396 4468 neque
2424 4396 2636 4451 futurus
2663 4403 2780 4451 erat
2828 4395 2881 4449 in
2933 4395 3110 4449 lucem
3153 4394 3416 4466 gentium,

162 4491 239 4553 εἰς
280 4490 398 4559 φῶς
436 4488 612 4541 ἐθνῶν
638 4487 737 4541 τοῦ
764 4484 901 4542 εἶναι
929 4488 1011 4551 εἰς
1054 4488 1329 4560 σωτηρίαν
1369 4488 1474 4553 ἓως
1513 4493 1739 4563 ἐσχάτου

1873 4503 1907 4546 ιι
1957 4506 2131 4562 usque
2179 4490 2245 4545 ad
2293 4498 2599 4544 extremum
2639 4496 2796 4542 terrae
2825 4484 2973 4539 salus
3004 4494 3169 4540 esset.
3213 4485 3296 4559 ‘Et
3332 4501 3421 4541 res

160 4581 262 4652 τῆς
278 4580 402 4650 γῆς.
438 4581 548 4633 Καὶ
574 4579 794 4652 μέτριόν
815 4596 879 4648 γε
911 4579 973 4631 τὺ
999 4580 1181 4635 δοῦλον
1208 4582 1369 4636 αὑτὸν
1390 4584 1660 4651 γενέσθαι,
1692 4587 1742 4640 εἰ

162 4672 253 4727 καὶ
281 4673 429 4743 μέγα
459 4670 568 4724 ὑπὸ
599 4669 693 4723 τοῦ
725 4669 938 4741 Πατρδς
980 4666 1116 4726 εἶναι
1146 4671 1305 4725 τοῦτο
1332 4672 1569 4741 λέγεται,
1612 4692 1741 4745 συγ-

162 4764 340 4836 κρίσει
386 4763 577 4835 ἀρνίου
624 4761 833 4815 ἀκάκου
879 4761 972 4815 καὶ
1019 4761 1224 4833 ἀμνοῦο
1275 4761 1351 4826 ὡς
1394 4761 1504 4834 γὰρ
1554 4766 1739 4836 ἀρνίον

1847 4585 2066 4653 quidem
2113 4599 2220 4639 non
2256 4596 2427 4652 usque
2465 4580 2599 4634 adeo
2641 4593 2831 4648 magna
2881 4586 2982 4644 est,
3038 4580 3181 4649 quod
3225 4592 3425 4633 servus

1849 4675 1963 4742 ipse
1993 4673 2152 4727 fuerit
2173 4673 2365 4734 factus,
2382 4671 2630 4741 quamvis
2652 4684 2680 4722 a
2711 4668 2872 4724 Patre
2898 4670 3000 4724 hoc
3023 4683 3275 4740 magnum
3294 4683 3419 4724 esse

1846 4769 2080 4830 dicatur,
2113 4765 2156 4820 si
2201 4764 2519 4820 conferatur
2557 4777 2681 4817 cum
2717 4761 2951 4832 aguello,
2995 4769 3052 4814 et
3083 4775 3225 4832 agno
3252 4761 3447 4819 inno-.

162 4855 365 4910 ἄκακον
413 4853 710 4924 γεγένηται
756 4852 1023 4923 ἀγόμενον
1060 4852 1156 4907 τοῦ
1206 4850 1428 4908 θύεσθαι
1468 4858 1496 4909 6
1544 4858 1738 4928 Ἀμνὸς

1873 4870 2048 4915 eme:
2082 4859 2309 4914 utenim
2339 4855 2583 4927 agnellus
2630 4854 2931 4920 innocens,
2971 4852 3062 4924 qui
3098 4852 3317 4908 ducitur
3358 4862 3417 4907 ut

162 4946 246 5000 τοῦ
291 4944 460 5008 Θεοῦ,
512 4945 603 4999 ἵνα
649 4945 759 5016 ἄρῃ
807 4944 906 5015 τὴν
964 4944 1239 5016 ἁμαρτίαν
1284 4945 1381 4999 τοῦ
1430 4947 1659 5019 κόσμου,
1704 4953 1733 5003 ό

1873 4953 2185 5010 acriﬁcetur
2210 4953 2279 5017 ιι,
2302 4950 2480 5008 factus
2501 4958 2586 5006 est
2613 4949 2705 5005 ille
2728 4948 2916 5022 Agnus
2954 4948 3070 5014 Dei,
3110 4958 3168 5004 ut
3200 4945 3438 5003 auferat.

162 5042 288 5094 πᾶσι
333 5038 433 5093 τοῦ
483 5037 645 5107 λόγου
684 5035 937 5108 χορηγὸς,
966 5036 1268 5107 ὡμοιωθεὶς
1299 5037 1459 5110 άμνῷ
1505 5037 1733 5095 ἐνώπιον

1873 5054 2125 5102 eccatum
2165 5043 2375 5110 mundi,
2407 5052 2459 5099 et
2486 5043 2575 5114 qui
2599 5043 2855 5098 omnibus
2878 5056 3184 5097 sermonem
3214 5055 3412 5110 suppe-

161 5130 246 5183 τοῦ
271 5131 553 5202 κείροντος
579 5127 802 5199 ἀφώνῳ,
829 5128 979 5192 ὅπως
1015 5127 1094 5199 τῷ
1128 5130 1343 5202 θανάτῳ
1366 5132 1532 5186 αὑτοῦ
1572 5136 1733 5206 ἡμεῖς

1880 5141 1997 5203 itat,
2015 5140 2180 5195 etiam
2210 5137 2547 5194 assimilatus
2577 5146 2661 5191 est
2690 5134 2900 5205 agnello
2925 5135 3042 5189 sine
3068 5149 3197 5189 voce
3224 5147 3410 5190 coram

162 5224 353 5286 πάντες
375 5222 765 5293 καθαρθῶμεν,
800 5219 1167 5294 άναδιδομένῳ
1198 5223 1398 5294 τρόπον
1436 5229 1728 5302 φαρμάκου

1873 5232 2124 5298 audente,
2156 5238 2216 5285 ut
2248 5237 2426 5286 morte
2473 5228 2647 5299 ipsius
2678 5242 2868 5283 omnes
2903 5241 3002 5282 nos
3032 5218 3423 5297 purificemnr,

222 5368 242 5396 ι
280 5362 443 5416 Hebr.
484 5376 557 5419 ιν,
588 5359 685 5414 12,
755 5358 778 5389 ³
808 5356 1002 5431 Matth.
1031 5375 1087 5423 Χ,
1111 5359 1198 5431 3i.
1274 5358 1466 5413 ‘Cant.
1490 5375 1552 5424 11,
1576 5360 1627 5416 5.
1697 5366 1740 5417 ⁸η

1873 5379 2011 5431 xm,
2035 5363 2087 5421 2.
2167 5362 2311 5419 6lsa.
2341 5378 2488 5428 ηις,
2518 5362 2573 5417 5.
2648 5361 2666 5391 ⁷
2699 5361 2829 5415 ibid.
2866 5360 2917 5415 6.

162 5433 328 5487 'ibid.
355 5433 406 5488 6.
487 5432 531 5464 ¹⁶
562 5436 666 5485 lsa.
704 5444 856 5493 χιιι,
896 5428 952 5495 5,
992 5430 1043 5482 6.
1121 5430 1163 5460 ¹¹
1192 5433 1292 5483 lsa.
1328 5445 1442 5494 un,
1470 5431 1522 5484 7.

230 5548 337 5617 (τι)
373 5546 645 5618 Ἁτάτης.
674 5544 773 5603 Sic
798 5546 973 5602 codex
996 5546 1355 5615 Bodleianus;
1386 5548 1626 5616 ,Huctius
1664 5548 1715 5601 in

172 5626 304 5672 textu
331 5619 534 5688 ἀγάπῃ.

2996 5362 3016 5389 ⁸
3043 5358 3239 5429 Philip.
3268 5375 3326 5425 It,
3345 5361 3404 5416 8.

1833 5548 2033 5615 Huetii,
2059 5550 2119 5601 τὸ
2140 5548 2330 5612 οὕτως.

1903 5613 2026 5689 (59)
2055 5616 2815 5689 'Iambé’rrectehahetrodex
2862 5613 3214 5680 Bodleianus;
3260 5614 3423 5674 male;

240 5689 343 5757 (58)
376 5676 457 5755 '12:)
486 5676 711 5757 ’ὁῦτως.
779 5686 857 5743 Ita
908 5687 1064 5744 codd.
1118 5702 1275 5754 mss.;
1331 5688 1495 5745 editio
1544 5698 1721 5745 autem

1873 5676 2011 5744 ulcni
2042 5689 2205 5744 editio
2233 5688 2410 5742 iluetii
2453 5685 2688 5754 Ἰσραήλ.
