3792 6146
134 232 201 285 b9
1258 240 1613 298 COMMENT.
1657 241 1723 297 IN
1755 241 1946 299 .IOAN.
1989 242 2230 299 TOMUS
2270 241 2314 296 Ι.
3349 245 3417 303 9ο

132 348 229 403 ἰιι
256 345 323 401 τὸ
360 345 677 421 ἱλαστήριον
700 368 713 381 ·
750 355 783 406 ὁ
837 356 945 426 μὲν
979 358 1331 431 παράκλητος
1376 361 1434 414 ἐν
1471 364 1538 433 τῇ
1578 360 1751 415 Ἰωάν-

1877 379 1960 426 us,
2016 372 2073 417 et
2110 362 2445 433 prepitiatio,
2497 372 2552 417 et
2607 362 3055 434 propitiator:et
3101 365 3417 421 advocatum

134 457 227 493 νου
260 439 561 510 λεγόμενος
594 442 920 519 Ἐπιστολῇ·
957 452 1094 506 Ἐὰν
1115 448 1223 519 γάρ
1256 468 1345 517 τις
1372 450 1603 521 ἁμάρτῃ
1636 469 1746 506 πα-

1871 454 2066 524 ιοίιΙοιιι
2116 461 2395 522 nuncupat
2421 468 2543 507 eum
2569 451 2807 510 Joannes
2844 455 2895 507 in
2942 454 3183 522 Epistola
3214 470 3307 509 sua
3337 459 3423 510 di-

126 532 443 601 ράπλητογ
478 531 705 602 ἔχομεν
733 535 893 603 πρὸς
936 538 1045 591 τὸν
1072 540 1304 609 Πατέρα
1348 543 1584 612 Ἰησοῦν
1613 546 1747 613 Χρι-

1871 558 1975 598 :ens
1994 543 2039 574 ²⁰
2066 557 2080 596 :
2112 542 2171 597 Si
2198 543 2482 612 peccaverit
2505 545 2643 613 quis,
2670 544 2980 599 advocatum
3000 546 3248 600 habemus
3278 550 3419 614 apud

132 624 297 679 στὸν
331 624 596 679 δίκαιον.
632 626 743 681 Καὶ
781 623 969 696 οὗτος
1007 633 1262 702 ἱλασμός
1285 634 1416 688 ἐστι
1455 638 1585 705 περὶ
1628 635 1747 689 τῶν

1871 634 2061 687 patrem
2091 632 2274 686 Iesum
2304 632 2570 687 Christum
2592 634 2823 701 justum.
2852 635 3058 689 Dicitur
3088 636 3256 690 etiam
3290 652 3413 706 pro-

134 715 452 786 ἁμαρτιῶν
495 716 687 787 ἡμῶν.
719 720 834 773 Καὶ
876 722 905 774 ό
940 722 1168 795 ξλασμὸς
1216 725 1276 779 ὲν
1323 728 1389 797 τῇ
1434 726 1571 799 αὐτῇ
1600 730 1744 781 Ἐπι·

1871 723 2058 776 »ἰιίιιιίο
2090 726 2159 776 ab
2188 725 2375 777 eodem
2405 726 2457 778 in
2487 727 2678 779 eadem
2708 725 2943 794 Epistola
2977 726 3019 756 ἰ
3052 742 3066 779 :
3095 725 3161 779 Et
3193 726 3276 781 hic
3299 743 3425 797 pro-

138 806 305 878 πολῇ
352 807 653 880 λεγόμενος
682 809 914 883 ἱλασμὸς
958 810 1096 868 εἶναι
1145 817 1411 888 περὶτῶν
1457 818 1744 890 ἁμαρτιῶν

1871 816 2060 868 ιὶιὶαιίο
2092 826 2166 868 est
2196 832 2291 884 pro
2313 818 2542 886 peccatis
2562 818 2775 871 nostris.
2813 816 3076 872 Similiter
3109 819 3160 872 in
3185 818 3424 887 Epistola

132 896 325 969 ἡμῶν.
372 899 610 972 Ὁμοίως
650 901 706 956 δὲ
750 904 847 957 καὶ
889 907 948 958 ὲν
990 908 1055 976 τῇ
1091 906 1228 978 πρὸς
1276 908 1596 979 Ῥωμαίους,
1636 910 1749 963 ἱλα-

1871 905 1915 959 id
1963 904 2235 961 Romanos
2273 908 2343 972 “,
2381 907 2752 977 propitiator;
2788 924 2938 977 quem
2977 911 3250 979 proposuit
3285 908 3424 964 Deus

138 994 413 1064 στήριονο
465 995 567 1046 Ὃν
616 996 900 1063 προέθετο
942 1000 975 1051 o'
1023 997 1167 1063 Θεὸς
1228 999 1583 1069 ἱλαστήριον
1648 1000 1749 1055 διὰ

137 1086 449 1151 πίστεως·
497 1078 559 1139 οὗ
612 1086 921 1161 ίλαστηρίου
969 1091 1050 1153 εἰς
1094 1092 1163 1144 τὰ
1197 1091 1445 1146 ἐσώτατα
1498 1092 1608 1164 (44)
1654 1095 1748 1148 καὶ

140 1178 327 1245 Ἅγια
357 1178 468 1231 τῶν
503 1179 676 1247 ἁγίων
718 1182 845 1235 σκιά
871 1199 953 1245 τις
981 1183 1242 1254 ἐτύγχανε
1274 1184 1336 1236 τὸ
1367 1184 1600 1256 χρυσοῦν
1640 1186 1749 1240 ἱλα-

140 1270 406 1340 στήριον,
444 1271 793 1342 ἐπικείμενον
818 1276 930 1336 τοῖς
959 1274 1078 1327 δυσὶ
1114 1276 1395 1348 χερουϐίμ.
1432 1276 1557 1343 Πῶς
1605 1276 1651 1329 δ’
1681 1277 1748 1331 ἂν

142 1360 513 1433 παράκλητος
556 1364 653 1416 καὶ
697 1365 919 1436 ἱλασμὸς
957 1366 1051 1419 καὶ
1087 1368 1418 1440 ἱλαστήριον,
1448 1370 1621 1441 χωρὶς
1658 1369 1748 1423 δυ-

139 1454 382 1524 νάμεως
434 1454 572 1508 Θεοῦ
632 1456 1059 1530 ἐξαφανιζούσης
1113 1460 1268 1531 ἡμῶν
1321 1461 1420 1532 τὴν
1467 1461 1748 1518 ἀσθένειαν

141 1546 413 1614 γενέσθαι
446 1542 560 1612 οἷός
596 1566 656 1601 τε
688 1545 776 1622 ἦν,
796 1551 1154 1624 ἐπιρρεούσης
1181 1556 1300 1618 ταῖς
1327 1553 1746 1609 τῶνθπιστευόν-

144 1657 264 1693 των
306 1640 530 1709 ψυχαῖς,
580 1642 686 1696 ὑπὸ
738 1643 912 1714 Ἰησοῦ
945 1644 1386 1717 διακονουμένης,
1434 1642 1502 1719 ἦς
1534 1648 1748 1719 πρῶτός

1846 999 2248 1066 prapitiatorem
2287 1015 2380 1067 per
2428 998 2609 1067 ﬁdem,
2671 1000 2829 1068 cuius
2881 1001 3247 1070 propitiatorii
3303 1010 3425 1058 erat

1850 1088 2038 1143 umbra
2072 1090 2319 1158 qumdam
2352 1105 2574 1144 aureum
2595 1090 2723 1155 illud
2748 1092 3188 1160 propitiatorium
3212 1094 3424 1150 duobus

1852 1179 2164 1249 impositum
2194 1180 2477 1235 cherubim
2502 1181 2558 1233 in
2581 1181 2774 1235 intima
2803 1221 2818 1248 ,
2866 1194 2922 1237 et
2951 1185 3149 1238 Sancta
3203 1197 3422 1241 sancto-

1850 1286 1993 1326 rum.
2032 1271 2446 1338 Quomodonam
2486 1287 2611 1327 vero
2637 1275 2956 1342 advocatus,
2995 1284 3050 1330 et
3082 1278 3423 1348 propitiatio,

1853 1373 1964 1419 tum
1992 1367 2156 1420 etiam
2186 1365 2631 1435 propitiatorium
2672 1380 2793 1421 esse
2821 1377 3003 1435 posset
3028 1365 3186 1423 Jesus
3217 1370 3424 1440 absque

1851 1459 1945 1514 Dei
1981 1459 2223 1528 potentia
2252 1499 2268 1526 ,
2302 1474 2423 1528 quae
2453 1467 2693 1513 nostram
2728 1460 2907 1514 abolet
2934 1462 3305 1517 inﬁrmitatem
3326 1504 3341 1528 ,
3370 1473 3426 1516 et

1855 1565 1975 1619 quae
2003 1551 2054 1603 in
2085 1551 2423 1605 credentium
2452 1551 2663 1606 animos
2699 1551 2891 1617 inlluit,
2924 1563 2980 1608 et
3007 1567 3036 1606 a
3065 1550 3189 1607 Jesu
3220 1554 3429 1607 submi-

1854 1641 2134 1704 nistratur,
2166 1643 2257 1710 qui
2283 1658 2343 1697 ea
2375 1645 2524 1714 prior
2550 1652 2668 1707 est,
2716 1659 2838 1698 cum
2866 1646 2937 1699 sit
2967 1646 3080 1715 ipsa
3106 1646 3198 1701 Dei
3233 1656 3429 1716 poten-

147 1734 306 1786 ἐστιν
344 1734 712 1807 αὖτοδύναμις
735 1736 893 1799 Θεοῦ,
937 1737 1004 1790 δι’
1028 1737 1085 1791 ὃν
1116 1739 1259 1792 εἴποι
1302 1757 1384 1802 τις
1416 1740 1481 1793 ἄν
1501 1757 1513 1770 ο
1547 1740 1751 1793 Πάντα

1871 1733 1945 1795 ia,
1981 1749 2076 1801 per
2103 1750 2263 1804 quem
2312 1711 2476 1788 etiam
2525 1735 2674 1789 dicat
2702 1736 2904 1804 aliquis
2948 1738 3037 1794 '3:
3071 1736 3264 1791 Omnia
3303 1754 3426 1808 pos-

146 1825 350 1892 ίσχύω
397 1825 474 1877 ἐν
518 1825 602 1891 τῷ
656 1824 1093 1896 ἐνδυναμοῦντί
1137 1847 1215 1899 με
1251 1829 1481 1899 Χριστῷ
1521 1832 1748 1899 Ἰησοῦ;

146 1915 363 1988 Διόπερ
397 1917 625 1987 Σίμωνα
669 1917 759 1971 τὸν
813 1918 987 1989 μάγον
1019 1921 1181 1974 αὑτὸν
1222 1922 1619 1993 ἁναγορεύοντα
1658 1920 1750 1976 δύ-

145 2026 324 2079 ναμιν
350 2008 517 2072 Θεοῦ,
549 2011 648 2080 τὴν
674 2010 1013 2083 καλουμένην
1041 2013 1302 2084 μεγάλην,
1333 2013 1490 2084 ἴσμεν
1524 2014 1640 2085 ἅμα
1669 2014 1749 2085 τῷ

150 2098 417 2169 ἀργυρίῳ
463 2100 630 2153 αὐτοῦ
680 2102 762 2164 εἰς
804 2102 1022 2174 ὄλεθρον
1055 2105 1148 2157 καὶ
1190 2104 1465 2159 ἀπώλειαν
1504 2124 1752 2179 κεχωρη-

147 2190 348 2242 κέναιο
388 2191 632 2261 Χριστὸν
668 2191 725 2245 δὲ
775 2192 1164 2263 ὁμολογοῦντες
1208 2195 1425 2266 ἀληθῶς
1467 2192 1608 2251 εἶναι
1657 2198 1750 2251 δύ-

142 2300 323 2353 ναμιν
381 2282 559 2345 Θεοῦ,
620 2286 798 2339 πάντα
855 2286 926 2339 τὰ
994 2287 1127 2340 ὅπου
1184 2288 1316 2341 ποτὲ
1370 2288 1754 2361 δυναμούμενοι

147 2375 422 2446 μετέχειν
490 2376 688 2444 αὐτοῦ,
744 2376 881 2432 καθὸ
941 2378 1168 2450 δύναμίς
1227 2381 1379 2446 ἐστι,
1452 2382 1753 2437 πεπιστεύ-

145 2486 358 2538 ιαμεν.

225 2561 319 2616 59.
362 2563 460 2633 Μὴ
494 2562 976 2635 παρασιωπηθήτω
1003 2565 1048 2618 δ’
1082 2567 1235 2637 ἡμῖν,
1272 2566 1407 2638 μηδὲ
1430 2567 1566 2620 Θεοῦ
1594 2567 1753 2637 σοφία

152 2654 411 2723 εὐλόγως
442 2657 749 2727 τυγχάνων,
778 2657 873 2710 καὶ
904 2656 994 2711 διὰ
1026 2658 1182 2712 τοῦτο
1226 2658 1370 2713 τοῦτ’
1416 2656 1555 2713 εἶναι
1604 2659 1756 2729 λεγό-

160 2761 369 2814 μενος·
417 2746 479 2798 οὐ
523 2745 635 2818 γὰρ
682 2749 739 2799 ἐν
768 2746 949 2817 ψιλαῖς
994 2749 1318 2816 φαντασίαις
1360 2748 1455 2802 τοῦ
1490 2748 1625 2802 Θεοῦ
1660 2750 1754 2803 καὶ

160 2835 386 2906 Πατρὸς
412 2835 524 2888 τῶν
553 2837 691 2891 ὅλων
716 2838 816 2910 τὴν
845 2839 1141 2892 ὑπόστασιν
1165 2839 1276 2910 ἔχει
1307 2843 1338 2912 ἡ
1372 2841 1537 2911 σοφία
1562 2842 1751 2907 αὐτοῦ,

156 2929 306 2981 κατὰ
338 2927 411 2982 τὰ
456 2929 721 2999 ἀνάλογον
752 2933 864 2994 τοῖς
902 2930 1258 3002 ἀνθρωπίνοις
1289 2935 1583 3006 ἐννοήμασι
1623 2952 1756 3004 φαν-

1851 1843 1967 1881 sum
1998 1843 2093 1895 per
2124 1825 2417 1894 Christum,
2466 1829 2559 1897 qui
2590 1843 2671 1881 me
2702 1829 3049 1881 corroborat?
3090 1831 3433 1900 Quapmpter

1854 1917 2130 1972 Simonem
2166 1919 2384 1988 quidem
2416 1919 2566 1974 illum
2617 1919 2830 1989 Magum
2861 1923 3096 1990 scipsmn
3133 1923 3431 1991 praedican-

1855 2020 1960 2063 tem
1983 2024 2104 2065 esse
2124 2012 2422 2079 potentiam
2448 2010 2564 2079 Dei,
2591 2026 2712 2081 quae
2735 2021 2961 2067 vocatur
2986 2028 3201 2084 magna,
3226 2015 3431 2069 scimus

1852 2119 1956 2157 una
1997 2118 2119 2157 cum
2145 2119 2242 2159 suo
2280 2115 2506 2175 argento
2556 2106 2610 2159 in
2661 2106 2942 2161 interitum
2974 2118 3030 2162 et
3071 2109 3430 2177 perditionem

1854 2198 2051 2252 abiisse
2074 2200 2158 2262 ²⁵;
2193 2213 2293 2253 nos
2323 2214 2453 2254 vero
2484 2198 2771 2254 Christum
2820 2215 2950 2256 vere
2998 2201 3094 2256 Dei
3127 2201 3426 2269 potentiam

1854 2304 1973 2344 esse
2002 2289 2252 2355 fatentes,
2283 2305 2621 2362 quzecunque
2664 2308 2752 2348 res
2781 2294 2830 2346 vi
2864 2292 3090 2364 pollent,
3119 2294 3288 2364 ipsius
3311 2308 3434 2349 esse

1855 2380 2152 2449 participes
2174 2396 2498 2450 persuasum
2531 2384 2817 2439 habemus.

1923 2562 2013 2618 59.
2082 2562 2214 2618 Illud
2271 2572 2451 2619 autem
2513 2563 2734 2620 silentio
2799 2581 2904 2619 non
2970 2568 3434 2635 praetereundum,

1854 2651 2037 2706 Jesum
2065 2651 2157 2729 Dei
2196 2653 2519 2719 sapientiam
2553 2655 2753 2708 nu-rito
2779 2655 3066 2721 exsistere,
3098 2667 3155 2711 et
3191 2657 3335 2711 hanc
3364 2661 3436 2714 ob

1856 2757 2077 2797 causam
2104 2742 2206 2798 hoc
2231 2744 2449 2800 nomine
2479 2746 2744 2814 appellari
2773 2764 2787 2800 :
2822 2748 3021 2816 quippe
3058 2762 3182 2802 cum
3214 2763 3324 2803 non
3374 2749 3430 2803 in

1856 2836 2018 2890 undis
2045 2835 2353 2892 visionibus
2377 2837 2471 2892 Dei
2498 2848 2554 2892 et
2585 2838 2763 2893 Patris
2785 2841 3159 2896 universorum
3187 2840 3437 2896 substan-

1858 2928 1987 2981 tiam
2017 2928 2214 2982 habeat
2262 2931 2531 2998 sapientia
2566 2932 2757 3002 ipsius,
2804 2932 3032 3001 perinde
3065 2941 3229 3002 atque
3261 2933 3437 3003 phan-

156 3021 442 3089 τάσματα.
470 3021 534 3075 Ei
561 3021 618 3075 δέ
645 3039 731 3086 τις
757 3016 869 3086 οἷός
891 3022 950 3075 τὲ
974 3024 1120 3076 ἐστιν
1144 3024 1431 3095 ἀσώματον
1458 3026 1754 3080 ὑπόστασιν

1871 3029 2091 3073 lasmata
2139 3021 2532 3089 cogitationum
2589 3024 2976 3076 humanarum.
3031 3023 3184 3090 Quod
3235 3025 3279 3078 si
3314 3024 3439 3093 quis

159 3114 434 3167 ποικίλων
476 3115 874 3187 θεωρημάτων,
914 3116 1273 3187 περιεχόντων
1316 3119 1443 3182 τοὺς
1472 3118 1581 3172 τῶν
1620 3120 1757 3173 ὅλων

156 3204 384 3275 λόγους,
424 3206 627 3273 ζῶσαν,
674 3207 772 3260 καὶ
799 3208 960 3262 οἱονεὶ
989 3194 1229 3280 ἔμψυχον
1272 3211 1529 3274 ἐπινοεῖν,
1555 3211 1758 3266 εἵσεται

157 3302 260 3370 τὴν
295 3302 440 3373 ὑπὲρ
467 3302 649 3354 πᾶσαν
677 3300 853 3353 κτίσιν
888 3300 1077 3370 σοφίαν
1109 3301 1203 3355 τοῦ
1238 3302 1372 3355 Θεοῦ
1405 3302 1588 3366 καλῶς
1630 3304 1760 3374 περὶ

158 3392 345 3462 αὐτῆς
385 3393 687 3461 λέγουσαν·
734 3393 790 3445 '0
828 3391 971 3458 Θεὸς
998 3392 1203 3447 ἔκτισέ
1239 3411 1321 3459 ,με
1357 3393 1558 3463 ἀρχὴν
1599 3393 1757 3449 ὁδῶν

163 3483 362 3539 αὑτοῦ
390 3488 478 3551 εὶς
508 3483 656 3554 ἔργα
687 3484 896 3548 αὑτοῦ,
928 3483 995 3537 δι’
1017 3485 1083 3556 ἢν
1119 3484 1297 3539 κτίσιν
1338 3485 1623 3557 δεδύνηται
1666 3487 1760 3539 καὶ

168 3578 326 3629 nisa
366 3577 546 3636 κτίσις
591 3576 912 3645 ὑφεστάναι,
955 3577 1055 3630 οῦκ
1106 3575 1385 3647 ὰνένδοχος
1429 3573 1562 3630 οὖσα
1608 3576 1760 3643 θείας

169 3673 367 3741 σοφίας
400 3673 526 3726 καθ’
571 3672 638 3743 ἢν
690 3671 1015 3743 γεγένηταιο
1051 3671 1256 3725 Πάντα
1310 3673 1439 3744 γὰρ,
1476 3672 1618 3726 κατὰ
1670 3672 1758 3726 τὸν

167 3768 464 3837 προφήτην
521 3764 724 3827 Δαυῒδ,
776 3765 848 3818 ἐν
890 3765 1075 3834 σοφίᾳ
1136 3764 1428 3832 ἐποίησεν
1490 3769 1523 3819 ὀ
1586 3766 1754 3832 θεός.

382 3858 560 3913 πολλὰ
596 3859 695 3929 μὲν
728 3859 928 3928 μετοχῇ
976 3856 1167 3926 σοφίας
1206 3857 1519 3928 γεγένηται,
1550 3857 1649 3909 οὐκ
1676 3859 1764 3910 ἁν-

167 3952 622 4023 τιλαμὸανόμενα
670 3951 844 4019 αὐτῆς
944 3948 1217 4002 ἔκτισται·
1256 3949 1463 4020 σφόδρα
1507 3948 1565 4002 δὲ
1588 3948 1762 4017 -όλίγα

169 4044 229 4097 οὐ
263 4043 430 4115 μόνον
460 4043 561 4113 τὴν
590 4042 721 4113 περὶ
746 4040 926 4095 αὐτῶν
948 4040 1356 4112 καταλαμϐάνει
1390 4040 1602 4109 σοφίαν,
1625 4040 1761 4095 ἀλλὰ

173 4137 266 4190 καὶ
297 4134 434 4207 περὶ
479 4132 694 4187 πολλῶν
748 4133 945 4204 ἑτέρων
989 4130 1225 4204 Χριστοῦ
1269 4131 1372 4202 τῆς
1407 4132 1587 4203 πάσης
1630 4148 1762 4201 τυγ-

174 4227 431 4297 χάνοντος
470 4225 683 4293 σοφίας.
718 4223 989 4287 Ἕκαστος
1027 4222 1085 4276 δὲ
1128 4221 1239 4274 τῶν
1272 4223 1451 4292 σοφῶν
1484 4221 1605 4276 καθ’
1640 4223 1763 4275 ὅσον

178 4325 343 4394 χωρεῖ
372 4320 590 4388 σοφίας,
616 4316 869 4372 τοσοῦτον
900 4316 1114 4388 μετέχει
1140 4315 1400 4388 Χριστοῦ,
1431 4314 1567 4368 καθὸ
1602 4315 1762 4383 σοφία

1863 3119 2040 3178 potest
2063 3110 2439 3180 incorpoream
2475 3113 2835 3168 substantiam
2882 3114 3160 3168 variarum
3187 3114 3439 3185 specula-

1862 3203 2093 3267 tionum,
2136 3216 2257 3270 qua:
2280 3203 2529 3257 omnium
2566 3203 2809 3256 rationes
2832 3204 3135 3269 continent,
3168 3205 3438 3258 viventem

1859 3305 1915 3348 et
1947 3292 2058 3365 40
2085 3293 2249 3348 veluti
2277 3296 2575 3349 animatum
2613 3295 2966 3350 considerare
2985 3336 3000 3362 ,
3042 3296 3087 3349 is
3110 3297 3270 3365 plane
3304 3297 3442 3352 sciet

1862 3386 1954 3441 Dei
1997 3388 2320 3456 sapientiam
2371 3390 2520 3442 omni
2555 3400 2804 3443 creatura
2855 3389 3016 3457 longe
3069 3398 3439 3458 praestantem,

1861 3496 1923 3531 ac
1949 3479 2083 3533 bene
2123 3481 2188 3531 de
2226 3480 2399 3547 seipsa
2430 3482 2613 3535 dicere
2638 3499 2650 3533 :
2680 3480 2821 3535 Deus
2870 3481 3063 3534 creavit
3105 3496 3186 3535 me
3228 3481 3442 3534 initium

1862 3575 2066 3626 viarum
2099 3589 2339 3638 suarum,
2392 3573 2460 3626 ad
2492 3590 2650 3642 opera
2691 3574 2803 3642 ejus
2840 3573 2914 3640 ’³,
2957 3589 3052 3641 per
3088 3589 3250 3644 quam
3283 3587 3439 3627 crea-

1863 3666 2063 3719 tionem
2110 3667 2286 3733 potuit
2345 3666 2552 3734 qumvis
2603 3677 2852 3721 creatura
2905 3666 3230 3730 subsistere,
3295 3665 3439 3719 haud

1864 3772 2061 3824 expers
2100 3758 2374 3813 exsislcns
2402 3758 2596 3812 divinae
2625 3759 2927 3825 sapientiw,
2968 3773 3064 3827 per
3100 3774 3260 3828 quam
3293 3758 3437 3812 facta

1860 3851 2462 3919 est;qnandoquidem,
2512 3859 2653 3905 teste
2700 3852 2897 3905 Davide
2939 3853 3009 3915 ³⁸,
3067 3851 3134 3904 In
3177 3852 3439 3920 sapientia

1862 3942 1985 4012 fecit
2010 3943 2186 3996 omnia
2215 3944 2379 3996 Deus.
2412 3942 2520 3998 Sed
2557 3944 2724 3999 multa
2768 3944 2989 4014 quidem
3015 3944 3436 4013 participatione

1862 4037 2144 4106 sapientia!
2171 4048 2290 4091 orta
2322 4049 2473 4103 sunt,
2508 4054 2631 4107 quae
2664 4039 2903 4094 vicissim
2937 4056 3041 4094 non
3066 4049 3435 4110 assequuntur

1862 4144 1982 4182 eam
2016 4143 2121 4196 qua
2158 4138 2341 4183 creata
2369 4139 2529 4194 sunt;
2574 4145 2844 4199 perpauca
2889 4142 3069 4185 autem
3117 4141 3266 4193 SUlll,
3322 4145 3443 4198 qua)

1865 4237 1969 4274 non
2006 4222 2166 4275 modo
2189 4232 2309 4275 eam
2351 4236 2472 4290 qua:
2517 4223 2584 4276 ad
2646 4239 2728 4288 se,
2778 4241 2968 4280 verum
3013 4225 3179 4279 etiam
3223 4239 3343 4292 qua:
3375 4222 3441 4277 ad

1868 4310 2035 4366 multa
2074 4311 2181 4366 alia
2226 4322 2464 4381 spectat,
2506 4317 2830 4382 sapientiam
2889 4326 3273 4385 assequuntur,
3319 4331 3441 4371 cum

181 4416 355 4469 ἱστίν·
392 4413 585 4484 ὥσπερ
622 4412 856 4475 ἕκαστος
898 4409 1005 4463 τῶν
1046 4409 1271 4481 δύναμιν
1301 4408 1531 4479 ἐχόντων
1579 4409 1761 4480 κρείτ-

1871 4409 2118 4464 Christus
2166 4409 2239 4463 sit
2311 4410 2565 4466 universa
2624 4413 2911 4482 sapientia.
2964 4413 3200 4479 Quilibet
3262 4422 3445 4466 autem

184 4526 309 4563 τονα
338 4509 463 4561 ὅσον
500 4505 687 4577 εἴληχε
727 4505 826 4575 τῆς
868 4502 1168 4574 δυνάμεως,
1200 4501 1451 4556 τοσοῦτον
1496 4499 1756 4572 Χριστοῦ,

190 4602 321 4656 καθὸ
364 4600 597 4671 δύναμίς
638 4601 785 4663 ἐστι,
830 4595 1213 4668 κεκοινώνηκε.
1264 4595 1337 4648 Τὸ
1384 4594 1763 4667 παραπλήσιον

192 4694 245 4747 δὲ
291 4694 385 4748 καὶ
413 4693 547 4765 περὶ
597 4689 872 4761 ἁγιασμοῦ
905 4690 998 4744 καὶ
1041 4687 1473 4761 ἀπολυτρώσεως
1519 4688 1757 4760 νοητέον.

196 4784 356 4848 Αὐτὸς
396 4785 497 4855 μὲν
536 4781 645 4853 γὰρ
676 4779 966 4850 ἁγιασμὸς,
992 4777 1112 4831 ὅθεν
1145 4778 1194 4830 οἱ
1224 4775 1368 4845 ᾶγιοι
1408 4774 1758 4864 ἁγιάζονται,

195 4880 318 4948 ἡμῖν
344 4878 373 4929 ὸ
402 4874 612 4945 Ἰησοῦς
642 4872 931 4942 γεγένηται
958 4871 1052 4923 καὶ
1087 4868 1465 4940 ἀπολύτρωσις
1484 4885 1498 4899 ·
1532 4867 1763 4932 ἕκαστος

201 4969 253 5023 δὲ
283 4968 435 5041 ἡμῶν
488 4967 683 5037 ἐκείνῳ
726 4964 808 5035 τῷ
852 4962 1105 5033 ἁγιασμῷ
1154 4962 1470 5030 ἁγιάζεται,
1518 4961 1612 5014 καὶ
1644 4962 1767 5013 κατ’

207 5063 398 5133 ἐκείνην
452 5059 830 5132 ἀπολύτρωσιν
882 5055 1296 5127 ἁπολυτροῦται.
1357 5053 1680 5124 Ἐπίστησον
1710 5053 1768 5106 δὲ

210 5155 253 5205 εἰ
280 5153 344 5223 μὴ
374 5152 549 5223 μάτην
602 5150 665 5203 τὸ
695 5148 842 5219 ἡμῖν
872 5148 1020 5220 παρὰ
1070 5146 1149 5217 τῷ
1186 5146 1491 5215 ’Λποστόλῳ
1523 5162 1767 5215 προσκα-

211 5243 356 5298 λεῖται
384 5243 521 5314 (45),
551 5243 766 5310 λέγοντι
789 5256 804 5271 ·
845 5241 941 5307 Ὃς
971 5239 1222 5309 ἐγενήθη
1262 5239 1448 5307 σοφία
1469 5237 1613 5307 ἡμῖν
1649 5238 1767 5292 ἀπὸ

275 5381 516 5441 “ann.
555 5399 622 5447 ιι,
648 5384 699 5436 1.
792 5382 836 5413 ²¹
861 5380 988 5434 ibid.
1023 5380 1077 5433 2.

219 5472 313 5522 τιιι,
340 5455 429 5513 22.
508 5455 557 5489 ³⁵
576 5452 729 5507 Psal.
759 5464 880 5515 cm,
905 5450 997 5504 24.

283 5572 369 5642 (44)
396 5573 495 5640 Εἷς
521 5573 597 5627 τὰ
622 5569 916 5642 eccistam.
965 5566 1057 5642 Sic
1092 5575 1239 5621 recte
1270 5581 1422 5629 mss...
1464 5567 1601 5622 male
1636 5580 1764 5620 vero

230 5636 548 5703 editio'liue'tii
576 5645 659 5705 εἰς
688 5641 760 5695 τά
791 5640 921 5702 ἔσω,
960 5636 1046 5692 τά.

289 5715 372 5788 (45)
394 5715 555 5786 Παρὰ
582 5712 665 5780 τῷ
705 5709 1041 5777 Ἀποστόλῳ
1064 5708 1508 5778 προσκαλεῖται.
1533 5707 1759 5764 Codices

1178 5380 1223 5410 ²¹
1247 5391 1365 5449 cap.
1399 5392 1485 5441 ιιι,
1515 5392 1661 5432 vers.
1691 5375 1781 5430 25.

1864 4499 2102 4566 sapiens,
2134 4510 2407 4570 quatenus
2450 4503 2777 4571 sapientiam
2816 4505 2986 4573 capit,
3021 4503 3081 4556 ﬁt
3115 4502 3362 4566 Christi,
3392 4503 3445 4556 in

1866 4606 2132 4654 quantum
2174 4602 2260 4647 est
2287 4593 2553 4662 sapientia
2576 4633 2594 4659 ,
2635 4595 2909 4666 particeps
2940 4615 2953 4651 :
2987 4596 3444 4665 quemadmodum

1867 4685 2243 4754 latiusquisque
2296 4686 2504 4741 viribus
2558 4685 2719 4758 longe
2771 4688 3125 4757 prmcellens,
3183 4698 3446 4758 quantum

1866 4778 2143 4848 particeps
2172 4789 2257 4835 est
2285 4782 2577 4850 potentiae,
2620 4781 2953 4835 tantumdem
3001 4782 3169 4836 etiam
3214 4782 3445 4848 Christi,

1872 4879 2144 4936 quatenus
2181 4880 2266 4924 est
2309 4870 2575 4937 potentia,
2624 4882 2709 4924 est
2752 4869 3047 4938 particeps.
3099 4872 3253 4935 Quod
3303 4869 3448 4925 idem

1871 4961 2037 5014 etiam
2070 4961 2135 5014 de
2163 4959 2615 5021 sanctificatione,
2640 4970 2694 5013 et
2724 4959 2791 5012 de
2817 4959 3185 5029 redemptione
3206 4960 3449 5014 sentien-

1872 5053 1997 5106 dmn
2029 5062 2131 5107 est.
2182 5051 2302 5123 Ipsa
2334 5051 2602 5121 siquidem
2637 5052 2998 5107 sanctiﬁcatio
3027 5094 3039 5117 ,
3081 5054 3224 5106 unde
3270 5051 3449 5105 sancti

1871 5153 2095 5207 sumunt
2141 5146 2675 5208 sanctiﬁcatiouem,
2731 5155 2784 5200 et
2837 5145 3138 5215 redemptio
3195 5143 3461 5205 Christus,

1871 5237 2028 5292 nobis
2062 5237 2242 5291 factus
2288 5248 2371 5292 est
2396 5253 2415 5298 :
2443 5238 2817 5307 unusquisque
2864 5246 3045 5291 autem
3087 5247 3330 5291 nostrum
3360 5231 3450 5286 illa

1871 5376 1918 5408 ’³
1949 5373 2146 5445 Philip.
2177 5389 2252 5441 tv,
2280 5375 2367 5431 15.
2446 5373 2491 5407 ³⁸
2511 5375 2633 5429 Act.
2667 5388 2785 5438 vm,
2816 5372 2872 5437 9,
2906 5370 2992 5434 10,
3023 5368 3113 5423 20.
3195 5366 3241 5398 ’⁵
3279 5364 3442 5420 Prov.

1876 5561 2077 5629 Regius
2111 5570 2164 5614 et
2185 5559 2551 5632 Burneianus.
2578 5555 2707 5632 περὶ
2739 5553 2817 5624 τῷ
2862 5550 3164 5632 ’Λποστόλῳ
3195 5564 3441 5632 προσκαι-

1874 5624 2068 5691 λεῖται,
2102 5631 2196 5683 sed
2228 5630 2398 5682 codex
2425 5624 2753 5679 Barluu‘inus
2781 5634 2924 5676 recte
2954 5624 3111 5675 habet
3142 5624 3206 5676 ad
3244 5624 3442 5688 margi-

1872 5721 1990 5760 nem
2027 5699 2173 5771 παρὰ
2208 5697 2284 5771 τῷ
2323 5696 2627 5767 Ἀποστόλῳ
2656 5695 2992 5765 πρόσκειται.
