3792 6146
380 324 444 376 'JI
1818 316 2138 371 ORIGENIS

3559 312 3638 361 9‘2

381 426 810 485 sanctiﬁcatione
874 430 1257 486 sanctiﬁcatur
1314 438 1369 486 et
1434 430 1524 485 illa
1580 430 1952 501 redemptione

2090 430 2223 497 laci},
2252 430 2605 498 δικαιοσύνη
2633 445 2717 494 τε,
2760 429 2858 483 καὶ
2897 424 3209 498 ἁγιασμὸς,
3251 424 3353 480 καί
3394 425 3637 480 ἀπο.ἱύ-

384 520 688 575 redimitur.
740 521 982 577 Observa
1007 531 1190 578 autem
1222 538 1289 578 an
1323 522 1641 592 particulam
1671 524 1818 577 nobis
1849 524 1951 577 mi-

383 611 532 666 nime
581 611 785 666 frustra
842 612 1112 670 addiderit
1148 614 1457 683 Apostolus,
1507 615 1692 669 dicens
1729 615 1773 647 ²⁷
1804 632 1817 668 :
1847 615 1952 680 Qui

384 702 556 772 factus
581 712 658 757 est
680 704 826 758 nobis
856 705 1116 772 sapientia
1138 723 1171 759 a
1195 705 1325 769 Deo,
1349 716 1397 759 et
1424 705 1660 775 justitia,
1686 716 1733 759 et
1763 707 1953 761 sancti-

384 794 589 865 ﬁcatio,
621 805 670 851 et
704 799 1013 866 redemptio.
1043 798 1342 869 Itidemque
1367 801 1593 854 observa
1636 800 1953 869 Apostolum

383 903 496 943 non
557 891 625 946 ab
676 906 737 947 re
785 890 913 946 alibi
974 892 1178 947 dixisse
1227 892 1475 947 absolute
1514 893 1807 954 Christum,
1858 892 1952 948 Dei

384 982 732 1051 sapientiam,
757 991 811 1039 et
848 983 941 1039 Dei
972 985 1293 1055 potentiam,
1331 995 1598 1055 quatenus
1628 986 1860 1054 potentia
1899 992 1954 1039 et

386 1073 654 1141 sapientia
685 1081 787 1139 est,
839 1073 1049 1129 etiamsi
1075 1090 1174 1128 nos
1197 1074 1661 1130 existimassemus
1689 1091 1810 1129 eum
1845 1090 1950 1129 non

2051 538 2299 593 τρωσιςο
2328 523 2422 576 καὶ
2445 524 2492 575 εί
2530 522 2603 593 μὴ
2631 524 2688 576 ἐν
2720 520 2898 584 ἀλλοις
2935 520 3063 592 περὶ
3093 518 3185 574 τοῦ
3216 520 3457 593 Χριστοῦ
3492 520 3635 574 καθό

2053 617 2215 686 σοφία
2259 617 2407 672 ἐστὶν
2463 614 2877 686 ἀπολελυμένως
2926 613 3160 683 ἐλέγετο,
3208 614 3303 668 καὶ
3350 613 3490 668 καθὸ
3534 613 3632 667 δύ-

2051 726 2241 779 ναμις,
2281 709 2363 762 ὅτι
2425 708 2658 779 Χριστὸς
2704 705 2838 760 Θεοῦ
2882 706 3109 779 δύναμίς
3153 709 3300 774 ἐστι,
3352 707 3448 762 καὶ
3487 706 3633 761 Θεοῦ

2054 801 2215 870 σοφία
2233 842 2247 867 ,
2289 800 2391 855 κᾶν
2438 802 2810 872 ὑπενοήσαμεν
2853 799 2926 871 μὴ
2975 799 3228 866 καθάπαξ
3277 800 3438 855 αὐτὸν
3483 796 3633 853 εἶναι

2055 891 2264 961 σοφίαν,
2298 893 2433 965 μηδὲ
2473 892 2699 963 δύναμιν
2739 890 2896 959 Θεοῦ,
2924 891 3060 945 ἀλλά
3098 892 3252 963 ἡμῖν.
3282 891 3395 946 Νῦν
3434 893 3493 947 δὲ
3534 893 3634 946 ἐνιῖ¹

2057 983 2156 1054 μὲν
2194 984 2293 1054 τῆς
2335 984 2524 1053 σοφίας
2567 985 2657 1037 καὶ
2708 984 2987 1055 δυνάμεως
3038 985 3174 1056 πρὸς
3204 983 3282 1055 τῷ
3331 984 3475 1054 ἡμῖν
3530 985 3634 1038 καὶ

2052 1073 2115 1127 τὸ
2159 1073 2422 1127 ἀπὸλυτον
2480 1076 2928 1147 ἀναγέγραπται,
2982 1076 3073 1129 ἐπὶ
3118 1075 3173 1130 δὲ
3205 1076 3298 1130 τοῦ
3352 1074 3630 1147 ἀγιασμοῦ

385 1176 507 1216 esse
536 1163 831 1231 potentiam
854 1163 971 1230 Dei,
994 1178 1171 1233 neque
1196 1165 1515 1234 sapientiam
1542 1167 1592 1218 in
1614 1168 1950 1228 universum.

2054 1166 2151 1219 καὶ
2192 1166 2292 1237 τῆς
2320 1167 2747 1239 ἀπολυτρώσεως
2778 1170 2810 1240 ή
2849 1169 2986 1242 αὑτὴ
3032 1169 3305 1239 ἀπόφασις
3336 1170 3435 1223 οὐκ
3473 1168 3624 1241 εἴρη-

386 1254 480 1308 sed
513 1254 688 1309 nobis.
746 1253 899 1311 Nunc
932 1264 1114 1310 autem
1162 1254 1347 1311 Iesum
1382 1258 1628 1312 scribens
1662 1256 1953 1325 Apostolus

2053 1273 2162 1309 ται.
2209 1258 2407 1330 Διόπερ
2454 1260 2572 1331 ὅρα,
2626 1260 2755 1314 ἐπεὶ
2797 1264 2831 1314 ὁ
2879 1259 3130 1331 ἁγιάζων
3163 1260 3259 1314 καὶ
3301 1263 3357 1315 οἱ
3398 1259 3630 1331 ἁγιαζό-

387 1346 711 1415 sapientiam
754 1360 874 1401 esse
933 1363 997 1402 ac
1025 1348 1359 1418 potentiam,
1395 1349 1680 1418 aliquoties
1720 1348 1955 1403 vocabu-

2090 1367 2219 1403 ενοι
2260 1350 2330 1415 ἐξ
2380 1352 2522 1416 ἑνὸς
2576 1351 2827 1420 πάντες,
2878 1355 2926 1406 εί
2983 1353 3147 1408 αὐτοῦ
3206 1352 3300 1407 τοῦ
3355 1352 3632 1426 ἡμετέρου

386 1438 497 1492 lum
531 1441 679 1493 nobis
704 1439 872 1507 addit,
909 1441 1195 1509 aliquoties
1224 1458 1328 1496 non
1359 1443 1526 1505 addit,
1558 1441 1802 1496 absolute
1829 1456 1950 1495 eum

2090 1443 2326 1515 ηγιασμοῦ
2361 1445 2627 1516 ἀγιασμός
2658 1447 2804 1499 ἐστιν
2833 1448 2862 1500 ὁ
2893 1448 3116 1518 Πατήρ·
3154 1446 3339 1518 ὥσπερ
3385 1442 3634 1517 Χριστοῦ

388 1530 736 1599 sapientiam,
764 1541 818 1587 et
845 1533 1139 1602 potentiam
1182 1536 1449 1599 scribens,
1475 1549 1597 1588 cum
1628 1535 1767 1588 idem
1813 1534 1957 1589 inte-

2090 1554 2207 1600 ντος
2250 1537 2523 1608 ἡμετέρας
2567 1539 2837 1609 κεφαλῆς,
2875 1542 2903 1593 ὁ
2938 1540 3125 1611 Πατὴρ
3156 1537 3317 1592 αὑτοῦ
3369 1539 3486 1590 ἐστι
3532 1555 3633 1591 κε-

388 1622 491 1676 rim
525 1638 632 1677 non
668 1623 862 1688 iaciat,
889 1623 1136 1680 scribens
1162 1640 1284 1679 eum
1320 1640 1441 1680 esse
1468 1626 1952 1682 sanctiﬁcationem

2090 1628 2220 1700 ναλή.
2258 1628 2654 1700 Ἀπολύτρωσις
2696 1630 2752 1684 δὲ
2785 1631 2940 1702 ἡμῶν
2969 1632 2997 1684 ὁ
3026 1631 3259 1702 Χριστὸς
3297 1629 3406 1683 τῶν
3434 1629 3523 1683 διὰ
3569 1630 3635 1683 τὸ

385 1722 443 1767 et
493 1714 942 1783 redemptionem.
1015 1714 1281 1782 Quocirca
1328 1718 1472 1781 vide,
1535 1721 1787 1787 quoniam
1859 1719 1950 1788 qui

2090 1719 2510 1791 ιχμικλιινιτεῦσθαι
2570 1722 2999 1794 ἀπολυτρώσεως
3050 1724 3402 1795 δεδεημένων.
3452 1722 3634 1777 Αὐτοῦ

386 1803 710 1871 sanctiﬁcat,
749 1814 801 1859 et
846 1808 938 1877 qui
986 1808 1392 1877 sanctiﬁcantur
1429 1825 1493 1863 ea:
1535 1826 1640 1863 uno
1677 1825 1853 1864 omnes
1886 1810 1953 1877 ⁸⁸,

2090 1810 2116 1863 ὲ
2158 1811 2258 1882 τὴν
2307 1811 2681 1883 ἀπολύτρωσιν
2723 1813 2785 1866 οὐ
2831 1812 2998 1885 ζητῶ,
3046 1813 3151 1868 τοῦ
3198 1815 3635 1885 πεπειραμένου

386 1909 455 1947 an
485 1896 677 1964 ipsius,
706 1897 798 1966 qui
830 1907 914 1953 est
940 1907 1123 1954 nostra
1155 1900 1522 1954 sanctiﬁcatio
1543 1941 1559 1965 ,
1593 1900 1955 1956 sanctiﬁcatio

2090 1902 2213 1955 εατὰ
2238 1902 2433 1956 πάντα
2460 1904 2587 1958 καθ’
2624 1906 2937 1974 ὁμοιότητα
2982 1907 3160 1976 χωρὶς
3188 1907 3495 1976 ἁμαρτίας,
3538 1909 3640 1962 καὶ

387 1986 462 2039 sit
512 1984 717 2053 Pater;
764 1988 1221 2057 quemadmodum
1275 1990 1442 2056 ipsius
1471 1990 1696 2054 Christi,
1736 1991 1825 2058 qui
1872 1999 1957 2044 est

2090 1995 2332 2065 ιηδέποτε
2361 1995 2467 2049 ὑπὸ
2506 1997 2613 2052 τῶν
2654 1998 2862 2070 ἐχθρῶν
2905 2001 2986 2063 είς
3016 1999 3389 2071 αἰχμαλωσίαν
3431 2018 3637 2073 κεκρα-

390 2088 640 2133 nostrum
670 2090 835 2148 caput
860 2118 876 2144 ,
907 2089 1069 2150 caput
1096 2093 1180 2133 est
1203 2079 1380 2133 Pater.
1421 2079 1514 2134 Est
1539 2091 1719 2133 autem
1746 2080 1957 2135 redem-

2062 2084 2321 2154 τημένου.

388 2175 502 2243 ptio
523 2185 705 2231 nostra
729 2173 997 2242 Christus,
1023 2190 1090 2230 eo
1110 2176 1253 2244 quod
1279 2176 1330 2229 in
1358 2175 1723 2242 captivitatem
1748 2175 1965 2231 abducti
1997 2194 2132 2248 opus
2160 2181 2447 2239 habuimus
2478 2183 2862 2253 redemptione.
2887 2182 2995 2240 Nec
3021 2184 3187 2254 ipsius
3209 2186 3633 2256 redemptionem

388 2284 591 2339 quaero,
617 2272 707 2342 qui
729 2280 957 2326 tentatus
978 2280 1053 2325 est
1082 2287 1176 2341 per
1203 2272 1380 2326 omnia
1412 2273 1571 2342 juxta
1606 2271 2012 2328 similitudinem
2039 2277 2233 2346 absque
2258 2291 2468 2343 peccato
2501 2281 2569 2344 ",
2612 2281 2705 2336 sed
2738 2295 3009 2350 nunquam
3048 2270 3116 2336 ab
3160 2281 3408 2337 hostibus
3458 2280 3638 2337 factus

389 2365 655 2434 captivus.

458 2457 551 2512 40.
576 2456 713 2513 Cum
748 2457 920 2513 semel
959 2466 1141 2513 autem
1180 2458 1591 2513 distinxerimus
1614 2457 1757 2513 inter
1783 2472 1956 2512 vocu-

390 2551 497 2606 lam
522 2551 671 2605 nobis
695 2559 751 2605 et
783 2549 1030 2605 voculam
1055 2550 1387 2620 simpliciter,
1421 2551 1665 2605 dicentes
1690 2564 1795 2604 non
1827 2551 1960 2604 sim-

391 2641 608 2713 pliciter
641 2640 1133 2695 sanctilicationem
1163 2650 1217 2696 et
1250 2641 1676 2711 redemptionem
1725 2640 1890 2695 scribi
1927 2656 1960 2696 a

392 2733 560 2788 Paulo
606 2748 731 2789 esse
781 2732 1082 2799 Christum,
1115 2734 1209 2788 sed
1239 2748 1361 2788 cum
1400 2734 1771 2788 additameuto
1811 2734 1959 2788 nobis

394 2823 562 2896 (cum
609 2825 850 2894 potentia
906 2837 962 2878 et
1010 2824 1275 2894 sapientia
1328 2824 1561 2888 dicatur,
1596 2830 1652 2877 et
1699 2837 1822 2877 cum
1868 2823 1965 2875 ad-

393 2917 696 2971 ditamento
719 2915 824 2988 51
862 2918 1031 2981 nobis,
1055 2926 1109 2971 et
1140 2916 1457 2984 simpliciter
1488 2917 1604 2970 sine
1637 2914 1827 2969 vocula
1864 2930 1963 2968 no-

394 3006 523 3078 bis),
557 3022 663 3062 non
705 3009 889 3063 sinere
922 3007 1184 3061 debemus
1215 3007 1609 3076 inexploratum
1656 3020 1961 3061 sermonem

393 3100 463 3155 de
485 3100 714 3168 justitia.
744 3100 812 3155 Et
840 3102 983 3171 quod
1011 3101 1228 3168 quidem
1258 3098 1471 3166 justitia
1517 3098 1675 3154 nobis
1705 3098 1779 3153 sit
1798 3096 1961 3152 Cbri-

2130 2460 2217 2513 40.
2264 2458 2446 2524 Ἀπαξ
2499 2460 2558 2513 δὲ
2618 2459 3007 2514 διασταλέντων
3048 2458 3142 2512 τοῦ
3196 2458 3357 2528 ἡμῖν,
3399 2458 3493 2513 καὶ
3538 2458 3637 2515 τοῦ

2060 2552 2268 2619 ἁπλῶς
2286 2569 2299 2583 ·
2327 2552 2472 2623 ἡμῖν
2502 2552 2622 2622 μὲν,
2647 2552 2741 2606 καὶ
2770 2552 2867 2621 οὐχ
2899 2550 3084 2615 ἀπλῶς
3113 2550 3207 2604 τοῦ
3239 2550 3510 2622 ἀγιασμοῦ
3540 2550 3639 2606 καὶ

2062 2643 2161 2712 τῆς
2185 2641 2631 2713 ἀπολυτρώσεως·
2651 2643 2745 2695 καὶ
2765 2642 2908 2710 ἡμῖν
2926 2641 2982 2694 δὲ
3003 2642 3095 2695 καὶ
3122 2641 3306 2706 ἁπλῶς
3326 2642 3423 2712 τῆς
3442 2641 3639 2711 σοφίας

2064 2736 2158 2788 καὶ
2183 2735 2278 2805 τῆς
2310 2734 2611 2804 δυνάμεως,
2650 2734 2748 2787 οὐκ
2783 2732 3133 2797 ἀνεξέταστον
3164 2732 3349 2786 ἐατέον
3379 2733 3470 2785 τὸν
3504 2733 3639 2805 περὶ

2063 2825 2165 2895 τῆς
2194 2824 2534 2895 δικαιοσύνης
2565 2824 2737 2892 λόγον.
2767 2824 2875 2877 Καὶ
2904 2824 2986 2876 ὅτι
3016 2823 3111 2893 μὲν
3148 2824 3279 2893 ἡμῖν
3322 2822 3638 2894 δικαιοσύνη

2068 2915 2321 2988 Χριστὸς,
2373 2914 2530 2983 δῆλον
2560 2915 2623 2966 ἐκ
2645 2912 2767 2967 τοῦ·
2805 2915 2901 2979 Ὃς
2953 2911 3204 2982 ἐγενήθη
3260 2912 3445 2982 σοφία
3491 2910 3642 2981 ἡμῖν

2065 3009 2185 3064 ἀπὸ
2211 3009 2379 3068 Θεοῦ.
2409 3008 2762 3075 δικαιοσύνη
2787 3023 2872 3070 τε,
2896 3006 2993 3059 καὶ
3020 3005 3331 3075 ἁγιασμὸς,
3362 3005 3459 3059 καὶ
3495 3005 3644 3059 ἀπο-

2063 3104 2377 3171 λύτρωσις·
2413 3100 2507 3153 ἐὰν
2521 3100 2577 3153 δὲ
2597 3099 2670 3172 μὴ
2686 3100 3026 3171 εὑρίσκωμεν
3041 3096 3225 3161 ἀπλῶς
3251 3096 3411 3150 αὐτὸν
3434 3095 3641 3151 δικαιο-

399 3203 508 3259 tus,
534 3193 882 3265 perspicuum
914 3203 1000 3248 est
1025 3207 1092 3247 ex
1121 3208 1185 3248 eo
1220 3209 1235 3248 :
1266 3192 1369 3259 Qui
1406 3192 1577 3261 factus
1600 3202 1674 3247 est
1701 3192 1849 3246 nobis
1871 3207 1960 3245 sa-

2090 3195 2263 3267 rtiv'qv,
2302 3195 2489 3265 ὥσπερ
2521 3171 2706 3257 ἁπλῶς
2740 3193 2930 3262 σοφίαν
2956 3192 3050 3245 καὶ
3083 3190 3308 3261 δύναμιν
3338 3187 3474 3242 Θεοῦ
3496 3229 3511 3252 ,
3542 3187 3643 3259 βα-

394 3285 595 3355 pientia
616 3302 649 3340 a
683 3285 812 3350 Deo,
837 3293 887 3339 et
917 3284 1158 3355 justitia,
1198 3296 1245 3339 et
1274 3285 1647 3355 sanctiﬁcatio,
1678 3292 1727 3337 et
1765 3283 1966 3337 redem-

396 3378 506 3446 ptio
548 3377 614 3430 ⁸⁸.
666 3376 818 3444 Quod
865 3378 909 3432 si
959 3392 1063 3432 non
1117 3379 1425 3432 invenimus
1474 3378 1650 3445 ipsum
1691 3376 1962 3442 justitiam

396 3470 723 3541 simpliciter
749 3470 879 3535 dici,
911 3469 1364 3538 quemadmodum
1394 3469 1717 3538 simpliciter
1748 3470 1965 3538 sapien-

400 3563 498 3626 tia,
533 3571 589 3617 et
633 3562 872 3630 potentia
922 3561 1018 3614 Dei
1073 3561 1293 3626 dicitur,
1341 3561 1721 3628 inquirendum
1775 3570 1859 3614 est
1897 3575 1965 3613 an

399 3656 507 3724 ipsi
534 3653 774 3719 Christo,
803 3653 1252 3721 quemadmodum
1282 3651 1646 3707 sanctiﬁcatio
1672 3660 1755 3706 est
1783 3650 1967 3716 Pater,

404 3748 481 3802 ita
515 3747 678 3803 etiam
725 3746 934 3815 justitia
969 3746 1033 3801 sit
1068 3745 1250 3800 Pater.
1296 3745 1479 3815 Neque
1516 3745 1660 3798 enim
1702 3745 1967 3813 injustitia

399 3847 490 3894 est
531 3839 667 3907 apud
704 3838 868 3892 Deum
905 3838 972 3900 ³¹,
1011 3846 1064 3890 et
1089 3836 1268 3905 justus
1310 3844 1367 3889 et
1408 3844 1631 3890 sanctus
1668 3843 1752 3889 est
1785 3835 1969 3889 Domi-

404 3943 545 3993 nus,
594 3940 648 3982 ct
685 3929 736 3981 in
787 3928 999 3998 justitia
1051 3928 1254 3998 judicia
1288 3926 1406 3996 ejus
1439 3925 1507 3979 ”.
1550 3922 1738 3980 Justus
1785 3933 1965 3978 autem

404 4037 527 4075 cum
551 4020 802 4088 sit,juste
830 4021 1011 4074 omnia
1050 4020 1349 4087 dispensat.
1384 4016 1537 4086 Quod
1565 4026 1744 4072 autem
1777 4017 1972 4070 attinet

407 4115 473 4169 ad
507 4115 557 4168 id
587 4115 729 4183 quod
762 4112 1001 4167 haeretici
1031 4113 1241 4176 dicunt,
1287 4111 1559 4165 diversum
1610 4108 1822 4163 scilicet
1852 4122 1972 4162 esse

402 4206 606 4274 justum
638 4220 668 4259 a
704 4206 862 4269 bono,
911 4205 1005 4259 sed
1044 4205 1186 4272 quod
1227 4203 1326 4273 ipsi
1373 4217 1480 4258 non
1514 4202 1832 4269 explanant,
1858 4201 1973 4255 exi-

406 4296 693 4351 stimantes
733 4294 932 4362 justum
988 4294 1205 4362 quidem
1256 4307 1378 4348 esse
1427 4293 1612 4347 mundi
1666 4291 1969 4362 Opiﬁcem,

407 4386 610 4441 Christi
641 4395 821 4442 autem
859 4384 1073 4440 Patrem
1102 4386 1297 4441 bonum
1325 4425 1341 4451 ,
1373 4400 1488 4439 mea
1543 4386 1849 4448 sententia,
1882 4400 1975 4438 ac-

409 4488 597 4533 curate
638 4477 1011 4533 examinatum
1052 4487 1233 4547 posset
1264 4477 1369 4531 dici
1400 4477 1468 4531 de
1498 4476 1658 4531 Patre
1701 4487 1758 4531 et
1791 4475 1930 4529 Filio
1954 4515 1971 4538 ,

409 4572 548 4629 Filio
578 4572 794 4642 quidem
817 4571 1361 4639 exsisteutejustitia,
1388 4570 1477 4640 qui
1505 4572 1711 4639 accepit
1734 4578 1974 4639 potesta-

413 4674 520 4719 tem
577 4664 808 4719 faciendi
860 4663 1174 4733 judicium,
1228 4662 1478 4731 quoniam
1523 4659 1699 4713 Filius
1748 4661 1975 4713 hominis

411 4766 484 4811 est
504 4757 641 4820 ",et
672 4756 924 4820 iudicabit
951 4759 1127 4809 orbem
1149 4763 1407 4809 terrarum
1436 4755 1489 4806 in
1507 4753 1720 4823 justitia
1758 4752 1837 4818 “;
1873 4751 1976 4805 Pa-

413 4858 498 4904 tre
526 4863 654 4903 vero
677 4850 793 4917 (eos
823 4850 914 4917 qui
935 4851 987 4903 in
1005 4848 1122 4903 Filii
1155 4847 1367 4917 justitia
1401 4846 1598 4900 eruditi
1632 4845 1830 4899 inierint
1853 4856 1975 4913 post

413 4944 615 4999 Christi
646 4959 868 5014 regnum
902 4944 1167 4999 beneﬁcio
1197 4940 1626 5010 aﬂicieutejbuni
1655 4941 1974 4995 vocabulum

415 5035 672 5106 operibus
715 5045 1003 5089 ostensum
1026 5074 1042 5098 ,
1072 5035 1286 5103 quando
1315 5034 1481 5088 fuerit
1532 5032 1674 5087 Deus
1703 5031 1883 5086 omnia
1921 5031 1973 5084 in

414 5127 665 5183 omnibus
704 5127 774 5182 ³⁸.
808 5126 977 5193 Cujus
1015 5126 1260 5180 fortassis
1307 5124 1520 5193 justitia
1579 5124 1837 5178 Servator
1894 5123 1979 5176 in-

2067 3287 2343 3341 σανιστέον
2366 3288 2416 3343 εί
2444 3287 2537 3340 καὶ
2565 3282 2714 3355 αὐτῷ
2741 3283 2817 3354 τῷ
2845 3281 3062 3355 Χριστῷ
3084 3322 3099 3346 ,
3130 3281 3317 3352 ὥσπερ
3366 3278 3640 3350 ἁγιασμὸς

2064 3382 2092 3433 ὁ
2126 3380 2333 3452 Πατὴρ,
2366 3379 2507 3433 οὕτω
2530 3380 2625 3432 καὶ
2652 3376 2960 3447 δικαιοσύνη
2986 3378 3014 3429 ὁ
3040 3376 3247 3446 Πατήρ.
3266 3375 3376 3428 Καὶ
3403 3374 3513 3446 γὰρ
3538 3374 3640 3427 οὐκ

2066 3473 2250 3526 ἀδικία
2282 3472 2433 3544 παρὰ
2454 3472 2531 3544 τῷ
2563 3470 2702 3543 Θεῷ,
2729 3472 2823 3525 καὶ
2853 3469 3057 3532 δίκαιος
3097 3470 3193 3522 καὶ
3227 3469 3372 3531 ὅσιος
3411 3468 3642 3538 Κύριος,

2067 3567 2160 3620 καὶ
2191 3568 2249 3618 ἐν
2270 3564 2580 3635 δικαιοσύνῃ
2614 3564 2683 3617 τά
2710 3564 2950 3635 κρίματα
2977 3560 3142 3615 αὑτοῦ
3162 3578 3174 3590 ·
3200 3561 3406 3624 δίκαιος
3442 3559 3500 3614 δὲ
3541 3559 3641 3625 ὢν,

2066 3653 2290 3716 δικαίως
2335 3652 2403 3705 τά
2455 3652 2634 3707 πάντα
2684 3653 2879 3706 διέπει.
2921 3651 2994 3704 Τὸ
3034 3650 3091 3704 δὲ
3129 3650 3158 3703 ὃ
3190 3646 3259 3721 ἦν
3287 3649 3352 3704 ἂν
3375 3652 3506 3714 τοὺς
3535 3649 3649 3705 ἀπὸ

2066 3743 2176 3797 τῶν
2209 3743 2318 3815 (46)
2346 3744 2608 3813 αἱρέσεων
2642 3746 2722 3807 είς
2762 3744 2822 3798 τὸ
2864 3744 3047 3814 ἕτερον
3089 3743 3262 3795 εἰπεῖν
3305 3743 3395 3795 τὸν
3436 3742 3646 3796 δίκαιον

2068 3833 2160 3886 τοῦ
2182 3832 2406 3902 ἀγαθοῦ,
2446 3834 2518 3904 μὴ
2542 3833 2815 3905 τρανωθὲν
2835 3832 2890 3885 δὲ
2917 3834 3045 3904 παρ’
3081 3832 3280 3895 αὐτοῖς,
3311 3832 3542 3903 οἰηθεῖσι
3562 3832 3643 3885 δίς

2070 3942 2221 3979 καιον
2257 3925 2354 3995 μὲν
2377 3920 2514 3979 εἶναι
2542 3924 2633 3977 τὸν
2665 3924 3020 3996 δημιουργὸν,
3067 3924 3267 3991 ἀγαθὸν
3309 3924 3367 3977 δὲ
3411 3924 3504 3976 τὸν
3550 3924 3645 3978 τοῦ

2070 4016 2306 4089 Χριστοῦ
2329 4016 2568 4088 Πατέρα,
2603 4012 2754 4087 οἶμαι
2782 4018 2900 4086 μετ’
2934 4016 3232 4081 ἐξετάσεως
3263 4015 3371 4085 (47)
3399 4015 3647 4087 ἀκριϐῶς

2074 4107 2396 4179 βασανισθέν
2425 4108 2685 4162 δύνασθαι
2714 4107 2965 4176 λέγεσθαι
3019 4109 3109 4162 ἐπὶ
3160 4107 3254 4161 τοῦ
3293 4108 3510 4179 Πατρδς
3549 4108 3647 4161 καὶ

2072 4199 2164 4253 τοῦ
2193 4199 2321 4253 Υίοῦ
2341 4217 2354 4230 ο
2383 4182 2476 4253 τοῦ
2513 4201 2609 4272 μὲν
2638 4199 2766 4254 Υίοῦ
2795 4201 3149 4271 τυγχάνοντος
3175 4200 3523 4271 δικαιοσύνης
3542 4243 3557 4266 ,
3591 4201 3649 4265 ὃς

2073 4292 2261 4347 ἐλαϐεν
2286 4293 2531 4360 ἐξουσίαν
2560 4294 2737 4366 κρίσιν
2772 4298 2942 4348 ποιεῖν
2961 4335 2975 4357 ,
3013 4295 3133 4348 Ὅτι
3170 4294 3302 4361 Υἱὸς
3331 4295 3649 4363 ἀνθρώπου

2073 4387 2226 4450 ἐστὶ,
2256 4387 2355 4441 καὶ
2374 4387 2568 4455 κρινεῖ
2593 4387 2707 4456 τὴν
2742 4388 3100 4458 οἰκουμένην
3141 4388 3211 4442 ἐν
3250 4388 3611 4457 δικαιοσύνῃ
3632 4408 3647 4419 ·

2074 4475 2168 4527 τοῦ
2198 4474 2254 4528 δὲ
2283 4476 2492 4547 [ἰατρὸς
2522 4477 2650 4540 τοὺς
2670 4478 2730 4530 ἐν
2766 4481 2830 4549 τῇ
2861 4476 3176 4550 δικαιοσύνῃ
3213 4477 3307 4532 τοῦ
3346 4478 3480 4531 Υίοῦ
3523 4495 3653 4533 παι-

2074 4565 2358 4630 δευθέντας
2394 4567 2531 4638 μετά
2552 4569 2649 4640 τὴν
2664 4569 2898 4643 Χριστοῦ
2924 4569 3194 4640 βασιλείαν
3212 4569 3649 4642 εὐεργετοῦντος,

2076 4658 2173 4728 τὴν
2238 4659 2462 4728 ἀγαθὸς
2500 4663 2868 4734 προσηγορίαν
2897 4663 3075 4734 ἔργοις
3100 4664 3381 4730 δείξοντος,
3405 4663 3538 4716 ὅταν
3567 4661 3654 4732 γύ-

2078 4764 2234 4819 νηται
2262 4751 2291 4802 ὁ
2318 4749 2450 4813 Θεὸς
2476 4751 2544 4805 τά
2573 4752 2749 4806 πάντα
2771 4754 2827 4805 ὲν
2860 4754 3012 4806 πᾶσι.
3050 4751 3161 4805 Καὶ
3191 4752 3330 4822 τάχα
3369 4754 3436 4823 τῇ
3483 4748 3652 4805 αὑτοῦ

2079 4839 2390 4915 δικαιοσύνῃ
2429 4843 2459 4894 ὁ
2493 4843 2681 4916 Σωτὴρ
2715 4844 3021 4917 εὐτρεπίζει
3058 4844 3126 4898 τά
3187 4845 3392 4908 πάντα,
3439 4845 3653 4913 καιροῖς

2081 4933 2424 5005 ἐπιτηδείοις,
2455 4936 2549 4989 καὶ
2570 4936 2732 5008 λόγῳ,
2774 4937 2868 4990 καὶ
2909 4937 3078 5003 τάξει,
3108 4936 3202 4992 καὶ
3235 4935 3489 4991 κολάσεσι
3514 4974 3530 4998 ,
3560 4932 3655 4987 καὶ

2080 5029 2216 5093 τοῖς,
2243 5026 2310 5081 ἵν’
2341 5026 2515 5091 οὕτως
2553 5026 2719 5093 εἴπω,
2760 5032 3144 5099 πνευματικοῖς
3179 5027 3344 5082 αὑτοῦ
3387 5025 3655 5096 ἰατρικοῖς

2087 5117 2415 5189 βοηθήμασι,
2441 5118 2575 5190 πρὸς
2599 5118 2658 5171 τὸ
2682 5119 2930 5190 χωρῆσαι
2951 5121 3042 5173 ἐπὶ
3056 5120 3198 5173 τέλει
3218 5119 3316 5190 τὴν
3338 5115 3653 5186 ἀγαθότητα

418 5219 580 5275 struit
603 5218 807 5284 omnia,
838 5218 1168 5288 temporibus
1197 5216 1423 5282 idoneis,
1450 5223 1507 5271 et
1536 5216 1769 5279 ratione.
1809 5222 1865 5269 et
1890 5228 1964 5267 or-

2090 5210 2178 5264 τοῦ
2208 5209 2441 5280 Πατρὺς,
2466 5210 2655 5281 ἥντινα
2703 5213 2900 5283 νοήσας
2930 5213 3067 5283 πρὸς
3104 5212 3196 5266 τὸν
3241 5207 3523 5278 Μονογενῆ
3571 5204 3655 5258 λέ-

487 5382 533 5417 ¹¹¹
562 5380 581 5436 1
611 5380 741 5436 Cor.
770 5394 810 5441 ι,
838 5378 928 5444 50,
1001 5378 1049 5411 ’⁸
1078 5378 1240 5433 Hebr.
1271 5394 1331 5443 tt,
1368 5378 1452 5431 ll.
1528 5377 1571 5409 ’⁸
1603 5375 1764 5432 Ilehr.
1798 5391 1871 5440 tv,
1899 5376 1964 5429 15

2090 5377 2095 5403 ’
2122 5373 2138 5429 Ι
2168 5373 2294 5429 Cor.
2324 5387 2364 5438 ι,
2398 5371 2487 5429 50.
2562 5375 2606 5407 ³⁸
2630 5374 2790 5431 Joan.
2822 5393 2916 5441 vit,
2944 5376 3028 5434 18.
3100 5375 3147 5407 ³¹
3179 5376 3346 5443 Apoc.
3376 5384 3493 5433 xvt,
3514 5366 3570 5428 5,
3595 5364 3649 5418 7.

419 5454 464 5487 ³³
494 5453 652 5509 Joan.
681 5467 734 5517 v,
756 5449 849 5507 27.
927 5449 973 5482 ³⁵
1005 5448 1145 5503 Psal.
1177 5463 1339 5510 xcvu,
1365 5448 1419 5504 9.
1494 5446 1539 5477 "
1565 5447 1584 5501 l
1609 5444 1736 5502 Cor.
1779 5459 1870 5511 xv,
1899 5446 1989 5500 28.

492 5589 602 5660 (i6)
645 5588 715 5644 Td
740 5588 808 5643 δὲ
830 5587 861 5643 ὃ
894 5584 973 5660 ἦν
996 5588 1072 5641 ἂν
1098 5587 1257 5653 τσύς,
1289 5595 1392 5640 etc.
1418 5584 1724 5655 Legendum
1757 5550 1988 5638 fortasse
2097 5583 2294 5660 tingui,
2333 5582 2426 5660 sed
2455 5581 2582 5636 illud
2623 5587 3010 5650 reprtcsentant
3054 5575 3274 5633 codices
3330 5572 3653 5630 Bodleiauus

413 5659 475 5711 τὸ
504 5658 567 5730 ,δὲ
586 5658 825 5730 κινῇσαν
856 5659 1002 5722 τούς,
1036 5669 1139 5730 etc.

492 5726 604 5795 (ιτ)
647 5720 814 5797 Οἷξιιιιι
842 5720 974 5813 rer"
995 5726 1341 5794 ἐξετάσεως.
1367 5726 1522 5785 Deest
1560 5720 1710 5795 οἶμαι
1741 5725 1793 5780 in
1828 5731 1974 5780 tcxtu

2096 5666 2148 5709 et
2174 5652 2518 5710 Barberiuus.
