3792 6146
184 227 241 283 93
1270 225 1629 285 COMMENT.
1669 224 1738 282 IN
1774 223 1965 283 JOAN.
2008 223 2249 282 TOMUS
2277 223 2322 279 Ι.
3381 225 3453 280 96

177 356 348 416 ταντα,
376 337 724 395 Διδάσκαλε
755 341 984 413 ἁταθέ’
1020 341 1175 415 φησὶ,
1204 342 1269 397 Τί
1291 360 1369 414 με
1404 342 1603 415 λέγεις
1629 344 1751 414 ἀγα·

1879 343 2003 399 dine
2025 383 2041 409 ,
2073 353 2127 398 et
2158 341 2536 413 punitionibus
2561 380 2579 408 ,
2613 348 2671 397 et
2699 339 3074 414 spiritualibus
3097 381 3114 407 ,
3154 350 3214 394 ut
3263 342 3335 398 ita
3367 344 3449 398 lo-

182 436 307 497 ﬁo‘r;
340 432 550 499 Οὐδεὶς
588 435 828 505 ἀγαθὸς
858 439 915 491 εί
941 435 1030 507 μὴ
1064 432 1172 504 εἷς,
1218 440 1254 492 ὁ
1304 437 1450 505 Θεὸς
1483 440 1517 491 ὁ
1544 434 1767 504 Πατήρ.

178 529 248 582 τὸ
270 528 313 580 δ’
342 528 525 600 ὅμοιον
554 529 615 581 ἐν
644 529 865 601 ἑτέροις
897 530 1200 602 ἐδείξαμεν,
1241 532 1336 585 καὶ
1377 532 1470 585 ἐπὶ
1500 529 1595 584 τοῦ
1653 530 1772 601 μεί-

177 620 302 687 ζονά
329 638 449 674 τινα
470 616 614 674 εἶναι
633 620 732 675 τοῦ
756 621 1117 694 δημιουργοῦ,
1134 624 1465 695 δημιουργὸν
1486 622 1586 695 μὲν
1612 623 1773 677 ἐκλα-

176 713 355 777 ϐόντες
377 714 473 767 τὸν
493 714 757 787 Χριστὸν,
789 715 1014 786 μείζονα
1058 717 1116 771 δὲ
1159 717 1349 771 τούτου
1391 718 1482 772 τὸν
1527 720 1771 790 Πατέρα.

191 804 336 858 Ἐπεὶ
365 805 433 877 δὴ
466 807 498 860 ὁ
524 806 595 860 τὰ
630 807 875 862 τοσαῦτα
906 809 1190 880 τυγχάνων
1217 850 1232 872 ,
1272 810 1301 862 ὁ
1333 811 1710 883 παράκλητος,
1742 813 1772 865 ὁ

177 896 424 968 ξλασμδς,
459 899 522 952 τὸ
548 899 888 973 ἱλαστήριον,
926 902 1290 975 συμπαθήσας
1315 907 1435 968 ταῖς
1467 904 1773 969 ἀσθενείαις

173 989 462 1063 ἡμῶν,τῷ
507 994 877 1064 πεπειρᾶσθαι
926 994 1068 1049 κατά
1117 996 1297 1051 πάντα
1342 996 1410 1051 τὰ
1458 995 1773 1070 ἀνθρώπινα

173 1080 300 1135 καθ’
335 1083 637 1155 ὁμοιότητα
664 1086 835 1157 χωρὶς
852 1086 1157 1158 ἁμαρτίας,
1197 1087 1370 1159 μέγας
1402 1089 1552 1141 ἐστὶν
1587 1089 1774 1161 ἀρχιε-

178 1173 331 1243 ρεὺς,
350 1174 452 1244 οὑχ
475 1175 620 1247 ὑπὲρ
644 1176 948 1248 ἀνθρώπων
991 1178 1170 1248 μόνων
1189 1219 1204 1241 ,
1258 1178 1395 1233 ἀλλὰ
1431 1179 1527 1233 καὶ⁹
1573 1180 1773 1244 παντὸς

174 1263 400 1333 λογικοῦ
430 1306 445 1329 ,
494 1266 598 1338 τὴν
631 1267 779 1335 ἅπαξ
824 1268 1016 1323 θυσίαν
1071 1270 1525 1343 προσενεχθεῖσαν
1583 1273 1773 1326 ἐαυτὸν

176 1355 522 1425 ἀνενεγκών·
568 1358 758 1428 Χωρὶς
790 1360 898 1432 γάρ
940 1360 1093 1415 Θεοῦ
1133 1361 1286 1431 ὑπὲρ
1338 1363 1565 1429 παντὸς
1608 1364 1774 1433 ἐγεύ-

176 1464 333 1501 σατο
377 1447 646 1503 θανάτου
680 1450 850 1521 (ὅπερ
881 1450 938 1503 ἐν
977 1469 1088 1504 τισι
1120 1454 1294 1506 κεῖται
1341 1452 1450 1524 (48)
1493 1456 1607 1517 τοῖς
1638 1453 1773 1525 πρὸς

189 1538 479 1611 Ἐϐραίους
505 1541 922 1614 ἀντιγράφοις),
956 1543 1149 1613 χάριτι
1176 1544 1325 1598 Θεοῦ
1344 1564 1358 1576 ·
1388 1544 1500 1599 εἴτε
1521 1545 1577 1597 δέ
1604 1546 1773 1617 χωρὶς

172 1633 315 1688 Θεοῦ
346 1635 491 1707 ὑπὲρ
520 1636 725 1700 παντὸς
749 1637 1009 1705 ἐγεύσατο
1046 1636 1277 1691 θανάτου
1302 1678 1317 1703 ,
1343 1638 1403 1690 ού
1442 1638 1598 1709 μόνον
1628 1637 1770 1708 ύπέρ

172 1723 484 1795 ἀνθρώπων
514 1725 808 1790 ἀπέθανεν,
840 1725 976 1780 ἀλλά
1008 1726 1103 1780 καὶ
1128 1727 1270 1799 ὑπὲρ
1297 1727 1405 1781 τῶν
1441 1727 1643 1782 λοιπῶν
1684 1729 1770 1782 λο-

171 1815 383 1884 γικῶν·
417 1816 535 1870 εἴτε
567 1818 752 1890 χάριτι
777 1817 914 1871 Θεοῦ
947 1818 1208 1888 ἐγεύσατο
1245 1819 1340 1874 τοῦ
1384 1821 1525 1891 ὑπὲρ
1568 1821 1769 1886 παντὸς

170 1908 431 1974 θανάτου,
458 1910 606 1983 ὑπὲρ
630 1912 848 1965 πάντων
880 1913 1051 1983 χωρὶς
1082 1913 1216 1968 Θεοῦ
1269 1913 1508 1968 ἀπέθανε
1530 1932 1542 1945 ·
1587 1916 1769 1986 χάριτι

169 2002 281 2073 γὰρ
306 2001 449 2056 Θεοῦ
473 2003 620 2074 ὑπὲρ
646 2004 847 2068 παντὸς
893 2004 1155 2073 ἐγεύσατο
1201 2004 1466 2061 θανάτου·
1519 2006 1614 2060 καὶ
1660 2005 1771 2078 γὰρ

168 2094 377 2148 ἄτοπον
412 2095 560 2167 ὑπὲρ
579 2095 936 2168 ἀνθρωπίνων
981 2098 1081 2168 μὲν
1111 2098 1273 2153 αὐτὸν
1318 2100 1546 2168 φάσκειν
1585 2101 1770 2172 ἀμαρ-

167 2184 440 2255 τημάτων
489 2184 786 2253 γεγεῦσθαι
839 2187 950 2257 (49)
1003 2188 1233 2241 Θανάτου
1260 2228 1275 2251 ,
1320 2190 1420 2243 οὐκ
1462 2188 1543 2243 ἔτι
1589 2191 1644 2244 δὲ
1679 2192 1772 2244 καὶ

168 2275 318 2347 ὑπὲρ
342 2275 513 2330 ἄλλου
536 2276 683 2341 τινὸς
707 2278 859 2351 παρά
882 2277 973 2332 τὸν
998 2278 1285 2351 ἄνθρωπον
1313 2282 1372 2334 ἐν
1410 2282 1629 2354 ἁμαρτῆ
1639 2300 1772 2354 μασι

169 2368 553 2441 γεγενημένου
570 2386 584 2399 ν
604 2363 716 2424 οἷον
735 2370 878 2443 ὑπὲρ
899 2371 1113 2444 ἄστρων
1127 2370 1259 2443 (50)·
1284 2372 1406 2426 οὐδὲ
1427 2372 1537 2427 τῶν
1558 2374 1771 2447 ἄστρων

171 2460 396 2524 πάντως
430 2460 695 2534 καθαρῶν
719 2461 887 2517 ὄντων
915 2462 1146 2517 ἐνώπιον
1177 2463 1270 2517 τοῦ
1300 2463 1457 2530 Θεοῦ,
1502 2465 1577 2529 ὡς
1606 2467 1666 2519 ἐν
1693 2465 1773 2537 τῷ

183 2545 307 2599 Ἰὼϐ
336 2547 664 2620 ἀνέγνωμεν
688 2566 703 2579 ·
750 2552 981 2620 ’Ἄστρα
1010 2551 1080 2605 δὲ
1126 2554 1198 2607 οὐ
1250 2554 1480 2624 καθαρὰ
1514 2555 1773 2610 ἐνώπιον

168 2639 386 2706 αὑτοῦ,
415 2643 468 2693 εί
513 2640 592 2713 μὴ
626 2643 734 2715 ἄρα
768 2642 1138 2714 ὑπερϐολικῶς
1188 2644 1348 2699 τοῦτο
1379 2648 1613 2719 εἴρηται.
1672 2649 1772 2704 Διά

168 2732 335 2787 τοῦτο
365 2734 547 2805 μέγας
573 2736 721 2791 ἐστὶν
744 2737 1053 2808 ἀρχιερεὺς,
1084 2738 1385 2812 ἐπειδήπερ
1431 2742 1607 2796 πάντα
1638 2744 1772 2796 ἀπο-

168 2824 475 2897 καθίστησι
498 2829 567 2897 τῇ
592 2825 686 2880 τοῦ
712 2827 926 2900 Πατρὸς
952 2828 1217 2902 βασιλείᾳ,
1267 2832 1568 2903 οἰκονομῶν
1611 2835 1680 2888 τὰ
1711 2837 1771 2888 ἐν

170 2917 393 2989 ἑκάστῳ
421 2917 538 2973 τῶν
576 2919 820 2990 γενητῶν
866 2920 1057 2993 ἐλλιπῆ
1096 2922 1596 2996 ἀναπληρωθῆναι,
1632 2925 1769 2999 πρὸς

1873 451 2033 506 quar,
2069 434 2288 490 auxiliis
2320 434 2434 490 suis
2485 434 2899 489 medicinalibus
2935 436 3002 487 ad
3033 433 3355 504 capiendum
3392 438 3445 489 iu

1872 530 1979 585 fine
2014 528 2194 583 Patris
2222 529 2539 583 bonitatem.
2572 526 2739 595 Cujus
2770 527 2879 581 vim
2908 527 3078 595 probe
3105 535 3297 582 tenens
3323 526 3451 583 Ser-

1873 632 2032 676 vator
2062 620 2140 674 illi
2192 620 2284 691 qui
2332 620 2435 675 sibi
2467 617 2760 690 Unigenito
2787 617 3006 673 dicebat
3040 615 3106 681 ³⁸,
3148 615 3452 688 Prwceptor

1873 714 2028 777 bone,
2065 710 2176 766 Cur
2238 728 2343 777 me,
2388 711 2585 782 inquit,
2613 709 2848 780 appellas
2886 708 3076 763 bonum
3102 710 3128 764 7
3157 705 3327 763 Nemo
3356 712 3451 764 bo-

1874 821 1972 860 nus
2002 807 2108 860 nisi
2144 822 2301 870 unus,
2332 819 2528 875 nempe
2574 803 2668 859 ille
2716 802 2882 867 Deus,
2912 802 3005 857 ille
3044 799 3229 855 Pater.
3260 799 3452 855 Simile

1871 914 2004 952 vero
2035 898 2199 952 etiam
2248 899 2301 952 in
2352 896 2473 952 aliis
2507 895 2879 960 ostendimus,
2912 903 3025 949 tum
3054 908 3184 948 vero
3214 893 3452 949 maxime

1872 990 1927 1045 in
1959 991 2063 1046 hoc
2097 989 2241 1060 quod
2289 988 2479 1044 dicunt
2515 985 2779 1055 majorem
2826 1000 2949 1042 esse
2995 984 3231 1054 aliquem
3263 985 3451 1040 mundi

1873 1082 2115 1151 Opifice,
2168 1096 2263 1151 per
2290 1079 2473 1135 mumli
2526 1079 2790 1150 Opificem
2835 1077 3262 1146 interpretantes
3288 1074 3450 1131 Chri-

1871 1183 2011 1228 stum
2042 1213 2059 1238 ,
2102 1187 2201 1244 per
2253 1172 2354 1227 hoc
2386 1186 2516 1227 vero
2545 1170 2809 1238 majorem
2852 1167 3098 1223 Patrem.
3153 1158 3449 1236 llic'igitur

1872 1266 1963 1335 qui
2003 1275 2078 1320 tot
2122 1264 2432 1319 nominibus
2484 1270 2851 1332 nuncupatur,
2885 1260 3224 1326 advocatus,
3254 1258 3445 1328 propi-

1876 1358 2068 1421 tiatio,
2123 1356 2562 1427 propitiatorium
2592 1395 2611 1421 ,
2659 1366 2981 1423 compassus
3031 1351 3448 1407 infirmitatibus

1876 1453 2098 1515 nostris,
2131 1458 2370 1504 tentatus
2393 1449 2445 1502 in
2482 1447 2736 1501 omnibus
2775 1445 3031 1500 humanis
3070 1443 3223 1512 juxta
3254 1443 3450 1500 simili.-

1875 1546 2113 1599 tudinem
2148 1544 2263 1598 sine
2294 1552 2517 1612 peccato
2548 1541 2616 1606 ³⁷,
2664 1554 2894 1611 magnus
2925 1551 3012 1596 est
3031 1540 3305 1605 Pontifex,
3336 1555 3448 1596 non

1876 1637 2038 1693 modo
2067 1651 2164 1706 pro
2194 1636 2524 1699 hominibus,
2562 1633 2657 1689 sed
2685 1633 2849 1688 etiam
2882 1647 2979 1704 pro
3007 1634 3155 1687 omni
3181 1631 3329 1703 quod
3358 1647 3448 1687 ra-

1797 1705 1845 1761 B
1874 1729 2040 1783 tionis
2071 1705 2165 1784 est
2214 1743 2407 1798 capax,
2459 1727 2691 1781 hostiam
2723 1725 2895 1782 semel
2934 1727 3173 1782 oblatam
3202 1726 3447 1796 seipsum

1871 1818 2104 1874 oII‘erens
2149 1838 2161 1873 :
2195 1817 2326 1875 Sine
2370 1817 2479 1872 Deo
2525 1815 2695 1884 enim,
2736 1816 2822 1871 vel
2859 1832 2954 1886 per
2979 1820 3208 1886 gratiam
3237 1816 3335 1872 Dei
3366 1814 3451 1884 (ut

1870 1913 1926 1969 in
1957 1911 2281 1984 quibusdam
2330 1908 2751 1980 exemplaribus
2779 1909 3038 1979 Epistula:
3078 1910 3146 1963 ad
3182 1908 3440 1965 Hebraeos

1871 2002 2136 2076 ponitur),
2167 2019 2262 2074 pro
2290 2003 2431 2056 omni
2451 2002 2677 2071 gustavit
2694 2009 2917 2055 mortem
2938 2001 2981 2032 ³⁸
3016 2016 3031 2053 :
3063 2001 3157 2055 sed
3183 2001 3298 2056 sive
3330 2001 3450 2057 sine

1873 2097 1984 2152 Deo
2017 2111 2118 2167 pro
2166 2095 2313 2153 omni
2365 2093 2610 2165 gustavit
2638 2098 2869 2148 mortem
2897 2130 2912 2157 ,
2963 2090 3071 2163 42
3112 2106 3218 2147 non
3270 2091 3445 2147 solum

1871 2203 1969 2260 pro
2007 2187 2319 2245 hominibus
2361 2195 2609 2240 mortuus
2653 2193 2760 2251 est,
2799 2198 2989 2238 verum
3020 2184 3185 2239 etiam
3213 2198 3314 2255 pro
3342 2198 3450 2238 etc-

1875 2283 2007 2338 teris
2041 2280 2273 2336 rationis
2302 2278 2594 2349 capacibus
2630 2296 2643 2332 :
2677 2278 2793 2333 sive
2820 2291 2918 2347 per
2962 2276 3193 2346 gratiam
3223 2277 3317 2332 Dei
3349 2292 3452 2346 pro

1871 2374 2021 2431 omni
2051 2374 2289 2444 gustavit
2314 2381 2568 2437 mortem,
2604 2384 2704 2441 pro
2734 2368 2988 2425 omnibus
3015 2371 3135 2425 sine
3167 2370 3274 2425 Deo
3298 2382 3447 2424 mor—

1876 2478 2001 2524 tuus
2030 2477 2155 2522 est:
2187 2481 2283 2536 per
2312 2465 2545 2534 gratiam
2582 2479 2819 2534 namque
2870 2464 2963 2519 Dei
3012 2477 3113 2532 pro
3153 2462 3304 2518 omni
3352 2478 3451 2531 gu-

1872 2559 2045 2615 stavit
2073 2568 2304 2614 mortem
2335 2557 2579 2612 :etenim
2630 2556 2924 2613 absurdum
2961 2568 3042 2611 est
3078 2571 3177 2625 pro
3209 2556 3451 2626 peccatis

1871 2650 2094 2720 quidem
2137 2649 2390 2704 humanis
2421 2648 2605 2704 dicere
2630 2663 2754 2704 eum
2782 2660 3013 2704 mortem
3036 2655 3304 2718 gustasse,
3338 2661 3447 2702 non

1872 2744 1946 2797 ita
1982 2756 2112 2796 vero
2155 2755 2255 2810 pro
2299 2740 2727 2810 quibuscunque
2779 2741 2943 2795 etiam
2980 2739 3102 2795 aliis
3128 2740 3220 2809 qui
3252 2749 3450 2810 praeter

1872 2835 2144 2891 hominem
2176 2835 2229 2887 in
2255 2833 2495 2902 peccatis
2517 2843 2723 2899 essent,
2738 2834 2891 2889 verbi
2921 2834 3097 2904 gratia
3124 2848 3223 2902 pro
3257 2834 3445 2894 astris,

1871 2925 2127 2981 nimirum
2181 2938 2357 2991 neque
2404 2924 2570 2978 astris
2622 2923 2850 2979 omnino
2896 2939 3082 2978 coram
3141 2923 3252 2978 Deo
3294 2923 3448 2994 puris

166 3010 228 3063 τὺ
248 3010 512 3083 χωρῆσαι
534 3010 695 3076 δόξαν
718 3014 1007 3085 πατρικήν.
1041 3009 1209 3079 Οὗτος
1238 3017 1267 3069 ὁ
1298 3018 1587 3088 ἀρχιερεὺς
1627 3020 1751 3073 κατά

1882 3018 2297 3083 exsistentibus,
2319 3017 2487 3073 veluti
2512 3017 2740 3086 legimus
2768 3018 2908 3088 apud
2938 3018 3044 3074 Job
3067 3017 3112 3049 δ’
3136 3035 3151 3070 :
3184 3018 3336 3071 Astra
3358 3035 3450 3072 au-

167 3118 294 3156 τινα
327 3102 528 3174 ἑτέραν
550 3103 702 3175 παρά
729 3102 800 3157 τὰ
823 3105 1086 3177 εἰρημένα
1115 3106 1358 3161 ἐπίνοιαν
1404 3108 1602 3174 Ἰούδας
1651 3111 1751 3165 ὀνο-

1879 3125 1974 3169 tem
2016 3129 2119 3167 non
2158 3122 2280 3166 sunt
2326 3112 2524 3166 ntunda
2560 3112 2616 3164 in
2648 3121 2926 3180 conspectu
2968 3111 3131 3180 ejus,‘
3163 3110 3273 3165 nisi
3310 3111 3449 3165 forte

171 3196 436 3266 μάζεται,
470 3197 562 3250 ἵνα
586 3198 638 3250 οἱ
659 3200 717 3250 ἐν
740 3198 966 3269 κρυπτῷ
1008 3199 1252 3254 Ἰουδαῖοι
1284 3201 1359 3272 μὴ
1383 3202 1491 3256 ἀπὸ
1518 3202 1610 3256 τοῦ
1633 3204 1763 3259 Υἱοῦ

179 3288 384 3343 Ἰακὼϐ
427 3289 600 3343 Ἰούδα
629 3290 873 3344 Ἰουδαῖοι
901 3292 1332 3363 χρηματίζωσιν,
1358 3294 1492 3348 ἀλλὰ
1511 3296 1618 3349 ἀπὸ
1641 3296 1766 3350 τού-

166 3399 288 3447 του,
317 3382 477 3448 ὀντες
509 3382 677 3437 αὐτοῦ
704 3382 947 3454 ἀδελφοὶ,
977 3384 1074 3438 καὶ
1105 3384 1382 3451 αἰνοῦντες
1405 3387 1587 3454 αὑτὸν,
1619 3390 1767 3443 ἀντι-

169 3471 582 3546 λαμϐανόμενοι
603 3477 703 3549 τῆς
727 3478 1039 3551 ἐλευθερίας
1059 3520 1074 3545 ,
1101 3481 1169 3551 ἢν
1215 3482 1624 3555 ἐλευθεροῦνται
1669 3486 1763 3540 ὑπ’

171 3567 363 3631 αὐτοῦ,
398 3568 696 3640 ῥυσθέντες
723 3570 833 3624 ἀπὸ
855 3571 963 3625 τῶν
991 3570 1203 3643 ἐχθρῶν
1234 3572 1425 3638 αὐτοῦ,
1455 3574 1554 3639 τὰς
1578 3579 1767 3647 χεῖρας

171 3659 340 3713 αὑτοῦ
365 3659 450 3731 τῷ
662 3662 842 3716 αὐτῶν
868 3662 1205 3729 ἐπιτιθέντος
1222 3704 1238 3728 ,
1267 3667 1360 3719 καὶ
1400 3667 1766 3735 ὑποτάξαντος

171 3752 394 3815 αὐτούς.
433 3753 599 3807 Ἀλλά
628 3756 723 3808 καὶ
755 3755 1046 3827 πτερνίσας
1064 3757 1165 3829 τὴν
1195 3757 1577 3830 ἀντικειμένην
1611 3761 1765 3833 ἐνέρ-

170 3862 348 3913 γειαν,
385 3846 554 3917 μόνος
575 3864 637 3900 τε
661 3847 804 3918 ὁρῶν
831 3847 921 3901 τὸν
945 3848 1184 3921 Πατέρα,
1212 3850 1307 3904 καὶ
1337 3852 1426 3904 ὅτε
1480 3852 1767 3925 ἄνθρωπος

172 3939 497 4010 γεγένηται,
543 3939 738 3994 Ἰακώϐ
764 3942 881 3994 ἐστι
904 3943 999 3995 καὶ
1032 3943 1279 4014 Ἰσραὴλ,
1326 3946 1421 4014 ἀφ’
1440 3937 1502 3998 οῦ
1523 3986 1537 4010 ,
1577 3946 1764 4021 ὥσπερ

174 4032 443 4105 γινόμεθα
476 4032 617 4102 φῶς,
649 4034 828 4103 φωτὸς
867 4035 1019 4101 ὄντος
1044 4036 1140 4090 τοῦ
1176 4038 1411 4109 κόσμου,
1453 4039 1625 4105 οὕτως
1656 4043 1759 4095 Ἰαο

176 4126 309 4192 κὼϐ,
334 4126 684 4197 καλουμένου
723 4126 936 4196 Ἰακὼϐ,
971 4131 1065 4184 καὶ
1092 4130 1329 4202 Ἰσραὴλ,
1363 4132 1762 4205 ὀνομαζομένου

187 4219 424 4294 Ἰσραήλ.

1871 3207 1976 3262 hoc
2012 3203 2363 3277 hyperbolice
2400 3203 2606 3257 dictum
2636 3211 2743 3258 est.
2777 3201 2860 3258 0b
2904 3216 3023 3258 eam
3053 3216 3280 3257 causam
3332 3218 3448 3257 tua-

1871 3314 2012 3370 gnus
2040 3306 2126 3353 est
2159 3294 2433 3360 Pontifex,
2459 3294 2717 3363 quoniam
2750 3308 2917 3364 regno
2944 3292 3126 3347 Patris
3146 3293 3326 3348 omnia
3357 3309 3447 3350 re-

1871 3392 2066 3458 stituit,
2102 3389 2309 3445 faciens
2334 3402 2398 3443 ea
2424 3386 2620 3458 repleri
2662 3402 2782 3455 qum
2830 3387 2885 3441 in
2931 3401 3258 3458 unoquoque
3302 3403 3448 3442 mor-

1875 3484 2060 3539 talium
2107 3483 2324 3544 desunt,
2355 3488 2413 3533 ut
2439 3479 2657 3548 capiant
2691 3488 2974 3550 paternam
3009 3479 3263 3549 gloriam.
3296 3478 3446 3534 Sane

1868 3577 1959 3633 hic
1992 3589 2216 3644 inagnus
2255 3570 2507 3627 Pontifex
2532 3569 2687 3639 juxta
2747 3570 2911 3625 aliam
2952 3571 3446 3626 considerationem

1866 3667 2037 3722 Iudas
2065 3675 2312 3729 vocatur,
2342 3671 2403 3718 ut
2425 3664 2519 3733 qui
2546 3662 2601 3716 in
2631 3662 2846 3717 occulto
2873 3670 3001 3719 suut
3029 3659 3201 3717 Judaei
3234 3661 3302 3729 ¹⁶⁰,
3337 3678 3445 3718 non

1869 3776 1897 3814 a
1929 3756 2069 3815 Iuda
2100 3757 2270 3813 Iacob
2296 3755 2407 3810 tilio
2440 3755 2815 3821 nominentur,
2841 3755 2936 3809 sed
2961 3752 3029 3808 ab
3056 3755 3181 3820 hoc,
3209 3755 3447 3810 existen-

1869 3862 1951 3908 tes
1981 3852 2151 3922 ipsius
2189 3849 2390 3904 fratres
2412 3887 2430 3912 ,
2477 3858 2533 3903 et
2559 3846 2847 3902 laudantes
2876 3862 3002 3902 eum
3031 3845 3098 3914 “,
3136 3847 3444 3916 adipiscen-

1871 3954 1952 3998 tes
2001 3942 2331 4003 libertatem,
2377 3953 2481 4008 qua
2524 3938 2826 3995 liberantur
2855 3937 2924 3994 ab
2968 3941 3111 4007 ipso,
3137 3949 3193 3996 et
3222 3939 3443 3996 liberati

1870 4038 1940 4090 ab
1974 4034 2220 4089 hostibus
2245 4031 2382 4096 suis,
2432 4031 2550 4100 ipso
2579 4029 2793 4086 scilicet
2821 4046 3018 4088 manus
3064 4048 3195 4089 suas
3239 4035 3293 4089 in
3323 4034 3443 4089 illo-

1871 4145 1990 4184 rum
2016 4131 2231 4183 dorsum
2255 4127 2563 4195 imponente
2592 4134 2650 4181 et
2674 4125 3001 4196 subjiciente
3026 4127 3442 4199 ipsos.Pra:ter-

1873 4226 1935 4279 e'a
1969 4238 2091 4277 cum
2147 4216 2580 4289 supplantaverit
2610 4220 2879 4275 actionem
2909 4223 3238 4291 oppositam,
3262 4232 3318 4278 et
3351 4237 3441 4279 so-

178 4311 257 4368 lus
282 4314 474 4367 videat
503 4312 721 4368 Patrem
758 4314 944 4381 (etiam
973 4316 1195 4384 quando
1222 4316 1384 4370 homo
1415 4317 1592 4373 factus
1614 4320 1742 4390 est),
1778 4318 1946 4376 Iacob
1974 4323 2059 4371 est
2105 4322 2162 4368 et
2209 4313 2400 4376 Israel,
2442 4329 2473 4367 a
2516 4326 2625 4381 quo
2650 4323 2840 4366 vocato
2868 4311 3035 4369 Iacob
3062 4325 3116 4368 et
3147 4314 3336 4380 Israel,
3369 4313 3442 4369 ita

179 4423 441 4464 vocamur
467 4408 633 4463 etiam
661 4423 763 4462 nos
793 4407 963 4463 Iacob
987 4420 1037 4463 et
1064 4409 1255 4474 Israel,
1285 4421 1345 4464 ut
1372 4412 1439 4466 ab
1475 4412 1610 4481 ipso.
1647 4416 1738 4482 qui
1767 4425 1849 4469 est
1881 4413 1971 4467 lux
2005 4409 2213 4472 mundi,
2238 4407 2326 4461 lux
2361 4408 2525 4462 etiam
2559 4421 2954 4476 nuncupamur.

242 4503 333 4558 Μ.
382 4503 541 4556 Ἐπεὶ
563 4502 622 4555 δὲ
651 4502 1072 4573 παραλαμϐάνει
1104 4504 1202 4574 τὴν
1237 4505 1512 4575 βασιλείαν
1541 4508 1648 4560 ἀπὸ
1672 4508 1751 4578 βα-

1939 4508 2030 4562 41.
2061 4504 2331 4572 Quoniam
2354 4511 2535 4555 autem
2563 4500 2760 4569 accipit
2783 4515 3011 4571 regnum
3041 4516 3071 4555 a
3107 4516 3257 4572 rege,
3277 4516 3441 4573 quem

182 4596 395 4660 σιλέως,
416 4596 481 4648 δν
506 4596 721 4657 ἑαυτοῖς
753 4594 1107 4649 ἐϐασίλευσαν
1142 4598 1192 4650 οἱ
1226 4598 1336 4650 υἱοὶ
1384 4599 1601 4672 Ἰσραὴλ
1624 4642 1638 4663 ,
1667 4604 1762 4656 καὶ

181 4688 237 4740 οὗ
266 4687 357 4740 διὰ
382 4686 482 4740 τοῦ
504 4684 642 4739 Θεοῦ
665 4685 926 4757 ἄρξαντες
959 4686 1137 4748 αὐτὸν,
1166 4687 1262 4740 καὶ
1293 4687 1366 4760 μὴ
1396 4690 1760 4762 γνωρίσαντες

182 4777 251 4849 τῷ
282 4777 429 4849 Θεῷ,
452 4776 723 4847 πολέμους
750 4794 815 4831 τε
836 4776 931 4829 τοῦ
958 4777 1163 4849 Κυρίου
1197 4778 1450 4848 πολεμῶν
1480 4780 1760 4851 ἐτοιμάζει

182 4872 401 4944 εἰρήνην
427 4869 509 4941 τῷ
541 4869 645 4941 υἱῷ
660 4869 829 4924 αὐτοῦ
859 4870 994 4942 λαῷ,
1024 4871 1166 4942 τάχα
1196 4872 1252 4925 δὲ
1275 4871 1366 4926 διὰ
1403 4872 1561 4927 τοῦτο
1601 4875 1761 4930 Δαυῒδ

182 4962 643 5043 προσαγορεύεται
663 4978 679 4994 ’
713 4963 809 5017 καὶ
840 4964 979 5034 μετά
991 4963 1166 5019 ταῦτα
1188 4965 1403 5036 ῥάϐδος,
1430 4969 1545 5032 τοῖς
1576 4968 1761 5040 δεομέ-

1867 4601 1969 4654 sibi
2004 4597 2361 4668 praefecerant
2394 4596 2488 4650 lilii
2518 4594 2705 4659 Israel,
2731 4597 2933 4664 cuique
2985 4596 3301 4663 imperium,
3332 4595 3443 4651 Deo

1867 4692 2182 4759 neutiquam
2215 4696 2510 4753 annuente,
2544 4686 2927 4751 tradiderant,
2956 4701 3135 4757 neque
3169 4688 3277 4741 Deo
3303 4703 3440 4742 con-

1867 4785 2222 4847 ciliaverant;
2272 4790 2327 4835 et
2375 4780 2631 4847 quoniam
2674 4779 2812 4834 bella
2861 4779 3072 4834 Domini
3103 4795 3302 4850 gerens
3328 4781 3443 4836 lilio

1867 4892 1967 4933 suo
1995 4876 2212 4945 (nempe
2244 4871 2462 4942 populo)
2490 4886 2675 4941 pacem
2705 4882 3004 4942 comparat,
3032 4871 3286 4930 fortassis
3301 4875 3449 4932 hanc

1867 4972 1939 5027 ob
1986 4982 2204 5025 causam
2237 4966 2423 5021 David'
2451 4975 2680 5020 vocatur
2709 4984 2725 5021 :
2763 4967 2959 5022 deinde
2988 4950 3144 5038 virga
3173 4967 3219 5001 δ’
3276 4969 3445 5023 uimi-

154 5116 161 5127 .
241 5079 291 5110 "
316 5076 657 5153 Matthiatx,
686 5075 776 5141 I6,
804 5076 892 5153 I7.
968 5079 1012 5110 ³⁷
1040 5078 1206 5136 Hebr.
1238 5097 1314 5147 Iv,
1340 5082 1429 5137 I5.
1485 5081 1531 5115 ⁸⁸
1568 5080 1728 5138 Hebr.

1879 5125 1893 5139 .
1967 5083 2014 5117 ³⁹
2037 5083 2170 5153 Cap.
2195 5099 2320 5150 xxv,
2355 5099 2495 5141 vers.
2525 5083 2580 5141 5.
2654 5081 2706 5115 ⁴⁹
2730 5080 2883 5138 Rom.
2912 5096 2974 5149 ιι,
2997 5081 3092 5139 29.
3157 5085 3203 5116 "
3237 5081 3350 5139 Gen
3366 5099 3441 5139 cs.

187 5165 327 5214 χιιι,
356 5148 412 5204 8.
488 5147 535 5181 δ’
561 5148 669 5204 Isa.
696 5164 775 5213 XI,
810 5149 861 5203 I.

172 5238 179 5263 έ
246 5241 575 5315 (ιω-Ὅπερ
596 5239 670 5296 ἐν
692 5254 815 5295 τισι
845 5240 1049 5315 κεῖται,
1058 5253 1177 5315 etc.
1209 5242 1407 5315 Lagei}
1435 5244 1592 5315 ὅπερ.
1629 5244 1751 5300 Ori-

187 5326 346 5375 genes
371 5311 510 5365 infra
536 5324 669 5367 tom.
694 5327 890 5367 xxvut.
929 5329 985 5367 ιι.
1019 5314 1109 5374 15,
1130 5314 1184 5366 in
1214 5311 1482 5373 Journal.
1506 5311 1596 5378 4'9,
1626 5315 1713 5372 50.
1742 5335 1755 5370 :

1855 5254 1980 5301 ante
2003 5245 2316 5302 Nestorium
2339 5254 2602 5303 exstaret.
2629 5245 2893 5303 Ilue'rms.

1927 5318 2043 5402 (ἐξ)
2073 5316 2428 5402 Perseoviae
2475 5317 2564 5402 sic
2616 5321 2785 5402 codex
2846 5316 3434 5402 Bodleianus.__ljlditiii

188 5381 290 5456 lia).
318 5384 689 5456 συγχρῄσεται
724 5382 823 5453 τῷ,
863 5383 1010 5456 dum;
1047 5383 1251 5456 χάριτι,
1283 5382 1339 5454 ἢ,
1398 5386 1570 5456 χωρὶς
1619 5385 1751 5440 Θεοῦ

1879 5381 2035 5443 litetii
2063 5426 2078 5449 ,
2118 5381 2436 5456 γεύσασθαι.
2508 5387 2629 5442 Mox
2678 5390 2821 5443 idem
2879 5388 3052 5442 codex
3094 5388 3423 5442 Bodleiauus

189 5450 320 5529 ύπὲρ
576 5450 835 5529 γεύσεται
868 5450 1751 5529 θανάτου(Ροδιθῇριὲιιι-ιιυοῃιιυ

1879 5467 2004 5513 λθριθ
2036 5450 2196 5529 habet
2220 5458 2370 5529 παρὰ
2389 5458 2480 5510 τὸν
2517 5457 2825 5529 ἄνθρωπον,
2868 5459 3008 5512 male
3043 5458 3207 5513 editio
3245 5456 3429 5515 Huetii

192 5522 325 5594 hanc
352 5523 642 5578 lectionem
681 5526 934 5594 sequitur
955 5523 1278 5579 Ambrosius
1311 5522 1405 5579 lib.
1440 5540 1477 5578 Il
1502 5524 1582 5579 De
1623 5522 1747 5594 ﬁde,

194 5594 255 5661 ad
275 5590 606 5655 Gratianum,
643 5590 776 5661 cap.
804 5594 858 5648 4.
887 5593 1162 5649 Immerito
1207 5594 1371 5658 igitur
1419 5590 1753 5651 Nestoriatiis

199 5658 294 5733 loci
321 5663 483 5733 hujus
504 5658 953 5732 depravationem
991 5665 1184 5719 tribuit
1207 5663 1429 5721 Grzncus
1463 5665 1551 5721 illc
1589 5667 1751 5721 scho-

205 5730 376 5790 liastes
394 5730 786 5806 uuem'laudat
818 5733 978 5803 Bcza,
1012 5744 1195 5806 utpote
1253 5752 1376 5806 qua:
1420 5736 1531 5808 jam
1592 5737 1750 5809 longe

1852 5529 2003 5600 παρὰ
2017 5526 2133 5600 τῶν
2164 5526 2487 5600 ἀνθρώπων.

1921 5594 2032 5667 (50)
2063 5594 2202 5652 Οἶον
2232 5594 2382 5665 ὑπὲρ
2418 5597 2680 5670 ἄστρων,
2700 5596 2779 5670 Ιιι
2808 5597 3145 5670 Origeuinnis
3196 5601 3428 5670 qttmstio

1851 5662 2126 5725 dc’umrte
2157 5686 2185 5723 ιι
2218 5662 2440 5724 Christo
2470 5662 2568 5737 pro
2601 5668 2872 5724 sideribus
2905 5662 3051 5724 obita
3104 5662 3420 5728 ventilatur.
