3792 6146
402 248 477 303 95

405 379 526 420 rum
565 367 650 423 his

403 457 748 520 institutione
799 469 1042 543 indigent
1069 517 1085 542 ,
1120 495 1242 536 cum
1298 490 1526 546 necdum
1557 497 1768 568 seipsos
1803 509 1975 563 amori

401 559 907 632 mansuetudinique
948 565 1126 626 Patris
1155 581 1516 641 permiserint.
1560 559 1708 647 lianc
1756 597 1825 650 ob
1854 559 1976 652 cau-

397 737 544 795 intra
588 759 670 809 se,
702 750 796 802 sed
841 763 996 809 extra
1037 761 1416 834 primigenium
1446 783 1644 832 statum
1674 797 1794 837 esse
1823 787 1974 841 vide-

399 839 506 885 tur.
545 833 792 906 Cumque
822 858 1076 914 egressus
1111 852 1271 910 fuerit
1301 859 1475 919 factus
1506 869 1678 940 virga,
1712 891 1816 930 non
1851 895 1971 935 ma-

395 935 489 978 net
520 928 692 998 virga,
725 935 818 989 sed
861 951 984 1006 post
1013 945 1217 1017 virgam
1246 957 1492 1010 exoritur
1525 961 1623 1018 ﬂos
1648 971 1968 1028 ascendens.

397 1013 549 1072 Unde
579 1019 751 1088 ipsam
784 1028 948 1099 virga
970 1041 1368 1100 extremitatem
1392 1047 1581 1106 ﬂorem
1613 1070 1735 1113 esse
1755 1064 1972 1134 conspi-

397 1107 541 1134 ni“...
575 1110 648 1134 :ll:
683 1117 768 1134 ___-
837 1120 847 1134 Ι
999 1127 1019 1134 -
1201 1133 1208 1134 ,

389 1107 546 1163 ciunt
573 1110 648 1166 illi
676 1117 768 1184 qui
799 1120 866 1174 ah
895 1137 962 1177 eo
995 1127 1137 1184 facto
1163 1133 1311 1200 virga
1341 1139 1542 1196 visitati
1569 1145 1790 1207 fuerint.
1825 1107 1967 1211 Visi-

391 1197 528 1252 tahit
553 1203 696 1258 enim
731 1208 870 1266 Deus
899 1214 950 1268 iu
995 1217 1144 1290 virga
1190 1197 1404 1298 (nempe
1440 1197 1967 1314 Christoi-iiiiquita-

390 1299 472 1345 tes
491 1306 672 1351 eorum
690 1313 829 1369 quos
850 1305 1110 1377 visitabit,
1132 1317 1558 1382 misericordiam
1576 1329 1684 1404 43
1709 1352 1838 1393 vero
1859 1357 1964 1398 non

391 1382 652 1404 .12--_.-__,,x-
714 1391 728 1404 I
873 1396 916 1404 .-
970 1401 982 1404 -

1576 1382 1684 1404 τυ
1719 1382 1836 1393 .-.ν
1859 1382 1964 1398 ..νη

387 1382 658 1454 disperget
680 1391 747 1446 ab
781 1409 846 1449 eo
870 1396 936 1452 “.
969 1401 1144 1470 Ipsum
1177 1425 1410 1481 namque
1448 1420 1762 1492 miseratur,
1793 1445 1966 1498 quau-

391 1474 664 1498 -1“---!JA~
929 1492 942 1498 ‘

1183 1751 1191 1755 _
1420 1751 1450 1767 υ
1493 1751 1960 1780 κ-,,τ----...νον..-

384 1751 530 1810 titius
559 1761 1069 1830 punitionc,ﬂorem
1110 1791 1242 1834 vero
1275 1781 1362 1838 his
1399 1789 1494 1856 qui
1523 1806 1830 1865 servantur;
1865 1803 1960 1857 sed

385 1847 578 1904 melius
604 1853 846 1912 arbitror
867 1865 1010 1930 quod
1033 1867 1183 1934 prius
1212 1873 1344 1931 dixi.
1379 1878 1635 1938 Attamen
1669 1889 1769 1943 hoc
1791 1893 1958 1949 etiam

383 1935 438 1990 in
489 1939 590 1998 hoc
619 1944 741 2002 loco
789 1953 1094 2013 addendum
1119 1971 1222 2030 est,
1251 1965 1484 2028 fortasse
1515 1974 1754 2034 futurum
1787 1995 1844 2036 ut
1869 1987 1957 2040 cui

383 2029 549 2087 fuerit
596 2037 846 2098 Christus
882 2046 1050 2118 virga,
1101 2055 1170 2108 sit
1215 2057 1290 2112 illi
1344 2065 1508 2120 etiam
1541 2083 1764 2140 propter
1792 2078 1958 2148 virga:

1541 2127 1553 2136 .
1645 2127 1656 2140 .
1805 2127 1955 2148 "’0‘"

382 2127 784 2185 extremitatem
819 2140 1044 2196 omnino
1075 2141 1194 2213 ﬂos,
1228 2153 1322 2206 sed
1355 2171 1459 2210 nou
1501 2172 1696 2219 contra
1726 2183 1740 2231 ;
1781 2184 1955 2239 neque

1726 2213 1740 2231 ,
1781 2213 1951 2239 ---.,....

379 2213 522 2268 enim
555 2217 598 2269 si
625 2219 788 2277 alicui
818 2225 939 2296 ﬂos,
981 2229 1105 2290 huic
1142 2239 1306 2296 etiam
1333 2256 1419 2298 est
1448 2249 1595 2320 virga
1631 2272 1646 2308 :
1681 2257 1780 2312 nisi
1807 2259 1951 2318 forte

374 2303 520 2370 quod
549 2304 650 2364 ﬂos
679 2313 753 2366 sit
783 2317 1082 2384 perfectior
1115 2326 1268 2396 ﬂore,
1301 2303 1762 2408 ipsaqueaﬂoru—inv
1776 2303 1946 2408 cinis:

374 2393 548 2463 sione,
578 2415 700 2469 quae
738 2405 805 2462 de
830 2411 897 2465 iis
929 2413 1128 2474 dicitur
1153 2425 1242 2494 qui
1266 2393 1476 2487 fructus
1508 2437 1780 2503 perfectos
1810 2459 1945 2500 non-

377 2486 502 2542 dum
537 2492 798 2564 tulerunt,
826 2503 1054 2570 perfecti
1079 2510 1130 2566 id
1159 2486 1306 2583 quod
1339 2486 1950 2596 snprarﬂor'emvChi-‘i’siti

379 2591 488 2648 est,
527 2589 764 2656 capiant.
796 2593 900 2661 Qui
937 2615 1067 2658 vero
1110 2605 1282 2677 ipsius
1317 2589 1466 2686 viraa
1501 2625 1689 2679 tentati
1723 2626 1948 2698 fuerint,

1133 2675 1144 2677 -
1401 2675 1432 2686 ν
1535 2675 1541 2676 κ
1574 2675 1689 2679 ηπ
1723 2675 1948 2698 -η.....,

377 2675 540 2732 Simul
592 2696 715 2738 cum
750 2685 865 2758 ipsa
899 2693 1048 2764 νῑτιξο
1103 2699 1274 2758 futuri
1323 2723 1428 2764 non
1481 2724 1608 2770 sunt
1653 2723 1948 2793 participes

377 2767 684 2793 -\A..'.‘-n2-__,
799 2780 854 2793 ιιι
913 2783 925 2793 ι
987 2787 999 2793 -

1653 2767 1947 2793 τ--..ωνυυ

367 2767 762 2835 perfectionith
794 2780 1040 2854 Christi,
1078 2793 1171 2846 sed
1207 2803 1414 2854 tantum
1442 2801 1594 2862 ﬂoris
1636 2817 1947 2878 praeceden-

372 2859 445 2913 tis
509 2861 719 2924 fructus
775 2873 963 2943 ipsius.
1019 2883 1262 2957 Denique
1318 2904 1611 2967 antequam
1667 2907 1736 2960 ad
1793 2912 1942 2968 vocis

375 2953 556 3025 Λόγος
581 2975 810 3020 examen
849 2975 1174 3036 accedamus
1199 3027 1214 3049 ,
1259 2985 1396 3054 lapis
1437 3003 1521 3046 est
1571 2993 1820 3058 Christus
1856 3021 1942 3060 re-

367 3049 630 3111 probatus
661 3055 730 3108 ah
751 3059 1168 3136 :ediflcantibus,
1200 3086 1254 3130 et
1285 3049 1338 3132 in
1372 3097 1433 3134 ca

365 3148 528 3192 natus
559 3141 624 3196 “.
655 3148 920 3213 Quoniam
949 3160 1093 3216 enim
1127 3162 1332 3236 lapides
1372 3173 1474 3226 vivi
1506 3178 1849 3240 aedificantur
1881 3187 1934 3242 in

363 3227 752 3307 fundamento,
807 3245 930 3304 aliis
970 3227 1239 3323 lapidibus
1295 3267 1658 3330 apostolorum
1707 3285 1763 3330 et
1806 3295 1935 3348 pro-

363 3321 640 3348 ..ι-ιιι--μη
707 3335 719 3347 ⁸
859 3339 882 3348 “
1017 3345 1043 3348 ⁸

706 3335 822 3404 ipso
851 3339 977 3397 Jesu
1005 3345 1230 3406 Christo
1272 3353 1504 3414 Domino
1539 3375 1726 3422 nostro
1781 3374 1934 3426 exsi-

361 3426 546 3474 stentc
576 3437 793 3483 summo
837 3435 1078 3505 angulari
1109 3441 1287 3508 lapide
1331 3448 1400 3514 ",
1429 3468 1495 3506 eo
1525 3457 1666 3524 quod
1699 3460 1810 3528 ipse
1863 3465 1935 3518 sit

357 3521 487 3577 pars
506 3524 791 3578 structura:
819 3540 1036 3595 quaeest
1062 3547 1124 3587 ex
1145 3533 1412 3604 lapidibus
1430 3521 1734 3606 viventibus
1767 3553 1816 3606 in
1848 3571 1934 3610 re-

358 3604 516 3671 gione
547 3611 884 3681 viventium,
922 3619 1060 3692 lapis
1107 3630 1428 3698 appellatur.
1489 3635 1612 3693 llaec
1671 3653 1853 3698 autem
1899 3664 1928 3700 a

357 3694 516 3751 nobis
543 3699 688 3756 dicta
716 3717 843 3761 sunt
877 3694 1206 3785 redarguere
1246 3722 1448 3780 multos
1479 3729 1809 3799 volentibus,
1837 3737 1928 3804 qui

357 3787 574 3853 privata
633 3800 866 3864 quadam
907 3803 1178 3861 electione
1223 3823 1276 3866 et
1315 3827 1584 3884 utuntur,
1637 3832 1692 3876 et
1733 3840 1928 3898 segnes

354 3889 482 3933 sunt
511 3882 564 3937 in
597 3886 924 3960 iudagando,
958 3913 1082 3954 nam
1131 3911 1208 3958 tot
1248 3909 1464 3964 nomina
1510 3926 1632 3966 cum
1669 3915 1778 3968 sint
1807 3934 1926 3988 quas

353 3972 421 4026 ad
449 3974 724 4034 Christum
767 3987 1092 4058 refcrantur,
1147 3995 1200 4050 in
1237 4000 1352 4052 solo
1380 4001 1471 4054 τοῦ
1495 4001 1654 4075 λόγου
1687 4007 1764 4080 [id
1792 4022 1876 4066 est
1909 4015 2006 4066 rati

350 4071 594 4136 pendunt
647 4091 872 4136 cumam
929 4088 1142 4143 tandem
1199 4091 1370 4150 Filius
1425 4071 1749 4164 Dei,‘Deus
1796 4107 1847 4160 iu
1879 4125 1939 4179 pr

349 4167 530 4222 omnia
563 4169 706 4226 farta
741 4189 870 4232 sunt
899 4179 964 4235 ⁸⁸.

1882 291 2208 354 ORIGENIS

684 373 777 442 qui
824 377 1122 438 etiamnum
1172 385 1438 450 laboriosa
1495 415 1558 456 ac
1606 405 1826 464 duriore
1855 414 1979 470 vitae
2008 425 2055 482 Α
2083 434 2192 483 νοις

3608 327 3682 380 96

2225 423 2482 478 ἐπιπόνου
2513 428 2607 480 καὶ
2636 429 3007 506 σκληροτέρας
3047 437 3289 508 ἀγωγῆς,
3323 442 3421 494 καὶ
3456 443 3534 514 μὴ
3569 443 3679 516 ἐμ-

2079 518 2484 586 παρεσχηκόσιν
2508 521 2618 592 (51)
2641 523 2866 590 ἑαυτοὺς
2907 531 2974 600 τῇ
3017 531 3204 604 ἀγάπῃ
3249 537 3342 587 καὶ
3381 539 3447 608 τῇ
3495 539 3677 608 πραό-

2076 622 2196 676 τητι
2224 608 2318 662 τοῦ
2349 611 2580 684 Πατρός.
2631 615 2729 670 Διά
2775 617 2962 684 τοῦτο,
3008 622 3104 677 ἐὰν
3155 625 3346 694 ῥάϐδος
3388 629 3670 694 καλεῖται,

2075 697 2450 764 ἐξελεύσεται·
2497 707 2557 758 ού
2603 707 2710 782 γάρ
2763 711 2914 781 μένει
2953 715 3012 767 ἐν
3043 717 3227 788 αὐτῷ,
3276 719 3389 774 ἀλλ’
3421 722 3530 788 ἔξω
3561 726 3668 796 τῆς

2075 795 2495 868 προηγουμένης
2551 804 2940 869 καταστάσεως
2985 803 3124 862 εἶναι
3165 810 3331 868 δοκεῖ.
3393 815 3667 883 Ἐξελθὼν

2073 881 2129 935 δὲ
2157 885 2251 938 καὶ
2281 889 2570 960 γενόμενος
2601 894 2814 965 ῥάϐδος,
2848 899 2909 951 ού
2938 900 3087 970 μένει
3112 905 3324 974 ῥάϐδος,
3348 881 3482 964 ἀλλά
3517 913 3668 982 μετά

2072 975 2171 1046 τὴν
2207 979 2400 1050 ῥάϐδον
2434 981 2592 1050 ἄνθος
2617 986 2826 1056 γίνεται
2851 991 3159 1061 ἀναϐαῖνον,
3205 1001 3299 1053 καὶ
3349 975 3531 1075 πέρας,
3560 1006 3662 1059 τοῦ

2071 1063 2212 1122 εἶναι
2245 1071 2439 1142 ῥάϐδος
2466 1077 2526 1129 τὸ
2559 1077 2720 1144 ἄνθος
2740 1083 3122 1140 ἀποδείκνυται
3145 1093 3260 1154 τοῖς
3291 1092 3381 1148 διὰ
3409 1094 3503 1147 τοῦ
3556 1098 3663 1150 αύ-

2070 1159 2160 1212 τὸν
2203 1167 2483 1232 γεγονέναι
2525 1171 2721 1241 ῥάϐδον
2782 1176 3086 1251 ἐπισκοπῆς
3124 1187 3477 1254 τετυχηκόσιν
3513 1188 3654 1257 (52).

2083 1252 2466 1326 Ἐπισκέψεται
2495 1261 2602 1335 γάρ
2634 1266 2662 1318 6
2693 1263 2824 1331 Θεὸς
2867 1269 2922 1323 ἐν
2955 1269 3135 1343 ῥάϐδῳ
3179 1273 3256 1344 τῷ
3301 1252 3531 1348 Χριστῷ,
3553 1279 3656 1344 τὰς

2070 1345 2299 1418 ἀνομίας
2329 1352 2508 1408 αὐτῶν
2541 1351 2614 1409 ὧν
2635 1359 3023 1431 ἐπισκέψεται·
3048 1365 3108 1418 τὸ
3138 1366 3194 1420 δὲ
3245 1368 3392 1435 ἔλεος
3440 1371 3554 1444 (55)
3589 1375 3654 1428 οὐ

2071 1433 2144 1504 μὴ
2175 1435 2516 1496 διασκεδάσει
2541 1444 2634 1498 ἀπ’
2668 1447 2832 1501 αὐτοῦ
2855 1467 2868 1480 ο
2893 1451 3054 1506 αὐτὸν
3086 1454 3194 1528 γάρ
3223 1459 3400 1525 ἐλεεῖ,
3431 1461 3523 1516 ὅτε
3558 1464 3655 1527 οὓς

2069 1523 2312 1594 βούλεται
2332 1531 2360 1582 6
2387 1530 2514 1594 Υἱὸς
2533 1532 2818 1600 ἐλεεῖσθαι,
2843 1541 2872 1592 6
2897 1540 3085 1614 Πατὴρ
3108 1523 3265 1600 ἐλεεῖ.
3297 1523 3452 1603 Ἔστι
3475 1551 3533 1604 δὲ
3555 1523 3652 1605 καί

2069 1615 2142 1688 μὴ
2183 1619 2406 1675 ἐπὶτῶν
2438 1623 2616 1679 αὐτῶν
2642 1629 2955 1699 λαμϐάνειν,
2989 1635 3182 1704 ῥάϐδον
3214 1640 3375 1694 αὑτὸν
3400 1643 3650 1710 γίνεσθαι

2065 1711 2159 1762 καὶ
2192 1709 2370 1776 ἄνθος,
2406 1713 2540 1769 ἀλλά
2566 1718 2760 1786 ῥάϐδος
2787 1721 2884 1792 μὲν
2913 1727 3024 1789 τοῖς
3053 1726 3328 1799 δεομένοις
3349 1709 3645 1800 κολάσεως,

2329 1770 2368 1776 --
2566 1770 2576 1786 .
2608 1770 2632 1772 η
2682 1770 2757 1784 με
2787 1770 2875 1792 τ--ι
2925 1770 3021 1789 -ννν
3055 1770 3325 1799 "vr-vum.»
3350 1770 3645 1800 «wn-ww“

1994 1770 2036 1824 Β
2063 1799 2222 1866 ἄνθος
2253 1803 2310 1856 δὲ
2331 1809 2442 1868 τοῖς
2474 1807 2804 1880 σωζομένοις
2823 1831 2837 1842 ·
2873 1815 3084 1885 βέλτιον
3105 1819 3150 1872 δ’
3177 1816 3328 1892 οἶμαι
3361 1823 3421 1876 τὸ
3446 1825 3646 1896 πρότε-

2065 1908 2172 1961 ρον.
2209 1893 2353 1967 Πλὴν
2379 1899 2536 1954 τοῦτο
2559 1892 2881 1972 προσθετέον
2909 1910 3050 1964 κατά
3079 1911 3168 1966 τὸν
3189 1915 3371 1978 τόπον,
3397 1919 3480 1970 ὅτι
3505 1919 3649 1990 τάχα.

2057 1984 2146 2038 διά
2180 1987 2240 2040 τὸ
2269 1988 2442 2054 τέλος,
2474 1992 2648 2048 εἴτινι
2681 1997 2780 2066 μὲν
2811 1999 3018 2068 γίνεται
3037 2003 3254 2074 ῥάϐδος,
3277 2007 3395 2061 ἐστὶ
3426 2012 3644 2078 πάντως

2057 2077 2154 2130 καὶ
2182 2079 2358 2146 ἄνθος,
2382 2085 2442 2136 οὐ
2478 2086 2582 2158 μὴν
2607 2087 2742 2159 (54),
2772 2093 2826 2144 εἴ
2846 2109 2952 2147 τινι
2983 2095 3160 2162 ἄνθος,
3201 2099 3394 2172 ἐκείνῳ
3422 2105 3646 2170 πάντως

2056 2169 2150 2222 καὶ
2175 2171 2369 2241 ῥάϐδος
2392 2191 2406 2206 ·
2446 2179 2494 2231 εί
2530 2178 2604 2252 μὴ
2637 2180 2764 2254 ἄρα,
2793 2185 2914 2239 ἐπεί
2939 2189 3085 2242 ἐστιν
3119 2191 3280 2256 ἄνθος
3310 2169 3644 2270 τελειότερον

2052 2261 2146 2316 τοῦ
2177 2264 2388 2331 ἄνθους,
2423 2270 2516 2324 καὶ
2549 2273 2642 2326 τοῦ
2671 2274 2852 2332 ἀνθεῖν
2877 2279 2970 2332 ἐπὶ
3010 2281 3116 2335 τῶν
3151 2284 3376 2356 μηδέπω
3415 2288 3640 2356 τελείως

2052 2360 2546 2432 καρποφορούντων
2577 2364 3002 2441 ὀνομαζομένου,
3028 2376 3077 2426 οἱ
3099 2376 3292 2432 τέλειοι
3317 2381 3378 2434 τὸ
3406 2383 3550 2456 ὑπὲρ
3578 2386 3638 2440 τὺ

2052 2447 2212 2514 ἄνθος
2239 2453 2479 2524 χωροῦσι
2509 2458 2602 2512 τοῦ
2629 2461 2892 2532 Χριστοῦ·
2926 2466 2974 2518 οἱ
3009 2466 3065 2520 δὲ
3094 2469 3288 2539 ῥάϐδου
3320 2474 3486 2528 αὐτοῦ
3520 2477 3634 2548 (55)

2051 2547 2460 2618 πεπειραμένοι,
2495 2549 2611 2623 ἅμα
2631 2556 2695 2626 τῇ
2725 2555 2904 2628 ῥάϐδῳ
2938 2561 2998 2612 ού
3033 2561 3132 2630 τῆς
3165 2563 3502 2638 τελειότητος
3537 2571 3633 2624 αὑ-

2047 2636 2165 2702 τοῦ,
2196 2639 2335 2694 ἀλλά
2353 2643 2448 2696 τοῦ
2477 2643 2669 2710 ἄνθους
2691 2647 2786 2702 τοῦ
2810 2651 2914 2722 πρὸ
2933 2651 3042 2706 τῶν
3075 2657 3301 2727 acapran
3328 2660 3492 2714 αὐτοῦ
3533 2681 3631 2734 με-

2045 2729 2393 2801 ταλήψονται.
2418 2735 2732 2794 Τελευταῖον
2749 2742 2854 2813 πρὸ
2880 2743 2973 2796 τοῦ
3000 2745 3174 2815 Λόγου
3196 2743 3262 2819 ἦν
3285 2749 3428 2816 λίθος
3449 2755 3478 2807 6
3500 2729 3632 2827 Σέρι-

2048 2821 2174 2886 στὸς
2201 2825 2736 2902 άποδοκιμαζόμενος
2766 2834 2872 2889 ὑπὸ
2909 2836 3014 2890 τῶν
3046 2840 3340 2912 οἰκοδόμων
3358 2885 3374 2910 ,
3422 2848 3520 2901 καὶ
3550 2852 3628 2914 είς

2046 2915 2288 2989 κεφαλὴν
2338 2921 2541 2988 γωνίας
2593 2927 3100 2999 κατατασσόμενος·
3157 2936 3280 2988 ἐπεὶ
3327 2936 3434 3006 γὰρ
3488 2939 3624 2994 λίθον

2045 3005 2246 3074 ζῶντες
2273 3013 2679 3085 οἰκοδομοῦνται
2702 3019 2796 3073 ἐπὶ
2818 3019 3050 3092 θεμελίῳ
3088 3026 3295 3098 ἑτέροις
3323 3005 3490 3095 λίθοις
3515 3033 3625 3086 τῶν

1441 3094 1535 3152 put
1563 3091 1743 3158 anguli
1787 3097 1931 3150 ordi-

2071 3100 2352 3156 ιποστόλων
2397 3106 2491 3160 καὶ
2533 3111 2848 3183 προφητῶν,
2867 3114 3018 3180 ὄντος
3035 3117 3426 3188 ἀκρογωνιαίου
3455 3124 3623 3179 αὐτοῦ

2044 3191 2282 3263 Χριστοῦ
2319 3195 2491 3268 Ἰησοῦ
2513 3199 2607 3253 τοῦ
2637 3203 2840 3276 Κυρίου
2863 3209 2895 3278 ἡ
2906 3207 3040 3278 μῶν,
3069 3210 3156 3266 διὰ
3193 3213 3252 3266 τὸ
3282 3211 3418 3270 εἶναι
3461 3219 3626 3274 αὑτὸν
3689 3201 3702 3216 ’

2045 3282 2211 3356 μέρος
2249 3286 2349 3358 τῆς
2377 3291 2440 3342 ὲκ
2467 3289 2630 3346 λίθων
2659 3294 2877 3358 ζώντων
2901 3301 2960 3352 ἐν
2984 3301 3138 3376 χώρᾳ
3163 3304 3380 3370 ζώντων
3415 3313 3624 3367 οἰκοδο-

2045 3376 2172 3446 μῆς,
2214 3377 2360 3444 λίθος
2397 3387 2880 3458 προσαγορεύεται.
2930 3392 3112 3449 Ταῦτα
3143 3396 3201 3450 δὲ
3259 3401 3392 3470 ἡμῖν
3442 3403 3621 3461 πάντα

2041 3467 2254 3540 εἴρηται
2277 3470 2338 3524 τὸ
2365 3471 2474 3527 τῶν
2505 3476 2713 3533 πολλῶν
2743 3481 2952 3556 ἀποκλη
2963 3488 3188 3556 ρωτικὸν
3235 3467 3329 3544 καλ,
3360 3494 3609 3552 ἀϐασάνι-

2043 3573 2166 3611 στον
2194 3559 2410 3630 ἐλέγξαι
2436 3564 2800 3638 βουλομένοις,
2831 3574 2914 3628 δτι
2947 3577 3214 3634 τοσούτων
3235 3583 3517 3654 ὀνομάτων
3539 3593 3619 3654 εἰς

2037 3647 2197 3702 αὐτὸν
2217 3652 2638 3728 ἀναφερομένων
2667 3662 2908 3720 ἵστανται
2928 3669 3020 3721 ἐπὶ
3045 3671 3212 3744 μόνης
3239 3675 3350 3744 (56)
3381 3677 3482 3748 τῆς
3507 3683 3618 3734 Λό-

2035 3757 2135 3808 γος
2167 3745 2480 3816 ὀνομασίας,
2501 3752 2600 3806 οὐκ
2619 3753 2964 3824 ἐξετάζοντες
2991 3761 3044 3814 τί
3061 3762 3258 3835 δήποτε
3274 3768 3448 3838 Λόγος
3471 3766 3617 3825 εἶναι

2035 3829 2166 3897 Θεὸς
2196 3835 2252 3890 ὲν
2273 3837 2413 3911 ἀρχῇ
2443 3841 2576 3913 πρὸς
2609 3845 2700 3898 τὸν
2729 3847 2968 3919 Πατέρα,
3003 3851 3069 3906 δι’
3093 3829 3152 3909 οὗ
3184 3857 3254 3911 τὰ
3281 3829 3460 3914 πάντα
3491 3862 3616 3932 ὲγέ-

2033 3940 2173 3990 νετο,
2205 3929 2616 4004 ἀναγέγραπται
2637 3941 2665 3991 6
2698 3939 2826 4004 Υἱὸς
2847 3941 2942 3994 τοῦ
2967 3943 3124 3999 Θεοῦ.

2013 4017 2134 4072 onis
2173 4029 2229 4076 et
2271 4027 2562 4099 sermonis]
2606 4033 2870 4089 vocabulo
2913 4039 3324 4106 acquiescentes
3372 4060 3479 4100 non
3513 4064 3613 4102 ex-

1947 4111 2142 4184 incipio
2198 4120 2338 4186 apud
2387 4119 2625 4191 Patrem,
2679 4125 2970 4198 inscriptus
2999 4133 3072 4187 sit
3099 4133 3273 4204 Λόγος
3313 4152 3412 4207 per
3442 4157 3611 4211 quem

415 4258 506 4313 42·
543 4261 606 4316 Ui
631 4263 797 4332 ίὲζῖιυτ
825 4281 1048 4341 Propter
1091 4278 1360 4338 actionem
1388 4327 1402 4351 ,
1440 4303 1506 4342 eo
1546 4293 1688 4360 quod
1721 4294 1918 4350 illumi-

415 4355 716 4390 ηΙιιηιιιιΙιηη
769 4360 924 4390 Λης....
975 4376 1050 4390 ..--
1089 4367 1178 4390 l_'.__
1231 4371 1246 4390 1
1527 4381 1557 4390 ..
1728 4384 1762 4390 --

2094 4300 2183 4354 42.
2227 4301 2436 4374 ’Ὠσπερ
2456 4304 2636 4358 τοίνυν
2661 4307 2810 4380 παρά
2835 4310 2932 4383 τὴν
2957 4313 3253 4385 ἐνέργειαν,
3275 4319 3339 4372 ὲκ
3367 4321 3464 4374 τοῦ
3490 4339 3607 4390 φω-

349 4359 438 4402 Itet
462 4355 740 4424 mundum,
769 4360 924 4430 cujus
973 4376 1055 4422 est
1089 4367 1201 4436 lux,
1231 4371 1322 4428 lux
1372 4355 1911 4454 mundi-appellatur,

346 4450 401 4492 et
430 4457 495 4496 ex
529 4462 594 4500 eo
619 4451 763 4518 quod
813 4465 1006 4511 auctor
1051 4461 1123 4515 sit
1169 4465 1498 4533 deponendae
1543 4477 1916 4536 mortificatio-

339 4531 452 4596 nis,
485 4535 557 4590 illi
593 4542 807 4599 sincere
841 4549 1245 4612 adhaerentihus
1285 4571 1338 4614 et
1370 4568 1780 4635 resurgentibus
1831 4587 1915 4626 re-

338 4625 575 4690 cipiendi
611 4633 732 4688 vitae
767 4641 1076 4714 novitatem,
1111 4655 1440 4710 resurrectio
1477 4669 1718 4724 vocatur,
1757 4661 1913 4716 item-

339 4729 448 4784 que
493 4733 713 4792 propter
741 4728 902 4786 aliam
951 4739 1242 4810 actionem,
1275 4756 1329 4799 et
1379 4758 1583 4816 pastor.
1613 4764 1667 4806 θι
1719 4771 1912 4824 91³³³06·

339 4817 464 4876 ptor
487 4854 503 4880 ,
554 4826 607 4872 et
635 4835 726 4875 rex
755 4863 770 4890 ,
795 4839 859 4880 ac
887 4827 1121 4902 denique
1149 4837 1344 4905 Sagitta
1377 4839 1570 4907 electa,
1605 4856 1653 4899 et
1689 4863 1902 4920 servus,

340 4903 409 4956 ad
441 4903 555 4960 haec
586 4909 883 4972 advocatus
907 4958 924 4983 ,
959 4923 1276 4993 propitiatio
1299 4967 1314 4991 ,
1343 4942 1398 4985 et
1438 4935 1776 5004 propitiatur,
1824 4939 1902 4996 sic

337 4998 500 5052 etiam
533 5001 706 5071 Λόγος
730 5005 858 5078 [hoc
884 5023 967 5068 est
998 5017 1160 5090 ratio]
1189 5020 1408 5088 dicitur,
1440 5026 1701 5098 quidquid
1727 5029 1779 5083 in
1807 5045 1904 5087 n0-

408 5137 456 5170 “
483 5137 626 5195 Psal.
659 5159 921 5211 Lxxxvm,
952 5150 1042 5214 3'5,
1070 5153 1163 5210 54.
1244 5157 1289 5188 ⁸⁸
1321 5156 1466 5229 ΡειιΙ,
1490 5178 1658 5229 cxvii,
1686 5166 1776 5222 Ἡ.

403 5257 1135 5350 (ἐξυῐρμπςιρεσχηκόαιν.
1178 5269 1268 5326 Sic
1319 5276 1486 5329 rodex
1540 5277 1901 5350 llodleianus;

331 5327 504 5408 editio
536 5327 715 5384 Ilu’etii
739 5327 1164 5408 παρεσχηκόσιν.

2019 4392 2188 4457 τίζειν
2227 4393 2318 4446 τὸν
2348 4395 2572 4466 κόσμον,
2605 4394 2664 4454 οὗ
2699 4401 2815 4469 φῶς
2849 4405 2964 4458 ἐστι
2985 4447 3000 4469 ,
3049 4407 3166 4476 φῶς
3201 4411 3406 4483 κόσμου
3442 4432 3607 4486 προσ-

2020 4485 2358 4556 αγορεύεται,
2389 4489 2482 4542 καὶ
2514 4491 2664 4564 παρὰ
2695 4494 2756 4546 τὸ
2777 4500 2950 4549 ποιεῖν
2981 4500 3333 4558 ἀποτίθεσθαι
3371 4505 3472 4578 τὴν
3511 4526 3602 4562 νε-

2018 4575 2257 4645 κρότητα
2285 4578 2410 4641 τοὺς
2436 4581 2676 4652 γνησίως
2709 4584 2858 4657 αὐτῷ
2875 4588 3215 4658 προσιόντας,
3243 4595 3337 4646 καὶ
3362 4595 3606 4670 ἀναλαμ-

2018 4667 2200 4722 ϐάνειν
2234 4671 2526 4742 καινότητα
2555 4672 2700 4746 ζωῆς
2725 4677 3136 4750 ἀνισταμένους,
3169 4683 3465 4751 ἀνάστασις
3496 4707 3599 4743 κα-

2017 4759 2213 4826 λεῖται,
2252 4763 2382 4834 παρ’
2403 4763 2596 4836 ἑτέραν
2625 4768 2823 4838 πρᾶξιν
2859 4771 3060 4842 ποιμὴν
3113 4775 3207 4828 καὶ
3253 4773 3594 4847 διδάσκαλος,

2014 4851 2108 4905 καὶ
2157 4851 2428 4922 βασιλεὺς,
2481 4854 2634 4924 βέλος
2681 4873 2739 4910 τε
2789 4858 3043 4914 ἐκλεκτὸν
3075 4865 3168 4916 καὶ
3199 4864 3406 4930 δοῦλος,
3458 4871 3592 4941 πρὲ,

2013 4943 2220 5009 τούτοις
2255 4946 2604 5020 παράκλητος
2632 4951 2724 5003 καὶ
2748 4951 2991 5023 ἱλασμὸς,
3021 4955 3112 5008 καὶ
3134 4957 3466 5031 ἱλαστήριον,
3498 4963 3588 5015 οῦ-

2012 5051 2118 5098 τως
2141 5037 2234 5088 καὶ
2257 5037 2449 5107 Λόγος,
2484 5039 2580 5092 καὶ
2609 5041 2715 5094 πᾶν
2734 5041 2925 5111 ἄλογον
2956 5045 3111 5116 ἡμῶν
3143 5053 3462 5121 περιαιριῦν,
3500 5055 3594 5110 καὶ

1859 5167 1906 5200 ⁸⁵
1936 5169 2130 5240 Ephes.
2169 5187 2230 5239 tt,
2261 5173 2352 5227 20.
2424 5175 2471 5207 “
2491 5173 2648 5230 Joan.
2679 5192 2719 5240 ι,
2752 5177 2806 5242 2,
2836 5179 2890 5236 5.

2011 5287 2228 5362 πάντως
2246 5287 2424 5362 ἄνθος,
2459 5290 2603 5362 δμή,
2633 5301 2736 5346 etc.

2079 5359 2194 5428 (55)
2226 5363 2290 5413 Ol
2309 5359 2378 5445 gs
2397 5359 2624 5445 ῥάϐδου
2649 5365 2858 5445 αὐτοῦ,
2887 5378 2990 5420 etc.
3015 5367 3341 5445 Sicnoptime
3369 5373 3583 5445 legitur

405 5399 518 5482 (ὕες)
555 5399 1076 5485 Τετυχῃκόσιὸλίιιιι
1104 5412 1272 5467 codex
1314 5413 1672 5485 Bodleianus;
1733 5422 1903 5478 editio

333 5465 510 5544 lluetji
539 5465 868 5544 τετευὶόσιν.

405 5541 518 5611 (55)
549 5541 895 5630 Ἕνιεοζ-ηὸιο
913 5549 1070 5630 codd.
1094 5551 1417 5630 li_0d|eianu§
1451 5567 1502 5610 et
1535 5557 1898 5630 Barberinus;

331 5615 914 5715 νθῗξςῖξ³3¹ο¹¹¹¹θίί³¹¹²ἴ
941 5621 1106 5715 ίίἕ¹ῗξ39
1129 5623 1350 5715 ί¹¹μ¹ἱῗκὲῑ¹
1371 5625 1514 5715 κέλοξο

402 5678 1732 5786 iif’.{téfsssstﬁtﬂoeabs-im616;.-.Si2.

331 5747 496 5804 habet
525 5760 690 5810 codex
714 5747 1062 5832 Bodleianus,
1087 5747 1432 5825 malcaut‘cm
1483 5771 1650 5829 editio
1689 5771 1890 5840 lluctii,

2007 5427 2061 5480 in
2091 5427 2285 5510 Codice
2310 5430 2623 5496 Bodleiano,
2651 5438 2793 5489 male
2815 5449 2993 5492 autem
3020 5441 3070 5492 in
3103 5427 3270 5510 Regio
3297 5446 3330 5514 ἡ
3359 5427 3579 5516 δὲίίράϐέ

3183 5497 3212 5510 υ
3317 5497 3330 5514 ι
3399 5497 3408 5498 ί

2003 5497 2090 5562 δος
2123 5499 2308 5563 αὺτοῦ,
2333 5512 2440 5554 etc.
3171 5580 3215 5597 Ἦ
3251 5581 3266 5597 ι
3347 5583 3382 5597 μ’
3427 5585 3440 5597 ι

2235 5571 2529 5597 υιηαηΑραμι
2754 5593 2782 5597 .-
2799 5577 2894 5597 1----
3021 5587 3065 5597 -Ω
3083 5593 3097 5597 μ

2075 5570 2190 5638 (56)
2235 5571 2531 5662 Ἵστᾳιςςαι
2581 5572 2683 5628 ἐπὶ
2737 5577 2952 5662 μένῃς,
3015 5587 3122 5634 etc.
3171 5580 3578 5662 Valentinianus

2007 5639 2263 5712 iutellige,
2298 5643 2389 5712 qui
2418 5643 2614 5730 Filium
2642 5639 3114 5730 [ter'tit'olatjonctn
3155 5653 3401 5722 genitum
3458 5670 3580 5714 esse

2005 5711 2436 5770 arbitrabantur.
2475 5711 2739 5774 llosrtus.
