3792 6146
133 301 189 354 97
1221 280 1580 337 COMMENT.
1617 277 1684 332 ιιι
1719 274 1911 332 JOAN.
1953 271 2191 334 Tonus
2230 272 2272 328 ι.
3308 268 3384 326 93.

133 410 251 466 uti
301 404 552 474 ἀλήθειαν
595 401 866 470 λογικοὺς
921 399 1369 481 κατασκευάζων,
1403 399 1580 452 πάντα
1631 397 1751 457 sic,

1852 393 1896 444 is
1928 403 2012 444 est
2052 407 2080 443 a
2112 391 2326 444 ratione
2370 385 2605 442 alienum
2638 399 2862 454 prorsus
2894 383 3170 447 auferens,
3205 393 3260 438 et
3285 397 3384 438 nos

131 505 270 570 δόξαν
293 499 428 553 Θεοῦ
454 498 828 568 πράττοντας,
877 495 1040 566 μέχρι
1077 491 1170 546 τοῦ
1195 491 1393 544 ἐσθίειν
1411 532 1428 557 ,
1475 489 1573 542 καὶ
1609 487 1704 542 τοῦ

135 597 310 655 πίνειν,
329 595 405 656 εἰς
430 591 593 656 δόξαν
613 589 754 642 Θεοῦ
785 587 1170 650 ἐπιτελοῦντας
1193 587 1282 640 διὰ
1307 586 1398 640 τὸν
1419 587 1588 653 Λόγον
1616 585 1708 638 καὶ

133 690 192 742 τά
219 684 656 756 κοινωνικώτερα
687 685 786 737 καὶ
827 682 1138 754 τελειότερα
1169 679 1263 734 τοῦ
1293 679 1410 750 βίου
1455 678 1612 750 ἔργα.
1646 679 1709 730 Εἰ

134 783 226 855 γὰρ
266 775 585 850 μετέχοντες
631 777 800 832 αὐτοῦ
828 775 1168 848 ἀνιστάμεθα
1210 775 1304 828 καὶ
1344 771 1708 844 φωτιζόμεθα,

135 873 258 944 τάχα
281 873 337 926 δὲ
357 873 457 926 καὶ
480 870 889 942 ποιμαινόμεθα
917 869 951 940 ἢ
978 865 1394 940 βασιλευόμεθα,
1426 864 1606 933 δῆλον,
1629 865 1712 917 ὅτι

136 966 218 1018 καὶ
247 963 448 1028 ὲνθέως
478 961 690 1030 λογικοὶ
731 959 1000 1032 γινόμεθα
1044 959 1111 1012 τὰ
1141 959 1200 1011 ὲν
1239 958 1374 1028 ἡμῖν
1416 954 1586 1022 άλογα
1617 951 1714 1006 καὶ

136 1061 223 1128 τὴν
264 1057 573 1127 νεκρότητα
622 1055 978 1123 ἀφανίζοντας
1003 1051 1169 1107 αὐτοῦ
1223 1049 1359 1105 καθὸ
1399 1049 1555 1118 λόγος
1597 1047 1714 1100 ἐστὶ

135 1152 222 1204 καὶ
251 1151 570 1212 ἀνάστασις.
617 1147 944 1218 Ἑπίστησον
970 1144 1028 1198 δὲ
1058 1145 1107 1197 εί
1143 1141 1431 1215 μετέχουσι
1477 1158 1594 1205 πως
1621 1141 1718 1194 αύ-

135 1243 222 1296 τοῦ
257 1243 460 1304 πάντες
483 1240 784 1312 ἄνθρωποι,
813 1238 950 1294 καθὸ
996 1237 1168 1306 Λόγος
1199 1235 1338 1290 ἐστί.
1383 1231 1583 1303 Διόπερ
1619 1231 1714 1303 ζη-

133 1333 339 1390 τεῖσθαι
368 1335 469 1387 οὐκ
506 1333 614 1400 ἔξω
635 1331 740 1386 τῶν
773 1330 1076 1403 ζητούντων
1092 1328 1196 1383 ὑπὸ
1215 1326 1324 1380 τῶν
1353 1325 1532 1398 εὑρεῖν
1555 1323 1716 1378 αὐτὸν

135 1426 579 1501 προαιρουμένων
611 1424 852 1478 διδάσκει
899 1424 1046 1493 ἡμᾶς
1084 1423 1113 1474 ό
1167 1416 1482 1480 Ἀπόστολος
1508 1415 1714 1484 λέγων’

133 1520 228 1587 Μὴ
255 1519 434 1587 siam;
461 1519 536 1571 ἐν
565 1517 642 1586 τῇ
673 1517 888 1586 καρδίῃ
909 1531 1054 1570 σου*
1089 1514 1185 1580 Τίς
1225 1511 1590 1577 ἀναϐήσεται
1632 1512 1720 1576 εἰς

132 1612 240 1667 τὸν
271 1612 573 1680 eiuras-(5r;
599 1608 875 1664 τουτέστι
912 1607 1172 1676 Χριστὸν
1223 1603 1606 1676 καταγαγεῖν·
1655 1603 1717 1671 ἢ,

1813 499 2126 557 prmparans
2159 482 2553 537 convenienter
2581 477 2799 532 veritati
2829 516 2844 539 ,
2885 475 3116 531 rationis
3163 475 3387 544 partici—

1813 592 1908 644 pes
1939 592 2080 640 esse,
2115 575 2293 630 omnia
2322 573 2446 626 vitae
2489 585 2652 638 opera
2681 579 2790 622 tum
2834 567 3095 638 vulgaria,
3128 578 3238 622 tum
3263 583 3389 637 per-

1812 668 2064 727 fectiora,
2091 676 2308 736 propter
2345 667 2488 720 hunc
2517 663 2689 732 Λόγον
2733 659 3158 734 [rationemque]
3187 661 3253 715 ad
3291 661 3386 716 Dei

1823 761 2054 832 gloriam
2087 767 2327 828 agentes,
2359 759 2492 813 adeo
2524 765 2581 812 ut
2605 756 2690 811 vel
2719 755 3096 810 manducando
3145 751 3257 826 Μ
3301 753 3388 808 vel

1811 857 2043 912 bibendo
2081 854 2266 924 gloriae
2301 853 2392 909 Dei
2433 855 2768 908 Studeamus.
2800 849 2931 906 Nam
2983 849 3026 904 si
3055 849 3231 919 ipsum
3261 861 3388 918 par-

1818 951 2107 1020 ticipantes
2161 947 2556 1003 resuscitamnr
2602 945 3104 1012 illumiuamurque,
3137 939 3389 996 fortassis

1820 1053 2000 1096 autem
2035 1043 2310 1110 pascitnur
2335 1039 2496 1092 etiam
2533 1037 2618 1092 vel
2645 1037 2903 1107 regimur,
2935 1037 3054 1102 quis
3079 1049 3182 1088 non
3209 1033 3391 1086 videat

1817 1134 2044 1188 rationis
2068 1147 2296 1201 capaces
2327 1146 2424 1185 nos
2469 1131 2728 1186 divinitus
2771 1129 2910 1184 cilici
2948 1129 3066 1198 ipso
3102 1125 3262 1198 Λόγῳ
3288 1125 3394 1180 hoc

1817 1237 1901 1282 est
1926 1225 2066 1281 Filio
2093 1226 2209 1290 Dei,
2239 1235 2405 1296 atque
2434 1226 2546 1295 ipsa
2598 1223 2828 1287 ratione,
2859 1230 3053 1275 cuncta
3085 1219 3137 1271 in
3165 1217 3324 1274 nobis
3358 1231 3389 1269 a

1819 1320 2031 1374 ratione
2063 1319 2264 1384 aliena,
2297 1329 2461 1390 atque
2509 1317 2984 1372 mortificationem
3023 1315 3214 1382 ipsam,
3258 1325 3395 1381 qua-

1822 1423 1985 1470 tenus
2019 1414 2160 1470 ratio
2201 1423 2284 1470 est
2322 1425 2376 1468 et
2405 1413 2758 1479 resurrectio,
2789 1408 3085 1466 abolente?
3128 1407 3394 1476 Quocirca

1823 1507 2034 1578 inspice
2091 1523 2158 1561 an
2210 1507 2613 1576 quodammodo
2660 1505 2868 1575 ipsius,
2921 1513 3191 1572 quatenus
3221 1499 3396 1568 Λόγος

1823 1597 1951 1670 [hoc
1980 1611 2064 1656 est
2091 1597 2258 1672 ratio]
2289 1609 2390 1661 est,
2433 1598 2727 1667 participes
2763 1596 2872 1652 sint
2899 1611 3090 1651 omnes
3123 1595 3393 1650 homines.

135 1706 228 1770 Τις
259 1702 666 1772 καταϐήσεται
698 1703 786 1766 εἱς
809 1698 924 1767 τὴν
951 1697 1264 1759 ἅϐυσσον;
1287 1693 1559 1750 τουτέστι
1584 1695 1718 1761 Χριο
1749 1737 1751 1744 .

1849 1699 2010 1758 taque
2051 1705 2175 1744 eum
2210 1689 2378 1758 quaeri
2416 1703 2521 1742 non
2565 1698 2716 1744 extra
2751 1701 2846 1742 eos
2873 1687 2962 1757 qui
3013 1696 3288 1755 quaerunt,
3327 1684 3397 1740 ab

128 1794 282 1848 στὸν
325 1795 397 1848 ἐκ
449 1792 687 1860 νεκρῶν
739 1791 1090 1860 ἀναγαγεῖν·
1143 1787 1305 1842 ἀλλὰ
1362 1787 1420 1838 τί
1467 1785 1630 1854 λέγει
1678 1785 1716 1854 ἡ

1847 1781 1891 1835 is
1922 1781 2014 1850 qui
2045 1796 2167 1835 eum
2201 1781 2446 1836 invenire
2468 1779 2821 1844 constituant,
2848 1794 2947 1833 nos
2977 1781 3136 1833 docet
3168 1774 3398 1849 Aposto«

127 1886 376 1957 Γίαφής
412 1887 628 1956 Ἐγγύς
660 1899 776 1940 σου
803 1884 871 1937 τὸ
898 1880 1063 1952 ῥῆμά
1087 1881 1218 1935 ἐστι
1253 1879 1490 1949 σφόδρα
1533 1879 1603 1932 ἐν
1641 1875 1722 1943 τῷ

1847 1891 1924 1938 us,
1960 1873 2148 1928 dicens
2186 1873 2231 1904 ⁸⁷
2267 1871 2391 1926 :Ne
2421 1873 2614 1927 dia-eris
2644 1873 2698 1924 in
2737 1872 2893 1926 corde
2914 1881 3030 1927 tuo:
3048 1872 3181 1938 Quis
3215 1888 3400 1928 ascen‘

123 1981 383 2050 στόματί
404 1995 548 2042 σου,
570 1980 670 2034 καί
703 1979 774 2033 ἐν
799 1975 878 2046 τῇ
901 1975 1117 2044 καρδίᾳ
1148 1989 1285 2036 σου,
1317 1975 1394 2037 ὡς
1417 1972 1511 2026 τοῦ
1554 1971 1721 2024 αὐτοῦ

1847 1966 1907 2018 let
1956 1965 2010 2018 in
2038 1963 2226 2018 malum
2257 1965 2280 2020 3’
2311 1965 2410 2018 hoc
2447 1973 2534 2017 est
2565 1961 2834 2016 Christum
2859 1978 2924 2016 ex
2951 1962 3059 2016 alto
3091 1963 3348 2018 deducere
3379 1981 3401 2030 ;

120 2074 277 2137 ὄντος
308 2071 559 2144 Χριστοῦ
595 2073 691 2125 καὶ
728 2071 974 2142 ῥήματος
1015 2067 1109 2122 τοῦ
1161 2065 1514 2137 ζητουμένου.
1565 2061 1726 2115 Ἀλλὰ

1847 2069 1938 2109 nu:
1967 2055 2099 2122 Quis
2126 2057 2400 2110 descendet
2425 2055 2479 2109 in
2503 2057 2749 2124 abyssum
2767 2054 2794 2106 7
2813 2055 2911 2110 hoc
2935 2065 3011 2110 est
3038 2054 3310 2110 Christum
3335 2073 3402 2111 ea:

118 2167 216 2220 καὶ
273 2167 371 2219 ὅτε
413 2163 584 2228 αὐτός
639 2179 803 2234 φησιν
850 2163 879 2215 ὀ
910 2160 1115 2232 Κύριος
1137 2173 1154 2190 ο
1185 2160 1255 2212 El
1277 2156 1362 2226 μὴ
1385 2151 1597 2226 ἦλθον,
1625 2151 1726 2206 καὶ

1847 2145 2050 2198 nortuis
2092 2147 2360 2200 reducere.
2391 2146 2496 2202 Sed
2535 2151 2659 2219 quid
2704 2149 2828 2202 dicit
2869 2147 3191 2214 Scriptura’
3231 2147 3404 2214 Prope

113 2257 414 2324 ἐλάλησα
442 2253 682 2319 αὐτοῖς,
729 2252 1025 2322 ἁμαρτίαν
1059 2251 1172 2303 οὐκ
1203 2243 1374 2316 εἶχον
1413 2244 1555 2316 (57)'
1609 2242 1728 2296 νῦν

1848 2252 1873 2286 e
1899 2236 2110 2288 verbum
2137 2246 2213 2288 est
2256 2237 2405 2292 valde
2450 2240 2504 2293 in
2533 2257 2621 2294 ore
2649 2252 2758 2304 tuo,
2786 2249 2835 2294 et
2867 2241 2920 2294 in
2945 2241 3101 2294 corde
3128 2250 3241 2304 tuo,
3279 2255 3402 2310 per-

111 2350 184 2401 (‘é
203 2320 535 2418 ,πρόφασιν
551 2349 664 2401 οὐκ
682 2320 896 2415 ἔχουσι
913 2341 1047 2411 περὶ
1065 2340 1177 2410 τῆς
1200 2338 1488 2410 ἁμαρτίας
1507 2333 1726 2400 αὐτῶν,

1851 2329 1956 2382 nde
2011 2345 2076 2385 ae
2109 2333 2152 2385 si
2197 2330 2313 2400 ipse
2354 2333 2600 2388 Christus
2643 2334 2805 2388 etiam
2834 2345 2981 2388 esset
3009 2333 3232 2388 verbum
3259 2333 3406 2402 quod
3460 2320 3470 2329 ’

107 2445 220 2496 οὐκ
249 2441 390 2497 ἄλλο
417 2440 641 2511 venri-50v
666 2439 700 2509 ἢ
729 2439 812 2492 ὅτι
838 2440 867 2492 ὁ
888 2437 1044 2505 λόγος
1067 2435 1230 2508 φησὶν
1257 2427 1339 2496 οἷς
1363 2430 1573 2485 οὐδέπω
1597 2447 1730 2500 συμ-

1847 2423 2110 2490 pneritur.
2157 2423 2296 2489 Quin
2320 2427 2486 2480 etiam
2519 2426 2735 2494 quando
2779 2425 2890 2493 ipse
2922 2423 3178 2480 Dominus
3227 2425 3404 2494 loqui-

109 2535 521 2606 πεπλήρωται,
565 2533 641 2606 μὴ
675 2527 815 2585 εἶναι
841 2528 1136 2602 ἁμαρτίαν,
1175 2525 1396 2588 τούτους
1429 2524 1488 2578 δὲ
1513 2522 1730 2592 ἐνόχους

1847 2529 1918 2566 .ur
1951 2512 1998 2544 ⁸⁸
2029 2529 2042 2567 :
2076 2511 2204 2568 Nisi
2233 2521 2510 2582 venissem,
2540 2529 2588 2574 et
2627 2518 2834 2572 locutus
2856 2517 3072 2587 fuissem
3100 2517 3194 2580 eis,
3223 2531 3408 2576 pecca-

111 2631 301 2700 αὖτῆς
359 2627 658 2699 τυγχάνειν
679 2665 694 2688 ,
745 2625 795 2678 οἳ
838 2623 904 2677 ἂν
967 2619 1365 2694 μετεσχηκότες
1405 2617 1508 2689 ἠδη
1564 2613 1729 2669 αὑτοῦ

1847 2618 1946 2658 tum
2001 2624 2110 2662 non
2154 2609 2448 2674 haberent;
2474 2625 2612 2663 nunc
2667 2620 2843 2663 autent
2887 2624 2990 2661 non
3033 2608 3225 2662 habent
3267 2609 3407 2680 quod

111 2690 606 2796 πράττωσι
637 2718 735 2781 τὰς
770 2690 980 2780 ἐννοίας
1000 2715 1098 2778 τὰς
1119 2690 1289 2780 εξνῶν
1330 2707 1485 2773 οὗτος
1516 2709 1572 2761 ἐν
1599 2709 1731 2779 ἡμῖν

1847 2707 2126 2754 παιρπαηι
2174 2713 2387 2772 peccato
2432 2719 2566 2768 suo;
2615 2702 2746 2757 nihil
2797 2690 2942 2756 aliud
3001 2701 3406 2772 intelligendum

117 2788 589 2887 συμπληροῦται,
622 2811 717 2866 καὶ
757 2810 932 2880 μόνως
975 2807 1145 2871 οὕτως
1182 2804 1380 2877 ἀληθὲς
1424 2803 1510 2856 τό·
1536 2803 1577 2853 Ε
1585 2803 1604 2854 ἱ
1643 2799 1730 2869 μὴ

1847 2800 1917 2846 est
1980 2788 2140 2862 λόγον
2199 2792 2327 2864 [hoc
2393 2803 2478 2850 est
2530 2791 2818 2865 rationem]
2869 2794 3052 2849 dicere
3103 2809 3264 2859 quam
3316 2809 3411 2848 eos

116 2881 490 2976 ﬁliive-,"xai
521 2903 802 2979 ἐλάλησα
820 2899 1052 2966 αὐτοῖς,
1079 2899 1373 2970 ἁμαρτίαν
1398 2899 1509 2954 οὐκ
1543 2888 1729 2964 εἶχον.

1847 2881 2035 2950 quibus
2073 2884 2308 2940 nondum
2363 2882 2524 2955 λόγος
2560 2885 2639 2960 [id
2686 2895 2768 2942 est
2807 2884 2969 2958 ratio]
3002 2885 3270 2956 completa
3301 2899 3407 2952 est,

120 3003 270 3074 Φέρε
296 3001 415 3072 γὰρ
443 3000 539 3054 ἐπὶ
574 2977 750 3070 Ἰηοοῦ
783 2994 880 3050 τοῦ
905 2993 1122 3067 ὁρατοῦ,
1138 2993 1215 3057 ὡς
1241 2994 1290 3046 οἱ
1311 2990 1496 3047 πολλοὶ
1519 2991 1731 3063 οἰήσον-

1847 2986 2118 3044 peccatum
2171 2992 2278 3032 non
2325 2977 2557 3044 habere,
2608 2979 2704 3034 sed
2747 2977 2866 3034 illos
2921 2987 3131 3033 tantum
3183 2989 3411 3050 peccato

123 3069 248 3155 ται,
302 3069 455 3146 τωῦτ’
487 3069 854 3156 ἐξεταζέσθω,
910 3085 1028 3150 πῶς
1057 3085 1114 3138 δὲ
1165 3083 1365 3154 ἀληθὲς
1395 3081 1458 3136 τὸ
1495 3081 1570 3154 μὴ
1592 3081 1736 3152 ἔχειν

1847 3069 2107 3124 obnoxios
2133 3084 2254 3124 esse
2298 3071 2388 3140 qui
2420 3069 2716 3140 participes
2745 3070 2921 3128 effecti
2969 3072 3081 3143 jam
3122 3073 3294 3141 ipsius
3321 3088 3414 3128 ra-

127 3185 425 3258 ἁμαρτίαν
465 3184 691 3248 τούτους
727 3178 809 3246 οἷς
843 3181 944 3236 οὐκ
987 3179 1242 3250 ἐλήλυθε;
1281 3177 1490 3241 Πάντες
1529 3175 1638 3247 γάρ
1686 3176 1736 3228 οἱ

1847 3161 2026 3224 tionis,
2061 3169 2230 3238 agunt
2265 3169 2465 3230 praeter
2503 3161 2764 3227 rationes,
2796 3177 2862 3216 ex
2898 3164 3096 3233 quibus
3127 3165 3242 3220 haec
3269 3165 3413 3220 ratio

129 3276 247 3346 πρὸ
275 3275 386 3346 τῆς
423 3273 722 3345 ἐπιδημίας
763 3271 859 3326 τοῦ
907 3269 1160 3342 Σωτῆρος
1191 3268 1404 3322 ἔσονται
1463 3266 1738 3338 ἁμαρτίας

138 3369 334 3437 πάσης
366 3365 779 3437 ἀπολελυμένοι,
817 3364 941 3418 ἐπεὶ
964 3363 1063 3417 οὐκ
1091 3361 1339 3433 ἐληλύθει
1360 3363 1388 3414 ὁ
1409 3360 1740 3433 βλεπόμενος

141 3463 292 3517 κατᾶ
315 3464 496 3534 σάρκα
543 3459 772 3534 Ἰησοῦς.
816 3457 976 3512 Ἀλλὰ
1021 3457 1116 3511 καὶ
1147 3456 1348 3520 πάντες
1377 3449 1459 3519 οἷς
1488 3453 1741 3525 οὐδαμῶς

145 3552 426 3624 ἀνηγγέλη
448 3551 578 3622 περὶ
600 3549 790 3614 αὐτοῦ,
811 3549 911 3620 οὐχ
940 3547 1148 3613 ἕξουσιν
1175 3546 1472 3619 ἁμαρτίαν.
1509 3545 1618 3598 Καὶ
1643 3545 1740 3615 δῆ-

150 3644 266 3711 λον,
287 3647 372 3700 ὅτι
395 3647 442 3698 oi
480 3645 556 3716 μὴ
580 3644 798 3714 ἔχοντες
825 3640 1101 3712 ἁμαρτίαν
1129 3641 1308 3711 κρίσει
1358 3640 1458 3711 οὐχ
1489 3638 1742 3692 ὑπόκειν-

156 3753 264 3790 ται.
297 3737 464 3803 Λόγος
493 3735 550 3788 δὲ
576 3737 606 3788 ὁ
631 3736 691 3787 ὲν
716 3730 1042 3803 ἀνθρώποις,
1076 3722 1137 3782 οὗ
1165 3729 1412 3800 μετέχειν
1439 3728 1742 3800 εἰρήκαμεν

159 3828 218 3881 τὺ
248 3830 403 3896 γένος
425 3827 606 3900 ἡμῶν,
629 3826 793 3897 διχῶς
818 3824 1066 3893 λέγεταιο
1116 3822 1234 3893 ἦτοι
1277 3820 1419 3876 κατὰ
1457 3821 1558 3891 τὴν
1603 3836 1742 3891 συμ-

163 3923 438 3994 πλήρωσιν
462 3920 573 3974 τῶν
603 3917 846 3982 ἐννοιῶν,
875 3916 998 3988 ἥτις
1020 3917 1078 3968 ὲν
1125 3914 1289 3968 παντὶ
1323 3911 1402 3983 τῷ
1435 3911 1744 3982 ὑπερϐεϐη-

165 4020 279 4074 κότι
305 4020 394 4074 τὸν
434 4013 606 4070 παῖδα
633 4010 917 4082 τυγχάνει,
949 4000 1428 4078 ὑπεξαιρουμὲνων
1449 4002 1558 4057 τῶν
1585 4002 1746 4075 τερά-

167 4130 301 4168 των⁸
339 4111 374 4183 ἦ
414 4107 564 4165 κατὰ
599 4105 698 4177 τὴν
741 4101 1054 4174 ἀκρότητα,
1075 4100 1198 4168 ἥτις
1215 4099 1274 4150 ἐν
1307 4095 1489 4167 μόνοις
1515 4096 1628 4158 τοῖς
1660 4109 1746 4146 τε-

167 4205 324 4270 λείοις
351 4203 696 4276 εὑρίσκεται.
731 4194 893 4250 Κατὰ
922 4195 1020 4268 μὲν
1041 4189 1133 4248 οὖν
1165 4192 1227 4246 τὸ
1249 4191 1514 4264 πρότερον
1548 4190 1608 4244 τὸ
1629 4229 1642 4251 ,
1675 4191 1746 4243 El

174 4297 246 4366 μὴ
273 4295 490 4367 ἦλθον,
539 4295 638 4349 καὶ
681 4291 961 4361 ἐλάλησα
1007 4288 1211 4354 αὐτοῖς
1229 4327 1244 4350 ,
1305 4285 1598 4356 ἁμαρτίαν
1634 4285 1745 4338 οὐκ

173 4387 363 4461 εἶχον-⁷
403 4389 527 4443 νῦν
571 4387 642 4440 δὲ
684 4386 991 4456 πρόφασιν
1034 4384 1147 4438 οὐκ
1189 4381 1404 4449 ἔχουσι
1449 4376 1582 4447 περὶ
1636 4374 1746 4444 τῆς

1843 3251 1896 3304 in
1922 3249 2080 3304 nobis
2101 3245 2426 3319 completur,
2463 3250 2516 3304 in
2547 3265 2706 3318 quem
2736 3267 2956 3306 sensum
2984 3262 3194 3308 tantum
3224 3269 3412 3312 verum

1840 3349 1928 3398 est
1980 3340 2112 3396 illud
2146 3359 2163 3398 :
2197 3339 2321 3395 Nisi
2371 3342 2624 3396 venissem
2649 3381 2667 3407 ,
2703 3350 2755 3396 et
2801 3341 3005 3396 locutus
3043 3343 3262 3414 fuissem
3297 3348 3372 3401 eis
3395 3389 3412 3413 ,

1840 3447 2114 3504 peccatum
2142 3451 2247 3488 non
2267 3434 2542 3488 haberent.
2567 3435 2680 3503 Age
2719 3430 2863 3490 enim
2899 3436 2966 3491 de
2997 3435 3126 3492 Iesu
3166 3449 3418 3506 aspecta-

1841 3528 1958 3594 bili,
2005 3538 2064 3584 ut
2105 3527 2358 3598 vulgares
2411 3527 2826 3594 existimabunt,
2885 3529 2990 3584 hoc
3035 3533 3418 3600 expendatur,

1843 3621 2116 3689 quomodo
2156 3619 2270 3690 jam
2306 3634 2496 3674 verum
2527 3620 2600 3675 sit
2625 3635 2740 3687 eos,
2774 3621 2837 3676 ad
2881 3635 3019 3690 quos
3048 3637 3157 3677 non
3183 3623 3414 3691 venerit,

1843 3731 1950 3768 non
2002 3713 2204 3769 habere
2251 3723 2555 3782 peccatum.
2589 3713 2834 3783 Namque
2863 3729 3054 3771 omnes
3093 3716 3186 3786 qui
3218 3714 3420 3770 fuerint

1845 3817 1973 3861 ante
2015 3805 2323 3862 Servatoris
2374 3807 2690 3868 adventum,
2738 3805 2808 3860 ab
2845 3807 2998 3860 omni
3045 3815 3270 3877 peccato
3312 3807 3419 3861 im-

1845 3913 2036 3955 munes
2063 3897 2228 3952 futuri
2257 3906 2401 3963 sunt,
2440 3895 2697 3967 quoniam
2736 3911 2840 3949 non
2872 3898 3082 3952 venerit
3111 3897 3418 3968 aspectabi-

1845 3995 1910 4050 lis
1949 3993 2103 4064 juxta
2143 4006 2362 4046 carnem
2394 3989 2574 4046 Jesus.
2603 3989 2744 4057 Quin
2772 3991 2938 4045 etiam
2975 4005 3168 4046 omnes
3223 3991 3422 4062 quibus

1845 4087 1914 4140 de
1951 4098 2018 4138 eo
2053 4082 2360 4136 nuntiatum
2393 4095 2498 4136 nou
2532 4080 2718 4146 fuerit,
2764 4091 3046 4151 peccatum
3095 4097 3198 4136 non
3253 4081 3423 4137 habe-

1847 4177 2006 4230 bunt.
2042 4173 2196 4229 [inde
2222 4187 2410 4242 aperte
2459 4173 2706 4242 sequitur
2756 4174 2920 4228 etiam
2973 4183 3257 4243 peccatum
3311 4188 3419 4226 non

1847 4269 2110 4323 habentes
2137 4253 2168 4328 ,’
2205 4266 2641 4322 condemnatioui
2687 4282 2792 4322 non
2842 4266 3060 4337 subjici.
3132 4267 3204 4321 At
3264 4263 3424 4334 λόγος

1851 4356 1927 4434 [id
1971 4367 2054 4414 est
2085 4357 2246 4430 ratio]
2279 4373 2398 4428 quae
2425 4367 2509 4414 est
2557 4359 2610 4413 in
2641 4359 2978 4426 hominibus,
3017 4358 3178 4428 cujus
3197 4357 3422 4426 partici-

177 4435 451 4556 35mm
497 4435 1377 4548 τά-ρτγτὰψεκλεκντέον·
1431 4435 1571 4524 κατὰ
1594 4467 1652 4522 δὲ

1851 4474 1980 4528 pare
2003 4473 2177 4530 genus
2209 4465 2454 4508 nostrum
2487 4453 2744 4514 diximus,
2779 4449 3031 4504 bifariam
3071 4449 3309 4512 dicitur;
3339 4449 3426 4501 vel

179 4580 439 4650 δεύτερον,
467 4575 701 4640 Πάντες
747 4572 882 4626 ὅσοι
934 4568 1047 4638 πρὸ
1085 4567 1226 4638 ἐμοῦ
1252 4561 1444 4638 ἦλθον
1493 4559 1744 4650 κλέπται

181 4671 286 4726 εἱσι
306 4648 341 4726 ξ
369 4669 469 4723 καὶ
513 4665 738 4735 λῃσταὶ
762 4704 778 4728 ,
823 4661 922 4716 καὶ
972 4660 1084 4714 οὐκ
1122 4655 1400 4726 ἤκουσαν
1439 4650 1638 4708 αὐτῶν
1674 4648 1748 4703 τὰ

187 4765 450 4834 πρόϐατα.
483 4759 603 4829 Πρὸ
636 4757 747 4830 γὰρ
767 4755 865 4826 τῆς
889 4749 1218 4812 τελειώσεως
1249 4745 1343 4800 τού
1373 4745 1532 4814 λόγου
1575 4743 1756 4797 πάντα

186 4856 346 4928 ψεκτὰ
385 4853 456 4908 τὰ
507 4855 569 4906 ὲν
621 4847 932 4921 ἀνθρώποις
961 4886 978 4910 ς
1029 4845 1126 4898 ἅτε
1179 4840 1330 4911 ἐνδεῆ
1379 4839 1474 4892 καὶ
1521 4835 1711 4906 έλλιπῆ
1739 4874 1754 4900 ν

188 4945 258 5014 οξ
281 4947 502 5010 τελείως
543 4945 645 5014 οὐχ
677 4939 944 4997 ὑπακούει
981 4936 1049 4990 τὰ
1087 4937 1145 4988 ὲν
1187 4935 1318 5004 ἡμῖν
1359 4930 1563 4999 ἄλογα,
1617 4927 1751 4998 πρό-

191 5044 316 5098 ϐατα
353 5037 761 5112 τροπικὼτερον
799 5029 1082 5104 εἰρημένα.
1131 5027 1239 5080 Καὶ
1283 5025 1422 5095 τάχα
1467 5021 1610 5076 κατὰ
1651 5019 1750 5090 μὲν

193 5136 247 5190 τὸ
286 5133 578 5204 πρότερον,
627 5130 658 5182 ὁ
699 5127 858 5194 λόγος
906 5122 1040 5194 σὰρξ
1091 5119 1304 5188 ἐγένετο
1329 5134 1342 5146 ο
1393 5115 1533 5169 κατὰ
1578 5113 1635 5166 δὲ
1690 5112 1752 5166 τὸ

195 5229 443 5300 δεύτερον,
477 5223 612 5287 Θεὸς
649 5217 719 5292 ἦν
746 5223 776 5274 ό
804 5218 980 5286 λόγος.
1015 5214 1200 5284 Τούτῳ
1231 5213 1275 5264 δ’
1303 5208 1593 5264 ἀκόλουθόν
1637 5209 1754 5261 ἐστι.

199 5323 358 5395 ζητεῖν
383 5321 500 5375 ἐστι
523 5314 728 5390 μεταξὺ
751 5312 847 5369 τοῦ
873 5310 1007 5380 (58),
1045 5311 1098 5364 '0
1118 5309 1310 5376 Λόγος
1325 5302 1486 5395 σὰρξ
1500 5300 1756 5395 erigat-0,

201 5386 282 5468 iit
309 5411 444 5477 Θεὸς
459 5386 538 5480 ἦν
559 5411 594 5463 ὀ
626 5407 842 5476 Λόγος,
868 5403 926 5456 ὲν
957 5401 1068 5463 τοῖς
1097 5395 1458 5468 ἀνθρωπίνοις
1477 5392 1626 5456 ἰδεῖν,
1647 5386 1759 5444 οἷον

201 5499 718 5574 ἀναστοιχειουμὲνου
747 5495 847 5550 τοῦ
878 5493 1050 5562 Λόγου
1077 5489 1184 5544 ἀπὸ
1210 5485 1306 5542 τοῦ
1349 5483 1628 5556 γεγονέναι
1661 5482 1726 5536 αὐ
1743 5511 1760 5524 -

265 5624 302 5656 ⁸⁷
327 5623 472 5678 Rom.
500 5639 558 5684 ι.
589 5617 704 5674 6η8.

269 5737 359 5808 (57)
390 5734 601 5808 Εἶχον.
665 5731 764 5787 Sic
816 5727 984 5784 codex
1037 5723 1388 5790 Bodleianus;
1441 5719 1645 5792 Regius
1688 5726 1742 5774 et

209 5807 518 5876 Barbationis,
549 5807 797 5874 εἴχοσαν.

787 5614 834 5647 ⁸⁸
857 5610 1014 5668 Joan.
1047 5625 1138 5674 xv,
1164 5607 1257 5662 22.
1318 5605 1363 5638 "°
1393 5603 1548 5658 Joan.
1580 5619 1634 5665 ι,
1657 5602 1713 5657 8.

1846 4551 2001 4622 juxta
2049 4549 2537 4620 complementum,
2575 4545 2717 4616 quod
2745 4545 2890 4600 omni
2941 4545 3082 4596 inest
3112 4540 3208 4611 qui
3245 4539 3430 4610 pueri-

1854 4643 1958 4696 lem
2013 4640 2346 4696 transcendit
2401 4649 2658 4700 aetatem,
2703 4633 2958 4690 detractis
3009 4631 3301 4703 prodigiis;
3343 4629 3428 4686 vel

1851 4733 2007 4805 juxta
2042 4747 2308 4786 summam
2339 4729 2753 4801 perfectionem,
2783 4740 2903 4796 quae
2934 4723 2988 4778 in
3010 4723 3142 4777 solis
3170 4721 3427 4791 perfectis

1860 4827 2154 4881 invenitur.
2180 4826 2363 4896 Itaque
2379 4824 2535 4896 juxta
2573 4823 2808 4894 priorem
2832 4836 3052 4876 sensum
3087 4816 3432 4887 intelligenda

1857 4927 1982 4972 sunt
2021 4919 2133 4971 haec
2163 4917 2325 4971 verba
2360 4934 2373 4970 :
2411 4915 2536 4968 Nisi
2573 4914 2844 4977 venissem,
2883 4922 2931 4966 et
2965 4911 3173 4964 locutus
3209 4908 3431 4978 fuissem

1859 5012 1962 5075 eis,
1993 5021 2265 5079 peccatum
2297 5025 2401 5064 non
2421 5011 2670 5064 haberent
2703 5022 2725 5062 :
2746 5007 2902 5077 juxta
2935 5004 3235 5060 secundum
3259 5015 3428 5056 vero:

1863 5104 2080 5167 Omnes,
2117 5112 2372 5174 quotquot
2423 5114 2544 5157 ante
2575 5119 2654 5156 me
2690 5110 2938 5156 venerunt
2965 5141 2980 5164 ,
3017 5100 3162 5168 fures
3209 5103 3332 5151 sunt
3380 5098 3433 5144 et

1859 5199 2112 5262 latrones,
2134 5205 2185 5250 et
2206 5213 2312 5250 non
2339 5196 2620 5253 audierunt
2647 5210 2735 5248 eos
2759 5210 2876 5247 oves
2893 5193 2958 5246 “.
2981 5192 3113 5246 Nam
3142 5199 3430 5256 antequam

1859 5293 2176 5364 perficiatur
2207 5290 2371 5354 ratio,
2397 5291 2577 5344 omnia
2600 5301 2720 5356 quae
2754 5286 2940 5340 insunt
2982 5281 3316 5345 hominibus,
3345 5279 3431 5330 vi-

1869 5386 2188 5458 tuperabilis
2219 5397 2366 5454 sunt,
2399 5387 2528 5456 quia
2573 5384 2682 5438 sint
2735 5383 2918 5452 indiga
2940 5421 2955 5444 ,
3009 5388 3062 5434 et
3092 5373 3430 5444 imperfecta.

1865 5480 2062 5550 quibus
2089 5479 2256 5555 etiam
2304 5477 2546 5548 perfecte
2592 5491 2697 5530 non
2743 5474 3121 5542 obtemperant
3163 5479 3226 5518 ea
3253 5501 3270 5528 ,
3313 5475 3434 5530 qua:

1921 5707 2420 5784 (58)_Zﬂt€tt‘uéqt-t
2445 5701 2964 5784 jisra5b’roﬁ._etc.
2995 5696 3134 5768 Lege
3157 5706 3279 5750 cunt
3299 5689 3432 5748 Fer-

1869 5771 2222 5851 ιἰιὶίόζητεῖν
2245 5777 2358 5830 εἴτί
2382 5771 2496 5828 ἐστι
2527 5772 2728 5844 μεταξὺ
2755 5771 2869 5833 τοῦ,
2892 5779 2994 5825 etc.
