3792 6146
389 315 460 373 99
1836 313 1966 372 ORll

2129 314 2160 371 Ξ
3548 325 3659 380 100

388 446 516 492 sunt
565 437 620 490 in
675 433 830 490 nobis
872 434 1082 490 ratione
1132 434 1423 501 carentia,
1475 435 1686 504 tropice
1713 449 1844 491 oves
1874 436 1956 489 di-

2129 454 2149 490 ν
2170 436 2368 508 σάρκα,
2394 437 2488 491 καὶ
2519 437 2660 491 κατὰ
2694 436 2869 510 βραχὺ
2896 440 3316 513 λεπτυνομένου,
3354 443 3459 509 ἕως
3489 447 3658 518 γένη-

386 538 496 583 cla.
556 528 635 583 Ac
682 525 918 582 fortasse
970 526 1125 596 juxta
1180 529 1414 598 primum
1464 542 1683 581 sensum
1718 567 1734 593 ,
1787 527 1959 596 Λόγος

2129 550 2152 585 ,ι
2179 532 2315 603 ὅπερ
2351 532 2461 603 (59)
2494 528 2562 604 ἦν
2591 534 2649 586 ἐν
2676 535 2817 605 ἀρχῇ
2843 534 2973 597 Θεὸς
2995 534 3166 603 Λόγος
3196 537 3225 589 6
3249 538 3385 608 πρὸς
3417 538 3512 591 τὸν
3546 541 3661 593 Πα-

387 620 466 693 [id
527 628 612 675 est
668 617 829 691 ratio]
884 617 1027 673 facta
1085 626 1170 674 est
1219 632 1389 685 caro;
1449 618 1605 688 juxta
1661 620 1954 674 secundum

2129 640 2215 695 ρα,
2251 619 2311 679 οῦ
2338 626 2512 694 Λόγου
2551 625 2649 697 τὴν
2674 625 2831 693 δόξαν
2883 623 3022 680 εἶδεν
3056 628 3086 680 6
3124 628 3404 701 Ἰωάννης,
3434 630 3659 702 ἀληθῶς

383 712 494 788 45
520 727 672 779 vero,
710 711 851 766 Deus
882 721 998 765 erat
1029 710 1119 765 ille
1149 709 1321 778 Λόγος
1369 708 1498 781 [hoc
1526 721 1611 765 est
1640 709 1729 764 illa
1769 709 1957 783 ratio].

396 807 534 862 Huic
584 814 766 860 autem
794 817 1137 873 consequens
1170 810 1254 858 est
1293 816 1541 871 quaerere
1572 818 1699 857 num
1728 817 1960 859 cernere

384 897 658 966 possimus
689 893 925 949 medium
962 891 1184 962 aliquod
1220 892 1273 946 in
1306 891 1623 946 hominibus
1650 892 1794 946 inter
1821 893 1961 948 banc

386 988 733 1058 particulam,
768 983 909 1037 ratio
955 980 1101 1050 facta
1144 991 1221 1036 est
1261 997 1386 1034 caro
1414 980 1483 1046 5°,
1515 987 1570 1034 et
1612 981 1755 1035 inter
1797 981 1958 1046 banc,

383 1082 525 1135 Deus
559 1088 675 1134 erat
718 1076 815 1133 illa
848 1079 986 1132 ratio
1027 1076 1098 1140 ⁵⁸,
1134 1074 1389 1130 videlicet
1425 1074 1840 1140 reelementata,
1874 1084 1960 1130 at-

383 1187 489 1241 que
520 1172 573 1225 in
608 1171 752 1226 idem
778 1171 1045 1225 redeunte
1066 1167 1278 1221 ratione
1306 1166 1421 1229 illa,
1449 1177 1737 1236 postquam
1772 1166 1958 1222 fuerat

387 1263 528 1316 facta
586 1277 715 1316 caro
762 1262 1028 1329 tantisper
1077 1258 1305 1313 inferior
1360 1258 1523 1322 facta,
1564 1260 1737 1314 donec
1781 1259 1955 1328 ﬁeret,

381 1354 525 1422 quod
556 1362 677 1407 erat
705 1352 758 1405 in
789 1352 1055 1421 principio
1084 1349 1263 1423 [apud
1302 1351 1466 1404 Deum
1508 1351 1652 1405 Dens
1679 1352 1872 1420 Λόγος,
1906 1351 1959 1405 id

380 1443 498 1516 est]
534 1445 674 1499 ratio
707 1444 796 1499 illa
827 1446 965 1515 apud
1000 1442 1214 1499 Patrem
1242 1461 1256 1497 :
1287 1444 1442 1512 cujus
1472 1444 1647 1513 Λόγου
1702 1442 1797 1516 [et
1835 1444 1955 1498 Filii

382 1536 516 1610 Dei]
556 1539 782 1605 gloriam
812 1539 948 1592 vidit
986 1536 1225 1594 Joannes
1262 1553 1389 1590 vere
1436 1535 1737 1607 Unigeniti,
1787 1537 1955 1592 veluti

336 1694 340 1698 ,
379 1647 411 1685 a
441 1631 604 1686 Patre
639 1631 710 1685 ".
744 1630 929 1686 Potest
961 1641 1143 1686 autem
1177 1629 1346 1684 Filius
1385 1631 1552 1684 etiam
1596 1645 1780 1687 sermo
1815 1646 1953 1697 esse,

2062 714 2417 782 Μονογενοῦς,
2455 715 2530 778 ὡς
2557 715 2665 768 ἀπὸ
2694 716 2926 786 Πατρός.
2960 716 3189 771 Δύναται
3216 718 3273 772 δὲ
3296 722 3390 774 καὶ
3415 724 3443 775 6
3484 720 3661 790 Λόγος

2063 806 2188 871 Υἱὸς
2208 803 2346 862 εἶναι
2382 807 2535 881 παρὰ
2564 806 2641 879 τῷ
2669 808 3034 877 ἀπαγγέλλειν
3067 810 3137 864 τὰ
3161 811 3366 884 κρύφια
3392 813 3491 867 τοῦ
3544 814 3660 868 Πα-

2061 896 2186 970 τρὸς
2210 899 2439 963 ἐκείνου,
2477 898 2738 967 ἀνάλογον
2762 899 2840 970 τῷ
2866 900 3184 974 καλουμένῳ
3215 903 3329 974 Υἱῷ
3365 906 3528 977 Λόγῳ
3559 905 3655 960 νοῦ

2059 988 2436 1056 τυγχάνοντος.
2484 990 2570 1053 Ὠς
2589 989 2699 1062 γὰρ
2728 992 2758 1043 6
2783 990 2912 1062 nap.’
2945 994 3075 1063 ἡμῖν
3095 993 3252 1062 λόγος
3268 996 3503 1064 ἄγγελός
3535 998 3656 1052 ἐστι

2059 1077 2167 1133 τῶν
2197 1080 2301 1132 ὑπὸ
2328 1078 2421 1132 τοῦ
2447 1079 2539 1134 νοῦ
2572 1081 2885 1152 ὁρωμένων,
2918 1083 3090 1149 οὓτως
3129 1088 3158 1138 6
3184 1086 3277 1140 τοῦ
3304 1087 3438 1142 Θεοῦ
3478 1089 3656 1157 Λόγος

2060 1169 2314 1236 ἐγνωκὼς
2337 1171 2429 1225 τὸν
2462 1172 2681 1243 Πατέρα
2738 1171 2972 1241 (οὐδενὸς
3002 1175 3110 1230 τῶν
3137 1179 3381 1249 γενητῶν
3408 1181 3656 1253 προσϐα-

2058 1260 2167 1316 λεῖν
2197 1261 2346 1332 αὐτῷ
2383 1265 2551 1335 χωρίς
2572 1264 2766 1336 ὁδηγοῦ
2794 1265 3139 1339 δυναμένου),
3182 1271 3562 1326 ἀποκαλύπτει
3595 1274 3653 1327 ὃν

2058 1352 2200 1421 ἔγνω
2233 1355 2472 1426 Πατέρα.
2509 1356 2698 1420 Οὐδεὶς
2725 1356 2834 1429 γὰρ
2878 1358 3019 1427 ἔγνω
3065 1360 3155 1413 τὸν
3185 1361 3403 1434 Πατέρα
3428 1365 3482 1416 εἰ
3519 1364 3595 1436 μὴ
3623 1368 3654 1418 6

2058 1442 2204 1507 Υἱὸς,
2236 1444 2330 1498 καὶ
2352 1439 2396 1512 ᾧ
2425 1444 2491 1499 ἂν
2512 1445 2641 1509 Υἱὸς
2672 1446 3023 1521 ἀποκαλύψῃ,
3052 1450 3144 1502 καὶ
3160 1451 3295 1504 καθὸ
3322 1454 3498 1521 Λόγος
3513 1454 3650 1518 ἐστὶ,

2051 1533 2322 1604 μεγάλης
2348 1535 2864 1606 τυγχάνειβουλῆς
2892 1537 3147 1609 ἄγγελος
3173 1540 3267 1607 ὢν,
3297 1539 3358 1597 οῦ
3384 1542 3650 1613 ἐγενήθη

2057 1631 2095 1696 ἡ
2138 1627 2294 1697 ἁρχὴ
2327 1628 2425 1681 ἐπὶ
2452 1629 2559 1683 τοῦ
2597 1629 2758 1699 ὤμου
2804 1631 3011 1685 αὐτοῦ·
3049 1633 3364 1688 ἐϐασίλευσε
3390 1636 3508 1707 γὰρ
3563 1634 3650 1691 διὰ

342 1702 446 1781 >eo
498 1726 644 1795 quod
693 1725 969 1779 renuntiet
1017 1721 1234 1777 occulta
1279 1720 1461 1776 Patris
1505 1722 1614 1789 sui,
1658 1722 1748 1790 qui
1804 1737 1955 1777 mens

2129 1718 2149 1771 5
2183 1720 2508 1774 πεπονθέναι
2535 1721 2626 1776 τὸν
2661 1725 2910 1796 σταυρόν.
2953 1726 3042 1780 Ἐν
3059 1727 3116 1780 δὲ
3143 1730 3210 1799 τῇ
3247 1702 3649 1798 Ἀποκαᾷύψα

376 1792 592 1874 exsistit
645 1818 876 1889 perinde
914 1825 1079 1885 atque
1108 1814 1303 1878 Filius,
1346 1814 1436 1883 qui
1472 1823 1697 1868 vocatur
1735 1813 1950 1868 Sermo.

2129 1815 2147 1865 l.
2193 1812 2385 1867 λευκοῦ
2417 1815 2586 1869 ἵππου
2617 1792 2945 1883 καθέζεσθαι
2986 1792 3210 1890 λέγεταί
3246 1820 3401 1889 λόγος
3453 1792 3649 1885 πιστὸς

383 1911 449 1966 Ut
479 1910 622 1965 enim
653 1912 798 1987 apud
823 1924 922 1963 nos
945 1922 1127 1963 sermo
1155 1906 1380 1983 nuntius
1416 1917 1501 1959 est
1531 1920 1723 1960 earum
1770 1920 1950 1960 rerum

376 2018 493 2071 qua:
518 2020 544 2056 a
581 2010 764 2056 mente
789 2008 1108 2065 cernuntur,
1140 1999 1220 2053 sic
1248 1997 1337 2052 ille
1362 1997 1457 2052 Dei
1486 1998 1702 2063 Sermo,
1730 1998 1823 2067 qui
1847 1995 1952 2049 Pa-

379 2106 515 2148 trem
565 2093 786 2164 agnovit
841 2091 1084 2163 (nemine
1145 2089 1348 2159 alioqui
1394 2090 1703 2144 mortalium
1748 2093 1954 2158 absque

376 2189 515 2240 duce
553 2186 606 2239 in
644 2199 767 2238 eum
813 2184 1097 2239 intendere
1139 2181 1409 2249 valente),
1454 2181 1670 2237 Patrem
1709 2186 1951 2253 agnitum

375 2278 602 2332 revelat.
646 2275 838 2331 Nullus
874 2276 1018 2330 enim
1071 2276 1291 2345 agnovit
1336 2275 1553 2329 Patrem
1607 2277 1710 2331 nisi
1756 2276 1950 2343 Filius,

375 2380 473 2425 aut
531 2369 622 2425 ille
671 2369 759 2424 cui
812 2367 983 2423 Filius
1042 2368 1310 2424 revelabit
1365 2367 1434 2434 ⁸³,
1483 2377 1537 2423 et
1584 2369 1635 2423 in
1689 2381 1951 2439 quantum

386 2461 582 2516 Sermo
631 2469 734 2524 est,
777 2460 957 2530 magni
1006 2458 1198 2513 existit
1241 2457 1451 2511 consilii
1488 2455 1766 2511 Nuntius:
1799 2459 1951 2528 cujus

262 2588 265 2599 ι
377 2553 704 2625 principatus
722 2551 894 2621 factus
913 2560 988 2605 est
1015 2567 1174 2621 super
1194 2551 1469 2605 humerum
1484 2550 1599 2619 ejus
1611 2549 1690 2616 “;
1709 2553 1951 2620 regnavit

375 2648 520 2704 enim
553 2661 618 2702 eo
642 2645 790 2715 quod
822 2645 875 2699 in
907 2659 1126 2700 crucem
1169 2643 1394 2699 suﬂixus
1432 2652 1540 2698 est.
1587 2642 1856 2698 Cmterum
1895 2643 1946 2695 in

374 2740 694 2812 Apocalypsi
725 2738 772 2771 ³⁸
822 2753 1004 2794 sermo
1036 2736 1211 2793 ﬁdelis
1237 2748 1294 2793 et
1321 2752 1485 2792 verus
1525 2736 1715 2791 sedere
1754 2735 1954 2790 dicitur

376 2836 435 2891 in
472 2851 613 2906 equo
636 2834 782 2900 albo,
811 2847 930 2887 mea
965 2832 1233 2886 sententia
1283 2833 1548 2886 denotans
1592 2827 1741 2884 vocis
1784 2828 1953 2882 clari-

378 2936 566 2994 tatem,
624 2942 787 2995 quam
841 2923 1061 2979 insonat
1107 2922 1175 2977 ad
1232 2938 1332 2977 nos
1386 2922 1657 2978 accedens
1706 2919 1953 2975 veritatis

373 3035 578 3076 sermo.
608 3017 726 3073 Non
772 3025 856 3072 est
907 3025 1092 3071 autem
1142 3014 1429 3085 praesentis
1463 3013 1724 3084 temporis
1756 3023 1951 3085 .osten-

2053 1903 2147 1957 καὶ
2169 1904 2439 1975 ἀληθινὸς,
2464 1906 2539 1970 ὡς
2566 1903 2740 1978 οἶμαι,
2777 1912 3049 1981 παριστᾷν
3089 1911 3199 1983 (60)
3228 1912 3288 1965 τὸ
3319 1913 3496 1980 σαφὲς
3549 1914 3646 1983 τῆς

2053 1995 2237 2065 φωνῆς
2267 1994 2296 2046 ὃ
2318 1997 2574 2066 ἠχεῖταιό
2604 1999 2733 2069 ἡμῖν
2768 1999 3048 2070 ἐπιδημῶν
3070 2000 3328 2071 ἀληθείας
3357 2002 3537 2070 λόγος.
3570 2002 3643 2056 (δύ

2050 2085 2144 2139 τοῦ
2196 2089 2460 2159 παρόντος
2499 2089 2558 2142 δὲ
2593 2088 2788 2162 καιροῦ
2831 2090 3024 2156 δεῖξαι,
3071 2093 3154 2145 ὃτι
3192 2094 3282 2146 ἐπὶ
3323 2092 3425 2164 τῆς
3457 2093 3647 2164 φωνῆς

2052 2176 2319 2248 πολλαχοῦ
2350 2179 2449 2249 τῆς
2478 2179 2518 2231 Γ
2524 2180 2716 2251 ραφῆς,
2742 2182 2799 2233 ἐν
2884 2182 3001 2234 ἐστι
3030 2181 3098 2235 τά
3134 2184 3480 2256 προκείμενα
3507 2184 3644 2255 (6|),

2050 2268 2116 2321 δι’
2149 2263 2225 2323 ὧν
2272 2269 2627 2342 ὠφελούμεθα
2666 2271 2826 2326 θείων
2884 2275 3222 2345 μαθημάτων
3273 2276 3642 2348 ἀκροώμενοι,

2050 2363 2227 2415 κεῖται
2257 2362 2290 2434 ἡ
2322 2363 2506 2429 ἵππος
2524 2364 2882 2436 προσηγορία.
2916 2366 3089 2419 Μόνον
3113 2366 3169 2420 δὲ
3188 2368 3306 2431 ἐνὸς
3335 2371 3430 2422 καὶ
3455 2368 3644 2422 δευτέ-

2054 2472 2148 2527 ρου
2182 2454 2573 2527 ὑπομνηστέον,
2594 2456 2708 2509 τοῦθ
2736 2457 2974 2527 Ψευδὴς
2993 2459 3176 2527 ἵππος
3204 2463 3291 2527 εὶς
3312 2462 3639 2530 σωτηρίαν-ο

2053 2549 2163 2603 καί·
2198 2545 2372 2605 Οὗτοι
2405 2550 2476 2604 ἐν
2493 2550 2735 2621 ἅρμασι,
2766 2551 2865 2605 καὶ
2903 2547 3067 2608 οὗτοι
3095 2552 3167 2606 ἐν
3207 2554 3431 2620 ἵπποις,
3470 2553 3642 2624 ἡμεῖς

2051 2639 2119 2694 δὲ
2154 2641 2227 2695 ἐν
2252 2643 2492 2712 ὀνόματι
2532 2644 2755 2711 Κυρίου
2795 2644 2943 2698 Θεοῦ
2989 2644 3160 2714 ἡμῶν
3180 2648 3641 2716 μεγαλυνθησό-

2045 2739 2218 2803 μεθα.
2236 2734 2309 2787 Τὸ
2334 2735 2408 2788 δέ·
2444 2734 2838 2802 Ὲξηρεύξατο
2861 2737 2896 2805 ἡ
2917 2735 3132 2805 καρδία
3153 2755 3271 2806 μου
3296 2740 3488 2809 λόγον
3506 2740 3642 2811 ἀγη-
3710 2788 3731 2815 1

2052 2826 2179 2890 θὸνν,
2205 2827 2360 2897 λέγω
2381 2828 2496 2898 ἐγὼ
2523 2829 2593 2883 τὰ
2624 2828 2769 2898 ἔργα
2790 2847 2910 2898 μου
2949 2828 3031 2894 τῷ
3044 2830 3314 2895 βασιλεῖ,
3357 2833 3416 2885 ἐν
3441 2832 3524 2903 τῷ
3559 2834 3639 2904 μδ

2049 2918 2250 2989 ψαλμῷ
2264 2918 2755 2990 ἀναγεγραμμένον
2775 2919 3139 2990 συνεχέστατα
3160 2920 3264 2973 ὑπὸ
3292 2921 3399 2974 τῶν
3426 2923 3640 2977 πολλῶν

2053 3012 2350 3082 φερόμενον
2376 3011 2451 3074 ὡς
2480 3011 2821 3082 νενοημένον,
2840 3013 2992 3082 ’ἡμῖν
3017 3012 3118 3065 οὑκ
3150 3012 3516 3067 ἀϐασάνιστον
3548 3017 3640 3067 ἐα-

374 3115 503 3167 dere
522 3110 847 3165 vocabulum
876 3122 1050 3178 equus
1070 3106 1383 3175 frequenter
1403 3105 1527 3175 poni
1563 3105 1614 3158 in
1644 3076 1778 3158 voce
1804 3101 1952 3158 Scri-

2129 3076 2205 3160 Iav"
2230 3105 2368 3158 ἔστω
2400 3104 2508 3174 γὰρ
2537 3076 3076 3173 τὸκῖΠατέρανταῦτα
3109 3103 3306 3172 λέγειν,
3353 3105 3440 3168 τίς
3469 3102 3565 3159 οὖν
3606 3110 3639 3178 ἠ

375 3217 549 3279 pturae
581 3204 670 3277 [in
703 3218 806 3273 qua
836 3196 1270 3273 proponuntur],
1311 3213 1433 3268 quae
1463 3197 1616 3251 nobis
1654 3197 1766 3251 sint
1800 3194 1951 3262 adju-

381 3309 570 3354 mento
626 3298 838 3351 divinas
886 3292 1217 3362 disciplinas
1290 3290 1655 3344 audientibus.
1717 3286 1950 3342 Tantum

379 3414 541 3468 unius
564 3421 656 3467 aut
682 3409 904 3465 alterius
925 3409 1027 3464 loci
1055 3408 1478 3463 submoneamus
1502 3421 1518 3457 :
1547 3400 1731 3469 hujus,
1754 3397 1953 3453 Fallax

372 3522 537 3577 equus
566 3516 640 3558 est
666 3504 735 3557 ad
765 3501 996 3557 salutem
1041 3500 1088 3532 ⁸⁸
1116 3518 1129 3566 ;
1163 3509 1216 3553 et
1243 3498 1387 3552 illius
1426 3512 1440 3549 :
1484 3494 1557 3548 Hi
1593 3495 1648 3546 in
1689 3493 1949 3557 curribus,

372 3609 421 3654 et
447 3600 499 3653 lti
527 3600 581 3650 in
618 3597 790 3666 equis,
846 3610 940 3647 nos
974 3602 1145 3646 autem
1177 3590 1233 3644 in
1262 3590 1469 3643 nomine
1502 3587 1598 3641 Dei
1628 3586 1794 3640 nostri
1840 3601 1953 3637 ma-

373 3690 743 3763 gniﬁcabimur
777 3688 848 3742 ".
883 3687 1057 3741 Porro
1095 3683 1236 3752 quod
1290 3683 1341 3738 in
1392 3691 1590 3750 quarto
1628 3689 1683 3734 et
1712 3678 1951 3747 quadra-

373 3786 581 3853 gesimo
636 3781 846 3852 psalmo
904 3787 987 3834 est
1050 3777 1311 3845 scriptum
1360 3773 1467 3827 ἐξ
1526 3770 1807 3825 Eructavit
1862 3784 1952 3822 cor

372 3893 546 3931 meum
592 3889 884 3929 sermonem
919 3871 1134 3934 bonum,
1167 3867 1286 3920 dico
1322 3881 1415 3936 ego
1463 3880 1621 3933 opera
1667 3878 1784 3915 mea
1817 3861 1950 3930 regi,

375 3964 818 4036 frequentissime
868 3959 1158 4030 repetitum
1196 3971 1227 4009 a
1277 3955 1461 4010 multis
1512 3953 1736 4023 perinde
1782 3966 1847 4005 ac
1903 3951 1948 4005 si

376 4058 768 4127 intelligerent,
811 4053 954 4108 baud
1000 4053 1268 4106 intactum
1319 4046 1474 4102 nobis
1512 4042 1949 4115 praetereundum

372 4161 473 4205 est.
529 4148 656 4201 Esto
704 4144 848 4198 enim
906 4142 1120 4197 Patrem
1156 4142 1274 4198 htee
1305 4139 1508 4200 dicere,
1540 4136 1816 4206 quodnam
1852 4133 1940 4187 di-

372 4250 495 4296 cent
524 4254 645 4293 esse
676 4238 846 4306 ipsius
873 4249 990 4297 cor,
1019 4243 1078 4287 ut
1104 4247 1284 4288 sermo
1314 4231 1563 4284 videatur
1604 4228 1781 4282 bonus
1807 4239 1945 4280 con-

372 4342 664 4406 sequenter
692 4329 897 4386 cordi?
935 4328 993 4384 Si
1042 4327 1187 4383 enim
1245 4326 1361 4379 haec
1393 4338 1495 4376 vox
1535 4321 1692 4390 λόγος
1724 4318 1816 4391 [id
1865 4327 1949 4373 est

372 4431 513 4487 ratio
547 4428 630 4484 vel
659 4421 880 4496 sermo]
925 4421 1386 4492 interpretatione
1433 4432 1540 4470 non
1585 4426 1731 4483 eget,
1776 4421 1836 4466 ut
1871 4410 1946 4466 illi

2055 3197 2252 3270 καρδία
2277 3194 2465 3257 αὐτοῦ,
2495 3195 2582 3247 ἵνα
2617 3193 2925 3256 ἀκολούθως
2951 3197 3016 3264 τῇ
3048 3193 3245 3264 καρδίᾳ
3273 3194 3528 3263 όάγαθὸς
3554 3196 3640 3248 λό-

2053 3305 2147 3357 γος
2174 3288 2351 3356 φανῇ;
2397 3284 2459 3336 Εἰ
2498 3283 2606 3355 γὰρ
2644 3284 2673 3336 6
2707 3282 2864 3352 λόγος
2891 3284 2952 3337 οὑ
2990 3283 3161 3336 δεῖται
3190 3285 3519 3355 διηγήσεως,
3567 3287 3640 3350 ὡς

2054 3380 2249 3432 ἐκεῖνοι
2282 3374 2744 3446 ὑπολαμϐάνουσι,
2772 3373 3013 3445 δηλονότι
3042 3375 3204 3447 οὑδ¹ή
3244 3378 3462 3448 καρδία,
3507 3379 3641 3449 ὅπερ

2053 3472 2198 3525 ἐστὶν
2246 3468 2616 3532 ἀτοπώτατον,
2649 3467 2889 3538 νομίζειν
2920 3467 3018 3538 τὴν
3063 3468 3288 3541 καρδίαν
3329 3470 3533 3540 ὁμοίως
3565 3470 3640 3540 τῷ

2052 3567 2109 3618 ἐν
2158 3565 2409 3635 ἡμετέρῳ
2464 3560 2677 3633 σώματι
2721 3556 2860 3615 εἶναι
2923 3561 3087 3634 μέρος
3138 3561 3231 3614 τοῦ
3280 3561 3436 3615 Θεοῦ.
3503 3562 3638 3615 Ἀλλ’

2052 3656 2429 3729 ὑπομνηστέον
2473 3656 2692 3720 αὐτοὺς,
2739 3655 2844 3720 ὅτι,
2897 3653 3086 3727 ὥσπερ
3122 3654 3243 3726 χεὶρ
3278 3654 3372 3708 καὶ
3400 3654 3639 3726 βραχίων

2054 3750 2150 3803 καὶ
2172 3749 2431 3811 δάκτυλος
2463 3745 2789 3819 ὀνομάζεται
2820 3744 2977 3811 Θεοῦ,
3013 3747 3112 3800 οὑκ
3148 3746 3464 3817 ἐρειδόντων
3483 3750 3516 3818 ἡ
3526 3748 3641 3818 μῶν

2055 3843 2151 3916 τὴν
2169 3843 2406 3898 διάνοιαν
2425 3843 2504 3905 εἰς
2523 3841 2684 3914 ψιλὴν
2702 3842 2805 3913 τὴν
2821 3839 2986 3905 λέξιν,
3006 3840 3118 3894 ἀλλ’
3146 3838 3509 3904 ὲξεταζόντων
3528 3840 3643 3907 πῶς

2050 3934 2226 3989 ταῦτα
2265 3934 2433 4004 ὑγιῶς
2461 3932 2826 4006 ἐκλαμϐάνειν
2857 3935 2951 3988 καὶ
2983 3931 3149 3997 ἀξίως
3181 3931 3316 3985 Θεοῦ
3339 3931 3441 3995 δεῖ,
3468 3932 3642 3999 οὕτως

2053 4030 2147 4082 καὶ
2184 4028 2281 4100 τὴν
2322 4028 2549 4099 καρδίαν
2586 4027 2679 4080 τοῦ
2722 4026 2855 4080 Θεοῦ
2906 4026 3004 4097 τὴν
3052 4025 3308 4098 νοητικὴν
3347 4025 3516 4080 αὑτοῦ
3551 4027 3644 4080 καὶ⁵

2052 4119 2380 4193 προθετικὴν
2413 4119 2541 4192 περὶ
2571 4120 2678 4173 τῶν
2699 4118 2838 4173 ὅλων
2859 4118 3089 4189 δύναμιν
3122 4118 3439 4188 ἐκληπτέον’
3474 4119 3567 4172 τὸν
3587 4119 3642 4172 δὲ

2049 4211 2207 4280 λόγον
2229 4210 2337 4265 τῶν
2370 4212 2425 4263 ἐν
2456 4209 2642 4283 ἐκείνῃ
2682 4210 2744 4264 τὸ
2781 4208 3205 4278 ἀπαγγελτικόν.
3242 4208 3339 4271 Τίς
3365 4208 3423 4261 δὲ
3459 4209 3641 4277 ἀπαγ-

2050 4303 2229 4373 γέλλει
2273 4302 2371 4373 τὴν
2425 4299 2617 4372 βουλὴν
2674 4298 2768 4353 τοῦ
2820 4298 3033 4370 Πατρδς
3075 4300 3190 4362 τοῖς
3237 4296 3345 4350 τῶν
3394 4297 3643 4368 γενητῶν

2050 4397 2224 4463 ἀξίοις
2277 4395 2371 4450 καὶ
2422 4394 2553 4467 παρ’
2615 4395 2813 4457 αὐτοὺς
2864 4392 3252 4463 γεγενημένοις
3283 4390 3316 4462 ἦ
3348 4392 3377 4443 ὁ
3411 4391 3641 4461 ΣωτήΡῖ

371 4523 705 4586 existimant,
727 4517 947 4573 abunde
967 4523 1186 4571 constat
1209 4527 1384 4580 neque
1409 4509 1594 4564 cordis
1619 4505 1945 4560 vocabulum

2129 4509 2206 4560 ιχα
2231 4490 2291 4544 δὲ
2335 4489 2429 4543 καὶ
2459 4490 2521 4542 οὐ
2557 4487 2736 4559 μάτην
2765 4487 2844 4551 τὸ,
2890 4485 3274 4554 ἐξηρεύξατσ
3315 4483 3491 4554 μυρία
3537 4483 3642 4554 γὰρ

373 4609 823 4681 interpretatione
855 4621 1037 4675 egere,
1085 4604 1136 4658 id
1169 4606 1312 4671 quod
1348 4611 1432 4654 est
1464 4596 1941 4659 absurdissimum,

374 4703 687 4758 existimare
728 4700 937 4755 scilicet
961 4712 1065 4751 non
1110 4709 1270 4751 secus
1314 4708 1410 4748 cor
1435 4700 1644 4761 partem
1682 4686 1773 4741 Dei
1801 4700 1941 4751 esse,

373 4807 536 4866 atque
570 4803 655 4849 est
689 4794 742 4847 in
779 4800 967 4847 nostro
999 4776 1250 4859 corpore.
1299 4783 1406 4839 Sed
1450 4781 1774 4836 admonendi
1818 4788 1947 4835 sunt

372 4888 451 4942 illi
495 4890 640 4957 quod
671 4882 1126 4956 quemadmodum
1156 4892 1372 4937 manus,
1411 4885 1467 4930 et
1510 4874 1817 4936 brachium,
1855 4882 1943 4926 at-

373 4996 482 5051 que
522 4980 687 5035 etiam
728 4974 930 5047 digitus
971 4974 1068 5029 Dei
1116 4972 1341 5035 dicitur,
1378 4967 1577 5022 nudum
1623 4963 1942 5019 vocabulum

373 5074 494 5129 acie
538 5071 735 5127 mentis
779 5067 938 5124 nobis
986 5081 1092 5122 non
1126 5061 1564 5133 dispicientibus,
1595 5058 1689 5113 sed
1731 5056 1943 5111 exami-

377 5163 637 5221 nantibus
658 5174 896 5231 quonam
924 5166 1086 5229 pacto
1117 5157 1233 5210 haec
1262 5166 1414 5218 snne,
1446 5161 1499 5205 et
1528 5159 1587 5202 ut
1617 5148 1726 5203 Deo
1749 5155 1834 5202 est
1865 5147 1944 5201 di-

376 5269 564 5326 gnum,
613 5253 723 5308 sint
770 5247 1106 5319 accipienda,
1150 5246 1223 5300 ita
1260 5244 1425 5298 etiam
1480 5255 1577 5294 nos
1636 5237 1944 5307 intelligere

444 5372 492 5406 ⁵⁸
521 5370 677 5426 Joan.
707 5382 750 5430 ι,
777 5365 864 5422 Η.

376 5444 426 5476 η
457 5420 803 5501 νεξιῑζὶὶιᾱιὶιζ
843 5435 929 5498 t7,
1004 5433 1047 5464 υτ
1078 5430 1217 5486 Psal.
1249 5420 1363 5490 tu.
1400 5425 1452 5479 8.
1529 5423 1575 5454 υε
1608 5420 1758 5474 Vcrs.
1792 5422 1844 5478 ι.

473 5559 560 5627 59)
593 5559 789 5623 Ὅπερ.
812 5552 904 5627 Sje
930 5547 1099 5627 codex
1126 5545 1445 5627 Bodleianus
1469 5538 1726 5610 ,Regius,
1755 5536 1944 5606 ὅσπερ.

473 5562 560 5627 59)
593 5562 789 5623 Ὅπερ.
812 5562 904 5608 δῖε
930 5562 1099 5603 cortex
1129 5562 1420 5599 ISOGIeIanu‘

451 5562 563 5697 260)
599 5622 924 5697 Παριρντᾷν.
950 5622 1092 5697 Lego
1127 5613 1420 5697 παριστὰς.

802 5677 933 5749 ἐὸντι
958 5677 1432 5756 τὰνπροκὲίμενιι,
1459 5690 1565 5736 etc.
1599 5677 1724 5733 Ha‘c
1753 5677 1948 5758 desunt

473 5767 706 5820 editione
782 5765 934 5820 uetii.
950 5758 1045 5818 sed
1068 5766 1399 5815 revocantur
1427 5769 1457 5811 ε
1478 5749 1636 5810 codd.
1664 5746 1948 5805 Bodleiano

382 5771 437 5822 in
465 5767 706 5820 editione

379 5847 437 5892 et
464 5833 778 5892 Barberino.

961 5361 1004 5395 ⁸¹
1035 5361 1188 5417 Joan.
1224 5374 1262 5423 ι,
1296 5358 1348 5412 l.
1419 5355 1465 5387 δ’
1488 5351 1645 5423 .loau1
1676 5365 1720 5411 ι,
1749 5350 1833 5423 14.
1919 5352 1967 5385 ⁵³
1999 5351 2190 5407 Matth.
2221 5366 2295 5413 ιι,
2320 5347 2410 5402 27,

2052 4585 2215 4656 ἕτερα
2257 4583 2477 4637 ἐδύνατο
2527 4581 2782 4651 λέγεσθαι
2830 4581 2949 4634 ἀντὶ
2992 4579 3104 4651 (62)
3131 4578 3226 4632 τοῦ
3249 4576 3638 4656 ἐξ,τῃ>εὐξατο.

2052 4653 2359 4748 Προέϐαλεν
2395 4676 2429 4746 ὴ
2461 4672 2658 4747 καρδία
2698 4689 2799 4742 μου
2835 4671 2992 4739 λόγον
3027 4668 3263 4739 ἀγαθόν’
3296 4653 3564 4738 ἐλάλησεν
3608 4668 3640 4736 ή

2054 4770 2248 4842 καρδία
2297 4786 2396 4840 μου
2453 4768 2611 4836 λόγον
2661 4764 2887 4834 ἀγαθόν.
2946 4761 3106 4817 Ἀλλά
3160 4762 3391 4834 μήποτε,
3454 4759 3642 4830 ὥσπερ

2052 4862 2360 4934 πνεύματός
2379 4877 2523 4924 τινος
2552 4856 2872 4930 ἁποκρύφου
2902 4855 3014 4927 (65)
3045 4857 3126 4919 εἰς
3157 4852 3385 4926 φανερὸν
3416 4850 3641 4921 πρόοδάς

2051 4959 2197 5009 ἐστιν
2233 4957 2266 5025 ή
2297 4953 2469 5025 ἐρυγὴ
2514 4950 2610 5005 τοῦ
2653 4948 3038 5023 ἐρευγομένου,
3102 4946 3265 5001 οἱονεὶ
3310 4944 3398 4997 διὰ
3448 4943 3639 4995 τούτου

2052 5048 2432 5111 ἀναπνέοντος,
2465 5046 2609 5099 οὕτω
2661 5044 2730 5097 τὰ
2780 5042 2882 5113 τῆς
2913 5039 3171 5111 ἀληθείας
3212 5036 3553 5108 θεωρήματα
3580 5034 3639 5086 ού

2038 5126 2291 5213 συνέχων
2317 5143 2345 5194 6
2364 5140 2554 5212 Πατὴρ
2574 5136 2882 5210 ἐρεύγεται,
2918 5135 3014 5189 καὶ
3045 5135 3191 5187 ποιεῖ
3218 5130 3309 5185 τὸν
3340 5128 3515 5185 τύπον
3545 5126 3641 5179 αύ-

2053 5237 2161 5291 τῶν
2188 5239 2246 5290 ἐν
2273 5235 2350 5307 τῷ
2384 5235 2548 5305 λόγῳ,
2577 5232 2671 5286 καὶ
2695 5231 2784 5285 διὰ
2810 5228 2971 5284 τοῦτο
3002 5227 3171 5283 εἰκόνι
3193 5223 3514 5294 καλουμένῳ
3545 5217 3639 5274 τοῦ

2515 5347 2565 5379 ἰ
2595 5347 2701 5401 lsa.
2736 5360 2814 5411 ιι,
2842 5344 2897 5400 6.
2974 5343 3020 5376 ⁸⁵
3047 5343 3183 5413 Cap.
3217 5356 3334 5407 xix,
3370 5353 3518 5393 vers.
3548 5338 3634 5391 il.

2131 5535 2266 5608 (69.),
2294 5535 2462 5608 ‘Aaftt.
2499 5528 2932 5608 Deestnintextu
2958 5523 3163 5589 lluetii,
3201 5522 3295 5578 sed
3334 5521 3534 5594 legitur
3577 5520 3633 5578 in

2056 5599 2233 5663 codd!
2252 5605 2542 5659 Bodleiano
2568 5610 2622 5654 et
2647 5599 2967 5653 Barberino.

2128 5678 2237 5749 (65)
2272 5673 2660 5749 Ἀποκρύρου.
2691 5668 2785 5726 Sic
2809 5667 2980 5726 codex
3011 5664 3380 5734 Bodleianus;
3410 5663 3633 5721 Hue'jus

782 5742 934 5830 u'e'tii,
950 5742 1045 5818 scd
1068 5742 1457 5815 r'evocanture
1478 5749 1636 5810 codd.
1664 5746 1954 5805 Bodleiano

2136 5742 2316 5812 textu,
2352 5742 2728 5816 ἀποκρύπτου.
