3792 6146
126 250 196 304 ιιι
1196 250 1551 308 COMMENT.
1589 252 1656 309 IN

1778 253 1880 310 AN.
1918 251 2157 309 TOMUS
2196 251 2233 306 Ι.

3246 256 3350 311 102

120 360 312 428 ἀοράτου
340 356 497 413 Θεοῦ·
536 364 639 416 καὶ
670 365 853 420 ταῦτα
877 366 997 437 μὲν,
1034 368 1119 420 ἵνα
1147 372 1665 442 συμπεριφερόμενοι

1780 372 1999 434 debere,
2030 385 2124 424 cor
2154 371 2247 423 Dei
2280 380 2401 422 esse
2425 368 2542 436 ejus
2571 381 2693 423 eam
2734 369 2838 423 vim
2879 383 2997 440 qua:
3043 368 3350 443 intelligen-

118 455 165 521 τῇ
182 450 274 503 τῶν
302 452 510 506 πολλῶν
526 454 738 528 ὲκδοχῇ
768 457 1196 530 Μραδεξὼμεθα
1220 462 1330 515 ἀπὸ
1352 463 1443 516 τοῦ
1464 464 1674 535 Πατρὸς

111 544 328 613 λέγεσθαι
375 544 456 598 τὸ’
538 547 952 617 Ὲξτιρεύξατο
980 554 1020 620 ἡ
1059 553 1273 622 καρδία
1322 573 1442 624 μου
1490 557 1677 627 λόγον

112 641 317 709 ἀγαθόν.
340 640 414 694 οὐ
446 641 634 712 πάντη
662 643 727 697 δὲ
750 644 934 705 αὐτοῖς
967 646 1418 717 παραχωρητέον,
1449 648 1525 712 ὡς
1543 650 1671 719 ὁμο-

448 733 636 790 ταῦτα
691 736 1132 804 ἀπαγγέλλοντος
1180 736 1274 791 τοῦ
1305 737 1460 792 Θεοῦ.
1494 740 1592 794 Διὰ
1622 740 1675 794 τί
1708 770 1711 775 -

109 825 196 893 γὶιρ
240 824 356 893 οὐχὶ
406 826 437 877 6
481 826 789 896 προφήτης
834 826 985 879 ἔσται
1025 826 1202 894 λέγων
1234 826 1539 900 πληρωθεὶς
1578 827 1672 883 τοῦ

108 916 410 987 Πνεῦματος,
467 919 569 972 καὶ
616 922 1038 993 προφερόμενος
1084 922 1241 991 λόγον
1289 922 1491 990 ἀγαθὸν
1545 924 1673 995 περὶ

105 1009 406 1079 προφητείας
432 1010 537 1081 τῆς
556 1013 703 1083 περὶ
732 1013 991 1086 Χριστοῦ,
1026 1014 1268 1085 συνέχειν
1303 1015 1463 1068 αὐτὸν
1486 1017 1547 1069 οὐ
1579 1016 1671 1069 δυ-

103 1102 323 1172 νάμενος,
369 1102 450 1155 τόο
514 1104 933 1173 Ἐξηρεύξατο
978 1107 1017 1175 ἠ
1062 1109 1278 1175 καρδία
1320 1125 1440 1177 μου
1485 1110 1688 1177 λόγονκ

103 1193 317 1259 ἀγαθὸν,
375 1193 535 1263 λέγω
568 1195 702 1264 ἐγὼ
747 1198 818 1250 τὰ
855 1198 1000 1267 ἔργα
1023 1216 1144 1267 μου
1176 1197 1257 1264 τῷ
1304 1199 1572 1263 ,βασιλεῖ’
1629 1200 1668 1269 ἠ

102 1282 321 1353 γλῶσσά
358 1304 481 1355 μου
528 1287 824 1356 κάλαμος
867 1292 1244 1361 γραμματέως
1305 1292 1668 1362 ὀξυῃοάρου·

102 1376 286 1441 ὡραῖος
308 1377 519 1431 κάλλει
549 1381 734 1449 παρὰ
764 1382 904 1448 τοὺς
954 1383 1125 1449 υἱοὺς
1159 1384 1279 1437 τῶν
1317 1383 1662 1451 ἀνθρώπων·

103 1464 201 1521 εἶτα
226 1468 347 1539 πρὸς
369 1470 538 1523 αὐτὸν
554 1472 659 1525 τὸν
689 1475 943 1545 Χριστόνο
991 1475 1273 1545 Ἐξεχύθη
1308 1477 1347 1543 ἠ
1386 1474 1557 1544 χάρις
1600 1475 1671 1529 ἐν

104 1563 304 1628 χείλεσι
345 1578 497 1627 σου;
549 1564 691 1629 Πῶς
713 1567 850 1639 γάρ,
881 1570 931 1621 si
974 1569 1002 1621 6
1056 1568 1246 1641 Πατὴρ
1277 1568 1428 1622 ταῦτ’
1464 1569 1667 1637 ἔλεγεν,

103 1652 362 1724 ἐπεφέρετο
394 1654 497 1725 τῷ,
544 1657 847 1727 Ἐξεχύθη
886 1661 925 1728 ἡ
950 1660 1125 1729 χάρις
1157 1663 1229 1715 ἐν
1261 1662 1496 1729 χείλεσι
1526 1679 1666 1727 σου,

1784 462 1915 515 tiam
1956 461 2154 516 eﬂiciat
2186 470 2240 514 et
2266 460 2519 514 universa
2544 461 2796 530 disponat
2829 478 2844 527 ;
2890 476 3197 517 sermonem
3239 462 3353 536 46

1780 570 1911 609 vero
1942 555 2070 609 illud
2106 569 2246 621 esse,
2289 554 2453 622 quod,
2488 569 2610 622 qua:
2647 554 2702 607 in
2738 554 2829 609 illo
2876 565 3001 609 sunt
3041 558 3227 625 corde,
3262 573 3351 613 re-

1787 647 2026 701 nuntiet.
2071 646 2202 713 Quis
2253 662 2386 702 vero
2428 646 2607 702 Patris
2640 647 2924 702 consilium
2964 648 3162 718 bisqui
3208 650 3352 707 inter

1781 738 2038 793 mortales
2066 740 2209 808 digni
2243 738 2575 803 exstiterint,
2617 740 2818 809 quique
2858 739 3052 794 borum
3099 753 3348 796 naturam

1778 831 2174 900 superaverint,
2201 833 2500 897 renuntiat,
2522 832 2625 886 nisi
2653 832 2910 887 Servalor
2931 832 2953 884 ?
2975 830 3137 886 Forte
3166 841 3347 888 autem

1780 939 1885 976 non
1908 922 2114 977 frustra
2148 923 2382 991 positum
2413 933 2519 989 est,
2546 925 2824 988 eructavit,
2853 937 2972 977 cum
3004 923 3162 991 hujus
3196 924 3346 978 verbi

1778 1013 1897 1068 vice
1931 1012 2033 1066 alia
2068 1013 2351 1085 innumera
2382 1014 2490 1068 dici
2511 1012 2837 1082 potuissent,
2879 1011 3130 1065 nimirum
3148 1025 3350 1081 propo-

1778 1104 1907 1171 suit,
1932 1105 2015 1157 vel
2050 1104 2285 1174 protulit
2317 1120 2415 1160 cor
2450 1119 2628 1158 meum
2654 1118 2963 1158 sermonem
2996 1103 3232 1167 bonum;
3263 1104 3345 1156 lo-

1777 1205 1959 1249 cntum
1999 1204 2082 1250 est
2122 1210 2218 1249 cor
2257 1209 2433 1249 meum
2483 1207 2790 1249 sermonem
2818 1195 3037 1247 bonum.
3070 1191 3176 1248 Sed
3214 1192 3341 1247 vide

1777 1301 1845 1341 ne
1874 1286 2012 1341 forte
2040 1287 2490 1355 quemadmodum
2533 1284 2761 1355 alicujus
2804 1283 2963 1339 ﬂatus
2984 1283 3184 1339 occulti
3216 1299 3348 1354 pro-

1776 1394 1994 1450 gressus
2025 1380 2076 1432 in
2107 1388 2352 1449 apertum
2377 1390 2457 1435 est
2504 1387 2693 1432 ructus
2733 1379 3051 1439 eructantis.
3085 1387 3346 1446 tanquam

1777 1486 1873 1541 per
1896 1472 2034 1526 hunc
2056 1472 2395 1541 respirantis,
2425 1472 2493 1524 ita
2521 1470 2765 1525 veritatis
2801 1469 3205 1540 speculationes
3227 1484 3334 1523 non

1776 1565 2059 1619 continens
2093 1562 2259 1617 Pater
2304 1573 2539 1628 eructet,
2580 1562 2849 1632 faciatque
2898 1563 3092 1616 harum
3146 1561 3345 1631 ﬁguras

1774 1657 1830 1711 in
1862 1671 2132 1720 sermone,
2161 1655 2252 1725 qui
2287 1655 2450 1709 etiam
2483 1655 2625 1712 hanc
2660 1656 2731 1710 ob
2775 1669 2996 1709 causam
3039 1663 3268 1707 vocetur
3297 1652 3344 1683 ⁵³

104 1743 168 1805 τὸ,
188 1744 280 1796 Διὰ
300 1744 475 1798 τοῦτο
514 1749 837 1819 εὐλόγησέ
867 1766 940 1804 σε
969 1755 1002 1805 ό
1035 1752 1180 1820 Θεὸς
1215 1757 1303 1819 εὶς
1333 1755 1439 1809 τὸν
1462 1755 1665 1812 αἰῶνα·

1778 1749 2063 1804 invisibilis
2107 1748 2204 1802 Dei
2256 1748 2455 1815 imago.
2502 1745 2570 1801 Et
2612 1747 2727 1802 haec
2771 1747 3011 1815 quidem,
3063 1754 3124 1800 ut
3172 1745 3342 1799 illud:

102 1835 176 1887 καὶ
203 1838 310 1905 μετ’
333 1836 513 1905 ὀλίγα·
546 1842 662 1894 Διά
697 1840 874 1896 τοῦτο
902 1844 1109 1913 ἔχρισέ
1134 1851 1256 1901 aed
1281 1847 1426 1914 Θεὸς
1458 1852 1492 1902 ό
1525 1851 1670 1918 Θεός

103 1942 198 1979 σου
234 1928 438 1984 ἔλαιον
488 1933 928 2004 ἀγαλλιάσεως
985 1940 1148 2007 παρὰ
1206 1941 1349 2007 τοὺς
1372 1944 1671 2011 μετόχους

102 2032 227 2083 cev;
268 2020 705 2093 Ἀνθυπενέγκοι
743 2027 853 2097 (64)
895 2028 952 2082 δέ
982 2048 1067 2094 τις
1101 2032 1443 2103 (βουλόμενος
1474 2037 1539 2088 ἐκ
1575 2036 1669 2089 τοῦ

105 2110 285 2182 ﬂat-pb;
300 2113 370 2167 τὰ
386 2116 447 2168 ὲν
474 2115 560 2188 τῷ
591 2117 802 2190 ψαλμῷ
838 2122 1298 2198 ἀπαγγέλλεσθαι)
1338 2126 1420 2180 τό·
1462 2129 1668 2183 Ἀκου-

103 2218 222 2266 σον,
250 2206 524 2274 θύγατερ,
583 2210 694 2263 καὶ
743 2210 853 2278 ἴδε,
897 2214 992 2267 καὶ
1024 2215 1243 2270 κλῖνον
1277 2218 1343 2271 τὸ
1391 2214 1502 2286 οὖς
1528 2235 1666 2289 σου,

104 2299 183 2350 καὶ
207 2300 485 2355 ἐπιλάθου
506 2303 624 2357 τοῦ
653 2307 812 2360 λαοῦ
841 2324 976 2373 σου,
1011 2310 1109 2363 καὶ
1140 2312 1247 2367 τοῦ
1276 2315 1505 2382 Πατρός
1529 2330 1665 2371 σουο

103 2389 152 2441 οὗ
196 2391 293 2465 γὰρ
334 2394 363 2444 6
399 2394 713 2469 Προφήτης
752 2400 891 2470 πρὸς
932 2401 1031 2474 τὴν
1073 2402 1394 2476 Ἐκκλησίαν
1440 2410 1555 2479 ὲρεί
1585 2410 1667 2463 τό·

110 2486 387 2547 Ἄκουσον,
420 2487 709 2557 θύγατερ.
744 2492 820 2545 Οὐ
868 2493 1103 2563 χαλεπὸν
1135 2496 1192 2549 δὲ
1220 2496 1391 2563 δεῖξαι
1430 2501 1524 2553 καὶ
1560 2502 1670 2555 ἀπὸ

109 2573 279 2644 ἑτέρων
300 2574 555 2648 ψαλμῶν,
590 2582 681 2635 ὅτι
709 2584 1016 2655 προσώπων
1056 2589 1293 2657 γίνονται
1346 2593 1440 2645 ἐπὶ
1488 2592 1669 2647 πλεῖον

108 2665 382 2735 ἐναλλαγαὶ,
416 2669 567 2725 ὥστε
600 2674 703 2726 καὶ
727 2675 912 2730 ἐνθάδε
931 2677 1187 2734 δύνασθαι
1203 2682 1310 2736 ἀπὸ
1339 2683 1669 2750 τοῦ,Ἄκου-

107 2772 218 2821 σον,
243 2762 511 2833 θύγατερ,
545 2767 647 2820 τὸν
671 2769 892 2841 Πατέρα
914 2772 1111 2841 λέγειν·
1142 2776 1476 2846 παραθετέον
1505 2780 1563 2834 δὲ
1589 2783 1669 2845 εἰς

108 2850 189 2921 τὴν
216 2855 334 2926 περὶ
358 2858 454 2910 τοῦ
491 2858 670 2929 λόγου
720 2862 964 2927 ἐξέτασιν
990 2867 1085 2920 καὶ
1129 2869 1208 2921 τοο
1254 2870 1336 2936 Τῷ
1370 2874 1530 2941 λόγῳ
1560 2874 1666 2928 τοῦ

109 2944 301 3011 Κυρίου
328 2951 381 3002 al
420 2951 682 3018 οὐρανοὶ
724 2953 1195 3024 ἐστερεώθησαν,
1229 2961 1326 3013 καὶ
1364 2959 1445 3027 τῷ
1488 2963 1668 3018 πνεύσ-
1721 2948 1732 2960 ’

110 3054 220 3102 part
264 3038 364 3094 τοῦ
410 3043 723 3113 στόματος
756 3046 869 3119 (65)
906 3050 1093 3105 αὑτοῦ
1144 3050 1314 3106 πᾶσα
1345 3056 1382 3123 ἡ
1415 3054 1667 3125 δύναμις

1777 1838 2051 1893 Eructarit
2091 1854 2183 1892 cor
2211 1853 2382 1891 meum
2428 1852 2713 1890 sermonem
2742 1838 2953 1901 bonum,
2990 1838 3095 1892 dici
3129 1852 3156 1890 a
3185 1835 3347 1890 Patre

1773 1929 2156 1999 intelligamus,
2210 1928 2500 1982 multorum
2557 1927 2925 1997 intelligentiae
2972 1928 3337 1982 adhzerentes.

1772 2020 1976 2087 Quibus
2027 2029 2205 2072 tamen
2246 2033 2352 2072 non
2391 2019 2573 2072 statim
2622 2019 2946 2082 cedendum,
2999 2019 3221 2088 perinde
3272 2033 3338 2071 ac

1771 2120 1984 2165 constet
2030 2109 2200 2164 Deum
2260 2106 2378 2161 haec
2429 2109 2737 2162 enuntiare.
2801 2107 2984 2173 Quare
3034 2108 3177 2161 enim
3237 2123 3343 2161 non

1772 2201 2041 2272 Pmpheta
2090 2202 2183 2257 ille
2232 2202 2487 2273 loquatur
2537 2201 2727 2269 plenus
2775 2197 2978 2269 Spiritu
3024 2207 3245 2264 sancto,
3291 2207 3347 2253 et

1770 2294 2010 2362 proferat
2040 2308 2348 2349 sermonem
2395 2293 2595 2347 bonum
2631 2291 2984 2362 pertinentem
3022 2290 3088 2345 ad
3115 2290 3347 2360 prophe-

1774 2387 1901 2439 tiam
1939 2386 2006 2439 de
2032 2384 2270 2449 Christo,
2303 2386 2581 2439 continere
2612 2383 2786 2453 ipsum
2833 2398 2943 2436 non
2982 2381 3193 2445 valens,
3236 2381 3346 2435 sci-

1773 2478 1931 2532 licet:
1968 2475 2246 2531 Eructavit
2289 2494 2379 2531 cor
2436 2492 2607 2531 meum
2644 2491 2932 2529 sermonem
2980 2476 3190 2543 bonum,
3226 2474 3343 2527 dico

1775 2586 1870 2639 ego
1895 2586 2052 2638 opera
2084 2586 2201 2622 mea
2236 2570 2343 2639 regi
2366 2585 2386 2621 ,τ
2408 2569 2586 2638 lingua
2621 2583 2735 2620 mea
2761 2568 3001 2620 calamus
3040 2566 3227 2619 scriba:
3260 2582 3345 2619 re-

1781 2661 1967 2716 lociter
1992 2662 2265 2715 scribentis
2292 2676 2311 2714 :
2337 2660 2618 2730 Speciosus
2651 2660 2822 2729 forma
2861 2674 2972 2728 prce
3002 2657 3132 2727 ﬁliis
3167 2658 3340 2712 homi-

1769 2769 1894 2808 num
1940 2754 1984 2785 ⁶⁰
2034 2772 2049 2809 :
2094 2764 2278 2822 postea
2316 2753 2385 2807 ad
2432 2754 2607 2821 ipsum
2652 2751 2927 2806 Christum
2967 2768 2983 2804 :
3028 2750 3236 2820 Diffusa
3267 2760 3344 2805 est

1769 2847 1945 2917 gratia
1971 2846 2027 2899 in
2052 2844 2207 2899 labiis
2245 2845 2349 2898 tuis
2371 2844 2413 2875 °‘
2437 2844 2460 2897 ?
2488 2842 2544 2898 Si
2575 2844 2717 2897 enim
2743 2843 2859 2898 huic
2893 2842 3055 2897 Pater
3081 2842 3342 2911 loqueba-

1772 2945 1878 2999 tur,
1915 2935 2189 3004 quomodo
2217 2932 2304 2988 his
2339 2934 2559 2988 verbis:
2596 2932 2809 3001 Diﬂusa
2843 2940 2920 2986 est
2958 2934 3138 3003 gratia
3171 2938 3229 2985 in
3258 2933 3341 2985 la-

1769 3027 1870 3078 biis
1910 3026 2035 3091 tuis,
2076 3025 2320 3080 additum
2353 3035 2436 3079 est
2468 3025 2594 3079 illud
2621 3042 2635 3079 :
2682 3024 2960 3092 Propterea
2993 3025 3257 3078 benedixit
3291 3034 3340 3078 te

108 3130 292 3185 αὐτῶν
332 3134 474 3207 ἅπερ
524 3137 681 3201 τινὲς
722 3115 976 3208 ἡγοῦνται
1013 3144 1107 3196 ἐπὶ
1154 3146 1249 3200 τοῦ
1280 3115 1529 3217 Σωτῆρος
1564 3115 1665 3202 καὶ

1778 3121 1911 3175 Deus
1946 3121 2001 3175 in
2042 3130 2300 3175 aeternum
2347 3119 2433 3184 ⁶¹;
2482 3128 2536 3173 et
2577 3127 2700 3188 post
2735 3134 2943 3188 pauca:
2978 3115 3201 3188 Propter
3245 3119 3344 3171 hoc

110 3219 185 3272 tu;
218 3221 365 3289 ἁγίου
413 3226 724 3281 τάσσεσθαι
778 3231 1111 3303 Πνεύματος,
1159 3235 1433 3308 δυνάμενα
1475 3236 1667 3309 δηλοῦν

196 3311 328 3385 λόγῳ
356 3315 493 3370 Θεοῦ
529 3319 666 3383 τοὺς
691 3320 954 3393 οὐρανοὺς
981 3325 1363 3396 ὲστερεῶσθαι,
1395 3328 1470 3393 ὡς
1498 3331 1547 3382 εἰ
1576 3329 1667 3383 λέ-

112 3418 271 3471 γοιμεν
294 3404 433 3478 λόγῳ
454 3401 894 3483 ἀρχιτεκτονιΞιῷ
918 3415 1017 3486 τὴν
1037 3417 1233 3481 οὶκίαν,
1261 3418 1356 3472 καὶ
1373 3419 1516 3492 λόγῳ
1532 3438 1663 3476 ναυ-

113 3497 300 3568 πηγικῷ
327 3500 426 3572 τὴν
472 3503 619 3557 ναῦν
665 3506 966 3574 γεγονέναι,
1014 3509 1184 3575 οὕτως
1216 3508 1309 3566 οὖν
1353 3513 1495 3585 λόγῳ
1531 3515 1665 3569 Θεοῦ

114 3590 217 3653 τοὺς
234 3592 501 3662 οὐρανοὺς,
549 3595 827 3669 θειοτέρου
869 3602 1226 3671 τυγχάνοντος
1252 3604 1362 3677 (66)
1395 3604 1661 3677 σώματος,

115 3682 189 3734 καὶ
215 3683 295 3738 διὰ
317 3687 473 3741 τοῦτο
514 3689 861 3761 καλουμένου
908 3695 1152 3765 στερεοῦ,
1201 3697 1302 3749 οὐκ
1347 3696 1560 3768 ἔχοντος
1602 3699 1665 3753 τὸ

116 3772 311 3830 ἓπιπολὺ
341 3780 570 3849 ρευστὸν
603 3781 699 3834 καὶ
726 3782 1029 3838 εὐδιάλυτον
1046 3785 1154 3839 τῶν
1186 3786 1408 3854 λοιπῶν,
1448 3790 1541 3843 καὶ
1565 3808 1666 3845 κα-

116 3865 302 3937 πωτέρω
340 3871 733 3944 ὲστερεῶσθαι,
785 3877 877 3930 καὶ
920 3877 1008 3932 διὰ
1050 3881 1111 3934 τὸ
1151 3881 1405 3951 διάφορον
1437 3887 1664 3957 ἐσχηκέ-

1773 3215 1923 3268 unxit
1966 3224 2019 3268 te
2053 3213 2193 3267 Deus
2240 3223 2364 3268 tuus
2403 3211 2516 3266 oleo
2559 3211 2928 3265 exsultationis
2967 3227 3076 3282 pra:
3123 3213 3344 3282 partici-

1770 3307 1922 3377 pibus
1950 3308 2054 3361 tuis
2103 3307 2198 3360 “i
2243 3304 2445 3361 Verum
2483 3305 2610 3360 illud
2641 3303 2863 3372 objiciat
2906 3302 3102 3371 aliquis
3133 3301 3343 3373 (volens

1773 3403 1887 3458 haec
1915 3400 2102 3472 psalmi
2140 3402 2302 3456 verba
2333 3418 2362 3454 a
2397 3400 2559 3457 Patre
2583 3398 2914 3468 enuntiari):
2942 3397 3102 3461 Audi,
3132 3397 3272 3467 ﬁlia,
3295 3406 3344 3450 et

1773 3498 1910 3561 vide,
1936 3504 1987 3549 et
2015 3494 2212 3549 inclina
2245 3509 2427 3547 aurem
2455 3503 2627 3557 luant,
2658 3505 2706 3546 et
2743 3491 3046 3545 obliviscere
3084 3487 3341 3557 populum

1772 3596 1945 3650 tuum,
1971 3594 2020 3638 et
2050 3587 2262 3639 domum
2293 3583 2460 3652 patris
2487 3581 2554 3651 “,
2596 3590 2652 3636 et
2699 3582 2842 3636 dicat
2878 3577 3203 3649 Prophetam
3235 3593 3342 3632 non

1772 3698 1939 3754 fuisse
1972 3698 2249 3754 dicturum
2293 3697 2362 3752 ad
2411 3697 2736 3759 Ecclesiam,
2788 3695 2950 3761 Audi,
2977 3695 3114 3765 ﬁlia.
3159 3695 3229 3749 At
3271 3709 3341 3750 ex

1771 3793 1893 3848 aliis
1925 3792 2147 3861 psalmis
2170 3791 2391 3847 diﬂicile
2423 3806 2530 3845 non
2560 3789 2728 3844 fuerit
2757 3789 3048 3844 ostendere
3077 3804 3341 3860 persona-

1772 3901 1890 3939 rum
1925 3885 2237 3955 plerumque
2278 3885 2395 3940 fieri
2430 3883 2862 3948 immutationes,
2906 3891 2964 3937 ut
2994 3883 3061 3939 ab
3091 3898 3156 3938 eo
3194 3883 3339 3950 loco,

118 3974 187 4011 vat
208 3958 305 4031 (67)
332 3962 631 4036 ἐξαιρέτως
659 3967 737 4039 τῷ
771 3968 897 4041 Θείῳ
930 3971 1092 4042 λόγῳ.
1136 3975 1287 4029 Ἐπεὶ
1318 3973 1411 4032 οὖν
1441 3980 1664 4051 πρόκει-

1778 3977 1932 4045 Audi,
1967 3977 2106 4045 ﬁlia,
2157 3977 2328 4046 possit
2358 3976 2518 4032 Pater
2568 3976 2736 4044 loqui.
2787 3972 2910 4030 Jam
2959 3977 3343 4045 indagantibus

119 4063 191 4141 ται
229 4051 331 4124 (68)
386 4057 464 4122 τὸ,
523 4059 632 4112 Ἐν
676 4060 834 4130 ἀρχῇ
862 4059 940 4132 ἦν
975 4068 1008 4119 ό
1049 4069 1258 4136 Λόγος,
1295 4070 1480 4141 σαφῶς
1514 4073 1659 4139 ἰδεῖν,

250 4145 300 4197 δὲ
486 4153 809 4244 μαρτυριῶν
831 4154 938 4209 τῶν
954 4157 1017 4210 ἐκ
1038 4157 1145 4212 τῶν
1172 4140 1503 4232 Παροιμιῶν
1531 4166 1666 4219 ἁπο-

120 4232 293 4288 δέδοται
320 4240 628 4314 εἰρῆσθαιὴ
660 4246 840 4314 σοφία,
866 4247 957 4299 καὶ
984 4247 1100 4302 ἔστι
1138 4254 1602 4325 προεπινοουμένη
1628 4257 1662 4328 ἡ

125 4327 256 4417 σοφία
278 4328 366 4383 τοῦ
400 4334 577 4405 αὐτὴν
625 4337 1057 4407 ἀπαγγέλλοντος
1102 4341 1281 4411 λόγου,
1317 4346 1534 4417 νοητέον
1573 4346 1664 4400 τὸν

122 4412 249 4482 λόγον
276 4419 374 4492 (69)
400 4425 459 4477 ὲν
486 4427 559 4496 τῇ
590 4425 754 4498 ἀρχῇ,
781 4429 1026 4483 τουτέστι
1059 4433 1125 4502 τῇ
1168 4434 1351 4506 σοφίᾳ,
1384 4412 1471 4488 άεὶ
1498 4431 1660 4503 εἶναι,

122 4509 227 4567 (ητα
248 4509 301 4567 δὲ
326 4514 379 4566 ὲν
402 4519 469 4587 τῇ
509 4519 674 4589 σοφίᾳ
705 4520 1012 4594 καλουμένῃ
1057 4524 1198 4596 ἀρχῇ
1245 4525 1319 4598 μὴ
1360 4526 1663 4583 κωλύεσθαι

123 4598 237 4658 εἶναι
274 4605 398 4681 πρὸς
432 4609 533 4666 τὸν
569 4610 722 4679 Θεὸν,
783 4614 874 4670 καὶ
916 4616 1077 4675 αὑτὸν
1118 4619 1251 4673 Θεὸν
1305 4620 1663 4692 τυγχάνοντα,

125 4697 201 4748 καὶ
222 4700 506 4772 οὐγυμνῶς
535 4703 646 4774 (70)
672 4702 808 4760 εἶναι
845 4709 1006 4764 αὑτὸν
1044 4709 1180 4781 πρὸς
1216 4709 1309 4764 τὸν
1346 4709 1500 4775 Θεὸν,
1528 4711 1663 4765 ἀλλὰ

125 4786 227 4841 ὄντα
246 4792 297 4845 ἐν
322 4797 383 4868 τῇ
413 4800 561 4870 ἀρχῇ
582 4802 649 4871 τῇ
673 4801 834 4873 σοφίᾳ
851 4797 989 4855 εἶναι
1021 4803 1158 4875 πρὸς
1186 4803 1277 4856 τὸν
1299 4802 1449 4857 Θεόν’
1474 4803 1670 4875 ὲπιφέυ

133 4885 321 4951 ρίίτθῦν
347 4891 438 4944 καί
469 4908 655 4962 φησιν·
678 4889 868 4960 οὗτος
889 4895 958 4948 ἐν
982 4895 1139 4965 ἀρΧῇ
1170 4895 1320 4964 πρὸς
1344 4897 1452 4951 τὸν
1491 4898 1658 4952 Θεόν·

130 4972 311 5032 ἐδύνατο
352 4982 463 5054 γὰρ
507 4985 805 5056 εἰρηκέναιδ
856 4982 1022 5052 υῦτος
1069 4985 1138 5061 ἦν
1189 4990 1328 5061 πρὸς
1368 4990 1461 5043 τὸν
1508 4991 1660 5045 Θεόν.

139 5064 250 5118 Ἀλλ’
273 5068 455 5145 ὥσπερ
488 5070 558 5145 ἦν
594 5077 654 5128 ὲν
703 5077 867 5149 ἀρχῇ,
898 5078 1068 5143 οὕτως
1102 5081 1195 5133 καὶ
1227 5080 1363 5153 πρὸς
1404 5081 1495 5135 τὸν
1531 5081 1665 5136 Θεὸν

1771 4069 1929 4123 nobis
1964 4070 2071 4124 vim
2115 4069 2407 4132 sermonis,
2441 4068 2843 4138 adiungendum
2892 4078 2975 4123 est
2999 4070 3160 4122 etiam
3198 4070 3339 4123 hoc:

1771 4159 2025 4216 Sermone
2059 4159 2156 4216 Dei
2193 4162 2311 4216 caeli
2341 4162 2539 4232 ﬁrmati
2582 4171 2723 4226 sunt,
2770 4170 2817 4215 et
2859 4161 3048 4230 spiritu
3080 4163 3192 4214 oris
3224 4161 3341 4231 ejus

1772 4254 1946 4308 omnis
1979 4255 2143 4308 uirtus
2171 4271 2352 4309 eorum
2384 4256 2452 4321 ⁸⁸,
2482 4269 2603 4325 qua:
2644 4255 2866 4325 quidam
2912 4254 3231 4309 existimant
3276 4256 3342 4310 de

1771 4343 2065 4400 Servatore
2099 4355 2154 4401 et
2189 4347 2395 4415 Spiritu
2427 4355 2618 4400 sancto
2651 4346 2822 4414 posita
2855 4359 2997 4410 esse,
3026 4360 3148 4399 cum
3175 4344 3340 4399 etiam

1772 4440 1911 4493 hunc
1957 4453 2174 4494 sensum
2226 4440 2430 4495 habere
2477 4438 2707 4508 possint,
2755 4437 2932 4493 caelos
2983 4438 3076 4492 Dei
3126 4441 3343 4494 ratione

1772 4530 2013 4586 ﬁrmatos
2046 4529 2234 4594 fuisse,
2261 4545 2366 4584 non
2392 4544 2554 4585 svcus
2586 4546 2651 4585 ac
2685 4529 2912 4584 dicimus
2945 4531 3161 4583 domum
3205 4529 3340 4584 aedi-

1771 4622 1986 4677 ﬁcatam
2011 4621 2183 4677 fuisse
2223 4620 2432 4675 ratione
2464 4621 2553 4675 illa
2594 4636 2716 4691 (ιυεε
2747 4632 2831 4675 est
2863 4635 2952 4675 ars
3000 4620 3341 4675 fabricanda-

1772 4730 1889 4769 rum
1938 4715 2157 4783 aedium,
2188 4714 2367 4769 navim
2400 4725 2734 4784 compactam
2785 4714 2952 4768 fuisse
2990 4714 3205 4769 ratione
3250 4713 3340 4769 illa

1768 4820 1890 4875 quae
1927 4815 2013 4862 est
2048 4821 2138 4861 ars
2188 4805 2619 4862 fabricandarum
2670 4806 2910 4870 navium,
2953 4805 3033 4861 sic
3064 4805 3226 4860 etiam
3258 4806 3342 4858 di-

1768 4907 1981 4964 centes,
2017 4897 2185 4954 caelos
2228 4899 2320 4953 Dei
2355 4898 2563 4953 ratione
2589 4897 2696 4970 47
2732 4898 2974 4952 firmatos
3007 4896 3201 4962 fuisse,
3245 4897 3339 4966 qui

1773 4990 2010 5045 divinius
2047 5004 2250 5059 corpus
2281 5001 2665 5059 assequuntur,
2708 4990 2853 5061 quod
2902 4990 3068 5045 etiam
3117 4999 3341 5058 propter

1773 5080 1879 5136 hoc
1934 5080 2329 5136 ﬁrmamentum
2382 5092 2628 5150 vocatur,
2670 5098 2773 5135 non
2812 5083 3021 5136 habens
3050 5080 3338 5149 quamplu-

132 5153 177 5205 ἐν
198 5158 320 5233 ἀρχῇ
341 5159 431 5235 ἦν·
463 5167 559 5220 καὶ
591 5166 797 5221 Πάντα
824 5168 898 5223 δι’
922 5171 1109 5225 αὑτοῦ
1134 5173 1388 5243 ἐγένετο,
1414 5173 1563 5238 ὄντος
1604 5177 1664 5229 ὲν

1778 5175 1965 5229 rimum
2016 5173 2216 5240 ﬂuxus,
2264 5189 2496 5246 eamque
2544 5175 2865 5231 facilitatem
2921 5174 3117 5228 ﬂuendi
3174 5187 3336 5239 quam

188 5269 223 5301 ⁸⁹
246 5273 404 5331 Colos.
439 5293 480 5345 ι,
512 5280 602 5335 i5.
680 5279 726 5312 “
754 5279 897 5336 Psal.
925 5297 1069 5345 ιιιν,
1104 5283 1215 5340 1-5.
1294 5284 1337 5316 ⁶¹
1363 5283 1496 5340 ibid.
1529 5285 1583 5341 ὅ.
1662 5294 1665 5313 ⁴

1778 5287 1869 5342 bid.
1944 5284 1993 5318 "
2023 5285 2156 5342 ibid.
2234 5287 2281 5319 “
2314 5287 2444 5344 ibid.
2478 5287 2564 5344 Η.
2643 5288 2687 5322 ⁸⁵
2712 5288 2852 5345 Psal.
2884 5302 3061 5353 xxx",
3085 5285 3141 5340 6.

138 5383 478 5533 angam”
500 5394 831 5451 Bodleianus
871 5394 1287 5465 ἀνθυπενὲγκοι,
1320 5396 1522 5470 Regius
1570 5400 1666 5455 ἀν-

192 5527 289 5649 (65)
312 5518 437 5618 ’τάδ’
463 5537 788 5606 στόματος.
850 5535 1011 5619 Deest
1066 5536 1120 5590 in
1161 5538 1398 5621 editione
1449 5537 1652 5606 Huetii,

141 5608 190 5648 se
242 5610 397 5657 exstat
423 5621 475 5660 in
505 5622 644 5661 mss.
680 5606 975 5661 Bodleiano
1001 5619 1058 5661 et
1086 5606 1400 5661 Barbermo.

423 5611 475 5660 in
505 5622 644 5661 mss.
680 5611 975 5662 Bodleiano
1001 5619 1058 5662 et
1086 5611 1400 5664 Barberino.

201 5665 295 5751 ς
315 5672 758 5751 Quamne;
771 5675 1071 5751 Ferrarius
1087 5678 1213 5751 legit
1228 5749 1235 5751 Α
1267 5680 1648 5750 τυγχάνοντας.

198 5735 292 5808 (67)
322 5735 950 5818 Ἐὁᾶηκένιιιῖτοήηυε
974 5748 1075 5820 legi
1104 5735 1316 5806 valebat
1340 5735 1649 5821 ἐδτηκέναῖξ

1839 5400 1956 5475 (68)
1988 5401 2331 5475 Πρόκειταιε-
2358 5402 2435 5475 ita
2461 5415 2620 5475 recte
2657 5405 2818 5458 habet
2860 5406 3031 5459 codex
3082 5399 3336 5455 Bodleia-

1765 5472 2071 5545 nus,__ma|e
2092 5487 2220 5527 vero
2240 5472 2418 5545 editio
2459 5473 2635 5529 Huetii
2664 5475 3005 5545 πρόσκειται.

1834 5542 1945 5613 (ϋ9)
1986 5543 2201 5612 Λόγον.
2234 5543 2392 5599 Deest
2414 5545 2467 5599 in
2495 5539 2734 5601 editione
2758 5545 2957 5610 Huetii,
3008 5539 3101 5595 sed
3154 5551 3338 5597 exstat

1763 5614 1816 5668 in
1849 5628 1979 5667 mss.

1808 5683 1944 5764 .(70)
1971 5682 2242 5764 Γρμνῶς.
2269 5683 2363 5741 Sic
2380 5683 2551 5742 codex
2577 5682 2940 5754 Bodleianus;
2977 5686 3145 5747 editio
3189 5689 3334 5748 liue-

1762 5753 1850 5822 tii,
1868 5753 2093 5821 γυμνός.
