3792 6146
416 267 521 325 105
1890 270 1913 326 (

3583 264 3711 321 ID.

411 392 608 437 caetera
655 378 912 436 inferiora
959 399 973 435 :
1023 391 1248 451 propter
1293 396 1454 453 quam
1509 381 1872 438 differentiam

2211 386 2339 455 'Plii'
2369 382 2544 437 πάντα
2576 384 2686 454 γὰρ
2727 385 2783 437 ὲν
2820 384 2979 455 σοφία
3005 386 3033 437 6
3059 383 3189 447 Θεὸς
3225 386 3367 438 κατά
3391 382 3486 436 τὸν
3512 377 3708 436 Acuti-5

412 474 781 543 prazstantiam
828 474 1061 529 dicimus
1101 476 1267 531 etiam
1321 477 1516 532 cretum
1553 477 1754 532 eximie
1797 476 1905 531 divi

2208 493 2327 546 ησε.
2372 476 2482 529 Καὶ
2510 474 2588 528 ἔτι
2621 479 2699 539 εἰς
2714 476 2775 530 τὸ
2807 476 3212 547 παραδέξασθαι
3239 475 3349 549 (71)
3388 476 3481 530 τὸν
3516 476 3705 543 λόγον

412 564 621 617 ratione
669 564 884 617 firmata
919 564 1105 621 luisse.
1143 568 1412 632 Quoniam
1466 566 1629 637 igitur
1661 570 1909 636 proponit

2207 586 2221 620 δ
2256 570 2602 640 περιγραφὴν
2635 570 2848 639 ἔχοντα,
2885 564 2995 623 οἷον
3026 570 3362 640 τυγχάνοντα
3414 569 3519 643 ζῇν
3552 567 3704 623 καθ’

411 668 469 710 ιιι
500 665 688 725 aperte
708 657 1073 725 intelligamus
1098 660 1199 713 hoc
1224 659 1428 715 dictum
1458 678 1472 714 :
1499 659 1565 714 In
1584 660 1843 729 principio
1864 676 1908 712 ει

2207 661 2296 725 τὸν,
2344 660 2562 714 λεκτέον
2600 662 2695 714 καὶ
2722 660 2851 734 περ)⁸
2891 661 3195 733 δυνάμεων,
3232 663 3293 716 οὐ
3322 663 3485 733 μόνον
3512 662 3704 716 δυνά-

409 750 601 819 Λότος
642 750 687 781 ⁸⁸
722 748 866 822 [hoc
895 760 978 805 est
1007 767 1209 814 sermo,
1252 755 1367 809 sive
1398 752 1599 825 ratio],
1655 752 1906 821 principii

2209 771 2253 818 ;'
2285 752 2428 808 Τάδε
2454 754 2615 823 λέγει
2649 755 2861 821 Κύριος
2889 752 3006 808 τῶν
3033 753 3364 825 δυνάμεων,
3398 750 3703 822 πολλαχοῦ

408 856 544 896 vero
576 844 901 910 sapientiam
930 844 1036 900 dici
1061 846 1387 915 explicatum
1417 856 1521 910 est,
1548 846 1875 900 testimoniis

2208 862 2283 909 αι,
2320 844 2551 913 λογικῶν
2585 862 2744 898 τινων
2778 844 2937 898 θείων
2969 843 3121 908 ζώων
3149 846 3427 915 δυνάμεων
3471 844 3705 914 ὀνομα-

408 932 720 990 Proverbiis
755 937 1006 1006 sumptis,
1040 939 1527 1007 consideraturque
1551 937 1815 1007 sapientia
1845 953 1905 991 an

2203 935 2343 1000 ἔνων,
2379 928 2454 988 ὧν
2506 937 2540 997 ἡ
2568 935 2821 1007 ἀνωτέρω
2854 936 2949 989 καὶ
2996 935 3257 1007 κρείττων
3297 934 3535 1007 Χριστὸς
3590 928 3700 1004 ἦν,

409 1041 716 1082 sermonem
768 1029 939 1097 ipsam
976 1032 1416 1094 annuntiantem,
1464 1030 1828 1101 intelligamus
1877 1045 1906 1082 η

2203 1025 2327 1078 ὀνον
2359 1026 2519 1095 σοφία
2547 1023 2704 1089 Θεοῦ,
2738 1018 2989 1080 ἀλλὰκαὶ
3010 1027 3236 1098 δύναμις
3265 1023 3700 1098 προσαγορευόο

407 1133 561 1172 cesse
597 1130 701 1184 est,
745 1135 1046 1177 sermonem
1083 1124 1458 1192 in.principio,
1500 1123 1605 1177 huc
1638 1130 1722 1177 est
1762 1121 1904 1190 sapic

2202 1133 2262 1179 ›ς·
2289 1115 2478 1188 ὥσπερ
2506 1115 2595 1170 οὖν
2640 1117 2898 1189 δυνάμεις
2937 1118 3071 1171 Θεοῦ
3103 1118 3348 1182 πλείονές
3381 1121 3547 1179 εἰσιν,
3609 1108 3699 1169 ὧν

401 1211 503 1274 tia,
538 1226 753 1275 semper
781 1227 925 1277 esse,
960 1229 1197 1285 cumque
1238 1217 1311 1270 sit
1341 1216 1392 1268 in
1430 1214 1692 1282 sapientia
1722 1228 1843 1281 quae
1878 1228 1898 1262 ι

2204 1225 2284 1277 ῖτη
2305 1208 2443 1262 κατὰ
2458 1210 2824 1281 περιγραφὴν,
2842 1205 2916 1265 ὧν
2938 1211 3179 1283 διαφέρει
3207 1212 3235 1263 6
3259 1210 3471 1282 Σωτὴρ,
3496 1209 3663 1263 οὗτιοε
3678 1228 3701 1274 ς

406 1310 561 1354 catur
586 1302 934 1372 principium,
983 1321 1087 1357 non
1129 1307 1402 1375 prohiberi
1439 1320 1561 1360 esse
1601 1304 1741 1372 apud
1783 1305 1903 1358 Dent

2198 1299 2372 1368 λόγος,
2413 1303 2461 1354 εί
2491 1302 2578 1354 καὶ
2601 1303 2629 1355 6
2650 1304 2781 1373 παρ’
2811 1305 2939 1374 ἡμῖν
2964 1305 3063 1357 οὐκ
3092 1304 3207 1356 ἐστι
3232 1306 3373 1358 κατὰ
3400 1322 3687 1376 περιγρα-

403 1406 527 1443 cum
575 1392 647 1447 sit
686 1395 853 1448 etiam
886 1399 1000 1464 ipse
1040 1397 1217 1451 Deus:
1254 1413 1354 1451 nec
1395 1397 1535 1466 apud
1567 1395 1731 1449 Deum
1768 1396 1900 1463 simp

2205 1391 2358 1456 ἐκτὸς
2376 1391 2549 1464 ἡμῶν,
2568 1392 2890 1464 νοηθήσεται
2917 1396 2945 1447 6
2977 1395 3206 1467 Χριστὸς
3228 1395 3315 1449 διὰ
3339 1395 3409 1449 τὰ
3433 1395 3698 1466 προεξηη

403 1484 541 1536 citcr
575 1494 659 1538 est
713 1486 853 1553 ipse.
890 1488 982 1542 sed
1017 1489 1285 1542 exsistens
1322 1489 1372 1541 in
1404 1486 1671 1557 principio
1707 1485 1900 1556 (similit

2200 1483 2342 1547 téva.
2377 1484 2434 1536 ὲν
2450 1484 2590 1555 ἀρχῇ
2621 1487 2686 1555 τῇ
2711 1484 2874 1557 σοφίᾳ
2903 1486 2999 1557 τὴν
3020 1485 3316 1541 ὑπόστασιν
3341 1486 3504 1556 ἔχων,
3525 1485 3697 1540 Ταῦ»-

402 1576 665 1642 sapienzia
711 1577 777 1647 ⁸⁷)
814 1588 893 1633 est
943 1580 1082 1648 apud
1131 1580 1295 1633 Deum
1330 1595 1346 1645 ;
1383 1578 1659 1648 subjungit
1699 1576 1883 1643 enim,

2198 1578 2309 1646 ξμῖν
2341 1576 2434 1628 ἐπὶ
2468 1575 2559 1629 τοῦ
2610 1575 2875 1649 παρόντος
2908 1577 3133 1649 ἀρκέσει
3162 1580 3240 1641 εἰς
3272 1577 3349 1631 τό·
3388 1580 3488 1631 Ἐν
3507 1574 3695 1647 ἀρχῇ

405 1668 619 1737 inquit:
662 1667 764 1722 llic
793 1682 902 1724 erat
935 1671 992 1725 in
1027 1671 1282 1739 principio
1324 1671 1463 1738 apud
1513 1670 1703 1724 Deum.
1749 1668 1973 1724 Poterat
2007 1667 2045 1720 Β
2076 1663 2153 1737 ἦν
2176 1670 2208 1721 ὀ
2244 1668 2456 1737 Λόγος.

402 1759 546 1812 enim
599 1761 823 1816 dicere:
860 1761 960 1815 llic
1002 1773 1121 1816 erat
1160 1762 1302 1829 apud
1353 1763 1539 1814 Deum.
1589 1759 1694 1814 Sed
1733 1759 2187 1826 quemadmodum
2222 1768 2340 1810 erat
2388 1760 2438 1809 in
2488 1758 2775 1826 principio,
2826 1758 2906 1813 sic
2937 1768 2993 1813 et
3039 1758 3177 1827 apud
3225 1757 3390 1812 Deum
3422 1757 3478 1812 in
3513 1756 3692 1828 prin-

400 1849 542 1918 cipio
573 1861 733 1916 erat;
764 1863 812 1906 et
843 1854 1021 1906 omnia
1051 1869 1143 1922 per
1163 1856 1335 1922 ipsum
1366 1853 1504 1920 {acta
1532 1863 1654 1906 sum
1684 1851 1753 1915 ⁸⁸,
1785 1856 2136 1904 cxsistentem
2173 1850 2223 1902 in
2253 1850 2523 1920 principio
2550 1868 2565 1917 ;
2602 1853 2783 1906 omnia
2820 1853 2963 1906 enim
2994 1852 3135 1907 Deus
3161 1853 3326 1924 (teste
3356 1851 3570 1905 Davide
3612 1851 3693 1913 ")

404 1945 455 1999 in
488 1948 752 2017 sapientia
782 1949 931 2005 fecit.
969 1951 1048 2005 Ad
1084 1951 1199 2005 tunc
1232 1960 1291 2003 ut
1331 1949 1699 2017 intelligamus
1732 1949 2055 2004 Sermonem
2089 1948 2361 2019 propriam
2406 1948 2609 2003 habere
2670 1947 3110 2016 inscriptionem,
3160 1945 3313 2001 velut
3351 1951 3449 2015 qui
3498 1947 3689 1998 vitam

400 2054 498 2107 per
534 2055 594 2094 se
620 2053 968 2109 assequatur,
1000 2042 1284 2095 dicendum
1312 2041 1477 2095 etiam
1508 2050 1592 2094 est
1623 2042 1690 2096 de
1730 2045 2006 2111 potentiis,
2059 2056 2164 2095 non
2213 2041 2280 2095 de
2324 2040 2591 2110 potentia.
2641 2038 2772 2094 Htcc
2814 2039 2944 2092 dicit
2985 2038 3239 2093 Dominus
3282 2039 3688 2108 potentiorum,

401 2132 587 2188 multis
612 2135 666 2189 in
696 2136 831 2190 locis
869 2136 1113 2205 ponitur,
1144 2134 1360 2189 nomine
1391 2136 1759 2202 potentiarum
1795 2135 2085 2189 intellectis
2113 2133 2436 2203 quibusdam
2461 2132 2660 2188 divinis
2706 2132 3095 2197 animantibus,
3130 2146 3251 2201 qua:
3284 2131 3513 2185 rationis
3542 2142 3691 2185 sunt

400 2228 649 2297 capacia.
678 2227 872 2294 quibus
904 2228 1150 2299 superior
1177 2237 1233 2283 et
1258 2227 1601 2297 praestantior
1625 2226 1878 2283 Christus
1903 2235 2007 2291 est,
2041 2240 2146 2280 non
2179 2233 2385 2278 tantum
2418 2225 2685 2293 Sapientia
2727 2223 2839 2289 Dei,
2865 2224 2960 2277 sed
2991 2224 3154 2278 etiam
3186 2225 3423 2292 potentia
3461 2223 3685 2276 dictus.

400 2319 476 2376 Ut.
506 2322 686 2391 igitur
731 2323 961 2375 virtutes
988 2321 1295 2390 complures
1328 2330 1478 2384 sunt,
1530 2334 1760 2389 quarum
1808 2318 2036 2389 singulae
2073 2317 2495 2386 descriptionem
2535 2317 2760 2383 habent,
2794 2318 2995 2387 quibus
3039 2316 3220 2371 dilIert
3262 2316 3551 2380 Servator,
3590 2319 3687 2373 sic

400 2415 564 2469 etiam
596 2416 626 2467 6
657 2413 830 2482 Λόγος
863 2412 941 2487 [id
972 2424 1057 2470 est
1090 2415 1180 2469 ille
1212 2414 1384 2470 Filius
1415 2415 1530 2478 Dei,
1563 2413 1651 2467 illa
1674 2411 1849 2484 'ratio]
1885 2411 2072 2484 (etiam
2106 2412 2152 2466 si
2184 2411 2276 2465 illa
2326 2398 2483 2473 ratio,
2517 2426 2638 2481 quae
2684 2413 2734 2465 in
2774 2410 2926 2464 nobis
2954 2420 3196 2475 est,'non
3222 2406 3421 2463 habeat
3447 2410 3688 2464 descri—

400 2510 641 2579 ptionem
674 2518 824 2563 extra
863 2510 985 2579 nos)
1027 2509 1358 2580 intelligetur
1405 2509 1674 2572 Christus,
1711 2508 1865 2578 juxta
1896 2523 1957 2562 ea
1989 2522 2108 2576 qua:
2141 2518 2299 2562 antea
2342 2507 2734 2576 indagavimus,
2768 2506 3097 2576 hypostasim
3156 2505 3361 2560 habens
3407 2504 3465 2560 in
3513 2505 3688 2575 prin-

399 2605 567 2676 cipio,
598 2606 701 2662 hoc
735 2617 820 2662 est
851 2609 905 2662 in
932 2607 1223 2679 sapientia.
1262 2607 1372 2662 Sed
1403 2608 1668 2661 hactenus
1701 2606 1767 2660 de
1795 2619 1862 2659 eo
1887 2604 2030 2673 quod
2058 2612 2167 2669 est,
2196 2601 2265 2657 In
2293 2603 2552 2673 principio
2582 2612 2694 2656 erat
2728 2601 2933 2656 Sermo.

404 2765 3677 2802 —.~_____—+———————-————-—_-——_“

1562 2916 2510 3053 ΩΡΙΓΕΝΟΥΣ

1012 3139 1148 3192 ΤΩΝ
1180 3139 1308 3192 ΕΙΣ
1351 3138 1427 3189 T0
1467 3136 1656 3190 ΚΑΤΑ
1695 3130 2033 3189 ΙΩΑΝΝΗΝ
2061 3129 2552 3184 ΕΥΑΓΓΕΛΙΟΝ
2584 3128 3055 3185 ΕΞΗΓΗΤΙΚΩΝ

1747 3256 2133 3344 ΤΟΜΟΣ
2206 3256 2317 3340 B'.

1627 3533 2432 3652 ORIGENIS

680 3736 697 3765 ‘
822 3718 1560 3786 EXPLANATIONUM
1597 3718 1700 3783 IN
1732 3712 2306 3780 EVANGELIUM
2335 3714 2792 3778 SECUNDUM
2830 3712 3245 3776 JOANNEM

1727 3852 2133 3947 TOMUS
2190 3856 2322 3942 II.

473 4154 584 4227 [‘8
610 4152 659 4215 1;
690 4170 706 4200 ι
729 4151 798 4204 Et
820 4148 1040 4203 verbum
1070 4154 1185 4199 erat
1214 4141 1355 4215 apud
1384 4144 1572 4204 Deum,
1603 4151 1657 4195 et
1679 4140 1821 4196 Dens
1847 4150 1963 4198 erat

2185 4192 2196 4204 .
2240 4172 2258 4204 ι
2292 4154 2399 4207 Καὶ
2423 4155 2450 4206 6
2481 4154 2649 4223 Λόγος
2682 4149 2751 4226 ἦν
2786 4156 2922 4228 πρὸς
2958 4157 3049 4210 τὸν
3074 4156 3228 4220 Θεὸν,
3258 4161 3353 4212 καὶ
3377 4158 3512 4225 Θεὸς
3542 4156 3614 4233 ἦν
3642 4161 3672 4215 6

406 4243 720 4303 Verbum”.
742 4261 759 4292 ι
786 4239 926 4294 Satis
952 4255 1048 4309 pro
1069 4236 1502 4302 viribusnostris,
1522 4250 1677 4290 sacer
1690 4233 1903 4291 Ambros

2173 4264 2247 4316 ξος
2278 4246 2408 4317 (72).
2443 4268 2460 4297 ι
2505 4248 2804 4319 Αὑτάρκως
2835 4248 2974 4302 κατὰ
2995 4250 3092 4322 τὴν
3110 4253 3388 4324 παροῦσαν
3409 4253 3670 4325 δύναμιν,

410 4348 662 4406 utcmque
694 4336 865 4390 frater
892 4334 1190 4403 Evangelio
1231 4336 1543 4400 conformis,
1573 4351 1698 4391 cum
1739 4338 1901 4392 anteh

2172 4356 2183 4391 ε
2217 4338 2410 4409 ἁδελφὲ
2463 4339 2774 4410 Ἀμ6ρόσιε,
2805 4342 2899 4394 καὶ
2927 4345 3069 4395 κατὰ
3100 4342 3159 4395 τὸ
3188 4344 3521 4413 Εὑαγγέλιον
3565 4363 3669 4417 με-

406 4431 830 4484 disseruerimns
872 4430 1001 4499 quid
1046 4431 1116 4484 sit
1148 4428 1514 4497 Evangelinm,
1560 4438 1615 4482 et
1665 4431 1807 4498 quod
1839 4447 1903 4501 qu

2180 4430 2415 4502 φωμένε,
2458 4432 2514 4483 ὲν
2539 4435 2648 4496 τοῖς
2692 4431 2799 4504 πρὸ
2819 4431 3023 4484 τούτων
3045 4433 3387 4497 διαλαϐόντες
3419 4435 3473 4487 τι
3516 4437 3670 4488 ἐστιν

404 4522 523 4576 leve
562 4503 911 4590 principium,
936 4522 987 4574 in
1014 4537 1120 4589 quo
1155 4529 1268 4574 erat
1299 4521 1511 4585 Sermo,
1544 4530 1599 4573 et
1622 4522 1871 4589 quisnam

2173 4520 2419 4589 ιγγέλιον,
2446 4524 2541 4576 καὶ
2572 4525 2657 4588 τίς
2682 4524 2713 4594 ή
2738 4503 2910 4596 ἁρχὴ,
2949 4526 3005 4577 ὲν
3108 4521 3176 4597 ἦν
3203 4528 3231 4578 6
3268 4527 3461 4595 Λόγος,
3494 4529 3580 4591 τίς
3609 4545 3670 4581 τε

403 4612 494 4667 ille
544 4611 737 4669 Sermo
795 4613 884 4682 qui
935 4623 1055 4667 erat
1116 4612 1167 4663 in
1224 4610 1514 4681 principio.
1561 4611 1900 4682 Consequent

2174 4610 2297 4678 όγος
2328 4611 2355 4662 6
2378 4612 2433 4662 ὲν
2462 4613 2631 4684 ἀρχῇ,
2663 4614 2969 4679 ἀκολούθως
2995 4615 3089 4668 νῦν
3112 4616 3520 4688 ἐπισκοποῦμεν
3547 4617 3670 4684 πῶς

400 4721 546 4762 nunc
578 4709 988 4764 consideremus
1021 4721 1255 4776 quonam
1296 4716 1453 4775 pacto
1485 4706 1677 4759 Sermo
1722 4706 1812 4761 ille
1855 4723 1897 4762 ei

2170 4702 2303 4770 ,όγος
2331 4698 2397 4773 ἦν
2427 4706 2564 4777 πρὸς
2597 4708 2693 4760 τὸν
2716 4707 2867 4760 Θεόν.
2903 4709 3185 4779 Χρήσιμον
3213 4709 3392 4761 τοίνυν
3421 4726 3667 4777 συναγα-

401 4801 542 4869 apud
576 4801 763 4858 Deum.
810 4802 950 4873 Ergo
1002 4802 1132 4857 utile
1172 4802 1278 4856 crit
1322 4800 1390 4854 ad
1437 4799 1541 4855 hoc
1589 4799 1893 4869 explicandi

2173 4814 2188 4847 ν
2219 4796 2297 4858 εἰς
2319 4795 2474 4850 τοῦτο
2494 4795 2672 4868 ’λόγον
2699 4802 3188 4873 ἀναγεγραμμένον
3211 4802 3495 4872 γεγονέναι
3526 4805 3670 4875 πρός

397 4892 647 4963 colligere
673 4908 977 4948 sermonem
1029 4894 1118 4962 qui
1165 4893 1401 4962 scriptus
1442 4902 1528 4946 est
1572 4889 1771 4945 factum
1802 4888 1894 4944 fuit

2170 4905 2243 4952 ις·
2288 4886 2416 4944 οἷον·
2455 4909 2474 4942 ι
2521 4892 2690 4961 Λόγος
2719 4893 2925 4965 Κυρίου
2957 4893 3015 4957 ὃς
3044 4895 3283 4967 ἐγενήθη
3322 4895 3459 4966 πρὸς
3504 4897 3667 4967 Ὠσηὲ

403 4983 471 5038 ad
505 4985 788 5053 quosdam.
821 4982 982 5041 Verbi
1032 4985 1203 5055 gratia
1232 5005 1245 5041 :
1276 5004 1295 5038 ι
1334 4986 1529 5041 Sermo
1557 4981 1767 5037 Domini
1798 4980 1900 5035 fact

2192 4981 2284 5035 τοῦ
2324 4981 2545 5056 Βεηρεί’
2583 5005 2602 5037 ι
2646 4987 2758 5052 καὶ,
2797 5005 2815 5038 ι
2870 4987 2927 5041 '0
2955 4987 3111 5056 λόγος
3142 4990 3170 5040 6
3202 4987 3492 5058 γενόμενος
3527 4989 3667 5059 πρὸς

397 5086 483 5130 est
522 5075 589 5128 ad
619 5075 755 5129 Osee
786 5075 954 5129 lilium
1004 5075 1154 5130 Beeri
1182 5076 1270 5141 “;
1309 5092 1329 5126 ι
1377 5083 1451 5138 et,
1499 5091 1517 5125 ι
1549 5072 1743 5126 Sermo
1796 5069 1894 5123 fact

2170 5073 2308 5127 ταῖαν
2354 5075 2475 5131 υἱὸν
2526 5075 2728 5148 Ἀμὼς,
2764 5079 2890 5150 περὶ
2918 5080 3015 5149 τῆς
3079 5079 3357 5145 Ἰουδαίας,
3408 5081 3501 5134 καὶ
3537 5082 3667 5151 περὶ

397 5175 482 5221 est
513 5166 576 5217 ad
619 5164 832 5230 Isaiam,
859 5166 1028 5220 lilium
1072 5167 1262 5231 Amos,
1293 5165 1360 5221 de
1388 5163 1599 5227 Judzea,
1626 5172 1679 5218 et
1709 5162 1775 5218 de
1809 5159 1894 5216 ,ιω

2168 5166 2466 5240 οουσαλήμπ
2518 5188 2536 5222 ιι
2596 5173 2710 5235 καὶ,
2756 5190 2774 5223 ι
2825 5171 2884 5225 Ὀ
2924 5172 3080 5241 λόγος
3118 5174 3148 5226 6
3186 5173 3477 5243 γενόμενος
3524 5171 3665 5242 πρὸς

395 5260 586 5322 salem,
619 5259 666 5288 "
696 5278 715 5311 ι
743 5270 818 5326 et,
854 5280 871 5310 ι
912 5260 1105 5313 Sermo
1156 5259 1330 5313 factus
1357 5271 1442 5314 est
1469 5261 1534 5312 ad
1558 5256 1853 5314 Jerentiam

2165 5257 2347 5327 νεμεαν
2375 5262 2505 5334 περὶ
2532 5262 2633 5334 τῆς
2655 5262 2935 5336 ἀϐροχίας.
2971 5284 2989 5317 ι
3016 5264 3141 5330 Πῶς
3161 5262 3253 5319 οὖν
3271 5265 3426 5334 λόγος
3456 5265 3662 5335 Κυρίου

448 5392 514 5475 ,⁸⁸
540 5390 699 5449 Joan.
732 5407 772 5460 1,
804 5393 852 5446 1.
931 5393 974 5424 ⁸⁷
1008 5392 1137 5447 ibitl.
1174 5392 1230 5446 9...
1309 5391 1354 5422 ⁸⁸
1384 5391 1516 5445 ibid.
1567 5390 1622 5445 5.
1700 5390 1744 5423 ⁸³
1774 5389 1917 5445 Psal.
1944 5420 1945 5431 ι

2021 5405 2059 5455 t,
2086 5391 2176 5448 21.
2253 5396 2307 5428 τ’
2340 5400 2494 5456 Joan.
2526 5417 2566 5467 ι,
2598 5399 2651 5453 1.
2731 5400 2773 5431 ⁷³
2802 5401 2926 5457 Ose.
2965 5418 3006 5468 1,
3037 5401 3089 5455 1.
3166 5401 3213 5432 ⁷²
3240 5400 3367 5456 lsai.
3395 5415 3435 5467 ι,
3462 5400 3512 5454 1.

466 5530 580 5600 (7|)
618 5529 729 5609 Keil
753 5528 1546 5609 §tt_eic_t6_:rapa6é§a00ai,
1582 5528 1795 5609 etc._:_\d
1827 5545 1963 5609 mar-

2161 5548 2210 5584 τε
2238 5531 2355 5603 μὴν
2384 5536 2668 5609 σῦγκρισιν
2703 5536 2839 5609 πρὸς
2866 5536 2964 5600 τὰς
2987 5536 3211 5605 λογικὰς
3234 5534 3492 5608 δυνάμεις
3534 5533 3658 5587 ἐπι-

398 5604 577 5679 ginem
604 5604 807 5679 codicis
844 5600 1270 5679 Darlieriniltzcc
1309 5603 1630 5679 leguntur}
1684 5599 1892 5679 Φλυαρε

1722 5599 1968 5679 ληρεῖς,
2074 5599 2311 5679 δέχεται,
2361 5599 2476 5660 ὁιλλς
2510 5599 2681 5679 οὕτως
2711 5599 2908 5679 Ἕλλην
2935 5599 3219 5679 ὑπάρχεις.

406 5666 600 5751 μάταιε
634 5671 897 5751 αἱρετικέἷ
921 5671 1052 5751 Θεὸς
1090 5670 1200 5751 γᾴρ
1252 5666 1370 5751 καὶὴ
1397 5666 1478 5751 ἦν.
1512 5670 1636 5751 ἀεὶ,
1671 5671 1767 5751 καὶ
1809 5666 1903 5751 αρτ

2159 5666 2260 5751 ξῖῑὶ)
2295 5666 2412 5732 Kal
2446 5680 2588 5745 Θεὸς
2615 5666 2695 5748 in!
2715 5684 2746 5733 ὁ
2776 5666 2983 5750 Adi-oc.
3014 5666 3137 5734 llic}:
3166 5666 3361 5736 desunt
3390 5679 3442 5736 in
3468 5675 3656 5734 codice

402 5744 546 5792 ἐστιν
568 5742 599 5811 ἡ
623 5741 810 5811 σοφία·
845 5743 943 5796 οὐκ
973 5741 1102 5814 ἄλλη
1134 5744 1166 5814 ἡ
1204 5742 1362 5813 σοφία
1396 5743 1489 5794 καὶ
1518 5741 1679 5807 αὐτὸς
1713 5743 1769 5793 ὲν
1808 5742 1964 5813 αὐτῇ.
2077 5741 2381 5799 Bodleiano.
