  <div class='ocr_page' id='page_1' title='image "/cluster/home/n/w/nwhite01/storage/ocr_20150623/14/mdp.39015052831362/060.png"; bbox 0 0 3792 6146; ppageno 0'>
   <div class='ocr_carea' id='block_1_1' title="bbox 181 309 287 365">
    <p class='ocr_par' dir='ltr' id='par_1_1' title="bbox 181 309 287 365">
     <span class='ocr_line' id='line_1_1' title="bbox 181 309 287 365; baseline 0.009 -2"><span class='ocrx_word' id='word_1_1' title='bbox 181 309 287 365; x_wconf 77' lang='grc'><strong>105</strong></span> 
     </span>
    </p>
   </div>
   <div class='ocr_carea' id='block_1_2' title="bbox 1286 291 2364 359">
    <p class='ocr_par' dir='ltr' id='par_1_2' title="bbox 1286 291 2364 359">
     <span class='ocr_line' id='line_1_2' title="bbox 1286 291 2364 359; baseline -0.01 0"><span class='ocrx_word' id='word_1_2' title='bbox 1286 299 1645 359; x_wconf 72' lang='lat' dir='ltr'><strong>COMMENT.</strong></span> <span class='ocrx_word' id='word_1_3' title='bbox 1688 296 1753 352; x_wconf 87' lang='lat' dir='ltr'><strong>IN</strong></span> <span class='ocrx_word' id='word_1_4' title='bbox 1791 294 1988 352; x_wconf 78' lang='lat' dir='ltr'><strong>IOAN.</strong></span> <span class='ocrx_word' id='word_1_5' title='bbox 2026 292 2269 350; x_wconf 73' lang='lat' dir='ltr'><strong>TOMUS</strong></span> <span class='ocrx_word' id='word_1_6' title='bbox 2299 291 2364 348; x_wconf 93' lang='lat' dir='ltr'><strong>II.</strong></span> 
     </span>
    </p>
   </div>
   <div class='ocr_carea' id='block_1_3' title="bbox 3330 291 3434 347">
    <p class='ocr_par' dir='ltr' id='par_1_3' title="bbox 3330 291 3434 347">
     <span class='ocr_line' id='line_1_3' title="bbox 3330 291 3434 347; baseline -0.067 0"><span class='ocrx_word' id='word_1_7' title='bbox 3330 291 3434 347; x_wconf 74' lang='lat' dir='ltr'><strong>tor.</strong></span> 
     </span>
    </p>
   </div>
   <div class='ocr_carea' id='block_1_4' title="bbox 175 383 1750 470">
    <p class='ocr_par' dir='ltr' id='par_1_4' title="bbox 175 393 1750 470">
     <span class='ocr_line' id='line_1_4' title="bbox 175 393 1750 470; baseline -0.006 -15"><span class='ocrx_word' id='word_1_8' title='bbox 175 398 391 470; x_wconf 65' lang='grc' dir='ltr'>ἐγενήθη</span> <span class='ocrx_word' id='word_1_9' title='bbox 427 395 559 468; x_wconf 81' lang='grc' dir='ltr'>πρὸς</span> <span class='ocrx_word' id='word_1_10' title='bbox 597 396 790 468; x_wconf 79' lang='grc' dir='ltr'>Ὠσηὲ,</span> <span class='ocrx_word' id='word_1_11' title='bbox 823 399 925 452; x_wconf 74' lang='grc' dir='ltr'>καὶ</span> <span class='ocrx_word' id='word_1_12' title='bbox 978 400 1008 452; x_wconf 98' lang='lat'><strong>6</strong></span> <span class='ocrx_word' id='word_1_13' title='bbox 1048 397 1202 460; x_wconf 80' lang='grc' dir='ltr'>λόγος</span> <span class='ocrx_word' id='word_1_14' title='bbox 1243 397 1391 450; x_wconf 72' lang='grc' dir='ltr'>ἐστὶν</span> <span class='ocrx_word' id='word_1_15' title='bbox 1418 399 1447 448; x_wconf 93' lang='lat'><strong>6</strong></span> <span class='ocrx_word' id='word_1_16' title='bbox 1472 393 1750 465; x_wconf 77' lang='grc' dir='ltr'>γενόμενος</span> 
     </span>
    </p>
   </div>
   <div class='ocr_carea' id='block_1_5' title="bbox 1874 383 3433 470">
    <p class='ocr_par' dir='ltr' id='par_1_5' title="bbox 1874 383 3433 452">
     <span class='ocr_line' id='line_1_5' title="bbox 1874 383 3433 452; baseline -0.001 -9"><span class='ocrx_word' id='word_1_17' title='bbox 1874 389 2108 443; x_wconf 81' lang='lat' dir='ltr'><strong>siccitate</strong></span> <span class='ocrx_word' id='word_1_18' title='bbox 2127 386 2274 440; x_wconf 70' lang='grc' dir='ltr'><strong>⁷³·θε.</strong></span> <span class='ocrx_word' id='word_1_19' title='bbox 2307 403 2326 436; x_wconf 85' lang='lat'><strong>1</strong></span> <span class='ocrx_word' id='word_1_20' title='bbox 2363 383 2643 451; x_wconf 78' lang='lat' dir='ltr'><strong>Quomodo</strong></span> <span class='ocrx_word' id='word_1_21' title='bbox 2659 397 2790 452; x_wconf 83' lang='lat' dir='ltr'><strong>ergo</strong></span> <span class='ocrx_word' id='word_1_22' title='bbox 2812 399 2992 440; x_wconf 83' lang='lat' dir='ltr'><strong>sermo</strong></span> <span class='ocrx_word' id='word_1_23' title='bbox 3016 387 3229 444; x_wconf 85' lang='lat' dir='ltr'><strong>Domini</strong></span> <span class='ocrx_word' id='word_1_24' title='bbox 3257 386 3433 442; x_wconf 77' lang='lat' dir='ltr'><strong>factus</strong></span> 
     </span>
    </p>
   </div>
   <div class='ocr_carea' id='block_1_6' title="bbox 172 485 1764 561">
    <p class='ocr_par' dir='ltr' id='par_1_6' title="bbox 172 485 1764 561">
     <span class='ocr_line' id='line_1_6' title="bbox 172 485 1764 561; baseline -0.004 -17"><span class='ocrx_word' id='word_1_25' title='bbox 172 490 306 561; x_wconf 70' lang='grc' dir='ltr'>πρὸς</span> <span class='ocrx_word' id='word_1_26' title='bbox 345 488 566 540; x_wconf 72' lang='grc' dir='ltr'>Ἡσαΐαν</span> <span class='ocrx_word' id='word_1_27' title='bbox 624 487 743 540; x_wconf 83' lang='grc' dir='ltr'>υἱὸν</span> <span class='ocrx_word' id='word_1_28' title='bbox 787 488 995 558; x_wconf 78' lang='grc' dir='ltr'>Ἀμῶς,</span> <span class='ocrx_word' id='word_1_29' title='bbox 1039 489 1132 542; x_wconf 71' lang='grc' dir='ltr'>καὶ</span> <span class='ocrx_word' id='word_1_30' title='bbox 1171 487 1333 540; x_wconf 87' lang='grc' dir='ltr'>πάλιν</span> <span class='ocrx_word' id='word_1_31' title='bbox 1370 488 1400 539; x_wconf 93' lang='lat'><strong>6</strong></span> <span class='ocrx_word' id='word_1_32' title='bbox 1433 485 1591 555; x_wconf 81' lang='grc' dir='ltr'>λόγος</span> <span class='ocrx_word' id='word_1_33' title='bbox 1628 485 1764 556; x_wconf 88' lang='grc' dir='ltr'>πρὸς</span> 
     </span>
    </p>
   </div>
   <div class='ocr_carea' id='block_1_7' title="bbox 182 577 1766 652">
    <p class='ocr_par' dir='ltr' id='par_1_7' title="bbox 182 577 1766 652">
     <span class='ocr_line' id='line_1_7' title="bbox 182 577 1766 652; baseline -0.002 -20"><span class='ocrx_word' id='word_1_34' title='bbox 182 578 445 652; x_wconf 81' lang='grc' dir='ltr'>Ἰερεμίαν</span> <span class='ocrx_word' id='word_1_35' title='bbox 481 578 612 649; x_wconf 70' lang='grc' dir='ltr'>περὶ</span> <span class='ocrx_word' id='word_1_36' title='bbox 657 577 764 647; x_wconf 81' lang='grc' dir='ltr'><strong>τῆς</strong></span> <span class='ocrx_word' id='word_1_37' title='bbox 808 579 1094 650; x_wconf 77' lang='grc' dir='ltr'>ἀϐροχίας,</span> <span class='ocrx_word' id='word_1_38' title='bbox 1130 579 1547 648; x_wconf 82' lang='grc' dir='ltr'>ὲπισκοπητέον,</span> <span class='ocrx_word' id='word_1_39' title='bbox 1581 578 1646 630; x_wconf 79' lang='grc' dir='ltr'><strong>ἵν’</strong></span> <span class='ocrx_word' id='word_1_40' title='bbox 1689 577 1766 640; x_wconf 82' lang='grc' dir='ltr'>ὡς</span> 
     </span>
    </p>
   </div>
   <div class='ocr_carea' id='block_1_8' title="bbox 171 665 1764 742">
    <p class='ocr_par' dir='ltr' id='par_1_8' title="bbox 171 665 1764 742">
     <span class='ocr_line' id='line_1_8' title="bbox 171 665 1764 742; baseline -0.001 -19"><span class='ocrx_word' id='word_1_41' title='bbox 171 671 571 742; x_wconf 71' lang='grc' dir='ltr'>παρακείμενον</span> <span class='ocrx_word' id='word_1_42' title='bbox 597 670 893 740; x_wconf 79' lang='grc' dir='ltr'>εὑρεθῆναι</span> <span class='ocrx_word' id='word_1_43' title='bbox 921 669 1121 742; x_wconf 79' lang='grc' dir='ltr'><strong>δυνηθῇ</strong></span> <span class='ocrx_word' id='word_1_44' title='bbox 1151 669 1267 734; x_wconf 86' lang='grc' dir='ltr'><strong>πῶς</strong></span> <span class='ocrx_word' id='word_1_45' title='bbox 1288 672 1316 723; x_wconf 90' lang='lat'><strong>6</strong></span> <span class='ocrx_word' id='word_1_46' title='bbox 1345 671 1516 739; x_wconf 83' lang='grc' dir='ltr'><strong>Λόγος</strong></span> <span class='ocrx_word' id='word_1_47' title='bbox 1545 665 1612 742; x_wconf 76' lang='grc' dir='ltr'>ἦν</span> <span class='ocrx_word' id='word_1_48' title='bbox 1630 669 1764 742; x_wconf 88' lang='grc' dir='ltr'>πρὸς</span> 
     </span>
    </p>
   </div>
   <div class='ocr_carea' id='block_1_9' title="bbox 168 760 1764 836">
    <p class='ocr_par' dir='ltr' id='par_1_9' title="bbox 168 760 1764 836">
     <span class='ocr_line' id='line_1_9' title="bbox 168 760 1764 836; baseline 0.001 -21"><span class='ocrx_word' id='word_1_49' title='bbox 168 762 262 815; x_wconf 80' lang='grc' dir='ltr'><strong>τὸν</strong></span> <span class='ocrx_word' id='word_1_50' title='bbox 297 763 450 817; x_wconf 87' lang='grc' dir='ltr'>Θεόν.</span> <span class='ocrx_word' id='word_1_51' title='bbox 496 764 557 817; x_wconf 91' lang='lat'><strong>&#39;0</strong></span> <span class='ocrx_word' id='word_1_52' title='bbox 587 763 685 833; x_wconf 79' lang='grc' dir='ltr'><strong>μὲν</strong></span> <span class='ocrx_word' id='word_1_53' title='bbox 715 760 812 817; x_wconf 74' lang='grc' dir='ltr'>οὖν</span> <span class='ocrx_word' id='word_1_54' title='bbox 860 764 1028 828; x_wconf 77' lang='grc' dir='ltr'>πολὺς</span> <span class='ocrx_word' id='word_1_55' title='bbox 1071 764 1438 836; x_wconf 80' lang='grc' dir='ltr'><strong>ἁπλούστερον</strong></span> <span class='ocrx_word' id='word_1_56' title='bbox 1471 763 1764 835; x_wconf 72' lang='grc' dir='ltr'>ὲκλήψεται</span> 
     </span>
    </p>
   </div>
   <div class='ocr_carea' id='block_1_10' title="bbox 170 854 1762 930">
    <p class='ocr_par' dir='ltr' id='par_1_10' title="bbox 170 854 1762 930">
     <span class='ocr_line' id='line_1_10' title="bbox 170 854 1762 930; baseline 0.003 -23"><span class='ocrx_word' id='word_1_57' title='bbox 170 854 236 908; x_wconf 70' lang='grc' dir='ltr'><strong>τά</strong></span> <span class='ocrx_word' id='word_1_58' title='bbox 271 855 397 925; x_wconf 79' lang='grc' dir='ltr'>περὶ</span> <span class='ocrx_word' id='word_1_59' title='bbox 433 856 542 908; x_wconf 85' lang='grc' dir='ltr'>τῶν</span> <span class='ocrx_word' id='word_1_60' title='bbox 578 856 876 926; x_wconf 73' lang='grc' dir='ltr'><strong>προφητῶν</strong></span> <span class='ocrx_word' id='word_1_61' title='bbox 916 857 1204 928; x_wconf 76' lang='grc' dir='ltr'><strong>εἰρημένα,</strong></span> <span class='ocrx_word' id='word_1_62' title='bbox 1233 859 1310 921; x_wconf 84' lang='grc' dir='ltr'>ὡς</span> <span class='ocrx_word' id='word_1_63' title='bbox 1341 857 1500 926; x_wconf 82' lang='grc' dir='ltr'>λόγου</span> <span class='ocrx_word' id='word_1_64' title='bbox 1534 857 1762 930; x_wconf 85' lang='grc' dir='ltr'>Κυρίου,</span> 
     </span>
    </p>
   </div>
   <div class='ocr_carea' id='block_1_11' title="bbox 166 947 1764 1021">
    <p class='ocr_par' dir='ltr' id='par_1_11' title="bbox 166 947 1764 1021">
     <span class='ocr_line' id='line_1_11' title="bbox 166 947 1764 1021; baseline 0.003 -22"><span class='ocrx_word' id='word_1_65' title='bbox 166 949 200 1017; x_wconf 77' lang='grc' dir='ltr'><strong>ἢ</strong></span> <span class='ocrx_word' id='word_1_66' title='bbox 248 947 342 1000; x_wconf 81' lang='grc' dir='ltr'><strong>τοῦ</strong></span> <span class='ocrx_word' id='word_1_67' title='bbox 381 947 546 1016; x_wconf 81' lang='grc' dir='ltr'>λόγου</span> <span class='ocrx_word' id='word_1_68' title='bbox 577 948 873 1019; x_wconf 82' lang='grc' dir='ltr'>γενομένου</span> <span class='ocrx_word' id='word_1_69' title='bbox 913 949 1049 1021; x_wconf 81' lang='grc' dir='ltr'>πρὸς</span> <span class='ocrx_word' id='word_1_70' title='bbox 1081 949 1297 1012; x_wconf 81' lang='grc' dir='ltr'>αὐτούς.</span> <span class='ocrx_word' id='word_1_71' title='bbox 1331 951 1559 1021; x_wconf 80' lang='grc' dir='ltr'><strong>Μήποτε</strong></span> <span class='ocrx_word' id='word_1_72' title='bbox 1597 951 1654 1004; x_wconf 84' lang='grc' dir='ltr'>δὲ</span> <span class='ocrx_word' id='word_1_73' title='bbox 1688 949 1764 1013; x_wconf 84' lang='grc' dir='ltr'><strong>ὣς</strong></span> 
     </span>
    </p>
   </div>
   <div class='ocr_carea' id='block_1_12' title="bbox 168 1041 1764 1112">
    <p class='ocr_par' dir='ltr' id='par_1_12' title="bbox 168 1041 1764 1112">
     <span class='ocr_line' id='line_1_12' title="bbox 168 1041 1764 1112; baseline 0.003 -20"><span class='ocrx_word' id='word_1_74' title='bbox 168 1057 349 1110; x_wconf 72' lang='grc' dir='ltr'>φαμεν</span> <span class='ocrx_word' id='word_1_75' title='bbox 387 1041 542 1096; x_wconf 68' lang='grc' dir='ltr'>τόνδε</span> <span class='ocrx_word' id='word_1_76' title='bbox 582 1041 705 1095; x_wconf 74' lang='grc' dir='ltr'>τινὰ</span> <span class='ocrx_word' id='word_1_77' title='bbox 733 1042 871 1112; x_wconf 88' lang='grc' dir='ltr'>πρὸς</span> <span class='ocrx_word' id='word_1_78' title='bbox 911 1043 1060 1095; x_wconf 85' lang='grc' dir='ltr'>τόνδε</span> <span class='ocrx_word' id='word_1_79' title='bbox 1099 1042 1365 1111; x_wconf 86' lang='grc' dir='ltr'>γίνεσθαι,</span> <span class='ocrx_word' id='word_1_80' title='bbox 1405 1042 1578 1106; x_wconf 75' lang='grc' dir='ltr'>οὓτως</span> <span class='ocrx_word' id='word_1_81' title='bbox 1619 1041 1764 1096; x_wconf 89' lang='grc' dir='ltr'>όνῦν</span> 
     </span>
    </p>
   </div>
   <div class='ocr_carea' id='block_1_13' title="bbox 166 1128 1764 1204">
    <p class='ocr_par' dir='ltr' id='par_1_13' title="bbox 166 1128 1764 1204">
     <span class='ocr_line' id='line_1_13' title="bbox 166 1128 1764 1204; baseline 0.003 -23"><span class='ocrx_word' id='word_1_82' title='bbox 166 1128 594 1201; x_wconf 78' lang='grc' dir='ltr'>θεολογούμενος</span> <span class='ocrx_word' id='word_1_83' title='bbox 625 1131 757 1194; x_wconf 80' lang='grc' dir='ltr'>Υἱὸς</span> <span class='ocrx_word' id='word_1_84' title='bbox 784 1133 955 1200; x_wconf 80' lang='grc' dir='ltr'>Λόγος</span> <span class='ocrx_word' id='word_1_85' title='bbox 985 1132 1216 1204; x_wconf 78' lang='grc' dir='ltr'>ἐγενήθη</span> <span class='ocrx_word' id='word_1_86' title='bbox 1251 1133 1389 1203; x_wconf 88' lang='grc' dir='ltr'>πρὸς</span> <span class='ocrx_word' id='word_1_87' title='bbox 1428 1132 1606 1203; x_wconf 84' lang='grc' dir='ltr'>Ὠσηὲ,</span> <span class='ocrx_word' id='word_1_88' title='bbox 1632 1134 1764 1185; x_wconf 82' lang='grc' dir='ltr'>ἀπο-</span> 
     </span>
    </p>
   </div>
   <div class='ocr_carea' id='block_1_14' title="bbox 171 1221 1762 1297">
    <p class='ocr_par' dir='ltr' id='par_1_14' title="bbox 171 1221 1762 1297">
     <span class='ocr_line' id='line_1_14' title="bbox 171 1221 1762 1297; baseline 0.003 -25"><span class='ocrx_word' id='word_1_89' title='bbox 171 1222 388 1286; x_wconf 78' lang='grc' dir='ltr'>σταλεὶς</span> <span class='ocrx_word' id='word_1_90' title='bbox 421 1223 528 1275; x_wconf 82' lang='grc' dir='ltr'><strong>ὑπὸ</strong></span> <span class='ocrx_word' id='word_1_91' title='bbox 572 1221 668 1276; x_wconf 88' lang='grc' dir='ltr'><strong>τοῦ</strong></span> <span class='ocrx_word' id='word_1_92' title='bbox 698 1223 911 1294; x_wconf 73' lang='grc' dir='ltr'>Πατρὸς</span> <span class='ocrx_word' id='word_1_93' title='bbox 951 1225 1087 1296; x_wconf 86' lang='grc' dir='ltr'>πρὸς</span> <span class='ocrx_word' id='word_1_94' title='bbox 1128 1224 1309 1277; x_wconf 84' lang='grc' dir='ltr'>αὐτόν·</span> <span class='ocrx_word' id='word_1_95' title='bbox 1343 1223 1484 1278; x_wconf 80' lang='grc' dir='ltr'>κατὰ</span> <span class='ocrx_word' id='word_1_96' title='bbox 1519 1224 1616 1294; x_wconf 82' lang='grc' dir='ltr'><strong>μὲν</strong></span> <span class='ocrx_word' id='word_1_97' title='bbox 1664 1225 1762 1297; x_wconf 82' lang='grc' dir='ltr'><strong>τὴν</strong></span> 
     </span>
    </p>
   </div>
   <div class='ocr_carea' id='block_1_15' title="bbox 166 1315 1759 1389">
    <p class='ocr_par' dir='ltr' id='par_1_15' title="bbox 166 1315 1759 1389">
     <span class='ocr_line' id='line_1_15' title="bbox 166 1315 1759 1389; baseline 0.003 -23"><span class='ocrx_word' id='word_1_98' title='bbox 166 1315 415 1385; x_wconf 68' lang='grc' dir='ltr'>ἱστορίαν</span> <span class='ocrx_word' id='word_1_99' title='bbox 443 1316 580 1387; x_wconf 73' lang='grc' dir='ltr'>πρὸς</span> <span class='ocrx_word' id='word_1_100' title='bbox 620 1317 711 1370; x_wconf 87' lang='grc' dir='ltr'><strong>τὸν</strong></span> <span class='ocrx_word' id='word_1_101' title='bbox 745 1318 860 1370; x_wconf 85' lang='grc' dir='ltr'>υἱὸν</span> <span class='ocrx_word' id='word_1_102' title='bbox 888 1318 981 1372; x_wconf 88' lang='grc' dir='ltr'><strong>τοῦ</strong></span> <span class='ocrx_word' id='word_1_103' title='bbox 1012 1317 1208 1389; x_wconf 76' lang='grc' dir='ltr'>Βεηρεὶ</span> <span class='ocrx_word' id='word_1_104' title='bbox 1254 1319 1541 1388; x_wconf 77' lang='grc' dir='ltr'><strong>προφήτην</strong></span> <span class='ocrx_word' id='word_1_105' title='bbox 1583 1317 1759 1388; x_wconf 83' lang='grc' dir='ltr'><strong>Ὠσηὲ,</strong></span> 
     </span>
    </p>
   </div>
   <div class='ocr_carea' id='block_1_16' title="bbox 170 1406 1762 1482">
    <p class='ocr_par' dir='ltr' id='par_1_16' title="bbox 170 1406 1762 1482">
     <span class='ocr_line' id='line_1_16' title="bbox 170 1406 1762 1482; baseline 0.002 -24"><span class='ocrx_word' id='word_1_106' title='bbox 170 1409 315 1460; x_wconf 72' lang='grc' dir='ltr'>κατὰ</span> <span class='ocrx_word' id='word_1_107' title='bbox 347 1407 406 1461; x_wconf 77' lang='grc' dir='ltr'><strong>δὲ</strong></span> <span class='ocrx_word' id='word_1_108' title='bbox 434 1409 702 1478; x_wconf 83' lang='grc' dir='ltr'>μυστικὸν</span> <span class='ocrx_word' id='word_1_109' title='bbox 738 1409 894 1478; x_wconf 90' lang='grc' dir='ltr'>λόγον</span> <span class='ocrx_word' id='word_1_110' title='bbox 930 1410 1066 1482; x_wconf 86' lang='grc' dir='ltr'>πρὸς</span> <span class='ocrx_word' id='word_1_111' title='bbox 1104 1409 1194 1463; x_wconf 91' lang='grc' dir='ltr'><strong>τὸν</strong></span> <span class='ocrx_word' id='word_1_112' title='bbox 1222 1406 1534 1480; x_wconf 76' lang='grc' dir='ltr'>Σωζόμενον</span> <span class='ocrx_word' id='word_1_113' title='bbox 1570 1408 1762 1481; x_wconf 82' lang='grc' dir='ltr'>(Ὠσηὲ</span> 
     </span>
    </p>
   </div>
   <div class='ocr_carea' id='block_1_17' title="bbox 163 1498 1763 1577">
    <p class='ocr_par' dir='ltr' id='par_1_17' title="bbox 163 1498 1763 1577">
     <span class='ocr_line' id='line_1_17' title="bbox 163 1498 1763 1577; baseline 0.003 -27"><span class='ocrx_word' id='word_1_114' title='bbox 163 1498 274 1570; x_wconf 76' lang='grc' dir='ltr'>γὰρ</span> <span class='ocrx_word' id='word_1_115' title='bbox 319 1501 691 1572; x_wconf 75' lang='grc' dir='ltr'>ἑρμηνεύεται</span> <span class='ocrx_word' id='word_1_116' title='bbox 732 1501 1065 1573; x_wconf 75' lang='grc' dir='ltr'><strong>σωζόμενος</strong></span> <span class='ocrx_word' id='word_1_117' title='bbox 1095 1499 1248 1577; x_wconf 82' lang='grc'><strong>[75])</strong></span> <span class='ocrx_word' id='word_1_118' title='bbox 1289 1503 1403 1554; x_wconf 83' lang='grc' dir='ltr'>υἱὸν</span> <span class='ocrx_word' id='word_1_119' title='bbox 1443 1503 1659 1574; x_wconf 74' lang='grc' dir='ltr'>Βεηρεὶ,</span> <span class='ocrx_word' id='word_1_120' title='bbox 1705 1503 1763 1564; x_wconf 84' lang='grc' dir='ltr'><strong>ὃς</strong></span> 
     </span>
    </p>
   </div>
   <div class='ocr_carea' id='block_1_18' title="bbox 165 1591 1765 1667">
    <p class='ocr_par' dir='ltr' id='par_1_18' title="bbox 165 1591 1765 1667">
     <span class='ocr_line' id='line_1_18' title="bbox 165 1591 1765 1667; baseline 0.001 -23"><span class='ocrx_word' id='word_1_121' title='bbox 165 1593 537 1662; x_wconf 77' lang='grc' dir='ltr'>ἑρμηνεύεται</span> <span class='ocrx_word' id='word_1_122' title='bbox 581 1591 844 1664; x_wconf 65' lang='grc' dir='ltr'>φρέατα·</span> <span class='ocrx_word' id='word_1_123' title='bbox 889 1594 1074 1665; x_wconf 86' lang='grc' dir='ltr'>πηγῆς</span> <span class='ocrx_word' id='word_1_124' title='bbox 1118 1596 1226 1667; x_wconf 85' lang='grc' dir='ltr'>γὰρ</span> <span class='ocrx_word' id='word_1_125' title='bbox 1271 1597 1335 1649; x_wconf 79' lang='grc' dir='ltr'>ἐκ</span> <span class='ocrx_word' id='word_1_126' title='bbox 1389 1593 1584 1665; x_wconf 84' lang='grc' dir='ltr'>βάθους</span> <span class='ocrx_word' id='word_1_127' title='bbox 1635 1595 1765 1647; x_wconf 84' lang='grc' dir='ltr'>ἀνα-</span> 
     </span>
    </p>
   </div>
   <div class='ocr_carea' id='block_1_19' title="bbox 1864 474 3434 543">
    <p class='ocr_par' dir='ltr' id='par_1_19' title="bbox 1864 474 3434 543">
     <span class='ocr_line' id='line_1_19' title="bbox 1864 474 3434 543; baseline 0 -9"><span class='ocrx_word' id='word_1_128' title='bbox 1864 489 1949 534; x_wconf 87' lang='lat' dir='ltr'><strong>est</strong></span> <span class='ocrx_word' id='word_1_129' title='bbox 1986 479 2052 532; x_wconf 87' lang='lat' dir='ltr'><strong>ad</strong></span> <span class='ocrx_word' id='word_1_130' title='bbox 2077 479 2273 534; x_wconf 88' lang='lat' dir='ltr'><strong>Oseam</strong></span> <span class='ocrx_word' id='word_1_131' title='bbox 2309 486 2364 532; x_wconf 84' lang='lat' dir='ltr'><strong>et</strong></span> <span class='ocrx_word' id='word_1_132' title='bbox 2397 490 2580 530; x_wconf 84' lang='lat' dir='ltr'><strong>sermo</strong></span> <span class='ocrx_word' id='word_1_133' title='bbox 2620 477 2689 530; x_wconf 84' lang='lat' dir='ltr'><strong>ad</strong></span> <span class='ocrx_word' id='word_1_134' title='bbox 2737 474 2932 532; x_wconf 88' lang='lat' dir='ltr'><strong>Isaiam</strong></span> <span class='ocrx_word' id='word_1_135' title='bbox 2967 479 3132 532; x_wconf 74' lang='lat' dir='ltr'><strong>[ilium</strong></span> <span class='ocrx_word' id='word_1_136' title='bbox 3157 481 3348 543; x_wconf 84' lang='lat' dir='ltr'><strong>Amos,</strong></span> <span class='ocrx_word' id='word_1_137' title='bbox 3381 491 3434 534; x_wconf 81' lang='lat' dir='ltr'><strong>et</strong></span> 
     </span>
    </p>
   </div>
   <div class='ocr_carea' id='block_1_20' title="bbox 1868 565 3436 636">
    <p class='ocr_par' dir='ltr' id='par_1_20' title="bbox 1868 565 3436 636">
     <span class='ocr_line' id='line_1_20' title="bbox 1868 565 3436 636; baseline 0.003 -12"><span class='ocrx_word' id='word_1_138' title='bbox 1868 584 2060 624; x_wconf 85' lang='lat' dir='ltr'><strong>rursus</strong></span> <span class='ocrx_word' id='word_1_139' title='bbox 2101 569 2170 623; x_wconf 92' lang='lat' dir='ltr'><strong>ad</strong></span> <span class='ocrx_word' id='word_1_140' title='bbox 2213 565 2504 622; x_wconf 81' lang='lat' dir='ltr'><strong>Jererniam</strong></span> <span class='ocrx_word' id='word_1_141' title='bbox 2539 569 2608 621; x_wconf 90' lang='lat' dir='ltr'><strong>de</strong></span> <span class='ocrx_word' id='word_1_142' title='bbox 2657 567 2928 636; x_wconf 72' lang='lat' dir='ltr'><strong>siccitate,</strong></span> <span class='ocrx_word' id='word_1_143' title='bbox 2976 572 3436 628; x_wconf 87' lang='lat' dir='ltr'><strong>considerandum</strong></span> 
     </span>
    </p>
   </div>
   <div class='ocr_carea' id='block_1_21' title="bbox 1864 659 3437 733">
    <p class='ocr_par' dir='ltr' id='par_1_21' title="bbox 1864 659 3437 733">
     <span class='ocr_line' id='line_1_21' title="bbox 1864 659 3437 733; baseline 0 -16"><span class='ocrx_word' id='word_1_144' title='bbox 1864 671 1970 728; x_wconf 88' lang='lat' dir='ltr'><strong>est,</strong></span> <span class='ocrx_word' id='word_1_145' title='bbox 2006 663 2198 725; x_wconf 89' lang='lat' dir='ltr'><strong>utsic,</strong></span> <span class='ocrx_word' id='word_1_146' title='bbox 2243 660 2539 716; x_wconf 76' lang='lat' dir='ltr'><strong>collatione</strong></span> <span class='ocrx_word' id='word_1_147' title='bbox 2585 659 2759 726; x_wconf 84' lang='lat' dir='ltr'><strong>facta,</strong></span> <span class='ocrx_word' id='word_1_148' title='bbox 2800 661 3030 717; x_wconf 88' lang='lat' dir='ltr'><strong>inveniri</strong></span> <span class='ocrx_word' id='word_1_149' title='bbox 3080 664 3250 733; x_wconf 87' lang='lat' dir='ltr'><strong>possit</strong></span> <span class='ocrx_word' id='word_1_150' title='bbox 3297 681 3437 733; x_wconf 79' lang='lat' dir='ltr'><strong>qun-</strong></span> 
     </span>
    </p>
   </div>
   <div class='ocr_carea' id='block_1_22' title="bbox 1865 751 3440 828">
    <p class='ocr_par' dir='ltr' id='par_1_22' title="bbox 1865 751 3440 828">
     <span class='ocr_line' id='line_1_22' title="bbox 1865 751 3440 828; baseline 0.001 -18"><span class='ocrx_word' id='word_1_151' title='bbox 1865 771 1991 810; x_wconf 88' lang='lat' dir='ltr'><strong>nam</strong></span> <span class='ocrx_word' id='word_1_152' title='bbox 2044 764 2204 824; x_wconf 89' lang='lat' dir='ltr'><strong>pacto</strong></span> <span class='ocrx_word' id='word_1_153' title='bbox 2257 753 2449 808; x_wconf 88' lang='lat' dir='ltr'><strong>Sermo</strong></span> <span class='ocrx_word' id='word_1_154' title='bbox 2511 751 2599 806; x_wconf 92' lang='lat' dir='ltr'><strong>ille</strong></span> <span class='ocrx_word' id='word_1_155' title='bbox 2651 761 2772 807; x_wconf 84' lang='lat' dir='ltr'><strong>erat</strong></span> <span class='ocrx_word' id='word_1_156' title='bbox 2823 754 2963 824; x_wconf 87' lang='lat' dir='ltr'><strong>apud</strong></span> <span class='ocrx_word' id='word_1_157' title='bbox 3019 753 3211 810; x_wconf 90' lang='lat' dir='ltr'><strong>Deum.</strong></span> <span class='ocrx_word' id='word_1_158' title='bbox 3263 759 3440 828; x_wconf 84' lang='lat' dir='ltr'><strong>Atque</strong></span> 
     </span>
    </p>
   </div>
   <div class='ocr_carea' id='block_1_23' title="bbox 1863 845 3438 917">
    <p class='ocr_par' dir='ltr' id='par_1_23' title="bbox 1863 845 3438 917">
     <span class='ocr_line' id='line_1_23' title="bbox 1863 845 3438 917; baseline 0.001 -15"><span class='ocrx_word' id='word_1_159' title='bbox 1863 847 2114 916; x_wconf 82' lang='lat' dir='ltr'><strong>equidem</strong></span> <span class='ocrx_word' id='word_1_160' title='bbox 2169 845 2360 917; x_wconf 76' lang='lat' dir='ltr'><strong>vulgus</strong></span> <span class='ocrx_word' id='word_1_161' title='bbox 2402 845 2703 914; x_wconf 88' lang='lat' dir='ltr'><strong>simplicius</strong></span> <span class='ocrx_word' id='word_1_162' title='bbox 2763 856 3000 915; x_wconf 75' lang='lat' dir='ltr'><strong>exponet</strong></span> <span class='ocrx_word' id='word_1_163' title='bbox 3049 848 3438 917; x_wconf 88' lang='lat' dir='ltr'><strong>prophetarum</strong></span> 
     </span>
    </p>
   </div>
   <div class='ocr_carea' id='block_1_24' title="bbox 1865 935 3440 1001">
    <p class='ocr_par' dir='ltr' id='par_1_24' title="bbox 1865 935 3440 1001">
     <span class='ocr_line' id='line_1_24' title="bbox 1865 935 3440 1001; baseline 0.001 -10"><span class='ocrx_word' id='word_1_164' title='bbox 1865 939 2029 1001; x_wconf 89' lang='lat' dir='ltr'><strong>dicta,</strong></span> <span class='ocrx_word' id='word_1_165' title='bbox 2081 935 2249 990; x_wconf 88' lang='lat' dir='ltr'><strong>veluti</strong></span> <span class='ocrx_word' id='word_1_166' title='bbox 2305 948 2559 989; x_wconf 88' lang='lat' dir='ltr'><strong>sermone</strong></span> <span class='ocrx_word' id='word_1_167' title='bbox 2595 935 2834 1000; x_wconf 88' lang='lat' dir='ltr'><strong>Domini,</strong></span> <span class='ocrx_word' id='word_1_168' title='bbox 2875 936 2957 991; x_wconf 87' lang='lat' dir='ltr'><strong>vel</strong></span> <span class='ocrx_word' id='word_1_169' title='bbox 2995 951 3246 992; x_wconf 87' lang='lat' dir='ltr'><strong>sermone</strong></span> <span class='ocrx_word' id='word_1_170' title='bbox 3291 936 3440 993; x_wconf 71' lang='lat' dir='ltr'><strong>facto</strong></span> 
     </span>
    </p>
   </div>
   <div class='ocr_carea' id='block_1_25' title="bbox 1865 1028 3441 1098">
    <p class='ocr_par' dir='ltr' id='par_1_25' title="bbox 1865 1028 3441 1098">
     <span class='ocr_line' id='line_1_25' title="bbox 1865 1028 3441 1098; baseline 0.002 -14"><span class='ocrx_word' id='word_1_171' title='bbox 1865 1030 1930 1084; x_wconf 88' lang='lat' dir='ltr'><strong>ad</strong></span> <span class='ocrx_word' id='word_1_172' title='bbox 1966 1031 2130 1098; x_wconf 89' lang='lat' dir='ltr'><strong>ipsos.</strong></span> <span class='ocrx_word' id='word_1_173' title='bbox 2169 1028 2248 1083; x_wconf 90' lang='lat' dir='ltr'><strong>Tn</strong></span> <span class='ocrx_word' id='word_1_174' title='bbox 2291 1044 2421 1084; x_wconf 87' lang='lat' dir='ltr'><strong>vero</strong></span> <span class='ocrx_word' id='word_1_175' title='bbox 2467 1029 2610 1094; x_wconf 76' lang='lat' dir='ltr'><strong>vide,</strong></span> <span class='ocrx_word' id='word_1_176' title='bbox 2657 1045 2725 1084; x_wconf 92' lang='lat' dir='ltr'><strong>ne</strong></span> <span class='ocrx_word' id='word_1_177' title='bbox 2773 1029 2912 1085; x_wconf 79' lang='lat' dir='ltr'><strong>forte</strong></span> <span class='ocrx_word' id='word_1_178' title='bbox 2938 1040 2994 1084; x_wconf 85' lang='lat' dir='ltr'><strong>ut</strong></span> <span class='ocrx_word' id='word_1_179' title='bbox 3032 1033 3264 1087; x_wconf 89' lang='lat' dir='ltr'><strong>dicimus</strong></span> <span class='ocrx_word' id='word_1_180' title='bbox 3297 1033 3441 1087; x_wconf 89' lang='lat' dir='ltr'><strong>hunc</strong></span> 
     </span>
    </p>
   </div>
   <div class='ocr_carea' id='block_1_26' title="bbox 1864 1121 3438 1196">
    <p class='ocr_par' dir='ltr' id='par_1_26' title="bbox 1864 1121 3438 1196">
     <span class='ocr_line' id='line_1_26' title="bbox 1864 1121 3438 1196; baseline 0.004 -22"><span class='ocrx_word' id='word_1_181' title='bbox 1864 1122 1928 1175; x_wconf 92' lang='lat' dir='ltr'><strong>ad</strong></span> <span class='ocrx_word' id='word_1_182' title='bbox 1973 1123 2117 1176; x_wconf 89' lang='lat' dir='ltr'><strong>hunc</strong></span> <span class='ocrx_word' id='word_1_183' title='bbox 2156 1121 2294 1184; x_wconf 83' lang='lat' dir='ltr'><strong>ﬁeri,</strong></span> <span class='ocrx_word' id='word_1_184' title='bbox 2349 1121 2429 1175; x_wconf 89' lang='lat' dir='ltr'><strong>sic</strong></span> <span class='ocrx_word' id='word_1_185' title='bbox 2472 1122 2826 1188; x_wconf 69' lang='lat' dir='ltr'><strong>etiam;nunc</strong></span> <span class='ocrx_word' id='word_1_186' title='bbox 2872 1138 2900 1175; x_wconf 89' lang='lat' dir='ltr'><strong>a</strong></span> <span class='ocrx_word' id='word_1_187' title='bbox 2944 1123 3100 1178; x_wconf 92' lang='lat' dir='ltr'><strong>nobis</strong></span> <span class='ocrx_word' id='word_1_188' title='bbox 3133 1125 3438 1196; x_wconf 78' lang='lat' dir='ltr'><strong>tlieologice</strong></span> 
     </span>
    </p>
   </div>
   <div class='ocr_carea' id='block_1_27' title="bbox 1863 1213 3439 1282">
    <p class='ocr_par' dir='ltr' id='par_1_27' title="bbox 1863 1213 3439 1282">
     <span class='ocr_line' id='line_1_27' title="bbox 1863 1213 3439 1282; baseline 0.001 -13"><span class='ocrx_word' id='word_1_189' title='bbox 1863 1215 2247 1270; x_wconf 80' lang='lat' dir='ltr'><strong>consideratus</strong></span> <span class='ocrx_word' id='word_1_190' title='bbox 2281 1213 2473 1282; x_wconf 89' lang='lat' dir='ltr'><strong>Filius,</strong></span> <span class='ocrx_word' id='word_1_191' title='bbox 2512 1229 2693 1270; x_wconf 87' lang='lat' dir='ltr'><strong>sermo</strong></span> <span class='ocrx_word' id='word_1_192' title='bbox 2741 1217 2917 1270; x_wconf 84' lang='lat' dir='ltr'><strong>factus</strong></span> <span class='ocrx_word' id='word_1_193' title='bbox 2964 1216 3038 1269; x_wconf 88' lang='lat' dir='ltr'><strong>sit</strong></span> <span class='ocrx_word' id='word_1_194' title='bbox 3088 1215 3154 1269; x_wconf 87' lang='lat' dir='ltr'><strong>ad</strong></span> <span class='ocrx_word' id='word_1_195' title='bbox 3204 1215 3439 1282; x_wconf 82' lang='lat' dir='ltr'><strong>Oscam,</strong></span> 
     </span>
    </p>
   </div>
   <div class='ocr_carea' id='block_1_28' title="bbox 1866 1304 3440 1378">
    <p class='ocr_par' dir='ltr' id='par_1_28' title="bbox 1866 1304 3440 1378">
     <span class='ocr_line' id='line_1_28' title="bbox 1866 1304 3440 1378; baseline 0.002 -20"><span class='ocrx_word' id='word_1_196' title='bbox 1866 1305 2066 1360; x_wconf 87' lang='lat' dir='ltr'><strong>missus</strong></span> <span class='ocrx_word' id='word_1_197' title='bbox 2099 1305 2166 1359; x_wconf 88' lang='lat' dir='ltr'><strong>ad</strong></span> <span class='ocrx_word' id='word_1_198' title='bbox 2197 1305 2373 1376; x_wconf 91' lang='lat' dir='ltr'><strong>ipsum</strong></span> <span class='ocrx_word' id='word_1_199' title='bbox 2405 1321 2435 1359; x_wconf 91' lang='lat' dir='ltr'><strong>a</strong></span> <span class='ocrx_word' id='word_1_200' title='bbox 2469 1304 2632 1359; x_wconf 86' lang='lat' dir='ltr'><strong>Patre</strong></span> <span class='ocrx_word' id='word_1_201' title='bbox 2662 1323 2675 1359; x_wconf 89' lang='lat'><strong>:</strong></span> <span class='ocrx_word' id='word_1_202' title='bbox 2707 1305 2852 1374; x_wconf 89' lang='lat' dir='ltr'><strong>quod</strong></span> <span class='ocrx_word' id='word_1_203' title='bbox 2889 1306 2955 1360; x_wconf 87' lang='lat' dir='ltr'><strong>ad</strong></span> <span class='ocrx_word' id='word_1_204' title='bbox 2991 1306 3276 1362; x_wconf 84' lang='lat' dir='ltr'><strong>historiam</strong></span> <span class='ocrx_word' id='word_1_205' title='bbox 3313 1309 3440 1378; x_wconf 90' lang='lat' dir='ltr'><strong>qui-</strong></span> 
     </span>
    </p>
   </div>
   <div class='ocr_carea' id='block_1_29' title="bbox 1865 1397 3439 1468">
    <p class='ocr_par' dir='ltr' id='par_1_29' title="bbox 1865 1397 3439 1468">
     <span class='ocr_line' id='line_1_29' title="bbox 1865 1397 3439 1468; baseline 0.001 -15"><span class='ocrx_word' id='word_1_206' title='bbox 1865 1400 1987 1453; x_wconf 91' lang='lat' dir='ltr'><strong>dem</strong></span> <span class='ocrx_word' id='word_1_207' title='bbox 2037 1400 2256 1464; x_wconf 89' lang='lat' dir='ltr'><strong>altinet,</strong></span> <span class='ocrx_word' id='word_1_208' title='bbox 2302 1401 2369 1453; x_wconf 91' lang='lat' dir='ltr'><strong>ad</strong></span> <span class='ocrx_word' id='word_1_209' title='bbox 2423 1402 2741 1468; x_wconf 83' lang='lat' dir='ltr'><strong>prophetam</strong></span> <span class='ocrx_word' id='word_1_210' title='bbox 2795 1397 2992 1454; x_wconf 88' lang='lat' dir='ltr'><strong>Oseam</strong></span> <span class='ocrx_word' id='word_1_211' title='bbox 3042 1399 3213 1455; x_wconf 84' lang='lat' dir='ltr'><strong>ﬁlium</strong></span> <span class='ocrx_word' id='word_1_212' title='bbox 3262 1400 3439 1463; x_wconf 87' lang='lat' dir='ltr'><strong>Beeri,</strong></span> 
     </span>
    </p>
   </div>
   <div class='ocr_carea' id='block_1_30' title="bbox 1863 1488 3432 1557">
    <p class='ocr_par' dir='ltr' id='par_1_30' title="bbox 1863 1488 3432 1557">
     <span class='ocr_line' id='line_1_30' title="bbox 1863 1488 3432 1557; baseline 0.004 -18"><span class='ocrx_word' id='word_1_213' title='bbox 1863 1495 2127 1554; x_wconf 88' lang='lat' dir='ltr'><strong>quantum</strong></span> <span class='ocrx_word' id='word_1_214' title='bbox 2179 1501 2309 1542; x_wconf 89' lang='lat' dir='ltr'><strong>vero</strong></span> <span class='ocrx_word' id='word_1_215' title='bbox 2360 1489 2426 1541; x_wconf 87' lang='lat' dir='ltr'><strong>ad</strong></span> <span class='ocrx_word' id='word_1_216' title='bbox 2481 1489 2765 1557; x_wconf 85' lang='lat' dir='ltr'><strong>mysticam</strong></span> <span class='ocrx_word' id='word_1_217' title='bbox 2800 1488 3095 1554; x_wconf 89' lang='lat' dir='ltr'><strong>rationem,</strong></span> <span class='ocrx_word' id='word_1_218' title='bbox 3133 1491 3199 1544; x_wconf 93' lang='lat' dir='ltr'><strong>ad</strong></span> <span class='ocrx_word' id='word_1_219' title='bbox 3238 1489 3432 1546; x_wconf 86' lang='lat' dir='ltr'><strong>Serva-</strong></span> 
     </span>
    </p>
   </div>
   <div class='ocr_carea' id='block_1_31' title="bbox 1868 1576 3440 1649">
    <p class='ocr_par' dir='ltr' id='par_1_31' title="bbox 1868 1576 3440 1649">
     <span class='ocr_line' id='line_1_31' title="bbox 1868 1576 3440 1649; baseline 0.005 -21"><span class='ocrx_word' id='word_1_220' title='bbox 1868 1585 1978 1629; x_wconf 87' lang='lat' dir='ltr'><strong>tum</strong></span> <span class='ocrx_word' id='word_1_221' title='bbox 2013 1578 2198 1647; x_wconf 87' lang='lat' dir='ltr'><strong>(sunat</strong></span> <span class='ocrx_word' id='word_1_222' title='bbox 2239 1578 2384 1632; x_wconf 90' lang='lat' dir='ltr'><strong>enim</strong></span> <span class='ocrx_word' id='word_1_223' title='bbox 2416 1576 2606 1642; x_wconf 88' lang='lat' dir='ltr'><strong>Oseas,</strong></span> <span class='ocrx_word' id='word_1_224' title='bbox 2643 1578 2686 1633; x_wconf 86' lang='lat' dir='ltr'><strong>si</strong></span> <span class='ocrx_word' id='word_1_225' title='bbox 2739 1579 3137 1649; x_wconf 85' lang='lat' dir='ltr'><strong>interpreteris,</strong></span> <span class='ocrx_word' id='word_1_226' title='bbox 3184 1589 3440 1648; x_wconf 78' lang='lat' dir='ltr'><strong>servatus)</strong></span> 
     </span>
    </p>
   </div>
   <div class='ocr_carea' id='block_1_32' title="bbox 162 1668 1750 1756">
    <p class='ocr_par' dir='ltr' id='par_1_32' title="bbox 162 1681 1750 1756">
     <span class='ocr_line' id='line_1_32' title="bbox 162 1681 1750 1756; baseline 0.003 -24"><span class='ocrx_word' id='word_1_227' title='bbox 162 1681 597 1755; x_wconf 73' lang='grc' dir='ltr'>ελυσταινούσης</span> <span class='ocrx_word' id='word_1_228' title='bbox 631 1685 825 1754; x_wconf 82' lang='grc' dir='ltr'>σοφίας</span> <span class='ocrx_word' id='word_1_229' title='bbox 855 1685 1012 1752; x_wconf 87' lang='grc' dir='ltr'>Θεοῦ,</span> <span class='ocrx_word' id='word_1_230' title='bbox 1032 1685 1403 1748; x_wconf 75' lang='grc' dir='ltr'>ἓκαστοςτῶν</span> <span class='ocrx_word' id='word_1_231' title='bbox 1439 1683 1750 1756; x_wconf 57' lang='grc' dir='ltr'>σωζομένωκ</span> 
     </span>
    </p>
   </div>
   <div class='ocr_carea' id='block_1_33' title="bbox 1874 1668 3442 1756">
    <p class='ocr_par' dir='ltr' id='par_1_33' title="bbox 1874 1668 3442 1740">
     <span class='ocr_line' id='line_1_33' title="bbox 1874 1668 3442 1740; baseline 0.006 -20"><span class='ocrx_word' id='word_1_232' title='bbox 1874 1669 2036 1722; x_wconf 88' lang='lat' dir='ltr'><strong>lilium</strong></span> <span class='ocrx_word' id='word_1_233' title='bbox 2068 1668 2249 1734; x_wconf 88' lang='lat' dir='ltr'><strong>Beeri,</strong></span> <span class='ocrx_word' id='word_1_234' title='bbox 2281 1685 2400 1738; x_wconf 79' lang='lat' dir='ltr'><strong>quae</strong></span> <span class='ocrx_word' id='word_1_235' title='bbox 2432 1685 2538 1724; x_wconf 81' lang='lat' dir='ltr'><strong>vox</strong></span> <span class='ocrx_word' id='word_1_236' title='bbox 2569 1680 2752 1740; x_wconf 78' lang='lat' dir='ltr'><strong>puteos</strong></span> <span class='ocrx_word' id='word_1_237' title='bbox 2788 1681 2948 1728; x_wconf 89' lang='lat' dir='ltr'><strong>sonat</strong></span> <span class='ocrx_word' id='word_1_238' title='bbox 2983 1689 2998 1727; x_wconf 90' lang='lat'><strong>:</strong></span> <span class='ocrx_word' id='word_1_239' title='bbox 3032 1672 3267 1729; x_wconf 85' lang='lat' dir='ltr'><strong>ellicitur</strong></span> <span class='ocrx_word' id='word_1_240' title='bbox 3295 1675 3442 1730; x_wconf 86' lang='lat' dir='ltr'><strong>enim</strong></span> 
     </span>
    </p>
   </div>
   <div class='ocr_carea' id='block_1_34' title="bbox 161 1755 3414 1848">
    <p class='ocr_par' dir='ltr' id='par_1_34' title="bbox 161 1755 3414 1848">
     <span class='ocr_line' id='line_1_34' title="bbox 161 1755 3414 1848; baseline 0.002 -19"><span class='ocrx_word' id='word_1_241' title='bbox 161 1776 526 1846; x_wconf 80' lang='grc' dir='ltr'>υῐὸςγίνεται.</span> <span class='ocrx_word' id='word_1_242' title='bbox 550 1777 826 1831; x_wconf 74' lang='grc' dir='ltr'>Καὶούδὲν</span> <span class='ocrx_word' id='word_1_243' title='bbox 848 1777 1158 1848; x_wconf 86' lang='grc' dir='ltr'>θαυμαστὸν</span> <span class='ocrx_word' id='word_1_244' title='bbox 1182 1776 1355 1840; x_wconf 78' lang='grc' dir='ltr'>οὕτως</span> <span class='ocrx_word' id='word_1_245' title='bbox 1375 1777 1489 1830; x_wconf 86' lang='grc' dir='ltr'>υἱὸν</span> <span class='ocrx_word' id='word_1_246' title='bbox 1512 1775 1761 1848; x_wconf 80' lang='grc' dir='ltr'>φρεάτων</span> <span class='ocrx_word' id='word_1_247' title='bbox 1797 1755 1838 1809; x_wconf 79' lang='grc' dir='ltr'><strong><em>Β</em></strong></span> <span class='ocrx_word' id='word_1_248' title='bbox 1876 1759 2107 1829; x_wconf 68' lang='grc' dir='ltr'>αυίιίὺει</span> <span class='ocrx_word' id='word_1_249' title='bbox 2143 1775 2332 1816; x_wconf 68' lang='lat' dir='ltr'><strong>eorum</strong></span> <span class='ocrx_word' id='word_1_250' title='bbox 2361 1765 2452 1832; x_wconf 71' lang='lat' dir='ltr'><strong>qui</strong></span> <span class='ocrx_word' id='word_1_251' title='bbox 2487 1773 2798 1829; x_wconf 65' lang='grc' dir='ltr'><strong>εθτνδηίυτι</strong></span> <span class='ocrx_word' id='word_1_252' title='bbox 2819 1765 2966 1833; x_wconf 75' lang='grc' dir='ltr'>Ρυίθῖ</span> <span class='ocrx_word' id='word_1_253' title='bbox 2999 1764 3164 1831; x_wconf 65' lang='lat' dir='ltr'><strong>mins:</strong></span> <span class='ocrx_word' id='word_1_254' title='bbox 3193 1767 3323 1836; x_wconf 66' lang='lat' dir='ltr'><strong>quia</strong></span> <span class='ocrx_word' id='word_1_255' title='bbox 3353 1781 3414 1821; x_wconf 74' lang='grc'><strong>⁸³</strong></span> 
     </span>
    </p>
   </div>
   <div class='ocr_carea' id='block_1_35' title="bbox 160 1864 1758 1940">
    <p class='ocr_par' dir='ltr' id='par_1_35' title="bbox 160 1864 1758 1940">
     <span class='ocr_line' id='line_1_35' title="bbox 160 1864 1758 1940; baseline 0 -21"><span class='ocrx_word' id='word_1_256' title='bbox 160 1864 297 1921; x_wconf 78' lang='grc' dir='ltr'>εἶναι</span> <span class='ocrx_word' id='word_1_257' title='bbox 328 1869 428 1922; x_wconf 82' lang='grc' dir='ltr'><strong>τὸν</strong></span> <span class='ocrx_word' id='word_1_258' title='bbox 473 1870 631 1936; x_wconf 79' lang='grc' dir='ltr'>ἆγιον</span> <span class='ocrx_word' id='word_1_259' title='bbox 663 1870 773 1922; x_wconf 86' lang='grc' dir='ltr'><strong>ἀπὸ</strong></span> <span class='ocrx_word' id='word_1_260' title='bbox 809 1869 917 1922; x_wconf 81' lang='grc' dir='ltr'><strong>τῶν</strong></span> <span class='ocrx_word' id='word_1_261' title='bbox 956 1868 1460 1940; x_wconf 81' lang='grc' dir='ltr'><strong>ἀνδραγαθημάτων</strong></span> <span class='ocrx_word' id='word_1_262' title='bbox 1492 1866 1758 1938; x_wconf 87' lang='grc' dir='ltr'>πολλαχοῦ</span> 
     </span>
    </p>
   </div>
   <div class='ocr_carea' id='block_1_36' title="bbox 159 1957 1761 2032">
    <p class='ocr_par' dir='ltr' id='par_1_36' title="bbox 159 1957 1761 2032">
     <span class='ocr_line' id='line_1_36' title="bbox 159 1957 1761 2032; baseline -0.001 -19"><span class='ocrx_word' id='word_1_263' title='bbox 159 1961 272 2013; x_wconf 74' lang='grc' dir='ltr'>υἱὸν</span> <span class='ocrx_word' id='word_1_264' title='bbox 301 1961 737 2031; x_wconf 77' lang='grc' dir='ltr'>ὀνομαζόμενον,</span> <span class='ocrx_word' id='word_1_265' title='bbox 777 1960 928 2032; x_wconf 74' lang='grc' dir='ltr'>παρὰ</span> <span class='ocrx_word' id='word_1_266' title='bbox 959 1961 1056 2031; x_wconf 82' lang='grc' dir='ltr'><strong>μὲν</strong></span> <span class='ocrx_word' id='word_1_267' title='bbox 1091 1960 1152 2012; x_wconf 87' lang='grc' dir='ltr'><strong>τὸ</strong></span> <span class='ocrx_word' id='word_1_268' title='bbox 1178 1961 1417 2031; x_wconf 85' lang='grc' dir='ltr'>λάμπειν</span> <span class='ocrx_word' id='word_1_269' title='bbox 1473 1959 1640 2014; x_wconf 79' lang='grc' dir='ltr'>αὑτοῦ</span> <span class='ocrx_word' id='word_1_270' title='bbox 1694 1957 1761 2012; x_wconf 88' lang='grc' dir='ltr'>τὰ</span> 
     </span>
    </p>
   </div>
   <div class='ocr_carea' id='block_1_37' title="bbox 159 2051 1762 2127">
    <p class='ocr_par' dir='ltr' id='par_1_37' title="bbox 159 2051 1762 2127">
     <span class='ocr_line' id='line_1_37' title="bbox 159 2051 1762 2127; baseline -0.001 -21"><span class='ocrx_word' id='word_1_271' title='bbox 159 2054 296 2122; x_wconf 78' lang='grc' dir='ltr'>ἔργα</span> <span class='ocrx_word' id='word_1_272' title='bbox 340 2054 658 2127; x_wconf 78' lang='grc' dir='ltr'>ἔμπροσθεν</span> <span class='ocrx_word' id='word_1_273' title='bbox 714 2055 822 2108; x_wconf 82' lang='grc' dir='ltr'>τῶν</span> <span class='ocrx_word' id='word_1_274' title='bbox 864 2054 1185 2125; x_wconf 84' lang='grc' dir='ltr'>ἀνθρώπων,</span> <span class='ocrx_word' id='word_1_275' title='bbox 1251 2053 1462 2122; x_wconf 83' lang='grc' dir='ltr'>φωτός·</span> <span class='ocrx_word' id='word_1_276' title='bbox 1514 2052 1664 2124; x_wconf 86' lang='grc' dir='ltr'><strong>παρὰ</strong></span> <span class='ocrx_word' id='word_1_277' title='bbox 1704 2051 1762 2105; x_wconf 84' lang='grc' dir='ltr'>δὲ</span> 
     </span>
    </p>
   </div>
   <div class='ocr_carea' id='block_1_38' title="bbox 160 2143 1762 2217">
    <p class='ocr_par' dir='ltr' id='par_1_38' title="bbox 160 2143 1762 2217">
     <span class='ocr_line' id='line_1_38' title="bbox 160 2143 1762 2217; baseline -0.001 -20"><span class='ocrx_word' id='word_1_278' title='bbox 160 2143 217 2197; x_wconf 84' lang='grc' dir='ltr'><strong>τὸ</strong></span> <span class='ocrx_word' id='word_1_279' title='bbox 251 2144 405 2214; x_wconf 78' lang='grc' dir='ltr'>ἔχειν</span> <span class='ocrx_word' id='word_1_280' title='bbox 462 2146 564 2215; x_wconf 81' lang='grc' dir='ltr'><strong>τὴν</strong></span> <span class='ocrx_word' id='word_1_281' title='bbox 613 2147 838 2217; x_wconf 75' lang='grc' dir='ltr'>εἰρήνην</span> <span class='ocrx_word' id='word_1_282' title='bbox 897 2145 990 2200; x_wconf 87' lang='grc' dir='ltr'><strong>τοῦ</strong></span> <span class='ocrx_word' id='word_1_283' title='bbox 1047 2144 1182 2199; x_wconf 85' lang='grc' dir='ltr'>Θεοῦ</span> <span class='ocrx_word' id='word_1_284' title='bbox 1229 2145 1329 2216; x_wconf 82' lang='grc' dir='ltr'>τὴν</span> <span class='ocrx_word' id='word_1_285' title='bbox 1388 2143 1762 2216; x_wconf 82' lang='grc' dir='ltr'>ὑπερέχουσαν</span> 
     </span>
    </p>
   </div>
   <div class='ocr_carea' id='block_1_39' title="bbox 163 2236 1764 2309">
    <p class='ocr_par' dir='ltr' id='par_1_39' title="bbox 163 2236 1764 2309">
     <span class='ocr_line' id='line_1_39' title="bbox 163 2236 1764 2309; baseline -0.001 -19"><span class='ocrx_word' id='word_1_286' title='bbox 163 2237 345 2290; x_wconf 69' lang='grc' dir='ltr'>πάντα</span> <span class='ocrx_word' id='word_1_287' title='bbox 379 2237 530 2304; x_wconf 82' lang='grc' dir='ltr'>νοῦν,</span> <span class='ocrx_word' id='word_1_288' title='bbox 566 2240 811 2309; x_wconf 79' lang='grc' dir='ltr'>εἰρήνης’</span> <span class='ocrx_word' id='word_1_289' title='bbox 856 2237 935 2291; x_wconf 78' lang='grc' dir='ltr'>ἔτι</span> <span class='ocrx_word' id='word_1_290' title='bbox 963 2238 1020 2291; x_wconf 86' lang='grc' dir='ltr'><strong>δὲ</strong></span> <span class='ocrx_word' id='word_1_291' title='bbox 1055 2237 1144 2291; x_wconf 82' lang='grc' dir='ltr'><strong>διὰ</strong></span> <span class='ocrx_word' id='word_1_292' title='bbox 1175 2237 1272 2309; x_wconf 85' lang='grc' dir='ltr'>τὴν</span> <span class='ocrx_word' id='word_1_293' title='bbox 1302 2237 1410 2291; x_wconf 84' lang='grc' dir='ltr'>ἀπὸ</span> <span class='ocrx_word' id='word_1_294' title='bbox 1439 2237 1538 2309; x_wconf 82' lang='grc' dir='ltr'><strong>τῆς</strong></span> <span class='ocrx_word' id='word_1_295' title='bbox 1570 2236 1764 2304; x_wconf 77' lang='grc' dir='ltr'>σοφίας</span> 
     </span>
    </p>
   </div>
   <div class='ocr_carea' id='block_1_40' title="bbox 162 2328 1761 2401">
    <p class='ocr_par' dir='ltr' id='par_1_40' title="bbox 162 2328 1761 2401">
     <span class='ocr_line' id='line_1_40' title="bbox 162 2328 1761 2401; baseline 0.014 -21"><span class='ocrx_word' id='word_1_296' title='bbox 162 2328 457 2397; x_wconf 62' lang='grc' dir='ltr'>ὡῗέλειαν,</span> <span class='ocrx_word' id='word_1_297' title='bbox 499 2330 691 2384; x_wconf 84' lang='grc' dir='ltr'>τέκνον</span> <span class='ocrx_word' id='word_1_298' title='bbox 740 2333 952 2400; x_wconf 57' lang='grc' dir='ltr'>σοφίας</span> <span class='ocrx_word' id='word_1_299' title='bbox 1007 2349 1027 2382; x_wconf 66' lang='grc' dir='ltr'><strong>ί</strong></span> <span class='ocrx_word' id='word_1_300' title='bbox 1095 2329 1419 2400; x_wconf 82' lang='grc' dir='ltr'>Ἐδικαιώθη</span> <span class='ocrx_word' id='word_1_301' title='bbox 1473 2329 1604 2399; x_wconf 75' lang='grc' dir='ltr'><strong>γάρν</strong></span> <span class='ocrx_word' id='word_1_302' title='bbox 1654 2346 1761 2401; x_wconf 83' lang='grc' dir='ltr'><strong>φη·</strong></span> 
     </span>
    </p>
   </div>
   <div class='ocr_carea' id='block_1_41' title="bbox 165 2417 1764 2493">
    <p class='ocr_par' dir='ltr' id='par_1_41' title="bbox 165 2417 1764 2493">
     <span class='ocr_line' id='line_1_41' title="bbox 165 2417 1764 2493; baseline 0.003 -23"><span class='ocrx_word' id='word_1_303' title='bbox 165 2419 267 2482; x_wconf 74' lang='grc' dir='ltr'>σὶν,</span> <span class='ocrx_word' id='word_1_304' title='bbox 321 2422 362 2490; x_wconf 83' lang='grc' dir='ltr'>ἡ</span> <span class='ocrx_word' id='word_1_305' title='bbox 412 2421 577 2490; x_wconf 66' lang='grc' dir='ltr'>σοφία</span> <span class='ocrx_word' id='word_1_306' title='bbox 619 2422 728 2475; x_wconf 84' lang='grc' dir='ltr'>ἀπὸ</span> <span class='ocrx_word' id='word_1_307' title='bbox 763 2422 872 2477; x_wconf 83' lang='grc' dir='ltr'>τῶν</span> <span class='ocrx_word' id='word_1_308' title='bbox 905 2422 1108 2476; x_wconf 82' lang='grc' dir='ltr'>τέκνων</span> <span class='ocrx_word' id='word_1_309' title='bbox 1149 2423 1339 2493; x_wconf 83' lang='grc' dir='ltr'>αὐτῆς.</span> <span class='ocrx_word' id='word_1_310' title='bbox 1383 2441 1402 2475; x_wconf 85' lang='lat'><strong>1</strong></span> <span class='ocrx_word' id='word_1_311' title='bbox 1441 2421 1629 2486; x_wconf 76' lang='grc' dir='ltr'>Οὕτως</span> <span class='ocrx_word' id='word_1_312' title='bbox 1670 2417 1764 2475; x_wconf 79' lang='grc' dir='ltr'>οὖν</span> 
     </span>
    </p>
   </div>
   <div class='ocr_carea' id='block_1_42' title="bbox 164 2512 1762 2586">
    <p class='ocr_par' dir='ltr' id='par_1_42' title="bbox 164 2512 1762 2586">
     <span class='ocr_line' id='line_1_42' title="bbox 164 2512 1762 2586; baseline 0.001 -22"><span class='ocrx_word' id='word_1_313' title='bbox 164 2514 190 2564; x_wconf 89' lang='lat'><strong>6</strong></span> <span class='ocrx_word' id='word_1_314' title='bbox 235 2513 422 2566; x_wconf 76' lang='grc' dir='ltr'>πάντα</span> <span class='ocrx_word' id='word_1_315' title='bbox 462 2514 699 2583; x_wconf 79' lang='grc' dir='ltr'>ἐρευνῶν</span> <span class='ocrx_word' id='word_1_316' title='bbox 742 2514 871 2586; x_wconf 83' lang='grc' dir='ltr'>θείῳ</span> <span class='ocrx_word' id='word_1_317' title='bbox 912 2514 1186 2586; x_wconf 86' lang='grc' dir='ltr'>Πνεύματι</span> <span class='ocrx_word' id='word_1_318' title='bbox 1227 2515 1320 2568; x_wconf 76' lang='grc' dir='ltr'><strong>καί</strong></span> <span class='ocrx_word' id='word_1_319' title='bbox 1372 2514 1441 2568; x_wconf 81' lang='grc' dir='ltr'><strong>τὰ</strong></span> <span class='ocrx_word' id='word_1_320' title='bbox 1480 2513 1615 2586; x_wconf 86' lang='grc' dir='ltr'>βάθη</span> <span class='ocrx_word' id='word_1_321' title='bbox 1667 2512 1762 2567; x_wconf 91' lang='grc' dir='ltr'><strong>τοῦ</strong></span> 
     </span>
    </p>
   </div>
   <div class='ocr_carea' id='block_1_43' title="bbox 164 2605 1765 2679">
    <p class='ocr_par' dir='ltr' id='par_1_43' title="bbox 164 2605 1765 2679">
     <span class='ocr_line' id='line_1_43' title="bbox 164 2605 1765 2679; baseline 0.001 -20"><span class='ocrx_word' id='word_1_322' title='bbox 164 2605 315 2671; x_wconf 86' lang='grc' dir='ltr'>Θεοῦ,</span> <span class='ocrx_word' id='word_1_323' title='bbox 353 2608 506 2661; x_wconf 81' lang='grc' dir='ltr'>ὥστε</span> <span class='ocrx_word' id='word_1_324' title='bbox 537 2607 984 2678; x_wconf 69' lang='grc' dir='ltr'>ἀποφθέγξασθαι</span> <span class='ocrx_word' id='word_1_325' title='bbox 1012 2608 1205 2662; x_wconf 86' lang='grc' dir='ltr'>αὐτόν·</span> <span class='ocrx_word' id='word_1_326' title='bbox 1245 2627 1263 2660; x_wconf 76' lang='grc' dir='ltr'><strong>ι</strong></span> <span class='ocrx_word' id='word_1_327' title='bbox 1301 2609 1363 2661; x_wconf 83' lang='grc' dir='ltr'><strong>’Ὠ</strong></span> <span class='ocrx_word' id='word_1_328' title='bbox 1399 2608 1560 2679; x_wconf 82' lang='grc' dir='ltr'>βάθος</span> <span class='ocrx_word' id='word_1_329' title='bbox 1601 2607 1765 2662; x_wconf 88' lang='grc' dir='ltr'>πλού-</span> 
     </span>
    </p>
   </div>
   <div class='ocr_carea' id='block_1_44' title="bbox 165 2697 1763 2771">
    <p class='ocr_par' dir='ltr' id='par_1_44' title="bbox 165 2697 1763 2771">
     <span class='ocr_line' id='line_1_44' title="bbox 165 2697 1763 2771; baseline 0.001 -17"><span class='ocrx_word' id='word_1_330' title='bbox 165 2715 253 2754; x_wconf 83' lang='grc' dir='ltr'><strong>του</strong></span> <span class='ocrx_word' id='word_1_331' title='bbox 297 2701 400 2755; x_wconf 76' lang='grc' dir='ltr'>καὶ</span> <span class='ocrx_word' id='word_1_332' title='bbox 445 2700 639 2770; x_wconf 51' lang='lat' dir='ltr'><strong>copia;</strong></span> <span class='ocrx_word' id='word_1_333' title='bbox 692 2701 787 2754; x_wconf 79' lang='grc' dir='ltr'><strong>καὶ</strong></span> <span class='ocrx_word' id='word_1_334' title='bbox 829 2700 1081 2771; x_wconf 85' lang='grc' dir='ltr'>γνώσεως</span> <span class='ocrx_word' id='word_1_335' title='bbox 1107 2699 1282 2754; x_wconf 73' lang='grc' dir='ltr'>Θεοῦί</span> <span class='ocrx_word' id='word_1_336' title='bbox 1322 2721 1340 2754; x_wconf 87' lang='lat'><strong>1</strong></span> <span class='ocrx_word' id='word_1_337' title='bbox 1374 2701 1596 2754; x_wconf 85' lang='grc' dir='ltr'>δύναται</span> <span class='ocrx_word' id='word_1_338' title='bbox 1625 2697 1763 2756; x_wconf 73' lang='grc' dir='ltr'>εἶναι</span> 
     </span>
    </p>
   </div>
   <div class='ocr_carea' id='block_1_45' title="bbox 167 2792 1760 2866">
    <p class='ocr_par' dir='ltr' id='par_1_45' title="bbox 167 2792 1760 2866">
     <span class='ocr_line' id='line_1_45' title="bbox 167 2792 1760 2866; baseline 0.001 -20"><span class='ocrx_word' id='word_1_339' title='bbox 167 2795 420 2864; x_wconf 74' lang='grc' dir='ltr'>φρεάτων</span> <span class='ocrx_word' id='word_1_340' title='bbox 484 2793 622 2858; x_wconf 87' lang='grc' dir='ltr'>υἱὸς,</span> <span class='ocrx_word' id='word_1_341' title='bbox 663 2795 802 2866; x_wconf 89' lang='grc' dir='ltr'>πρὸς</span> <span class='ocrx_word' id='word_1_342' title='bbox 858 2794 916 2848; x_wconf 78' lang='grc' dir='ltr'>ὃν</span> <span class='ocrx_word' id='word_1_343' title='bbox 965 2795 995 2846; x_wconf 91' lang='lat'><strong>6</strong></span> <span class='ocrx_word' id='word_1_344' title='bbox 1047 2793 1202 2863; x_wconf 88' lang='grc' dir='ltr'>λόγος</span> <span class='ocrx_word' id='word_1_345' title='bbox 1260 2792 1465 2865; x_wconf 83' lang='grc' dir='ltr'>Κυρίου</span> <span class='ocrx_word' id='word_1_346' title='bbox 1529 2793 1760 2862; x_wconf 85' lang='grc' dir='ltr'>γίνεται.</span> 
     </span>
    </p>
   </div>
   <div class='ocr_carea' id='block_1_46' title="bbox 175 2884 1764 2957">
    <p class='ocr_par' dir='ltr' id='par_1_46' title="bbox 175 2884 1764 2957">
     <span class='ocr_line' id='line_1_46' title="bbox 175 2884 1764 2957; baseline -0.001 -19"><span class='ocrx_word' id='word_1_347' title='bbox 175 2885 412 2955; x_wconf 83' lang='grc' dir='ltr'>Ὁμοίως</span> <span class='ocrx_word' id='word_1_348' title='bbox 443 2885 603 2956; x_wconf 86' lang='grc' dir='ltr'>λόγος</span> <span class='ocrx_word' id='word_1_349' title='bbox 634 2888 729 2940; x_wconf 81' lang='grc' dir='ltr'>καὶ</span> <span class='ocrx_word' id='word_1_350' title='bbox 776 2886 910 2957; x_wconf 88' lang='grc' dir='ltr'>πρὸς</span> <span class='ocrx_word' id='word_1_351' title='bbox 955 2886 1181 2940; x_wconf 74' lang='grc' dir='ltr'>Ἡσαΐαν</span> <span class='ocrx_word' id='word_1_352' title='bbox 1233 2885 1450 2956; x_wconf 81' lang='grc' dir='ltr'>ἔρχεται</span> <span class='ocrx_word' id='word_1_353' title='bbox 1497 2884 1764 2938; x_wconf 86' lang='grc' dir='ltr'>διδάσκων</span> 
     </span>
    </p>
   </div>
   <div class='ocr_carea' id='block_1_47' title="bbox 165 2964 1766 3050">
    <p class='ocr_par' dir='ltr' id='par_1_47' title="bbox 165 2964 1766 3050">
     <span class='ocr_line' id='line_1_47' title="bbox 165 2964 1766 3050; baseline 0.001 -22"><span class='ocrx_word' id='word_1_354' title='bbox 165 2976 230 3030; x_wconf 70' lang='grc' dir='ltr'>τὰ</span> <span class='ocrx_word' id='word_1_355' title='bbox 267 2979 325 3030; x_wconf 84' lang='grc' dir='ltr'>ὲν</span> <span class='ocrx_word' id='word_1_356' title='bbox 370 2977 636 3048; x_wconf 75' lang='grc' dir='ltr'>ἐσχάταις</span> <span class='ocrx_word' id='word_1_357' title='bbox 685 2977 919 3050; x_wconf 78' lang='grc' dir='ltr'>ἡμέραις</span> <span class='ocrx_word' id='word_1_358' title='bbox 960 2977 1384 3048; x_wconf 86' lang='grc' dir='ltr'>ἀπαντησόμενα</span> <span class='ocrx_word' id='word_1_359' title='bbox 1424 2964 1491 3048; x_wconf 81' lang='grc' dir='ltr'>τῇ</span> <span class='ocrx_word' id='word_1_360' title='bbox 1535 2977 1766 3048; x_wconf 69' lang='grc' dir='ltr'>Ἰουδαίᾳ.</span> 
     </span>
    </p>
   </div>
   <div class='ocr_carea' id='block_1_48' title="bbox 169 3069 1762 3142">
    <p class='ocr_par' dir='ltr' id='par_1_48' title="bbox 169 3069 1762 3142">
     <span class='ocr_line' id='line_1_48' title="bbox 169 3069 1762 3142; baseline 0.001 -19"><span class='ocrx_word' id='word_1_361' title='bbox 169 3070 258 3123; x_wconf 78' lang='grc' dir='ltr'>καὶ</span> <span class='ocrx_word' id='word_1_362' title='bbox 311 3069 716 3142; x_wconf 79' lang='grc' dir='ltr'>Ἱερουσαλήμ’</span> <span class='ocrx_word' id='word_1_363' title='bbox 767 3070 1029 3135; x_wconf 84' lang='grc' dir='ltr'>ὡσαύτως</span> <span class='ocrx_word' id='word_1_364' title='bbox 1069 3070 1127 3124; x_wconf 82' lang='grc' dir='ltr'>δὲ</span> <span class='ocrx_word' id='word_1_365' title='bbox 1172 3070 1266 3124; x_wconf 77' lang='grc' dir='ltr'>καὶ</span> <span class='ocrx_word' id='word_1_366' title='bbox 1306 3070 1442 3142; x_wconf 83' lang='grc' dir='ltr'>πρὸς</span> <span class='ocrx_word' id='word_1_367' title='bbox 1493 3070 1762 3142; x_wconf 86' lang='grc' dir='ltr'>Ἱερεμίαν</span> 
     </span>
    </p>
   </div>
   <div class='ocr_carea' id='block_1_49' title="bbox 167 3163 1765 3238">
    <p class='ocr_par' dir='ltr' id='par_1_49' title="bbox 167 3163 1765 3238">
     <span class='ocr_line' id='line_1_49' title="bbox 167 3163 1765 3238; baseline 0.002 -22"><span class='ocrx_word' id='word_1_368' title='bbox 167 3163 291 3234; x_wconf 80' lang='grc' dir='ltr'>θείῳ</span> <span class='ocrx_word' id='word_1_369' title='bbox 321 3164 696 3236; x_wconf 81' lang='grc' dir='ltr'>μετεωρισμῷ</span> <span class='ocrx_word' id='word_1_370' title='bbox 725 3165 1034 3238; x_wconf 79' lang='grc' dir='ltr'>ἐπαρθέντα</span> <span class='ocrx_word' id='word_1_371' title='bbox 1053 3181 1066 3195; x_wconf 94' lang='grc'><strong>·</strong></span> <span class='ocrx_word' id='word_1_372' title='bbox 1110 3164 1495 3237; x_wconf 82' lang='grc' dir='ltr'>(ἑρμηνεύεται</span> <span class='ocrx_word' id='word_1_373' title='bbox 1535 3164 1643 3236; x_wconf 82' lang='grc' dir='ltr'>γὰρ</span> <span class='ocrx_word' id='word_1_374' title='bbox 1661 3182 1765 3234; x_wconf 87' lang='grc' dir='ltr'>με-</span> 
     </span>
    </p>
   </div>
   <div class='ocr_carea' id='block_1_50' title="bbox 167 3252 1765 3330">
    <p class='ocr_par' dir='ltr' id='par_1_50' title="bbox 167 3252 1765 3330">
     <span class='ocr_line' id='line_1_50' title="bbox 167 3252 1765 3330; baseline 0.001 -22"><span class='ocrx_word' id='word_1_375' title='bbox 167 3256 494 3325; x_wconf 72' lang='grc' dir='ltr'>τεωρισμός</span> <span class='ocrx_word' id='word_1_376' title='bbox 523 3257 646 3310; x_wconf 83' lang='grc' dir='ltr'><strong>Ἰαώ</strong></span> <span class='ocrx_word' id='word_1_377' title='bbox 670 3252 836 3330; x_wconf 75' lang='grc'><strong>[74].)</strong></span> <span class='ocrx_word' id='word_1_378' title='bbox 878 3257 1035 3312; x_wconf 68' lang='grc' dir='ltr'>Ἀλλὰ</span> <span class='ocrx_word' id='word_1_379' title='bbox 1059 3257 1197 3330; x_wconf 87' lang='grc' dir='ltr'>πρὸς</span> <span class='ocrx_word' id='word_1_380' title='bbox 1241 3257 1342 3328; x_wconf 84' lang='grc' dir='ltr'><strong>μὲν</strong></span> <span class='ocrx_word' id='word_1_381' title='bbox 1379 3259 1506 3321; x_wconf 85' lang='grc' dir='ltr'>τοὺς</span> <span class='ocrx_word' id='word_1_382' title='bbox 1550 3256 1765 3329; x_wconf 81' lang='grc' dir='ltr'>ἀνθρώ-</span> 
     </span>
    </p>
   </div>
   <div class='ocr_carea' id='block_1_51' title="bbox 169 3347 1763 3440">
    <p class='ocr_par' dir='ltr' id='par_1_51' title="bbox 169 3347 1763 3440">
     <span class='ocr_line' id='line_1_51' title="bbox 169 3347 1763 3440; baseline 0.001 -40"><span class='ocrx_word' id='word_1_383' title='bbox 169 3367 319 3412; x_wconf 63' lang='grc' dir='ltr'>πούς,</span> <span class='ocrx_word' id='word_1_384' title='bbox 354 3349 628 3420; x_wconf 86' lang='grc' dir='ltr'>πρότερον</span> <span class='ocrx_word' id='word_1_385' title='bbox 657 3350 718 3402; x_wconf 86' lang='grc' dir='ltr'><strong>ού</strong></span> <span class='ocrx_word' id='word_1_386' title='bbox 749 3348 1059 3440; x_wconf 77' lang='grc' dir='ltr'>χωροῦντας</span> <span class='ocrx_word' id='word_1_387' title='bbox 1081 3350 1180 3422; x_wconf 83' lang='grc' dir='ltr'><strong>τὴν</strong></span> <span class='ocrx_word' id='word_1_388' title='bbox 1207 3349 1302 3402; x_wconf 84' lang='grc' dir='ltr'><strong>τοῦ</strong></span> <span class='ocrx_word' id='word_1_389' title='bbox 1332 3348 1464 3402; x_wconf 81' lang='grc' dir='ltr'>Υἱοῦ</span> <span class='ocrx_word' id='word_1_390' title='bbox 1494 3348 1589 3402; x_wconf 89' lang='grc' dir='ltr'><strong>τοῦ</strong></span> <span class='ocrx_word' id='word_1_391' title='bbox 1627 3347 1763 3403; x_wconf 85' lang='grc' dir='ltr'>Θεοῦ</span> 
     </span>
    </p>
   </div>
   <div class='ocr_carea' id='block_1_52' title="bbox 170 3441 1760 3514">
    <p class='ocr_par' dir='ltr' id='par_1_52' title="bbox 170 3441 1760 3514">
     <span class='ocr_line' id='line_1_52' title="bbox 170 3441 1760 3514; baseline -0.001 -19"><span class='ocrx_word' id='word_1_392' title='bbox 170 3441 340 3509; x_wconf 80' lang='grc' dir='ltr'>Λόγου</span> <span class='ocrx_word' id='word_1_393' title='bbox 408 3443 768 3513; x_wconf 80' lang='grc' dir='ltr'>τυγχάνοντος</span> <span class='ocrx_word' id='word_1_394' title='bbox 820 3443 1113 3514; x_wconf 83' lang='grc' dir='ltr'>ἐπιδημίαν</span> <span class='ocrx_word' id='word_1_395' title='bbox 1139 3485 1154 3507; x_wconf 92' lang='grc'><strong>,</strong></span> <span class='ocrx_word' id='word_1_396' title='bbox 1210 3444 1240 3496; x_wconf 92' lang='grc' dir='ltr'>ό</span> <span class='ocrx_word' id='word_1_397' title='bbox 1288 3443 1462 3510; x_wconf 88' lang='grc' dir='ltr'>Λόγος</span> <span class='ocrx_word' id='word_1_398' title='bbox 1517 3443 1760 3510; x_wconf 88' lang='grc' dir='ltr'>γίνεται·</span> 
     </span>
    </p>
   </div>
   <div class='ocr_carea' id='block_1_53' title="bbox 172 3533 1764 3606">
    <p class='ocr_par' dir='ltr' id='par_1_53' title="bbox 172 3533 1764 3606">
     <span class='ocr_line' id='line_1_53' title="bbox 172 3533 1764 3606; baseline 0.001 -22"><span class='ocrx_word' id='word_1_399' title='bbox 172 3533 302 3603; x_wconf 79' lang='grc' dir='ltr'>πρὸς</span> <span class='ocrx_word' id='word_1_400' title='bbox 331 3533 392 3586; x_wconf 82' lang='grc' dir='ltr'>δὲ</span> <span class='ocrx_word' id='word_1_401' title='bbox 426 3534 522 3586; x_wconf 88' lang='grc' dir='ltr'><strong>τὸν</strong></span> <span class='ocrx_word' id='word_1_402' title='bbox 559 3533 695 3587; x_wconf 83' lang='grc' dir='ltr'>Θεὸν</span> <span class='ocrx_word' id='word_1_403' title='bbox 727 3535 789 3586; x_wconf 82' lang='grc' dir='ltr'><strong>ού</strong></span> <span class='ocrx_word' id='word_1_404' title='bbox 829 3535 1074 3604; x_wconf 72' lang='grc' dir='ltr'>γίνεται,</span> <span class='ocrx_word' id='word_1_405' title='bbox 1116 3535 1193 3598; x_wconf 82' lang='grc' dir='ltr'>ὡς</span> <span class='ocrx_word' id='word_1_406' title='bbox 1235 3533 1499 3606; x_wconf 85' lang='grc' dir='ltr'>πρότερον</span> <span class='ocrx_word' id='word_1_407' title='bbox 1545 3534 1647 3587; x_wconf 82' lang='grc' dir='ltr'>οὐκ</span> <span class='ocrx_word' id='word_1_408' title='bbox 1688 3533 1764 3586; x_wconf 84' lang='grc' dir='ltr'><strong>ὢν</strong></span> 
     </span>
    </p>
   </div>
   <div class='ocr_carea' id='block_1_54' title="bbox 172 3631 1764 3705">
    <p class='ocr_par' dir='ltr' id='par_1_54' title="bbox 172 3631 1764 3705">
     <span class='ocr_line' id='line_1_54' title="bbox 172 3631 1764 3705; baseline 0.004 -24"><span class='ocrx_word' id='word_1_409' title='bbox 172 3631 301 3702; x_wconf 84' lang='grc' dir='ltr'>πρὸς</span> <span class='ocrx_word' id='word_1_410' title='bbox 325 3631 518 3685; x_wconf 75' lang='grc' dir='ltr'>αὐτόν’</span> <span class='ocrx_word' id='word_1_411' title='bbox 553 3633 703 3705; x_wconf 79' lang='grc' dir='ltr'>παρὰ</span> <span class='ocrx_word' id='word_1_412' title='bbox 749 3632 808 3686; x_wconf 87' lang='grc' dir='ltr'>δὲ</span> <span class='ocrx_word' id='word_1_413' title='bbox 849 3633 912 3686; x_wconf 90' lang='grc' dir='ltr'><strong>τὸ</strong></span> <span class='ocrx_word' id='word_1_414' title='bbox 951 3634 1037 3687; x_wconf 74' lang='grc' dir='ltr'>ἀεὶ</span> <span class='ocrx_word' id='word_1_415' title='bbox 1065 3637 1305 3689; x_wconf 85' lang='grc' dir='ltr'>συνεῖναι</span> <span class='ocrx_word' id='word_1_416' title='bbox 1342 3633 1422 3704; x_wconf 86' lang='grc' dir='ltr'>τῷ</span> <span class='ocrx_word' id='word_1_417' title='bbox 1450 3634 1644 3704; x_wconf 83' lang='grc' dir='ltr'>Πατρὶ,</span> <span class='ocrx_word' id='word_1_418' title='bbox 1674 3634 1764 3688; x_wconf 85' lang='grc' dir='ltr'>λέ-</span> 
     </span>
    </p>
   </div>
   <div class='ocr_carea' id='block_1_55' title="bbox 170 3722 1763 3798">
    <p class='ocr_par' dir='ltr' id='par_1_55' title="bbox 170 3722 1763 3798">
     <span class='ocr_line' id='line_1_55' title="bbox 170 3722 1763 3798; baseline 0.004 -23"><span class='ocrx_word' id='word_1_419' title='bbox 170 3739 319 3790; x_wconf 78' lang='grc' dir='ltr'>γεται</span> <span class='ocrx_word' id='word_1_420' title='bbox 343 3742 359 3756; x_wconf 78' lang='grc' dir='ltr'><strong>ο</strong></span> <span class='ocrx_word' id='word_1_421' title='bbox 392 3746 413 3778; x_wconf 84' lang='grc'><strong><em>‹</em></strong></span> <span class='ocrx_word' id='word_1_422' title='bbox 454 3726 570 3779; x_wconf 76' lang='grc' dir='ltr'>Καὶ</span> <span class='ocrx_word' id='word_1_423' title='bbox 604 3729 634 3780; x_wconf 93' lang='grc' dir='ltr'>ό</span> <span class='ocrx_word' id='word_1_424' title='bbox 677 3726 849 3796; x_wconf 88' lang='grc' dir='ltr'>Λόγος</span> <span class='ocrx_word' id='word_1_425' title='bbox 879 3722 948 3797; x_wconf 79' lang='grc' dir='ltr'>ἦν</span> <span class='ocrx_word' id='word_1_426' title='bbox 993 3725 1130 3798; x_wconf 88' lang='grc' dir='ltr'>πρὸς</span> <span class='ocrx_word' id='word_1_427' title='bbox 1161 3726 1252 3779; x_wconf 90' lang='grc' dir='ltr'><strong>τὸν</strong></span> <span class='ocrx_word' id='word_1_428' title='bbox 1294 3726 1425 3779; x_wconf 82' lang='grc' dir='ltr'>Θεὸν</span> <span class='ocrx_word' id='word_1_429' title='bbox 1450 3744 1463 3756; x_wconf 91' lang='grc'><strong>·</strong></span> <span class='ocrx_word' id='word_1_430' title='bbox 1509 3746 1528 3778; x_wconf 83' lang='lat'><strong>1</strong></span> <span class='ocrx_word' id='word_1_431' title='bbox 1563 3727 1624 3780; x_wconf 85' lang='grc' dir='ltr'><strong>ού</strong></span> <span class='ocrx_word' id='word_1_432' title='bbox 1653 3727 1763 3797; x_wconf 84' lang='grc' dir='ltr'>γὰρ</span> 
     </span>
    </p>
   </div>
   <div class='ocr_carea' id='block_1_56' title="bbox 172 3815 1762 3892">
    <p class='ocr_par' dir='ltr' id='par_1_56' title="bbox 172 3815 1762 3892">
     <span class='ocr_line' id='line_1_56' title="bbox 172 3815 1762 3892; baseline 0.003 -22"><span class='ocrx_word' id='word_1_433' title='bbox 172 3819 384 3888; x_wconf 69' lang='grc' dir='ltr'>ἐγένετο</span> <span class='ocrx_word' id='word_1_434' title='bbox 406 3821 546 3891; x_wconf 80' lang='grc' dir='ltr'>πρὸς</span> <span class='ocrx_word' id='word_1_435' title='bbox 567 3819 660 3874; x_wconf 86' lang='grc' dir='ltr'><strong>τὸν</strong></span> <span class='ocrx_word' id='word_1_436' title='bbox 680 3820 833 3886; x_wconf 89' lang='grc' dir='ltr'>Θεὸν,</span> <span class='ocrx_word' id='word_1_437' title='bbox 851 3822 944 3875; x_wconf 75' lang='grc' dir='ltr'>καὶ</span> <span class='ocrx_word' id='word_1_438' title='bbox 966 3820 1163 3874; x_wconf 84' lang='grc' dir='ltr'>ταυτὸν</span> <span class='ocrx_word' id='word_1_439' title='bbox 1210 3821 1362 3892; x_wconf 78' lang='grc' dir='ltr'>ῥῆμα</span> <span class='ocrx_word' id='word_1_440' title='bbox 1405 3820 1465 3874; x_wconf 91' lang='grc' dir='ltr'><strong>τὸ</strong></span> <span class='ocrx_word' id='word_1_441' title='bbox 1491 3840 1509 3870; x_wconf 80' lang='grc' dir='ltr'><strong>ι</strong></span> <span class='ocrx_word' id='word_1_442' title='bbox 1533 3815 1646 3892; x_wconf 71' lang='grc' dir='ltr'>ἦνζι</span> <span class='ocrx_word' id='word_1_443' title='bbox 1668 3820 1762 3874; x_wconf 87' lang='grc' dir='ltr'><strong>τοῦ</strong></span> 
     </span>
    </p>
   </div>
   <div class='ocr_carea' id='block_1_57' title="bbox 173 3905 1764 3982">
    <p class='ocr_par' dir='ltr' id='par_1_57' title="bbox 173 3905 1764 3982">
     <span class='ocr_line' id='line_1_57' title="bbox 173 3905 1764 3982; baseline 0.003 -23"><span class='ocrx_word' id='word_1_444' title='bbox 173 3907 339 3974; x_wconf 76' lang='grc' dir='ltr'>Λόγου</span> <span class='ocrx_word' id='word_1_445' title='bbox 371 3911 796 3979; x_wconf 79' lang='grc' dir='ltr'>κατηγορεῖται,</span> <span class='ocrx_word' id='word_1_446' title='bbox 840 3911 922 3963; x_wconf 81' lang='grc' dir='ltr'><strong>ὅτι</strong></span> <span class='ocrx_word' id='word_1_447' title='bbox 961 3912 1017 3962; x_wconf 81' lang='grc' dir='ltr'><strong>έν</strong></span> <span class='ocrx_word' id='word_1_448' title='bbox 1065 3911 1207 3981; x_wconf 82' lang='grc' dir='ltr'>ἀρχῇ</span> <span class='ocrx_word' id='word_1_449' title='bbox 1236 3905 1305 3980; x_wconf 80' lang='grc' dir='ltr'>ἦν</span> <span class='ocrx_word' id='word_1_450' title='bbox 1345 3910 1441 3962; x_wconf 67' lang='grc' dir='ltr'><strong>καὶ</strong></span> <span class='ocrx_word' id='word_1_451' title='bbox 1478 3909 1567 3964; x_wconf 85' lang='grc' dir='ltr'><strong>ὅτε</strong></span> <span class='ocrx_word' id='word_1_452' title='bbox 1625 3911 1764 3982; x_wconf 83' lang='grc' dir='ltr'>πρὸς</span> 
     </span>
    </p>
   </div>
   <div class='ocr_carea' id='block_1_58' title="bbox 170 3995 1762 4075">
    <p class='ocr_par' dir='ltr' id='par_1_58' title="bbox 170 3995 1762 4075">
     <span class='ocr_line' id='line_1_58' title="bbox 170 3995 1762 4075; baseline 0.004 -24"><span class='ocrx_word' id='word_1_453' title='bbox 170 4000 254 4051; x_wconf 79' lang='grc' dir='ltr'><strong>τὸν</strong></span> <span class='ocrx_word' id='word_1_454' title='bbox 275 3999 416 4053; x_wconf 83' lang='grc' dir='ltr'>Θεὸν</span> <span class='ocrx_word' id='word_1_455' title='bbox 444 3995 516 4072; x_wconf 75' lang='grc' dir='ltr'>ἦν</span> <span class='ocrx_word' id='word_1_456' title='bbox 540 4041 555 4065; x_wconf 97' lang='grc'><strong>,</strong></span> <span class='ocrx_word' id='word_1_457' title='bbox 588 4000 712 4054; x_wconf 82' lang='grc' dir='ltr'>οὔτε</span> <span class='ocrx_word' id='word_1_458' title='bbox 753 4003 851 4074; x_wconf 81' lang='grc' dir='ltr'>τῆς</span> <span class='ocrx_word' id='word_1_459' title='bbox 876 4003 1050 4075; x_wconf 81' lang='grc' dir='ltr'>ἀρχῆς</span> <span class='ocrx_word' id='word_1_460' title='bbox 1087 4002 1454 4074; x_wconf 79' lang='grc' dir='ltr'>χωριζόμενος</span> <span class='ocrx_word' id='word_1_461' title='bbox 1477 4042 1492 4064; x_wconf 89' lang='grc'><strong>,</strong></span> <span class='ocrx_word' id='word_1_462' title='bbox 1517 4003 1638 4056; x_wconf 74' lang='grc' dir='ltr'>οὕτε</span> <span class='ocrx_word' id='word_1_463' title='bbox 1668 4002 1762 4057; x_wconf 86' lang='grc' dir='ltr'><strong>τοῦ</strong></span> 
     </span>
    </p>
   </div>
   <div class='ocr_carea' id='block_1_59' title="bbox 174 4091 1758 4169">
    <p class='ocr_par' dir='ltr' id='par_1_59' title="bbox 174 4091 1758 4169">
     <span class='ocr_line' id='line_1_59' title="bbox 174 4091 1758 4169; baseline 0.004 -25"><span class='ocrx_word' id='word_1_464' title='bbox 174 4091 382 4164; x_wconf 79' lang='grc' dir='ltr'>[ἰατρὸς</span> <span class='ocrx_word' id='word_1_465' title='bbox 409 4093 870 4166; x_wconf 78' lang='grc' dir='ltr'>ἀπολειπόμενος·</span> <span class='ocrx_word' id='word_1_466' title='bbox 912 4098 1004 4150; x_wconf 80' lang='grc' dir='ltr'><strong>καὶ</strong></span> <span class='ocrx_word' id='word_1_467' title='bbox 1046 4096 1209 4149; x_wconf 85' lang='grc' dir='ltr'>πάλιν</span> <span class='ocrx_word' id='word_1_468' title='bbox 1242 4094 1365 4149; x_wconf 81' lang='grc' dir='ltr'>οὔτε</span> <span class='ocrx_word' id='word_1_469' title='bbox 1413 4096 1520 4150; x_wconf 86' lang='grc' dir='ltr'><strong>ἀπὸ</strong></span> <span class='ocrx_word' id='word_1_470' title='bbox 1547 4095 1640 4151; x_wconf 85' lang='grc' dir='ltr'><strong>τοῦ</strong></span> <span class='ocrx_word' id='word_1_471' title='bbox 1683 4098 1758 4169; x_wconf 88' lang='grc' dir='ltr'>μὴ</span> 
     </span>
    </p>
   </div>
   <div class='ocr_carea' id='block_1_60' title="bbox 173 4176 1763 4258">
    <p class='ocr_par' dir='ltr' id='par_1_60' title="bbox 173 4176 1763 4258">
     <span class='ocr_line' id='line_1_60' title="bbox 173 4176 1763 4258; baseline 0.004 -24"><span class='ocrx_word' id='word_1_472' title='bbox 173 4176 302 4236; x_wconf 78' lang='grc' dir='ltr'>εἶναι</span> <span class='ocrx_word' id='word_1_473' title='bbox 347 4187 408 4236; x_wconf 79' lang='grc' dir='ltr'><strong>έν</strong></span> <span class='ocrx_word' id='word_1_474' title='bbox 455 4185 600 4256; x_wconf 84' lang='grc' dir='ltr'>άρχῇ</span> <span class='ocrx_word' id='word_1_475' title='bbox 646 4187 926 4255; x_wconf 87' lang='grc' dir='ltr'>γινόμενος</span> <span class='ocrx_word' id='word_1_476' title='bbox 956 4189 1013 4240; x_wconf 85' lang='grc' dir='ltr'>ὲν</span> <span class='ocrx_word' id='word_1_477' title='bbox 1054 4187 1227 4258; x_wconf 80' lang='grc' dir='ltr'>ἀρχῇ,</span> <span class='ocrx_word' id='word_1_478' title='bbox 1258 4185 1382 4239; x_wconf 81' lang='grc' dir='ltr'>οὔτε</span> <span class='ocrx_word' id='word_1_479' title='bbox 1421 4187 1530 4240; x_wconf 86' lang='grc' dir='ltr'><strong>ἀπὸ</strong></span> <span class='ocrx_word' id='word_1_480' title='bbox 1559 4185 1650 4240; x_wconf 91' lang='grc' dir='ltr'><strong>τοῦ</strong></span> <span class='ocrx_word' id='word_1_481' title='bbox 1688 4187 1763 4258; x_wconf 85' lang='grc' dir='ltr'>μὴ</span> 
     </span>
    </p>
   </div>
   <div class='ocr_carea' id='block_1_61' title="bbox 176 4275 1761 4351">
    <p class='ocr_par' dir='ltr' id='par_1_61' title="bbox 176 4275 1761 4351">
     <span class='ocr_line' id='line_1_61' title="bbox 176 4275 1761 4351; baseline 0.004 -25"><span class='ocrx_word' id='word_1_482' title='bbox 176 4276 456 4346; x_wconf 74' lang='grc' dir='ltr'>τυγχάνειν</span> <span class='ocrx_word' id='word_1_483' title='bbox 490 4277 626 4348; x_wconf 74' lang='lat'><em>1:96;</em></span> <span class='ocrx_word' id='word_1_484' title='bbox 655 4280 746 4331; x_wconf 91' lang='grc' dir='ltr'><strong>τὸν</strong></span> <span class='ocrx_word' id='word_1_485' title='bbox 770 4279 901 4332; x_wconf 89' lang='grc' dir='ltr'>Θεὸν</span> <span class='ocrx_word' id='word_1_486' title='bbox 928 4280 1019 4333; x_wconf 69' lang='grc' dir='ltr'>ἐπὶ</span> <span class='ocrx_word' id='word_1_487' title='bbox 1047 4279 1128 4350; x_wconf 81' lang='grc' dir='ltr'>τῷ</span> <span class='ocrx_word' id='word_1_488' title='bbox 1155 4279 1293 4351; x_wconf 86' lang='grc' dir='ltr'>πρὸς</span> <span class='ocrx_word' id='word_1_489' title='bbox 1334 4279 1424 4332; x_wconf 86' lang='grc' dir='ltr'><strong>τὸν</strong></span> <span class='ocrx_word' id='word_1_490' title='bbox 1458 4279 1590 4333; x_wconf 86' lang='grc' dir='ltr'>Θεὸν</span> <span class='ocrx_word' id='word_1_491' title='bbox 1623 4275 1761 4333; x_wconf 80' lang='grc' dir='ltr'>εἶναι</span> 
     </span>
    </p>
   </div>
   <div class='ocr_carea' id='block_1_62' title="bbox 175 4366 1761 4441">
    <p class='ocr_par' dir='ltr' id='par_1_62' title="bbox 175 4366 1761 4441">
     <span class='ocr_line' id='line_1_62' title="bbox 175 4366 1761 4441; baseline 0.004 -23"><span class='ocrx_word' id='word_1_492' title='bbox 175 4367 451 4438; x_wconf 78' lang='grc' dir='ltr'>γινόμενος</span> <span class='ocrx_word' id='word_1_493' title='bbox 478 4384 492 4398; x_wconf 77' lang='grc'><strong><em>⁸</em></strong></span> <span class='ocrx_word' id='word_1_494' title='bbox 522 4367 630 4439; x_wconf 86' lang='grc' dir='ltr'><strong>πρὸ</strong></span> <span class='ocrx_word' id='word_1_495' title='bbox 657 4366 766 4438; x_wconf 77' lang='grc' dir='ltr'>γὰρ</span> <span class='ocrx_word' id='word_1_496' title='bbox 795 4369 996 4434; x_wconf 85' lang='grc' dir='ltr'>παντὸς</span> <span class='ocrx_word' id='word_1_497' title='bbox 1030 4371 1220 4441; x_wconf 90' lang='grc' dir='ltr'>χρόνου</span> <span class='ocrx_word' id='word_1_498' title='bbox 1278 4370 1373 4424; x_wconf 71' lang='grc' dir='ltr'>καὶ</span> <span class='ocrx_word' id='word_1_499' title='bbox 1418 4369 1615 4434; x_wconf 85' lang='grc' dir='ltr'>αἰῶνος</span> <span class='ocrx_word' id='word_1_500' title='bbox 1646 4390 1664 4421; x_wconf 86' lang='grc'><em>‹</em></span> <span class='ocrx_word' id='word_1_501' title='bbox 1703 4373 1761 4425; x_wconf 83' lang='grc' dir='ltr'>ὲν</span> 
     </span>
    </p>
   </div>
   <div class='ocr_carea' id='block_1_63' title="bbox 1864 1851 3441 1922">
    <p class='ocr_par' dir='ltr' id='par_1_63' title="bbox 1864 1851 3441 1922">
     <span class='ocr_line' id='line_1_63' title="bbox 1864 1851 3441 1922; baseline 0.006 -18"><span class='ocrx_word' id='word_1_502' title='bbox 1864 1851 2067 1921; x_wconf 88' lang='lat' dir='ltr'><strong>pientia</strong></span> <span class='ocrx_word' id='word_1_503' title='bbox 2099 1851 2194 1906; x_wconf 76' lang='lat' dir='ltr'><strong>Dei</strong></span> <span class='ocrx_word' id='word_1_504' title='bbox 2236 1867 2301 1908; x_wconf 62' lang='lat' dir='ltr'><strong>ett</strong></span> <span class='ocrx_word' id='word_1_505' title='bbox 2329 1852 2602 1922; x_wconf 87' lang='lat' dir='ltr'><strong>profundo</strong></span> <span class='ocrx_word' id='word_1_506' title='bbox 2649 1857 2902 1910; x_wconf 85' lang='lat' dir='ltr'><strong>scaturit.</strong></span> <span class='ocrx_word' id='word_1_507' title='bbox 2935 1855 3047 1912; x_wconf 84' lang='lat' dir='ltr'><strong>Nec</strong></span> <span class='ocrx_word' id='word_1_508' title='bbox 3082 1858 3278 1912; x_wconf 91' lang='lat' dir='ltr'><strong>mirum</strong></span> <span class='ocrx_word' id='word_1_509' title='bbox 3308 1873 3441 1914; x_wconf 87' lang='lat' dir='ltr'><strong>sane</strong></span> 
     </span>
    </p>
   </div>
   <div class='ocr_carea' id='block_1_64' title="bbox 1861 1943 3441 2018">
    <p class='ocr_par' dir='ltr' id='par_1_64' title="bbox 1861 1943 3441 2018">
     <span class='ocr_line' id='line_1_64' title="bbox 1861 1943 3441 2018; baseline 0.004 -21"><span class='ocrx_word' id='word_1_510' title='bbox 1861 1953 1946 1997; x_wconf 90' lang='lat' dir='ltr'><strong>est</strong></span> <span class='ocrx_word' id='word_1_511' title='bbox 1973 1953 2257 2012; x_wconf 89' lang='lat' dir='ltr'><strong>puteorum</strong></span> <span class='ocrx_word' id='word_1_512' title='bbox 2293 1943 2465 1998; x_wconf 85' lang='lat' dir='ltr'><strong>[ilium</strong></span> <span class='ocrx_word' id='word_1_513' title='bbox 2495 1945 2576 2001; x_wconf 91' lang='lat' dir='ltr'><strong>sic</strong></span> <span class='ocrx_word' id='word_1_514' title='bbox 2602 1960 2722 2003; x_wconf 89' lang='lat' dir='ltr'><strong>esse</strong></span> <span class='ocrx_word' id='word_1_515' title='bbox 2751 1957 3026 2013; x_wconf 84' lang='lat' dir='ltr'><strong>sanctum,</strong></span> <span class='ocrx_word' id='word_1_516' title='bbox 3061 1949 3150 2018; x_wconf 90' lang='lat' dir='ltr'><strong>qui</strong></span> <span class='ocrx_word' id='word_1_517' title='bbox 3188 1966 3252 2004; x_wconf 79' lang='lat' dir='ltr'><strong>ex</strong></span> <span class='ocrx_word' id='word_1_518' title='bbox 3303 1959 3441 2005; x_wconf 90' lang='lat' dir='ltr'><strong>stre-</strong></span> 
     </span>
    </p>
   </div>
   <div class='ocr_carea' id='block_1_65' title="bbox 1864 2034 3442 2108">
    <p class='ocr_par' dir='ltr' id='par_1_65' title="bbox 1864 2034 3442 2108">
     <span class='ocr_line' id='line_1_65' title="bbox 1864 2034 3442 2108; baseline 0.004 -18"><span class='ocrx_word' id='word_1_519' title='bbox 1864 2051 1968 2090; x_wconf 90' lang='lat' dir='ltr'><strong>nue</strong></span> <span class='ocrx_word' id='word_1_520' title='bbox 2012 2034 2172 2091; x_wconf 79' lang='lat' dir='ltr'><strong>factis</strong></span> <span class='ocrx_word' id='word_1_521' title='bbox 2224 2035 2548 2108; x_wconf 81' lang='lat' dir='ltr'><strong>frequenter</strong></span> <span class='ocrx_word' id='word_1_522' title='bbox 2598 2038 2743 2094; x_wconf 85' lang='lat' dir='ltr'><strong>ﬁlius</strong></span> <span class='ocrx_word' id='word_1_523' title='bbox 2797 2041 3116 2096; x_wconf 85' lang='lat' dir='ltr'><strong>nominatur</strong></span> <span class='ocrx_word' id='word_1_524' title='bbox 3165 2059 3181 2096; x_wconf 87' lang='lat'><strong>:</strong></span> <span class='ocrx_word' id='word_1_525' title='bbox 3237 2043 3442 2098; x_wconf 89' lang='lat' dir='ltr'><strong>idcirco</strong></span> 
     </span>
    </p>
   </div>
   <div class='ocr_carea' id='block_1_66' title="bbox 1861 2129 3440 2201">
    <p class='ocr_par' dir='ltr' id='par_1_66' title="bbox 1861 2129 3440 2201">
     <span class='ocr_line' id='line_1_66' title="bbox 1861 2129 3440 2201; baseline 0.006 -21"><span class='ocrx_word' id='word_1_526' title='bbox 1861 2129 2078 2197; x_wconf 85' lang='lat' dir='ltr'><strong>quidem</strong></span> <span class='ocrx_word' id='word_1_527' title='bbox 2107 2130 2235 2198; x_wconf 89' lang='lat' dir='ltr'><strong>quia</strong></span> <span class='ocrx_word' id='word_1_528' title='bbox 2260 2129 2480 2186; x_wconf 86' lang='lat' dir='ltr'><strong>luceant</strong></span> <span class='ocrx_word' id='word_1_529' title='bbox 2495 2146 2660 2201; x_wconf 88' lang='lat' dir='ltr'><strong>opera</strong></span> <span class='ocrx_word' id='word_1_530' title='bbox 2679 2131 2800 2200; x_wconf 83' lang='lat' dir='ltr'><strong>eius</strong></span> <span class='ocrx_word' id='word_1_531' title='bbox 2823 2148 3012 2189; x_wconf 88' lang='lat' dir='ltr'><strong>coram</strong></span> <span class='ocrx_word' id='word_1_532' title='bbox 3034 2134 3350 2190; x_wconf 82' lang='lat' dir='ltr'><strong>hominibus</strong></span> <span class='ocrx_word' id='word_1_533' title='bbox 3371 2135 3440 2198; x_wconf 70' lang='grc'><strong>⁸³,</strong></span> 
     </span>
    </p>
   </div>
   <div class='ocr_carea' id='block_1_67' title="bbox 1867 2218 3444 2296">
    <p class='ocr_par' dir='ltr' id='par_1_67' title="bbox 1867 2218 3444 2296">
     <span class='ocr_line' id='line_1_67' title="bbox 1867 2218 3444 2296; baseline 0.006 -24"><span class='ocrx_word' id='word_1_534' title='bbox 1867 2219 2009 2274; x_wconf 77' lang='lat' dir='ltr'><strong>[ilius</strong></span> <span class='ocrx_word' id='word_1_535' title='bbox 2054 2218 2193 2275; x_wconf 87' lang='lat' dir='ltr'><strong>lucis</strong></span> <span class='ocrx_word' id='word_1_536' title='bbox 2237 2231 2583 2290; x_wconf 87' lang='lat' dir='ltr'><strong>nuncupatus</strong></span> <span class='ocrx_word' id='word_1_537' title='bbox 2624 2241 2639 2278; x_wconf 92' lang='lat'><strong>:</strong></span> <span class='ocrx_word' id='word_1_538' title='bbox 2674 2225 2803 2294; x_wconf 88' lang='lat' dir='ltr'><strong>quia</strong></span> <span class='ocrx_word' id='word_1_539' title='bbox 2839 2241 2973 2281; x_wconf 90' lang='lat' dir='ltr'><strong>vero</strong></span> <span class='ocrx_word' id='word_1_540' title='bbox 3015 2225 3212 2280; x_wconf 79' lang='lat' dir='ltr'><strong>habeat</strong></span> <span class='ocrx_word' id='word_1_541' title='bbox 3253 2241 3444 2296; x_wconf 87' lang='lat' dir='ltr'><strong>pacem</strong></span> 
     </span>
    </p>
   </div>
   <div class='ocr_carea' id='block_1_68' title="bbox 1865 2309 3444 2389">
    <p class='ocr_par' dir='ltr' id='par_1_68' title="bbox 1865 2309 3444 2389">
     <span class='ocr_line' id='line_1_68' title="bbox 1865 2309 3444 2389; baseline 0.006 -24"><span class='ocrx_word' id='word_1_542' title='bbox 1865 2309 1984 2377; x_wconf 88' lang='lat' dir='ltr'><strong>Dei,</strong></span> <span class='ocrx_word' id='word_1_543' title='bbox 2019 2322 2440 2383; x_wconf 81' lang='lat' dir='ltr'><strong>exsuperantem</strong></span> <span class='ocrx_word' id='word_1_544' title='bbox 2476 2330 2696 2372; x_wconf 91' lang='lat' dir='ltr'><strong>omnem</strong></span> <span class='ocrx_word' id='word_1_545' title='bbox 2729 2317 3144 2389; x_wconf 81' lang='lat' dir='ltr'><strong>intelligentiam</strong></span> <span class='ocrx_word' id='word_1_546' title='bbox 3180 2320 3254 2386; x_wconf 84' lang='lat'><strong>&#39;°,</strong></span> <span class='ocrx_word' id='word_1_547' title='bbox 3301 2320 3444 2376; x_wconf 81' lang='lat' dir='ltr'><strong>illius</strong></span> 
     </span>
    </p>
   </div>
   <div class='ocr_carea' id='block_1_69' title="bbox 1872 2406 3445 2480">
    <p class='ocr_par' dir='ltr' id='par_1_69' title="bbox 1872 2406 3445 2480">
     <span class='ocr_line' id='line_1_69' title="bbox 1872 2406 3445 2480; baseline 0.003 -20"><span class='ocrx_word' id='word_1_548' title='bbox 1872 2407 2029 2474; x_wconf 86' lang='lat' dir='ltr'><strong>pacis</strong></span> <span class='ocrx_word' id='word_1_549' title='bbox 2056 2423 2070 2460; x_wconf 88' lang='lat'><strong>:</strong></span> <span class='ocrx_word' id='word_1_550' title='bbox 2106 2416 2269 2478; x_wconf 88' lang='lat' dir='ltr'><strong>atque</strong></span> <span class='ocrx_word' id='word_1_551' title='bbox 2299 2406 2464 2462; x_wconf 86' lang='lat' dir='ltr'><strong>etiam</strong></span> <span class='ocrx_word' id='word_1_552' title='bbox 2497 2417 2722 2480; x_wconf 88' lang='lat' dir='ltr'><strong>propter</strong></span> <span class='ocrx_word' id='word_1_553' title='bbox 2747 2410 3030 2480; x_wconf 65' lang='lat' dir='ltr'><strong>sapientiae</strong></span> <span class='ocrx_word' id='word_1_554' title='bbox 3061 2409 3352 2466; x_wconf 87' lang='lat' dir='ltr'><strong>utilitatem</strong></span> <span class='ocrx_word' id='word_1_555' title='bbox 3383 2411 3445 2464; x_wconf 86' lang='lat' dir='ltr'><strong>li-</strong></span> 
     </span>
    </p>
   </div>
   <div class='ocr_carea' id='block_1_70' title="bbox 1865 2497 3444 2574">
    <p class='ocr_par' dir='ltr' id='par_1_70' title="bbox 1865 2497 3444 2574">
     <span class='ocr_line' id='line_1_70' title="bbox 1865 2497 3444 2574; baseline 0.004 -22"><span class='ocrx_word' id='word_1_556' title='bbox 1865 2498 1970 2554; x_wconf 89' lang='lat' dir='ltr'><strong>lius</strong></span> <span class='ocrx_word' id='word_1_557' title='bbox 1996 2498 2312 2568; x_wconf 64' lang='lat' dir='ltr'><strong>sapientiae:</strong></span> <span class='ocrx_word' id='word_1_558' title='bbox 2341 2517 2362 2550; x_wconf 77' lang='grc' dir='ltr'><strong>ι</strong></span> <span class='ocrx_word' id='word_1_559' title='bbox 2385 2497 2689 2554; x_wconf 84' lang='lat' dir='ltr'><strong>Justilicata</strong></span> <span class='ocrx_word' id='word_1_560' title='bbox 2716 2509 2798 2555; x_wconf 91' lang='lat' dir='ltr'><strong>est</strong></span> <span class='ocrx_word' id='word_1_561' title='bbox 2817 2501 2984 2564; x_wconf 88' lang='lat' dir='ltr'><strong>enim,</strong></span> <span class='ocrx_word' id='word_1_562' title='bbox 3010 2502 3205 2571; x_wconf 86' lang='lat' dir='ltr'><strong>inquit,</strong></span> <span class='ocrx_word' id='word_1_563' title='bbox 3231 2503 3444 2574; x_wconf 88' lang='lat' dir='ltr'><strong>sapien-</strong></span> 
     </span>
    </p>
   </div>
   <div class='ocr_carea' id='block_1_71' title="bbox 1867 2588 3444 2662">
    <p class='ocr_par' dir='ltr' id='par_1_71' title="bbox 1867 2588 3444 2662">
     <span class='ocr_line' id='line_1_71' title="bbox 1867 2588 3444 2662; baseline 0.004 -18"><span class='ocrx_word' id='word_1_564' title='bbox 1867 2591 1938 2646; x_wconf 85' lang='lat' dir='ltr'><strong>tia</strong></span> <span class='ocrx_word' id='word_1_565' title='bbox 1961 2590 2138 2647; x_wconf 82' lang='lat' dir='ltr'><strong>aﬁliis</strong></span> <span class='ocrx_word' id='word_1_566' title='bbox 2153 2592 2270 2646; x_wconf 90' lang='lat' dir='ltr'><strong>suis</strong></span> <span class='ocrx_word' id='word_1_567' title='bbox 2303 2592 2370 2647; x_wconf 78' lang='grc' dir='ltr'><strong>τί.</strong></span> <span class='ocrx_word' id='word_1_568' title='bbox 2400 2611 2419 2644; x_wconf 95' lang='lat'><strong>1</strong></span> <span class='ocrx_word' id='word_1_569' title='bbox 2456 2591 2614 2646; x_wconf 87' lang='lat' dir='ltr'><strong>Hunc</strong></span> <span class='ocrx_word' id='word_1_570' title='bbox 2635 2592 2798 2662; x_wconf 79' lang='lat' dir='ltr'><strong>igitur</strong></span> <span class='ocrx_word' id='word_1_571' title='bbox 2819 2588 3119 2648; x_wconf 58' lang='lat' dir='ltr'><strong>in&#39;modum</strong></span> <span class='ocrx_word' id='word_1_572' title='bbox 3156 2594 3244 2650; x_wconf 89' lang='lat' dir='ltr'><strong>ille</strong></span> <span class='ocrx_word' id='word_1_573' title='bbox 3278 2597 3444 2651; x_wconf 88' lang='lat' dir='ltr'><strong>etiam</strong></span> 
     </span>
    </p>
   </div>
   <div class='ocr_carea' id='block_1_72' title="bbox 1865 2680 3444 2756">
    <p class='ocr_par' dir='ltr' id='par_1_72' title="bbox 1865 2680 3444 2756">
     <span class='ocr_line' id='line_1_72' title="bbox 1865 2680 3444 2756; baseline 0.003 -21"><span class='ocrx_word' id='word_1_574' title='bbox 1865 2683 1956 2752; x_wconf 88' lang='lat' dir='ltr'><strong>qui</strong></span> <span class='ocrx_word' id='word_1_575' title='bbox 2006 2680 2118 2754; x_wconf 67' lang='grc'><strong>49</strong></span> <span class='ocrx_word' id='word_1_576' title='bbox 2167 2683 2349 2738; x_wconf 87' lang='lat' dir='ltr'><strong>divino</strong></span> <span class='ocrx_word' id='word_1_577' title='bbox 2410 2682 2611 2752; x_wconf 88' lang='lat' dir='ltr'><strong>Spiritu</strong></span> <span class='ocrx_word' id='word_1_578' title='bbox 2658 2685 2841 2739; x_wconf 91' lang='lat' dir='ltr'><strong>omnia</strong></span> <span class='ocrx_word' id='word_1_579' title='bbox 2873 2683 3138 2754; x_wconf 78' lang='lat' dir='ltr'><strong>profunda</strong></span> <span class='ocrx_word' id='word_1_580' title='bbox 3179 2685 3273 2741; x_wconf 87' lang='lat' dir='ltr'><strong>Dei</strong></span> <span class='ocrx_word' id='word_1_581' title='bbox 3324 2703 3444 2756; x_wconf 84' lang='lat' dir='ltr'><strong>per-</strong></span> 
     </span>
    </p>
   </div>
   <div class='ocr_carea' id='block_1_73' title="bbox 1867 2775 3446 2847">
    <p class='ocr_par' dir='ltr' id='par_1_73' title="bbox 1867 2775 3446 2847">
     <span class='ocr_line' id='line_1_73' title="bbox 1867 2775 3446 2847; baseline 0.003 -17"><span class='ocrx_word' id='word_1_582' title='bbox 1867 2785 2164 2840; x_wconf 82' lang='lat' dir='ltr'><strong>scrulatur,</strong></span> <span class='ocrx_word' id='word_1_583' title='bbox 2210 2784 2271 2831; x_wconf 83' lang='lat' dir='ltr'><strong>ut</strong></span> <span class='ocrx_word' id='word_1_584' title='bbox 2304 2775 2480 2847; x_wconf 86' lang='lat' dir='ltr'><strong>eloqui</strong></span> <span class='ocrx_word' id='word_1_585' title='bbox 2507 2777 2680 2847; x_wconf 87' lang='lat' dir='ltr'><strong>possit</strong></span> <span class='ocrx_word' id='word_1_586' title='bbox 2711 2793 2724 2830; x_wconf 90' lang='lat'><strong>:</strong></span> <span class='ocrx_word' id='word_1_587' title='bbox 2758 2776 2839 2832; x_wconf 81' lang='grc' dir='ltr'><strong>«Ο</strong></span> <span class='ocrx_word' id='word_1_588' title='bbox 2863 2777 3196 2845; x_wconf 80' lang='lat' dir='ltr'><strong>profunditas</strong></span> <span class='ocrx_word' id='word_1_589' title='bbox 3227 2780 3446 2834; x_wconf 80' lang='lat' dir='ltr'><strong>divitia-</strong></span> 
     </span>
    </p>
   </div>
   <div class='ocr_carea' id='block_1_74' title="bbox 1870 2868 3447 2940">
    <p class='ocr_par' dir='ltr' id='par_1_74' title="bbox 1870 2868 3447 2940">
     <span class='ocr_line' id='line_1_74' title="bbox 1870 2868 3447 2940; baseline 0.004 -18"><span class='ocrx_word' id='word_1_590' title='bbox 1870 2883 2016 2933; x_wconf 90' lang='lat' dir='ltr'><strong>rum,</strong></span> <span class='ocrx_word' id='word_1_591' title='bbox 2033 2876 2088 2922; x_wconf 88' lang='lat' dir='ltr'><strong>et</strong></span> <span class='ocrx_word' id='word_1_592' title='bbox 2107 2868 2405 2939; x_wconf 65' lang='lat' dir='ltr'><strong>sapientiae,</strong></span> <span class='ocrx_word' id='word_1_593' title='bbox 2433 2880 2484 2924; x_wconf 88' lang='lat' dir='ltr'><strong>et</strong></span> <span class='ocrx_word' id='word_1_594' title='bbox 2515 2870 2843 2939; x_wconf 80' lang='lat' dir='ltr'><strong>cognitionis</strong></span> <span class='ocrx_word' id='word_1_595' title='bbox 2865 2869 2959 2926; x_wconf 91' lang='lat' dir='ltr'><strong>Dei</strong></span> <span class='ocrx_word' id='word_1_596' title='bbox 2993 2872 3061 2936; x_wconf 74' lang='grc' dir='ltr'><strong>τ’,</strong></span> <span class='ocrx_word' id='word_1_597' title='bbox 3084 2889 3104 2924; x_wconf 89' lang='lat'><strong>1</strong></span> <span class='ocrx_word' id='word_1_598' title='bbox 3127 2882 3302 2940; x_wconf 87' lang='lat' dir='ltr'><strong>potest</strong></span> <span class='ocrx_word' id='word_1_599' title='bbox 3323 2889 3447 2929; x_wconf 88' lang='lat' dir='ltr'><strong>esse</strong></span> 
     </span>
    </p>
   </div>
   <div class='ocr_carea' id='block_1_75' title="bbox 1867 2960 3445 3031">
    <p class='ocr_par' dir='ltr' id='par_1_75' title="bbox 1867 2960 3445 3031">
     <span class='ocr_line' id='line_1_75' title="bbox 1867 2960 3445 3031; baseline 0.006 -17"><span class='ocrx_word' id='word_1_600' title='bbox 1867 2970 2154 3030; x_wconf 90' lang='lat' dir='ltr'><strong>puteorum</strong></span> <span class='ocrx_word' id='word_1_601' title='bbox 2207 2960 2374 3026; x_wconf 75' lang='lat' dir='ltr'><strong>(ilius,</strong></span> <span class='ocrx_word' id='word_1_602' title='bbox 2419 2962 2488 3016; x_wconf 90' lang='lat' dir='ltr'><strong>ad</strong></span> <span class='ocrx_word' id='word_1_603' title='bbox 2535 2976 2694 3031; x_wconf 86' lang='lat' dir='ltr'><strong>quem</strong></span> <span class='ocrx_word' id='word_1_604' title='bbox 2739 2977 2920 3017; x_wconf 87' lang='lat' dir='ltr'><strong>sermo</strong></span> <span class='ocrx_word' id='word_1_605' title='bbox 2948 2963 3042 3018; x_wconf 85' lang='lat' dir='ltr'><strong>ﬁat</strong></span> <span class='ocrx_word' id='word_1_606' title='bbox 3082 2965 3316 3020; x_wconf 85' lang='lat' dir='ltr'><strong>Domini.</strong></span> <span class='ocrx_word' id='word_1_607' title='bbox 3351 2967 3445 3024; x_wconf 92' lang='lat' dir='ltr'><strong>Sic</strong></span> 
     </span>
    </p>
   </div>
   <div class='ocr_carea' id='block_1_76' title="bbox 1871 3052 3448 3124">
    <p class='ocr_par' dir='ltr' id='par_1_76' title="bbox 1871 3052 3448 3124">
     <span class='ocr_line' id='line_1_76' title="bbox 1871 3052 3448 3124; baseline 0.004 -18"><span class='ocrx_word' id='word_1_608' title='bbox 1871 3066 2051 3108; x_wconf 90' lang='lat' dir='ltr'><strong>sermo</strong></span> <span class='ocrx_word' id='word_1_609' title='bbox 2083 3052 2248 3108; x_wconf 90' lang='lat' dir='ltr'><strong>etiam</strong></span> <span class='ocrx_word' id='word_1_610' title='bbox 2277 3053 2346 3108; x_wconf 88' lang='lat' dir='ltr'><strong>ad</strong></span> <span class='ocrx_word' id='word_1_611' title='bbox 2376 3052 2568 3108; x_wconf 88' lang='lat' dir='ltr'><strong>Isaiam</strong></span> <span class='ocrx_word' id='word_1_612' title='bbox 2595 3053 2744 3107; x_wconf 84' lang='lat' dir='ltr'><strong>venit</strong></span> <span class='ocrx_word' id='word_1_613' title='bbox 2769 3053 2969 3110; x_wconf 87' lang='lat' dir='ltr'><strong>docens</strong></span> <span class='ocrx_word' id='word_1_614' title='bbox 2999 3069 3118 3124; x_wconf 69' lang='lat' dir='ltr'><strong>qua:</strong></span> <span class='ocrx_word' id='word_1_615' title='bbox 3153 3055 3205 3110; x_wconf 94' lang='lat' dir='ltr'><strong>in</strong></span> <span class='ocrx_word' id='word_1_616' title='bbox 3240 3057 3448 3113; x_wconf 87' lang='lat' dir='ltr'><strong>ultimis</strong></span> 
     </span>
    </p>
   </div>
   <div class='ocr_carea' id='block_1_77' title="bbox 1793 3113 3443 3212">
    <p class='ocr_par' dir='ltr' id='par_1_77' title="bbox 1793 3113 3443 3212">
     <span class='ocr_line' id='line_1_77' title="bbox 1793 3113 3443 3212; baseline 0.004 -14"><span class='ocrx_word' id='word_1_617' title='bbox 1793 3113 1838 3174; x_wconf 65' lang='grc' dir='ltr'>ο</span> <span class='ocrx_word' id='word_1_618' title='bbox 1871 3144 2065 3200; x_wconf 76' lang='lat' dir='ltr'><strong>diebus</strong></span> <span class='ocrx_word' id='word_1_619' title='bbox 2087 3155 2347 3199; x_wconf 87' lang='lat' dir='ltr'><strong>eventura</strong></span> <span class='ocrx_word' id='word_1_620' title='bbox 2381 3155 2538 3198; x_wconf 88' lang='lat' dir='ltr'><strong>erant</strong></span> <span class='ocrx_word' id='word_1_621' title='bbox 2568 3155 2682 3198; x_wconf 89' lang='lat' dir='ltr'><strong>tum</strong></span> <span class='ocrx_word' id='word_1_622' title='bbox 2708 3144 2934 3212; x_wconf 63' lang='lat' dir='ltr'><strong>Judaaaa,</strong></span> <span class='ocrx_word' id='word_1_623' title='bbox 2965 3156 3077 3202; x_wconf 91' lang='lat' dir='ltr'><strong>tum</strong></span> <span class='ocrx_word' id='word_1_624' title='bbox 3103 3147 3399 3205; x_wconf 84' lang='lat' dir='ltr'><strong>Jerusalem</strong></span> <span class='ocrx_word' id='word_1_625' title='bbox 3427 3167 3443 3204; x_wconf 88' lang='lat'><strong>:</strong></span> 
     </span>
    </p>
   </div>
   <div class='ocr_carea' id='block_1_78' title="bbox 1870 3233 3446 3296">
    <p class='ocr_par' dir='ltr' id='par_1_78' title="bbox 1870 3233 3446 3296">
     <span class='ocr_line' id='line_1_78' title="bbox 1870 3233 3446 3296; baseline 0.001 -4"><span class='ocrx_word' id='word_1_626' title='bbox 1870 3236 2062 3292; x_wconf 87' lang='lat' dir='ltr'><strong>eodem</strong></span> <span class='ocrx_word' id='word_1_627' title='bbox 2105 3236 2266 3291; x_wconf 86' lang='lat' dir='ltr'><strong>modo</strong></span> <span class='ocrx_word' id='word_1_628' title='bbox 2302 3244 2358 3290; x_wconf 90' lang='lat' dir='ltr'><strong>et</strong></span> <span class='ocrx_word' id='word_1_629' title='bbox 2388 3234 2454 3290; x_wconf 91' lang='lat' dir='ltr'><strong>ad</strong></span> <span class='ocrx_word' id='word_1_630' title='bbox 2497 3233 2790 3290; x_wconf 85' lang='lat' dir='ltr'><strong>Jeremiam</strong></span> <span class='ocrx_word' id='word_1_631' title='bbox 2833 3238 3016 3293; x_wconf 87' lang='lat' dir='ltr'><strong>divina</strong></span> <span class='ocrx_word' id='word_1_632' title='bbox 3066 3239 3302 3296; x_wconf 84' lang='lat' dir='ltr'><strong>elatione</strong></span> <span class='ocrx_word' id='word_1_633' title='bbox 3335 3241 3446 3295; x_wconf 85' lang='lat' dir='ltr'><strong>ela-</strong></span> 
     </span>
    </p>
   </div>
   <div class='ocr_carea' id='block_1_79' title="bbox 1871 3327 3446 3402">
    <p class='ocr_par' dir='ltr' id='par_1_79' title="bbox 1871 3327 3446 3402">
     <span class='ocr_line' id='line_1_79' title="bbox 1871 3327 3446 3402; baseline 0.004 -20"><span class='ocrx_word' id='word_1_634' title='bbox 1871 3339 1980 3382; x_wconf 89' lang='lat' dir='ltr'><strong>tum</strong></span> <span class='ocrx_word' id='word_1_635' title='bbox 2042 3327 2187 3401; x_wconf 89' lang='lat' dir='ltr'><strong>(nam</strong></span> <span class='ocrx_word' id='word_1_636' title='bbox 2251 3327 2640 3399; x_wconf 86' lang='lat' dir='ltr'><strong>interpretatur</strong></span> <span class='ocrx_word' id='word_1_637' title='bbox 2671 3328 2829 3384; x_wconf 80' lang='lat' dir='ltr'><strong>elatio</strong></span> <span class='ocrx_word' id='word_1_638' title='bbox 2874 3329 3016 3402; x_wconf 81' lang='lat' dir='ltr'><strong>.Iao).</strong></span> <span class='ocrx_word' id='word_1_639' title='bbox 3066 3331 3173 3388; x_wconf 88' lang='lat' dir='ltr'><strong>Sed</strong></span> <span class='ocrx_word' id='word_1_640' title='bbox 3224 3335 3292 3392; x_wconf 81' lang='lat' dir='ltr'><strong>ad</strong></span> <span class='ocrx_word' id='word_1_641' title='bbox 3345 3334 3446 3388; x_wconf 84' lang='lat' dir='ltr'><strong>bo-</strong></span> 
     </span>
    </p>
   </div>
   <div class='ocr_carea' id='block_1_80' title="bbox 1870 3420 3446 3498">
    <p class='ocr_par' dir='ltr' id='par_1_80' title="bbox 1870 3420 3446 3498">
     <span class='ocr_line' id='line_1_80' title="bbox 1870 3420 3446 3498; baseline 0.004 -22"><span class='ocrx_word' id='word_1_642' title='bbox 1870 3422 2044 3476; x_wconf 90' lang='lat' dir='ltr'><strong>mines</strong></span> <span class='ocrx_word' id='word_1_643' title='bbox 2084 3420 2336 3491; x_wconf 87' lang='lat' dir='ltr'><strong>quidem,</strong></span> <span class='ocrx_word' id='word_1_644' title='bbox 2385 3421 2477 3490; x_wconf 87' lang='lat' dir='ltr'><strong>qui</strong></span> <span class='ocrx_word' id='word_1_645' title='bbox 2521 3421 2673 3490; x_wconf 89' lang='lat' dir='ltr'><strong>prius</strong></span> <span class='ocrx_word' id='word_1_646' title='bbox 2730 3435 2962 3498; x_wconf 86' lang='lat' dir='ltr'><strong>capaces</strong></span> <span class='ocrx_word' id='word_1_647' title='bbox 2991 3439 3098 3480; x_wconf 90' lang='lat' dir='ltr'><strong>non</strong></span> <span class='ocrx_word' id='word_1_648' title='bbox 3145 3438 3308 3482; x_wconf 84' lang='lat' dir='ltr'><strong>erant</strong></span> <span class='ocrx_word' id='word_1_649' title='bbox 3351 3433 3446 3482; x_wconf 86' lang='lat' dir='ltr'><strong>ad-</strong></span> 
     </span>
    </p>
   </div>
   <div class='ocr_carea' id='block_1_81' title="bbox 1865 3534 3446 3610">
    <p class='ocr_par' dir='ltr' id='par_1_81' title="bbox 1865 3534 3446 3610">
     <span class='ocr_line' id='line_1_81' title="bbox 1865 3534 3446 3610; baseline 0.006 -19"><span class='ocrx_word' id='word_1_650' title='bbox 1865 3548 2061 3608; x_wconf 79' lang='lat' dir='ltr'><strong>ventus</strong></span> <span class='ocrx_word' id='word_1_651' title='bbox 2092 3535 2213 3591; x_wconf 90' lang='lat' dir='ltr'><strong>Filii</strong></span> <span class='ocrx_word' id='word_1_652' title='bbox 2271 3534 2388 3600; x_wconf 88' lang='lat' dir='ltr'><strong>Dei,</strong></span> <span class='ocrx_word' id='word_1_653' title='bbox 2441 3535 2535 3604; x_wconf 90' lang='lat' dir='ltr'><strong>qui</strong></span> <span class='ocrx_word' id='word_1_654' title='bbox 2577 3547 2664 3591; x_wconf 86' lang='lat' dir='ltr'><strong>est</strong></span> <span class='ocrx_word' id='word_1_655' title='bbox 2716 3536 2929 3604; x_wconf 92' lang='lat' dir='ltr'><strong>Sermo,</strong></span> <span class='ocrx_word' id='word_1_656' title='bbox 2984 3539 3045 3594; x_wconf 85' lang='lat' dir='ltr'><strong>ﬁt</strong></span> <span class='ocrx_word' id='word_1_657' title='bbox 3103 3555 3320 3610; x_wconf 89' lang='lat' dir='ltr'><strong>sermo;</strong></span> <span class='ocrx_word' id='word_1_658' title='bbox 3378 3547 3446 3601; x_wconf 90' lang='lat' dir='ltr'><strong>ad</strong></span> 
     </span>
    </p>
   </div>
   <div class='ocr_carea' id='block_1_82' title="bbox 1866 3631 3445 3701">
    <p class='ocr_par' dir='ltr' id='par_1_82' title="bbox 1866 3631 3445 3701">
     <span class='ocr_line' id='line_1_82' title="bbox 1866 3631 3445 3701; baseline 0.008 -17"><span class='ocrx_word' id='word_1_659' title='bbox 1866 3631 2032 3684; x_wconf 91' lang='lat' dir='ltr'><strong>Deum</strong></span> <span class='ocrx_word' id='word_1_660' title='bbox 2061 3643 2191 3685; x_wconf 84' lang='lat' dir='ltr'><strong>vero</strong></span> <span class='ocrx_word' id='word_1_661' title='bbox 2233 3644 2338 3684; x_wconf 89' lang='lat' dir='ltr'><strong>non</strong></span> <span class='ocrx_word' id='word_1_662' title='bbox 2372 3631 2452 3698; x_wconf 82' lang='lat' dir='ltr'><strong>iit,</strong></span> <span class='ocrx_word' id='word_1_663' title='bbox 2495 3631 2652 3700; x_wconf 87' lang='lat' dir='ltr'><strong>quasi</strong></span> <span class='ocrx_word' id='word_1_664' title='bbox 2677 3633 2769 3701; x_wconf 89' lang='lat' dir='ltr'><strong>qui</strong></span> <span class='ocrx_word' id='word_1_665' title='bbox 2805 3642 2963 3687; x_wconf 88' lang='lat' dir='ltr'><strong>antea</strong></span> <span class='ocrx_word' id='word_1_666' title='bbox 3004 3648 3113 3689; x_wconf 91' lang='lat' dir='ltr'><strong>non</strong></span> <span class='ocrx_word' id='word_1_667' title='bbox 3151 3638 3445 3696; x_wconf 62' lang='lat' dir='ltr'><strong>exsisteret</strong></span> 
     </span>
    </p>
   </div>
   <div class='ocr_carea' id='block_1_83' title="bbox 1866 3723 3445 3794">
    <p class='ocr_par' dir='ltr' id='par_1_83' title="bbox 1866 3723 3445 3794">
     <span class='ocr_line' id='line_1_83' title="bbox 1866 3723 3445 3794; baseline 0.006 -18"><span class='ocrx_word' id='word_1_668' title='bbox 1866 3723 2008 3791; x_wconf 89' lang='lat' dir='ltr'><strong>apud</strong></span> <span class='ocrx_word' id='word_1_669' title='bbox 2035 3723 2235 3792; x_wconf 90' lang='lat' dir='ltr'><strong>ipsum,</strong></span> <span class='ocrx_word' id='word_1_670' title='bbox 2264 3723 2360 3776; x_wconf 89' lang='lat' dir='ltr'><strong>sed</strong></span> <span class='ocrx_word' id='word_1_671' title='bbox 2384 3737 2448 3777; x_wconf 90' lang='lat' dir='ltr'><strong>eo</strong></span> <span class='ocrx_word' id='word_1_672' title='bbox 2477 3723 2622 3791; x_wconf 89' lang='lat' dir='ltr'><strong>quod</strong></span> <span class='ocrx_word' id='word_1_673' title='bbox 2650 3723 2720 3776; x_wconf 91' lang='lat' dir='ltr'><strong>sit</strong></span> <span class='ocrx_word' id='word_1_674' title='bbox 2744 3737 2963 3793; x_wconf 85' lang='lat' dir='ltr'><strong>semper</strong></span> <span class='ocrx_word' id='word_1_675' title='bbox 2989 3739 3112 3779; x_wconf 90' lang='lat' dir='ltr'><strong>cum</strong></span> <span class='ocrx_word' id='word_1_676' title='bbox 3145 3726 3328 3794; x_wconf 85' lang='lat' dir='ltr'><strong>Patre,</strong></span> <span class='ocrx_word' id='word_1_677' title='bbox 3357 3729 3445 3784; x_wconf 82' lang='lat' dir='ltr'><strong>di-</strong></span> 
     </span>
    </p>
   </div>
   <div class='ocr_carea' id='block_1_84' title="bbox 1865 3811 3444 3882">
    <p class='ocr_par' dir='ltr' id='par_1_84' title="bbox 1865 3811 3444 3882">
     <span class='ocr_line' id='line_1_84' title="bbox 1865 3811 3444 3882; baseline 0.004 -17"><span class='ocrx_word' id='word_1_678' title='bbox 1865 3813 2010 3866; x_wconf 87' lang='lat' dir='ltr'><strong>citur</strong></span> <span class='ocrx_word' id='word_1_679' title='bbox 2043 3828 2056 3865; x_wconf 86' lang='lat'><strong>:</strong></span> <span class='ocrx_word' id='word_1_680' title='bbox 2093 3830 2112 3864; x_wconf 78' lang='grc' dir='ltr'><strong>ι</strong></span> <span class='ocrx_word' id='word_1_681' title='bbox 2147 3811 2216 3866; x_wconf 85' lang='grc' dir='ltr'>Ει</span> <span class='ocrx_word' id='word_1_682' title='bbox 2243 3812 2438 3866; x_wconf 88' lang='lat' dir='ltr'><strong>Sermo</strong></span> <span class='ocrx_word' id='word_1_683' title='bbox 2469 3820 2594 3866; x_wconf 89' lang='lat' dir='ltr'><strong>erat</strong></span> <span class='ocrx_word' id='word_1_684' title='bbox 2624 3813 2763 3882; x_wconf 83' lang='lat' dir='ltr'><strong>apud</strong></span> <span class='ocrx_word' id='word_1_685' title='bbox 2790 3811 2955 3867; x_wconf 82' lang='lat' dir='ltr'><strong>Deum</strong></span> <span class='ocrx_word' id='word_1_686' title='bbox 2989 3813 3066 3881; x_wconf 68' lang='lat'><strong>7&#39;;</strong></span> <span class='ocrx_word' id='word_1_687' title='bbox 3108 3834 3128 3867; x_wconf 88' lang='lat'><strong>1</strong></span> <span class='ocrx_word' id='word_1_688' title='bbox 3157 3833 3264 3873; x_wconf 91' lang='lat' dir='ltr'><strong>non</strong></span> <span class='ocrx_word' id='word_1_689' title='bbox 3295 3817 3444 3876; x_wconf 87' lang='lat' dir='ltr'><strong>enim</strong></span> 
     </span>
    </p>
   </div>
   <div class='ocr_carea' id='block_1_85' title="bbox 1866 3903 3444 3975">
    <p class='ocr_par' dir='ltr' id='par_1_85' title="bbox 1866 3903 3444 3975">
     <span class='ocr_line' id='line_1_85' title="bbox 1866 3903 3444 3975; baseline 0.005 -17"><span class='ocrx_word' id='word_1_690' title='bbox 1866 3903 2041 3960; x_wconf 82' lang='lat' dir='ltr'><strong>factus</strong></span> <span class='ocrx_word' id='word_1_691' title='bbox 2066 3915 2150 3960; x_wconf 86' lang='lat' dir='ltr'><strong>est</strong></span> <span class='ocrx_word' id='word_1_692' title='bbox 2174 3905 2318 3975; x_wconf 86' lang='lat' dir='ltr'><strong>apud</strong></span> <span class='ocrx_word' id='word_1_693' title='bbox 2350 3905 2544 3973; x_wconf 88' lang='lat' dir='ltr'><strong>Deum,</strong></span> <span class='ocrx_word' id='word_1_694' title='bbox 2566 3914 2623 3960; x_wconf 82' lang='lat' dir='ltr'><strong>et</strong></span> <span class='ocrx_word' id='word_1_695' title='bbox 2672 3906 2812 3959; x_wconf 89' lang='lat' dir='ltr'><strong>idem</strong></span> <span class='ocrx_word' id='word_1_696' title='bbox 2847 3907 3068 3962; x_wconf 84' lang='lat' dir='ltr'><strong>verbum</strong></span> <span class='ocrx_word' id='word_1_697' title='bbox 3107 3926 3126 3960; x_wconf 75' lang='grc' dir='ltr'><strong>ι</strong></span> <span class='ocrx_word' id='word_1_698' title='bbox 3165 3919 3286 3966; x_wconf 90' lang='lat' dir='ltr'><strong>erat</strong></span> <span class='ocrx_word' id='word_1_699' title='bbox 3315 3930 3336 3965; x_wconf 90' lang='lat'><strong>1</strong></span> <span class='ocrx_word' id='word_1_700' title='bbox 3378 3914 3444 3966; x_wconf 85' lang='lat' dir='ltr'><strong>de</strong></span> 
     </span>
    </p>
   </div>
   <div class='ocr_carea' id='block_1_86' title="bbox 1865 3995 3443 4072">
    <p class='ocr_par' dir='ltr' id='par_1_86' title="bbox 1865 3995 3443 4072">
     <span class='ocr_line' id='line_1_86' title="bbox 1865 3995 3443 4072; baseline 0.004 -20"><span class='ocrx_word' id='word_1_701' title='bbox 1865 3995 2127 4052; x_wconf 89' lang='lat' dir='ltr'><strong>Sermone</strong></span> <span class='ocrx_word' id='word_1_702' title='bbox 2173 3997 2518 4068; x_wconf 66' lang='lat' dir='ltr'><strong>praedicatur,</strong></span> <span class='ocrx_word' id='word_1_703' title='bbox 2566 3998 2821 4069; x_wconf 92' lang='lat' dir='ltr'><strong>quoniam</strong></span> <span class='ocrx_word' id='word_1_704' title='bbox 2877 3999 2930 4053; x_wconf 91' lang='lat' dir='ltr'><strong>in</strong></span> <span class='ocrx_word' id='word_1_705' title='bbox 3002 4001 3272 4072; x_wconf 89' lang='lat' dir='ltr'><strong>principio</strong></span> <span class='ocrx_word' id='word_1_706' title='bbox 3322 4015 3443 4059; x_wconf 86' lang='lat' dir='ltr'><strong>erat</strong></span> 
     </span>
    </p>
   </div>
   <div class='ocr_carea' id='block_1_87' title="bbox 1865 4088 3444 4166">
    <p class='ocr_par' dir='ltr' id='par_1_87' title="bbox 1865 4088 3444 4166">
     <span class='ocr_line' id='line_1_87' title="bbox 1865 4088 3444 4166; baseline 0.005 -23"><span class='ocrx_word' id='word_1_707' title='bbox 1865 4090 2026 4144; x_wconf 84' lang='lat' dir='ltr'><strong>etiam</strong></span> <span class='ocrx_word' id='word_1_708' title='bbox 2055 4098 2166 4143; x_wconf 91' lang='lat' dir='ltr'><strong>tum</strong></span> <span class='ocrx_word' id='word_1_709' title='bbox 2191 4104 2314 4145; x_wconf 89' lang='lat' dir='ltr'><strong>cum</strong></span> <span class='ocrx_word' id='word_1_710' title='bbox 2339 4090 2479 4160; x_wconf 90' lang='lat' dir='ltr'><strong>apud</strong></span> <span class='ocrx_word' id='word_1_711' title='bbox 2513 4088 2682 4144; x_wconf 89' lang='lat' dir='ltr'><strong>Deum</strong></span> <span class='ocrx_word' id='word_1_712' title='bbox 2713 4099 2852 4157; x_wconf 88' lang='lat' dir='ltr'><strong>erat,</strong></span> <span class='ocrx_word' id='word_1_713' title='bbox 2887 4106 3062 4161; x_wconf 89' lang='lat' dir='ltr'><strong>neque</strong></span> <span class='ocrx_word' id='word_1_714' title='bbox 3114 4107 3145 4148; x_wconf 88' lang='lat' dir='ltr'><strong>a</strong></span> <span class='ocrx_word' id='word_1_715' title='bbox 3173 4095 3444 4166; x_wconf 89' lang='lat' dir='ltr'><strong>principio</strong></span> 
     </span>
    </p>
   </div>
   <div class='ocr_carea' id='block_1_88' title="bbox 1865 4179 3444 4249">
    <p class='ocr_par' dir='ltr' id='par_1_88' title="bbox 1865 4179 3444 4249">
     <span class='ocr_line' id='line_1_88' title="bbox 1865 4179 3444 4249; baseline 0.005 -16"><span class='ocrx_word' id='word_1_716' title='bbox 1865 4190 2168 4249; x_wconf 85' lang='lat' dir='ltr'><strong>separatus,</strong></span> <span class='ocrx_word' id='word_1_717' title='bbox 2207 4194 2381 4249; x_wconf 88' lang='lat' dir='ltr'><strong>neque</strong></span> <span class='ocrx_word' id='word_1_718' title='bbox 2428 4179 2648 4234; x_wconf 88' lang='lat' dir='ltr'><strong>Patrem</strong></span> <span class='ocrx_word' id='word_1_719' title='bbox 2693 4180 2953 4236; x_wconf 87' lang='lat' dir='ltr'><strong>deserens</strong></span> <span class='ocrx_word' id='word_1_720' title='bbox 2994 4193 3097 4238; x_wconf 90' lang='lat' dir='ltr'><strong>:et</strong></span> <span class='ocrx_word' id='word_1_721' title='bbox 3126 4201 3314 4240; x_wconf 88' lang='lat' dir='ltr'><strong>rursus</strong></span> <span class='ocrx_word' id='word_1_722' title='bbox 3355 4203 3444 4241; x_wconf 83' lang='lat' dir='ltr'><strong>ne-</strong></span> 
     </span>
    </p>
   </div>
   <div class='ocr_carea' id='block_1_89' title="bbox 1864 4272 3440 4346">
    <p class='ocr_par' dir='ltr' id='par_1_89' title="bbox 1864 4272 3440 4346">
     <span class='ocr_line' id='line_1_89' title="bbox 1864 4272 3440 4346; baseline 0.006 -22"><span class='ocrx_word' id='word_1_723' title='bbox 1864 4287 1972 4341; x_wconf 78' lang='lat' dir='ltr'><strong>que</strong></span> <span class='ocrx_word' id='word_1_724' title='bbox 1995 4288 2061 4326; x_wconf 90' lang='lat' dir='ltr'><strong>eo</strong></span> <span class='ocrx_word' id='word_1_725' title='bbox 2087 4272 2232 4342; x_wconf 92' lang='lat' dir='ltr'><strong>quod</strong></span> <span class='ocrx_word' id='word_1_726' title='bbox 2270 4288 2378 4327; x_wconf 90' lang='lat' dir='ltr'><strong>non</strong></span> <span class='ocrx_word' id='word_1_727' title='bbox 2411 4273 2483 4327; x_wconf 85' lang='lat' dir='ltr'><strong>sit</strong></span> <span class='ocrx_word' id='word_1_728' title='bbox 2513 4272 2565 4327; x_wconf 91' lang='lat' dir='ltr'><strong>in</strong></span> <span class='ocrx_word' id='word_1_729' title='bbox 2596 4273 2863 4343; x_wconf 88' lang='lat' dir='ltr'><strong>principio</strong></span> <span class='ocrx_word' id='word_1_730' title='bbox 2911 4275 3109 4340; x_wconf 79' lang='lat' dir='ltr'><strong>factus,</strong></span> <span class='ocrx_word' id='word_1_731' title='bbox 3147 4277 3202 4332; x_wconf 89' lang='lat' dir='ltr'><strong>in</strong></span> <span class='ocrx_word' id='word_1_732' title='bbox 3229 4280 3440 4346; x_wconf 86' lang='lat' dir='ltr'><strong>princi-</strong></span> 
     </span>
    </p>
   </div>
   <div class='ocr_carea' id='block_1_90' title="bbox 1868 4363 3444 4434">
    <p class='ocr_par' dir='ltr' id='par_1_90' title="bbox 1868 4363 3444 4434">
     <span class='ocr_line' id='line_1_90' title="bbox 1868 4363 3444 4434; baseline 0.004 -19"><span class='ocrx_word' id='word_1_733' title='bbox 1868 4364 1978 4434; x_wconf 91' lang='lat' dir='ltr'><strong>pio,</strong></span> <span class='ocrx_word' id='word_1_734' title='bbox 2013 4378 2188 4433; x_wconf 86' lang='lat' dir='ltr'><strong>neque</strong></span> <span class='ocrx_word' id='word_1_735' title='bbox 2234 4378 2299 4418; x_wconf 93' lang='lat' dir='ltr'><strong>eo</strong></span> <span class='ocrx_word' id='word_1_736' title='bbox 2348 4363 2492 4434; x_wconf 91' lang='lat' dir='ltr'><strong>quod</strong></span> <span class='ocrx_word' id='word_1_737' title='bbox 2527 4379 2630 4420; x_wconf 92' lang='lat' dir='ltr'><strong>non</strong></span> <span class='ocrx_word' id='word_1_738' title='bbox 2661 4365 2733 4419; x_wconf 89' lang='lat' dir='ltr'><strong>sit</strong></span> <span class='ocrx_word' id='word_1_739' title='bbox 2776 4363 2918 4433; x_wconf 87' lang='lat' dir='ltr'><strong>apud</strong></span> <span class='ocrx_word' id='word_1_740' title='bbox 2949 4365 3142 4433; x_wconf 88' lang='lat' dir='ltr'><strong>Deum,</strong></span> <span class='ocrx_word' id='word_1_741' title='bbox 3176 4366 3352 4423; x_wconf 77' lang='lat' dir='ltr'><strong>laetus</strong></span> <span class='ocrx_word' id='word_1_742' title='bbox 3385 4378 3444 4422; x_wconf 79' lang='lat' dir='ltr'><strong>ut</strong></span> 
     </span>
    </p>
   </div>
   <div class='ocr_carea' id='block_1_91' title="bbox 177 4455 1750 4534">
    <p class='ocr_par' dir='ltr' id='par_1_91' title="bbox 177 4455 1750 4534">
     <span class='ocr_line' id='line_1_91' title="bbox 177 4455 1750 4534; baseline 0.003 -23"><span class='ocrx_word' id='word_1_743' title='bbox 177 4460 309 4529; x_wconf 77' lang='grc' dir='ltr'>ἀρχῇ</span> <span class='ocrx_word' id='word_1_744' title='bbox 338 4455 409 4530; x_wconf 77' lang='grc' dir='ltr'>ἦν</span> <span class='ocrx_word' id='word_1_745' title='bbox 456 4462 486 4513; x_wconf 90' lang='grc' dir='ltr'>ό</span> <span class='ocrx_word' id='word_1_746' title='bbox 522 4460 716 4528; x_wconf 85' lang='grc' dir='ltr'>Λόγος,</span> <span class='ocrx_word' id='word_1_747' title='bbox 750 4461 844 4514; x_wconf 77' lang='grc' dir='ltr'>καὶ</span> <span class='ocrx_word' id='word_1_748' title='bbox 873 4463 901 4515; x_wconf 93' lang='lat'><strong>6</strong></span> <span class='ocrx_word' id='word_1_749' title='bbox 932 4461 1106 4530; x_wconf 88' lang='grc' dir='ltr'>Λόγος</span> <span class='ocrx_word' id='word_1_750' title='bbox 1137 4457 1205 4533; x_wconf 81' lang='grc' dir='ltr'>ἦν</span> <span class='ocrx_word' id='word_1_751' title='bbox 1250 4462 1387 4534; x_wconf 87' lang='grc' dir='ltr'>πρὸς</span> <span class='ocrx_word' id='word_1_752' title='bbox 1420 4462 1512 4515; x_wconf 89' lang='grc' dir='ltr'><strong>τὸν</strong></span> <span class='ocrx_word' id='word_1_753' title='bbox 1544 4463 1696 4516; x_wconf 88' lang='grc' dir='ltr'>Θεόν.</span> <span class='ocrx_word' id='word_1_754' title='bbox 1737 4482 1750 4515; x_wconf 80' lang='lat'><strong>1</strong></span> 
     </span>
    </p>
   </div>
   <div class='ocr_carea' id='block_1_92' title="bbox 1874 4455 3440 4534">
    <p class='ocr_par' dir='ltr' id='par_1_92' title="bbox 1874 4457 3440 4529">
     <span class='ocr_line' id='line_1_92' title="bbox 1874 4457 3440 4529; baseline 0.004 -20"><span class='ocrx_word' id='word_1_755' title='bbox 1874 4468 2008 4512; x_wconf 77' lang='lat' dir='ltr'><strong>esset</strong></span> <span class='ocrx_word' id='word_1_756' title='bbox 2039 4458 2178 4527; x_wconf 89' lang='lat' dir='ltr'><strong>apud</strong></span> <span class='ocrx_word' id='word_1_757' title='bbox 2207 4457 2372 4512; x_wconf 91' lang='lat' dir='ltr'><strong>Deum</strong></span> <span class='ocrx_word' id='word_1_758' title='bbox 2408 4473 2423 4512; x_wconf 93' lang='lat'><strong>:</strong></span> <span class='ocrx_word' id='word_1_759' title='bbox 2452 4469 2577 4513; x_wconf 89' lang='lat' dir='ltr'><strong>ante</strong></span> <span class='ocrx_word' id='word_1_760' title='bbox 2617 4472 2780 4514; x_wconf 90' lang='lat' dir='ltr'><strong>omne</strong></span> <span class='ocrx_word' id='word_1_761' title='bbox 2809 4459 2953 4513; x_wconf 92' lang='lat' dir='ltr'><strong>enim</strong></span> <span class='ocrx_word' id='word_1_762' title='bbox 2995 4467 3207 4529; x_wconf 89' lang='lat' dir='ltr'><strong>tempus</strong></span> <span class='ocrx_word' id='word_1_763' title='bbox 3255 4471 3312 4515; x_wconf 87' lang='lat' dir='ltr'><strong>et</strong></span> <span class='ocrx_word' id='word_1_764' title='bbox 3341 4478 3440 4516; x_wconf 79' lang='lat' dir='ltr'><strong>sae-</strong></span> 
     </span>
    </p>
   </div>
   <div class='ocr_carea' id='block_1_93' title="bbox 186 4547 1758 4626">
    <p class='ocr_par' dir='ltr' id='par_1_93' title="bbox 186 4547 1758 4626">
     <span class='ocr_line' id='line_1_93' title="bbox 186 4547 1758 4626; baseline 0.003 -24"><span class='ocrx_word' id='word_1_765' title='bbox 186 4547 333 4603; x_wconf 79' lang='lat' dir='ltr'><strong>&#39;E1:a&#39;t</strong></span> <span class='ocrx_word' id='word_1_766' title='bbox 362 4551 548 4605; x_wconf 85' lang='grc' dir='ltr'>τοίνυν</span> <span class='ocrx_word' id='word_1_767' title='bbox 577 4553 655 4615; x_wconf 83' lang='grc' dir='ltr'><strong>είς</strong></span> <span class='ocrx_word' id='word_1_768' title='bbox 683 4551 900 4624; x_wconf 75' lang='grc' dir='ltr'>εὕρεσιν</span> <span class='ocrx_word' id='word_1_769' title='bbox 929 4553 1042 4618; x_wconf 89' lang='grc' dir='ltr'>τοῦ,</span> <span class='ocrx_word' id='word_1_770' title='bbox 1081 4570 1100 4604; x_wconf 73' lang='grc' dir='ltr'><strong>ι</strong></span> <span class='ocrx_word' id='word_1_771' title='bbox 1136 4554 1247 4606; x_wconf 75' lang='grc' dir='ltr'><strong>Καὶ</strong></span> <span class='ocrx_word' id='word_1_772' title='bbox 1277 4555 1304 4606; x_wconf 90' lang='grc' dir='ltr'>ό</span> <span class='ocrx_word' id='word_1_773' title='bbox 1327 4553 1499 4622; x_wconf 88' lang='grc' dir='ltr'>Λόγος</span> <span class='ocrx_word' id='word_1_774' title='bbox 1527 4549 1595 4624; x_wconf 80' lang='grc' dir='ltr'>ἦν</span> <span class='ocrx_word' id='word_1_775' title='bbox 1622 4554 1758 4626; x_wconf 88' lang='grc' dir='ltr'>πρὸς</span> 
     </span>
    </p>
   </div>
   <div class='ocr_carea' id='block_1_94' title="bbox 178 4641 1760 4717">
    <p class='ocr_par' dir='ltr' id='par_1_94' title="bbox 178 4641 1760 4717">
     <span class='ocr_line' id='line_1_94' title="bbox 178 4641 1760 4717; baseline 0.002 -23"><span class='ocrx_word' id='word_1_776' title='bbox 178 4641 263 4695; x_wconf 87' lang='grc' dir='ltr'><strong>τὸν</strong></span> <span class='ocrx_word' id='word_1_777' title='bbox 282 4643 436 4708; x_wconf 84' lang='grc' dir='ltr'>Θεὸν,</span> <span class='ocrx_word' id='word_1_778' title='bbox 479 4665 497 4696; x_wconf 91' lang='lat'><strong>1</strong></span> <span class='ocrx_word' id='word_1_779' title='bbox 525 4643 873 4715; x_wconf 76' lang='grc' dir='ltr'>παρεθέμεθα</span> <span class='ocrx_word' id='word_1_780' title='bbox 905 4643 1078 4709; x_wconf 79' lang='grc' dir='ltr'>λέξεις</span> <span class='ocrx_word' id='word_1_781' title='bbox 1105 4644 1471 4717; x_wconf 71' lang='grc' dir='ltr'>προφητικάς,</span> <span class='ocrx_word' id='word_1_782' title='bbox 1505 4645 1621 4709; x_wconf 84' lang='grc' dir='ltr'><strong>πῶς</strong></span> <span class='ocrx_word' id='word_1_783' title='bbox 1645 4645 1760 4714; x_wconf 76' lang='grc' dir='ltr'>ἐγέ-</span> 
     </span>
    </p>
   </div>
   <div class='ocr_carea' id='block_1_95' title="bbox 179 4738 1759 4809">
    <p class='ocr_par' dir='ltr' id='par_1_95' title="bbox 179 4738 1759 4809">
     <span class='ocr_line' id='line_1_95' title="bbox 179 4738 1759 4809; baseline 0.001 -21"><span class='ocrx_word' id='word_1_784' title='bbox 179 4752 291 4788; x_wconf 84' lang='grc' dir='ltr'>νετο</span> <span class='ocrx_word' id='word_1_785' title='bbox 319 4738 463 4809; x_wconf 79' lang='grc' dir='ltr'>πρὸς</span> <span class='ocrx_word' id='word_1_786' title='bbox 501 4738 680 4808; x_wconf 80' lang='grc' dir='ltr'>Ὠσηὲ,</span> <span class='ocrx_word' id='word_1_787' title='bbox 709 4740 803 4791; x_wconf 78' lang='grc' dir='ltr'>καὶ</span> <span class='ocrx_word' id='word_1_788' title='bbox 843 4739 1066 4792; x_wconf 74' lang='grc' dir='ltr'>Ἡσαΐαν</span> <span class='ocrx_word' id='word_1_789' title='bbox 1090 4779 1104 4803; x_wconf 95' lang='grc'><strong>,</strong></span> <span class='ocrx_word' id='word_1_790' title='bbox 1137 4738 1231 4792; x_wconf 80' lang='grc' dir='ltr'><strong>καὶ</strong></span> <span class='ocrx_word' id='word_1_791' title='bbox 1267 4738 1553 4808; x_wconf 86' lang='grc' dir='ltr'>Ἱερεμίαν,</span> <span class='ocrx_word' id='word_1_792' title='bbox 1618 4755 1759 4809; x_wconf 87' lang='grc' dir='ltr'>παρ-</span> 
     </span>
    </p>
   </div>
   <div class='ocr_carea' id='block_1_96' title="bbox 181 4828 1758 4902">
    <p class='ocr_par' dir='ltr' id='par_1_96' title="bbox 181 4828 1758 4902">
     <span class='ocr_line' id='line_1_96' title="bbox 181 4828 1758 4902; baseline 0 -20"><span class='ocrx_word' id='word_1_793' title='bbox 181 4829 522 4898; x_wconf 75' lang='grc' dir='ltr'>ετηρήσαμέν</span> <span class='ocrx_word' id='word_1_794' title='bbox 551 4846 612 4880; x_wconf 89' lang='grc' dir='ltr'><strong>τε</strong></span> <span class='ocrx_word' id='word_1_795' title='bbox 630 4830 690 4881; x_wconf 85' lang='grc' dir='ltr'>οὐ</span> <span class='ocrx_word' id='word_1_796' title='bbox 711 4829 808 4900; x_wconf 75' lang='grc' dir='ltr'><strong>τὴν</strong></span> <span class='ocrx_word' id='word_1_797' title='bbox 829 4829 1098 4899; x_wconf 84' lang='grc' dir='ltr'>τυχοῦσαν</span> <span class='ocrx_word' id='word_1_798' title='bbox 1129 4829 1394 4902; x_wconf 83' lang='grc' dir='ltr'>διαφορὰν</span> <span class='ocrx_word' id='word_1_799' title='bbox 1421 4828 1536 4894; x_wconf 87' lang='grc' dir='ltr'>τοῦ,</span> <span class='ocrx_word' id='word_1_800' title='bbox 1579 4848 1598 4880; x_wconf 76' lang='grc' dir='ltr'><strong>ι</strong></span> <span class='ocrx_word' id='word_1_801' title='bbox 1636 4831 1758 4898; x_wconf 81' lang='grc' dir='ltr'><strong>ὲγε-</strong></span> 
     </span>
    </p>
   </div>
   <div class='ocr_carea' id='block_1_97' title="bbox 181 4916 1755 4992">
    <p class='ocr_par' dir='ltr' id='par_1_97' title="bbox 181 4916 1755 4992">
     <span class='ocr_line' id='line_1_97' title="bbox 181 4916 1755 4992; baseline 0.001 -20"><span class='ocrx_word' id='word_1_802' title='bbox 181 4917 306 4992; x_wconf 77' lang='grc' dir='ltr'>νήθη</span> <span class='ocrx_word' id='word_1_803' title='bbox 335 4939 354 4971; x_wconf 90' lang='lat'><strong>1</strong></span> <span class='ocrx_word' id='word_1_804' title='bbox 377 4921 474 4973; x_wconf 74' lang='grc' dir='ltr'><strong>καὶ</strong></span> <span class='ocrx_word' id='word_1_805' title='bbox 524 4938 544 4972; x_wconf 79' lang='grc' dir='ltr'><strong>ι</strong></span> <span class='ocrx_word' id='word_1_806' title='bbox 577 4919 792 4988; x_wconf 81' lang='grc' dir='ltr'>ἐγένετο</span> <span class='ocrx_word' id='word_1_807' title='bbox 815 4939 834 4972; x_wconf 80' lang='lat'><strong>1</strong></span> <span class='ocrx_word' id='word_1_808' title='bbox 875 4921 1010 4991; x_wconf 85' lang='grc' dir='ltr'>πρὸς</span> <span class='ocrx_word' id='word_1_809' title='bbox 1052 4920 1112 4974; x_wconf 88' lang='grc' dir='ltr'><strong>τὸ</strong></span> <span class='ocrx_word' id='word_1_810' title='bbox 1135 4941 1152 4973; x_wconf 79' lang='grc' dir='ltr'><strong>ι</strong></span> <span class='ocrx_word' id='word_1_811' title='bbox 1174 4916 1265 4992; x_wconf 81' lang='grc' dir='ltr'>ἦν,</span> <span class='ocrx_word' id='word_1_812' title='bbox 1287 4940 1306 4972; x_wconf 89' lang='lat'><strong>1</strong></span> <span class='ocrx_word' id='word_1_813' title='bbox 1353 4919 1755 4992; x_wconf 72' lang='grc' dir='ltr'>προσθήσομεν,</span> 
     </span>
    </p>
   </div>
   <div class='ocr_carea' id='block_1_98' title="bbox 244 5037 1349 5106">
    <p class='ocr_par' dir='ltr' id='par_1_98' title="bbox 244 5037 1349 5106">
     <span class='ocr_line' id='line_1_98' title="bbox 244 5037 1349 5106; baseline 0.008 -15"><span class='ocrx_word' id='word_1_814' title='bbox 244 5037 360 5072; x_wconf 66' lang='grc' dir='ltr'><strong>’Μ’</strong></span> <span class='ocrx_word' id='word_1_815' title='bbox 388 5038 593 5098; x_wconf 82' lang='lat' dir='ltr'><strong>Jerem.</strong></span> <span class='ocrx_word' id='word_1_816' title='bbox 625 5056 737 5105; x_wconf 83' lang='lat' dir='ltr'><strong>xiv,</strong></span> <span class='ocrx_word' id='word_1_817' title='bbox 761 5042 814 5095; x_wconf 81' lang='grc'><strong>1.</strong></span> <span class='ocrx_word' id='word_1_818' title='bbox 890 5041 935 5074; x_wconf 71' lang='grc' dir='ltr'><strong>δ’</strong></span> <span class='ocrx_word' id='word_1_819' title='bbox 956 5040 1145 5096; x_wconf 73' lang='lat' dir='ltr'><strong>Matth.</strong></span> <span class='ocrx_word' id='word_1_820' title='bbox 1175 5057 1232 5106; x_wconf 75' lang='grc' dir='ltr'><strong>ν,</strong></span> <span class='ocrx_word' id='word_1_821' title='bbox 1260 5041 1349 5095; x_wconf 75' lang='lat' dir='ltr'><strong>I6.</strong></span> 
     </span>
    </p>
   </div>
   <div class='ocr_carea' id='block_1_99' title="bbox 249 5155 1753 5236">
    <p class='ocr_par' dir='ltr' id='par_1_99' title="bbox 249 5155 1753 5236">
     <span class='ocr_line' id='line_1_99' title="bbox 249 5155 1753 5236; baseline -0.004 -20"><span class='ocrx_word' id='word_1_822' title='bbox 249 5155 356 5236; x_wconf 67' lang='grc' dir='ltr'><strong>(ἷὸ)</strong></span> <span class='ocrx_word' id='word_1_823' title='bbox 411 5157 588 5236; x_wconf 70' lang='grc' dir='ltr'>Ὠσηὲ</span> <span class='ocrx_word' id='word_1_824' title='bbox 614 5158 735 5236; x_wconf 3' lang='grc' dir='ltr'>τὰρ,</span> <span class='ocrx_word' id='word_1_825' title='bbox 756 5158 1138 5236; x_wconf 56' lang='grc' dir='ltr'>ἑρμηνςεύεται</span> <span class='ocrx_word' id='word_1_826' title='bbox 1174 5155 1514 5236; x_wconf 59' lang='grc' dir='ltr'>ἃρξόμενος,</span> <span class='ocrx_word' id='word_1_827' title='bbox 1544 5166 1654 5236; x_wconf 77' lang='lat' dir='ltr'><strong>etc.</strong></span> <span class='ocrx_word' id='word_1_828' title='bbox 1709 5156 1753 5210; x_wconf 85' lang='lat' dir='ltr'><strong>A</strong></span> 
     </span>
    </p>
   </div>
   <div class='ocr_carea' id='block_1_100' title="bbox 185 5230 1751 5310">
    <p class='ocr_par' dir='ltr' id='par_1_100' title="bbox 185 5230 1751 5310">
     <span class='ocr_line' id='line_1_100' title="bbox 185 5230 1751 5310; baseline 0 -30"><span class='ocrx_word' id='word_1_829' title='bbox 185 5231 314 5306; x_wconf 64' lang='grc' dir='ltr'><strong>νων,</strong></span> <span class='ocrx_word' id='word_1_830' title='bbox 340 5232 582 5293; x_wconf 71' lang='lat' dir='ltr'><strong>servavit,</strong></span> <span class='ocrx_word' id='word_1_831' title='bbox 617 5233 676 5284; x_wconf 90' lang='lat' dir='ltr'><strong>Iit</strong></span> <span class='ocrx_word' id='word_1_832' title='bbox 702 5235 876 5310; x_wconf 70' lang='lat' dir='ltr'><strong>vam,</strong></span> <span class='ocrx_word' id='word_1_833' title='bbox 901 5230 1060 5292; x_wconf 81' lang='lat' dir='ltr'><strong>OsEE,</strong></span> <span class='ocrx_word' id='word_1_834' title='bbox 1105 5230 1245 5297; x_wconf 89' lang='lat' dir='ltr'><strong>quod</strong></span> <span class='ocrx_word' id='word_1_835' title='bbox 1297 5230 1751 5296; x_wconf 76' lang='lat' dir='ltr'><strong>signiﬁcationem</strong></span> 
     </span>
    </p>
   </div>
   <div class='ocr_carea' id='block_1_101' title="bbox 187 5320 1750 5392">
    <p class='ocr_par' dir='ltr' id='par_1_101' title="bbox 187 5320 1750 5392">
     <span class='ocr_line' id='line_1_101' title="bbox 187 5320 1750 5392; baseline 0.002 -23"><span class='ocrx_word' id='word_1_836' title='bbox 187 5320 408 5372; x_wconf 79' lang='lat' dir='ltr'><strong>activam</strong></span> <span class='ocrx_word' id='word_1_837' title='bbox 437 5321 673 5386; x_wconf 86' lang='lat' dir='ltr'><strong>postulat</strong></span> <span class='ocrx_word' id='word_1_838' title='bbox 695 5324 872 5391; x_wconf 87' lang='lat' dir='ltr'><strong>potius</strong></span> <span class='ocrx_word' id='word_1_839' title='bbox 897 5339 1060 5392; x_wconf 86' lang='lat' dir='ltr'><strong>quam</strong></span> <span class='ocrx_word' id='word_1_840' title='bbox 1089 5321 1382 5392; x_wconf 83' lang='lat' dir='ltr'><strong>passivam.</strong></span> <span class='ocrx_word' id='word_1_841' title='bbox 1410 5321 1590 5392; x_wconf 74' lang='lat' dir='ltr'><strong>Beont</strong></span> <span class='ocrx_word' id='word_1_842' title='bbox 1620 5335 1750 5392; x_wconf 85' lang='lat' dir='ltr'><strong>vero</strong></span> 
     </span>
    </p>
   </div>
   <div class='ocr_carea' id='block_1_102' title="bbox 185 5390 1750 5461">
    <p class='ocr_par' dir='ltr' id='par_1_102' title="bbox 185 5390 1750 5461">
     <span class='ocr_line' id='line_1_102' title="bbox 185 5390 1750 5461; baseline -0.004 -13"><span class='ocrx_word' id='word_1_843' title='bbox 185 5401 283 5449; x_wconf 65' lang='grc' dir='ltr'>εει.</span> <span class='ocrx_word' id='word_1_844' title='bbox 313 5397 473 5457; x_wconf 67' lang='lat' dir='ltr'><strong>hac,</strong></span> <span class='ocrx_word' id='word_1_845' title='bbox 511 5408 541 5445; x_wconf 84' lang='lat' dir='ltr'><strong>a</strong></span> <span class='ocrx_word' id='word_1_846' title='bbox 569 5390 710 5456; x_wconf 59' lang='grc' dir='ltr'><strong>Ἧι,</strong></span> <span class='ocrx_word' id='word_1_847' title='bbox 739 5390 948 5461; x_wconf 70' lang='lat' dir='ltr'><strong>puteus.</strong></span> <span class='ocrx_word' id='word_1_848' title='bbox 997 5390 1547 5461; x_wconf 79' lang='grc' dir='ltr'>Ἀναὸλυστανούσης,</span> <span class='ocrx_word' id='word_1_849' title='bbox 1607 5391 1750 5458; x_wconf 90' lang='lat' dir='ltr'><strong>quod</strong></span> 
     </span>
    </p>
   </div>
   <div class='ocr_carea' id='block_1_103' title="bbox 187 5461 1750 5534">
    <p class='ocr_par' dir='ltr' id='par_1_103' title="bbox 187 5461 1750 5534">
     <span class='ocr_line' id='line_1_103' title="bbox 187 5461 1750 5534; baseline -0.003 -17"><span class='ocrx_word' id='word_1_850' title='bbox 187 5461 444 5534; x_wconf 61' lang='lat' dir='ltr'><strong>ffeqnjtur,</strong></span> <span class='ocrx_word' id='word_1_851' title='bbox 488 5475 696 5518; x_wconf 78' lang='lat' dir='ltr'><strong>rectum</strong></span> <span class='ocrx_word' id='word_1_852' title='bbox 744 5475 846 5518; x_wconf 89' lang='lat' dir='ltr'><strong>est.</strong></span> <span class='ocrx_word' id='word_1_853' title='bbox 892 5463 1151 5534; x_wconf 85' lang='lat' dir='ltr'><strong>Hesycl1.,</strong></span> <span class='ocrx_word' id='word_1_854' title='bbox 1188 5461 1612 5534; x_wconf 78' lang='grc' dir='ltr'>ἀναὸλυστάνειν</span> <span class='ocrx_word' id='word_1_855' title='bbox 1658 5461 1750 5513; x_wconf 75' lang='grc' dir='ltr'>καὶ</span> 
     </span>
    </p>
   </div>
   <div class='ocr_carea' id='block_1_104' title="bbox 188 5528 1753 5606">
    <p class='ocr_par' dir='ltr' id='par_1_104' title="bbox 188 5528 1753 5606">
     <span class='ocr_line' id='line_1_104' title="bbox 188 5528 1753 5606; baseline 0.003 -26"><span class='ocrx_word' id='word_1_856' title='bbox 188 5528 490 5606; x_wconf 70' lang='grc' dir='ltr'>ἀναϐλύσαι.</span> <span class='ocrx_word' id='word_1_857' title='bbox 517 5535 692 5606; x_wconf 66' lang='lat' dir='ltr'><strong>Quam</strong></span> <span class='ocrx_word' id='word_1_858' title='bbox 721 5534 972 5606; x_wconf 75' lang='lat' dir='ltr'><strong>I-Iesychii</strong></span> <span class='ocrx_word' id='word_1_859' title='bbox 999 5528 1195 5587; x_wconf 60' lang='lat' dir='ltr'><strong>&#39;vocem</strong></span> <span class='ocrx_word' id='word_1_860' title='bbox 1226 5532 1499 5585; x_wconf 78' lang='lat' dir='ltr'><strong>immerito</strong></span> <span class='ocrx_word' id='word_1_861' title='bbox 1529 5548 1753 5599; x_wconf 82' lang='lat' dir='ltr'><strong>suspec-</strong></span> 
     </span>
    </p>
   </div>
   <div class='ocr_carea' id='block_1_105' title="bbox 192 5603 1142 5672">
    <p class='ocr_par' dir='ltr' id='par_1_105' title="bbox 192 5603 1142 5672">
     <span class='ocr_line' id='line_1_105' title="bbox 192 5603 1142 5672; baseline 0.004 -18"><span class='ocrx_word' id='word_1_862' title='bbox 192 5603 483 5672; x_wconf 56' lang='grc' dir='ltr'><strong>ω11[ῂ;11)θι</strong></span> <span class='ocrx_word' id='word_1_863' title='bbox 510 5603 842 5672; x_wconf 71' lang='lat' dir='ltr'><strong>Stephanus.</strong></span> <span class='ocrx_word' id='word_1_864' title='bbox 879 5603 1142 5660; x_wconf 75' lang='lat' dir='ltr'><strong>IIUI-Z&#39;I&#39;IUS.</strong></span> 
     </span>
    </p>
   </div>
   <div class='ocr_carea' id='block_1_106' title="bbox 263 5669 1747 5745">
    <p class='ocr_par' dir='ltr' id='par_1_106' title="bbox 263 5669 1747 5745">
     <span class='ocr_line' id='line_1_106' title="bbox 263 5669 1747 5745; baseline -0.003 -17"><span class='ocrx_word' id='word_1_865' title='bbox 263 5669 370 5745; x_wconf 60' lang='grc'><strong>(74)</strong></span> <span class='ocrx_word' id='word_1_866' title='bbox 399 5669 824 5745; x_wconf 61' lang='grc' dir='ltr'>Ἑρμητλεύεται</span> <span class='ocrx_word' id='word_1_867' title='bbox 861 5676 977 5745; x_wconf 78' lang='grc' dir='ltr'>γὰρ’</span> <span class='ocrx_word' id='word_1_868' title='bbox 1012 5672 1412 5745; x_wconf 45' lang='grc' dir='ltr'>μετεωρισμὸς-</span> <span class='ocrx_word' id='word_1_869' title='bbox 1435 5669 1747 5745; x_wconf 32' lang='grc' dir='ltr'><strong>Ἰαώηηξιξο</strong></span> 
     </span>
    </p>
   </div>
   <div class='ocr_carea' id='block_1_107' title="bbox 195 5741 1744 5804">
    <p class='ocr_par' dir='ltr' id='par_1_107' title="bbox 195 5741 1744 5804">
     <span class='ocr_line' id='line_1_107' title="bbox 195 5741 1744 5804; baseline 0.003 -16"><span class='ocrx_word' id='word_1_870' title='bbox 195 5742 442 5804; x_wconf 85' lang='lat' dir='ltr'><strong>proclivia</strong></span> <span class='ocrx_word' id='word_1_871' title='bbox 472 5741 638 5804; x_wconf 76' lang='lat' dir='ltr'><strong>sunt,</strong></span> <span class='ocrx_word' id='word_1_872' title='bbox 672 5759 728 5799; x_wconf 88' lang='lat' dir='ltr'><strong>et</strong></span> <span class='ocrx_word' id='word_1_873' title='bbox 764 5741 1212 5799; x_wconf 52' lang='lat' dir='ltr'><strong>Fet-rarii&#39;tamen</strong></span> <span class='ocrx_word' id='word_1_874' title='bbox 1263 5741 1328 5796; x_wconf 81' lang='lat' dir='ltr'><strong>ac</strong></span> <span class='ocrx_word' id='word_1_875' title='bbox 1385 5741 1619 5796; x_wconf 86' lang='lat' dir='ltr'><strong>Periunii</strong></span> <span class='ocrx_word' id='word_1_876' title='bbox 1654 5757 1744 5794; x_wconf 78' lang='lat' dir='ltr'><strong>ca-</strong></span> 
     </span>
    </p>
   </div>
   <div class='ocr_carea' id='block_1_108' title="bbox 197 5811 1746 5884">
    <p class='ocr_par' dir='ltr' id='par_1_108' title="bbox 197 5811 1746 5884">
     <span class='ocr_line' id='line_1_108' title="bbox 197 5811 1746 5884; baseline 0.003 -24"><span class='ocrx_word' id='word_1_877' title='bbox 197 5821 340 5874; x_wconf 71' lang='lat' dir='ltr'><strong>ptum</strong></span> <span class='ocrx_word' id='word_1_878' title='bbox 371 5812 626 5884; x_wconf 79' lang='lat' dir='ltr'><strong>fugerunt.</strong></span> <span class='ocrx_word' id='word_1_879' title='bbox 654 5814 914 5868; x_wconf 71' lang='lat' dir='ltr'><strong>leni-211115</strong></span> <span class='ocrx_word' id='word_1_880' title='bbox 940 5823 1237 5873; x_wconf 54' lang='grc' dir='ltr'><strong>δείδι’-βων</strong></span> <span class='ocrx_word' id='word_1_881' title='bbox 1268 5832 1296 5869; x_wconf 80' lang='lat'><strong>:1</strong></span> <span class='ocrx_word' id='word_1_882' title='bbox 1329 5824 1442 5874; x_wconf 62' lang='lat' dir='ltr'><strong>D11</strong></span> <span class='ocrx_word' id='word_1_883' title='bbox 1465 5811 1668 5880; x_wconf 70' lang='lat' dir='ltr'><strong>extolli,</strong></span> <span class='ocrx_word' id='word_1_884' title='bbox 1692 5822 1746 5867; x_wconf 89' lang='lat' dir='ltr'><strong>et</strong></span> 
     </span>
    </p>
   </div>
   <div class='ocr_carea' id='block_1_109' title="bbox 492 5907 1140 5971">
    <p class='ocr_par' dir='ltr' id='par_1_109' title="bbox 492 5907 1140 5971">
     <span class='ocr_line' id='line_1_109' title="bbox 492 5907 1140 5971; baseline -0.003 -3"><span class='ocrx_word' id='word_1_885' title='bbox 492 5909 762 5968; x_wconf 75' lang='grc' dir='ltr'>ΡΔτιιοι.</span> <span class='ocrx_word' id='word_1_886' title='bbox 809 5910 925 5971; x_wconf 78' lang='lat' dir='ltr'><strong>Gtt.</strong></span> <span class='ocrx_word' id='word_1_887' title='bbox 976 5907 1140 5968; x_wconf 79' lang='lat' dir='ltr'><strong>XIV.</strong></span> 
     </span>
    </p>
   </div>
   <div class='ocr_carea' id='block_1_110' title="bbox 1865 4548 3441 4620">
    <p class='ocr_par' dir='ltr' id='par_1_110' title="bbox 1865 4548 3441 4620">
     <span class='ocr_line' id='line_1_110' title="bbox 1865 4548 3441 4620; baseline 0.003 -17"><span class='ocrx_word' id='word_1_888' title='bbox 1865 4549 2068 4612; x_wconf 88' lang='lat' dir='ltr'><strong>culum,</strong></span> <span class='ocrx_word' id='word_1_889' title='bbox 2114 4567 2132 4601; x_wconf 78' lang='grc' dir='ltr'><strong>ι</strong></span> <span class='ocrx_word' id='word_1_890' title='bbox 2187 4550 2238 4603; x_wconf 89' lang='lat' dir='ltr'><strong>in</strong></span> <span class='ocrx_word' id='word_1_891' title='bbox 2274 4551 2544 4620; x_wconf 88' lang='lat' dir='ltr'><strong>principio</strong></span> <span class='ocrx_word' id='word_1_892' title='bbox 2575 4559 2698 4604; x_wconf 90' lang='lat' dir='ltr'><strong>erat</strong></span> <span class='ocrx_word' id='word_1_893' title='bbox 2735 4548 2953 4616; x_wconf 90' lang='lat' dir='ltr'><strong>Sermo,</strong></span> <span class='ocrx_word' id='word_1_894' title='bbox 2993 4559 3050 4604; x_wconf 92' lang='lat' dir='ltr'><strong>et</strong></span> <span class='ocrx_word' id='word_1_895' title='bbox 3101 4552 3294 4606; x_wconf 87' lang='lat' dir='ltr'><strong>Sermo</strong></span> <span class='ocrx_word' id='word_1_896' title='bbox 3323 4565 3441 4608; x_wconf 83' lang='lat' dir='ltr'><strong>erat</strong></span> 
     </span>
    </p>
   </div>
   <div class='ocr_carea' id='block_1_111' title="bbox 1866 4641 3440 4710">
    <p class='ocr_par' dir='ltr' id='par_1_111' title="bbox 1866 4641 3440 4710">
     <span class='ocr_line' id='line_1_111' title="bbox 1866 4641 3440 4710; baseline 0.003 -16"><span class='ocrx_word' id='word_1_897' title='bbox 1866 4643 2006 4710; x_wconf 92' lang='lat' dir='ltr'><strong>apud</strong></span> <span class='ocrx_word' id='word_1_898' title='bbox 2040 4641 2232 4697; x_wconf 90' lang='lat' dir='ltr'><strong>Deum.</strong></span> <span class='ocrx_word' id='word_1_899' title='bbox 2273 4661 2293 4695; x_wconf 87' lang='lat'><strong>1</strong></span> <span class='ocrx_word' id='word_1_900' title='bbox 2331 4643 2597 4710; x_wconf 78' lang='lat' dir='ltr'><strong>Quoniam</strong></span> <span class='ocrx_word' id='word_1_901' title='bbox 2636 4642 2797 4710; x_wconf 79' lang='lat' dir='ltr'><strong>igitur</strong></span> <span class='ocrx_word' id='word_1_902' title='bbox 2821 4652 2880 4696; x_wconf 93' lang='lat' dir='ltr'><strong>ut</strong></span> <span class='ocrx_word' id='word_1_903' title='bbox 2914 4642 3284 4699; x_wconf 87' lang='lat' dir='ltr'><strong>inveniremus</strong></span> <span class='ocrx_word' id='word_1_904' title='bbox 3319 4661 3440 4699; x_wconf 84' lang='lat' dir='ltr'><strong>sen-</strong></span> 
     </span>
    </p>
   </div>
   <div class='ocr_carea' id='block_1_112' title="bbox 1865 4733 3441 4807">
    <p class='ocr_par' dir='ltr' id='par_1_112' title="bbox 1865 4733 3441 4807">
     <span class='ocr_line' id='line_1_112' title="bbox 1865 4733 3441 4807; baseline 0.001 -17"><span class='ocrx_word' id='word_1_905' title='bbox 1865 4749 1984 4790; x_wconf 88' lang='lat' dir='ltr'><strong>sum</strong></span> <span class='ocrx_word' id='word_1_906' title='bbox 2011 4736 2298 4790; x_wconf 90' lang='lat' dir='ltr'><strong>verbornm</strong></span> <span class='ocrx_word' id='word_1_907' title='bbox 2334 4735 2565 4800; x_wconf 90' lang='lat' dir='ltr'><strong>illorum,</strong></span> <span class='ocrx_word' id='word_1_908' title='bbox 2621 4754 2638 4786; x_wconf 77' lang='grc' dir='ltr'><strong>ι</strong></span> <span class='ocrx_word' id='word_1_909' title='bbox 2677 4745 2732 4789; x_wconf 90' lang='lat' dir='ltr'><strong>et</strong></span> <span class='ocrx_word' id='word_1_910' title='bbox 2776 4733 2970 4789; x_wconf 84' lang='lat' dir='ltr'><strong>Sermo</strong></span> <span class='ocrx_word' id='word_1_911' title='bbox 3017 4735 3104 4791; x_wconf 87' lang='lat' dir='ltr'><strong>ille</strong></span> <span class='ocrx_word' id='word_1_912' title='bbox 3133 4749 3252 4790; x_wconf 87' lang='lat' dir='ltr'><strong>erat</strong></span> <span class='ocrx_word' id='word_1_913' title='bbox 3298 4738 3441 4807; x_wconf 86' lang='lat' dir='ltr'><strong>apud</strong></span> 
     </span>
    </p>
   </div>
   <div class='ocr_carea' id='block_1_113' title="bbox 1865 4825 3438 4900">
    <p class='ocr_par' dir='ltr' id='par_1_113' title="bbox 1865 4825 3438 4900">
     <span class='ocr_line' id='line_1_113' title="bbox 1865 4825 3438 4900; baseline 0.003 -20"><span class='ocrx_word' id='word_1_914' title='bbox 1865 4825 2053 4893; x_wconf 90' lang='lat' dir='ltr'><strong>Deum,</strong></span> <span class='ocrx_word' id='word_1_915' title='bbox 2092 4847 2111 4880; x_wconf 89' lang='lat'><strong>1</strong></span> <span class='ocrx_word' id='word_1_916' title='bbox 2153 4829 2502 4899; x_wconf 89' lang='lat' dir='ltr'><strong>apposuimus</strong></span> <span class='ocrx_word' id='word_1_917' title='bbox 2551 4829 2720 4882; x_wconf 82' lang='lat' dir='ltr'><strong>verba</strong></span> <span class='ocrx_word' id='word_1_918' title='bbox 2767 4827 3119 4898; x_wconf 82' lang='lat' dir='ltr'><strong>prophetica,</strong></span> <span class='ocrx_word' id='word_1_919' title='bbox 3166 4832 3438 4900; x_wconf 86' lang='lat' dir='ltr'><strong>quomodo</strong></span> 
     </span>
    </p>
   </div>
   <div class='ocr_carea' id='block_1_114' title="bbox 1866 4918 3437 4987">
    <p class='ocr_par' dir='ltr' id='par_1_114' title="bbox 1866 4918 3437 4987">
     <span class='ocr_line' id='line_1_114' title="bbox 1866 4918 3437 4987; baseline 0.002 -14"><span class='ocrx_word' id='word_1_920' title='bbox 1866 4918 2044 4976; x_wconf 81' lang='lat' dir='ltr'><strong>factus</strong></span> <span class='ocrx_word' id='word_1_921' title='bbox 2081 4919 2153 4975; x_wconf 87' lang='lat' dir='ltr'><strong>sit</strong></span> <span class='ocrx_word' id='word_1_922' title='bbox 2203 4935 2385 4976; x_wconf 84' lang='lat' dir='ltr'><strong>sermo</strong></span> <span class='ocrx_word' id='word_1_923' title='bbox 2411 4923 2479 4975; x_wconf 85' lang='lat' dir='ltr'><strong>ad</strong></span> <span class='ocrx_word' id='word_1_924' title='bbox 2539 4920 2756 4987; x_wconf 79' lang='lat' dir='ltr'><strong>Oscam,</strong></span> <span class='ocrx_word' id='word_1_925' title='bbox 2813 4930 2870 4976; x_wconf 88' lang='lat' dir='ltr'><strong>ct</strong></span> <span class='ocrx_word' id='word_1_926' title='bbox 2926 4921 3144 4986; x_wconf 70' lang='lat' dir='ltr'><strong>Isaiam,</strong></span> <span class='ocrx_word' id='word_1_927' title='bbox 3205 4933 3256 4976; x_wconf 90' lang='lat' dir='ltr'><strong>et</strong></span> <span class='ocrx_word' id='word_1_928' title='bbox 3281 4922 3437 4976; x_wconf 78' lang='lat' dir='ltr'><strong>Iere-</strong></span> 
     </span>
    </p>
   </div>
   <div class='ocr_carea' id='block_1_115' title="bbox 1424 5039 1750 5108">
    <p class='ocr_par' dir='ltr' id='par_1_115' title="bbox 1424 5039 1750 5108">
     <span class='ocr_line' id='line_1_115' title="bbox 1424 5039 1750 5108; baseline 0 -14"><span class='ocrx_word' id='word_1_929' title='bbox 1424 5041 1470 5072; x_wconf 80' lang='grc' dir='ltr'><strong>το</strong></span> <span class='ocrx_word' id='word_1_930' title='bbox 1504 5039 1699 5108; x_wconf 81' lang='lat' dir='ltr'><strong>Philip.</strong></span> <span class='ocrx_word' id='word_1_931' title='bbox 1724 5056 1750 5094; x_wconf 82' lang='lat' dir='ltr'><strong>l‘</strong></span> 
     </span>
    </p>
   </div>
   <div class='ocr_carea' id='block_1_116' title="bbox 1874 5039 3434 5108">
    <p class='ocr_par' dir='ltr' id='par_1_116' title="bbox 1874 5039 3434 5108">
     <span class='ocr_line' id='line_1_116' title="bbox 1874 5039 3434 5108; baseline 0.002 -14"><span class='ocrx_word' id='word_1_932' title='bbox 1874 5078 1885 5094; x_wconf 90' lang='lat'><strong>.</strong></span> <span class='ocrx_word' id='word_1_933' title='bbox 1959 5040 2006 5072; x_wconf 84' lang='lat'>&#39;”</span> <span class='ocrx_word' id='word_1_934' title='bbox 2039 5039 2232 5096; x_wconf 81' lang='lat' dir='ltr'><strong>Matth.</strong></span> <span class='ocrx_word' id='word_1_935' title='bbox 2259 5058 2338 5108; x_wconf 79' lang='lat' dir='ltr'><strong>xi,</strong></span> <span class='ocrx_word' id='word_1_936' title='bbox 2372 5041 2459 5098; x_wconf 81' lang='lat' dir='ltr'><strong>I9.</strong></span> <span class='ocrx_word' id='word_1_937' title='bbox 2538 5043 2583 5074; x_wconf 83' lang='grc'><strong>⁷⁸</strong></span> <span class='ocrx_word' id='word_1_938' title='bbox 2614 5041 2770 5096; x_wconf 76' lang='lat' dir='ltr'><strong>Rom.</strong></span> <span class='ocrx_word' id='word_1_939' title='bbox 2805 5059 2880 5108; x_wconf 71' lang='grc' dir='ltr'>ιι,</span> <span class='ocrx_word' id='word_1_940' title='bbox 2906 5042 2995 5097; x_wconf 74' lang='lat'><strong>55.</strong></span> <span class='ocrx_word' id='word_1_941' title='bbox 3073 5042 3345 5108; x_wconf 78' lang='lat' dir='ltr'><strong>&quot;Juan.i,</strong></span> <span class='ocrx_word' id='word_1_942' title='bbox 3381 5041 3434 5097; x_wconf 79' lang='grc'><strong>1.</strong></span> 
     </span>
    </p>
   </div>
   <div class='ocr_carea' id='block_1_117' title="bbox 1855 5156 3437 5229">
    <p class='ocr_par' dir='ltr' id='par_1_117' title="bbox 1855 5156 3437 5229">
     <span class='ocr_line' id='line_1_117' title="bbox 1855 5156 3437 5229; baseline -0.001 -14"><span class='ocrx_word' id='word_1_943' title='bbox 1855 5164 2003 5229; x_wconf 67' lang='grc' dir='ltr'><strong>ΠἻΓΙ,Δ</strong></span> <span class='ocrx_word' id='word_1_944' title='bbox 2037 5157 2176 5229; x_wconf 85' lang='lat' dir='ltr'><strong>qu_od</strong></span> <span class='ocrx_word' id='word_1_945' title='bbox 2239 5156 2521 5212; x_wconf 49' lang='lat' dir='ltr'><strong>Samaritae</strong></span> <span class='ocrx_word' id='word_1_946' title='bbox 2579 5173 2676 5227; x_wconf 87' lang='lat' dir='ltr'><strong>per</strong></span> <span class='ocrx_word' id='word_1_947' title='bbox 2733 5157 2940 5229; x_wconf 78' lang='grc' dir='ltr'>Ἰαόαί,</span> <span class='ocrx_word' id='word_1_948' title='bbox 3001 5157 3266 5213; x_wconf 83' lang='lat' dir='ltr'><strong>Eusebius</strong></span> <span class='ocrx_word' id='word_1_949' title='bbox 3336 5175 3437 5229; x_wconf 89' lang='lat' dir='ltr'><strong>per</strong></span> 
     </span>
    </p>
   </div>
   <div class='ocr_carea' id='block_1_118' title="bbox 1869 5225 3437 5298">
    <p class='ocr_par' dir='ltr' id='par_1_118' title="bbox 1869 5225 3437 5298">
     <span class='ocr_line' id='line_1_118' title="bbox 1869 5225 3437 5298; baseline 0.004 -21"><span class='ocrx_word' id='word_1_950' title='bbox 1869 5225 2036 5298; x_wconf 51' lang='lat' dir='ltr'><strong>flenti),</strong></span> <span class='ocrx_word' id='word_1_951' title='bbox 2086 5225 2463 5283; x_wconf 83' lang='lat' dir='ltr'><strong>Tltcodoretus</strong></span> <span class='ocrx_word' id='word_1_952' title='bbox 2517 5225 2613 5296; x_wconf 76' lang='lat' dir='ltr'><strong>per</strong></span> <span class='ocrx_word' id='word_1_953' title='bbox 2651 5228 2796 5290; x_wconf 83' lang='grc' dir='ltr'>’Λῖά,</span> <span class='ocrx_word' id='word_1_954' title='bbox 2840 5231 3013 5282; x_wconf 72' lang='lat' dir='ltr'><strong>Grsuci</strong></span> <span class='ocrx_word' id='word_1_955' title='bbox 3061 5240 3270 5282; x_wconf 79' lang='lat' dir='ltr'><strong>veteres</strong></span> <span class='ocrx_word' id='word_1_956' title='bbox 3336 5225 3437 5298; x_wconf 79' lang='lat' dir='ltr'><strong>per</strong></span> 
     </span>
    </p>
   </div>
   <div class='ocr_carea' id='block_1_119' title="bbox 1869 5295 3432 5370">
    <p class='ocr_par' dir='ltr' id='par_1_119' title="bbox 1869 5295 3432 5370">
     <span class='ocr_line' id='line_1_119' title="bbox 1869 5295 3432 5370; baseline 0.006 -22"><span class='ocrx_word' id='word_1_957' title='bbox 1869 5295 1993 5370; x_wconf 60' lang='lat' dir='ltr'><strong>‘Iatb</strong></span> <span class='ocrx_word' id='word_1_958' title='bbox 2040 5295 2687 5370; x_wconf 21' lang='lat' dir='ltr'><strong>exprimebant.‘l\0tntn</strong></span> <span class='ocrx_word' id='word_1_959' title='bbox 2747 5302 2874 5354; x_wconf 87' lang='lat' dir='ltr'><strong>illud</strong></span> <span class='ocrx_word' id='word_1_960' title='bbox 2931 5302 3192 5370; x_wconf 81' lang='lat' dir='ltr'><strong>Apollinis</strong></span> <span class='ocrx_word' id='word_1_961' title='bbox 3261 5295 3432 5357; x_wconf 73' lang='lat' dir='ltr'><strong>Clarii</strong></span> 
     </span>
    </p>
   </div>
   <div class='ocr_carea' id='block_1_120' title="bbox 1856 5367 2715 5436">
    <p class='ocr_par' dir='ltr' id='par_1_120' title="bbox 1856 5367 2715 5436">
     <span class='ocr_line' id='line_1_120' title="bbox 1856 5367 2715 5436; baseline 0.002 -17"><span class='ocrx_word' id='word_1_962' title='bbox 1856 5369 1996 5436; x_wconf 89' lang='lat' dir='ltr'><strong>apud</strong></span> <span class='ocrx_word' id='word_1_963' title='bbox 2032 5369 2363 5424; x_wconf 81' lang='lat' dir='ltr'><strong>Macrobiuin</strong></span> <span class='ocrx_word' id='word_1_964' title='bbox 2395 5386 2409 5424; x_wconf 93' lang='grc'><strong>1</strong></span> <span class='ocrx_word' id='word_1_965' title='bbox 2441 5367 2666 5424; x_wconf 83' lang='lat' dir='ltr'><strong>Saturn.</strong></span> <span class='ocrx_word' id='word_1_966' title='bbox 2699 5385 2715 5421; x_wconf 89' lang='lat'><strong><em>:</em></strong></span> 
     </span>
    </p>
   </div>
   <div class='ocr_carea' id='block_1_121' title="bbox 1927 5458 3396 5584">
    <p class='ocr_par' dir='ltr' id='par_1_121' title="bbox 1927 5458 3396 5584">
     <span class='ocr_line' id='line_1_121' title="bbox 1927 5458 3396 5584; baseline 0.001 -72"><span class='ocrx_word' id='word_1_967' title='bbox 1927 5458 2142 5528; x_wconf 79' lang='grc' dir='ltr'>Φρὰζεο</span> <span class='ocrx_word' id='word_1_968' title='bbox 2170 5459 2285 5515; x_wconf 83' lang='grc' dir='ltr'><strong>τῶν</strong></span> <span class='ocrx_word' id='word_1_969' title='bbox 2320 5460 2562 5516; x_wconf 73' lang='grc' dir='ltr'>πάντων</span> <span class='ocrx_word' id='word_1_970' title='bbox 2593 5462 2827 5516; x_wconf 76' lang='grc' dir='ltr'>ὕπατον</span> <span class='ocrx_word' id='word_1_971' title='bbox 2867 5461 3005 5515; x_wconf 77' lang='grc' dir='ltr'>θεὸν</span> <span class='ocrx_word' id='word_1_972' title='bbox 3030 5462 3216 5530; x_wconf 76' lang='grc' dir='ltr'>ἔμμεν</span> <span class='ocrx_word' id='word_1_973' title='bbox 3248 5458 3396 5584; x_wconf 72' lang='lat' dir='ltr'><strong>I’Iae&#39;i.</strong></span> 
     </span>
     <span class='ocr_line' id='line_1_122' title="bbox 3274 5548 3325 5584; baseline 0 0"><span class='ocrx_word' id='word_1_974' title='bbox 3274 5548 3325 5584; x_wconf 83' lang='grc' dir='ltr'><strong>υ.</strong></span> 
     </span>
    </p>
   </div>
   <div class='ocr_carea' id='block_1_122' title="bbox 3274 5548 3325 5586">
    <p class='ocr_par' dir='ltr' id='par_1_122' title="bbox 3274 5548 3325 5586">
     <span class='ocr_line' id='line_1_123' title="bbox 3274 5548 3325 5586; baseline 0 0"><span class='ocrx_word' id='word_1_975' title='bbox 3274 5548 3325 5586; x_wconf 89' lang='lat' dir='ltr'><strong>D.</strong></span> 
     </span>
    </p>
   </div>
   <div class='ocr_carea' id='block_1_123' title="bbox 1855 5643 3434 5714">
    <p class='ocr_par' dir='ltr' id='par_1_123' title="bbox 1855 5643 3434 5714">
     <span class='ocr_line' id='line_1_124' title="bbox 1855 5643 3434 5714; baseline 0 -16"><span class='ocrx_word' id='word_1_976' title='bbox 1855 5646 1990 5699; x_wconf 82' lang='lat' dir='ltr'><strong>Vide</strong></span> <span class='ocrx_word' id='word_1_977' title='bbox 2025 5661 2218 5698; x_wconf 83' lang='lat' dir='ltr'><strong>novam</strong></span> <span class='ocrx_word' id='word_1_978' title='bbox 2257 5646 2386 5700; x_wconf 84' lang='lat' dir='ltr'><strong>edit.</strong></span> <span class='ocrx_word' id='word_1_979' title='bbox 2433 5645 2598 5714; x_wconf 89' lang='lat' dir='ltr'><strong>()per.</strong></span> <span class='ocrx_word' id='word_1_980' title='bbox 2637 5643 2694 5698; x_wconf 92' lang='lat' dir='ltr'><strong>S.</strong></span> <span class='ocrx_word' id='word_1_981' title='bbox 2729 5643 3060 5714; x_wconf 81' lang='lat' dir='ltr'><strong>Hieronymi,</strong></span> <span class='ocrx_word' id='word_1_982' title='bbox 3095 5654 3226 5699; x_wconf 87' lang='lat' dir='ltr'><strong>tom.</strong></span> <span class='ocrx_word' id='word_1_983' title='bbox 3274 5645 3348 5711; x_wconf 92' lang='lat' dir='ltr'><strong>II,</strong></span> <span class='ocrx_word' id='word_1_984' title='bbox 3377 5660 3434 5712; x_wconf 77' lang='grc' dir='ltr'>ρ.</span> 
     </span>
    </p>
   </div>
   <div class='ocr_carea' id='block_1_124' title="bbox 1854 5715 3432 5785">
    <p class='ocr_par' dir='ltr' id='par_1_124' title="bbox 1854 5715 3432 5785">
     <span class='ocr_line' id='line_1_125' title="bbox 1854 5715 3432 5785; baseline 0.001 -16"><span class='ocrx_word' id='word_1_985' title='bbox 1854 5718 1954 5782; x_wconf 69' lang='grc'><strong>94,</strong></span> <span class='ocrx_word' id='word_1_986' title='bbox 1980 5744 2048 5754; x_wconf 90' lang='lat'><strong>-—</strong></span> <span class='ocrx_word' id='word_1_987' title='bbox 2073 5715 2328 5772; x_wconf 82' lang='lat' dir='ltr'><strong>editionis</strong></span> <span class='ocrx_word' id='word_1_988' title='bbox 2387 5725 2588 5771; x_wconf 69' lang='lat' dir='ltr'><strong>nostra:</strong></span> <span class='ocrx_word' id='word_1_989' title='bbox 2641 5730 2771 5772; x_wconf 89' lang='lat' dir='ltr'><strong>tom.</strong></span> <span class='ocrx_word' id='word_1_990' title='bbox 2806 5716 2881 5785; x_wconf 86' lang='lat' dir='ltr'><strong>II,</strong></span> <span class='ocrx_word' id='word_1_991' title='bbox 2923 5716 3027 5770; x_wconf 83' lang='lat' dir='ltr'><strong>cui.</strong></span> <span class='ocrx_word' id='word_1_992' title='bbox 3063 5717 3190 5784; x_wconf 73' lang='lat'><strong>8&#39;15,</strong></span> <span class='ocrx_word' id='word_1_993' title='bbox 3231 5729 3345 5772; x_wconf 83' lang='lat' dir='ltr'><strong>not.</strong></span> <span class='ocrx_word' id='word_1_994' title='bbox 3380 5723 3432 5770; x_wconf 71' lang='grc' dir='ltr'>ε.</span> 
     </span>
    </p>
   </div>
   <div class='ocr_carea' id='block_1_125' title="bbox 1854 5786 2216 5842">
    <p class='ocr_par' dir='ltr' id='par_1_125' title="bbox 1854 5786 2216 5842">
     <span class='ocr_line' id='line_1_126' title="bbox 1854 5786 2216 5842; baseline 0.003 -1"><span class='ocrx_word' id='word_1_995' title='bbox 1854 5786 2010 5842; x_wconf 79' lang='grc' dir='ltr'>Ευιτ.</span> <span class='ocrx_word' id='word_1_996' title='bbox 2048 5787 2216 5842; x_wconf 76' lang='lat' dir='ltr'><strong>Parit.</strong></span> 
     </span>
    </p>
   </div>
   <div class='ocr_carea' id='block_1_126' title="bbox 3081 5905 3116 5965">
    <p class='ocr_par' dir='ltr' id='par_1_126' title="bbox 3081 5905 3116 5965">
     <span class='ocr_line' id='line_1_127' title="bbox 3081 5905 3116 5965; baseline 0 0"><span class='ocrx_word' id='word_1_997' title='bbox 3081 5905 3116 5965; x_wconf 73' lang='lat'><em>11</em></span> 
     </span>
    </p>
   </div>
  </div>
