3792 6146
169 251 263 302 109
1274 246 1634 304 COMMENT.
1675 248 1746 303 IN
1783 247 1973 304 JOAN.
2017 247 2256 305 TOMUS
2295 247 2361 304 ll.
3321 247 3426 304 ΗΟ

158 365 412 432 ὀνόματος
465 359 594 430 παρ’
652 357 847 424 αὐτοῖς
914 361 1041 416 Υἰὸν
1097 363 1655 435 προσαγορευόμενον·

1930 364 2168 418 minetur
2195 348 2518 433 dicaturque
2542 363 2632 418 illa
2662 365 2824 433 ratio,
2856 363 3001 438 [cum
3043 366 3324 443 articulo.]
3361 374 3426 428 Et

156 451 519 524 ἀρνουμένους
557 450 659 522 τὴν
700 450 941 523 θεάτητα
985 453 1118 525 (78)
1162 452 1258 506 τοῦ
1301 454 1468 517 Υἰοῦ,
1509 454 1653 507 τιθέν

1926 472 1990 511 nc
2019 455 2150 509 solvi
2180 465 2355 525 potest
2394 453 2542 523 illud,
2589 458 2732 527 quod
2761 460 3045 526 perturbat
3075 460 3271 519 mullos
3303 481 3423 534 pro-

153 546 207 598 δὲ
233 541 400 596 αὑτοῦ
428 542 530 615 τὴν
568 543 808 616 ἰδιότητα
842 546 939 599 καὶ
963 547 1060 617 τὴν
1088 545 1278 599 οὐσίαν
1315 546 1456 601 κατὰ
1485 564 1650 620 περιγ

1926 555 2072 602 entes
2102 562 2161 602 se
2194 548 2286 602 Dei
2313 559 2558 603 amantes
2589 563 2731 614 esse,
2760 564 2825 604 ac
2852 562 3103 607 verentes
3131 555 3264 610 duos
3291 573 3423 625 prte-

154 636 259 705 ςὴν
285 635 663 705 τυγχάνουσαν
695 636 890 707 ἑτέραν
917 636 1013 689 τοῦ
1059 636 1273 707 Πατρὸς
1296 675 1310 701 ,
1339 635 1585 691 ἐντεῦθεν
1628 637 1651 690 λ

1922 652 2040 693 :are
2066 638 2238 705 Deos,
2275 650 2329 695 et
2360 650 2580 712 propter
2615 642 2719 696 hoc
2750 642 2805 697 in
2849 644 2982 699 falsa
3011 654 3068 700 et
3104 646 3266 716 impia
3319 650 3419 702 do-

153 729 276 780 σθαι
305 726 557 780 δύναται.
586 727 822 780 Λεκτέον
851 727 963 800 γὰρ
996 728 1209 792 αὐτοῖς,
1243 727 1325 780 ὅτι
1364 727 1485 780 τότε
1518 727 1616 799 μὲν

1930 742 2030 786 tata
2055 729 2385 798 incidentes;
2445 731 2530 786 vel
2562 743 2819 803 negantes
2861 734 3248 806 proprietatem
3307 736 3427 792 Fiiil

151 821 340 884 τόθεος
367 822 396 874 6
426 819 566 883 Θεός
597 823 714 874 ἐστι
735 861 751 886 ,
784 821 978 893 διόπερ
1000 821 1094 875 καί¹
1120 822 1149 873 6
1178 822 1372 893 Σωτήρ
1407 839 1571 892 φησιν
1598 825 1648 875 ὲκ

1929 834 1974 874 se
2005 819 2165 875 aliam
2197 837 2226 875 a
2260 821 2437 876 Patris
2481 824 2845 894 proprietate;
2901 827 3226 883 conﬁtentes
3261 828 3426 884 Deum

153 915 289 985 πρὸς
314 914 408 967 τὸν
438 914 662 986 Πατέρα
681 914 815 985 εὐχῇ
837 929 854 946 ο
885 933 904 965 ι
925 914 1045 968 Ἵνα
1058 911 1372 982 γινώσκωσι
1395 930 1453 966 σε
1474 913 1565 967 τὸν
1593 916 1650 985 με

1935 928 1971 968 e
2012 928 2136 968 cum
2192 916 2416 970 nomine
2461 927 2688 980 tantum,
2735 918 2828 986 qui
2882 921 3022 991 apud
3076 921 3224 990 ipsos
3261 922 3432 980 Filius

151 1006 414 1076 ἀληθινὸν
445 1007 580 1060 Θεόν
601 1024 615 1037 ·
647 1026 666 1059 ι
702 1008 809 1061 πᾶν
835 1006 891 1060 δὲ
923 1006 984 1060 τὸ
1011 1007 1161 1079 παρὰ
1183 1007 1243 1060 τὸ
1267 1007 1520 1072 αὐτόθεος
1551 1025 1648 1078 μετ

1930 1004 2190 1074 pellatur;
2237 1007 2322 1061 vel
2360 1020 2618 1080 negantes
2667 1008 2790 1064 Filii
2841 1009 3208 1082 divinitatem,
3250 1026 3304 1069 et
3335 1030 3427 1084 po-

151 1099 250 1168 τῆς
276 1098 490 1152 ἐκείνου
526 1099 778 1171 θεότητος
808 1098 1223 1169 θεοποιούμενον
1250 1098 1348 1170 οὐχ
1377 1101 1406 1153 6
1429 1099 1582 1164 Θεὸς,
1617 1099 1648 1152 ἀ

1928 1109 2047 1155 ntes
2082 1101 2251 1170 ipsius
2310 1103 2698 1172 proprietatem
2744 1111 2800 1158 et
2845 1107 3138 1159 essentiam
3181 1119 3280 1174 per
3321 1108 3425 1162 cir-

149 1191 290 1256 Θεὸς
329 1191 670 1264 κυριώτερον
706 1191 773 1246 ἂν
807 1192 1016 1262 λέγοιτο
1042 1189 1177 1263 (79),
1205 1183 1250 1259 ᾧ
1280 1191 1499 1254 πάντως
1531 1193 1559 1246 6
1588 1191 1646 1262 Πι

1929 1191 2332 1261 inscriptionem
2375 1191 2642 1246 exsistere
2668 1190 2830 1246 aliam
2862 1206 2892 1244 a
2921 1192 3102 1246 Patre.
3133 1192 3425 1248 Dicendum

152 1285 373 1348 τότοκιος
409 1283 594 1355 πὰσης
650 1285 915 1348 κτίσεως,
958 1285 1052 1338 ἆτε
1100 1284 1318 1354 πρῶτος
1358 1283 1437 1355 τῷ
1478 1283 1614 1357 πρὸς

1929 1283 1998 1336 im
2030 1293 2114 1337 est
2147 1283 2277 1349 illis,
2303 1284 2445 1353 quod
2478 1282 2730 1347 αὐτόθεος
2764 1283 3005 1353 quidem,
3047 1284 3176 1356 [hoc
3199 1294 3303 1353 est,
3331 1301 3426 1356 per

154 1377 290 1431 Θεὸν
312 1372 476 1440 εἶναι,
499 1378 716 1442 σπάσας
738 1379 836 1448 τῆς
862 1375 1114 1448 θεότητος
1146 1378 1225 1440 εἰς
1259 1377 1471 1441 ἑαυτὸν,
1503 1377 1617 1430 ἐστι
1640 1382 1651 1445 <

1942 1373 2304 1446 ῡθυε,],[)ειιε
2330 1373 2417 1430 ille
2442 1384 2523 1430 est
2560 1373 2708 1446 [cum
2737 1373 3016 1447 articulo,]
3042 1388 3264 1447 propter
3285 1379 3427 1448 quod

155 1469 487 1542 τιμιώτερος
511 1474 626 1534 τοῖς
654 1470 858 1534 λοιποῖς
893 1472 1021 1542 παρ’
1046 1469 1208 1524 αὐτὸν
1231 1469 1396 1534 θεοῖς.
1438 1463 1512 1523 ὧν
1556 1472 1584 1524 6
1619 1469 1652 1522 Θ

1941 1465 2206 1522 Servatur
2246 1468 2298 1522 in
2329 1471 2640 1539 precatione
2677 1469 2744 1523 ad
2783 1468 3000 1524 Patrem
3042 1471 3219 1539 inquit
3257 1488 3272 1525 :
3304 1489 3325 1524 ε
3361 1470 3425 1528 Ul

157 1562 289 1627 Θεός
331 1566 488 1627 ἐστι,
517 1562 662 1618 κατὰ
704 1563 767 1616 τὸ
811 1563 1123 1634 λεγόμενον,
1173 1583 1191 1614 ι
1227 1564 1359 1628 Θεὸς
1386 1562 1522 1617 θεῶν
1548 1563 1654 1634 Κύε

1928 1569 2150 1616 noscant
2182 1571 2234 1616 te
2265 1560 2413 1615 illum
2459 1560 2631 1616 solum
2669 1576 2855 1616 verum
2902 1559 3066 1615 Deum
3105 1561 3184 1630 7‘;
3215 1582 3234 1615 ι
3273 1565 3425 1634 quid-

160 1655 406 1726 ὲλὰλησε,
434 1656 532 1709 καὶ
559 1655 786 1709 ἐκάλεσε
811 1654 910 1726 τὴν
943 1654 1068 1726 γῆν,
1102 1673 1121 1707 ι
1147 1654 1474 1726 διακονήσας
1504 1655 1565 1707 τὸ
1595 1672 1656 1723 γε

1937 1653 1983 1710 id
2023 1668 2156 1708 vero
2203 1663 2288 1709 est
2329 1663 2528 1724 praeter
2579 1653 2742 1717 hunc,
2789 1654 2882 1724 qui
2924 1653 3176 1720 αὑτόθεος
3207 1657 3434 1711 dicitur-

161 1747 277 1801 σθαι
299 1747 468 1812 Θεοῖς,
501 1747 614 1802 ἀπὸ
635 1745 730 1800 τοῦ
756 1746 890 1800 Θεοῦ
917 1746 1128 1818 ἀρύσας
1165 1748 1245 1811 εἰς
1276 1747 1338 1801 τὸ
1364 1745 1656 1818 θεοπιηθῆ

1933 1761 1981 1800 )C
2001 1754 2108 1813 est,
2135 1761 2230 1816 per
2253 1761 2311 1802 se
2335 1745 2521 1818 Deus,]
2542 1746 2954 1818 participatione
2975 1758 3030 1803 et
3050 1750 3430 1808 communione

160 1842 350 1904 αὐτοὺς
379 1841 636 1909 ἀφθόνως
661 1879 677 1905 ,
705 1839 979 1903 κάκείνοις
1019 1839 1164 1893 κατὰ
1191 1839 1292 1910 τὴν
1323 1837 1486 1892 αὑτοῦ
1513 1856 1656 1911 χρησ

1932 1841 2158 1894 ιίιιίιοιίε
2181 1839 2320 1894 illius
2345 1839 2681 1906 deiﬁcatum,
2719 1856 2827 1894 non
2873 1841 2967 1897 ille
2997 1842 3307 1916 Deus,[cum
3343 1860 3429 1897 ar-

158 1949 288 2004 τητα
336 1931 676 2003 μεταδιδούς.
721 1929 996 2003 Ἀληθινὸς
1033 1927 1127 1984 οὖν
1165 1929 1297 1995 Θεὸς
1347 1931 1375 1982 ὁ
1405 1929 1572 1993 Θεόςο
1605 1932 1653 1983 οἰ

1935 1929 2166 2002 ulo],sed
2191 1932 2330 1987 Deus
2347 1931 2488 2002 [sine
2517 1932 2770 2006 articulo]
2805 1935 2976 2005 magis
3004 1935 3224 2005 proprie
3245 1935 3426 1990 dicen-

160 2031 271 2084 κατ’
312 2031 526 2084 ἐκεῖνον
560 2027 924 2101 μορφούμενοι
949 2026 1081 2089 θεοὶ,
1122 2026 1198 2089 ὡς
1225 2025 1432 2088 εἰκόνες
1471 2040 1656 2097 πρωτο

1939 2042 1980 2080 m
2007 2040 2152 2090 esse,
2181 2042 2291 2096 quo
2325 2027 2544 2082 nomine
2571 2028 2796 2083 omnino
2819 2028 3213 2098 primogenitus
3253 2033 3436 2089 omnis

159 2141 278 2177 που.
317 2122 486 2176 Ἀλλὰ
518 2122 680 2177 πάλιν
704 2121 814 2174 τῶν
841 2119 1101 2173 πλειόνων
1125 2117 1347 2172 εἰκόνων
1378 2119 1410 2190 ἡ
1440 2117 1656 2190 ἁρχέτυτ

1928 2130 2135 2184 aaturae,
2181 2120 2380 2191 quippe
2411 2121 2501 2191 qui
2550 2135 2673 2175 cum
2708 2121 2916 2191 primus
2957 2122 3030 2176 sit
3053 2124 3190 2192 apud
3225 2123 3425 2193 ipsum,

154 2218 316 2271 εἰκὼν
344 2216 374 2269 6
395 2217 538 2287 πρὸς
571 2215 663 2269 τὸν
695 2213 826 2268 Θεόν
851 2216 968 2268 ἐστι
1001 2212 1196 2280 Λόγος,
1219 2211 1279 2276 ὃς
1305 2213 1364 2265 ὲν
1395 2213 1536 2284 ἀρχῇ
1566 2208 1635 2284 ἦν

1924 2212 2134 2266 μτθιιθηε
2163 2211 2502 2266 divinitatem
2529 2211 2595 2265 ad
2626 2211 2884 2281 seipsum,
2916 2213 3291 2268 honorabilior
3319 2213 3421 2285 51

152 2308 289 2365 εἶναι
315 2311 458 2383 πρὸς
482 2310 575 2364 τὸν
601 2309 732 2362 Θεὸν
761 2309 848 2362 ἀεὶ
885 2308 1061 2378 μένων
1089 2305 1222 2370 Θεὸς
1241 2345 1256 2370 ,
1290 2306 1391 2359 οὐκ
1429 2306 1495 2360 ἂν
1529 2305 1576 2358 δ’
1614 2323 1648 2358 α

1959 2303 2189 2372 reliquis
2214 2303 2338 2367 diis,
2365 2302 2460 2373 qui
2487 2313 2616 2358 sunt
2636 2314 2834 2374 prmter
2859 2305 3062 2374 ipsum,
3089 2323 3319 2376 quorum
3343 2307 3398 2360 ill
3421 2325 3433 2356 ι

153 2404 424 2476 ἐσχηκὼς,
449 2407 500 2458 εἰ
533 2403 609 2476 μὴ
642 2402 777 2474 πρὸς
799 2401 892 2456 τὸν
915 2401 1047 2454 Θεὸν
1069 2395 1159 2472 ἦν,
1187 2400 1280 2454 καὶ
1307 2400 1408 2453 οὐκ
1435 2398 1501 2453 ἂν
1556 2398 1650 2470 μεί·

1938 2413 2012 2463 us,
2044 2397 2188 2453 Deus
2212 2405 2315 2464 est,
2339 2397 2494 2465 juxta
2525 2396 2578 2452 id
2603 2398 2744 2467 quod
2767 2397 2972 2453 dicitur
2995 2399 3067 2464 ⁷⁸,
3118 2419 3137 2452 ι
3171 2400 3262 2455 Ille
3291 2400 3435 2455 Deus

154 2497 302 2560 Θεὸς,
337 2499 388 2550 εἰ
422 2497 502 2566 μὴ
534 2496 832 2568 παρέμεινε
857 2495 924 2566 τῇ
953 2492 1278 2563 ἀδιαλείπτῳ
1307 2491 1405 2565 θέᾳ
1426 2489 1520 2545 τοῦ
1548 2507 1651 2546 πατ

1927 2504 2075 2544 orum
2100 2485 2363 2544 Dominus
2398 2487 2610 2545 locutus
2643 2498 2746 2558 est,
2782 2500 2838 2544 et
2888 2492 3104 2548 vocavit
3145 2501 3371 2559 terram,
3407 2513 3424 2543 ι

154 2590 248 2645 κοῦ
281 2590 504 2662 βάθους.

1936 2597 1992 2638 ns
2023 2596 2145 2638 esse
2177 2582 2302 2650 diis,
2349 2598 2380 2637 a
2425 2582 2538 2638 Deo
2587 2583 2849 2638 hauriens
2900 2584 3241 2642 abundanter
3289 2587 3433 2642 unde

155 2685 303 2751 ipsos
343 2680 551 2737 elﬁciat
587 2679 717 2736 deos
755 2686 808 2735 et
844 2677 988 2734 unde
1032 2677 1138 2734 illis
1170 2678 1325 2750 juxta
1364 2693 1519 2732 suam
1563 2676 1730 2746 ipsius
1782 2675 2080 2730 bonitatem
2117 2676 2444 2746 suppeditet.
2472 2675 2642 2732 Verus
2690 2677 2856 2746 igitur
2875 2678 3020 2736 Deus
3037 2679 3233 2735 estille
3267 2681 3408 2736 Deus

156 2771 301 2846 [cum
332 2774 572 2830 articulo
597 2773 638 2844 ε]
661 2771 751 2843 qui
786 2781 968 2828 autem
993 2771 1066 2828 dii
1098 2771 1454 2829 eﬂormantur
1477 2773 1544 2828 ad
1573 2771 1692 2842 ejus
1737 2769 1993 2836 formam,
2025 2768 2172 2825 velut
2219 2771 2481 2840 imagines
2506 2771 2754 2842 quaedam
2794 2783 2921 2828 sunt
2963 2775 3123 2843 primi
3161 2775 3407 2844 exempla

155 2869 250 2925 ris.
306 2868 417 2924 Sed
469 2882 666 2924 rursus
723 2867 1014 2924 multarum
1068 2868 1365 2940 imaginum
1427 2867 1724 2938 archetypa
1772 2864 1952 2934 imago
1991 2875 2077 2921 est
2120 2864 2211 2918 ille
2240 2864 2434 2934 Λόγος,
2485 2867 2576 2935 qui
2624 2875 2707 2922 est
2739 2867 2879 2937 apud
2927 2867 3094 2922 Deum
3138 2868 3193 2922 in
3225 2867 3421 2937 princi.

155 2965 244 3035 pio
268 2965 570 3028 exsistens,
601 2964 730 3034 quia
772 2964 844 3019 sit
886 2965 1027 3033 apud
1074 2962 1246 3019 Deum
1290 2977 1505 3032 semper
1554 2976 1782 3017 manens
1819 2960 1988 3025 Deus,
2020 2959 2444 3030 haudquaquam
2487 2961 2539 3015 id
2584 2960 2872 3018 habiturus
2917 2961 3030 3032 nisi,
3066 2961 3208 3031 apud
3260 2962 3426 3017 Deum

152 3068 320 3121 esset,
337 3067 392 3111 et
409 3056 830 3128 haudquaquam
854 3056 995 3111 Deus
1015 3070 1323 3120 mansurus,
1345 3054 1450 3108 nisi
1483 3063 1748 3125 perpetuo
1779 3053 2170 3125 permansisset
2190 3053 2244 3108 in
2266 3053 2724 3122 contemplatione
2750 3063 2990 3125 paternae
3019 3056 3428 3126 profunditatis.

219 3154 276 3209 5.
320 3152 462 3205 Ἀλλ’
497 3152 622 3205 ἐπεὶ
663 3152 811 3216 εἰκὸς
839 3150 950 3222 (81)
978 3149 1309 3224 προσκόψειν
1339 3148 1492 3212 τινὰς
1517 3151 1631 3212 τοῖς
1663 3151 1712 3203 εἰ

1930 3150 1973 3206 5.
2009 3149 2116 3206 Sed
2157 3147 2415 3218 quoniam
2465 3146 2702 3204 fortasse
2744 3149 3038 3206 verisimile
3065 3162 3151 3207 est
3180 3151 3427 3208 futurum

157 3246 438 3318 ρημένοις,
469 3244 593 3307 ἐνὸς
627 3244 725 3314 μὲν
755 3241 1008 3315 ἀληθινοῦ
1036 3241 1172 3296 Θεοῦ
1200 3241 1297 3295 τοῦ
1325 3239 1540 3313 Πατρὸς
1568 3240 1654 3294 ἀπε

1931 3243 2083 3299 multi
2114 3241 2462 3299 offendantur
2490 3243 2616 3313 quia
2647 3242 2948 3301 dixerimus
2983 3260 3148 3301 unum
3179 3261 3303 3303 esse
3336 3264 3427 3305 ve-

155 3338 482 3409 γελλομένου
505 3377 522 3401 ,
550 3336 703 3407 παρὰ.
734 3336 791 3389 δὲ
822 3335 915 3389 τὸν
940 3334 1191 3407 ἀληθινὸν
1219 3333 1352 3388 Θεὸν
1391 3332 1530 3386 θεῶν
1567 3333 1652 3388 πλε

1930 3353 1970 3390 m
2001 3335 2194 3402 Deum,
2223 3349 2419 3405 nempe
2463 3332 2702 3402 Patrem,
2728 3345 2783 3392 et
2809 3346 3008 3408 praeter
3033 3340 3202 3396 Deum
3237 3357 3427 3398 verum

156 3451 260 3486 νων
293 3435 360 3503 τῇ
411 3433 615 3502 μετοχῇ
650 3429 746 3483 τοῦ
780 3427 914 3482 Θεοῦ
943 3427 1242 3498 γινομένων
1261 3465 1277 3487 ,
1317 3424 1653 3497 εὐλαὸουμένι

1932 3429 2047 3484 ultos
2087 3427 2262 3484 factos
2303 3429 2434 3484 deos
2481 3430 2903 3499 participatione
2972 3432 3066 3488 Dei
3110 3451 3124 3488 :
3177 3447 3429 3492 verentes

156 3527 252 3598 τὴν
274 3525 370 3580 τοῦ
399 3526 583 3579 πᾶσαν
603 3523 781 3577 κτίσιν
801 3520 1158 3592 ὑπερέχοντος
1181 3517 1339 3584 δόξαν
1363 3516 1617 3585 ἐξισῶσαι
1633 3535 1653 3570 1

1932 3521 2078 3575 ariam
2139 3521 2277 3591 ejus,
2343 3521 2434 3591 qui
2501 3535 2718 3576 omnem
2766 3531 3078 3578 creaturam
3140 3528 3429 3595 praecellit,

156 3619 362 3680 λοιποῖς
386 3616 489 3687 τῆς
517 3614 652 3677 Θεὸς
678 3612 1052 3686 προσηγορίας
1088 3611 1451 3682 τυγχάνουσι,
1499 3611 1636 3682 πρὸς

1936 3611 2052 3666 uari
2086 3609 2309 3680 reliquis
2335 3611 2710 3667 obtinentibus
2737 3613 3156 3683 appellationem
3185 3616 3278 3671 Dei
3310 3617 3429 3674 sine

153 3709 524 3782 ἀποδεδομένῃ
547 3706 782 3776 διαφορᾷ
801 3745 816 3768 ,
842 3703 960 3758 καθ’
1000 3702 1420 3774 ῆνηὲφάσκομεν
1463 3703 1596 3756 πᾶσι
1631 3719 1650 3754 ‘l

1929 3704 2102 3767 Liculo,
2129 3713 2324 3773 praeter
2349 3704 2532 3758 datam
2554 3703 2938 3771 diﬂerentiam,
2956 3721 3232 3778 perquam
3259 3709 3426 3766 Deum

152 3805 359 3865 latr-.01;
406 3801 551 3863 θεοῖς
599 3799 844 3853 διάκονον
896 3791 1034 3850 εἶναι
1066 3796 1168 3866 τῆς
1211 3793 1464 3864 θεότητος
1495 3792 1585 3846 τὸν
1611 3792 1649 3845 Θ

1941 3814 2021 3867 γον
2071 3797 2314 3853 diximus
2363 3797 2588 3867 reliquis
2634 3798 2888 3854 omnibus
2958 3800 3063 3856 diis
3117 3803 3438 3861 ministrum-

156 3899 349 3966 Λόγον,
385 3895 484 3952 καὶ
525 3893 732 3964 ταύτην
770 3891 1145 3965 παραπατέον
1167 3906 1182 3921 ·
1223 3891 1252 3943 6
1293 3887 1403 3960 γὰρ
1444 3887 1502 3940 ὲν
1528 3886 1653 3942 tm

1927 3906 1970 3946 te
1994 3891 2236 3957 deitatis,
2270 3890 2432 3945 etiam
2465 3890 2581 3947 haec
2618 3889 2929 3948 diﬂ‘erentia
2956 3903 3038 3948 est
3081 3897 3424 3965 apponenda-

154 3990 309 4057 λόγος
336 3986 450 4041 τῶν
473 3984 708 4055 λογικῶν
733 3983 921 4038 τοῦτον
948 3983 1038 4037 τὸν
1079 3982 1235 4051 λόγον
1255 3979 1374 4051 ἔχει
1409 3979 1545 4050 πρὸς
1569 3978 1651 4034 τὸν

1956 3984 2100 4039 enim
2125 3984 2266 4039 ratio
2295 3999 2417 4053 qua:
2471 3984 2523 4042 in
2563 3984 2792 4056 singulis
2849 3987 3080 4044 rationis
3133 3991 3428 4059 capacibus

154 4083 297 4153 ἀρχῇ
339 4081 502 4149 λόγον
530 4080 667 4151 πρὸς
702 4081 795 4133 τὸν
838 4079 971 4133 Θεὸν
990 4123 1004 4145 ,
1042 4078 1175 4131 ὄντα
1220 4075 1392 4145 Λόγον
1421 4073 1574 4140 Θεὸν,
1622 4074 1650 4127 ὃ

1932 4087 2014 4142 εει,
2047 4075 2294 4130 eamdem
2327 4077 2790 4146 comparationem
2848 4077 3016 4135 habet
3045 4080 3115 4135 ad
3154 4081 3302 4136 illam
3337 4097 3429 4134 ra-

155 4176 286 4240 Θεὸς
331 4176 509 4244 Λόγος
551 4175 688 4247 πρὸς
721 4176 812 4228 τὸν
859 4175 992 4228 Θεόν
1015 4191 1030 4204 ⁶
1077 4173 1154 4237 ὡς
1195 4171 1304 4244 γὰρ
1333 4170 1605 4234 αὐτόθεος,
1647 4188 1652 4222 :

1929 4185 2048 4224 nem
2082 4184 2206 4238 quae
2254 4168 2309 4224 in
2357 4169 2628 4240 principio
2675 4172 2816 4241 apud
2851 4171 3020 4228 Deum
3065 4182 3173 4239 est,
3208 4185 3262 4228 et
3283 4175 3426 4229 Deus

155 4269 407 4342 ἀληθινὸς
426 4268 563 4333 Θεὸς
585 4269 612 4320 6
642 4268 835 4340 Πατὴρ
860 4266 995 4338 πρὸς
1022 4266 1206 4320 εἰκόνα
1223 4304 1239 4330 ,
1273 4267 1367 4319 καὶ
1395 4263 1609 4327 εἰκόνας
1642 4281 1652 4298 ι

1925 4262 2146 4332 Λόγος,
2187 4278 2348 4330 quam
2386 4261 2552 4317 habet
2597 4261 2740 4318 Deus
2764 4263 2955 4333 Λόγος,
3005 4264 3082 4337 [id
3113 4275 3199 4321 est
3239 4262 3422 4336 ratio].

155 4363 357 4426 εἰκόνος
368 4401 383 4426 ,
410 4361 491 4416 διὸ
518 4362 616 4415 καὶ
646 4362 766 4416 κατ’
796 4360 979 4415 εἰκόνα
1005 4359 1251 4427 λέγονται
1277 4354 1417 4412 εἶναι
1452 4359 1500 4411 οἰ
1529 4356 1652 4428 ἄνθε

1926 4369 1964 4407 ιο
1993 4352 2229 4407 articulo
2246 4353 2314 4408 ad
2337 4354 2504 4407 Deum
2533 4351 2681 4406 illum
2709 4352 2856 4425 [cum
2883 4354 3160 4428 articulo.]
3186 4353 3254 4410 Ut
3273 4357 3423 4410 enim

156 4473 249 4509 ποι
266 4495 281 4517 ,
324 4455 428 4508 οὐκ
473 4454 681 4518 εἰκόνες
704 4494 718 4517 ,
745 4453 918 4517 οὕτως
946 4453 974 4504 6
1011 4451 1175 4515 αὐτὸς
1197 4451 1370 4520 Λόγος
1401 4449 1537 4522 πρὸς
1559 4448 1651 4503 τὸν

1927 4458 2003 4502 ter
2031 4445 2304 4510 αὐτόθεος,
2325 4443 2455 4517 [hoc
2481 4457 2701 4515 est,per
2724 4460 2782 4500 se
2798 4446 3028 4511 Deus,et
3047 4462 3211 4504 verus
3235 4445 3424 4518 00's,]

406 4546 585 4615 λόγον.
629 4509 935 4617 ’Λαφότερα
977 4544 1084 4616 γὰρ
1108 4509 1298 4615 ιτίγγῆς⁷
1318 4509 1646 4613 ἔγείχιὸραν

1939 4540 2104 4595 habet
2148 4539 2216 4594 ad
2242 4509 2663 4608 imaginem,et
2711 4541 2780 4595 ad
2828 4509 3096 4612 imagines
3145 4509 3425 4613 imaginis;

160 4641 261 4712 μὲν
301 4639 493 4712 Πατὴρ
527 4638 809 4713 θεότητος,
840 4641 869 4692 6
911 4638 967 4691 δὲ
1001 4637 1127 4702 Υἱὸς
1155 4637 1348 4705 Λόγου.
1388 4635 1596 4706 Ὥσπερ
1647 4652 1657 4684 ι

1929 4649 2014 4688 am
2053 4632 2125 4688 ob
2148 4647 2368 4688 causam
2397 4633 2562 4687 etiam
2588 4632 2843 4687 dicuntur
2874 4633 3122 4689 homines
3160 4647 3265 4688 non
3301 4648 3425 4690 esse

157 4733 270 4787 θεοὶ
301 4731 518 4795 πολλοὶ,
549 4731 662 4786 ἀλλ’
704 4732 837 4802 ἡμῖν
878 4726 958 4794 εἷς
993 4729 1127 4794 Θεὸς
1159 4731 1188 4783 ὁ
1216 4729 1428 4800 Πατὴρ,
1462 4727 1556 4780 καὶ
1607 4743 1654 4779 πε

1929 4726 2135 4796 agines,
2167 4725 2259 4780 sed
2285 4724 2351 4779 ad
2375 4725 2688 4795 imaginem,
2734 4724 2814 4779 sic
2849 4723 2991 4777 hunc
3035 4724 3090 4779 in
3118 4725 3334 4780 modum
3363 4741 3425 4781 se

156 4829 239 4880 λοὶ
277 4825 481 4898 κύριοι,
527 4827 642 4879 ἀλλ’
675 4827 809 4896 ἡμῖν
843 4819 924 4887 εἷς
960 4823 1165 4894 Κύριος
1205 4820 1413 4893 Ἰησοῦς
1457 4820 1653 4892 Χριστί

1927 4823 2012 4875 bet
2033 4820 2175 4875 idem
2191 4818 2383 4888 Λόγος,
2409 4818 2536 4889 [hoc
2551 4825 2654 4883 est,
2678 4818 2791 4886 ipsa
2821 4817 3008 4890 ratio,]
3033 4819 3101 4874 ad
3131 4834 3276 4882 eam,
3303 4835 3424 4888 qua:

157 4918 330 4983 οὕτως
350 4917 534 4971 πολλοὶ
557 4917 726 4986 λόγοι,
752 4915 865 4970 ἀλλ’
896 4919 1023 4988 ἡμῖν
1046 4913 1318 4986 εὐχόμεθα
1344 4913 1492 4976 ὅπως
1520 4912 1654 4984 ὐπὰε

1924 4926 1932 4964 ι
1955 4909 2010 4965 in
2036 4910 2280 4982 singulis,
2311 4909 2601 4964 rationem.
2628 4907 2871 4979 Utraque
2897 4909 3042 4964 enim
3071 4911 3250 4966 locum
3277 4911 3421 4966 obti-

228 5017 276 5048 ”
313 5013 475 5070 Joan.
503 5014 714 5078 “11,3.
795 5014 839 5046 ⁷⁵
887 5012 1031 5068 Psal.
1065 5028 1214 5076 xm,
1251 5013 1303 5067 1.

229 5108 343 5178 (78)
365 5108 436 5163 Ἦ
452 5104 879 5178 ἀρνουμένους-ξ
897 5105 1011 5173 τὴν
1042 5107 1314 5178 θεότητα,
1337 5113 1446 5159 etc.
1461 5103 1726 5178 prigenes

1924 5096 2027 5165 (8|)
2072 5094 2231 5178 Ἀλλ’
2261 5092 2390 5178 sate}
2437 5093 2782 5178 eisdemetc.
2823 5091 3136 5178 audiendus
3179 5091 3231 5144 in
3277 5091 3421 5178 hunc

161 5162 254 5234 lib:
281 5162 356 5233 in
399 5162 456 5234 in
488 5162 677 5245 Ἐρὶεῖ.
711 5178 779 5229 ad
841 5162 1094 5238 Romam,
1141 5162 1260 5245 ca‘p.
1291 5162 1324 5230 9
1353 5193 1366 5228 :
1407 5192 1426 5225 ι
1457 5175 1522 5229 Ει
1567 5162 1736 5246 miror
1842 5162 2296 5246 locumuDionys.
2345 5165 2596 5246 Petavius
2625 5164 2734 5246 lib.
2758 5179 2780 5246 ἰ
2833 5163 2912 5217 De
2945 5163 3163 5246 Tri‘nit...
3193 5177 3321 5246 cap.
3348 5162 3381 5215 4
3403 5199 3419 5218 .

161 5233 429 5317 quomodo
459 5233 682 5318 quidam
725 5233 1149 5318 legentes‘quod
1187 5233 1326 5300 idem
1359 5244 1649 5318 Apostolus
1681 5245 1734 5296 in
1843 5258 1897 5295 n.
1928 5238 1983 5294 5.
2020 5236 2148 5291 Mihi
2191 5233 2374 5318 tamen
2405 5235 2457 5316 id
2491 5233 2657 5298 dolet,
2697 5235 2938 5303 iniquum
2975 5238 3111 5318 adeo
3143 5234 3194 5318 in
3230 5234 3416 5318 Origef

163 5306 282 5373 aliis
327 5306 514 5373 dicit':
563 5317 720 5372 Unus
765 5306 904 5370 Deus
963 5306 1129 5370 Pater
1179 5333 1244 5370 ea:
1279 5306 1634 5384 quo-omnia,
1686 5323 1734 5366 et
1844 5326 1967 5365 nem
2006 5324 2072 5384 se
2121 5306 2583 5384 gessissevirum
2636 5321 2928 5374 magnum,
2976 5313 3035 5358 ut
3071 5317 3192 5371 quae
3242 5306 3418 5356 minus

164 5407 297 5444 unus
343 5391 601 5444 Dominus
659 5386 821 5442 Jews
874 5384 1118 5441 Christus
1165 5403 1256 5453 per
1291 5375 1458 5455 'quem
1519 5375 1734 5449 omnia,
1845 5397 1974 5456 sana
2005 5381 2058 5456 in
2090 5375 2155 5456 eo
2194 5375 2716 5456 deprehenduntur,
2750 5391 3012 5456 germana
3050 5387 3190 5456 esse,
3241 5387 3418 5442 neque

164 5473 355 5529 negent
426 5460 626 5517 Filium
707 5459 802 5513 Dei
859 5458 1025 5511 Deum
1083 5445 1284 5529 debere
1317 5445 1619 5524 'protiteri,
1672 5445 1740 5508 ne
1845 5453 1915 5507 ab
1944 5452 2160 5529 Arianis
2194 5445 2417 5509 inserta,
2451 5459 2641 5529 contra
2683 5446 2860 5529 tiulini
2897 5445 3262 5529 testimeiiium
3301 5458 3409 5526 per-

158 5514 683 5588 du‘osDeosdicere
711 5529 1052 5583 videantur.»
1089 5514 1356 5583 Hunnus:
1604 5514 1615 5520 ⁷
1846 5523 2081 5578 tenderit
2117 5542 2127 5574 :
2158 5534 2278 5587 qua:
2323 5533 2452 5572 vero
2500 5518 2818 5571 orthodoxae
2857 5528 2983 5569 sunt
3029 5514 3422 5588 tin‘l‘eiLamica

234 5585 348 5671 (itii
369 5602 636 5672 Aeg-otto.
681 5600 775 5672 §ic
799 5601 972 5654 codex
1000 5598 1362 5665 Bodleiauus;
1397 5595 1538 5652 male
1569 5594 1755 5650 codex-
1847 5608 2006 5672 manu
2071 5585 2288 5672 adtexta
2359 5588 2774 5672 fuissencoutra
2824 5585 3108 5672 Athanasii
3156 5586 3286 5672 (lib:
3339 5585 3421 5672 De

165 5658 546 5744 ιιι-ἐῑιιέ,λέγοι
574 5671 640 5725 τὸ
675 5664 752 5744 ᾧ,
779 5677 886 5744 etc.
937 5740 969 5744 __
1011 5740 1022 5744 _
1285 5739 1297 5744 _
1349 5658 1423 5744 ρ
1507 5736 1518 5744 _
1632 5734 1654 5744 α

1919 5673 2033 5715 :ret.
2097 5658 2331 5715 Nicwuw
2387 5660 2611 5728 synodi)
2659 5660 3036 5712 auctoritatem
3105 5658 3416 5714 crediderit.

237 5734 535 5814 (δογίεσὲι.
557 5743 634 5800 Ita
653 5734 829 5798 codex
841 5738 1184 5808 Bodleianus;
1199 5739 1368 5798 codex
1387 5736 1610 5807 Regius,
1630 5734 1731 5789 ἔτι.

612 5758 634 5796 a
653 5734 829 5798 codex
841 5738 1184 5808 Bodleianus;
1199 5739 1368 5798 codex
1387 5736 1610 5807 Regius,
1630 5734 1731 5789 ἔτι.
1843 5734 2109 5790 ιιυετιυε.
