3792 6146
353 373 448 428 111
1789 357 1902 413 om

2002 356 2107 412 NIS

3512 351 3624 409 H9

353 496 486 542 nent
511 483 671 539 fontis
728 490 782 536 et
813 479 1077 551 originis;
1118 477 1279 534 Pater
1325 477 1548 546 quidem
1594 474 1904 540 divinitatis,

2019 476 2046 526 6
2074 474 2131 526 ὲν
2176 473 2315 546 ἀρχῇ
2345 472 2515 541 Λόγος
2534 513 2547 535 ,
2579 472 2608 524 6
2642 469 2779 542 πρὸς
2809 468 2900 524 τὸν
2923 467 3056 522 Θεὸν
3088 468 3163 522 ὢν
3188 471 3215 522 6
3241 467 3376 532 Θεὸς
3403 469 3577 537 Λόγος
3598 485 3614 498 °

349 579 516 635 Filius
545 591 673 630 vero
700 575 896 642 Λόγου,
927 572 1003 644 [id
1030 581 1133 637 est,
1167 567 1920 641 rationis].Quemadmodum

348 683 480 740 ergo
507 667 580 722 dii
614 665 784 730 multi,
814 664 908 720 sed
943 663 1097 718 nobis
1122 678 1262 716 unus
1292 661 1433 715 Deus
1461 669 1580 724 est,
1608 673 1803 728 nempe
1828 656 1922 712 ille

348 761 546 824 Pater;
598 767 654 810 et
704 756 858 810 multi
908 753 1109 808 domini
1153 761 1298 820 Iunt,
1349 752 1441 806 sed
1468 751 1623 806 nobis
1649 767 1788 805 unus
1819 751 1922 804 Do-

334 851 528 904 minus
551 857 636 904 est
655 843 810 902 Iesus
828 845 1076 902 Christus
1102 860 1118 899 :
1141 845 1220 899 sic
1239 843 1391 897 multi
1417 843 1580 897 etiam
1604 851 1730 896 sunt
1748 841 1919 910 λόγοι,

348 942 479 1014 [hoc
523 951 628 1004 est,
655 934 940 1008 rationes,]
986 935 1078 990 sed
1129 935 1290 988 nobis
1321 933 1471 987 illum
1511 933 1704 1001 Λόγον,
1737 931 1816 1004 [id
1839 940 1921 986 est

347 1035 616 1090 rationem
644 1027 836 1098 illam,]
860 1042 1146 1097 precamur
1181 1027 1384 1091 inesse,
1419 1041 1538 1095 qua:
1571 1037 1654 1081 est
1685 1026 1737 1079 in
1769 1025 1912 1095 prin-

343 1125 511 1197 cipio,
557 1137 678 1193 quae
719 1130 800 1176 est
833 1119 974 1188 apud
1007 1119 1173 1172 Deum
1225 1116 1368 1171 Deus
1398 1116 1592 1184 Λόγος.
1623 1114 1726 1182 Qui
1773 1115 1919 1168 enim

345 1232 452 1271 non
479 1217 624 1286 capit
681 1213 854 1281 Λόγον
885 1213 1047 1277 hunc,
1092 1207 1168 1280 [id
1199 1219 1300 1270 est.
1331 1205 1644 1279 rationem,]
1687 1221 1806 1276 quae
1862 1205 1915 1260 in

343 1306 612 1378 principio
660 1304 800 1374 apud
856 1303 1026 1357 Deum
1081 1311 1184 1366 est,
1231 1309 1327 1354 aut
1371 1301 1542 1369 ipsum
1573 1307 1914 1367 assequetur,

346 1411 614 1470 quatenus
663 1411 792 1452 caro
835 1393 1012 1450 factus
1057 1403 1160 1459 est,
1205 1401 1303 1446 aut
1343 1391 1615 1462 particeps
1657 1387 1918 1445 eﬂicietur

346 1492 576 1558 alicujus
619 1505 827 1554 eorum,
873 1488 961 1556 qui
994 1486 1166 1554 Λόγον
1200 1485 1363 1548 hunc,
1389 1483 1466 1556 [id
1500 1491 1606 1550 est,
1648 1483 1916 1537 rationem

345 1584 568 1656 ipsam,j
600 1591 963 1652 assequuntur
993 1595 1008 1634 :
1049 1582 1094 1636 si
1142 1595 1273 1634 vero
1315 1594 1412 1634 nec
1445 1576 1672 1647 alicujus
1699 1575 1914 1647 quidem

345 1677 661 1745 horum,qui
696 1675 854 1744 hujus
885 1675 1112 1728 rationis
1141 1673 1435 1744 participes
1463 1669 1756 1734 exsistunt,
1789 1682 1916 1737 par-

344 1771 516 1838 ticeps
553 1767 689 1822 eﬂici
722 1766 940 1838 poterit,
977 1767 1029 1818 in
1068 1778 1301 1818 numero
1327 1762 1547 1818 omnino
1577 1776 1768 1816 eorum
1808 1759 1916 1814 erit

2022 567 2079 629 δς
2112 564 2219 636 γάρ
2253 567 2312 618 ού
2351 568 2518 637 χωρεί
2551 563 2738 617 τοῦτον
2761 563 2853 616 τὸν
2880 563 3053 630 Λόγον
3075 563 3166 614 τὸν
3196 564 3251 615 ὲν
3281 563 3425 632 ἀρχῇ
3470 573 3616 627 προς

2020 657 2111 710 τὸν
2136 654 2289 721 Θεὸν,
2315 658 2432 729 ἦτοι
2452 654 2600 726 αὐτῷ
2622 654 2896 724 γενομένῳ
2915 654 3078 725 σαρκὶ
3105 653 3380 724 προσέξει,
3413 653 3446 722 ἢ
3473 651 3615 723 μεθ-

2021 750 2130 815 έξει
2170 749 2278 804 τῶν
2319 747 2730 820 μετεσχηκότων
2765 747 2906 809 τινὸς
2945 745 3134 799 τούτου
3194 744 3286 798 τοῦ
3326 745 3501 814 Λόγου
3529 785 3544 806 ,
3572 743 3611 816 ἢ

2021 841 2315 896 ἀποπεσὼν
2340 840 2432 893 τοῦ
2470 840 2718 910 μετέχειν
2746 838 2838 892 τοῦ
2886 837 3301 910 μετεσχηκότος,
3335 838 3390 890 ὲν
3426 837 3613 904 πάντη

2021 935 2282 1007 ἀλλοτρίῳ
2305 933 2398 987 τοῦ
2430 933 2590 1002 λόγου
2623 933 2773 985 ἔσται
2798 931 3135 1003 καλουμένῳ.
3170 932 3344 999 Σαφὲς
3365 929 3422 984 δὲ
3453 931 3614 983 ἔσται

2019 1028 2080 1081 τὸ
2121 1028 2406 1100 εἰρημένον
2447 1029 2510 1080 ἐκ
2541 1025 2998 1097 παραδειγμάτων
3022 1024 3128 1076 τῶν
3155 1023 3283 1094 περὶ
3312 1023 3404 1078 τοῦ
3443 1021 3610 1087 Θεοῦ,

2019 1118 2223 1173 καὶτοῦ
2253 1118 2613 1187 ΘεοῦΛόγου,
2654 1118 2748 1170 καὶ
2765 1117 3056 1188 θεῶν,¹ήτοι
3084 1116 3418 1188 μετεχόντων
3445 1113 3609 1179 Θεοῦ,

2017 1211 2052 1282 ἢ
2087 1211 2393 1282 λεγομένων
2420 1211 2538 1282 μὲν,
2567 1208 2816 1279 οὐδαμῶς
2846 1207 2902 1260 δὲ
2935 1208 3103 1261 ὄντων
3137 1208 3294 1272 θεῶν,
3323 1207 3417 1260 καὶ
3443 1205 3614 1260 πάλιν

2018 1304 2193 1372 Λόγου
2222 1304 2379 1367 Θεοῦ,
2409 1304 2504 1356 καὶ
2530 1301 2703 1370 Λόγου
2735 1299 3025 1372 γενομένου
3071 1297 3205 1352 Θεοῦ
3249 1299 3473 1370 σαρκὸς,
3509 1297 3612 1350 καὶ

2017 1397 2192 1467 λόγων
2224 1395 2336 1468 (82)
2378 1396 2495 1467 ήτοι
2525 1393 2860 1466 μετεχόντων
2894 1411 3010 1458 πως
3050 1392 3144 1446 τοῦ
3181 1393 3353 1462 Λόγου
3379 1431 3395 1456 ,
3429 1392 3615 1460 λόγων

2015 1489 2314 1562 δευτέρων,
2349 1488 2381 1560 ἦ
2415 1487 2648 1561 τρίτων,
2685 1488 2836 1559 παρά
2867 1489 2957 1541 τὸν
2990 1487 3095 1558 πρὸ
3133 1486 3348 1541 πάντων
3389 1485 3614 1556 νομιζο-

2020 1581 2194 1653 μένων
2226 1581 2322 1652 μὲν
2355 1581 2548 1650 λόγων,
2583 1581 2683 1634 οὐκ
2711 1581 2879 1634 ὄντων
2907 1580 2964 1633 δὲ
2989 1579 3204 1651 ἀληθῶς
3233 1579 3428 1647 λόγων,
3458 1576 3607 1640 ἀλλ’,

2017 1672 2082 1725 ἵν’
2112 1672 2283 1736 οὕτως
2307 1673 2463 1737 εἴπω,
2497 1672 2616 1727 ὅλον
2641 1672 2798 1726 τοῦτο
2823 1672 3032 1741 ἀλόγων
3063 1671 3257 1740 λόγων,
3288 1671 3473 1744 ὥσπερ
3509 1672 3613 1725 καὶ

2017 1764 2106 1816 ἐπὶ
2133 1763 2240 1818 τῶν
2268 1763 2576 1836 λεγομένων
2607 1765 2855 1836 μὲν,οούκ
2885 1765 3052 1818 ὄντων
3077 1764 3132 1816 δὲ
3159 1763 3295 1817 θεῶν
3327 1762 3488 1828 τάξαι
3518 1781 3608 1827 τις

342 1861 432 1929 qui
466 1875 495 1912 a
530 1858 738 1912 ratione
768 1856 928 1911 alieni
957 1855 1234 1909 dicuntur.
1287 1853 1343 1908 ld
1371 1863 1551 1908 autem
1585 1852 1729 1922 quod
1767 1851 1904 1905 dixi-

2013 1853 2078 1908 ἂν
2122 1854 2242 1907 ἀντὶ
2275 1854 2368 1907 τοῦ
2402 1855 2610 1924 ἀλόγων
2657 1855 2828 1925 λόγων
2861 1855 2920 1908 τὸ
2953 1857 3012 1908 ού
3043 1855 3180 1908 θεῶν
3215 1855 3369 1909 θεῶν.
3410 1856 3468 1908 ’0
3503 1857 3609 1926 μὲν

343 1967 485 2016 mus,
521 1950 694 2021 palam
726 1948 994 2004 ellicietur
1030 1963 1096 2002 ex
1130 1945 1393 2014 exemplis
1419 1946 1486 1999 de
1508 1945 1616 1999 Deo
1650 1943 1762 2008 illo,
1793 1940 1911 2015 [qui

342 2045 448 2116 52
479 2041 751 2114 profertur
800 2056 924 2096 cum
970 2037 1248 2109 articulo,]
1272 2046 1325 2092 et
1354 2036 1421 2092 de
1445 2037 1536 2091 illo
1575 2037 1756 2107 Λόγῳ,
1786 2050 1910 2090 cum

339 2134 616 2208 articulo,]
635 2135 723 2205 qui
753 2144 836 2188 est
861 2134 1022 2199 Deus,
1045 2132 1163 2187 sine
1203 2130 1451 2195 articulo,
1486 2127 1622 2200 [tum
1652 2128 1816 2182 etiam
1849 2126 1914 2181 de

341 2231 468 2297 diis,
497 2231 590 2300 qui
620 2227 704 2283 vel
740 2225 1065 2298 participant
1097 2225 1287 2288 Deum,
1331 2222 1412 2277 vel
1457 2222 1530 2276 dii
1575 2221 1790 2291 quidem
1832 2221 1915 2276 di-

338 2334 559 2388 cuntur,
591 2320 737 2378 nullo
770 2328 927 2388 pacto
953 2326 1133 2373 autem
1163 2326 1322 2383 sunt;
1351 2326 1404 2370 et
1437 2329 1628 2369 rursus
1660 2314 1724 2368 de
1755 2313 1914 2383 Λόγῳ

339 2416 473 2483 Deo,
521 2423 576 2470 et
625 2413 693 2468 de
739 2411 896 2480 Λόγῳ
927 2409 1018 2479 qui
1063 2409 1238 2463 factus
1277 2415 1362 2463 est
1412 2421 1562 2471 caro,
1606 2419 1813 2460 necnon
1847 2404 1914 2458 de

337 2507 516 2578 λόγοις
544 2505 636 2576 qui
669 2505 813 2559 hunc
842 2502 1074 2573 quodam
1109 2501 1268 2556 modo
1295 2499 1644 2570 participant,
1682 2506 1736 2553 et
1766 2496 1912 2565 λόγοι

339 2598 564 2655 secundi
617 2612 680 2653 ac
727 2597 874 2651 tertii
904 2595 974 2651 ab
1014 2595 1133 2660 ipso
1174 2593 1454 2657 dicuntur,
1501 2602 1556 2646 et
1594 2590 1740 2660 λόγοι
1792 2604 1914 2644 esse

337 2691 739 2754 existimantur,
765 2703 885 2742 cum
914 2697 1092 2741 tamen
1121 2699 1248 2740 vere
1277 2700 1382 2738 non
1425 2684 1558 2746 sint,
1588 2683 1681 2737 sed
1709 2683 1907 2753 potius,

337 2793 396 2837 ut
427 2783 502 2836 ita
550 2781 762 2849 loquar,
793 2792 1016 2850 prorsus
1059 2775 1166 2832 dici
1210 2784 1486 2830 merentur
1513 2774 1694 2843 ἄλογοι
1737 2772 1910 2842 λόγοι,

337 2877 466 2950 [hoc
488 2886 571 2932 est
597 2875 832 2929 rationes
855 2869 1200 2926 irrationalcs
1215 2868 1261 2940 ;]
1284 2868 1730 2938 quemadmodum
1749 2869 1909 2922 etiam

335 2974 404 3026 de
443 2971 530 3037 iis,
556 2970 647 3040 qui
698 2968 771 3022 dii
805 2967 1023 3035 quidem
1058 2963 1332 3027 dicuntur,
1369 2977 1490 3016 cum
1521 2976 1627 3014 non
1659 2962 1786 3022 sint,
1823 2961 1910 3013 di-

333 3075 484 3120 ceret
508 3063 703 3130 aliquis
744 3059 815 3114 dii
849 3074 954 3112 non
982 3056 1054 3110 dii
1091 3073 1105 3111 :
1140 3070 1245 3111 non
1289 3069 1450 3109 secus
1479 3052 1623 3106 enim
1655 3063 1708 3107 et
1741 3052 1796 3106 hi
1819 3067 1911 3107 vo-

333 3166 529 3210 cantur
581 3153 764 3222 ἄλογοι
800 3149 969 3218 λόγοι,
995 3148 1124 3222 [hoc
1156 3157 1262 3210 est,
1305 3146 1544 3200 rationes
1570 3145 1782 3200 ratione
1813 3160 1905 3199 ca-

340 3244 575 3318 rentes]
603 3247 779 3314 Atque
803 3243 892 3299 ille
922 3243 1139 3312 quidem
1167 3241 1310 3295 Deus
1359 3241 1757 3303 universorum,
1791 3236 1904 3292 ele-

339 3339 542 3396 ctionis
587 3348 671 3392 est
711 3337 872 3400 Deus,
903 3345 960 3390 et
1009 3332 1180 3389 multo
1223 3333 1397 3402 magis
1443 3329 1604 3397 illius,
1635 3331 1724 3400 qui
1765 3331 1905 3384 hanc

333 3427 574 3484 servavit
636 3445 649 3483 :
691 3429 941 3496 deinceps
1010 3439 1219 3490 eorum,
1274 3423 1367 3491 qui
1413 3435 1540 3476 vere
1570 3430 1696 3476 sunt
1727 3420 1820 3486 dii,
1853 3427 1908 3474 et

334 3529 393 3576 ut
416 3519 585 3574 semel
631 3518 829 3581 dicam,
885 3517 1026 3570 Deus
1068 3525 1152 3570 est
1184 3515 1495 3578 viventium,
1528 3524 1584 3570 et
1619 3527 1724 3568 non
1755 3529 1904 3569 mor-

334 3623 550 3667 tuorum
570 3607 635 3672 7‘;
657 3604 1007 3662 atveroDeus
1033 3608 1223 3677 Λόγος,
1252 3606 1486 3660 fortasse
1522 3605 1662 3661 Deus
1697 3615 1781 3660 est
1809 3621 1904 3660 eo-

331 3718 453 3758 rum
485 3703 579 3774 qui
612 3703 665 3757 in
719 3703 836 3773 ipso
866 3702 1066 3756 sistunt
1111 3701 1314 3767 omnia,
1357 3699 1559 3769 quique
1591 3700 1906 3754 existimant.

332 3798 510 3866 ipsum
557 3810 676 3851 esse
724 3795 962 3850 Patrem.
1014 3792 1108 3849 Sol
1138 3804 1342 3860 autem,
1373 3803 1429 3847 et
1470 3793 1614 3856 luna,
1649 3802 1704 3846 ct
1733 3801 1902 3857 astra,

331 3898 391 3942 ut
438 3898 562 3943 ante
606 3903 705 3943 nos
757 3888 973 3958 quidam
1026 3887 1441 3952 disseruerunt,
1497 3885 1602 3940 illis
1646 3885 1902 3938 attributa

331 3977 575 4042 fuerunt,
611 3977 702 4046 qui
737 3978 917 4031 minus
951 3977 1096 4047 digni
1127 3975 1397 4031 habentur
1431 3985 1491 4032 ut
1538 3976 1628 4032 illo
1661 3976 1817 4032 titulo
1839 3990 1903 4032 ac

330 4071 488 4127 laude
513 4072 963 4137 cohonesteutur,
991 4081 1050 4124 ut
1074 4071 1216 4126 Deus
1245 4072 1468 4127 deorum
1493 4073 1635 4126 Deus
1663 4071 1901 4140 ipsorum

329 4165 420 4217 sit.
463 4162 556 4218 Sic
587 4172 765 4218 autem
809 4163 1190 4218 intellexerunt
1231 4165 1450 4219 adducti
1494 4165 1675 4220 verbis
1703 4164 1900 4219 Deuteo

328 4255 560 4308 ronomii
589 4269 708 4323 qua:
741 4253 811 4308 ita
843 4268 964 4309 sese
990 4255 1190 4309 habent
1219 4254 1264 4286 ⁷⁷
1298 4271 1312 4309 :
1341 4273 1360 4306 ι
1389 4253 1466 4311 Ne
1492 4271 1614 4311 cum
1643 4271 1904 4327 suspexe-

329 4344 407 4398 ris
445 4345 496 4397 in
527 4344 746 4409 caelum,
780 4355 836 4398 et
860 4344 1086 4399 intuitus
1117 4345 1287 4400 fueris
1313 4346 1507 4412 solem,
1542 4357 1597 4402 et
1620 4346 1822 4416 lunam,
1849 4357 1904 4404 et

328 4452 489 4490 unme
546 4437 669 4492 coeli
726 4447 1126 4503 ornamentum,
1171 4439 1426 4509 deceptus
1479 4443 1674 4497 adores
1720 4455 1803 4504 ea,
1845 4451 1901 4496 et

394 4531 442 4561 '°
470 4529 660 4585 Matth.
699 4546 833 4595 xm,
866 4531 955 4584 52.
1032 4532 1074 4562 "
1105 4531 1260 4586 Deut.
1285 4545 1362 4596 tv,
1396 4530 1483 4587 19.

2015 1943 2106 2002 οὖν
2135 1947 2268 2011 Θεὸς
2295 1947 2403 2002 τῶν
2436 1949 2572 2003 ὅλων
2600 1949 2700 2020 τῆς
2733 1949 2961 2020 ἐκλογῆς
2997 1949 3105 2019 (85)
3146 1951 3262 2002 ἐστι
3301 1949 3433 2012 Θεὸς
3454 1989 3468 2013 ,
3505 1949 3610 2002 καὶ

2015 2037 2148 2091 πολὺ
2186 2037 2384 2108 μᾶλλον
2415 2037 2510 2090 τοῦ
2544 2038 2644 2108 τῆς
2685 2037 2913 2109 ἐκλογῆς
2947 2039 3229 2110 Σωτῆρος·
3263 2038 3452 2092 ἔπειτα
3486 2039 3610 2093 τῶν

2014 2129 2228 2202 ἀληθῶς
2261 2129 2397 2184 θεῶν
2428 2131 2545 2183 ἐστὶ
2570 2131 2721 2195 Θεὸς,
2749 2131 2842 2184 καὶ
2869 2131 3204 2198 ἁπαξαπλῶς
3239 2131 3472 2197 ζώντων,
3507 2133 3609 2185 καὶ

2013 2223 2074 2275 οὐ
2103 2221 2312 2292 νεκρῶν
2344 2225 2460 2276 ἐστι
2493 2223 2655 2286 Θεός·
2691 2225 2720 2276 6
2751 2223 2807 2276 δὲ
2840 2223 2971 2287 Θεὸς
3015 2224 3188 2292 Λόγος
3227 2223 3367 2295 τάχα
3395 2224 3507 2276 τῶν
3541 2225 3608 2277 ὲν

2014 2315 2162 2388 αὐτῷ
2209 2317 2470 2373 ἱστάντων
2505 2317 2564 2370 τὸ
2591 2319 2699 2371 πᾶν
2735 2319 2830 2372 καὶ
2861 2317 2969 2371 τῶν
2999 2318 3221 2389 Πατέρα
3249 2319 3410 2371 αὐτὸν
3441 2336 3602 2389 νομι-

2015 2405 2215 2471 ζόντων
2245 2407 2362 2459 ἐστὶ
2394 2406 2544 2469 Θεός.
2571 2407 2758 2472 ’Ἥλιος
2790 2408 2848 2462 δὲ
2880 2409 2972 2461 καὶ
2996 2409 3192 2480 σελήνη
3225 2410 3318 2462 καὶ
3346 2409 3603 2481 ἀστέρες,

2014 2497 2090 2563 ὥς
2120 2516 2264 2563 τινες
2291 2500 2400 2554 τῶν
2435 2501 2540 2572 πρὸ
2585 2501 2740 2572 ήμῶν
2775 2500 2884 2572 (84)
2914 2501 3242 2573 διηγήσαντο
3263 2542 3278 2567 ,
3315 2503 3602 2574 ἀπενεμή-

2015 2589 2185 2662 θησαν
2223 2595 2336 2656 τοῖς
2385 2592 2460 2664 μὴ
2505 2592 2678 2659 ἀξίοις
2720 2593 3121 2665 ἐπιγράφεσθαι
3165 2593 3256 2648 τὸν
3305 2593 3438 2647 Θεὸν
3485 2595 3605 2648 τῶν

2014 2684 2171 2750 θεῶν,
2203 2684 2335 2738 Θεὸν
2365 2685 2544 2738 αὐτῶν
2566 2681 2722 2739 εἶναι.
2745 2684 2913 2738 Ὀὖτω
2936 2686 2993 2738 δὲ
3019 2684 3324 2753 ἐξεδέξαντο
3351 2686 3594 2757 κινηθέν-

2011 2794 2101 2841 τες
2145 2778 2209 2831 έκ
2251 2776 2356 2831 τῶν
2405 2779 2462 2830 ὲν
2501 2776 2579 2847 τῷ
2622 2778 3024 2849 Δευτερονομίῳ
3055 2778 3146 2831 τὸν
3174 2778 3374 2849 τρόπον
3406 2778 3606 2833 τοῦτον

2012 2870 2243 2939 ἑχόντων
2267 2886 2280 2899 ·
2325 2888 2343 2921 ι
2373 2869 2467 2940 Μὴ
2497 2868 2804 2938 ἀναϐλέψας
2831 2871 2909 2932 εἰς
2936 2869 3027 2921 τὸν
3060 2869 3313 2938 οὐρανὸν,
3343 2869 3434 2922 καὶ
3471 2869 3604 2923 ἰδὼν

2012 2961 2102 3014 τὸν
2133 2961 2284 3032 ἥλιον
2306 3004 2320 3027 ,
2355 2963 2449 3014 καὶ
2477 2962 2574 3034 τὴν
2612 2960 2872 3032 σελήνην,
2905 2963 2997 3014 καὶ
3041 2961 3220 3015 πάντα
3254 2961 3345 3014 τὸν
3393 2962 3603 3032 κόσμον

2010 3053 2103 3106 τοῦ
2151 3052 2379 3124 ούρανοῦ
2403 3095 2418 3119 ,
2466 3051 2760 3124 πλανηθεὶς
2815 3054 3199 3125 προσκυνήσῃς
3243 3054 3462 3118 αὐτοῖς,
3500 3056 3602 3108 καὶ

2012 3145 2312 3218 λατρεύσῃς
2360 3147 2575 3209 αὐτοῖς,
2603 3146 2639 3200 ἆ
2679 3145 2975 3214 ἀπένειμεν
3007 3146 3145 3198 αύτά
3178 3145 3379 3217 Κύριος
3409 3148 3439 3199 6
3463 3146 3602 3209 Θεός

2015 3252 2107 3288 σου
2135 3237 2266 3289 πᾶσι
2294 3237 2405 3300 τοῖς
2434 3235 2640 3289 ἔθνεσιν
2664 3253 2676 3266 °
2693 3256 2711 3288 ι
2740 3237 2867 3307 ὑμῖν
2886 3237 2942 3290 δὲ
2961 3237 3058 3306 οὐχ
3086 3237 3254 3301 οὕτως
3284 3237 3450 3291 ἔδωκε
3481 3238 3602 3292 Κύ-

2014 3345 2129 3399 ριος
2151 3328 2180 3379 ὁ
2208 3327 2338 3392 Θεός
2374 3346 2488 3381 σου.
2513 3328 2638 3392 Πῶς
2663 3329 2771 3400 γὰρ
2793 3330 3058 3401 ἀπένειμε
3089 3331 3222 3382 πᾶσι
3240 3333 3353 3394 τοῖς
3385 3330 3602 3384 ἔθνεσιν

2010 3421 2161 3492 ἥλιον
2211 3421 2306 3475 καὶ
2355 3421 2584 3494 σελήνην
2616 3422 2709 3475 καὶ
2748 3422 2927 3476 πάντα
2953 3423 3044 3476 τὸν
3073 3423 3276 3494 κόσμον
3305 3424 3398 3477 τοῦ
3425 3426 3598 3497 ούρα-

2012 3515 2104 3570 νοῦ
2153 3517 2180 3568 6
2213 3516 2375 3580 Θεὸς,
2423 3517 2521 3587 οὐχ
2561 3517 2733 3581 οὕτως
2762 3517 3010 3581 δεδωκὼς
3048 3518 3188 3571 αὐτά
3215 3519 3294 3590 τῷ
3339 3520 3593 3592 Ἰσραήλ;

2013 3611 2103 3683 Τῷ
2129 3613 2253 3675 τοὺς
2283 3611 2357 3683 μὴ
2383 3610 2713 3682 δυναμένους
2757 3612 2849 3663 ἐπὶ
2891 3611 2988 3680 τὴν
3033 3611 3228 3682 νοητὴν
3259 3611 3598 3682 ἀναδραμεῖν

2013 3709 2192 3777 φύσιν,
2210 3708 2275 3761 δι’
2308 3706 2578 3778 αἰσθητῶν
2613 3705 2749 3760 θεῶν
2777 3704 3127 3774 κινουμένους
3159 3704 3284 3776 περ)¹
3317 3704 3593 3773 θεότητος,

2009 3800 2305 3872 ἀγαπητῶς
2335 3801 2438 3854 κᾶν
2471 3802 2528 3852 ὲν
2569 3799 2778 3862 τούτοις
2806 3797 3053 3851 ἵστασθαι
3074 3837 3091 3862 ,
3136 3797 3228 3849 καὶ
3264 3797 3337 3868 μὴ
3371 3797 3598 3851 πίπτειν

2010 3893 2102 3946 ἐπὶ
2125 3891 2317 3946 εἴδωλα
2351 3891 2444 3946 καὶ
2475 3892 2743 3962 δαιμόνια.
2774 3889 2982 3944 Οὐκοῦν
3013 3891 3060 3942 οἱ
3110 3889 3206 3960 μὲν
3242 3888 3376 3943 Θεὸν
3410 3888 3598 3960 ἔχουσι

2009 3986 2099 4039 τὸν
2124 3985 2230 4038 τῶν
2256 3984 2391 4039 ὅλων
2410 3983 2543 4037 Θεόν
2563 4001 2576 4014 ·
2605 3985 2654 4036 οἱ
2679 3984 2735 4036 δὲ
2763 3982 2915 4054 παρά
2933 3983 3152 4045 τούτους
3177 3981 3416 4051 δεύτεροι
3442 3984 3596 4038 ἱστά-

2012 4093 2163 4147 μενοι
2192 4077 2284 4129 ὲπὶ
2318 4075 2411 4129 τὸν
2440 4075 2567 4129 Υἱὸν
2591 4075 2684 4128 τοῦ
2717 4075 2849 4129 Θεοῦ
2873 4075 2964 4127 τὸν
3005 4074 3239 4146 Χριστὸν
3267 4073 3430 4128 αὐτοῦ
3450 4091 3464 4103 ’
3496 4077 3596 4128 καὶ

2004 4170 2178 4242 τρίτοι
2207 4171 2255 4222 οἱ
2289 4169 2379 4221 τὸν
2411 4167 2559 4239 ἥλιον
2586 4167 2679 4221 καὶ
2709 4168 2807 4239 τὴν
2856 4167 3084 4238 σελήνην
3136 4167 3230 4220 καὶ
3274 4167 3451 4220 πάντα
3495 4168 3596 4221 τὸν

2006 4262 2208 4332 κόσμον
2243 4260 2336 4313 τοῦ
2388 4258 2615 4332 ούρανοῦ
2637 4299 2652 4325 ,
2687 4259 2797 4314 ἀπὸ
2845 4258 2980 4312 Θεοῦ
3035 4259 3133 4330 μὲν
3188 4259 3593 4330 πλανηθέντες,

2003 4353 2142 4426 πλὴν
2203 4353 2412 4424 πλάνην
2461 4351 2641 4423 πολλῷ
2705 4351 3068 4424 διαφέρουσαν
3136 4355 3230 4405 καὶ
3297 4351 3597 4424 κρείττονα

2004 4445 2111 4499 τῶν
2188 4445 2495 4499 καλούντων
2569 4445 2723 4510 θεοὺς
2787 4444 2924 4516 ἔργα
2983 4446 3182 4517 χειρῶν
3239 4445 3550 4518 ἀνθρώπων
3574 4487 3594 4511 ,

397 4619 510 4692 (82)
550 4622 772 4696 Λόγων.
832 4623 927 4696 Sic
962 4622 1122 4696 codd.
1169 4621 1492 4678 Bodleianus
1541 4631 1595 4678 et
1642 4623 1901 4680 Barberi-

2009 4623 2214 4696 πιστοί·
2265 4621 2370 4696 ναὶ-
2404 4621 2510 4696 μὴν
2558 4623 2802 4696 κάκεῖνοι
2851 4623 2900 4674 οἱ
2942 4622 3050 4696 ἀπὸ
3087 4623 3189 4696 τῆς
3223 4623 3332 4696 τῶν
3365 4623 3593 4696 ἄστρων

328 4705 460 4750 rtus;
497 4693 662 4762 editio
691 4694 892 4757 lluetii,
917 4693 1093 4762 λόγον.

397 4763 508 4835 (ἱξό)
555 4761 669 4835 Τῆς
687 4764 965 4834 ἐκλογῆς.
985 4761 1237 4835 Ἑκλογή,
1255 4763 1306 4818 id
1331 4773 1415 4819 est
1442 4762 1612 4835 electi.
1639 4764 1712 4818 Ita
1742 4764 1901 4819 Rom.

327 4846 406 4893 ιιι,
433 4833 487 4896 7,
533 4834 622 4885 ubi
657 4845 712 4886 ct
743 4833 964 4902 quidam
995 4833 1395 4900 vocemhanc,
1443 4834 1584 4889 unde
1633 4835 1738 4890 huc
1787 4848 1900 4890 tra-

325 4902 483 4954 durta
522 4913 602 4955 est
629 4905 734 4966 ,ita
767 4913 1064 4959 verterunt.
1102 4904 1366 4960 "UETIUS.

400 4972 513 5044 (84)
556 4973 659 5038 ’Ὡς
699 4989 856 5040 τινες
888 4973 1007 5028 τῶν
1041 4974 1156 5042 πρὸ
1201 4974 1388 5044 ἡμῶν,
1428 4985 1533 5030 etc.
1568 4974 1898 5029 Clementem

327 5043 417 5116 hic
440 5043 788 5116 desiguatcuj
798 5061 859 5116 us
883 5046 998 5098 haec
1016 5049 1177 5116 verba
1205 5043 1335 5116 sunt
1350 5045 1548 5116 Strat».
1569 5063 1620 5100 VI
1644 5064 1657 5099 :
1677 5045 1897 5116 Ἐπειδὴ

325 5112 436 5192 γὰρ
467 5113 582 5184 ᾔδει
604 5112 768 5192 Θεὸςζ
793 5114 886 5166 ἅτε
930 5113 1282 5192 προγνωστης
1307 5114 1512 5192 ὣνλμὴ
1547 5112 1903 5192 πιστεύσοντὰ

324 5182 534 5256 τοῦτον,
564 5182 715 5256 οὐδὲν
740 5182 900 5256 ἦττον
927 5182 1076 5256 ὅπως
1096 5186 1194 5256 τήν
1215 5182 1278 5252 γε
1307 5187 1426 5256 καθ’
1440 5182 1631 5239 ἔαυτὸν
1648 5187 1902 5256 ἀναδέξη-

325 5271 414 5328 ται
443 5253 740 5328 τελείωσιν,
763 5253 930 5328 ξδωκε
962 5253 1064 5328 μὲν
1087 5253 1411 5328 φιλοσοφίαν
1437 5255 1603 5328 αύτῷ,
1636 5257 1770 5311 ἀλλά
1795 5253 1900 5328 πρὸ

324 5324 420 5394 τῆς
455 5325 719 5386 πίστεως·
759 5324 927 5377 ἔδωκε
956 5324 1014 5376 δὲ
1051 5324 1144 5376 τὸν
1178 5325 1350 5395 ἥλιον,
1379 5329 1473 5378 καὶ
1518 5324 1615 5450 τὸὲν
1648 5324 1896 5398 σελήνην,

324 5395 420 5466 καὶ
449 5395 516 5448 τά
552 5395 728 5466 ἄστρα
754 5397 833 5458 εἰς
851 5394 1186 5466 θρησκείαν·
1220 5395 1256 5448 ἃ
1288 5395 1540 5466 εποίησεν
1620 5396 1753 5460 Θεὸς
1787 5402 1896 5461 τοῖς

326 5431 420 5446 una
460 5431 516 5448 θυι
552 5431 650 5449 usu.
693 5431 728 5448 υ»
754 5431 830 5458 ειη,
864 5431 1156 5466 υμιιυηῡυυιν
1220 5431 1256 5448 un.
1288 5431 1539 5466 suuuu‘usv
1568 5431 1596 5450 υ
1623 5431 1749 5460 usu,
1798 5431 1893 5461 but,

326 5463 521 5537 ἔθνεσι,
553 5431 715 5537 φησῗν
750 5467 779 5518 6
804 5464 986 5537 νόμος,
1013 5465 1202 5537 ἵναμὴ
1230 5464 1408 5518 τέλεον
1435 5465 1582 5518 ἄθεοι
1612 5467 1893 5537 γενόμενοι

325 5533 650 5620 τελέωςκκαι
673 5533 1063 5620 διαφθαρῶσιν.
1095 5536 1155 5588 Οἱ
1187 5533 1243 5620 δὲ
1284 5537 1387 5589 κάν
1419 5537 1587 5607 ταύτῃ
1602 5533 1893 5620 ,γενόμενοι

325 5607 392 5672 τῇ
415 5603 600 5678 ἐντολῇ
626 5603 957 5678 ἀγνώμονες,
988 5605 1243 5674 γλυπτοῖς
1271 5603 1707 5678 προσεσχηκότες
1736 5603 1896 5676 ἀγάλ-

329 5675 613 5748 μασιμκᾶν
657 5675 729 5747 μὴ
769 5675 1173 5748 μετανοήσωσι,
1213 5675 1545 5746 κρίνονταῐί
1569 5680 1618 5731 οἱ
1661 5675 1892 5748 μὲν,ίότι

323 5743 640 5819 δυνηθέντες
658 5743 1061 5819 ρύκ⁷ήθέλησαν
1105 5743 1500 5819 πιστεῦσαι’τῷ
1543 5743 1692 5819 Θεῷο
1727 5751 1776 5801 οἱ
1812 5749 1888 5810 δὲ,

322 5813 404 5865 ὃτι
452 5815 544 5866 καὶ
607 5813 1071 5888 θελήσαντεςὀύκ
1120 5813 1889 5892 ἐξεπόνησαν’περιγενέσθαι

2009 4694 2282 4776 σεϐήσεως
2315 4693 2388 4776 μῂ
2409 4691 2894 4776 ἐπαναδραμόντεες
2931 4694 3022 4776 ἐπὶ
3051 4691 3154 4776 τὸν
3180 4694 3383 4776 τούτων
3422 4691 3591 4776 ττριη⁴

2005 4757 2138 4844 my;
2167 4763 2282 4844 695
2444 4757 2677 4844 ἧνέώτξη
2705 4757 2916 4844 δοθεῖσα
2939 4765 3049 4844 τοῖς
3074 4763 3280 4844 ἔθνεσιν
3303 4757 3588 4844 ἀνακύψᾴι

2005 4831 2142 4904 πρὸς
2175 4833 2306 4886 Θεὸν
2351 4831 2440 4885 διὰ
2469 4831 2578 4905 τῆς
2607 4831 2716 4888 τῶν
2764 4834 2978 4904 ἄστρων
3021 4833 3342 4905 θρησκείας,
3394 4855 3414 4887 ι
3443 4831 3587 4902 Quia

2005 4903 2149 4960 enim
2195 4912 2424 4958 noverat
2478 4903 2654 4965 Deus,
2711 4903 2895 4970 utpote
2946 4903 3232 4972 praescius,
3279 4907 3421 4960 hunc
3469 4924 3584 4961 non

2005 4976 2382 5043 crediturum,
2439 4973 2799 5027 nihilominus
2849 4983 3025 5043 tamen
3084 4985 3144 5028 ut
3188 4975 3584 5043 perfectionem

2007 5045 2273 5117 reciperet
2301 5041 2455 5117 cujus
2486 5058 2656 5117 capas
2685 5053 2826 5117 erat,
2873 5042 3022 5117 dedit
3053 5044 3101 5098 ei
3136 5041 3354 5117 quidem
3403 5047 3584 5117 philo-

2006 5111 2280 5184 sophiam,
2328 5113 2422 5166 sed
2455 5123 2582 5184 ante
2628 5111 2823 5184 tidem;
2867 5113 3014 5167 dedit
3059 5111 3240 5169 autem
3278 5111 3481 5182 solem,
3525 5127 3585 5172 et

2008 5182 2213 5254 lunam,
2243 5192 2298 5237 et
2323 5191 2470 5254 astra
2498 5183 2564 5236 ad
2598 5182 2916 5254 religionem
2947 5201 2962 5238 :
2995 5199 3114 5254 qua:
3144 5185 3403 5254 [gentibus
3447 5187 3583 5243 fecit

2004 5254 2166 5320 Deus,
2204 5253 2379 5321 inquit
2411 5252 2518 5317 lex,
2553 5268 2620 5306 ne
2648 5251 2895 5308 funditus
2919 5251 3066 5310 athei
3097 5251 3296 5322 effecti,
3332 5256 3581 5312 funditus

2002 5333 2246 5394 pereant.
2277 5323 2348 5394 At
2375 5323 2450 5376 illi
2503 5323 2557 5376 in
2592 5323 2696 5378 hoc
2744 5335 3017 5394 praecepto
3052 5326 3474 5393 inconsiderati,
3522 5329 3578 5382 iu

2001 5393 2278 5468 sculptiles
2314 5393 2477 5468 deiixi
2522 5402 2754 5468 statuas,
2798 5393 3323 5468 nisi’ptenitentiam
3371 5409 3577 5468 agant,

1995 5463 2355 5534 iudicantur:
2388 5464 2444 5536 hi
2482 5463 2721 5536 quidem.
2753 5467 2877 5533 quia
2921 5463 3046 5520 eum
3091 5476 3334 5536 possent,
3382 5463 3577 5522 n'olueé-

2003 5545 2128 5590 runt
2178 5535 2286 5589 Deo
2323 5535 2578 5595 credere;
2625 5535 2698 5588 illi
2743 5551 2879 5605 vero
2925 5537 3018 5605 qui
3067 5535 3280 5591 etiamsi
3333 5538 3574 5604 vellent,

2002 5622 2108 5661 non
2140 5606 2317 5660 conati
2360 5615 2487 5660 sunt
2522 5613 2702 5658 tamen
2741 5604 3218 5671 ﬁdeles’evadere,
3249 5617 3305 5661 et
3335 5608 3368 5661 ii
3400 5609 3573 5662 etiam

1999 5678 2089 5745 qui
2117 5677 2184 5729 ab
2213 5686 2482 5730 astrorum
2526 5676 2695 5738 cultu,
2738 5676 2806 5728 ad
2849 5691 3037 5730 eorum
3080 5677 3414 5731 conditorem
3464 5693 3572 5733 non

2002 5756 2372 5800 recurreruut.
2419 5745 2542 5798 Haec
2583 5747 2726 5800 enim
2766 5747 2849 5800 via
2889 5757 3005 5800 erat
3041 5747 3295 5816 gentibus
3325 5747 3449 5802 data
3504 5751 3574 5803 ad

2000 5816 2164 5872 Deum
2195 5831 2293 5886 per
2322 5825 2595 5872 astrorqu
2625 5816 2827 5871 cultqu
2865 5831 3174 5888 assurgere.
3202 5835 3222 5869 ι
3258 5819 3333 5872 lo.
