3792 6146
356 384 477 439 'HS

1833 379 1991 436 OlllG
2003 378 2160 438 ENIS

3539 381 3650 438 {l6

372 500 554 556 Jesum
580 500 892 567 Christum,
913 511 967 558 et
1000 503 1142 559 hunc
1185 499 1508 557 cruciﬁxum
1544 500 1610 566 ⁸ο,
1643 499 1942 568 eademque
1987 495 2220 552 Verbum
2251 512 2470 554 carnem
2502 500 2703 556 vident.
2733 501 2912 558 Tertia
2947 503 3130 570 etiam,
3164 518 3284 573 ane
3315 502 3478 574 paulo
3515 515 3650 558 ante

374 599 634 654 diximus.
668 595 810 664 Quid
845 611 977 652 vero
1007 595 1204 650 attinet
1229 594 1298 652 de
1329 595 1397 650 iis
1436 596 1641 658 dicere,
1678 592 1769 662 Qui.
1795 591 1849 644 in
1881 587 2058 642 Verbo
2081 602 2202 644 esse
2229 590 2638 657 existimantur,
2679 594 2772 649 sed
2812 610 2915 650 non
2951 595 3128 652 solum
3164 595 3231 650 ab
3261 597 3510 664 honesto,
3548 612 3646 652 vr-

377 711 494 752 rum
525 695 688 748 etiam
722 693 792 748 ab
817 693 936 763 ejus
967 693 1231 764 vestigiis,
1270 702 1432 762 atque
1456 690 1522 746 iis
1542 689 1634 757 qui
1664 689 1783 758 ejus
1809 693 1937 740 sunt
1968 683 2277 756 participes,
2308 688 2698 762 aberrarunt”

449 787 559 862 55
593 789 646 844 4.
690 787 793 843 Hic
834 798 950 843 erat
993 789 1050 843 in
1097 786 1356 858 principio
1407 786 1554 856 apud
1595 783 1786 840 Deum.
1826 780 1946 835 Tri-

2152 781 2181 834 i.
2215 777 2402 850 οὗτος
2434 779 2515 856 ἦν
2541 783 2614 838 ἐν
2651 781 2810 854 ἀρχῇ
2842 784 2992 853 πρὸς
3032 787 3140 842 τὸν
3175 787 3344 841 Θεόν.
3389 785 3487 839 Διὰ
3536 783 3649 840 τῶν

376 887 480 940 bus
508 883 784 956 praedictis
820 881 1304 953 propositionibus,
1341 889 1453 934 tres
1483 878 1705 934 ordines
1727 891 1827 931 nos
1858 876 1954 931 do-

378 990 510 1032 cens
558 973 917 1045 evangelista,
947 973 1052 1030 tria
1081 972 1133 1026 in
1169 987 1336 1027 unum
1375 969 1679 1034 connectit,
1713 967 1902 1024 dicens
1934 982 1952 1022 :

383 1087 405 1122 ι
429 1067 530 1125 llic
559 1077 682 1124 erat
718 1067 772 1122 in
796 1065 1064 1138 principio
1093 1065 1234 1136 apud
1265 1063 1454 1120 Deum.
1482 1085 1502 1119 ι
1539 1063 1595 1118 In
1626 1063 1805 1134 prima
1829 1077 1955 1132 pro-

381 1163 654 1233 positione
701 1160 991 1216 didicimus
1033 1161 1084 1214 in
1133 1175 1244 1228 quo
1285 1169 1404 1215 erat
1455 1158 1650 1228 Λόγος,
1699 1155 1953 1211 videlicet

381 1256 525 1324 quod
554 1256 606 1310 in
639 1253 909 1325 principio
937 1270 953 1308 :
979 1261 1034 1308 et
1065 1253 1203 1322 apud
1226 1267 1389 1322 quem
1417 1251 1503 1306 hic
1533 1259 1671 1318 erat,
1700 1248 1956 1304 videlicet

381 1347 526 1415 quod
553 1345 693 1416 apud
727 1345 892 1399 Deum
920 1361 935 1410 ;
965 1353 1023 1400 et
1045 1345 1297 1414 quisnam
1324 1344 1498 1415 Λόγος
1530 1352 1670 1409 erat,
1703 1343 1956 1398 videlicet

380 1439 524 1508 quod
558 1439 717 1494 Deus.
749 1437 1028 1510 Tanquam
1055 1453 1187 1509 ergo
1207 1438 1588 1493 demonstrans
1611 1437 1955 1501 Sermonem,

378 1548 540 1602 quem
575 1541 703 1588 ante
733 1532 948 1588 dixerat
977 1533 1143 1588 Deum
1178 1547 1274 1600 per
1302 1530 1622 1601 particulam
1653 1547 1673 1582 ι
1709 1530 1820 1595 hic,
1854 1549 1874 1583 ι
1903 1541 1958 1586 et

381 1628 437 1680 in
465 1635 715 1696 quartam
748 1625 1168 1696 propositionem
1197 1639 1536 1697 congregans
1581 1625 1712 1680 illud
1737 1626 1808 1692 δ’,
1839 1646 1858 1679 r
1899 1626 1954 1681 In

379 1716 648 1786 principio
687 1724 805 1770 erat
851 1715 1084 1780 Sermo,
1115 1703 1170 1768 et
1209 1712 1403 1770 Sermo
1431 1724 1553 1770 erat
1587 1713 1731 1785 apud
1759 1713 1952 1780 Deum,

377 1818 435 1864 et
466 1810 606 1864 Deus
637 1818 756 1863 erat
783 1807 870 1863 ille
885 1807 1129 1873 Scrmo,r
1154 1807 1332 1877 inquit
1361 1825 1376 1861 :
1406 1824 1427 1858 r
1457 1805 1556 1863 llic
1591 1808 1782 1863 eratin
1809 1806 1959 1879 prin-

381 1898 525 1969 cipio
556 1899 696 1968 apud
733 1900 923 1954 Deum.
961 1917 981 1952 ι
1015 1897 1199 1955 Potest
1243 1909 1424 1954 tamen
1452 1899 1706 1969 principii
1754 1913 1956 1955 nomen

383 1991 524 2044 sumi
565 1992 729 2046 etiam
761 1992 828 2044 de
859 1990 1131 2060 principio
1177 1991 1386 2056 mundi,
1420 1990 1830 2048 addiscentibus
1861 2004 1959 2045 no-

380 2081 466 2136 bis
493 2097 590 2152 per
611 2082 725 2137 haec
753 2083 917 2147 dicta,
947 2083 1431 2138 Sermonem‘illum
1450 2083 1811 2154 antiquiorem
1837 2097 1958 2138 esse

383 2173 546 2227 rebus
579 2189 608 2228 a
642 2173 911 2244 principio
945 2175 1123 2230 factis.
1159 2173 1295 2228 Nam
1328 2175 1374 2228 si
1416 2193 1437 2226 ι
1463 2175 1513 2230 in
1541 2176 1808 2246 principio
1833 2175 1957 2230 fecit

384 2264 527 2321 Deus
553 2267 751 2322 emtum
789 2275 846 2322 et
873 2275 1074 2322 terram
1099 2266 1170 2333 ω,
1214 2285 1234 2319 r
1270 2266 1480 2321 clarum
1506 2275 1594 2322 est
1635 2267 1686 2322 id
1715 2268 1856 2336 quod
1900 2268 1955 2321 in

383 2357 650 2428 principio
675 2369 815 2426 erat,
857 2360 1134 2431 antiquius
1156 2373 1278 2414 esse
1307 2374 1375 2415 eo
1402 2360 1548 2429 quod
1602 2359 1655 2413 in
1687 2359 1958 2428 principio

381 2448 586 2505 factum
642 2461 766 2508 est:
797 2467 900 2508 nec
931 2453 1104 2507 solum
1143 2451 1485 2507 ﬁrmamento
1529 2461 1586 2508 et
1637 2452 1810 2515 arida,
1863 2453 1958 2508 sed

383 2543 525 2598 creto
541 2551 596 2598 et
627 2553 771 2600 terra
813 2544 1008 2601 Sermo
1037 2545 1126 2601 ille
1156 2555 1242 2600 est
1269 2545 1558 2615 antiquior.
1593 2544 1755 2601 Forte
1775 2553 1955 2600 autem

382 2649 488 2689 non
522 2636 757 2692 absurde
776 2637 898 2707 quis
921 2637 1159 2706 inquirat
1183 2653 1355 2709 quare
1379 2653 1484 2694 non
1503 2639 1575 2693 sit
1599 2637 1799 2693 dictum
1827 2652 1874 2688 ιι
1901 2635 1955 2689 In

383 2727 654 2798 principio
676 2739 794 2784 erat
817 2729 1008 2785 Sermo
1038 2730 1133 2786 Dei
1157 2748 1172 2796 ;
1219 2739 1273 2784 et
1331 2730 1522 2786 Sermo
1546 2729 1638 2784 Dei
1667 2741 1788 2784 erat
1813 2728 1956 2799 apud

383 2816 555 2871 Deum
577 2835 592 2884 ;
613 2828 666 2873 et
685 2818 826 2874 Deus
843 2831 966 2876 erat
991 2821 1081 2877 ille
1114 2821 1312 2877 Sermo
1345 2821 1495 2876 Dei.»
1525 2820 1632 2876 Sed
1662 2823 1959 2893 consequi-

386 2917 476 2960 tur
501 2918 558 2962 ut
587 2910 678 2980 qui
709 2913 906 2980 quaarit
944 2929 1044 2969 cur
1083 2915 1300 2970 tandem
1331 2928 1438 2969 non
1470 2916 1736 2984 scriptum
1770 2917 1863 2980 sit,
1901 2915 1954 2970 tn

382 2999 658 3071 principio
685 3014 801 3058 erat
836 3005 1029 3062 Sermo
1057 3005 1172 3075 Dei,
1207 3015 1262 3062 et
1283 3022 1402 3077 quae
1425 3018 1744 3078 sequuntur,
1777 3009 1958 3079 plures

383 3098 631 3158 enuntiet
665 3117 786 3159 esse
809 3096 1125 3165 Sermones,
1158 3109 1213 3155 et
1239 3100 1472 3157 fortasse
1497 3100 1694 3157 diversi
1720 3105 1956 3173 generis.

383 3192 482 3248 ‘lel
511 3210 651 3250 unus
676 3197 890 3264 quidem
920 3197 1025 3251 erit
1045 3191 1136 3250 Dei
1158 3189 1370 3259 Sermo,
1389 3193 1548 3261 alter,
1582 3203 1640 3249 ut
1665 3195 1737 3248 ita
1755 3195 1957 3261 dicam,

384 3289 700 3358 ntthlOl‘tltlt
746 3287 960 3355 Sermo,
1002 3290 1142 3346 alius
1183 3288 1312 3345 item
1347 3287 1658 3355 hominum,
1701 3299 1754 3344 et
1790 3289 1867 3344 ita
1902 3290 1956 3345 in

386 3382 600 3436 caeteris
627 3380 1002 3436 Sermonibus.
1039 3382 1193 3449 Quod
1230 3383 1272 3436 si
1299 3379 1822 3438 vocabulum'Sermo
1857 3384 1959 3438 hoc

2055 877 2468 948 προειρημένων
2497 876 2664 950 τριῶν
2696 875 3013 948 προτάσεων
3057 879 3316 950 τάγματα
3347 879 3474 951 τρία
3505 879 3649 933 διδιί-

2056 967 2152 1032 ξας
2183 970 2331 1040 ἡμᾶς
2374 969 2404 1020 ὁ
2435 968 2824 1042 εύαγγελιστὴς
2873 967 3368 1038 συγκεφαλαιοῦται
3409 968 3478 1022 τά
3510 970 3646 1041 τρία

2055 1062 2136 1125 εἰς
2164 1060 2242 1127 ἓν,
2270 1060 2444 1131 λέγων
2462 1061 2542 1115 τό·
2574 1080 2593 1114 ι
2621 1053 2790 1126 Οὗτος
2812 1057 2880 1134 ἦν
2907 1063 2965 1117 ἐν
2987 1064 3127 1135 ἀρχῇ
3151 1063 3291 1134 πρὸς
3318 1061 3408 1117 τὸν
3435 1062 3590 1116 Θεόν.
3621 1083 3643 1114 ›

2058 1153 2278 1224 Πρῶτον
2303 1155 2359 1208 δὲ
2385 1153 2494 1209 τῶν
2519 1155 2686 1226 τριῶν
2720 1155 3120 1231 μεμαθήκαμεν
3150 1156 3209 1208 ἐν
3241 1153 3349 1208 τίνι
3371 1150 3439 1225 ἦν
3472 1155 3501 1208 6
3532 1154 3643 1208 Λό-

2056 1262 2150 1314 γος
2169 1288 2185 1312 ,
2209 1247 2291 1300 ὅτι
2315 1249 2372 1300 ἐν
2401 1249 2544 1320 ἀρχῇ
2575 1265 2588 1279 ·
2625 1249 2719 1302 καὶ
2749 1247 2886 1320 πρὸς
2919 1247 3040 1302 τίνα
3068 1241 3222 1311 οὗτος
3250 1242 3351 1319 ἦν,
3384 1248 3467 1300 ὅτι
3503 1249 3646 1318 πρὸς

2054 1338 2147 1392 τὸν
2175 1338 2306 1393 Θεόν
2327 1356 2339 1368 '
2386 1341 2481 1394 καὶ
2520 1339 2605 1405 τίς
2644 1341 2672 1395 6
2723 1341 2895 1411 Λόγος
2919 1336 3018 1414 ἦν,
3045 1341 3127 1396 ὅτι
3154 1341 3307 1406 Θεός.
3341 1340 3521 1394 Οίονεὶ
3550 1335 3667 1400 οὖν

2056 1432 2269 1496 δεικνὺς
2283 1432 2374 1486 τὸν
2390 1434 2788 1505 προειρημένον
2801 1433 2933 1488 Θεὸν
2949 1434 3121 1504 Λόγον
3137 1433 3226 1489 διὰ
3261 1433 3354 1487 τοῦ
3376 1453 3393 1486 ι
3414 1428 3595 1497 οὗτος,
3622 1453 3642 1483 r

2057 1529 2151 1581 καὶ
2177 1526 2424 1596 συνάγων
2444 1527 2524 1592 είς
2548 1527 2814 1600 τετάρτην
2841 1526 3103 1599 πρότασιν
3121 1526 3183 1580 τό
3201 1545 3262 1580 τε
3279 1543 3294 1559 ο
3321 1546 3340 1578 ι
3381 1527 3470 1580 Ἐν
3498 1527 3648 1597 ἀρχῇ

2056 1615 2124 1691 ἦν
2155 1621 2184 1674 ὁ
2206 1619 2377 1689 Λόγος
2392 1661 2406 1684 ν
2441 1640 2459 1673 ³
2499 1621 2593 1674 καὶ
2624 1619 2716 1674 τό⁹
2751 1639 2771 1672 ι
2822 1621 2883 1674 Ὀ
2908 1619 3082 1689 Λόγος
3100 1615 3168 1690 ἦν
3199 1618 3338 1691 πρὸς
3363 1619 3455 1672 τὸν
3484 1617 3648 1679 Θεὸν,

2058 1715 2153 1768 καὶ
2184 1711 2317 1775 Θεὸς
2345 1708 2412 1784 ἦν
2438 1712 2467 1765 6
2497 1712 2698 1781 Λόγος,
2735 1731 2754 1763 ι
2793 1711 2957 1781 φησίν
2978 1726 2992 1740 ο
3041 1728 3060 1760 ί
3095 1703 3265 1774 οὗτος
3295 1704 3364 1781 ἦν
3409 1709 3467 1760 ὲν
3495 1708 3646 1779 ἀρχῇ

2058 1805 2196 1878 πρὸς
2216 1805 2305 1859 τὸν
2321 1804 2472 1858 Θεόν.
2506 1824 2526 1857 r
2545 1803 2778 1859 Δύναται
2798 1804 2977 1874 μέντοι
2993 1820 3058 1872 γε
3079 1802 3140 1856 τὸ
3154 1803 3254 1874 τῆς
3276 1802 3451 1876 ἀρχῆς
3471 1801 3651 1871 ὄνομα

2057 1897 2427 1970 λαμὸάνεσθαι
2457 1898 2552 1952 καὶ
2572 1897 2667 1950 ἐπὶ
2692 1898 2792 1970 τῆς
2811 1895 2908 1950 τοῦ
2954 1896 3160 1967 κόσμου
3201 1895 3396 1966 ἀρχῆς,
3432 1893 3648 1966 μανθα-

2058 1988 2256 2043 νόντων
2279 1988 2440 2060 ἡμῶν
2468 1987 2558 2044 διὰ
2588 1988 2697 2043 τῶν
2727 1989 3036 2059 λεγομένων
3055 2029 3071 2054 ,
3097 1989 3182 2043 ὅτι
3211 1987 3588 2060 πρεσϐύτερος
3621 1990 3653 2040 6

2057 2081 2231 2152 Λόγος
2252 2081 2362 2136 τῶν
2393 2082 2648 2155 άπαρχῆς
2668 2082 2975 2154 γενομένων
2995 2077 3084 2154 ἦν.
3129 2082 3192 2134 Εἰ
3223 2081 3329 2152 γὰρ
3362 2099 3382 2132 r
3414 2083 3473 2134 ἐν
3498 2082 3649 2152 ἀρχῇ

2061 2176 2317 2248 ἐποίησεν
2347 2179 2376 2230 6
2405 2176 2539 2243 Θεὸς
2575 2179 2664 2232 τὸν
2687 2177 2915 2250 οὐρανὸν
2960 2179 3054 2232 καὶ
3086 2177 3186 2250 τὴν
3225 2177 3363 2248 γῆν,
3403 2198 3421 2229 ι
3457 2178 3519 2230 τὸ
3564 2176 3648 2238 δὲε,

2059 2271 2117 2326 ὲν
2159 2271 2302 2343 ἀρχῇ
2343 2265 2441 2343 ἦν,
2465 2271 2654 2341 σαφῶς
2689 2269 3060 2342 πρεσϐύτερόν
3109 2271 3227 2323 ἐστι
3275 2269 3370 2324 τοῦ
3402 2271 3458 2323 ἐν
3495 2271 3647 2340 ἀρχῇ

2059 2366 2428 2436 πεποιημένου
2469 2365 2530 2418 ού
2579 2364 2738 2436 μόνον
2765 2363 3145 2436 στερεώματος
3168 2365 3264 2418 καὶ
3287 2364 3482 2435 ξηρᾶς,
3508 2363 3650 2416 ἀλλὰ

2057 2456 2287 2530 οὐρανοῦ
2320 2458 2415 2512 καὶ
2442 2458 2545 2530 γῆς
2573 2457 2944 2529 πρεσϐύτερός
2960 2458 3106 2510 ἐστιν
3132 2458 3161 2510 ό
3183 2456 3374 2525 Λόγος.
3404 2455 3562 2525 Τάχα
3587 2455 3648 2508 δὲ

2064 2552 2164 2605 οὐκ
2183 2550 2400 2612 ἀτόπως
2419 2567 2502 2614 τις
2527 2550 2760 2622 ζητήσαι
2793 2549 2860 2603 ἂν
2883 2548 2972 2602 διὰ
2994 2549 3046 2602 τί
3075 2549 3176 2602 οὐκ
3199 2549 3411 2621 είρηται
3436 2563 3450 2576 ·
3486 2568 3504 2599 ι
3555 2547 3650 2601 Ἐν

2058 2648 2201 2720 ἀρχῇ
2223 2642 2291 2717 ἦν
2316 2647 2344 2699 6
2367 2645 2540 2714 Λόγος
2567 2642 2663 2697 τοῦ
2693 2642 2828 2696 Θεοῦ
2846 2659 2861 2674 ⁸
2894 2643 2990 2697 καὶ
3021 2643 3050 2696 6
3080 2641 3254 2712 Λόγος
3281 2640 3374 2695 τοῦ
3407 2641 3546 2694 Θεοῦ
3580 2637 3652 2713 ἧν

2058 2740 2194 2812 πρὸς
2220 2738 2310 2791 τὸν
2334 2737 2466 2792 Θεόν
2486 2755 2499 2768 ·
2535 2737 2630 2791 καὶ
2652 2735 2786 2799 Θεὸς
2809 2730 2878 2806 ἧν
2905 2737 2933 2789 6
2964 2735 3134 2805 Λόγος
3157 2734 3251 2788 τοῦ
3281 2734 3467 2788 Θεοῦ.»
3489 2735 3649 2788 Ἀκέί-

2058 2831 2246 2886 λουθεν
2266 2829 2324 2884 δέ
2359 2831 2475 2884 ἐστι
2494 2828 2584 2882 τὸν
2615 2827 2883 2900 ζητοῦντα
2911 2827 2964 2880 τί
2993 2827 3192 2897 δήποτε
3219 2827 3279 2880 οὐ
3309 2827 3647 2899 γέγραπται,

2065 2946 2084 2976 ι
2106 2923 2195 2977 Ἐν
2222 2923 2363 2996 ἀρχῇ
2387 2917 2456 2992 ἦν
2477 2922 2509 2997 6
2527 2921 2700 2990 Λόγος
2729 2918 2822 2974 τοῦ
2843 2917 3002 2983 Θεοῦ,
3029 2937 3047 2971 ι
3072 2919 3168 2972 καὶ
3198 2919 3266 2973 τὰ
3292 2919 3438 2989 ἑξῆς,
3465 2918 3652 2972 πλείο-

2059 3033 2156 3081 νας
2188 3014 2582 3086 ἀποφαίνεσθαι
2628 3013 2849 3084 λόγους,
2885 3013 2980 3067 καὶ
3007 3012 3149 3084 τάχα
3181 3014 3536 3086 ἑτερογενεῖς.
3573 3012 3648 3066 Ἦ

2058 3111 2087 3162 ό
2120 3110 2217 3181 μέν
2235 3127 2321 3174 τις
2341 3108 2434 3164 τοῦ
2458 3107 2594 3162 Θεοῦ
2621 3107 2814 3177 Λόγος,
2836 3105 3022 3177 ἕτερος
3049 3105 3127 3170 δὲ,
3154 3105 3287 3178 φέρε
3310 3107 3504 3170 εἰπεῖν,
3541 3106 3644 3174 ἀγ-

2059 3204 2232 3274 γέλων
2268 3204 2438 3272 Λόγος
2461 3242 2476 3266 ,
2508 3201 2604 3256 καὶ
2635 3200 2793 3265 ἄλλος
2823 3199 3160 3273 ἀνθρώπων,
3205 3199 3300 3252 καὶ
3346 3198 3519 3262 οῦτως
3552 3198 3649 3252 ἐπὶ

2059 3295 2168 3351 τῶν
2192 3295 2393 3349 λοιπῶν
2416 3294 2611 3364 λόγων.
2645 3294 2710 3347 El
2741 3293 2797 3347 δὲ
2820 3294 3029 3362 Λόγος,
3061 3290 3202 3362 τάχα
3233 3291 3328 3344 καὶ
3366 3291 3528 3359 σοφία
3552 3292 3650 3344 καὶ

2059 3385 2396 3455 δικαιοσύνη.
2429 3386 2661 3438 ’Ἄτοπον
2681 3383 2739 3437 δὲ
2762 3381 3011 3445 πλείονας
3038 3382 3266 3450 φάσκειν
3285 3381 3404 3450 τῆς,
3430 3380 3646 3450 Λόγος,

386 3475 548 3528 modo
573 3489 632 3528 se
670 3475 910 3541 habebit,
956 3476 1096 3530 idem
1120 3477 1371 3532 fortassis
1403 3477 1736 3532 censendum
1757 3479 1864 3533 erit

2150 3477 2437 3548 οσ-ηγορίσς
2465 3476 2670 3548 κυρίως
2694 3476 3004 3547 τυγχάνειν,
3035 3473 3130 3528 καὶ
3162 3476 3228 3544 τῇ
3261 3473 3424 3545 σοφίᾳ
3455 3473 3552 3526 καὶ
3581 3476 3647 3543 τῇ

385 3567 649 3635 sapientia
682 3569 826 3623 etde
850 3567 1079 3636 justitia.
1119 3570 1430 3626 Absurdum
1462 3581 1546 3627 est
1568 3581 1746 3627 autem
1781 3574 1963 3629 dicere

389 3659 574 3726 plures
603 3659 753 3714 vocis
779 3660 938 3731 hujus
975 3661 1161 3716 Sermo
1194 3673 1472 3733 compotes
1509 3665 1648 3732 tieri,
1685 3674 1742 3719 et
1781 3663 1962 3734 huius,

392 3752 688 3820 sapientia;
719 3763 776 3808 et
818 3753 982 3822 illius,
1015 3754 1252 3822 justitia.
1293 3755 1694 3812 Convincemur
1731 3759 1895 3814 etiam
1933 3775 1963 3814 a

387 3843 642 3910 veritate,
677 3846 897 3901 minime
919 3861 950 3900 a
976 3847 1131 3902 nobis
1166 3849 1334 3916 qureri
1359 3857 1615 3920 oportere
1641 3849 1823 3920 plures
1847 3867 1965 3907 ser-

393 3953 604 4002 mones,
646 3946 701 3993 et
739 3941 1052 4010 sapientiae,
1089 3951 1145 3998 et
1175 3942 1443 4012 jnstitias,
1481 3957 1605 4013 quae
1643 3946 1861 4016 proprie
1886 3947 1966 4002 sic

391 4029 759 4085 nominentur.
774 4031 906 4087 Nam
922 4035 1294 4104 unusquisque
1309 4032 1659 4094 conﬁteretur
1670 4055 1831 4095 unam
1845 4055 1967 4098 esse

392 4123 703 4190 veritatem,
752 4139 852 4180 nec
885 4127 1110 4183 auderet
1158 4129 1356 4200 aliquis
1395 4130 1601 4198 dicere,
1637 4131 1800 4186 aliam
1846 4147 1968 4188 esse

397 4217 492 4272 Dei
523 4218 828 4282 veritatem,
865 4217 1026 4274 aliam
1060 4221 1398 4291 angelorum,
1425 4223 1588 4280 aliam
1634 4226 1915 4281 hominum
1949 4243 1962 4290 ;

395 4327 520 4366 cum
555 4311 611 4367 in
645 4321 840 4368 natura
861 4312 1069 4368 entium
1104 4329 1209 4368 una
1240 4316 1312 4370 sit
1333 4317 1400 4372 de
1433 4333 1757 4388 unaquaque
1793 4333 1852 4372 re
1875 4333 1966 4372 ve-

395 4405 550 4459 ritas.
567 4405 722 4473 Quod
750 4403 794 4460 si
813 4405 1014 4461 veritas
1045 4416 1128 4462 est
1160 4424 1294 4472 una,
1322 4410 1660 4479 perspicuum
1687 4420 1769 4465 est
1803 4410 1965 4463 etiam

397 4496 744 4562 sapientiam,
781 4511 903 4567 quae
924 4499 1264 4553 confirmatio
1297 4510 1353 4554 et
1381 4500 1771 4555 demonstratio
1800 4501 1968 4569 ipsius

397 4596 486 4640 est
525 4588 802 4649 veritatis,
853 4589 1048 4646 merito
1094 4591 1321 4661 intelligi
1375 4607 1532 4645 unam
1579 4608 1699 4646 esse
1729 4610 1743 4650 :
1771 4593 1968 4662 quippe

393 4695 520 4733 cum
543 4694 610 4735 ne
628 4695 696 4734 ea
730 4681 946 4750 quidem
975 4697 1095 4752 qua:
1133 4684 1432 4752 appellatur
1452 4684 1738 4752 sapientia,
1773 4700 1966 4739 nomen

395 4785 554 4828 suum
590 4782 737 4829 recte
764 4775 898 4830 tueri
934 4785 1120 4845 queat,
1149 4778 1194 4829 si
1241 4791 1349 4829 non
1378 4776 1521 4830 adsit
1559 4776 1782 4832 veritas.
1812 4777 1967 4845 Quod

2063 3569 2375 3641 δικαιοσύνη
2405 3569 2538 3641 (88).
2569 3569 2680 3622 Καὶ
2709 3567 3135 3640 πληχθησόμεθα
3166 3567 3305 3639 πρὸς
3329 3566 3389 3619 τὸ
3431 3565 3506 3636 μὴ
3537 3565 3652 3618 δεῖν

2065 3665 2246 3729 ζητεῖν
2282 3663 2532 3726 πλείονας
2581 3662 2773 3730 λόγους
2801 3662 2894 3716 καὶ
2929 3661 3119 3730 σοφίας
3147 3660 3241 3713 καὶ
3273 3657 3646 3722 δικαιοσύνας,

2065 3758 2272 3830 κυρίως
2295 3756 2469 3820 οὕτως
2495 3755 2891 3828 ὀνομαζόμενα,
2916 3755 3026 3809 άπὸ
3070 3755 3170 3826 τῆς
3217 3750 3488 3824 ἀληθείας.
3531 3751 3650 3814 Πᾶς

2063 3851 2173 3924 γὰρ
2201 3850 2449 3905 ὁστισοῦν
2474 3851 2803 3922 ὁμολογήσαι
2823 3847 2887 3903 ἂν
2922 3848 3051 3919 μίαν
3077 3843 3213 3901 εἷναι
3248 3846 3345 3918 τὴν
3365 3845 3651 3918 ἀλήθειαν.

2068 3946 2143 3998 Ού
2171 3944 2280 4016 γὰρ
2311 3945 2408 3999 καὶ
2450 3945 2537 3998 ἐπ’
2570 3943 2742 4014 αὐτῆς
2771 3941 3040 4014 τολμήσαι
3093 3958 3176 4006 τις
3225 3939 3405 4010 λέγειν
3454 3939 3653 4011 ἑτέραν

2067 4038 2208 4095 εἶναι
2253 4041 2352 4115 τὴν
2384 4038 2479 4094 τοῦ
2512 4038 2646 4093 Θεοῦ
2693 4037 2951 4110 ἀλήθειαν
2971 4079 2986 4102 ,
3022 4037 3117 4091 καὶ
3171 4036 3362 4108 ἑτέραν
3395 4035 3493 4107 τὴν
3539 4033 3654 4090 τῶν

2067 4135 2336 4206 ἀγγέλων,
2375 4135 2473 4189 καὶ
2505 4133 2671 4205 ἄλλην
2703 4131 2800 4201 τὴν
2832 4131 2940 4185 τῶν
2972 4129 3276 4202 ἀνθρώπων
3297 4147 3308 4161 ·
3349 4131 3407 4183 ὲν
3435 4128 3549 4200 γὰρ
3580 4131 3650 4201 τῇ

2067 4230 2227 4301 φύσει
2249 4227 2355 4282 τῶν
2383 4227 2572 4291 ὄντων,
2611 4224 2708 4297 μία
2739 4227 2774 4296 ἡ
2810 4224 2940 4296 περὶ
2957 4222 3196 4277 ἑκάστου
3229 4222 3476 4291 ἀλήθεια.
3499 4223 3564 4274 El
3592 4221 3650 4274 δὲ

2067 4321 2292 4395 ἀλήθεια
2329 4321 2448 4392 μία,
2475 4318 2717 4391 δηλονότι
2738 4317 2886 4388 καὶή
2917 4314 3230 4386 κατασκευὴ
3263 4315 3433 4384 αὐτῆς
3480 4314 3576 4367 καὶ
3616 4315 3654 4382 η

2067 4412 2336 4478 ἀπόδειξις
2367 4411 2526 4482 σοφία
2554 4410 2918 4480 τυγχάνουσα,
2954 4409 3050 4479 μία
3081 4407 3316 4477 εὐλόγως
3346 4406 3411 4461 ἂν
3451 4407 3652 4474 νοοῖτο,

2069 4505 2251 4574 πάσης
2295 4504 2394 4575 τῆς
2436 4501 2797 4574 νομιζομένης
2824 4501 3050 4571 σοφίας,
3106 4501 3167 4553 οὐ
3215 4497 3524 4572 κρατούσης
3551 4498 3651 4566 τῆς

2067 4595 2326 4667 ἀληθείας
2347 4637 2362 4659 ,
2403 4595 2524 4649 οὐδὲ
2557 4595 2748 4665 σοφίας
2778 4594 2845 4648 ἂν
2878 4593 3046 4664 ὑγιῶς
3085 4592 3548 4666 χρηματιζούσης.
3585 4591 3651 4644 ΕΞ

2067 4689 2112 4742 δ’
2145 4688 2371 4760 ἀλήθεια
2405 4686 2519 4759 μία,
2550 4687 2645 4742 καὶ
2686 4687 2846 4756 σοφία
2893 4687 3022 4758 μία,
3060 4687 3154 4741 καὶ
3182 4686 3354 4754 Λόγος
3406 4686 3434 4737 6
3468 4685 3652 4752 ἀπαγ-

2069 4781 2276 4851 γέλλων
2296 4779 2396 4852 τὴν
2438 4777 2694 4851 ἀλήθειαν
2723 4779 2815 4831 καὶ
2841 4778 2939 4851 τὴν
2970 4779 3159 4848 σοφίαν
3201 4777 3388 4832 ἁπλῶν
3412 4779 3508 4830 καὶ
3542 4795 3650 4846 φα-

400 4867 444 4918 si
486 4865 688 4920 veritas
733 4882 861 4932 una,
904 4877 960 4923 et
995 4869 1261 4938 sapientia
1297 4885 1402 4923 una
1447 4880 1568 4937 est,
1614 4887 1753 4927 unus
1801 4874 1897 4927 etia

2150 4871 2244 4925 >ῶν
2274 4874 2356 4935 είς
2377 4871 2504 4935 τοὺς
2547 4871 2919 4941 χωρητικοὺς,
2976 4863 3057 4932 εἷς
3101 4869 3166 4923 ἂν
3208 4868 3487 4939 τυγχάνοι.
3535 4869 3647 4923 Καὶ

399 4959 592 5014 Sermo
623 4961 695 5015 sit
717 4971 954 5030 Oportet,
982 4963 1308 5018 annuntians
1331 4964 1637 5030 veritatem,
1659 4974 1714 5023 et
1753 4969 1966 5035 sapien-

402 5055 532 5107 tiam
564 5069 745 5108 rerum
777 5069 966 5111 earum
997 5071 1118 5126 qua:
1167 5057 1446 5128 simplices
1475 5069 1604 5114 sunt
1639 5070 1693 5114 et
1741 5071 1964 5134 apertae,

399 5146 464 5199 ad
498 5145 603 5218 55
641 5162 736 5201 eos
775 5147 864 5217 qui
899 5157 1026 5203 sunt
1055 5163 1308 5216 capaces.
1340 5149 1450 5205 Nec
1478 5151 1580 5206 hoc
1604 5150 1834 5207 dicimus
1871 5169 1966 5206 ne-

400 5252 590 5310 gantes
615 5256 735 5297 esse
762 5241 1049 5296 veritatem
1081 5252 1136 5297 et
1163 5245 1515 5314 sapientiam,
1541 5254 1596 5301 et
1640 5245 1964 5301 Sermonem

398 5335 519 5398 Dei,
553 5335 648 5389 sed
678 5333 1026 5388 ostendentes
1072 5335 1361 5391 utilitatem
1401 5335 1472 5390 ob
1517 5349 1681 5402 quam
1724 5351 1961 5408 evange-

399 5425 524 5479 lista
561 5423 775 5479 reticuit
798 5422 894 5478 Dei
924 5424 1269 5491 vocabulum,
1304 5439 1408 5478 non
1435 5422 1711 5478 scribens:
1733 5424 1785 5476 In
1811 5426 1963 5492 prin-

399 5513 541 5582 cipio
582 5525 704 5568 erat
741 5512 935 5568 Sermo
970 5513 1083 5568 Dei.
1118 5513 1263 5568 Idem
1308 5523 1489 5567 autem
1528 5511 1764 5568 Joannes
1798 5516 1964 5570 etiam

394 5616 519 5657 cum
549 5606 819 5660 additione
854 5623 874 5656 ι
907 5605 997 5658 Dei
1028 5624 1047 5655 ι
1086 5604 1331 5659 nominat
1347 5619 1470 5660 eum
1508 5605 1560 5658 in
1595 5605 1948 5676 Apocalypsi,

465 5737 515 5770 ⁸⁸
542 5737 560 5791 l
590 5740 714 5796 Cor.
753 5757 811 5808 tt,
835 5740 890 5794 2.
967 5741 1007 5773 ⁸¹
1031 5740 1185 5797 Joan.
1214 5757 1253 5804 ι,
1297 5743 1348 5806 t,
1383 5739 1463 5795 2.·
1507 5742 1552 5772 ⁸⁸
1579 5739 1715 5797 Gen.
1740 5757 1777 5806 t,
1806 5745 1856 5798 l.

2068 4966 2189 5036 οὐχὶ
2215 4963 2389 5019 ταῦτά
2428 4978 2606 5034 φαμεν
2639 4960 2962 5033 ἀρνούμενοι
2999 4960 3095 5032 τὴν
3131 4961 3388 5032 ἀλήθειαν
3419 4961 3516 5014 καὶ
3544 4962 3648 5033 τὴν

2071 5057 2262 5126 σοφίαν
2287 5057 2382 5110 καὶ
2405 5055 2496 5109 τὸν
2517 5056 2691 5123 Λόγον
2722 5050 2860 5109 εἶναι
2880 5053 2972 5107 τοῦ
3001 5053 3157 5115 Θεοῦ,
3181 5052 3319 5106 άλλά
3339 5053 3649 5120 δεικνύντες

2066 5149 2127 5200 τὸ
2149 5149 2415 5219 χρήσιμον
2439 5147 2535 5200 τοῦ
2591 5145 2961 5216 σεσιωπῆσθαι
2996 5144 3090 5196 τοῦ
3113 5143 3270 5208 Θεοῦ,
3297 5146 3390 5198 κα)⁸
3417 5144 3492 5216 μὴ
3519 5148 3651 5201 ἀνα-

2078 5235 2414 5306 γεγράφθαι·
2451 5253 2469 5288 (
2516 5237 2604 5290 Ἐν
2633 5236 2778 5308 ἀρχῇ
2807 5232 2876 5308 ἦν
2907 5238 2936 5291 6
2978 5237 3150 5306 Λόγος
3187 5239 3281 5293 τοῦ
3321 5240 3480 5296 Θεοῦ.
3539 5243 3658 5300 ’,⁸0

2079 5325 2240 5386 αὐτὸς
2277 5325 2333 5378 δὲ
2369 5326 2622 5397 Ἰωάννης
2667 5328 2727 5380 ὲν
2769 5330 2834 5398 τῇ
2863 5327 3232 5400 Ἀποκαλύψει
3257 5332 3350 5385 καὶ
3387 5332 3526 5402 μετὰ
3557 5334 3658 5400 τῆς

2068 5422 2386 5496 προσθήκης
2401 5421 2560 5476 αὐτὸν
2591 5420 2845 5491 ὀνομάζει
2870 5420 2970 5491 τῆς
2999 5439 3018 5472 ι
3049 5420 3237 5486 Θεοῦ,›
3258 5421 3430 5489 λέγων
3448 5437 3462 5449 °
3491 5440 3510 5472 ι
3536 5423 3654 5476 Καὸ

2069 5513 2207 5568 εἶδον
2235 5512 2462 5585 οὐρανὸν
2494 5512 2834 5584 ἀνεῳγμένον
2853 5551 2870 5576 ,
2918 5511 3028 5566 ίδοὺ
3060 5511 3224 5576 ἵππος
3258 5511 3472 5575 λευκὸς,
3502 5511 3599 5563 καὶ
3615 5511 3646 5562 6

2070 5608 2374 5678 καθήμενος
2397 5606 2484 5659 ἐπ’
2512 5605 2675 5660 αὐτὸν
2703 5603 3037 5676 καλούμενος
3063 5603 3258 5667 Πιστὸς
3294 5605 3390 5657 καὶ
3427 5601 3645 5672 Ἀληθιτ

471 5851 585 5924 (88)
623 5855 732 5910 Καὶ
757 5853 826 5924 τῇ
858 5859 1041 5927 σοφίᾳ
1071 5857 1172 5913 καῖ
1189 5855 1261 5926 τῇ
1291 5857 1667 5927 δικαιοσύνῃ.
1705 5857 1862 5930 Lrge,
1901 5858 1996 5913 mi.
2023 5859 2140 5931 τῆς,
2175 5855 2336 5927 σοφία
2366 5854 2572 5928 (supple
2601 5851 3008 5928 προσηγορίας),
3037 5851 3136 5910 καὶ
3151 5851 3270 5925 τῆς,
3303 5853 3641 5925 δικαιοσύνη,
