3792 6146
242 256 327 310 Ill

1347 259 1702 317 COMMENT.
1740 258 1807 314 IN
1844 259 2036 316 JOAN.
2078 260 2320 316 TOMUS
2357 263 2423 317 ll.

3387 256 3505 328 ‘ns

231 375 351 437 νὸς,
385 368 475 423 καὶ
508 368 568 424 ὲν
617 371 958 448 δικαιοσύνῃ
1004 377 1180 450 κρίνει
1223 380 1320 433 καὶ
1357 382 1604 453 πολεμεῖ.
1663 383 1724 436 Οἱ
1774 385 1782 432 1'

1935 382 2119 437 dicens
2143 381 2190 414 ⁸³
2225 399 2239 437 :
2276 400 2303 432 ιο
2339 379 2546 435 Εινίιιὶ
2573 379 2770 436 coelum
2800 384 3065 452 apertum,
3098 393 3148 441 et
3172 399 3300 442 ecce
3333 402 3506 460 equus

229 463 493 536 ὀφθαλμοὶ
517 465 690 519 αὑτοῦ
711 466 796 533 ὡς
826 468 961 538 φλὸξ
991 472 1162 543 πυρός
1182 489 1196 503 '
1225 473 1319 527 καὶ
1349 475 1442 528 ἐπὶ
1469 476 1567 546 τὴν
1590 475 1831 547 κεφαλὴν

231 558 402 612 αὑτοῦ
438 560 755 632 διαδήματα
801 561 977 615 πολλὰ
997 601 1013 625 ,
1051 563 1190 634 ἔχων
1225 563 1396 636 ὄνομα
1422 567 1827 639 γεγραμμένον,

225 650 266 704 ὃ
295 653 468 716 οωεὶς
495 648 637 705 οἶδεν
674 653 724 705 εἰ
754 653 833 726 μὴ
863 654 1054 718 αὐτὸς,
1085 655 1182 709 καὶ
1209 657 1504 729 περιϐεϐλη
1513 659 1671 729 μένος
1706 661 1831 731 ἱμά-

222 759 348 798 τιον
381 747 810 820 ἐῤῥαντισμένον
845 749 1074 821 αἵματι,
1115 750 1210 803 καὶ
1260 749 1523 823 ἐκέκλητο
1567 752 1628 806 τὸ
1658 753 1830 825 ὅνομα

225 839 400 891 αὐτοῦ
431 840 606 908 Λόγος
655 840 752 894 τοῦ
793 840 950 896 Θεοῦ.
988 841 1100 895 Καὶ
1137 841 1206 896 τὰ
1235 843 1622 915 στρατεύματα
1663 844 1827 899 αὑτοῦ

224 932 292 983 ὲν
322 930 402 1000 τῷ
441 929 660 1003 ούρανῷ
710 932 996 1003 ἠκολούθει
1048 934 1199 1006 αὐτῷ
1244 936 1329 1006 ἐφ’
1364 937 1550 1001 ἵπποις
1594 937 1823 1004 λευκοῖς,

221 1024 612 1095 ὲνδεδυμένοις
642 1024 756 1096 (89)
784 1025 1035 1096 βύσσινον
1068 1027 1338 1100 καθαρὸν,
1368 1031 1461 1084 καὶ
1493 1031 1559 1084 ὲκ
1581 1031 1674 1084 τοῦ
1709 1031 1828 1086 στό-

223 1131 407 1186 ματος
427 1116 593 1169 αὑτοῦ
617 1118 977 1190 ἐκπορεύεται
1009 1120 1256 1190 ῥομφαία
1285 1121 1458 1188 ὀξεῖα,
1484 1123 1571 1176 ἴνα
1597 1125 1652 1177 ὲν
1685 1125 1822 1197 αὐτῇ

222 1208 454 1282 πατάξῃ
501 1209 572 1263 τὰ
633 1208 762 1282 ἔθνη
787 1250 803 1274 ,
859 1211 954 1264 καὶ
1007 1211 1174 1276 αὐτὸς
1225 1217 1486 1284 ποιμανεῖ
1526 1215 1723 1279 αὐτοὺς
1767 1218 1825 1270 ἐν

223 1300 417 1372 ῥάϐδῳ
444 1302 668 1375 σιδηρᾷ,
703 1304 797 1358 καὶ
827 1303 988 1368 αὐτὸς
1024 1308 1188 1360 πατεῖ
1218 1307 1319 1378 τὴν
1350 1307 1509 1379 ληνὸν
1535 1307 1629 1361 τοῦ
1678 1308 1822 1363 οἴνου

216 1391 332 1460 τῆς
357 1391 534 1464 ὀργῆς
566 1393 664 1447 τοῦ
703 1395 881 1466 θυμοῦ
915 1396 1024 1468 (90)
1057 1396 1152 1450 τοῦ
1205 1397 1344 1451 Θεοῦ
1372 1397 1468 1452 τοῦ
1514 1401 1822 1472 παντοκρά-

215 1499 424 1556 τορος,
478 1487 576 1538 καὶ
627 1485 740 1558 ἔχει
785 1489 878 1541 ἐπὶ
918 1489 978 1542 τὸ
1025 1490 1240 1560 ἱμάτιον
1263 1492 1357 1545 καὶ
1391 1493 1485 1546 ἐπὶ
1529 1494 1620 1547 τὸν
1649 1495 1823 1567 μηρὸν

211 1574 393 1628 αὐτοῦ
441 1577 618 1648 ὄνομα
668 1580 1096 1651 γεγραμμένον·
1141 1583 1198 1636 '0
1227 1583 1488 1649 Βασιλεὺς
1535 1584 1820 1653 βασιλέων,

213 1668 318 1720 καὶ
349 1667 564 1738 Κύριος
597 1669 823 1742 κυρίων.
867 1691 887 1722 ι
938 1672 1276 1742 Ἀναγκαεως
1308 1674 1367 1728 δὲ
1413 1677 1508 1730 ml.
1538 1677 1821 1743 ἀπολύτως

1933 472 2114 538 albus,
2143 481 2198 528 et
2224 471 2316 541 qui
2349 471 2572 526 sedebat
2597 486 2760 542 super
2794 488 2916 528 eum
2954 477 3250 531 vocabatur
3278 477 3504 548 Fidelis,

1902 573 1904 575 ’
1931 573 1988 619 et
2024 562 2221 630 Verax,
2251 573 2306 617 et
2337 562 2391 616 in
2411 562 2623 631 justitia
2651 562 2862 632 judicat
2890 574 2947 620 et
2975 577 3200 637 pugnat.
3230 567 3382 624 Oculi
3409 588 3506 628 au-

1930 666 2040 714 tem
2077 654 2217 725 ejus,
2240 656 2380 710 sicut
2407 653 2621 709 ﬂamma
2645 655 2786 726 ignis
2818 671 2832 708 :
2865 665 2921 712 et
2950 657 3004 712 in
3036 659 3212 728 capite
3237 659 3354 729 ejus
3381 665 3504 719 dia-

1931 750 2146 804 demata
2179 746 2367 812 multa,
2400 746 2608 802 habens
2635 762 2831 803 nomen
2857 749 3141 819 scriptum,
3170 753 3314 823 quod
3343 770 3504 812 nemo

1929 841 2080 898 novit
2101 839 2202 895 nisi
2231 839 2366 910 ipse,
2395 845 2452 895 et
2473 837 2692 894 indutus
2712 847 2830 894 erat
2857 850 3008 895 veste
3028 841 3195 897 tincta
3217 847 3502 914 sanguine.

1929 932 1995 987 Et
2019 942 2249 988 vocatur
2293 944 2492 986 nomen
2533 930 2670 1002 ejus,
2725 931 2918 987 Sermo
2949 931 3068 988 Dei.
3101 933 3168 988 Et
3206 937 3502 1005 exercitus,

1927 1025 2018 1094 qui
2051 1033 2178 1080 sunt
2205 1022 2260 1078 in
2305 1023 2465 1089 ctelo,
2505 1022 2876 1092 sequebantur
2902 1037 3026 1077 eum
3067 1024 3122 1079 in
3151 1026 3308 1094 equis
3338 1027 3502 1096 albis,

1927 1117 2110 1172 vestiti
2136 1117 2364 1190 byssino
2387 1119 2532 1184 albo,
2561 1127 2615 1172 et
2654 1132 2810 1188 puro,
2849 1125 2905 1172 et
2941 1134 3007 1174 ex
3037 1133 3133 1175 ore
3162 1116 3283 1192 ejus
3313 1136 3501 1190 proce-

1926 1211 2006 1266 dit
2034 1211 2242 1279 gladius
2284 1221 2498 1274 acutus,
2541 1218 2598 1264 ut
2637 1225 2702 1266 eo
2744 1211 3013 1278 percutiat
3053 1220 3263 1286 gentes,
3297 1223 3353 1267 et
3387 1214 3501 1284 ipse

1926 1310 2078 1372 reget
2105 1316 2201 1357 eos
2230 1303 2381 1373 virga
2427 1302 2629 1366 ferrea,
2668 1312 2725 1356 et
2758 1302 2873 1371 ipse
2901 1301 3075 1356 calcat
3109 1303 3352 1359 torcular
3383 1304 3500 1359 vini

1926 1391 2019 1447 ira:
2035 1393 2234 1449 furoris
2261 1394 2356 1449 Dei
2380 1391 2791 1463 omnipotentis,
2807 1401 2863 1446 et
2889 1391 3051 1447 habet
3075 1392 3126 1446 in
3149 1395 3500 1463 vestimento,

1924 1491 1980 1539 et
2041 1485 2096 1540 in
2137 1484 2350 1542 femore
2390 1500 2487 1542 suo
2523 1499 2718 1540 nomen
2768 1490 3033 1558 scriptum
3059 1503 3077 1540 :
3115 1486 3232 1544 Rex
3284 1503 3499 1558 regum,

1924 1587 1978 1633 et
2007 1579 2271 1633 Dominus
2306 1578 2727 1633 dominantium.
2761 1598 2780 1630 ι
2821 1579 2927 1634 Sed
2969 1580 3276 1636 necessario
3315 1591 3372 1636 et
3403 1583 3498 1637 ab-

1925 1669 2103 1725 solute
2151 1671 2332 1737 posuit
2377 1667 2616 1723 Joannes
2657 1669 2978 1724 vocabulum
3027 1669 3252 1737 Sermo,
3288 1681 3345 1728 et
3375 1688 3498 1728 cum

213 1759 443 1829 εἴρηται
486 1760 582 1814 καὶ
648 1739 860 1832 Λόγος,
904 1765 997 1816 καὶ
1046 1739 1185 1836 μετὰ
1252 1767 1571 1841 προσθήκης
1633 1771 1782 1840 Λόγο

1923 1762 2228 1830 adjectione
2240 1761 2427 1828 etiam,
2457 1759 2644 1815 Sermo
2671 1759 2788 1815 Dei.
2813 1759 2947 1815 Nam
2969 1761 3015 1817 si
3043 1762 3274 1819 alterum
3299 1767 3497 1822 tacuiso

209 1849 328 1904 τσῦ
361 1851 540 1907 Θεοῦ.
574 1846 675 1908 Ὧν
707 1857 756 1907 εἰ
794 1855 855 1909 τὸ
881 1855 1067 1928 ἕτερον
1095 1857 1434 1932 σεσιώπητο,
1477 1861 1732 1933 ἀφορμὰς
1757 1861 1823 1918 ἂν

211 1943 450 2015 εἰχομεν
481 1947 578 2001 τοῦ
620 1948 1025 2020 παραδέξασθαι
1062 1953 1172 2024 (91)
1194 1994 1209 2018 ,
1259 1955 1353 2008 καὶ
1387 1956 1683 2013 ἀποπεσεῖν
1723 1960 1823 2032 τῆς

211 2038 356 2109 περὶ
393 2040 497 2109 τῆς
529 2043 728 2111 Λάγου
760 2043 1038 2115 ἀληθείας.
1081 2045 1145 2099 Εἰ
1183 2047 1294 2120 γὰρ
1328 2049 1520 2119 Λόγος
1561 2051 1658 2122 μὲν
1695 2052 1823 2106 ἀνα-

217 2131 545 2202 τέγραπτο,
579 2135 774 2204 Λόγος
816 2137 874 2191 δὲ
936 2137 1087 2192 Θεοῦ
1140 2140 1216 2212 μὴ
1261 2141 1476 2214 εἴρητο,
1515 2144 1578 2197 ού
1634 2145 1822 2214 σαφῶς

207 2223 638 2294 ἑμανθὰνομεν,
696 2227 780 2280 ὅτι
815 2221 969 2293 οὗτος
1013 2231 1043 2283 ὁ
1092 2231 1300 2300 Λόγος,
1336 2233 1508 2302 Λόγος
1553 2233 1649 2288 τοῦ
1682 2236 1819 2290 Θεοῦ

211 2315 360 2368 ἐστι.
402 2316 578 2371 Πάλιν
611 2319 662 2371 τ’
699 2314 767 2374 αὖ
809 2322 860 2374 ει
883 2322 1072 2392 Λόγος
1109 2322 1209 2394 μὲν
1230 2322 1338 2378 τοῦ
1366 2326 1517 2380 Θεοῦ
1547 2345 1821 2401 προσηγο-

212 2405 434 2478 ρεύετο,
463 2411 731 2478 Λόγοςδὲ
753 2413 1037 2476 ἀπολύτως
1067 2415 1170 2470 ούκ
1208 2418 1414 2490 εἴρητο,
1455 2418 1561 2472 κᾶν
1591 2420 1819 2487 πολλοὺς

213 2497 429 2567 Λόγους
464 2500 904 2569 ἀναπλάσσοντες
937 2506 1078 2562 κατὰ
1110 2507 1210 2580 τὴν
1257 2509 1393 2580 πρὸς
1434 2511 1666 2567 ἕκαστον
1707 2513 1817 2566 τῶν

211 2591 459 2656 λογικῶν
489 2593 713 2663 σχέσιν,
750 2596 926 2669 μάτην
947 2598 1012 2652 ἂν
1043 2600 1276 2665 πολλοὺς
1307 2602 1516 2675 κυρίως
1556 2604 1818 2676 ὀνομαζο-

213 2681 422 2751 μένους
469 2685 903 2758 παρεδεξάμεθα.
953 2691 1149 2756 Καλῶς
1198 2693 1380 2763 μέντοι
1411 2711 1475 2762 γε
1500 2695 1816 2768 διαγράφων

208 2773 284 2826 τὰ
333 2776 469 2850 περὶ
506 2777 604 2830 τοῦ
638 2780 813 2846 Λόγου
854 2780 949 2834 τοῦ
990 2783 1126 2838 Θεοῦ
1176 2787 1234 2838 έν
1271 2788 1338 2856 τῇ
1372 2787 1736 2858 Ἀποκαλύψει
1786 2790 1816 2842 ὁ

222 2865 582 2934 Ἀπόστολος,
614 2870 708 2923 καὶ
735 2872 763 2923 ὁ
790 2872 1180 2947 εύαγγελιστὴς
1199 2917 1213 2941 ,
1243 2876 1344 2948 ἥδη
1387 2877 1444 2932 δὲ
1471 2879 1566 2932 καὶ
1600 2878 1688 2934 διὰ
1714 2881 1816 2953 τῆς

221 2959 664 3030 ’Λποκαλύψεως
720 2965 815 3017 καὶ
857 2968 1164 3039 προφήτης,
1223 2971 1357 3040 φησι
1405 2970 1498 3026 τὸν
1547 2971 1642 3026 τοῦ
1675 2972 1813 3028 Θεοῦ

1925 1863 2029 1919 set,
2054 1854 2397 1908 occasionem
2431 1852 2669 1907 habituri
2701 1866 2924 1908 eramus
2958 1863 3159 1922 praeter
3181 1870 3497 1926 germanam

1924 1945 2254 2001 sententiam
2318 1944 2678 2015 intelligendi,
2733 1952 2789 1999 et
2832 1945 3125 2002 aberrandi
3175 1962 3207 2002 a
3265 1949 3496 2004 veritate

1923 2037 2086 2106 hujus
2117 2037 2368 2094 vocabuli
2417 2035 2645 2092 Sermo:
2675 2052 2740 2092 ac
2787 2039 2833 2093 si
2879 2038 3127 2094 absolute
3183 2042 3494 2111 scripsisset

1921 2128 2176 2195 Joannes,
2222 2127 2550 2192 Sermonem,
2577 2143 2678 2184 nec
2707 2128 2937 2185 dixisset
2977 2133 3144 2186 etiam
3179 2145 3303 2187 cum
3348 2133 3495 2204 adje.

1923 2223 2121 2290 ctione,
2163 2219 2470 2275 Sermonem
2514 2219 2652 2287 Dei,
2711 2236 2818 2276 non
2879 2221 3262 2278 didicissemus
3313 2235 3496 2294 aperte

1921 2313 2067 2369 hunc
2119 2311 2438 2369 Sermonem
2486 2328 2608 2370 esse
2664 2312 2983 2369 Sermonem
3037 2313 3156 2370 Dei.
3210 2314 3420 2372 Rursus
3449 2319 3496 2372 si

1921 2402 2228 2458 Sermonem
2271 2401 2371 2457 Dei
2412 2402 2677 2470 dixisset,
2726 2418 2830 2458 nec
2869 2404 3117 2460 absolute
3153 2403 3491 2477 Sermonem,

1920 2495 2307 2564 etiam‘multos
2324 2495 2616 2552 Sermones
2631 2496 2895 2566 ﬁngentes
2908 2496 3064 2565 juxta
3086 2498 3403 2554 relationem
3427 2502 3494 2555 ad

1919 2603 2358 2659 unumquemque
2386 2604 2576 2644 eorum
2606 2589 2699 2660 qui
2727 2603 2979 2645 sermone
3004 2605 3070 2645 ac
3089 2593 3300 2648 ratione
3329 2600 3494 2647 utun-

1919 2690 2028 2748 tur,
2062 2682 2266 2736 frustra
2293 2680 2492 2737 multos
2518 2681 2737 2750 proprie
2775 2681 2856 2736 sic
2883 2682 3195 2737 nominatos
3230 2683 3493 2739 admisis-

1915 2786 2121 2829 scmus.
2154 2771 2343 2842 Itaque
2388 2781 2538 2828 recte
2571 2771 2851 2843 apostolus
2888 2782 2945 2827 et
2980 2771 3355 2842 evangelista,
3377 2772 3492 2842 jam

1916 2879 2047 2920 vero
2071 2863 2236 2920 etiam
2277 2873 2502 2934 propter
2543 2864 2907 2936 Apocalypsin
2936 2868 3226 2935 propheta,
3283 2865 3492 2920 descri-

1916 2957 2052 3013 bens
2093 2957 2146 3012 in
2177 2955 2505 3028 Apocalypsi
2550 2955 2870 3012 Sermonem
2905 2957 3025 3022 Dei,
3055 2971 3117 3012 se
3145 2956 3238 3012 Dei
3271 2955 3492 3012 Sermo-

209 3051 395 3119 Λόγον
429 3053 739 3124 ἑωρακέναι
771 3056 829 3110 ὲν
862 3058 1126 3127 ἁνεῳγότι
1155 3059 1234 3130 τῷ
1269 3060 1506 3132 οὐρανῷ,
1541 3063 1627 3131 ἐφ’
1661 3063 1782 3118 ἵππι

1917 3066 2038 3106 nem
2071 3049 2273 3105 vidisse
2297 3049 2492 3119 inquit,
2521 3057 2715 3118 aperto
2741 3049 2903 3114 caelo,
2931 3064 3074 3118 equo
3102 3048 3225 3105 albo
3251 3059 3490 3108 vectum.

207 3141 397 3214 λευκῷ
439 3145 758 3216 ὀχούμενον.
804 3148 869 3201 Τί
895 3149 952 3202 δὲ
998 3150 1387 3206 αἰνίττεταιτὸ
1415 3153 1690 3225 ἀνεῷχθαι
1721 3156 1811 3212 τὸν

207 3238 448 3309 οὐρανὸν
465 3277 480 3301 ,
513 3240 610 3293 καὶ
637 3241 666 3293 ό
700 3240 891 3306 λευκὸς
921 3244 1121 3309 ἵππος,
1149 3246 1244 3299 καὶ
1280 3244 1340 3299 τὸ
1366 3246 1453 3301 ἐπ’
1481 3247 1646 3302 αύτοῦ
1679 3250 1813 3303 καθ-

210 3327 442 3392 έζεσθαι
491 3330 587 3383 τὸν
633 3332 970 3404 καλούμενον
1011 3335 1108 3389 τοῦ
1150 3337 1290 3391 Θεοῦ
1328 3338 1535 3408 Λόγον,
1576 3341 1714 3412 πρὸς
1747 3342 1812 3395 τὸ

211 3415 360 3474 εἶναι
395 3421 533 3475 Θεοῦ
569 3423 742 3492 Λόγον
786 3427 882 3481 καὶ
935 3429 1124 3483 πιστὸν
1168 3430 1262 3484 καὶ
1296 3431 1552 3504 ἀληθινὸν
1570 3472 1586 3498 ,
1627 3434 1722 3488 καὶ
1751 3435 1810 3490 ὲν

209 3511 535 3587 δικαιοσύνῃ
565 3518 854 3588 κρινοῦντα
869 3520 1002 3592 (91')
1021 3524 1112 3576 καὶ
1139 3524 1476 3597 πολεμοῦντα
1496 3526 1806 3598 λεγόμενον,

211 3609 610 3677 κατανοητέον,
640 3611 727 3664 ἵνα
756 3611 835 3665 ἔτι
859 3613 1057 3682 μᾶλλον
1083 3615 1538 3689 προϐιϐασθῶμεν
1554 3617 1631 3689 τῷ
1646 3618 1810 3673 ἐκλα-

209 3696 335 3752 ϐεῖν
397 3699 469 3753 τὰ
505 3703 636 3772 περὶ
682 3701 777 3756 τοῦ
831 3705 1003 3774 Λόγου
1033 3706 1127 3760 τοῦ
1171 3708 1330 3762 Θεοῦ.
1384 3709 1710 3765 Κεκλείσθαι
1747 3711 1806 3765 δὲ

209 3790 462 3862 ἡγοῦμαι
512 3793 606 3846 τὸν
626 3794 858 3865 οὐρανὸν
897 3799 1010 3861 τοῖς
1045 3799 1301 3863 ἀσεϐέσι,
1351 3802 1443 3854 καὶ
1479 3801 1579 3874 τὴν
1621 3803 1807 3857 εἰκόνα

208 3881 308 3934 τοῦ
344 3883 536 3954 χοϊκοῦ
577 3885 833 3958 φέρουσιν
856 3928 871 3952 ,
903 3889 1174 3961 ἀνεῷχθαι
1205 3891 1264 3944 δὲ
1296 3895 1409 3956 τοῖς
1449 3893 1678 3959 δικαίοις
1710 3897 1804 3951 καὶ

209 3976 662 4047 κεκοσμημένοις
706 3980 774 4049 τῇ
808 3977 904 4031 τοῦ
955 3981 1282 4053 ἐπουρανίου
1321 3984 1434 4057 (92)
1459 3985 1626 4038 εἰκόνι
1649 4000 1662 4014 ⁸
1694 3991 1806 4051 τοῖς

213 4068 318 4138 μὲν
347 4069 495 4141 γὰρ,
550 4071 647 4125 ἅτε
697 4074 848 4128 κάτω
878 4077 1245 4146 τυγχάνουσι,
1296 4081 1394 4133 καὶ
1435 4082 1494 4133 ὲν
1523 4082 1689 4153 σαρκὶ
1720 4080 1802 4136 ἔτι

209 4161 562 4233 ὑπάρχουσιν
594 4165 1016 4221 ἀποκέκλεισται
1051 4167 1122 4222 τὰ
1149 4171 1436 4242 κρείττονα
1456 4212 1471 4234 ,
1517 4173 1577 4224 οὐ
1609 4173 1804 4225 συνιεῖ-

213 4270 302 4307 σιν
328 4254 472 4308 αὐτὰ
491 4296 508 4319 ,
539 4255 661 4309 οὐδὲ
682 4257 745 4310 τὸ
775 4257 969 4322 κάλλος
992 4258 1172 4312 αὐτῶν
1195 4259 1513 4331 δυναμένοις
1530 4301 1545 4326 ,
1577 4261 1701 4315 ἐπεὶ
1726 4261 1801 4334 μὴ

1917 3143 2056 3209 Quid
2099 3157 2232 3198 vero
2277 3141 2467 3196 innuat
2508 3141 2631 3196 creli
2674 3141 2906 3210 apertio,
2940 3152 2996 3197 et
3020 3156 3195 3212 equus
3219 3142 3402 3208 albus,
3435 3153 3490 3198 et

1916 3251 2079 3306 super
2108 3235 2284 3306 ipsum
2321 3233 2495 3290 sessio
2530 3233 2674 3289 illius
2705 3235 2798 3304 qui
2839 3233 3034 3289 Sermo
3079 3234 3173 3289 Dei
3218 3245 3447 3291 vocatur
3469 3275 3490 3301 ,

1913 3327 2005 3397 qui
2037 3327 2224 3395 etiam,
2249 3334 2613 3396 praeterquam
2641 3337 2725 3383 est
2757 3325 2952 3381 Sermo
2998 3326 3117 3392 Dei,
3146 3327 3320 3382 lidelis
3352 3327 3488 3382 dici-

1917 3432 2024 3484 tur.
2062 3428 2119 3477 et
2155 3435 2342 3488 verax,
2382 3430 2438 3476 et
2503 3421 2556 3476 in
2599 3420 2816 3489 justitia
2858 3420 3114 3492 judicans
3160 3428 3216 3474 et
3256 3420 3484 3487 bellans,

1911 3513 2372 3570 considerandum
2398 3520 2517 3578 est,
2549 3523 2610 3567 ut
2641 3527 2709 3568 eo
2739 3514 2913 3582 magis
2942 3511 3316 3582 proﬁciamus,
3360 3525 3489 3567 cum

1911 3602 2344 3658 intellexerimus
2391 3616 2512 3672 quae
2553 3603 2620 3656 ad
2668 3601 2761 3657 Dei
2817 3601 3135 3657 Sermonem
3188 3602 3485 3671 pertinent.

1909 3693 2144 3750 Proinde
2166 3695 2402 3750 arbitror
2423 3709 2525 3766 ego
2559 3694 2742 3765 impiis
2768 3703 2824 3750 et
2851 3702 3166 3751 terrestrem
3193 3694 3484 3766 imaginem

1908 3785 2245 3857 gerentibus,
2273 3787 2471 3843 omium
2493 3799 2616 3842 esse
2652 3785 2923 3851 clausum,
2965 3794 3213 3858 apertum
3236 3800 3368 3842 vero
3391 3787 3484 3857 ju-

1907 3877 2030 3944 stis,
2057 3875 2169 3950 5'6
2216 3887 2273 3933 et
2306 3879 2392 3934 his
2431 3880 2525 3949 qui
2563 3880 2809 3950 insigniti
2840 3879 3043 3935 fuerint
3071 3881 3480 3950 supercmlestis

1907 3972 2166 4043 imagine.
2196 3970 2466 4026 Nimirum
2503 3973 2686 4043 impiis
2717 3974 2934 4044 quidem
2978 3974 3128 4028 humi
3174 3975 3482 4030 etiamnum

1907 4066 2238 4135 repentibus,
2276 4075 2332 4120 et
2382 4066 2436 4120 in
2463 4081 2628 4122 carne
2653 4067 3065 4130 exsistentibus,
3093 4069 3482 4138 praestantiora.

1905 4167 2034 4212 sunt
2059 4157 2268 4223 clausa,
2299 4159 2425 4228 quia
2473 4174 2584 4214 non
2639 4159 2946 4231 intelligant
2989 4174 3092 4226 ea,
3127 4173 3230 4216 nec
3266 4167 3482 4231 possint

1902 4265 2089 4306 eorum
2114 4250 2572 4320 pulchritudinem
2596 4253 2745 4323 (quia
2768 4252 2980 4324 nolunt)
3000 4253 3290 4323 dispicere,
3319 4253 3479 4321 proni

213 4346 535 4417 βούλονται,
588 4352 886 4426 κατανοεῖν,
935 4352 1338 4420 συγκύπτοντες
1385 4353 1496 4424 (95)
1518 4393 1533 4419 ,
1583 4353 1680 4408 καὶ
1725 4355 1782 4425 μιι

1915 4359 2004 4399 nec
2041 4345 2257 4414 erigere
2289 4360 2347 4401 se
2377 4357 2659 4411 conantes.
2692 4363 2814 4402 cum
2844 4347 2978 4418 justi
3019 4357 3074 4402 et
3116 4347 3474 4413 excellentes,

210 4439 548 4504 ἐπιδιδόντες
573 4425 767 4505 αὐτοὺς
799 4444 880 4505 εἰς
907 4442 967 4496 τὸ
994 4443 1327 4498 ἀνακύπτειν
1347 4463 1359 4474 ·
1390 4423 1503 4509 τοῖς
1534 4445 1591 4499 δὲ
1613 4423 1782 4516 διαιρέ-

1915 4436 2032 4505 juia
2057 4436 2148 4505 jus
2174 4437 2408 4492 civitatis
2448 4437 2500 4490 in
2529 4439 2685 4494 ere-lis
2714 4438 2950 4493 habeant
2971 4437 3041 4505 ⁸⁸,
3071 4438 3316 4494 caelestia
3347 4454 3480 4494 con-

214 4545 439 4599 ρουσιν,
489 4530 588 4585 ἅτε
631 4532 694 4585 τὸ
718 4532 1018 4604 πολίτευμα
1067 4532 1280 4604 ἔχουσιν
1321 4538 1381 4589 ὲν
1409 4536 1693 4608 οὐρανοῖς,
1728 4536 1798 4590 τὰ

211 4622 448 4693 οὐράνια
479 4625 547 4694 τῇ
571 4624 741 4678 κλειδὶ
763 4626 856 4680 τοῦ
881 4627 1044 4682 Δαυῒδ
1067 4627 1277 4698 ἀνέῳγε
1297 4627 1668 4699 θεωρούμενα,
1700 4628 1796 4682 τοῦ

211 4710 363 4764 θείου
391 4714 568 4782 Λόγου
603 4715 908 4785 ἀνοίγοντος
938 4716 1099 4782 αὐτὰ,
1131 4718 1226 4771 καὶ
1263 4717 1650 4788 σαφηνίζοντος
1669 4758 1684 4783 ,
1710 4717 1799 4773 διὰ

209 4803 312 4856 τοῦ
337 4805 582 4874 ὀχεῖσθαι
605 4808 776 4880 ἵππῳ,
800 4811 1003 4878 φωναῖς
1032 4809 1101 4863 τὰ
1123 4809 1495 4882 σημαινόμενα
1521 4811 1797 4880 ἀπαγγελ-

212 4896 472 4962 λούσαιςο
498 4899 706 4970 λευκῷ,
757 4900 844 4956 διὰ
866 4902 928 4955 τὸ
955 4902 1186 4972 φανερὸν
1218 4902 1312 4955 καὶ
1357 4901 1420 4955 τὸ
1448 4901 1668 4967 λευκὸν,
1700 4904 1796 4956 καὶ

214 4992 482 5059 φωτεινὸν
508 4993 608 5064 τῆς
636 4990 908 5063 γνώσεως.
939 4995 1240 5060 Καθέζεται
1268 4995 1327 5048 δὲ
1353 4997 1446 5050 ἐπὶ
1481 4996 1574 5049 τὸν
1601 4996 1793 5050 λευκὸν

216 5081 388 5138 ἵππον
427 5085 460 5137 ό
499 5083 832 5156 καλούμενος
856 5087 1086 5156 Πιστὸς,
1133 5087 1417 5159 ἱδρυμένος
1448 5086 1790 5161 βεϐαιότερον

287 5201 334 5232 ⁸³
362 5199 535 5270 Apoc.
573 5215 694 5266 nx,
735 5200 795 5254 il
833 5209 887 5256 et
911 5215 1026 5272 seq.
1103 5202 1152 5235 ἰ
1177 5201 1411 5274 Philipp.
1445 5218 1533 5268 tu,
1567 5202 1660 5259 20.

287 5314 404 5392 (ἓὲ)
454 5314 926 5392 Ἐιεδεδυμένοές-
946 5317 1098 5392 Lege
1123 5317 1478 5392 ἐνδεδυμένφι·

293 5385 407 5454 (90)
450 5386 565 5441 Τοῦ
595 5385 809 5456 θυμοῦ.
841 5385 1183 5444 Desideratnr
1216 5389 1267 5442 in
1310 5385 1546 5444 editione
1583 5388 1780 5454 Huetii,

221 5456 316 5512 sed
341 5457 622 5526 suppletur
641 5475 673 5510 e
707 5458 864 5510 codd.
896 5458 1186 5514 Bodleiano
1211 5468 1265 5512 et
1291 5460 1608 5516 Barberino.

314 5527 404 5593 9i)
441 5527 920 5596 Πῳαδέξάσθαι,
957 5538 1065 5584 etc.
1107 5528 1262 5584 Nullo
1297 5545 1461 5585 sensu
1505 5531 1623 5585 haec
1663 5531 1788 5584 red-

226 5597 474 5672 diderunt
515 5597 806 5672 Ferrarius
841 5609 899 5672 et
937 5597 1242 5672 Perionius.
1284 5599 1480 5672 Leges1
1515 5599 1783 5672 παρεκδέ-

231 5666 452 5742 ξασθαι,
504 5667 768 5737 proclivis
825 5669 929 5723 erit
981 5666 1388 5737 interpretatio:
1433 5666 1780 5742 Παρεκδέξα-

233 5735 349 5793 σθαι
379 5735 556 5797 autem
585 5748 669 5796 cst
697 5747 886 5807 prater
913 5735 1217 5812 germanam
1241 5735 1549 5799 sententiam
1581 5741 1782 5798 intelli-

1908 4527 2256 4598 templentur,
2283 4529 2500 4586 Davidis
2520 4531 2659 4586 clavi
2679 4541 2895 4599 aperta,
2921 4546 3112 4601 nempe
3143 4532 3326 4588 divino
3348 4531 3478 4587 Ser-

1905 4636 2066 4677 mone
2091 4623 2370 4693 aperiente
2396 4640 2460 4680 ea
2498 4635 2554 4679 et
2593 4625 2999 4692 maniiestante,
3031 4640 3098 4679 eo
3127 4625 3270 4694 quod
3312 4625 3476 4679 veha-

1908 4728 1997 4774 tur
2027 4733 2190 4790 equo,
2225 4719 2328 4775 hoc
2369 4730 2453 4775 est
2484 4720 2711 4776 vocibus
2758 4719 3064 4790 significata
3110 4717 3475 4771 renuntianti-

1903 4811 2040 4875 bus;
2066 4811 2210 4878 albo,
2241 4823 2466 4882 propter
2490 4813 2928 4883 perspicuam,et
2957 4811 3264 4877 candidam,
3304 4819 3360 4864 et
3388 4810 3473 4864 lu.

1902 4905 2079 4960 cidam
2099 4905 2481 4975 cognitionem.
2501 4904 2859 4960 Sedetautem
2878 4918 3040 4975 super
3056 4918 3257 4974 equum
3285 4901 3472 4957 album

1901 4996 1989 5051 ille
2019 4997 2112 5066 qui
2157 5007 2382 5052 vocatur
2408 4996 2604 5062 ﬁdelis,
2629 4996 2840 5052 ﬁrmius
2867 5007 2942 5063 et,
2974 5005 3029 5050 ut
3057 4998 3131 5052 ita
3153 4997 3350 5062 dicam,
3385 5008 3469 5049 re-

1899 5089 2072 5160 galius
2111 5088 2354 5145 insidens
2392 5091 2446 5144 in
2487 5091 2734 5158 vocibus,
2777 5107 2898 5162 quae
2935 5092 3314 5149 subvertinon
3339 5105 3466 5161 pos-

1895 5333 2013 5383 qere
2035 5327 2083 5372 et
2117 5317 2398 5382 explicare.
2432 5317 2694 5374 Hunnus.

1909 5458 1911 5460 η
1960 5387 2093 5459 (91⁸)
2134 5387 2482 5461 Κρινοῦντα.
2509 5391 2668 5448 Forte
2705 5389 3044 5461 κρίνοντα.,ιιι
3075 5398 3343 5461 congruat
3368 5406 3462 5445 su-

1893 5461 2114 5534 periori
2128 5468 2194 5534 et
2216 5459 2584 5534 inferioribus
2606 5459 2800 5534 κρίνει,
2817 5462 3108 5534 κρίνοντα,
3130 5472 3243 5534 οιῇ
3294 5460 3457 5534 Eutr.

1963 5528 2076 5599 (92)
2102 5530 2514 5597 Ἐπουρανίου.
2531 5529 2621 5599 Sic
2633 5528 2767 5584 codd
2778 5570 2790 5583 .
2815 5528 3131 5585 Bodleianns
3143 5528 3429 5586 etTBarberi
3441 5561 3459 5573 -

1892 5598 2195 5675 nnSA;__ma_le
2215 5614 2338 5675 vero
2361 5599 2527 5653 editio
2556 5598 2733 5675 liuetii
2761 5600 2977 5675 intextu
3001 5600 3455 5675 liabetémpviou.

1960 5668 2074 5738 (93)
2115 5670 2588 5744 Συγνῴπτοντες.
2625 5670 2698 5744 l_ta
2729 5672 2896 5744 codex
2935 5668 3299 5744 Bodleianus;
3347 5672 3458 5730 Re-

1884 5741 2007 5812 gius
2032 5754 2159 5797 vero
2184 5751 2236 5797 et
2263 5739 2610 5808 Barberinus,
2639 5740 3021 5810 ὲγκύπτοντες.
