  <div class='ocr_page' id='page_1' title='image "/cluster/home/n/w/nwhite01/storage/ocr_20150623/14/mdp.39015052831362/068.png"; bbox 0 0 3792 6146; ppageno 0'>
   <div class='ocr_carea' id='block_1_1' title="bbox 159 333 1711 392">
    <p class='ocr_par' dir='ltr' id='par_1_1' title="bbox 159 334 1711 392">
     <span class='ocr_line' id='line_1_1' title="bbox 159 334 1711 392; baseline -0.001 0"><span class='ocrx_word' id='word_1_1' title='bbox 159 335 228 392; x_wconf 68' lang='grc'>121</span> <span class='ocrx_word' id='word_1_2' title='bbox 1255 334 1612 391; x_wconf 72' lang='grc' dir='ltr'><strong>(ΣΟΜΜΕΝΤ.</strong></span> <span class='ocrx_word' id='word_1_3' title='bbox 1658 335 1711 390; x_wconf 66' lang='lat' dir='ltr'><strong>Ih</strong></span> 
     </span>
    </p>
   </div>
   <div class='ocr_carea' id='block_1_2' title="bbox 1881 333 2332 392">
    <p class='ocr_par' dir='ltr' id='par_1_2' title="bbox 1881 333 2332 391">
     <span class='ocr_line' id='line_1_2' title="bbox 1881 333 2332 391; baseline -0.009 0"><span class='ocrx_word' id='word_1_4' title='bbox 1881 335 1954 391; x_wconf 72' lang='grc' dir='ltr'>Ν.</span> <span class='ocrx_word' id='word_1_5' title='bbox 1996 333 2230 390; x_wconf 80' lang='lat' dir='ltr'><strong>TOMUS</strong></span> <span class='ocrx_word' id='word_1_6' title='bbox 2268 334 2332 388; x_wconf 87' lang='lat' dir='ltr'><strong>ll.</strong></span> 
     </span>
    </p>
   </div>
   <div class='ocr_carea' id='block_1_3' title="bbox 3309 337 3414 393">
    <p class='ocr_par' dir='ltr' id='par_1_3' title="bbox 3309 337 3414 393">
     <span class='ocr_line' id='line_1_3' title="bbox 3309 337 3414 393; baseline -0.01 0"><span class='ocrx_word' id='word_1_7' title='bbox 3309 337 3414 393; x_wconf 70' lang='lat'><strong>129.</strong></span> 
     </span>
    </p>
   </div>
   <div class='ocr_carea' id='block_1_4' title="bbox 163 447 1711 526">
    <p class='ocr_par' dir='ltr' id='par_1_4' title="bbox 163 447 1711 522">
     <span class='ocr_line' id='line_1_4' title="bbox 163 447 1711 522; baseline -0.005 -12"><span class='ocrx_word' id='word_1_8' title='bbox 163 453 481 522; x_wconf 75' lang='grc' dir='ltr'>οπλισάμενος</span> <span class='ocrx_word' id='word_1_9' title='bbox 507 449 538 504; x_wconf 92' lang='lat'><strong>6</strong></span> <span class='ocrx_word' id='word_1_10' title='bbox 575 450 769 521; x_wconf 89' lang='grc' dir='ltr'>Λόγος</span> <span class='ocrx_word' id='word_1_11' title='bbox 827 450 971 505; x_wconf 72' lang='grc' dir='ltr'>κατὰ</span> <span class='ocrx_word' id='word_1_12' title='bbox 1005 447 1098 504; x_wconf 88' lang='grc' dir='ltr'><strong>τοῦ</strong></span> <span class='ocrx_word' id='word_1_13' title='bbox 1125 448 1353 520; x_wconf 77' lang='grc' dir='ltr'>ψεύδους</span> <span class='ocrx_word' id='word_1_14' title='bbox 1386 451 1574 505; x_wconf 80' lang='grc' dir='ltr'><strong>ἀναλοῖ</strong></span> <span class='ocrx_word' id='word_1_15' title='bbox 1600 453 1711 506; x_wconf 70' lang='grc' dir='ltr'>αὐτὶ</span> 
     </span>
    </p>
   </div>
   <div class='ocr_carea' id='block_1_5' title="bbox 1881 447 3416 526">
    <p class='ocr_par' dir='ltr' id='par_1_5' title="bbox 1881 448 3416 526">
     <span class='ocr_line' id='line_1_5' title="bbox 1881 448 3416 526; baseline 0.001 -21"><span class='ocrx_word' id='word_1_16' title='bbox 1881 454 2002 518; x_wconf 77' lang='lat' dir='ltr'><strong>inm,</strong></span> <span class='ocrx_word' id='word_1_17' title='bbox 2029 451 2158 505; x_wconf 91' lang='lat' dir='ltr'><strong>illud</strong></span> <span class='ocrx_word' id='word_1_18' title='bbox 2185 448 2447 504; x_wconf 84' lang='lat' dir='ltr'><strong>interficit</strong></span> <span class='ocrx_word' id='word_1_19' title='bbox 2475 449 2671 519; x_wconf 92' lang='lat' dir='ltr'><strong>spiritu</strong></span> <span class='ocrx_word' id='word_1_20' title='bbox 2707 452 2821 504; x_wconf 89' lang='lat' dir='ltr'><strong>oris</strong></span> <span class='ocrx_word' id='word_1_21' title='bbox 2852 450 2956 516; x_wconf 90' lang='lat' dir='ltr'><strong>sui,</strong></span> <span class='ocrx_word' id='word_1_22' title='bbox 2981 458 3034 506; x_wconf 84' lang='lat' dir='ltr'><strong>et</strong></span> <span class='ocrx_word' id='word_1_23' title='bbox 3057 451 3286 508; x_wconf 85' lang='lat' dir='ltr'><strong>destruit</strong></span> <span class='ocrx_word' id='word_1_24' title='bbox 3319 471 3416 526; x_wconf 87' lang='lat' dir='ltr'><strong>ap-</strong></span> 
     </span>
    </p>
   </div>
   <div class='ocr_carea' id='block_1_6' title="bbox 162 541 1730 619">
    <p class='ocr_par' dir='ltr' id='par_1_6' title="bbox 162 541 1730 619">
     <span class='ocr_line' id='line_1_6' title="bbox 162 541 1730 619; baseline -0.002 -18"><span class='ocrx_word' id='word_1_25' title='bbox 162 550 218 619; x_wconf 80' lang='grc' dir='ltr'>τῷ</span> <span class='ocrx_word' id='word_1_26' title='bbox 259 545 522 615; x_wconf 79' lang='grc' dir='ltr'>πνεύματι</span> <span class='ocrx_word' id='word_1_27' title='bbox 553 542 654 598; x_wconf 83' lang='grc' dir='ltr'><strong>τοῦ</strong></span> <span class='ocrx_word' id='word_1_28' title='bbox 687 543 972 615; x_wconf 85' lang='grc' dir='ltr'>στόματος</span> <span class='ocrx_word' id='word_1_29' title='bbox 1022 541 1209 604; x_wconf 85' lang='grc' dir='ltr'>αὑτοῦ,</span> <span class='ocrx_word' id='word_1_30' title='bbox 1240 544 1333 596; x_wconf 78' lang='grc' dir='ltr'>καὶ</span> <span class='ocrx_word' id='word_1_31' title='bbox 1367 548 1634 617; x_wconf 84' lang='grc' dir='ltr'>καταργεί</span> <span class='ocrx_word' id='word_1_32' title='bbox 1663 548 1730 618; x_wconf 81' lang='grc' dir='ltr'><strong>τῇ</strong></span> 
     </span>
    </p>
   </div>
   <div class='ocr_carea' id='block_1_7' title="bbox 161 637 1734 712">
    <p class='ocr_par' dir='ltr' id='par_1_7' title="bbox 161 637 1734 712">
     <span class='ocr_line' id='line_1_7' title="bbox 161 637 1734 712; baseline -0.002 -15"><span class='ocrx_word' id='word_1_33' title='bbox 161 640 418 712; x_wconf 59' lang='grc' dir='ltr'><strong>ἐπιφανείς-ξ¹</strong></span> <span class='ocrx_word' id='word_1_34' title='bbox 451 639 554 709; x_wconf 74' lang='grc' dir='ltr'>τῆς</span> <span class='ocrx_word' id='word_1_35' title='bbox 587 639 906 710; x_wconf 74' lang='grc' dir='ltr'><strong>παρουσίας</strong></span> <span class='ocrx_word' id='word_1_36' title='bbox 938 638 1127 693; x_wconf 81' lang='grc' dir='ltr'>αὐτοῦ.</span> <span class='ocrx_word' id='word_1_37' title='bbox 1160 637 1267 692; x_wconf 75' lang='grc' dir='ltr'><strong>Καὶ</strong></span> <span class='ocrx_word' id='word_1_38' title='bbox 1293 639 1396 708; x_wconf 85' lang='grc' dir='ltr'><strong>δρα</strong></span> <span class='ocrx_word' id='word_1_39' title='bbox 1425 641 1474 692; x_wconf 83' lang='grc' dir='ltr'><strong>εί</strong></span> <span class='ocrx_word' id='word_1_40' title='bbox 1512 639 1734 695; x_wconf 77' lang='grc' dir='ltr'>δύναται</span> 
     </span>
    </p>
   </div>
   <div class='ocr_carea' id='block_1_8' title="bbox 159 731 1731 804">
    <p class='ocr_par' dir='ltr' id='par_1_8' title="bbox 159 731 1731 804">
     <span class='ocr_line' id='line_1_8' title="bbox 159 731 1731 804; baseline 0 -17"><span class='ocrx_word' id='word_1_41' title='bbox 159 736 280 792; x_wconf 73' lang='grc' dir='ltr'>κατὰ</span> <span class='ocrx_word' id='word_1_42' title='bbox 327 734 384 788; x_wconf 75' lang='grc' dir='ltr'>τὸ</span> <span class='ocrx_word' id='word_1_43' title='bbox 423 731 621 804; x_wconf 82' lang='grc' dir='ltr'>νοητὸν</span> <span class='ocrx_word' id='word_1_44' title='bbox 662 731 846 785; x_wconf 85' lang='grc' dir='ltr'>ταῦτα</span> <span class='ocrx_word' id='word_1_45' title='bbox 894 731 1002 785; x_wconf 78' lang='grc' dir='ltr'>ὑπὸ</span> <span class='ocrx_word' id='word_1_46' title='bbox 1048 731 1144 784; x_wconf 91' lang='grc' dir='ltr'><strong>τοῦ</strong></span> <span class='ocrx_word' id='word_1_47' title='bbox 1196 731 1520 784; x_wconf 81' lang='grc' dir='ltr'>’Λποστόλου</span> <span class='ocrx_word' id='word_1_48' title='bbox 1569 732 1626 786; x_wconf 78' lang='grc' dir='ltr'>ἐν</span> <span class='ocrx_word' id='word_1_49' title='bbox 1664 736 1731 804; x_wconf 81' lang='grc' dir='ltr'>τῇ</span> 
     </span>
    </p>
   </div>
   <div class='ocr_carea' id='block_1_9' title="bbox 158 821 1732 900">
    <p class='ocr_par' dir='ltr' id='par_1_9' title="bbox 158 821 1732 900">
     <span class='ocr_line' id='line_1_9' title="bbox 158 821 1732 900; baseline -0.001 -18"><span class='ocrx_word' id='word_1_50' title='bbox 158 829 278 900; x_wconf 77' lang='grc' dir='ltr'>πρὸς</span> <span class='ocrx_word' id='word_1_51' title='bbox 301 821 720 891; x_wconf 55' lang='grc' dir='ltr'>Θεσσώονικεῖς</span> <span class='ocrx_word' id='word_1_52' title='bbox 775 824 1145 896; x_wconf 82' lang='grc' dir='ltr'><strong>παρίστασθαι</strong></span> <span class='ocrx_word' id='word_1_53' title='bbox 1185 824 1495 895; x_wconf 80' lang='grc' dir='ltr'>Ἐπιστολῇ.</span> <span class='ocrx_word' id='word_1_54' title='bbox 1531 823 1598 878; x_wconf 90' lang='grc' dir='ltr'>Τί</span> <span class='ocrx_word' id='word_1_55' title='bbox 1624 827 1732 897; x_wconf 90' lang='grc' dir='ltr'><strong>γάρ</strong></span> 
     </span>
    </p>
   </div>
   <div class='ocr_carea' id='block_1_10' title="bbox 156 902 1731 988">
    <p class='ocr_par' dir='ltr' id='par_1_10' title="bbox 156 902 1731 988">
     <span class='ocr_line' id='line_1_10' title="bbox 156 902 1731 988; baseline -0.004 -14"><span class='ocrx_word' id='word_1_56' title='bbox 156 923 257 975; x_wconf 77' lang='grc' dir='ltr'>ἐστι</span> <span class='ocrx_word' id='word_1_57' title='bbox 288 919 345 973; x_wconf 84' lang='grc' dir='ltr'>τὸ</span> <span class='ocrx_word' id='word_1_58' title='bbox 376 917 756 988; x_wconf 80' lang='grc' dir='ltr'><strong>ἀναλούμενον</strong></span> <span class='ocrx_word' id='word_1_59' title='bbox 777 916 854 987; x_wconf 84' lang='grc' dir='ltr'>τῷ</span> <span class='ocrx_word' id='word_1_60' title='bbox 884 902 1155 986; x_wconf 84' lang='grc' dir='ltr'>πνεύματι</span> <span class='ocrx_word' id='word_1_61' title='bbox 1178 915 1272 968; x_wconf 85' lang='grc' dir='ltr'><strong>τοῦ</strong></span> <span class='ocrx_word' id='word_1_62' title='bbox 1302 915 1570 986; x_wconf 88' lang='grc' dir='ltr'>στόματος</span> <span class='ocrx_word' id='word_1_63' title='bbox 1593 914 1731 987; x_wconf 78' lang='grc' dir='ltr'>Χρι-</span> 
     </span>
    </p>
   </div>
   <div class='ocr_carea' id='block_1_11' title="bbox 154 1005 1732 1082">
    <p class='ocr_par' dir='ltr' id='par_1_11' title="bbox 154 1005 1732 1082">
     <span class='ocr_line' id='line_1_11' title="bbox 154 1005 1732 1082; baseline -0.005 -17"><span class='ocrx_word' id='word_1_64' title='bbox 154 1011 301 1074; x_wconf 83' lang='grc' dir='ltr'>στοῦ,</span> <span class='ocrx_word' id='word_1_65' title='bbox 347 1010 591 1082; x_wconf 75' lang='grc' dir='ltr'><strong>Χριστοῦ</strong></span> <span class='ocrx_word' id='word_1_66' title='bbox 655 1009 1024 1078; x_wconf 81' lang='grc' dir='ltr'>τυγχάνοντος</span> <span class='ocrx_word' id='word_1_67' title='bbox 1079 1005 1258 1074; x_wconf 85' lang='grc' dir='ltr'><strong>Λόγου</strong></span> <span class='ocrx_word' id='word_1_68' title='bbox 1328 1008 1423 1060; x_wconf 61' lang='grc' dir='ltr'><strong>καὶ⁸</strong></span> <span class='ocrx_word' id='word_1_69' title='bbox 1474 1005 1732 1076; x_wconf 82' lang='grc' dir='ltr'><strong>ἀληθείας</strong></span> 
     </span>
    </p>
   </div>
   <div class='ocr_carea' id='block_1_12' title="bbox 151 1098 1731 1172">
    <p class='ocr_par' dir='ltr' id='par_1_12' title="bbox 151 1098 1731 1172">
     <span class='ocr_line' id='line_1_12' title="bbox 151 1098 1731 1172; baseline -0.004 -14"><span class='ocrx_word' id='word_1_70' title='bbox 151 1105 235 1160; x_wconf 72' lang='grc' dir='ltr'><strong>καὶ</strong></span> <span class='ocrx_word' id='word_1_71' title='bbox 268 1105 479 1172; x_wconf 64' lang='grc' dir='ltr'>σοςρίας,</span> <span class='ocrx_word' id='word_1_72' title='bbox 512 1102 546 1172; x_wconf 80' lang='grc' dir='ltr'>ἦ</span> <span class='ocrx_word' id='word_1_73' title='bbox 579 1101 644 1154; x_wconf 82' lang='grc' dir='ltr'>τὸ</span> <span class='ocrx_word' id='word_1_74' title='bbox 680 1100 912 1171; x_wconf 78' lang='grc' dir='ltr'>ψεῦδος;</span> <span class='ocrx_word' id='word_1_75' title='bbox 950 1099 1061 1152; x_wconf 72' lang='grc' dir='ltr'><strong>Καὶ</strong></span> <span class='ocrx_word' id='word_1_76' title='bbox 1098 1100 1152 1152; x_wconf 87' lang='grc' dir='ltr'><strong>τί</strong></span> <span class='ocrx_word' id='word_1_77' title='bbox 1186 1098 1249 1151; x_wconf 86' lang='grc' dir='ltr'>τὸ</span> <span class='ocrx_word' id='word_1_78' title='bbox 1284 1098 1731 1169; x_wconf 85' lang='grc' dir='ltr'>καταργούμενον</span> 
     </span>
    </p>
   </div>
   <div class='ocr_carea' id='block_1_13' title="bbox 148 1189 1730 1264">
    <p class='ocr_par' dir='ltr' id='par_1_13' title="bbox 148 1189 1730 1264">
     <span class='ocr_line' id='line_1_13' title="bbox 148 1189 1730 1264; baseline -0.002 -18"><span class='ocrx_word' id='word_1_79' title='bbox 148 1198 207 1263; x_wconf 86' lang='grc' dir='ltr'><strong>τῇ</strong></span> <span class='ocrx_word' id='word_1_80' title='bbox 254 1194 546 1264; x_wconf 71' lang='grc' dir='ltr'>ἐπιφανείᾳ</span> <span class='ocrx_word' id='word_1_81' title='bbox 599 1193 702 1262; x_wconf 77' lang='grc' dir='ltr'>τῆς</span> <span class='ocrx_word' id='word_1_82' title='bbox 756 1191 1056 1262; x_wconf 73' lang='grc' dir='ltr'>παρουσίας</span> <span class='ocrx_word' id='word_1_83' title='bbox 1097 1189 1356 1261; x_wconf 86' lang='grc' dir='ltr'>Χριστοῦ,</span> <span class='ocrx_word' id='word_1_84' title='bbox 1411 1189 1604 1259; x_wconf 84' lang='grc' dir='ltr'>σοφίας</span> <span class='ocrx_word' id='word_1_85' title='bbox 1638 1190 1730 1243; x_wconf 77' lang='grc' dir='ltr'>καὶ</span> 
     </span>
    </p>
   </div>
   <div class='ocr_carea' id='block_1_14' title="bbox 150 1274 1728 1352">
    <p class='ocr_par' dir='ltr' id='par_1_14' title="bbox 150 1274 1728 1352">
     <span class='ocr_line' id='line_1_14' title="bbox 150 1274 1728 1352; baseline -0.004 -15"><span class='ocrx_word' id='word_1_86' title='bbox 150 1285 315 1352; x_wconf 84' lang='grc' dir='ltr'>Λόγου</span> <span class='ocrx_word' id='word_1_87' title='bbox 359 1281 679 1351; x_wconf 81' lang='grc' dir='ltr'>νοουμένου,</span> <span class='ocrx_word' id='word_1_88' title='bbox 713 1279 747 1350; x_wconf 80' lang='grc' dir='ltr'>ἦ</span> <span class='ocrx_word' id='word_1_89' title='bbox 800 1281 907 1333; x_wconf 81' lang='grc' dir='ltr'><strong>πᾶν</strong></span> <span class='ocrx_word' id='word_1_90' title='bbox 953 1279 1016 1332; x_wconf 85' lang='grc' dir='ltr'>τὸ</span> <span class='ocrx_word' id='word_1_91' title='bbox 1071 1277 1543 1349; x_wconf 80' lang='grc' dir='ltr'><strong>ἐπαγγελλόμενον</strong></span> <span class='ocrx_word' id='word_1_92' title='bbox 1587 1274 1728 1331; x_wconf 72' lang='grc' dir='ltr'>εἶναι</span> 
     </span>
    </p>
   </div>
   <div class='ocr_carea' id='block_1_15' title="bbox 149 1365 1726 1444">
    <p class='ocr_par' dir='ltr' id='par_1_15' title="bbox 149 1365 1726 1444">
     <span class='ocr_line' id='line_1_15' title="bbox 149 1365 1726 1444; baseline -0.001 -18"><span class='ocrx_word' id='word_1_93' title='bbox 149 1376 322 1444; x_wconf 70' lang='grc' dir='ltr'>σοφία,</span> <span class='ocrx_word' id='word_1_94' title='bbox 383 1373 661 1444; x_wconf 76' lang='grc' dir='ltr'>τυγχάνον</span> <span class='ocrx_word' id='word_1_95' title='bbox 711 1372 770 1426; x_wconf 86' lang='grc' dir='ltr'>δὲ</span> <span class='ocrx_word' id='word_1_96' title='bbox 825 1371 882 1426; x_wconf 82' lang='grc' dir='ltr'>ἒν</span> <span class='ocrx_word' id='word_1_97' title='bbox 939 1370 1166 1435; x_wconf 89' lang='grc' dir='ltr'>τούτων,</span> <span class='ocrx_word' id='word_1_98' title='bbox 1207 1365 1282 1424; x_wconf 84' lang='grc' dir='ltr'>ὧν</span> <span class='ocrx_word' id='word_1_99' title='bbox 1315 1371 1344 1423; x_wconf 96' lang='lat'><strong>6</strong></span> <span class='ocrx_word' id='word_1_100' title='bbox 1371 1371 1504 1436; x_wconf 82' lang='grc' dir='ltr'>Θεὸς</span> <span class='ocrx_word' id='word_1_101' title='bbox 1555 1372 1726 1443; x_wconf 87' lang='grc' dir='ltr'>δράσ-</span> 
     </span>
    </p>
   </div>
   <div class='ocr_carea' id='block_1_16' title="bbox 150 1461 1728 1536">
    <p class='ocr_par' dir='ltr' id='par_1_16' title="bbox 150 1461 1728 1536">
     <span class='ocr_line' id='line_1_16' title="bbox 150 1461 1728 1536; baseline -0.003 -17"><span class='ocrx_word' id='word_1_102' title='bbox 150 1483 291 1520; x_wconf 85' lang='grc' dir='ltr'>σεται</span> <span class='ocrx_word' id='word_1_103' title='bbox 318 1465 446 1529; x_wconf 82' lang='grc' dir='ltr'>τοὺς</span> <span class='ocrx_word' id='word_1_104' title='bbox 487 1465 564 1536; x_wconf 79' lang='grc' dir='ltr'>μὴ</span> <span class='ocrx_word' id='word_1_105' title='bbox 589 1465 751 1527; x_wconf 74' lang='grc' dir='ltr'>ὄντας</span> <span class='ocrx_word' id='word_1_106' title='bbox 781 1465 847 1534; x_wconf 87' lang='grc' dir='ltr'>τῇ</span> <span class='ocrx_word' id='word_1_107' title='bbox 877 1461 1106 1533; x_wconf 82' lang='grc' dir='ltr'>ἀληθινῇ</span> <span class='ocrx_word' id='word_1_108' title='bbox 1138 1462 1302 1534; x_wconf 81' lang='grc' dir='ltr'>σοφίᾳ</span> <span class='ocrx_word' id='word_1_109' title='bbox 1334 1463 1531 1531; x_wconf 77' lang='grc' dir='ltr'>σοφοὺς</span> <span class='ocrx_word' id='word_1_110' title='bbox 1558 1461 1636 1533; x_wconf 73' lang='grc'><strong>(2)</strong></span> <span class='ocrx_word' id='word_1_111' title='bbox 1669 1463 1728 1514; x_wconf 82' lang='grc' dir='ltr'>ἐν</span> 
     </span>
    </p>
   </div>
   <div class='ocr_carea' id='block_1_17' title="bbox 144 1555 1727 1631">
    <p class='ocr_par' dir='ltr' id='par_1_17' title="bbox 144 1555 1727 1631">
     <span class='ocr_line' id='line_1_17' title="bbox 144 1555 1727 1631; baseline -0.004 -17"><span class='ocrx_word' id='word_1_112' title='bbox 144 1562 206 1631; x_wconf 76' lang='grc' dir='ltr'><strong>τῇ</strong></span> <span class='ocrx_word' id='word_1_113' title='bbox 256 1559 565 1631; x_wconf 76' lang='grc' dir='ltr'>πανουργίᾳ</span> <span class='ocrx_word' id='word_1_114' title='bbox 615 1557 829 1622; x_wconf 81' lang='grc' dir='ltr'>αὐτῶν;</span> <span class='ocrx_word' id='word_1_115' title='bbox 867 1557 989 1610; x_wconf 87' lang='grc' dir='ltr'>Ὅτι</span> <span class='ocrx_word' id='word_1_116' title='bbox 1035 1556 1063 1608; x_wconf 91' lang='lat'><strong>6</strong></span> <span class='ocrx_word' id='word_1_117' title='bbox 1109 1556 1364 1628; x_wconf 86' lang='grc' dir='ltr'>Ἰωάννης</span> <span class='ocrx_word' id='word_1_118' title='bbox 1408 1555 1727 1626; x_wconf 84' lang='grc' dir='ltr'>θαυμασιώ-</span> 
     </span>
    </p>
   </div>
   <div class='ocr_carea' id='block_1_18' title="bbox 143 1646 1725 1721">
    <p class='ocr_par' dir='ltr' id='par_1_18' title="bbox 143 1646 1725 1721">
     <span class='ocr_line' id='line_1_18' title="bbox 143 1646 1725 1721; baseline -0.003 -17"><span class='ocrx_word' id='word_1_119' title='bbox 143 1669 272 1706; x_wconf 79' lang='grc' dir='ltr'>τατα</span> <span class='ocrx_word' id='word_1_120' title='bbox 320 1653 380 1704; x_wconf 85' lang='grc' dir='ltr'>ὲν</span> <span class='ocrx_word' id='word_1_121' title='bbox 427 1653 543 1715; x_wconf 79' lang='grc' dir='ltr'>τοῖς</span> <span class='ocrx_word' id='word_1_122' title='bbox 586 1649 715 1721; x_wconf 79' lang='grc' dir='ltr'>περὶ</span> <span class='ocrx_word' id='word_1_123' title='bbox 758 1648 854 1702; x_wconf 88' lang='grc' dir='ltr'><strong>τοῦ</strong></span> <span class='ocrx_word' id='word_1_124' title='bbox 893 1647 1188 1719; x_wconf 78' lang='grc' dir='ltr'>ὀχουμένου</span> <span class='ocrx_word' id='word_1_125' title='bbox 1231 1646 1308 1718; x_wconf 79' lang='grc' dir='ltr'>τῷ</span> <span class='ocrx_word' id='word_1_126' title='bbox 1349 1647 1528 1718; x_wconf 88' lang='grc' dir='ltr'>λευκῷ</span> <span class='ocrx_word' id='word_1_127' title='bbox 1572 1648 1725 1720; x_wconf 79' lang='grc' dir='ltr'>ἵππῳ</span> 
     </span>
    </p>
   </div>
   <div class='ocr_carea' id='block_1_19' title="bbox 141 1736 1724 1812">
    <p class='ocr_par' dir='ltr' id='par_1_19' title="bbox 141 1736 1724 1812">
     <span class='ocr_line' id='line_1_19' title="bbox 141 1736 1724 1812; baseline -0.003 -16"><span class='ocrx_word' id='word_1_128' title='bbox 141 1743 305 1810; x_wconf 79' lang='grc' dir='ltr'>Λόγου</span> <span class='ocrx_word' id='word_1_129' title='bbox 339 1741 476 1812; x_wconf 74' lang='grc' dir='ltr'>φησὶ</span> <span class='ocrx_word' id='word_1_130' title='bbox 504 1741 600 1794; x_wconf 76' lang='grc' dir='ltr'><strong>καὶ</strong></span> <span class='ocrx_word' id='word_1_131' title='bbox 626 1740 704 1793; x_wconf 88' lang='grc' dir='ltr'>τό·</span> <span class='ocrx_word' id='word_1_132' title='bbox 746 1757 766 1791; x_wconf 81' lang='grc' dir='ltr'><strong>ι</strong></span> <span class='ocrx_word' id='word_1_133' title='bbox 805 1739 869 1793; x_wconf 90' lang='grc' dir='ltr'>Οί</span> <span class='ocrx_word' id='word_1_134' title='bbox 896 1738 1162 1808; x_wconf 81' lang='grc' dir='ltr'>ὀφθαλμοὶ</span> <span class='ocrx_word' id='word_1_135' title='bbox 1197 1738 1254 1792; x_wconf 82' lang='grc' dir='ltr'>δὲ</span> <span class='ocrx_word' id='word_1_136' title='bbox 1295 1736 1459 1792; x_wconf 88' lang='grc' dir='ltr'>αὐτοῦ</span> <span class='ocrx_word' id='word_1_137' title='bbox 1490 1738 1566 1801; x_wconf 85' lang='grc' dir='ltr'>ὡς</span> <span class='ocrx_word' id='word_1_138' title='bbox 1593 1737 1724 1808; x_wconf 79' lang='grc' dir='ltr'>φλὸξ</span> 
     </span>
    </p>
   </div>
   <div class='ocr_carea' id='block_1_20' title="bbox 1835 543 3416 616">
    <p class='ocr_par' dir='ltr' id='par_1_20' title="bbox 1835 543 3416 616">
     <span class='ocr_line' id='line_1_20' title="bbox 1835 543 3416 616; baseline 0.001 -16"><span class='ocrx_word' id='word_1_139' title='bbox 1835 547 2107 616; x_wconf 87' lang='lat' dir='ltr'><strong>paritione</strong></span> <span class='ocrx_word' id='word_1_140' title='bbox 2146 543 2451 614; x_wconf 62' lang='lat' dir='ltr'><strong>praesentiae</strong></span> <span class='ocrx_word' id='word_1_141' title='bbox 2491 559 2603 598; x_wconf 71' lang='lat' dir='ltr'><strong>sua:</strong></span> <span class='ocrx_word' id='word_1_142' title='bbox 2627 545 2693 598; x_wconf 74' lang='grc'><strong>⁸³.</strong></span> <span class='ocrx_word' id='word_1_143' title='bbox 2727 545 2793 598; x_wconf 84' lang='lat' dir='ltr'><strong>Et</strong></span> <span class='ocrx_word' id='word_1_144' title='bbox 2820 545 2942 599; x_wconf 83' lang='lat' dir='ltr'><strong>vide</strong></span> <span class='ocrx_word' id='word_1_145' title='bbox 2976 561 3042 599; x_wconf 87' lang='lat' dir='ltr'><strong>an</strong></span> <span class='ocrx_word' id='word_1_146' title='bbox 3075 547 3190 602; x_wconf 69' lang='lat' dir='ltr'><strong>haec</strong></span> <span class='ocrx_word' id='word_1_147' title='bbox 3219 565 3416 602; x_wconf 80' lang='lat' dir='ltr'><strong>secun-</strong></span> 
     </span>
    </p>
   </div>
   <div class='ocr_carea' id='block_1_21' title="bbox 1836 634 3418 706">
    <p class='ocr_par' dir='ltr' id='par_1_21' title="bbox 1836 634 3418 706">
     <span class='ocr_line' id='line_1_21' title="bbox 1836 634 3418 706; baseline 0.001 -15"><span class='ocrx_word' id='word_1_148' title='bbox 1836 639 1961 692; x_wconf 90' lang='lat' dir='ltr'><strong>dum</strong></span> <span class='ocrx_word' id='word_1_149' title='bbox 1991 634 2292 705; x_wconf 79' lang='lat' dir='ltr'><strong>spiritalem</strong></span> <span class='ocrx_word' id='word_1_150' title='bbox 2321 649 2542 690; x_wconf 84' lang='lat' dir='ltr'><strong>sensum</strong></span> <span class='ocrx_word' id='word_1_151' title='bbox 2571 635 2902 690; x_wconf 89' lang='lat' dir='ltr'><strong>subinnuere</strong></span> <span class='ocrx_word' id='word_1_152' title='bbox 2933 636 3418 706; x_wconf 78' lang='lat' dir='ltr'><strong>volueritApostn-</strong></span> 
     </span>
    </p>
   </div>
   <div class='ocr_carea' id='block_1_22' title="bbox 1835 727 3416 796">
    <p class='ocr_par' dir='ltr' id='par_1_22' title="bbox 1835 727 3416 796">
     <span class='ocr_line' id='line_1_22' title="bbox 1835 727 3416 796; baseline 0.004 -12"><span class='ocrx_word' id='word_1_153' title='bbox 1835 729 1922 784; x_wconf 86' lang='lat' dir='ltr'><strong>lus</strong></span> <span class='ocrx_word' id='word_1_154' title='bbox 1943 730 1995 782; x_wconf 90' lang='lat' dir='ltr'><strong>in</strong></span> <span class='ocrx_word' id='word_1_155' title='bbox 2027 728 2269 795; x_wconf 82' lang='lat' dir='ltr'><strong>Epistula</strong></span> <span class='ocrx_word' id='word_1_156' title='bbox 2311 729 2378 782; x_wconf 90' lang='lat' dir='ltr'><strong>ad</strong></span> <span class='ocrx_word' id='word_1_157' title='bbox 2405 727 2946 788; x_wconf 88' lang='lat' dir='ltr'><strong>Thessalonicenses.</strong></span> <span class='ocrx_word' id='word_1_158' title='bbox 2995 728 3134 796; x_wconf 85' lang='lat' dir='ltr'><strong>Quid</strong></span> <span class='ocrx_word' id='word_1_159' title='bbox 3163 734 3306 787; x_wconf 88' lang='lat' dir='ltr'><strong>enim</strong></span> <span class='ocrx_word' id='word_1_160' title='bbox 3330 746 3416 790; x_wconf 86' lang='lat' dir='ltr'><strong>est</strong></span> 
     </span>
    </p>
   </div>
   <div class='ocr_carea' id='block_1_23' title="bbox 1834 819 3414 892">
    <p class='ocr_par' dir='ltr' id='par_1_23' title="bbox 1834 819 3414 892">
     <span class='ocr_line' id='line_1_23' title="bbox 1834 819 3414 892; baseline 0.004 -17"><span class='ocrx_word' id='word_1_161' title='bbox 1834 823 1977 892; x_wconf 88' lang='lat' dir='ltr'><strong>quod</strong></span> <span class='ocrx_word' id='word_1_162' title='bbox 2007 822 2200 890; x_wconf 93' lang='lat' dir='ltr'><strong>spiritu</strong></span> <span class='ocrx_word' id='word_1_163' title='bbox 2227 821 2342 876; x_wconf 92' lang='lat' dir='ltr'><strong>oris</strong></span> <span class='ocrx_word' id='word_1_164' title='bbox 2368 819 2572 876; x_wconf 88' lang='lat' dir='ltr'><strong>Christi</strong></span> <span class='ocrx_word' id='word_1_165' title='bbox 2607 822 2958 886; x_wconf 86' lang='lat' dir='ltr'><strong>interficitur,</strong></span> <span class='ocrx_word' id='word_1_166' title='bbox 2999 839 3120 879; x_wconf 92' lang='lat' dir='ltr'><strong>cum</strong></span> <span class='ocrx_word' id='word_1_167' title='bbox 3162 825 3414 882; x_wconf 83' lang='lat' dir='ltr'><strong>Christus</strong></span> 
     </span>
    </p>
   </div>
   <div class='ocr_carea' id='block_1_24' title="bbox 1834 912 3415 982">
    <p class='ocr_par' dir='ltr' id='par_1_24' title="bbox 1834 912 3415 982">
     <span class='ocr_line' id='line_1_24' title="bbox 1834 912 3415 982; baseline 0.003 -15"><span class='ocrx_word' id='word_1_168' title='bbox 1834 913 1906 967; x_wconf 87' lang='lat' dir='ltr'><strong>sit</strong></span> <span class='ocrx_word' id='word_1_169' title='bbox 1953 912 2169 977; x_wconf 89' lang='lat' dir='ltr'><strong>Sermo,</strong></span> <span class='ocrx_word' id='word_1_170' title='bbox 2201 913 2407 967; x_wconf 89' lang='lat' dir='ltr'><strong>veritas</strong></span> <span class='ocrx_word' id='word_1_171' title='bbox 2431 921 2484 966; x_wconf 86' lang='lat' dir='ltr'><strong>et</strong></span> <span class='ocrx_word' id='word_1_172' title='bbox 2517 913 2816 982; x_wconf 84' lang='lat' dir='ltr'><strong>sapientia,</strong></span> <span class='ocrx_word' id='word_1_173' title='bbox 2875 916 2977 970; x_wconf 91' lang='lat' dir='ltr'><strong>nisi</strong></span> <span class='ocrx_word' id='word_1_174' title='bbox 3026 917 3415 972; x_wconf 82' lang='lat' dir='ltr'><strong>mendacium?</strong></span> 
     </span>
    </p>
   </div>
   <div class='ocr_carea' id='block_1_25' title="bbox 1833 1006 3413 1079">
    <p class='ocr_par' dir='ltr' id='par_1_25' title="bbox 1833 1006 3413 1079">
     <span class='ocr_line' id='line_1_25' title="bbox 1833 1006 3413 1079; baseline 0.003 -19"><span class='ocrx_word' id='word_1_175' title='bbox 1833 1007 1899 1060; x_wconf 87' lang='lat' dir='ltr'><strong>Et</strong></span> <span class='ocrx_word' id='word_1_176' title='bbox 1923 1007 2050 1076; x_wconf 87' lang='lat' dir='ltr'><strong>quid</strong></span> <span class='ocrx_word' id='word_1_177' title='bbox 2081 1015 2161 1068; x_wconf 91' lang='lat' dir='ltr'><strong>est</strong></span> <span class='ocrx_word' id='word_1_178' title='bbox 2197 1006 2326 1060; x_wconf 89' lang='lat' dir='ltr'><strong>illud</strong></span> <span class='ocrx_word' id='word_1_179' title='bbox 2368 1007 2512 1077; x_wconf 87' lang='lat' dir='ltr'><strong>quod</strong></span> <span class='ocrx_word' id='word_1_180' title='bbox 2541 1007 2846 1061; x_wconf 90' lang='lat' dir='ltr'><strong>destruitur</strong></span> <span class='ocrx_word' id='word_1_181' title='bbox 2890 1009 3230 1078; x_wconf 86' lang='lat' dir='ltr'><strong>apparitione</strong></span> <span class='ocrx_word' id='word_1_182' title='bbox 3269 1025 3413 1079; x_wconf 67' lang='lat' dir='ltr'><strong>prte-</strong></span> 
     </span>
    </p>
   </div>
   <div class='ocr_carea' id='block_1_26' title="bbox 1834 1099 3409 1170">
    <p class='ocr_par' dir='ltr' id='par_1_26' title="bbox 1834 1099 3409 1170">
     <span class='ocr_line' id='line_1_26' title="bbox 1834 1099 3409 1170; baseline 0.001 -16"><span class='ocrx_word' id='word_1_183' title='bbox 1834 1101 2021 1154; x_wconf 70' lang='lat' dir='ltr'><strong>sentiaa</strong></span> <span class='ocrx_word' id='word_1_184' title='bbox 2042 1099 2269 1164; x_wconf 77' lang='lat' dir='ltr'><strong>Christi,</strong></span> <span class='ocrx_word' id='word_1_185' title='bbox 2293 1100 2384 1169; x_wconf 90' lang='lat' dir='ltr'><strong>qui</strong></span> <span class='ocrx_word' id='word_1_186' title='bbox 2409 1099 2676 1170; x_wconf 86' lang='lat' dir='ltr'><strong>sapientia</strong></span> <span class='ocrx_word' id='word_1_187' title='bbox 2695 1111 2750 1154; x_wconf 92' lang='lat' dir='ltr'><strong>et</strong></span> <span class='ocrx_word' id='word_1_188' title='bbox 2767 1100 2958 1156; x_wconf 87' lang='lat' dir='ltr'><strong>Sermo</strong></span> <span class='ocrx_word' id='word_1_189' title='bbox 2976 1102 3409 1164; x_wconf 85' lang='lat' dir='ltr'><strong>considerantur,</strong></span> 
     </span>
    </p>
   </div>
   <div class='ocr_carea' id='block_1_27' title="bbox 1831 1193 3410 1263">
    <p class='ocr_par' dir='ltr' id='par_1_27' title="bbox 1831 1193 3410 1263">
     <span class='ocr_line' id='line_1_27' title="bbox 1831 1193 3410 1263; baseline -0.001 -15"><span class='ocrx_word' id='word_1_190' title='bbox 1831 1195 1940 1248; x_wconf 89' lang='lat' dir='ltr'><strong>nisi</strong></span> <span class='ocrx_word' id='word_1_191' title='bbox 1981 1193 2034 1248; x_wconf 88' lang='lat' dir='ltr'><strong>id</strong></span> <span class='ocrx_word' id='word_1_192' title='bbox 2061 1209 2225 1248; x_wconf 93' lang='lat' dir='ltr'><strong>omne</strong></span> <span class='ocrx_word' id='word_1_193' title='bbox 2259 1198 2403 1263; x_wconf 89' lang='lat' dir='ltr'><strong>quod</strong></span> <span class='ocrx_word' id='word_1_194' title='bbox 2436 1194 2726 1262; x_wconf 80' lang='lat' dir='ltr'><strong>profitetur</strong></span> <span class='ocrx_word' id='word_1_195' title='bbox 2777 1208 2837 1248; x_wconf 91' lang='lat' dir='ltr'><strong>se</strong></span> <span class='ocrx_word' id='word_1_196' title='bbox 2887 1207 3008 1248; x_wconf 89' lang='lat' dir='ltr'><strong>esse</strong></span> <span class='ocrx_word' id='word_1_197' title='bbox 3061 1193 3410 1261; x_wconf 87' lang='lat' dir='ltr'><strong>sapientiam,</strong></span> 
     </span>
    </p>
   </div>
   <div class='ocr_carea' id='block_1_28' title="bbox 1831 1284 3413 1355">
    <p class='ocr_par' dir='ltr' id='par_1_28' title="bbox 1831 1284 3413 1355">
     <span class='ocr_line' id='line_1_28' title="bbox 1831 1284 3413 1355; baseline 0.001 -15"><span class='ocrx_word' id='word_1_198' title='bbox 1831 1301 1995 1340; x_wconf 89' lang='lat' dir='ltr'><strong>unum</strong></span> <span class='ocrx_word' id='word_1_199' title='bbox 2047 1301 2177 1340; x_wconf 89' lang='lat' dir='ltr'><strong>vero</strong></span> <span class='ocrx_word' id='word_1_200' title='bbox 2202 1296 2288 1341; x_wconf 92' lang='lat' dir='ltr'><strong>est</strong></span> <span class='ocrx_word' id='word_1_201' title='bbox 2318 1301 2382 1339; x_wconf 87' lang='lat' dir='ltr'><strong>ex</strong></span> <span class='ocrx_word' id='word_1_202' title='bbox 2421 1285 2550 1352; x_wconf 87' lang='lat' dir='ltr'><strong>illis,</strong></span> <span class='ocrx_word' id='word_1_203' title='bbox 2586 1286 2785 1355; x_wconf 85' lang='lat' dir='ltr'><strong>quibus</strong></span> <span class='ocrx_word' id='word_1_204' title='bbox 2845 1284 3262 1355; x_wconf 87' lang='lat' dir='ltr'><strong>comprehendit</strong></span> <span class='ocrx_word' id='word_1_205' title='bbox 3315 1301 3413 1342; x_wconf 87' lang='lat' dir='ltr'><strong>eos</strong></span> 
     </span>
    </p>
   </div>
   <div class='ocr_carea' id='block_1_29' title="bbox 1830 1375 3415 1446">
    <p class='ocr_par' dir='ltr' id='par_1_29' title="bbox 1830 1375 3415 1446">
     <span class='ocr_line' id='line_1_29' title="bbox 1830 1375 3415 1446; baseline 0.001 -17"><span class='ocrx_word' id='word_1_206' title='bbox 1830 1375 1924 1446; x_wconf 91' lang='lat' dir='ltr'><strong>qui</strong></span> <span class='ocrx_word' id='word_1_207' title='bbox 1979 1392 2087 1431; x_wconf 92' lang='lat' dir='ltr'><strong>non</strong></span> <span class='ocrx_word' id='word_1_208' title='bbox 2131 1386 2258 1432; x_wconf 85' lang='lat' dir='ltr'><strong>sunt</strong></span> <span class='ocrx_word' id='word_1_209' title='bbox 2303 1379 2580 1446; x_wconf 83' lang='lat' dir='ltr'><strong>sapientes</strong></span> <span class='ocrx_word' id='word_1_210' title='bbox 2611 1392 2745 1430; x_wconf 84' lang='lat' dir='ltr'><strong>vera</strong></span> <span class='ocrx_word' id='word_1_211' title='bbox 2779 1377 3076 1446; x_wconf 86' lang='lat' dir='ltr'><strong>sapientia,</strong></span> <span class='ocrx_word' id='word_1_212' title='bbox 3111 1376 3165 1430; x_wconf 92' lang='lat' dir='ltr'><strong>in</strong></span> <span class='ocrx_word' id='word_1_213' title='bbox 3193 1377 3415 1431; x_wconf 80' lang='lat' dir='ltr'><strong>vafritie</strong></span> 
     </span>
    </p>
   </div>
   <div class='ocr_carea' id='block_1_30' title="bbox 1829 1466 3411 1537">
    <p class='ocr_par' dir='ltr' id='par_1_30' title="bbox 1829 1466 3411 1537">
     <span class='ocr_line' id='line_1_30' title="bbox 1829 1466 3411 1537; baseline 0 -15"><span class='ocrx_word' id='word_1_214' title='bbox 1829 1468 2114 1537; x_wconf 85' lang='lat' dir='ltr'><strong>ipsorum?</strong></span> <span class='ocrx_word' id='word_1_215' title='bbox 2145 1467 2329 1534; x_wconf 85' lang='lat' dir='ltr'><strong>Quare</strong></span> <span class='ocrx_word' id='word_1_216' title='bbox 2361 1469 2499 1522; x_wconf 90' lang='lat' dir='ltr'><strong>mire</strong></span> <span class='ocrx_word' id='word_1_217' title='bbox 2527 1481 2590 1521; x_wconf 90' lang='lat' dir='ltr'><strong>ac</strong></span> <span class='ocrx_word' id='word_1_218' title='bbox 2607 1482 2772 1536; x_wconf 87' lang='lat' dir='ltr'><strong>supra</strong></span> <span class='ocrx_word' id='word_1_219' title='bbox 2799 1467 3016 1521; x_wconf 90' lang='lat' dir='ltr'><strong>modum</strong></span> <span class='ocrx_word' id='word_1_220' title='bbox 3048 1467 3116 1522; x_wconf 87' lang='lat' dir='ltr'><strong>de</strong></span> <span class='ocrx_word' id='word_1_221' title='bbox 3143 1466 3411 1522; x_wconf 80' lang='lat' dir='ltr'><strong>Sermone</strong></span> 
     </span>
    </p>
   </div>
   <div class='ocr_carea' id='block_1_31' title="bbox 1831 1558 3412 1629">
    <p class='ocr_par' dir='ltr' id='par_1_31' title="bbox 1831 1558 3412 1629">
     <span class='ocr_line' id='line_1_31' title="bbox 1831 1558 3412 1629; baseline 0.001 -17"><span class='ocrx_word' id='word_1_222' title='bbox 1831 1560 2106 1615; x_wconf 83' lang='lat' dir='ltr'><strong>disserens</strong></span> <span class='ocrx_word' id='word_1_223' title='bbox 2129 1559 2390 1624; x_wconf 79' lang='lat' dir='ltr'><strong>Joannes,</strong></span> <span class='ocrx_word' id='word_1_224' title='bbox 2431 1559 2525 1629; x_wconf 89' lang='lat' dir='ltr'><strong>qui</strong></span> <span class='ocrx_word' id='word_1_225' title='bbox 2558 1573 2703 1628; x_wconf 85' lang='lat' dir='ltr'><strong>equo</strong></span> <span class='ocrx_word' id='word_1_226' title='bbox 2730 1558 2854 1614; x_wconf 85' lang='lat' dir='ltr'><strong>albo</strong></span> <span class='ocrx_word' id='word_1_227' title='bbox 2877 1560 3197 1621; x_wconf 81' lang='lat' dir='ltr'><strong>vehebatur,</strong></span> <span class='ocrx_word' id='word_1_228' title='bbox 3225 1559 3412 1628; x_wconf 80' lang='lat' dir='ltr'><strong>inquit</strong></span> 
     </span>
    </p>
   </div>
   <div class='ocr_carea' id='block_1_32' title="bbox 1829 1651 3405 1724">
    <p class='ocr_par' dir='ltr' id='par_1_32' title="bbox 1829 1651 3405 1724">
     <span class='ocr_line' id='line_1_32' title="bbox 1829 1651 3405 1724; baseline 0.001 -20"><span class='ocrx_word' id='word_1_229' title='bbox 1829 1651 1994 1705; x_wconf 82' lang='lat' dir='ltr'><strong>etiam</strong></span> <span class='ocrx_word' id='word_1_230' title='bbox 2013 1651 2177 1708; x_wconf 87' lang='lat' dir='ltr'><strong>illud:</strong></span> <span class='ocrx_word' id='word_1_231' title='bbox 2198 1653 2377 1708; x_wconf 70' lang='lat' dir='ltr'><strong>«Oculi</strong></span> <span class='ocrx_word' id='word_1_232' title='bbox 2399 1663 2577 1708; x_wconf 91' lang='lat' dir='ltr'><strong>autem</strong></span> <span class='ocrx_word' id='word_1_233' title='bbox 2595 1653 2711 1722; x_wconf 89' lang='lat' dir='ltr'><strong>ejus</strong></span> <span class='ocrx_word' id='word_1_234' title='bbox 2732 1651 2884 1708; x_wconf 84' lang='lat' dir='ltr'><strong>velut</strong></span> <span class='ocrx_word' id='word_1_235' title='bbox 2909 1653 3136 1707; x_wconf 84' lang='lat' dir='ltr'><strong>ﬂamma</strong></span> <span class='ocrx_word' id='word_1_236' title='bbox 3150 1654 3289 1724; x_wconf 90' lang='lat' dir='ltr'><strong>ignis</strong></span> <span class='ocrx_word' id='word_1_237' title='bbox 3303 1655 3369 1707; x_wconf 79' lang='grc' dir='ltr'>ὀ.</span> <span class='ocrx_word' id='word_1_238' title='bbox 3385 1673 3405 1706; x_wconf 74' lang='grc' dir='ltr'><strong>ι</strong></span> 
     </span>
    </p>
   </div>
   <div class='ocr_carea' id='block_1_33' title="bbox 1831 1739 3410 1815">
    <p class='ocr_par' dir='ltr' id='par_1_33' title="bbox 1831 1739 3410 1815">
     <span class='ocr_line' id='line_1_33' title="bbox 1831 1739 3410 1815; baseline 0.003 -20"><span class='ocrx_word' id='word_1_239' title='bbox 1831 1739 1904 1795; x_wconf 84' lang='lat' dir='ltr'><strong>Ut</strong></span> <span class='ocrx_word' id='word_1_240' title='bbox 1937 1741 2081 1795; x_wconf 84' lang='lat' dir='ltr'><strong>enim</strong></span> <span class='ocrx_word' id='word_1_241' title='bbox 2116 1741 2335 1798; x_wconf 85' lang='lat' dir='ltr'><strong>ﬂamma</strong></span> <span class='ocrx_word' id='word_1_242' title='bbox 2368 1744 2539 1808; x_wconf 84' lang='lat' dir='ltr'><strong>clara,</strong></span> <span class='ocrx_word' id='word_1_243' title='bbox 2574 1746 2782 1814; x_wconf 89' lang='lat' dir='ltr'><strong>pariter</strong></span> <span class='ocrx_word' id='word_1_244' title='bbox 2823 1753 2877 1800; x_wconf 89' lang='lat' dir='ltr'><strong>et</strong></span> <span class='ocrx_word' id='word_1_245' title='bbox 2906 1744 3109 1808; x_wconf 78' lang='lat' dir='ltr'><strong>iucida,</strong></span> <span class='ocrx_word' id='word_1_246' title='bbox 3132 1745 3246 1815; x_wconf 89' lang='lat' dir='ltr'><strong>jam</strong></span> <span class='ocrx_word' id='word_1_247' title='bbox 3280 1760 3410 1799; x_wconf 89' lang='lat' dir='ltr'><strong>vero</strong></span> 
     </span>
    </p>
   </div>
   <div class='ocr_carea' id='block_1_34' title="bbox 141 1827 1711 1907">
    <p class='ocr_par' dir='ltr' id='par_1_34' title="bbox 141 1829 1711 1905">
     <span class='ocr_line' id='line_1_34' title="bbox 141 1829 1711 1905; baseline -0.004 -18"><span class='ocrx_word' id='word_1_248' title='bbox 141 1835 322 1905; x_wconf 80' lang='grc' dir='ltr'>πυρός.</span> <span class='ocrx_word' id='word_1_249' title='bbox 362 1852 382 1886; x_wconf 76' lang='grc' dir='ltr'><strong>ι</strong></span> <span class='ocrx_word' id='word_1_250' title='bbox 427 1833 523 1897; x_wconf 82' lang='grc' dir='ltr'>Ὠς</span> <span class='ocrx_word' id='word_1_251' title='bbox 550 1832 659 1902; x_wconf 81' lang='grc' dir='ltr'><strong>γὰρ</strong></span> <span class='ocrx_word' id='word_1_252' title='bbox 683 1833 718 1902; x_wconf 85' lang='grc' dir='ltr'><strong>ἡ</strong></span> <span class='ocrx_word' id='word_1_253' title='bbox 757 1829 891 1901; x_wconf 78' lang='grc' dir='ltr'>φλὸξ,</span> <span class='ocrx_word' id='word_1_254' title='bbox 917 1831 1088 1902; x_wconf 85' lang='grc' dir='ltr'>πυρὸς</span> <span class='ocrx_word' id='word_1_255' title='bbox 1117 1830 1176 1883; x_wconf 83' lang='grc' dir='ltr'>τὸ</span> <span class='ocrx_word' id='word_1_256' title='bbox 1198 1829 1449 1901; x_wconf 84' lang='grc' dir='ltr'>λαμπρὸν</span> <span class='ocrx_word' id='word_1_257' title='bbox 1477 1831 1597 1901; x_wconf 79' lang='grc' dir='ltr'>ἅμα</span> <span class='ocrx_word' id='word_1_258' title='bbox 1627 1831 1711 1882; x_wconf 71' lang='grc' dir='ltr'><strong>κα]</strong></span> 
     </span>
    </p>
   </div>
   <div class='ocr_carea' id='block_1_35' title="bbox 1881 1827 3412 1907">
    <p class='ocr_par' dir='ltr' id='par_1_35' title="bbox 1883 1831 3412 1907">
     <span class='ocr_line' id='line_1_35' title="bbox 1883 1831 3412 1907; baseline 0.005 -22"><span class='ocrx_word' id='word_1_259' title='bbox 1883 1831 1987 1886; x_wconf 90' lang='lat' dir='ltr'><strong>iam</strong></span> <span class='ocrx_word' id='word_1_260' title='bbox 2023 1833 2180 1905; x_wconf 90' lang='lat' dir='ltr'><strong>ignea</strong></span> <span class='ocrx_word' id='word_1_261' title='bbox 2226 1844 2314 1890; x_wconf 87' lang='lat' dir='ltr'><strong>est</strong></span> <span class='ocrx_word' id='word_1_262' title='bbox 2361 1845 2416 1892; x_wconf 87' lang='lat' dir='ltr'><strong>et.</strong></span> <span class='ocrx_word' id='word_1_263' title='bbox 2457 1837 2835 1907; x_wconf 84' lang='lat' dir='ltr'><strong>consumptrix</strong></span> <span class='ocrx_word' id='word_1_264' title='bbox 2883 1837 3283 1902; x_wconf 89' lang='lat' dir='ltr'><strong>materialium,</strong></span> <span class='ocrx_word' id='word_1_265' title='bbox 3329 1837 3412 1892; x_wconf 86' lang='lat' dir='ltr'><strong>sic</strong></span> 
     </span>
    </p>
   </div>
   <div class='ocr_carea' id='block_1_36' title="bbox 138 1921 1719 1995">
    <p class='ocr_par' dir='ltr' id='par_1_36' title="bbox 138 1921 1719 1995">
     <span class='ocr_line' id='line_1_36' title="bbox 138 1921 1719 1995; baseline -0.002 -16"><span class='ocrx_word' id='word_1_266' title='bbox 138 1925 488 1995; x_wconf 70' lang='grc' dir='ltr'>φωτιστικὺν,</span> <span class='ocrx_word' id='word_1_267' title='bbox 528 1924 611 1977; x_wconf 74' lang='grc' dir='ltr'>ἔτι</span> <span class='ocrx_word' id='word_1_268' title='bbox 645 1923 704 1977; x_wconf 87' lang='grc' dir='ltr'>δὲ</span> <span class='ocrx_word' id='word_1_269' title='bbox 741 1923 839 1976; x_wconf 73' lang='grc' dir='ltr'>καὶ</span> <span class='ocrx_word' id='word_1_270' title='bbox 879 1922 1128 1994; x_wconf 57' lang='grc' dir='ltr'>πρᾶἣες</span> <span class='ocrx_word' id='word_1_271' title='bbox 1157 1921 1293 1993; x_wconf 79' lang='grc' dir='ltr'>ἔχει,</span> <span class='ocrx_word' id='word_1_272' title='bbox 1330 1924 1425 1976; x_wconf 77' lang='grc' dir='ltr'>καὶ</span> <span class='ocrx_word' id='word_1_273' title='bbox 1455 1921 1719 1977; x_wconf 86' lang='grc' dir='ltr'>ἀναλωτι-</span> 
     </span>
    </p>
   </div>
   <div class='ocr_carea' id='block_1_37' title="bbox 136 2013 1716 2088">
    <p class='ocr_par' dir='ltr' id='par_1_37' title="bbox 136 2013 1716 2088">
     <span class='ocr_line' id='line_1_37' title="bbox 136 2013 1716 2088; baseline -0.001 -18"><span class='ocrx_word' id='word_1_274' title='bbox 136 2019 225 2070; x_wconf 70' lang='grc' dir='ltr'><strong>κον</strong></span> <span class='ocrx_word' id='word_1_275' title='bbox 271 2017 383 2070; x_wconf 84' lang='grc' dir='ltr'><strong>τῶν</strong></span> <span class='ocrx_word' id='word_1_276' title='bbox 447 2016 796 2088; x_wconf 79' lang='grc' dir='ltr'>ὑλικωτέρων</span> <span class='ocrx_word' id='word_1_277' title='bbox 821 2032 834 2045; x_wconf 92' lang='grc'><strong>·</strong></span> <span class='ocrx_word' id='word_1_278' title='bbox 883 2014 1055 2078; x_wconf 78' lang='grc' dir='ltr'>οὕτως</span> <span class='ocrx_word' id='word_1_279' title='bbox 1107 2016 1176 2079; x_wconf 79' lang='grc' dir='ltr'>οἱ,</span> <span class='ocrx_word' id='word_1_280' title='bbox 1220 2014 1287 2067; x_wconf 84' lang='grc' dir='ltr'><strong>ἵν’</strong></span> <span class='ocrx_word' id='word_1_281' title='bbox 1329 2013 1503 2079; x_wconf 71' lang='grc' dir='ltr'>οὕτως</span> <span class='ocrx_word' id='word_1_282' title='bbox 1555 2017 1716 2081; x_wconf 76' lang='grc' dir='ltr'>εἴπω,</span> 
     </span>
    </p>
   </div>
   <div class='ocr_carea' id='block_1_38' title="bbox 134 2102 1719 2181">
    <p class='ocr_par' dir='ltr' id='par_1_38' title="bbox 134 2102 1719 2181">
     <span class='ocr_line' id='line_1_38' title="bbox 134 2102 1719 2181; baseline -0.001 -17"><span class='ocrx_word' id='word_1_283' title='bbox 134 2110 396 2181; x_wconf 60' lang='grc' dir='ltr'>όᾳθαλμοὶ</span> <span class='ocrx_word' id='word_1_284' title='bbox 417 2108 515 2163; x_wconf 87' lang='grc' dir='ltr'><strong>τοῦ</strong></span> <span class='ocrx_word' id='word_1_285' title='bbox 542 2108 717 2177; x_wconf 82' lang='grc' dir='ltr'>Λόγου</span> <span class='ocrx_word' id='word_1_286' title='bbox 744 2102 828 2172; x_wconf 81' lang='grc' dir='ltr'>οἷς</span> <span class='ocrx_word' id='word_1_287' title='bbox 880 2107 1100 2178; x_wconf 85' lang='grc' dir='ltr'>βλέπει,</span> <span class='ocrx_word' id='word_1_288' title='bbox 1136 2108 1230 2162; x_wconf 77' lang='grc' dir='ltr'><strong>καὶ</strong></span> <span class='ocrx_word' id='word_1_289' title='bbox 1265 2110 1372 2172; x_wconf 75' lang='grc' dir='ltr'>πᾶς</span> <span class='ocrx_word' id='word_1_290' title='bbox 1401 2108 1430 2159; x_wconf 89' lang='lat'><strong>6</strong></span> <span class='ocrx_word' id='word_1_291' title='bbox 1475 2109 1719 2180; x_wconf 81' lang='grc' dir='ltr'><strong>μετέχων</strong></span> 
     </span>
    </p>
   </div>
   <div class='ocr_carea' id='block_1_39' title="bbox 133 2198 1720 2272">
    <p class='ocr_par' dir='ltr' id='par_1_39' title="bbox 133 2198 1720 2272">
     <span class='ocr_line' id='line_1_39' title="bbox 133 2198 1720 2272; baseline -0.001 -18"><span class='ocrx_word' id='word_1_292' title='bbox 133 2201 288 2255; x_wconf 78' lang='grc' dir='ltr'>αὑτοῦ</span> <span class='ocrx_word' id='word_1_293' title='bbox 309 2243 326 2266; x_wconf 86' lang='grc'><strong>,</strong></span> <span class='ocrx_word' id='word_1_294' title='bbox 372 2201 514 2272; x_wconf 81' lang='grc' dir='ltr'>πρὸς</span> <span class='ocrx_word' id='word_1_295' title='bbox 541 2200 620 2271; x_wconf 82' lang='grc' dir='ltr'>τῷ</span> <span class='ocrx_word' id='word_1_296' title='bbox 647 2200 736 2254; x_wconf 79' lang='grc' dir='ltr'><strong>διὰ</strong></span> <span class='ocrx_word' id='word_1_297' title='bbox 773 2199 882 2253; x_wconf 90' lang='grc' dir='ltr'><strong>τῶν</strong></span> <span class='ocrx_word' id='word_1_298' title='bbox 923 2198 1345 2271; x_wconf 77' lang='grc' dir='ltr'>ἐνυπαρχουσῶν</span> <span class='ocrx_word' id='word_1_299' title='bbox 1389 2199 1539 2270; x_wconf 80' lang='grc' dir='ltr'>αὐτῷ</span> <span class='ocrx_word' id='word_1_300' title='bbox 1571 2201 1720 2254; x_wconf 84' lang='grc' dir='ltr'>ἀντι-</span> 
     </span>
    </p>
   </div>
   <div class='ocr_carea' id='block_1_40' title="bbox 132 2290 1717 2363">
    <p class='ocr_par' dir='ltr' id='par_1_40' title="bbox 132 2290 1717 2363">
     <span class='ocr_line' id='line_1_40' title="bbox 132 2290 1717 2363; baseline -0.001 -17"><span class='ocrx_word' id='word_1_301' title='bbox 132 2291 506 2363; x_wconf 80' lang='grc' dir='ltr'>λαμϐάνεσθαι</span> <span class='ocrx_word' id='word_1_302' title='bbox 534 2291 645 2344; x_wconf 91' lang='grc' dir='ltr'><strong>τῶν</strong></span> <span class='ocrx_word' id='word_1_303' title='bbox 673 2291 903 2362; x_wconf 86' lang='grc' dir='ltr'>νοητῶν,</span> <span class='ocrx_word' id='word_1_304' title='bbox 947 2290 1204 2344; x_wconf 87' lang='grc' dir='ltr'>ἁναλοῦσι</span> <span class='ocrx_word' id='word_1_305' title='bbox 1253 2291 1347 2344; x_wconf 80' lang='grc' dir='ltr'>καὶ</span> <span class='ocrx_word' id='word_1_306' title='bbox 1396 2291 1717 2360; x_wconf 77' lang='grc' dir='ltr'>ἀφανίζουσι</span> 
     </span>
    </p>
   </div>
   <div class='ocr_carea' id='block_1_41' title="bbox 130 2381 1718 2456">
    <p class='ocr_par' dir='ltr' id='par_1_41' title="bbox 130 2381 1718 2456">
     <span class='ocr_line' id='line_1_41' title="bbox 130 2381 1718 2456; baseline 0.001 -20"><span class='ocrx_word' id='word_1_307' title='bbox 130 2386 195 2437; x_wconf 69' lang='grc' dir='ltr'><strong>τὰ</strong></span> <span class='ocrx_word' id='word_1_308' title='bbox 222 2384 532 2456; x_wconf 76' lang='grc' dir='ltr'>ὑλικώτερα</span> <span class='ocrx_word' id='word_1_309' title='bbox 559 2384 654 2438; x_wconf 70' lang='grc' dir='ltr'>καὶ</span> <span class='ocrx_word' id='word_1_310' title='bbox 681 2382 966 2456; x_wconf 88' lang='grc' dir='ltr'>παχύτερα</span> <span class='ocrx_word' id='word_1_311' title='bbox 999 2381 1108 2435; x_wconf 89' lang='grc' dir='ltr'><strong>τῶν</strong></span> <span class='ocrx_word' id='word_1_312' title='bbox 1142 2383 1461 2454; x_wconf 83' lang='grc' dir='ltr'>νοημάτων·</span> <span class='ocrx_word' id='word_1_313' title='bbox 1497 2383 1718 2439; x_wconf 88' lang='grc' dir='ltr'>πάντων</span> 
     </span>
    </p>
   </div>
   <div class='ocr_carea' id='block_1_42' title="bbox 132 2476 1717 2550">
    <p class='ocr_par' dir='ltr' id='par_1_42' title="bbox 132 2476 1717 2550">
     <span class='ocr_line' id='line_1_42' title="bbox 132 2476 1717 2550; baseline 0.018 -36"><span class='ocrx_word' id='word_1_314' title='bbox 132 2478 184 2530; x_wconf 65' lang='grc' dir='ltr'><strong>δὲ</strong></span> <span class='ocrx_word' id='word_1_315' title='bbox 239 2480 337 2550; x_wconf 63' lang='grc' dir='ltr'><strong>τὴν</strong></span> <span class='ocrx_word' id='word_1_316' title='bbox 391 2478 686 2549; x_wconf 74' lang='grc' dir='ltr'>ἰσχνότητα</span> <span class='ocrx_word' id='word_1_317' title='bbox 733 2477 830 2532; x_wconf 78' lang='grc' dir='ltr'>καὶ</span> <span class='ocrx_word' id='word_1_318' title='bbox 895 2476 1200 2548; x_wconf 87' lang='grc' dir='ltr'>λεπτότητα</span> <span class='ocrx_word' id='word_1_319' title='bbox 1258 2478 1567 2548; x_wconf 73' lang='grc' dir='ltr'>ἐκπέφευγε</span> <span class='ocrx_word' id='word_1_320' title='bbox 1617 2478 1717 2549; x_wconf 80' lang='grc' dir='ltr'><strong>τῆς</strong></span> 
     </span>
    </p>
   </div>
   <div class='ocr_carea' id='block_1_43' title="bbox 136 2568 1716 2641">
    <p class='ocr_par' dir='ltr' id='par_1_43' title="bbox 136 2568 1716 2641">
     <span class='ocr_line' id='line_1_43' title="bbox 136 2568 1716 2641; baseline 0 -19"><span class='ocrx_word' id='word_1_321' title='bbox 136 2570 382 2641; x_wconf 77' lang='grc' dir='ltr'>ἀληθείας</span> <span class='ocrx_word' id='word_1_322' title='bbox 416 2571 488 2625; x_wconf 78' lang='grc' dir='ltr'>τὰ</span> <span class='ocrx_word' id='word_1_323' title='bbox 537 2568 894 2624; x_wconf 82' lang='grc' dir='ltr'>όπωσποτοῦν</span> <span class='ocrx_word' id='word_1_324' title='bbox 942 2568 1272 2641; x_wconf 82' lang='grc' dir='ltr'>ψευδόμενα.</span> <span class='ocrx_word' id='word_1_325' title='bbox 1317 2570 1468 2624; x_wconf 87' lang='grc' dir='ltr'>Πάνυ</span> <span class='ocrx_word' id='word_1_326' title='bbox 1515 2570 1574 2623; x_wconf 86' lang='grc' dir='ltr'>δὲ</span> <span class='ocrx_word' id='word_1_327' title='bbox 1628 2587 1716 2624; x_wconf 91' lang='grc' dir='ltr'>τε-</span> 
     </span>
    </p>
   </div>
   <div class='ocr_carea' id='block_1_44' title="bbox 134 2658 1707 2732">
    <p class='ocr_par' dir='ltr' id='par_1_44' title="bbox 134 2658 1707 2732">
     <span class='ocr_line' id='line_1_44' title="bbox 134 2658 1707 2732; baseline 0 -20"><span class='ocrx_word' id='word_1_328' title='bbox 134 2662 414 2732; x_wconf 81' lang='grc' dir='ltr'>ταγμένως</span> <span class='ocrx_word' id='word_1_329' title='bbox 464 2660 604 2731; x_wconf 84' lang='grc' dir='ltr'>μετὰ</span> <span class='ocrx_word' id='word_1_330' title='bbox 668 2659 762 2712; x_wconf 83' lang='grc' dir='ltr'><strong>τὸν</strong></span> <span class='ocrx_word' id='word_1_331' title='bbox 802 2660 878 2730; x_wconf 81' lang='grc'><strong>(5)</strong></span> <span class='ocrx_word' id='word_1_332' title='bbox 944 2661 1002 2711; x_wconf 81' lang='grc' dir='ltr'>ὲν</span> <span class='ocrx_word' id='word_1_333' title='bbox 1069 2658 1382 2731; x_wconf 84' lang='grc' dir='ltr'>δικαιοσύνῃ</span> <span class='ocrx_word' id='word_1_334' title='bbox 1429 2659 1707 2732; x_wconf 87' lang='grc' dir='ltr'>κρίνοντα,</span> 
     </span>
    </p>
   </div>
   <div class='ocr_carea' id='block_1_45' title="bbox 136 2752 1712 2826">
    <p class='ocr_par' dir='ltr' id='par_1_45' title="bbox 136 2752 1712 2826">
     <span class='ocr_line' id='line_1_45' title="bbox 136 2752 1712 2826; baseline -0.001 -20"><span class='ocrx_word' id='word_1_335' title='bbox 136 2757 220 2806; x_wconf 73' lang='grc' dir='ltr'>καὶ</span> <span class='ocrx_word' id='word_1_336' title='bbox 284 2754 430 2808; x_wconf 80' lang='grc' dir='ltr'>κατὰ</span> <span class='ocrx_word' id='word_1_337' title='bbox 487 2754 548 2807; x_wconf 80' lang='grc' dir='ltr'>τὸ</span> <span class='ocrx_word' id='word_1_338' title='bbox 598 2755 657 2806; x_wconf 85' lang='grc' dir='ltr'>ὲν</span> <span class='ocrx_word' id='word_1_339' title='bbox 711 2753 1028 2826; x_wconf 81' lang='grc' dir='ltr'>δικαιοσύνῃ</span> <span class='ocrx_word' id='word_1_340' title='bbox 1084 2753 1292 2825; x_wconf 89' lang='grc' dir='ltr'>κρίνειν</span> <span class='ocrx_word' id='word_1_341' title='bbox 1350 2752 1712 2822; x_wconf 80' lang='grc' dir='ltr'>πολεμοῦντα,</span> 
     </span>
    </p>
   </div>
   <div class='ocr_carea' id='block_1_46' title="bbox 135 2846 1714 2919">
    <p class='ocr_par' dir='ltr' id='par_1_46' title="bbox 135 2846 1714 2919">
     <span class='ocr_line' id='line_1_46' title="bbox 135 2846 1714 2919; baseline 0.001 -21"><span class='ocrx_word' id='word_1_342' title='bbox 135 2848 249 2918; x_wconf 56' lang='grc' dir='ltr'><strong>ἑῆς</strong></span> <span class='ocrx_word' id='word_1_343' title='bbox 284 2848 341 2901; x_wconf 83' lang='grc' dir='ltr'>δὲ</span> <span class='ocrx_word' id='word_1_344' title='bbox 384 2847 450 2901; x_wconf 82' lang='grc' dir='ltr'><strong>τὺ</strong></span> <span class='ocrx_word' id='word_1_345' title='bbox 479 2847 556 2917; x_wconf 69' lang='grc'><strong>(4)</strong></span> <span class='ocrx_word' id='word_1_346' title='bbox 589 2848 846 2919; x_wconf 88' lang='grc' dir='ltr'>πολεμεῖν</span> <span class='ocrx_word' id='word_1_347' title='bbox 900 2846 1234 2916; x_wconf 79' lang='grc' dir='ltr'>φωτίζοντα,</span> <span class='ocrx_word' id='word_1_348' title='bbox 1283 2846 1610 2917; x_wconf 79' lang='grc' dir='ltr'>ἐπιφέρεται</span> <span class='ocrx_word' id='word_1_349' title='bbox 1652 2846 1714 2900; x_wconf 84' lang='grc' dir='ltr'>τὸ</span> 
     </span>
    </p>
   </div>
   <div class='ocr_carea' id='block_1_47' title="bbox 137 2935 1710 3011">
    <p class='ocr_par' dir='ltr' id='par_1_47' title="bbox 137 2935 1710 3011">
     <span class='ocr_line' id='line_1_47' title="bbox 137 2935 1710 3011; baseline 0.001 -20"><span class='ocrx_word' id='word_1_350' title='bbox 137 2940 219 2992; x_wconf 71' lang='grc' dir='ltr'><strong>ἐπὶ</strong></span> <span class='ocrx_word' id='word_1_351' title='bbox 276 2939 377 3011; x_wconf 79' lang='grc' dir='ltr'>τὴν</span> <span class='ocrx_word' id='word_1_352' title='bbox 434 2939 679 3011; x_wconf 80' lang='grc' dir='ltr'>κεφαλὴν</span> <span class='ocrx_word' id='word_1_353' title='bbox 736 2935 878 2993; x_wconf 80' lang='grc' dir='ltr'>εἶναι</span> <span class='ocrx_word' id='word_1_354' title='bbox 929 2938 1094 2992; x_wconf 78' lang='grc' dir='ltr'>αὐτοῦ</span> <span class='ocrx_word' id='word_1_355' title='bbox 1156 2936 1329 2991; x_wconf 84' lang='grc' dir='ltr'>πολλὰ</span> <span class='ocrx_word' id='word_1_356' title='bbox 1381 2937 1710 3008; x_wconf 87' lang='grc' dir='ltr'>διαδήματα.</span> 
     </span>
    </p>
   </div>
   <div class='ocr_carea' id='block_1_48' title="bbox 148 3023 1713 3103">
    <p class='ocr_par' dir='ltr' id='par_1_48' title="bbox 148 3023 1713 3103">
     <span class='ocr_line' id='line_1_48' title="bbox 148 3023 1713 3103; baseline 0.001 -19"><span class='ocrx_word' id='word_1_357' title='bbox 148 3033 193 3085; x_wconf 83' lang='grc' dir='ltr'><strong>Εἰ</strong></span> <span class='ocrx_word' id='word_1_358' title='bbox 219 3033 315 3103; x_wconf 84' lang='grc' dir='ltr'>μὲν</span> <span class='ocrx_word' id='word_1_359' title='bbox 344 3032 456 3103; x_wconf 84' lang='grc' dir='ltr'><strong>γὰρ</strong></span> <span class='ocrx_word' id='word_1_360' title='bbox 475 3032 534 3084; x_wconf 84' lang='grc' dir='ltr'>ἒν</span> <span class='ocrx_word' id='word_1_361' title='bbox 563 3026 633 3103; x_wconf 83' lang='grc' dir='ltr'>ἦν</span> <span class='ocrx_word' id='word_1_362' title='bbox 654 3031 748 3084; x_wconf 73' lang='grc' dir='ltr'>καὶ</span> <span class='ocrx_word' id='word_1_363' title='bbox 773 3031 1046 3101; x_wconf 84' lang='grc' dir='ltr'>μονοειδὲς</span> <span class='ocrx_word' id='word_1_364' title='bbox 1072 3030 1133 3084; x_wconf 83' lang='grc' dir='ltr'>τὸ</span> <span class='ocrx_word' id='word_1_365' title='bbox 1160 3029 1376 3100; x_wconf 72' lang='grc' dir='ltr'>ψεῦδος,</span> <span class='ocrx_word' id='word_1_366' title='bbox 1400 3023 1595 3084; x_wconf 79' lang='grc' dir='ltr'>καθ’οὗ</span> <span class='ocrx_word' id='word_1_367' title='bbox 1620 3031 1713 3085; x_wconf 85' lang='grc' dir='ltr'>τὸν</span> 
     </span>
    </p>
   </div>
   <div class='ocr_carea' id='block_1_49' title="bbox 147 3121 1711 3195">
    <p class='ocr_par' dir='ltr' id='par_1_49' title="bbox 147 3121 1711 3195">
     <span class='ocr_line' id='line_1_49' title="bbox 147 3121 1711 3195; baseline -0.001 -19"><span class='ocrx_word' id='word_1_368' title='bbox 147 3125 391 3194; x_wconf 73' lang='grc' dir='ltr'>στέφανον</span> <span class='ocrx_word' id='word_1_369' title='bbox 438 3123 760 3195; x_wconf 76' lang='grc' dir='ltr'>ἡττωμένου</span> <span class='ocrx_word' id='word_1_370' title='bbox 815 3121 1119 3192; x_wconf 81' lang='grc' dir='ltr'>ἐλάμϐανεν</span> <span class='ocrx_word' id='word_1_371' title='bbox 1175 3124 1203 3175; x_wconf 90' lang='grc' dir='ltr'>ὁ</span> <span class='ocrx_word' id='word_1_372' title='bbox 1241 3123 1472 3192; x_wconf 80' lang='grc' dir='ltr'>νικήσας</span> <span class='ocrx_word' id='word_1_373' title='bbox 1519 3121 1711 3185; x_wconf 81' lang='grc' dir='ltr'>πιστὸς</span> 
     </span>
    </p>
   </div>
   <div class='ocr_carea' id='block_1_50' title="bbox 144 3197 1785 3288">
    <p class='ocr_par' dir='ltr' id='par_1_50' title="bbox 144 3197 1785 3288">
     <span class='ocr_line' id='line_1_50' title="bbox 144 3197 1785 3288; baseline -0.004 -18"><span class='ocrx_word' id='word_1_374' title='bbox 144 3217 218 3270; x_wconf 75' lang='grc' dir='ltr'>καὶ</span> <span class='ocrx_word' id='word_1_375' title='bbox 247 3215 506 3288; x_wconf 76' lang='grc' dir='ltr'>ἀληθινὸς</span> <span class='ocrx_word' id='word_1_376' title='bbox 539 3214 736 3284; x_wconf 84' lang='grc' dir='ltr'>Λόγος,</span> <span class='ocrx_word' id='word_1_377' title='bbox 767 3216 862 3268; x_wconf 70' lang='grc' dir='ltr'>καὶ</span> <span class='ocrx_word' id='word_1_378' title='bbox 889 3213 946 3267; x_wconf 82' lang='grc' dir='ltr'>ἓν</span> <span class='ocrx_word' id='word_1_379' title='bbox 970 3213 1207 3285; x_wconf 87' lang='grc' dir='ltr'>διάδημα</span> <span class='ocrx_word' id='word_1_380' title='bbox 1250 3213 1595 3286; x_wconf 84' lang='grc' dir='ltr'>περικεῖσθαι</span> <span class='ocrx_word' id='word_1_381' title='bbox 1627 3214 1715 3265; x_wconf 85' lang='grc' dir='ltr'>εύ-</span> <span class='ocrx_word' id='word_1_382' title='bbox 1742 3197 1785 3254; x_wconf 70' lang='grc' dir='ltr'><strong>(Ῑ</strong></span> 
     </span>
    </p>
   </div>
   <div class='ocr_carea' id='block_1_51' title="bbox 141 3305 1716 3379">
    <p class='ocr_par' dir='ltr' id='par_1_51' title="bbox 141 3305 1716 3379">
     <span class='ocr_line' id='line_1_51' title="bbox 141 3305 1716 3379; baseline -0.003 -15"><span class='ocrx_word' id='word_1_383' title='bbox 141 3308 290 3376; x_wconf 61' lang='grc' dir='ltr'>λόγως</span> <span class='ocrx_word' id='word_1_384' title='bbox 343 3308 745 3379; x_wconf 83' lang='grc' dir='ltr'>ἀναγέγραπτο</span> <span class='ocrx_word' id='word_1_385' title='bbox 790 3309 820 3360; x_wconf 91' lang='grc' dir='ltr'><strong>ό</strong></span> <span class='ocrx_word' id='word_1_386' title='bbox 870 3308 1246 3379; x_wconf 80' lang='grc' dir='ltr'>ἐπικρατήσας</span> <span class='ocrx_word' id='word_1_387' title='bbox 1298 3308 1407 3360; x_wconf 89' lang='grc' dir='ltr'><strong>τῶν</strong></span> <span class='ocrx_word' id='word_1_388' title='bbox 1457 3305 1716 3360; x_wconf 80' lang='grc' dir='ltr'>ἐναντίων</span> 
     </span>
    </p>
   </div>
   <div class='ocr_carea' id='block_1_52' title="bbox 140 3399 1715 3471">
    <p class='ocr_par' dir='ltr' id='par_1_52' title="bbox 140 3399 1715 3471">
     <span class='ocr_line' id='line_1_52' title="bbox 140 3399 1715 3471; baseline -0.002 -16"><span class='ocrx_word' id='word_1_389' title='bbox 140 3401 254 3455; x_wconf 74' lang='grc' dir='ltr'>θεοῦ</span> <span class='ocrx_word' id='word_1_390' title='bbox 300 3402 497 3471; x_wconf 90' lang='grc' dir='ltr'>Λόγος·</span> <span class='ocrx_word' id='word_1_391' title='bbox 534 3401 654 3454; x_wconf 74' lang='grc' dir='ltr'>νυνὶ</span> <span class='ocrx_word' id='word_1_392' title='bbox 686 3399 744 3452; x_wconf 87' lang='grc' dir='ltr'>δὲ</span> <span class='ocrx_word' id='word_1_393' title='bbox 785 3399 994 3452; x_wconf 80' lang='grc' dir='ltr'>πολλῶν</span> <span class='ocrx_word' id='word_1_394' title='bbox 1037 3399 1206 3453; x_wconf 80' lang='grc' dir='ltr'>ὄντων</span> <span class='ocrx_word' id='word_1_395' title='bbox 1230 3399 1339 3453; x_wconf 91' lang='grc' dir='ltr'><strong>τῶν</strong></span> <span class='ocrx_word' id='word_1_396' title='bbox 1375 3399 1715 3468; x_wconf 81' lang='grc' dir='ltr'>ἐπαγγελλο-</span> 
     </span>
    </p>
   </div>
   <div class='ocr_carea' id='block_1_53' title="bbox 141 3486 1717 3565">
    <p class='ocr_par' dir='ltr' id='par_1_53' title="bbox 141 3486 1717 3565">
     <span class='ocr_line' id='line_1_53' title="bbox 141 3486 1717 3565; baseline -0.001 -18"><span class='ocrx_word' id='word_1_397' title='bbox 141 3495 299 3564; x_wconf 81' lang='grc' dir='ltr'>μένων</span> <span class='ocrx_word' id='word_1_398' title='bbox 327 3495 431 3565; x_wconf 81' lang='grc' dir='ltr'>τὴν</span> <span class='ocrx_word' id='word_1_399' title='bbox 471 3492 736 3564; x_wconf 83' lang='grc' dir='ltr'>ἀλήθειαν</span> <span class='ocrx_word' id='word_1_400' title='bbox 775 3491 1007 3562; x_wconf 72' lang='grc' dir='ltr'>ψευδῶν,</span> <span class='ocrx_word' id='word_1_401' title='bbox 1039 3492 1161 3546; x_wconf 86' lang='grc' dir='ltr'>καθ’</span> <span class='ocrx_word' id='word_1_402' title='bbox 1189 3486 1264 3548; x_wconf 86' lang='grc' dir='ltr'>ὧν</span> <span class='ocrx_word' id='word_1_403' title='bbox 1302 3493 1717 3564; x_wconf 83' lang='grc' dir='ltr'>στρατευσάμε-</span> 
     </span>
    </p>
   </div>
   <div class='ocr_carea' id='block_1_54' title="bbox 137 3584 1716 3658">
    <p class='ocr_par' dir='ltr' id='par_1_54' title="bbox 137 3584 1716 3658">
     <span class='ocr_line' id='line_1_54' title="bbox 137 3584 1716 3658; baseline 0.001 -20"><span class='ocrx_word' id='word_1_404' title='bbox 137 3604 211 3650; x_wconf 78' lang='grc' dir='ltr'><strong>νος</strong></span> <span class='ocrx_word' id='word_1_405' title='bbox 234 3588 264 3640; x_wconf 76' lang='grc' dir='ltr'>ὁ</span> <span class='ocrx_word' id='word_1_406' title='bbox 298 3587 472 3656; x_wconf 81' lang='grc' dir='ltr'>Λόγος</span> <span class='ocrx_word' id='word_1_407' title='bbox 513 3584 901 3655; x_wconf 75' lang='grc' dir='ltr'>στεφανοῦται,</span> <span class='ocrx_word' id='word_1_408' title='bbox 939 3586 1110 3640; x_wconf 81' lang='grc' dir='ltr'>πολλὰ</span> <span class='ocrx_word' id='word_1_409' title='bbox 1141 3586 1404 3657; x_wconf 88' lang='grc' dir='ltr'>γινόμενα</span> <span class='ocrx_word' id='word_1_410' title='bbox 1441 3586 1511 3640; x_wconf 85' lang='grc' dir='ltr'><strong>τὰ</strong></span> <span class='ocrx_word' id='word_1_411' title='bbox 1539 3586 1716 3658; x_wconf 80' lang='grc' dir='ltr'>διαδή-</span> 
     </span>
    </p>
   </div>
   <div class='ocr_carea' id='block_1_55' title="bbox 138 3676 1712 3750">
    <p class='ocr_par' dir='ltr' id='par_1_55' title="bbox 138 3676 1712 3750">
     <span class='ocr_line' id='line_1_55' title="bbox 138 3676 1712 3750; baseline 0.001 -20"><span class='ocrx_word' id='word_1_412' title='bbox 138 3696 267 3748; x_wconf 78' lang='grc' dir='ltr'>ματα</span> <span class='ocrx_word' id='word_1_413' title='bbox 294 3682 360 3749; x_wconf 76' lang='grc' dir='ltr'><strong>τῇ</strong></span> <span class='ocrx_word' id='word_1_414' title='bbox 390 3677 608 3749; x_wconf 77' lang='grc' dir='ltr'>κεφαλῇ</span> <span class='ocrx_word' id='word_1_415' title='bbox 631 3676 726 3731; x_wconf 88' lang='grc' dir='ltr'><strong>τοῦ</strong></span> <span class='ocrx_word' id='word_1_416' title='bbox 754 3678 934 3732; x_wconf 87' lang='grc' dir='ltr'>πάντα</span> <span class='ocrx_word' id='word_1_417' title='bbox 971 3678 1294 3748; x_wconf 86' lang='grc' dir='ltr'>νικήσαντος</span> <span class='ocrx_word' id='word_1_418' title='bbox 1324 3679 1712 3750; x_wconf 83' lang='grc' dir='ltr'>περικείμενα,</span> 
     </span>
    </p>
   </div>
   <div class='ocr_carea' id='block_1_56' title="bbox 138 3767 1711 3840">
    <p class='ocr_par' dir='ltr' id='par_1_56' title="bbox 138 3767 1711 3840">
     <span class='ocr_line' id='line_1_56' title="bbox 138 3767 1711 3840; baseline 0.001 -20"><span class='ocrx_word' id='word_1_419' title='bbox 138 3771 222 3823; x_wconf 76' lang='lat' dir='ltr'><strong>ul.</strong></span> <span class='ocrx_word' id='word_1_420' title='bbox 243 3771 482 3840; x_wconf 81' lang='grc' dir='ltr'>ἑκάστης</span> <span class='ocrx_word' id='word_1_421' title='bbox 506 3768 562 3821; x_wconf 81' lang='grc' dir='ltr'>δὲ</span> <span class='ocrx_word' id='word_1_422' title='bbox 581 3767 1043 3838; x_wconf 85' lang='grc' dir='ltr'>ἁποστατησάσης</span> <span class='ocrx_word' id='word_1_423' title='bbox 1063 3768 1346 3840; x_wconf 81' lang='grc' dir='ltr'>ἐνεργείας</span> <span class='ocrx_word' id='word_1_424' title='bbox 1367 3769 1442 3839; x_wconf 86' lang='grc'>(5)</span> <span class='ocrx_word' id='word_1_425' title='bbox 1467 3769 1711 3839; x_wconf 87' lang='grc' dir='ltr'>κρατῶν,</span> 
     </span>
    </p>
   </div>
   <div class='ocr_carea' id='block_1_57' title="bbox 138 3859 1714 3933">
    <p class='ocr_par' dir='ltr' id='par_1_57' title="bbox 138 3859 1714 3933">
     <span class='ocr_line' id='line_1_57' title="bbox 138 3859 1714 3933; baseline 0.001 -20"><span class='ocrx_word' id='word_1_426' title='bbox 138 3861 292 3915; x_wconf 78' lang='grc' dir='ltr'>πολλὰ</span> <span class='ocrx_word' id='word_1_427' title='bbox 328 3859 748 3933; x_wconf 85' lang='grc' dir='ltr'>διαδήματατῷ</span> <span class='ocrx_word' id='word_1_428' title='bbox 787 3862 944 3932; x_wconf 78' lang='grc' dir='ltr'>νικᾷν</span> <span class='ocrx_word' id='word_1_429' title='bbox 979 3861 1338 3932; x_wconf 87' lang='grc' dir='ltr'>περιτίθεται.</span> <span class='ocrx_word' id='word_1_430' title='bbox 1382 3861 1538 3932; x_wconf 81' lang='grc' dir='ltr'><strong>Ἑξῆς</strong></span> <span class='ocrx_word' id='word_1_431' title='bbox 1573 3860 1714 3933; x_wconf 82' lang='grc' dir='ltr'>μετὰ</span> 
     </span>
    </p>
   </div>
   <div class='ocr_carea' id='block_1_58' title="bbox 137 3953 1715 4026">
    <p class='ocr_par' dir='ltr' id='par_1_58' title="bbox 137 3953 1715 4026">
     <span class='ocr_line' id='line_1_58' title="bbox 137 3953 1715 4026; baseline -0.001 -18"><span class='ocrx_word' id='word_1_432' title='bbox 137 3955 348 4026; x_wconf 70' lang='grc' dir='ltr'>τὰδιαδὴ</span> <span class='ocrx_word' id='word_1_433' title='bbox 357 3973 511 4025; x_wconf 88' lang='grc' dir='ltr'>ματα</span> <span class='ocrx_word' id='word_1_434' title='bbox 537 3955 960 4024; x_wconf 80' lang='grc' dir='ltr'>ἀναγέγραπται</span> <span class='ocrx_word' id='word_1_435' title='bbox 975 3953 1120 4024; x_wconf 80' lang='grc' dir='ltr'>ἔχειν</span> <span class='ocrx_word' id='word_1_436' title='bbox 1142 3953 1313 4024; x_wconf 71' lang='grc' dir='ltr'>ὄνομα</span> <span class='ocrx_word' id='word_1_437' title='bbox 1328 3953 1715 4026; x_wconf 87' lang='grc' dir='ltr'>γεγραμμένον</span> 
     </span>
    </p>
   </div>
   <div class='ocr_carea' id='block_1_59' title="bbox 136 4040 1716 4118">
    <p class='ocr_par' dir='ltr' id='par_1_59' title="bbox 136 4040 1716 4118">
     <span class='ocr_line' id='line_1_59' title="bbox 136 4040 1716 4118; baseline 0.001 -20"><span class='ocrx_word' id='word_1_438' title='bbox 136 4045 160 4098; x_wconf 83' lang='lat'><strong>6</strong></span> <span class='ocrx_word' id='word_1_439' title='bbox 189 4047 351 4112; x_wconf 64' lang='grc' dir='ltr'>οὐδεὶς</span> <span class='ocrx_word' id='word_1_440' title='bbox 379 4043 544 4110; x_wconf 82' lang='grc' dir='ltr'>οἶδεν,</span> <span class='ocrx_word' id='word_1_441' title='bbox 573 4048 624 4100; x_wconf 88' lang='grc' dir='ltr'><strong>εί</strong></span> <span class='ocrx_word' id='word_1_442' title='bbox 658 4047 734 4118; x_wconf 83' lang='grc' dir='ltr'>μὴ</span> <span class='ocrx_word' id='word_1_443' title='bbox 756 4045 937 4108; x_wconf 78' lang='grc' dir='ltr'>αὐτός·</span> <span class='ocrx_word' id='word_1_444' title='bbox 974 4040 1127 4110; x_wconf 72' lang='grc' dir='ltr'>οὗτος</span> <span class='ocrx_word' id='word_1_445' title='bbox 1155 4044 1265 4118; x_wconf 87' lang='grc' dir='ltr'><strong>γὰρ</strong></span> <span class='ocrx_word' id='word_1_446' title='bbox 1291 4049 1320 4100; x_wconf 88' lang='lat'><strong>6</strong></span> <span class='ocrx_word' id='word_1_447' title='bbox 1353 4045 1594 4117; x_wconf 76' lang='grc' dir='ltr'>ἔμψυχος</span> <span class='ocrx_word' id='word_1_448' title='bbox 1612 4046 1716 4100; x_wconf 91' lang='grc' dir='ltr'>Λό-</span> 
     </span>
    </p>
   </div>
   <div class='ocr_carea' id='block_1_60' title="bbox 134 4136 1714 4210">
    <p class='ocr_par' dir='ltr' id='par_1_60' title="bbox 134 4136 1714 4210">
     <span class='ocr_line' id='line_1_60' title="bbox 134 4136 1714 4210; baseline -0.003 -16"><span class='ocrx_word' id='word_1_449' title='bbox 134 4155 217 4207; x_wconf 77' lang='grc' dir='ltr'><strong>γος</strong></span> <span class='ocrx_word' id='word_1_450' title='bbox 261 4139 550 4194; x_wconf 76' lang='grc' dir='ltr'>ἐπίσταταί</span> <span class='ocrx_word' id='word_1_451' title='bbox 599 4155 723 4192; x_wconf 86' lang='grc' dir='ltr'>τινα</span> <span class='ocrx_word' id='word_1_452' title='bbox 774 4137 954 4208; x_wconf 85' lang='grc' dir='ltr'>μόνος,</span> <span class='ocrx_word' id='word_1_453' title='bbox 982 4137 1070 4190; x_wconf 84' lang='grc' dir='ltr'><strong>διὰ</strong></span> <span class='ocrx_word' id='word_1_454' title='bbox 1113 4138 1174 4190; x_wconf 86' lang='grc' dir='ltr'>τὸ</span> <span class='ocrx_word' id='word_1_455' title='bbox 1217 4136 1604 4210; x_wconf 84' lang='grc' dir='ltr'>ὑποδεέστερον</span> <span class='ocrx_word' id='word_1_456' title='bbox 1656 4139 1714 4191; x_wconf 81' lang='grc' dir='ltr'>ὲν</span> 
     </span>
    </p>
   </div>
   <div class='ocr_carea' id='block_1_61' title="bbox 132 4227 1715 4303">
    <p class='ocr_par' dir='ltr' id='par_1_61' title="bbox 132 4227 1715 4303">
     <span class='ocr_line' id='line_1_61' title="bbox 132 4227 1715 4303; baseline -0.004 -17"><span class='ocrx_word' id='word_1_457' title='bbox 132 4236 232 4296; x_wconf 79' lang='grc' dir='ltr'>τοῖς</span> <span class='ocrx_word' id='word_1_458' title='bbox 251 4232 371 4303; x_wconf 75' lang='grc' dir='ltr'><strong>ἑξῆς</strong></span> <span class='ocrx_word' id='word_1_459' title='bbox 395 4233 650 4301; x_wconf 79' lang='grc' dir='ltr'>γενητοῖς</span> <span class='ocrx_word' id='word_1_460' title='bbox 667 4231 765 4302; x_wconf 84' lang='grc' dir='ltr'>τῆς</span> <span class='ocrx_word' id='word_1_461' title='bbox 787 4227 1006 4298; x_wconf 85' lang='grc' dir='ltr'>φύσεως</span> <span class='ocrx_word' id='word_1_462' title='bbox 1033 4227 1225 4292; x_wconf 86' lang='grc' dir='ltr'>αὑτοῦ,</span> <span class='ocrx_word' id='word_1_463' title='bbox 1242 4227 1457 4292; x_wconf 84' lang='grc' dir='ltr'>οὐδενὸς</span> <span class='ocrx_word' id='word_1_464' title='bbox 1481 4227 1660 4300; x_wconf 84' lang='grc' dir='ltr'>χωροῦ</span> <span class='ocrx_word' id='word_1_465' title='bbox 1671 4245 1715 4281; x_wconf 86' lang='grc' dir='ltr'>ν-</span> 
     </span>
    </p>
   </div>
   <div class='ocr_carea' id='block_1_62' title="bbox 132 4317 1709 4391">
    <p class='ocr_par' dir='ltr' id='par_1_62' title="bbox 132 4317 1709 4391">
     <span class='ocr_line' id='line_1_62' title="bbox 132 4317 1709 4391; baseline -0.003 -14"><span class='ocrx_word' id='word_1_466' title='bbox 132 4343 213 4389; x_wconf 85' lang='grc' dir='ltr'><strong>τος</strong></span> <span class='ocrx_word' id='word_1_467' title='bbox 244 4326 419 4380; x_wconf 82' lang='grc' dir='ltr'>πάντα</span> <span class='ocrx_word' id='word_1_468' title='bbox 446 4322 484 4377; x_wconf 83' lang='grc' dir='ltr'>ει</span> <span class='ocrx_word' id='word_1_469' title='bbox 512 4324 722 4385; x_wconf 78' lang='grc' dir='ltr'>ἐκεῖνος</span> <span class='ocrx_word' id='word_1_470' title='bbox 754 4317 1167 4390; x_wconf 79' lang='grc' dir='ltr'>καταλαμϐάνει</span> <span class='ocrx_word' id='word_1_471' title='bbox 1203 4319 1449 4391; x_wconf 85' lang='grc' dir='ltr'>θεωρεῖν.</span> <span class='ocrx_word' id='word_1_472' title='bbox 1472 4320 1627 4390; x_wconf 87' lang='grc' dir='ltr'>Τάχα</span> <span class='ocrx_word' id='word_1_473' title='bbox 1651 4318 1709 4372; x_wconf 85' lang='grc' dir='ltr'>δὲ</span> 
     </span>
    </p>
   </div>
   <div class='ocr_carea' id='block_1_63' title="bbox 131 4408 1714 4484">
    <p class='ocr_par' dir='ltr' id='par_1_63' title="bbox 131 4408 1714 4484">
     <span class='ocr_line' id='line_1_63' title="bbox 131 4408 1714 4484; baseline -0.001 -18"><span class='ocrx_word' id='word_1_474' title='bbox 131 4414 215 4466; x_wconf 76' lang='grc' dir='ltr'>καὶ</span> <span class='ocrx_word' id='word_1_475' title='bbox 257 4414 306 4466; x_wconf 85' lang='grc' dir='ltr'>οἱ</span> <span class='ocrx_word' id='word_1_476' title='bbox 353 4411 677 4484; x_wconf 84' lang='grc' dir='ltr'>μετέχοντες</span> <span class='ocrx_word' id='word_1_477' title='bbox 731 4410 941 4476; x_wconf 69' lang='grc' dir='ltr'>ἐκείνου</span> <span class='ocrx_word' id='word_1_478' title='bbox 987 4408 1081 4462; x_wconf 88' lang='grc' dir='ltr'><strong>τοῦ</strong></span> <span class='ocrx_word' id='word_1_479' title='bbox 1129 4409 1303 4478; x_wconf 82' lang='grc' dir='ltr'>Λόγου</span> <span class='ocrx_word' id='word_1_480' title='bbox 1354 4408 1506 4480; x_wconf 85' lang='grc' dir='ltr'>μόνοι</span> <span class='ocrx_word' id='word_1_481' title='bbox 1562 4409 1714 4480; x_wconf 82' lang='grc' dir='ltr'>παρὰ</span> 
     </span>
    </p>
   </div>
   <div class='ocr_carea' id='block_1_64' title="bbox 1827 1925 3408 2000">
    <p class='ocr_par' dir='ltr' id='par_1_64' title="bbox 1827 1925 3408 2000">
     <span class='ocr_line' id='line_1_64' title="bbox 1827 1925 3408 2000; baseline 0.004 -21"><span class='ocrx_word' id='word_1_482' title='bbox 1827 1925 1995 1991; x_wconf 86' lang='lat' dir='ltr'><strong>oculi,</strong></span> <span class='ocrx_word' id='word_1_483' title='bbox 2032 1935 2092 1981; x_wconf 90' lang='lat' dir='ltr'><strong>ut</strong></span> <span class='ocrx_word' id='word_1_484' title='bbox 2121 1929 2196 1982; x_wconf 90' lang='lat' dir='ltr'><strong>ita</strong></span> <span class='ocrx_word' id='word_1_485' title='bbox 2231 1929 2434 1994; x_wconf 85' lang='lat' dir='ltr'><strong>dicam,</strong></span> <span class='ocrx_word' id='word_1_486' title='bbox 2461 1930 2765 1996; x_wconf 82' lang='lat' dir='ltr'><strong>Sermonis,</strong></span> <span class='ocrx_word' id='word_1_487' title='bbox 2791 1931 2992 2000; x_wconf 87' lang='lat' dir='ltr'><strong>quibus</strong></span> <span class='ocrx_word' id='word_1_488' title='bbox 3020 1941 3076 1985; x_wconf 90' lang='lat' dir='ltr'><strong>et</strong></span> <span class='ocrx_word' id='word_1_489' title='bbox 3100 1930 3216 2000; x_wconf 90' lang='lat' dir='ltr'><strong>ipse</strong></span> <span class='ocrx_word' id='word_1_490' title='bbox 3238 1931 3408 1996; x_wconf 84' lang='lat' dir='ltr'><strong>videt,</strong></span> 
     </span>
    </p>
   </div>
   <div class='ocr_carea' id='block_1_65' title="bbox 1826 2021 3410 2100">
    <p class='ocr_par' dir='ltr' id='par_1_65' title="bbox 1826 2021 3410 2100">
     <span class='ocr_line' id='line_1_65' title="bbox 1826 2021 3410 2100; baseline 0.003 -25"><span class='ocrx_word' id='word_1_491' title='bbox 1826 2029 1881 2075; x_wconf 89' lang='lat' dir='ltr'><strong>et</strong></span> <span class='ocrx_word' id='word_1_492' title='bbox 1914 2021 2162 2091; x_wconf 87' lang='lat' dir='ltr'><strong>quisquis</strong></span> <span class='ocrx_word' id='word_1_493' title='bbox 2189 2021 2333 2076; x_wconf 91' lang='lat' dir='ltr'><strong>illius</strong></span> <span class='ocrx_word' id='word_1_494' title='bbox 2361 2021 2527 2078; x_wconf 87' lang='lat' dir='ltr'><strong>fuerit</strong></span> <span class='ocrx_word' id='word_1_495' title='bbox 2548 2024 2852 2100; x_wconf 77' lang='lat' dir='ltr'><strong>particeps,</strong></span> <span class='ocrx_word' id='word_1_496' title='bbox 2874 2034 3234 2094; x_wconf 67' lang='lat' dir='ltr'><strong>prazterquam</strong></span> <span class='ocrx_word' id='word_1_497' title='bbox 3260 2025 3410 2094; x_wconf 82' lang='lat' dir='ltr'><strong>quod</strong></span> 
     </span>
    </p>
   </div>
   <div class='ocr_carea' id='block_1_66' title="bbox 1825 2113 3402 2186">
    <p class='ocr_par' dir='ltr' id='par_1_66' title="bbox 1825 2113 3402 2186">
     <span class='ocr_line' id='line_1_66' title="bbox 1825 2113 3402 2186; baseline 0.003 -20"><span class='ocrx_word' id='word_1_498' title='bbox 1825 2113 2137 2183; x_wconf 88' lang='lat' dir='ltr'><strong>percipiunt</strong></span> <span class='ocrx_word' id='word_1_499' title='bbox 2166 2113 2530 2184; x_wconf 80' lang='lat' dir='ltr'><strong>intelligibilia</strong></span> <span class='ocrx_word' id='word_1_500' title='bbox 2563 2125 2660 2185; x_wconf 85' lang='lat' dir='ltr'><strong>per</strong></span> <span class='ocrx_word' id='word_1_501' title='bbox 2689 2131 2752 2171; x_wconf 90' lang='lat' dir='ltr'><strong>ea</strong></span> <span class='ocrx_word' id='word_1_502' title='bbox 2793 2131 2914 2186; x_wconf 82' lang='lat' dir='ltr'><strong>quae</strong></span> <span class='ocrx_word' id='word_1_503' title='bbox 2951 2117 3002 2170; x_wconf 89' lang='lat' dir='ltr'><strong>in</strong></span> <span class='ocrx_word' id='word_1_504' title='bbox 3037 2117 3157 2186; x_wconf 90' lang='lat' dir='ltr'><strong>ipso</strong></span> <span class='ocrx_word' id='word_1_505' title='bbox 3189 2116 3402 2181; x_wconf 90' lang='lat' dir='ltr'><strong>insunt,</strong></span> 
     </span>
    </p>
   </div>
   <div class='ocr_carea' id='block_1_67' title="bbox 1826 2206 3412 2280">
    <p class='ocr_par' dir='ltr' id='par_1_67' title="bbox 1826 2206 3412 2280">
     <span class='ocr_line' id='line_1_67' title="bbox 1826 2206 3412 2280; baseline 0.003 -18"><span class='ocrx_word' id='word_1_506' title='bbox 1826 2206 2124 2263; x_wconf 83' lang='lat' dir='ltr'><strong>conficiunt</strong></span> <span class='ocrx_word' id='word_1_507' title='bbox 2165 2219 2220 2262; x_wconf 89' lang='lat' dir='ltr'><strong>et</strong></span> <span class='ocrx_word' id='word_1_508' title='bbox 2249 2208 2622 2264; x_wconf 89' lang='lat' dir='ltr'><strong>demoliuntur</strong></span> <span class='ocrx_word' id='word_1_509' title='bbox 2651 2220 2949 2280; x_wconf 89' lang='lat' dir='ltr'><strong>conceptus</strong></span> <span class='ocrx_word' id='word_1_510' title='bbox 2979 2211 3312 2276; x_wconf 85' lang='lat' dir='ltr'><strong>crassiores,</strong></span> <span class='ocrx_word' id='word_1_511' title='bbox 3353 2220 3412 2266; x_wconf 87' lang='lat' dir='ltr'><strong>ct</strong></span> 
     </span>
    </p>
   </div>
   <div class='ocr_carea' id='block_1_68' title="bbox 1826 2302 3410 2380">
    <p class='ocr_par' dir='ltr' id='par_1_68' title="bbox 1826 2302 3410 2380">
     <span class='ocr_line' id='line_1_68' title="bbox 1826 2302 3410 2380; baseline 0.003 -25"><span class='ocrx_word' id='word_1_512' title='bbox 1826 2302 1998 2369; x_wconf 83' lang='lat' dir='ltr'><strong>magis</strong></span> <span class='ocrx_word' id='word_1_513' title='bbox 2030 2302 2346 2357; x_wconf 85' lang='lat' dir='ltr'><strong>materiales</strong></span> <span class='ocrx_word' id='word_1_514' title='bbox 2371 2343 2390 2369; x_wconf 90' lang='lat'><strong>,</strong></span> <span class='ocrx_word' id='word_1_515' title='bbox 2424 2303 2680 2359; x_wconf 89' lang='lat' dir='ltr'><strong>omnibus</strong></span> <span class='ocrx_word' id='word_1_516' title='bbox 2732 2303 3227 2380; x_wconf 82' lang='lat' dir='ltr'><strong>quomodocunque</strong></span> <span class='ocrx_word' id='word_1_517' title='bbox 3255 2303 3410 2360; x_wconf 77' lang='lat' dir='ltr'><strong>falsis</strong></span> 
     </span>
    </p>
   </div>
   <div class='ocr_carea' id='block_1_69' title="bbox 1824 2393 3408 2465">
    <p class='ocr_par' dir='ltr' id='par_1_69' title="bbox 1824 2393 3408 2465">
     <span class='ocr_line' id='line_1_69' title="bbox 1824 2393 3408 2465; baseline 0.004 -21"><span class='ocrx_word' id='word_1_518' title='bbox 1824 2393 2186 2463; x_wconf 80' lang='lat' dir='ltr'><strong>gracilitatem</strong></span> <span class='ocrx_word' id='word_1_519' title='bbox 2244 2404 2302 2449; x_wconf 86' lang='lat' dir='ltr'><strong>et</strong></span> <span class='ocrx_word' id='word_1_520' title='bbox 2353 2396 2675 2449; x_wconf 76' lang='lat' dir='ltr'><strong>tenuitatem</strong></span> <span class='ocrx_word' id='word_1_521' title='bbox 2740 2396 2986 2451; x_wconf 88' lang='lat' dir='ltr'><strong>veritatis</strong></span> <span class='ocrx_word' id='word_1_522' title='bbox 3051 2397 3408 2465; x_wconf 78' lang='lat' dir='ltr'><strong>fugientibus.</strong></span> 
     </span>
    </p>
   </div>
   <div class='ocr_carea' id='block_1_70' title="bbox 1826 2485 3408 2559">
    <p class='ocr_par' dir='ltr' id='par_1_70' title="bbox 1826 2485 3408 2559">
     <span class='ocr_line' id='line_1_70' title="bbox 1826 2485 3408 2559; baseline 0.004 -21"><span class='ocrx_word' id='word_1_523' title='bbox 1826 2485 1994 2539; x_wconf 87' lang='lat' dir='ltr'><strong>Valde</strong></span> <span class='ocrx_word' id='word_1_524' title='bbox 2027 2495 2207 2541; x_wconf 87' lang='lat' dir='ltr'><strong>autem</strong></span> <span class='ocrx_word' id='word_1_525' title='bbox 2239 2487 2491 2542; x_wconf 86' lang='lat' dir='ltr'><strong>ordinate</strong></span> <span class='ocrx_word' id='word_1_526' title='bbox 2516 2499 2806 2559; x_wconf 89' lang='lat' dir='ltr'><strong>postquam</strong></span> <span class='ocrx_word' id='word_1_527' title='bbox 2841 2489 3054 2543; x_wconf 80' lang='lat' dir='ltr'><strong>induxit</strong></span> <span class='ocrx_word' id='word_1_528' title='bbox 3087 2489 3408 2545; x_wconf 88' lang='lat' dir='ltr'><strong>Sermonem</strong></span> 
     </span>
    </p>
   </div>
   <div class='ocr_carea' id='block_1_71' title="bbox 1817 2578 3410 2652">
    <p class='ocr_par' dir='ltr' id='par_1_71' title="bbox 1817 2578 3410 2652">
     <span class='ocr_line' id='line_1_71' title="bbox 1817 2578 3410 2652; baseline 0.004 -21"><span class='ocrx_word' id='word_1_529' title='bbox 1817 2578 2158 2643; x_wconf 79' lang='lat' dir='ltr'><strong>iudicantem</strong></span> <span class='ocrx_word' id='word_1_530' title='bbox 2194 2580 2244 2634; x_wconf 92' lang='lat' dir='ltr'><strong>in</strong></span> <span class='ocrx_word' id='word_1_531' title='bbox 2271 2579 2485 2650; x_wconf 89' lang='lat' dir='ltr'><strong>justitia</strong></span> <span class='ocrx_word' id='word_1_532' title='bbox 2521 2581 2589 2647; x_wconf 71' lang='grc' dir='ltr'><strong>θι,</strong></span> <span class='ocrx_word' id='word_1_533' title='bbox 2624 2593 2681 2636; x_wconf 89' lang='lat' dir='ltr'><strong>et</strong></span> <span class='ocrx_word' id='word_1_534' title='bbox 2716 2591 2777 2636; x_wconf 90' lang='lat' dir='ltr'><strong>ut</strong></span> <span class='ocrx_word' id='word_1_535' title='bbox 2820 2581 3033 2652; x_wconf 86' lang='lat' dir='ltr'><strong>judicet</strong></span> <span class='ocrx_word' id='word_1_536' title='bbox 3088 2581 3142 2636; x_wconf 91' lang='lat' dir='ltr'><strong>in</strong></span> <span class='ocrx_word' id='word_1_537' title='bbox 3191 2581 3410 2649; x_wconf 83' lang='lat' dir='ltr'><strong>justitia</strong></span> 
     </span>
    </p>
   </div>
   <div class='ocr_carea' id='block_1_72' title="bbox 1822 2669 3406 2745">
    <p class='ocr_par' dir='ltr' id='par_1_72' title="bbox 1822 2669 3406 2745">
     <span class='ocr_line' id='line_1_72' title="bbox 1822 2669 3406 2745; baseline 0.005 -23"><span class='ocrx_word' id='word_1_538' title='bbox 1822 2669 2021 2724; x_wconf 85' lang='lat' dir='ltr'><strong>bellum</strong></span> <span class='ocrx_word' id='word_1_539' title='bbox 2057 2681 2357 2740; x_wconf 80' lang='lat' dir='ltr'><strong>gerentem,</strong></span> <span class='ocrx_word' id='word_1_540' title='bbox 2407 2673 2516 2744; x_wconf 77' lang='lat'><strong>58</strong></span> <span class='ocrx_word' id='word_1_541' title='bbox 2554 2683 2719 2744; x_wconf 89' lang='lat' dir='ltr'><strong>atque</strong></span> <span class='ocrx_word' id='word_1_542' title='bbox 2764 2674 2961 2731; x_wconf 89' lang='lat' dir='ltr'><strong>deinde</strong></span> <span class='ocrx_word' id='word_1_543' title='bbox 3011 2685 3137 2745; x_wconf 89' lang='lat' dir='ltr'><strong>post</strong></span> <span class='ocrx_word' id='word_1_544' title='bbox 3181 2677 3406 2741; x_wconf 78' lang='lat' dir='ltr'><strong>bellum,</strong></span> 
     </span>
    </p>
   </div>
   <div class='ocr_carea' id='block_1_73' title="bbox 1823 2763 3410 2841">
    <p class='ocr_par' dir='ltr' id='par_1_73' title="bbox 1823 2763 3410 2841">
     <span class='ocr_line' id='line_1_73' title="bbox 1823 2763 3410 2841; baseline 0.006 -24"><span class='ocrx_word' id='word_1_545' title='bbox 1823 2763 2241 2834; x_wconf 90' lang='lat' dir='ltr'><strong>illuminantem,</strong></span> <span class='ocrx_word' id='word_1_546' title='bbox 2279 2766 2411 2822; x_wconf 89' lang='lat' dir='ltr'><strong>illud</strong></span> <span class='ocrx_word' id='word_1_547' title='bbox 2464 2768 2837 2840; x_wconf 84' lang='lat' dir='ltr'><strong>subjungitur,</strong></span> <span class='ocrx_word' id='word_1_548' title='bbox 2895 2770 2950 2824; x_wconf 91' lang='lat' dir='ltr'><strong>in</strong></span> <span class='ocrx_word' id='word_1_549' title='bbox 3007 2770 3178 2840; x_wconf 89' lang='lat' dir='ltr'><strong>ipsius</strong></span> <span class='ocrx_word' id='word_1_550' title='bbox 3229 2771 3410 2841; x_wconf 85' lang='lat' dir='ltr'><strong>capite</strong></span> 
     </span>
    </p>
   </div>
   <div class='ocr_carea' id='block_1_74' title="bbox 1823 2857 3408 2918">
    <p class='ocr_par' dir='ltr' id='par_1_74' title="bbox 1823 2857 3408 2918">
     <span class='ocr_line' id='line_1_74' title="bbox 1823 2857 3408 2918; baseline 0.006 -10"><span class='ocrx_word' id='word_1_551' title='bbox 1823 2857 1991 2912; x_wconf 89' lang='lat' dir='ltr'><strong>multa</strong></span> <span class='ocrx_word' id='word_1_552' title='bbox 2017 2873 2140 2913; x_wconf 88' lang='lat' dir='ltr'><strong>esse</strong></span> <span class='ocrx_word' id='word_1_553' title='bbox 2170 2859 2477 2914; x_wconf 81' lang='lat' dir='ltr'><strong>diademata</strong></span> <span class='ocrx_word' id='word_1_554' title='bbox 2504 2860 2570 2915; x_wconf 72' lang='grc' dir='ltr'><strong>θ’.</strong></span> <span class='ocrx_word' id='word_1_555' title='bbox 2605 2860 2739 2915; x_wconf 87' lang='lat' dir='ltr'><strong>Nam</strong></span> <span class='ocrx_word' id='word_1_556' title='bbox 2770 2861 2815 2916; x_wconf 91' lang='lat' dir='ltr'><strong>si</strong></span> <span class='ocrx_word' id='word_1_557' title='bbox 2855 2878 3020 2916; x_wconf 92' lang='lat' dir='ltr'><strong>unum</strong></span> <span class='ocrx_word' id='word_1_558' title='bbox 3046 2873 3102 2918; x_wconf 86' lang='lat' dir='ltr'><strong>et</strong></span> <span class='ocrx_word' id='word_1_559' title='bbox 3136 2864 3408 2918; x_wconf 78' lang='lat' dir='ltr'><strong>uniforme</strong></span> 
     </span>
    </p>
   </div>
   <div class='ocr_carea' id='block_1_75' title="bbox 1820 2953 3410 3028">
    <p class='ocr_par' dir='ltr' id='par_1_75' title="bbox 1820 2953 3410 3028">
     <span class='ocr_line' id='line_1_75' title="bbox 1820 2953 3410 3028; baseline 0.003 -23"><span class='ocrx_word' id='word_1_560' title='bbox 1820 2962 1971 3008; x_wconf 90' lang='lat' dir='ltr'><strong>esset</strong></span> <span class='ocrx_word' id='word_1_561' title='bbox 1997 2953 2339 3008; x_wconf 87' lang='lat' dir='ltr'><strong>mendacium</strong></span> <span class='ocrx_word' id='word_1_562' title='bbox 2366 2955 2434 3009; x_wconf 88' lang='lat' dir='ltr'><strong>de</strong></span> <span class='ocrx_word' id='word_1_563' title='bbox 2460 2968 2570 3023; x_wconf 93' lang='lat' dir='ltr'><strong>quo</strong></span> <span class='ocrx_word' id='word_1_564' title='bbox 2605 2965 2882 3023; x_wconf 71' lang='lat' dir='ltr'><strong>prostrato</strong></span> <span class='ocrx_word' id='word_1_565' title='bbox 2909 2971 3167 3010; x_wconf 85' lang='lat' dir='ltr'><strong>coronam</strong></span> <span class='ocrx_word' id='word_1_566' title='bbox 3195 2957 3410 3028; x_wconf 82' lang='lat' dir='ltr'><strong>accipe-</strong></span> 
     </span>
    </p>
   </div>
   <div class='ocr_carea' id='block_1_76' title="bbox 1821 3045 3404 3114">
    <p class='ocr_par' dir='ltr' id='par_1_76' title="bbox 1821 3045 3404 3114">
     <span class='ocr_line' id='line_1_76' title="bbox 1821 3045 3404 3114; baseline 0.001 -16"><span class='ocrx_word' id='word_1_567' title='bbox 1821 3056 1904 3100; x_wconf 88' lang='lat' dir='ltr'><strong>ret</strong></span> <span class='ocrx_word' id='word_1_568' title='bbox 1934 3046 2132 3110; x_wconf 87' lang='lat' dir='ltr'><strong>victor,</strong></span> <span class='ocrx_word' id='word_1_569' title='bbox 2163 3045 2335 3100; x_wconf 81' lang='lat' dir='ltr'><strong>ﬁdelis</strong></span> <span class='ocrx_word' id='word_1_570' title='bbox 2361 3057 2416 3101; x_wconf 91' lang='lat' dir='ltr'><strong>et</strong></span> <span class='ocrx_word' id='word_1_571' title='bbox 2438 3061 2606 3101; x_wconf 78' lang='lat' dir='ltr'><strong>verax</strong></span> <span class='ocrx_word' id='word_1_572' title='bbox 2631 3045 2983 3114; x_wconf 83' lang='lat' dir='ltr'><strong>Sermo,jure</strong></span> <span class='ocrx_word' id='word_1_573' title='bbox 2998 3047 3164 3101; x_wconf 90' lang='lat' dir='ltr'><strong>etiam</strong></span> <span class='ocrx_word' id='word_1_574' title='bbox 3186 3049 3404 3112; x_wconf 87' lang='lat' dir='ltr'><strong>Sermo,</strong></span> 
     </span>
    </p>
   </div>
   <div class='ocr_carea' id='block_1_77' title="bbox 1819 3136 3406 3208">
    <p class='ocr_par' dir='ltr' id='par_1_77' title="bbox 1819 3136 3406 3208">
     <span class='ocr_line' id='line_1_77' title="bbox 1819 3136 3406 3208; baseline 0.003 -18"><span class='ocrx_word' id='word_1_575' title='bbox 1819 3139 1910 3208; x_wconf 87' lang='lat' dir='ltr'><strong>qui</strong></span> <span class='ocrx_word' id='word_1_576' title='bbox 1938 3146 2250 3206; x_wconf 87' lang='lat' dir='ltr'><strong>superasset</strong></span> <span class='ocrx_word' id='word_1_577' title='bbox 2276 3137 2382 3192; x_wconf 90' lang='lat' dir='ltr'><strong>Deo</strong></span> <span class='ocrx_word' id='word_1_578' title='bbox 2412 3147 2794 3207; x_wconf 80' lang='lat' dir='ltr'><strong>repugnantes,</strong></span> <span class='ocrx_word' id='word_1_579' title='bbox 2827 3138 3064 3207; x_wconf 87' lang='lat' dir='ltr'><strong>scriptus</strong></span> <span class='ocrx_word' id='word_1_580' title='bbox 3084 3136 3273 3194; x_wconf 86' lang='lat' dir='ltr'><strong>fuisset</strong></span> <span class='ocrx_word' id='word_1_581' title='bbox 3299 3156 3406 3194; x_wconf 89' lang='lat' dir='ltr'><strong>uno</strong></span> 
     </span>
    </p>
   </div>
   <div class='ocr_carea' id='block_1_78' title="bbox 1822 3230 3405 3301">
    <p class='ocr_par' dir='ltr' id='par_1_78' title="bbox 1822 3230 3405 3301">
     <span class='ocr_line' id='line_1_78' title="bbox 1822 3230 3405 3301; baseline 0.001 -16"><span class='ocrx_word' id='word_1_582' title='bbox 1822 3231 2128 3285; x_wconf 87' lang='lat' dir='ltr'><strong>diademate</strong></span> <span class='ocrx_word' id='word_1_583' title='bbox 2152 3231 2466 3301; x_wconf 86' lang='lat' dir='ltr'><strong>insignitus.</strong></span> <span class='ocrx_word' id='word_1_584' title='bbox 2514 3230 2671 3285; x_wconf 81' lang='lat' dir='ltr'><strong>Nunc</strong></span> <span class='ocrx_word' id='word_1_585' title='bbox 2726 3241 2904 3285; x_wconf 86' lang='lat' dir='ltr'><strong>autem</strong></span> <span class='ocrx_word' id='word_1_586' title='bbox 2940 3231 3108 3285; x_wconf 88' lang='lat' dir='ltr'><strong>multa</strong></span> <span class='ocrx_word' id='word_1_587' title='bbox 3144 3247 3266 3286; x_wconf 81' lang='lat' dir='ltr'><strong>cunt</strong></span> <span class='ocrx_word' id='word_1_588' title='bbox 3297 3231 3405 3286; x_wconf 90' lang='lat' dir='ltr'><strong>sint</strong></span> 
     </span>
    </p>
   </div>
   <div class='ocr_carea' id='block_1_79' title="bbox 1821 3323 3405 3395">
    <p class='ocr_par' dir='ltr' id='par_1_79' title="bbox 1821 3323 3405 3395">
     <span class='ocr_line' id='line_1_79' title="bbox 1821 3323 3405 3395; baseline 0.004 -21"><span class='ocrx_word' id='word_1_589' title='bbox 1821 3323 2108 3378; x_wconf 86' lang='lat' dir='ltr'><strong>mendacia</strong></span> <span class='ocrx_word' id='word_1_590' title='bbox 2143 3339 2265 3392; x_wconf 75' lang='lat' dir='ltr'><strong>qua:</strong></span> <span class='ocrx_word' id='word_1_591' title='bbox 2299 3323 2624 3392; x_wconf 83' lang='lat' dir='ltr'><strong>profitentur</strong></span> <span class='ocrx_word' id='word_1_592' title='bbox 2653 3323 2962 3388; x_wconf 87' lang='lat' dir='ltr'><strong>veritatem,</strong></span> <span class='ocrx_word' id='word_1_593' title='bbox 2991 3324 3252 3380; x_wconf 88' lang='lat' dir='ltr'><strong>adversus</strong></span> <span class='ocrx_word' id='word_1_594' title='bbox 3282 3341 3405 3395; x_wconf 64' lang='lat' dir='ltr'><strong>quae</strong></span> 
     </span>
    </p>
   </div>
   <div class='ocr_carea' id='block_1_80' title="bbox 1820 3414 3408 3486">
    <p class='ocr_par' dir='ltr' id='par_1_80' title="bbox 1820 3414 3408 3486">
     <span class='ocr_line' id='line_1_80' title="bbox 1820 3414 3408 3486; baseline 0.003 -18"><span class='ocrx_word' id='word_1_595' title='bbox 1820 3414 2022 3468; x_wconf 89' lang='lat' dir='ltr'><strong>bellum</strong></span> <span class='ocrx_word' id='word_1_596' title='bbox 2060 3429 2260 3486; x_wconf 81' lang='lat' dir='ltr'><strong>gerens</strong></span> <span class='ocrx_word' id='word_1_597' title='bbox 2296 3415 2384 3469; x_wconf 92' lang='lat' dir='ltr'><strong>ille</strong></span> <span class='ocrx_word' id='word_1_598' title='bbox 2437 3417 2631 3469; x_wconf 85' lang='lat' dir='ltr'><strong>Sermo</strong></span> <span class='ocrx_word' id='word_1_599' title='bbox 2681 3425 3004 3484; x_wconf 87' lang='lat' dir='ltr'><strong>coronatur,</strong></span> <span class='ocrx_word' id='word_1_600' title='bbox 3062 3418 3226 3471; x_wconf 89' lang='lat' dir='ltr'><strong>multa</strong></span> <span class='ocrx_word' id='word_1_601' title='bbox 3276 3427 3408 3472; x_wconf 90' lang='lat' dir='ltr'><strong>sunt</strong></span> 
     </span>
    </p>
   </div>
   <div class='ocr_carea' id='block_1_81' title="bbox 1819 3507 3399 3579">
    <p class='ocr_par' dir='ltr' id='par_1_81' title="bbox 1819 3507 3399 3579">
     <span class='ocr_line' id='line_1_81' title="bbox 1819 3507 3399 3579; baseline 0.003 -19"><span class='ocrx_word' id='word_1_602' title='bbox 1819 3507 1982 3560; x_wconf 90' lang='lat' dir='ltr'><strong>etiam</strong></span> <span class='ocrx_word' id='word_1_603' title='bbox 2022 3508 2328 3561; x_wconf 86' lang='lat' dir='ltr'><strong>diademata</strong></span> <span class='ocrx_word' id='word_1_604' title='bbox 2379 3507 2544 3578; x_wconf 91' lang='lat' dir='ltr'><strong>capiti</strong></span> <span class='ocrx_word' id='word_1_605' title='bbox 2599 3517 2800 3562; x_wconf 88' lang='lat' dir='ltr'><strong>cuncta</strong></span> <span class='ocrx_word' id='word_1_606' title='bbox 2854 3509 3080 3564; x_wconf 89' lang='lat' dir='ltr'><strong>victoris</strong></span> <span class='ocrx_word' id='word_1_607' title='bbox 3124 3510 3399 3579; x_wconf 88' lang='lat' dir='ltr'><strong>imposita.</strong></span> 
     </span>
    </p>
   </div>
   <div class='ocr_carea' id='block_1_82' title="bbox 1819 3600 3402 3672">
    <p class='ocr_par' dir='ltr' id='par_1_82' title="bbox 1819 3600 3402 3672">
     <span class='ocr_line' id='line_1_82' title="bbox 1819 3600 3402 3672; baseline 0.003 -20"><span class='ocrx_word' id='word_1_608' title='bbox 1819 3600 1960 3666; x_wconf 87' lang='lat' dir='ltr'><strong>Quin</strong></span> <span class='ocrx_word' id='word_1_609' title='bbox 1992 3601 2156 3654; x_wconf 89' lang='lat' dir='ltr'><strong>etiam</strong></span> <span class='ocrx_word' id='word_1_610' title='bbox 2188 3616 2633 3670; x_wconf 85' lang='lat' dir='ltr'><strong>unamquamque</strong></span> <span class='ocrx_word' id='word_1_611' title='bbox 2658 3602 2926 3656; x_wconf 89' lang='lat' dir='ltr'><strong>actionem</strong></span> <span class='ocrx_word' id='word_1_612' title='bbox 2964 3602 3402 3672; x_wconf 83' lang='lat' dir='ltr'><strong>rehellemsupe-</strong></span> 
     </span>
    </p>
   </div>
   <div class='ocr_carea' id='block_1_83' title="bbox 1819 3690 3406 3762">
    <p class='ocr_par' dir='ltr' id='par_1_83' title="bbox 1819 3690 3406 3762">
     <span class='ocr_line' id='line_1_83' title="bbox 1819 3690 3406 3762; baseline 0.003 -18"><span class='ocrx_word' id='word_1_613' title='bbox 1819 3705 1970 3756; x_wconf 87' lang='lat' dir='ltr'><strong>rans,</strong></span> <span class='ocrx_word' id='word_1_614' title='bbox 2001 3690 2186 3745; x_wconf 91' lang='lat' dir='ltr'><strong>multis</strong></span> <span class='ocrx_word' id='word_1_615' title='bbox 2211 3693 2425 3746; x_wconf 90' lang='lat' dir='ltr'><strong>coronis</strong></span> <span class='ocrx_word' id='word_1_616' title='bbox 2455 3693 2524 3747; x_wconf 92' lang='lat' dir='ltr'><strong>ob</strong></span> <span class='ocrx_word' id='word_1_617' title='bbox 2564 3692 2850 3748; x_wconf 88' lang='lat' dir='ltr'><strong>victoriam</strong></span> <span class='ocrx_word' id='word_1_618' title='bbox 2884 3693 3238 3762; x_wconf 87' lang='lat' dir='ltr'><strong>multiplicem</strong></span> <span class='ocrx_word' id='word_1_619' title='bbox 3272 3696 3406 3750; x_wconf 83' lang='lat' dir='ltr'><strong>insi-</strong></span> 
     </span>
    </p>
   </div>
   <div class='ocr_carea' id='block_1_84' title="bbox 1817 3783 3402 3858">
    <p class='ocr_par' dir='ltr' id='par_1_84' title="bbox 1817 3783 3402 3858">
     <span class='ocr_line' id='line_1_84' title="bbox 1817 3783 3402 3858; baseline 0.003 -22"><span class='ocrx_word' id='word_1_620' title='bbox 1817 3783 2024 3854; x_wconf 87' lang='lat' dir='ltr'><strong>gnitur.</strong></span> <span class='ocrx_word' id='word_1_621' title='bbox 2061 3783 2254 3839; x_wconf 90' lang='lat' dir='ltr'><strong>Dictus</strong></span> <span class='ocrx_word' id='word_1_622' title='bbox 2291 3785 2454 3839; x_wconf 87' lang='lat' dir='ltr'><strong>etiam</strong></span> <span class='ocrx_word' id='word_1_623' title='bbox 2481 3797 2602 3854; x_wconf 87' lang='lat' dir='ltr'><strong>post</strong></span> <span class='ocrx_word' id='word_1_624' title='bbox 2636 3786 2940 3840; x_wconf 89' lang='lat' dir='ltr'><strong>diademata</strong></span> <span class='ocrx_word' id='word_1_625' title='bbox 2966 3789 3127 3858; x_wconf 88' lang='lat' dir='ltr'><strong>capiti</strong></span> <span class='ocrx_word' id='word_1_626' title='bbox 3150 3789 3402 3857; x_wconf 89' lang='lat' dir='ltr'><strong>imposita</strong></span> 
     </span>
    </p>
   </div>
   <div class='ocr_carea' id='block_1_85' title="bbox 1818 3875 3401 3948">
    <p class='ocr_par' dir='ltr' id='par_1_85' title="bbox 1818 3875 3401 3948">
     <span class='ocr_line' id='line_1_85' title="bbox 1818 3875 3401 3948; baseline 0.003 -20"><span class='ocrx_word' id='word_1_627' title='bbox 1818 3889 2014 3930; x_wconf 89' lang='lat' dir='ltr'><strong>nomen</strong></span> <span class='ocrx_word' id='word_1_628' title='bbox 2034 3875 2236 3929; x_wconf 88' lang='lat' dir='ltr'><strong>habere</strong></span> <span class='ocrx_word' id='word_1_629' title='bbox 2254 3875 2541 3944; x_wconf 83' lang='lat' dir='ltr'><strong>scriptum,</strong></span> <span class='ocrx_word' id='word_1_630' title='bbox 2562 3876 2705 3945; x_wconf 90' lang='lat' dir='ltr'><strong>quod</strong></span> <span class='ocrx_word' id='word_1_631' title='bbox 2728 3892 2887 3931; x_wconf 89' lang='lat' dir='ltr'><strong>nemo</strong></span> <span class='ocrx_word' id='word_1_632' title='bbox 2905 3877 3054 3932; x_wconf 86' lang='lat' dir='ltr'><strong>novit</strong></span> <span class='ocrx_word' id='word_1_633' title='bbox 3073 3878 3172 3934; x_wconf 88' lang='lat' dir='ltr'><strong>nisi</strong></span> <span class='ocrx_word' id='word_1_634' title='bbox 3194 3876 3309 3948; x_wconf 90' lang='lat' dir='ltr'><strong>ipse</strong></span> <span class='ocrx_word' id='word_1_635' title='bbox 3333 3877 3401 3944; x_wconf 58' lang='lat'><strong>’9;</strong></span> 
     </span>
    </p>
   </div>
   <div class='ocr_carea' id='block_1_86' title="bbox 1819 3967 3402 4037">
    <p class='ocr_par' dir='ltr' id='par_1_86' title="bbox 1819 3967 3402 4037">
     <span class='ocr_line' id='line_1_86' title="bbox 1819 3967 3402 4037; baseline 0.003 -17"><span class='ocrx_word' id='word_1_636' title='bbox 1819 3967 1966 4020; x_wconf 91' lang='lat' dir='ltr'><strong>novit</strong></span> <span class='ocrx_word' id='word_1_637' title='bbox 1993 3968 2138 4021; x_wconf 90' lang='lat' dir='ltr'><strong>enim</strong></span> <span class='ocrx_word' id='word_1_638' title='bbox 2162 3968 2310 4022; x_wconf 90' lang='lat' dir='ltr'><strong>solus</strong></span> <span class='ocrx_word' id='word_1_639' title='bbox 2335 3967 2580 4037; x_wconf 67' lang='lat' dir='ltr'><strong>quaedam</strong></span> <span class='ocrx_word' id='word_1_640' title='bbox 2611 3970 2884 4024; x_wconf 88' lang='lat' dir='ltr'><strong>animatus</strong></span> <span class='ocrx_word' id='word_1_641' title='bbox 2916 3969 3007 4024; x_wconf 91' lang='lat' dir='ltr'><strong>hic</strong></span> <span class='ocrx_word' id='word_1_642' title='bbox 3033 3971 3248 4034; x_wconf 86' lang='lat' dir='ltr'><strong>Sermo,</strong></span> <span class='ocrx_word' id='word_1_643' title='bbox 3280 3987 3402 4026; x_wconf 87' lang='lat' dir='ltr'><strong>cum</strong></span> 
     </span>
    </p>
   </div>
   <div class='ocr_carea' id='block_1_87' title="bbox 1819 4060 3404 4133">
    <p class='ocr_par' dir='ltr' id='par_1_87' title="bbox 1819 4060 3404 4133">
     <span class='ocr_line' id='line_1_87' title="bbox 1819 4060 3404 4133; baseline 0.003 -19"><span class='ocrx_word' id='word_1_644' title='bbox 1819 4061 2003 4115; x_wconf 90' lang='lat' dir='ltr'><strong>nullus</strong></span> <span class='ocrx_word' id='word_1_645' title='bbox 2028 4061 2234 4115; x_wconf 88' lang='lat' dir='ltr'><strong>intueri</strong></span> <span class='ocrx_word' id='word_1_646' title='bbox 2263 4060 2436 4129; x_wconf 80' lang='lat' dir='ltr'><strong>possit</strong></span> <span class='ocrx_word' id='word_1_647' title='bbox 2468 4076 2531 4115; x_wconf 84' lang='lat' dir='ltr'><strong>ea</strong></span> <span class='ocrx_word' id='word_1_648' title='bbox 2564 4077 2685 4129; x_wconf 66' lang='lat' dir='ltr'><strong>qua}</strong></span> <span class='ocrx_word' id='word_1_649' title='bbox 2714 4061 2804 4117; x_wconf 90' lang='lat' dir='ltr'><strong>ille</strong></span> <span class='ocrx_word' id='word_1_650' title='bbox 2845 4063 3286 4133; x_wconf 85' lang='lat' dir='ltr'><strong>comprehendit,</strong></span> <span class='ocrx_word' id='word_1_651' title='bbox 3337 4079 3404 4119; x_wconf 87' lang='lat' dir='ltr'><strong>eo</strong></span> 
     </span>
    </p>
   </div>
   <div class='ocr_carea' id='block_1_88' title="bbox 1821 4153 3404 4226">
    <p class='ocr_par' dir='ltr' id='par_1_88' title="bbox 1821 4153 3404 4226">
     <span class='ocr_line' id='line_1_88' title="bbox 1821 4153 3404 4226; baseline 0.006 -21"><span class='ocrx_word' id='word_1_652' title='bbox 1821 4153 1964 4221; x_wconf 90' lang='lat' dir='ltr'><strong>quod</strong></span> <span class='ocrx_word' id='word_1_653' title='bbox 1995 4168 2082 4207; x_wconf 88' lang='lat' dir='ltr'><strong>res</strong></span> <span class='ocrx_word' id='word_1_654' title='bbox 2107 4167 2226 4222; x_wconf 83' lang='lat' dir='ltr'><strong>quae</strong></span> <span class='ocrx_word' id='word_1_655' title='bbox 2257 4157 2512 4209; x_wconf 78' lang='lat' dir='ltr'><strong>continue</strong></span> <span class='ocrx_word' id='word_1_656' title='bbox 2547 4167 2884 4224; x_wconf 77' lang='lat' dir='ltr'><strong>generantur</strong></span> <span class='ocrx_word' id='word_1_657' title='bbox 2910 4155 3068 4226; x_wconf 82' lang='lat' dir='ltr'><strong>longe</strong></span> <span class='ocrx_word' id='word_1_658' title='bbox 3109 4156 3404 4215; x_wconf 82' lang='lat' dir='ltr'><strong>inferiores</strong></span> 
     </span>
    </p>
   </div>
   <div class='ocr_carea' id='block_1_89' title="bbox 1815 4247 3405 4321">
    <p class='ocr_par' dir='ltr' id='par_1_89' title="bbox 1815 4247 3405 4321">
     <span class='ocr_line' id='line_1_89' title="bbox 1815 4247 3405 4321; baseline 0.004 -22"><span class='ocrx_word' id='word_1_659' title='bbox 1815 4247 1926 4300; x_wconf 89' lang='lat' dir='ltr'><strong>sint</strong></span> <span class='ocrx_word' id='word_1_660' title='bbox 1957 4259 2147 4300; x_wconf 85' lang='lat' dir='ltr'><strong>natura</strong></span> <span class='ocrx_word' id='word_1_661' title='bbox 2176 4247 2360 4316; x_wconf 89' lang='lat' dir='ltr'><strong>ipsius.</strong></span> <span class='ocrx_word' id='word_1_662' title='bbox 2395 4251 2578 4319; x_wconf 86' lang='lat' dir='ltr'><strong>Atque</strong></span> <span class='ocrx_word' id='word_1_663' title='bbox 2610 4251 2778 4304; x_wconf 85' lang='lat' dir='ltr'><strong>etiam</strong></span> <span class='ocrx_word' id='word_1_664' title='bbox 2813 4249 3070 4306; x_wconf 90' lang='lat' dir='ltr'><strong>fortassis</strong></span> <span class='ocrx_word' id='word_1_665' title='bbox 3097 4251 3198 4305; x_wconf 92' lang='lat' dir='ltr'><strong>soli</strong></span> <span class='ocrx_word' id='word_1_666' title='bbox 3236 4253 3405 4321; x_wconf 82' lang='lat' dir='ltr'><strong>parti-</strong></span> 
     </span>
    </p>
   </div>
   <div class='ocr_carea' id='block_1_90' title="bbox 1816 4337 3402 4412">
    <p class='ocr_par' dir='ltr' id='par_1_90' title="bbox 1816 4337 3402 4412">
     <span class='ocr_line' id='line_1_90' title="bbox 1816 4337 3402 4412; baseline 0.001 -20"><span class='ocrx_word' id='word_1_667' title='bbox 1816 4339 1964 4407; x_wconf 89' lang='lat' dir='ltr'><strong>cipes</strong></span> <span class='ocrx_word' id='word_1_668' title='bbox 1993 4338 2137 4393; x_wconf 90' lang='lat' dir='ltr'><strong>illius</strong></span> <span class='ocrx_word' id='word_1_669' title='bbox 2167 4337 2452 4396; x_wconf 88' lang='lat' dir='ltr'><strong>Sermonis</strong></span> <span class='ocrx_word' id='word_1_670' title='bbox 2481 4343 2725 4410; x_wconf 65' lang='lat' dir='ltr'><strong>quaadam</strong></span> <span class='ocrx_word' id='word_1_671' title='bbox 2754 4352 2955 4397; x_wconf 90' lang='lat' dir='ltr'><strong>norunt</strong></span> <span class='ocrx_word' id='word_1_672' title='bbox 2982 4357 3103 4412; x_wconf 63' lang='lat' dir='ltr'><strong>qua!</strong></span> <span class='ocrx_word' id='word_1_673' title='bbox 3129 4343 3402 4396; x_wconf 88' lang='lat' dir='ltr'><strong>suntabs-</strong></span> 
     </span>
    </p>
   </div>
   <div class='ocr_carea' id='block_1_91' title="bbox 1813 4423 3406 4494">
    <p class='ocr_par' dir='ltr' id='par_1_91' title="bbox 1813 4423 3406 4494">
     <span class='ocr_line' id='line_1_91' title="bbox 1813 4423 3406 4494; baseline 0.004 -19"><span class='ocrx_word' id='word_1_674' title='bbox 1813 4423 2032 4477; x_wconf 90' lang='lat' dir='ltr'><strong>condita</strong></span> <span class='ocrx_word' id='word_1_675' title='bbox 2084 4439 2191 4478; x_wconf 92' lang='lat' dir='ltr'><strong>non</strong></span> <span class='ocrx_word' id='word_1_676' title='bbox 2239 4425 2695 4494; x_wconf 84' lang='lat' dir='ltr'><strong>participantibus</strong></span> <span class='ocrx_word' id='word_1_677' title='bbox 2747 4426 2918 4480; x_wconf 78' lang='lat' dir='ltr'><strong>illum.</strong></span> <span class='ocrx_word' id='word_1_678' title='bbox 2984 4427 3156 4481; x_wconf 84' lang='lat' dir='ltr'><strong>Porro</strong></span> <span class='ocrx_word' id='word_1_679' title='bbox 3210 4426 3406 4482; x_wconf 82' lang='lat' dir='ltr'><strong>SCI‘IIIO</strong></span> 
     </span>
    </p>
   </div>
   <div class='ocr_carea' id='block_1_92' title="bbox 133 4501 1711 4604">
    <p class='ocr_par' dir='ltr' id='par_1_92' title="bbox 133 4501 1708 4577">
     <span class='ocr_line' id='line_1_92' title="bbox 133 4501 1708 4577; baseline -0.002 -20"><span class='ocrx_word' id='word_1_680' title='bbox 133 4508 243 4569; x_wconf 69' lang='grc' dir='ltr'>τοῖος</span> <span class='ocrx_word' id='word_1_681' title='bbox 264 4505 340 4577; x_wconf 77' lang='grc' dir='ltr'>μὴ</span> <span class='ocrx_word' id='word_1_682' title='bbox 371 4504 704 4576; x_wconf 85' lang='grc' dir='ltr'>μετέχοντας</span> <span class='ocrx_word' id='word_1_683' title='bbox 728 4501 876 4556; x_wconf 81' lang='grc' dir='ltr'>ἴσασι</span> <span class='ocrx_word' id='word_1_684' title='bbox 903 4501 976 4574; x_wconf 90' lang='grc'><strong>(6)</strong></span> <span class='ocrx_word' id='word_1_685' title='bbox 996 4501 1064 4554; x_wconf 80' lang='grc' dir='ltr'><strong>τὰ</strong></span> <span class='ocrx_word' id='word_1_686' title='bbox 1089 4501 1164 4573; x_wconf 76' lang='grc' dir='ltr'>μὴ</span> <span class='ocrx_word' id='word_1_687' title='bbox 1193 4503 1274 4565; x_wconf 87' lang='grc' dir='ltr'><strong>είς</strong></span> <span class='ocrx_word' id='word_1_688' title='bbox 1299 4502 1544 4562; x_wconf 76' lang='grc' dir='ltr'>ἐκείνους</span> <span class='ocrx_word' id='word_1_689' title='bbox 1568 4501 1708 4570; x_wconf 86' lang='grc' dir='ltr'>φθά-</span> 
     </span>
    </p>
   </div>
   <div class='ocr_carea' id='block_1_93' title="bbox 1881 4501 3404 4604">
    <p class='ocr_par' dir='ltr' id='par_1_93' title="bbox 1881 4510 3404 4583">
     <span class='ocr_line' id='line_1_93' title="bbox 1881 4510 3404 4583; baseline 0.003 -20"><span class='ocrx_word' id='word_1_690' title='bbox 1881 4525 1907 4563; x_wconf 88' lang='lat' dir='ltr'><strong>e</strong></span> <span class='ocrx_word' id='word_1_691' title='bbox 1944 4511 2034 4564; x_wconf 90' lang='lat' dir='ltr'><strong>Dei</strong></span> <span class='ocrx_word' id='word_1_692' title='bbox 2071 4527 2176 4566; x_wconf 93' lang='lat' dir='ltr'><strong>non</strong></span> <span class='ocrx_word' id='word_1_693' title='bbox 2207 4513 2386 4566; x_wconf 90' lang='lat' dir='ltr'><strong>nudus</strong></span> <span class='ocrx_word' id='word_1_694' title='bbox 2417 4529 2444 4565; x_wconf 89' lang='lat' dir='ltr'><strong>a</strong></span> <span class='ocrx_word' id='word_1_695' title='bbox 2473 4510 2682 4566; x_wconf 85' lang='lat' dir='ltr'><strong>Joanne</strong></span> <span class='ocrx_word' id='word_1_696' title='bbox 2711 4513 2958 4566; x_wconf 88' lang='lat' dir='ltr'><strong>cernitur</strong></span> <span class='ocrx_word' id='word_1_697' title='bbox 2995 4514 3064 4579; x_wconf 79' lang='lat'><strong>“,</strong></span> <span class='ocrx_word' id='word_1_698' title='bbox 3098 4515 3225 4569; x_wconf 91' lang='lat' dir='ltr'><strong>dum</strong></span> <span class='ocrx_word' id='word_1_699' title='bbox 3260 4530 3404 4583; x_wconf 91' lang='lat' dir='ltr'><strong>equo</strong></span> 
     </span>
    </p>
   </div>
   <div class='ocr_carea' id='block_1_94' title="bbox 146 4593 1708 4668">
    <p class='ocr_par' dir='ltr' id='par_1_94' title="bbox 146 4593 1708 4668">
     <span class='ocr_line' id='line_1_94' title="bbox 146 4593 1708 4668; baseline -0.001 -18"><span class='ocrx_word' id='word_1_700' title='bbox 146 4614 292 4652; x_wconf 74' lang='grc' dir='ltr'>νοντα.</span> <span class='ocrx_word' id='word_1_701' title='bbox 330 4599 406 4652; x_wconf 78' lang='grc' dir='ltr'><strong>Οὐ</strong></span> <span class='ocrx_word' id='word_1_702' title='bbox 455 4597 670 4668; x_wconf 84' lang='grc' dir='ltr'>γυμνὸς</span> <span class='ocrx_word' id='word_1_703' title='bbox 713 4595 771 4648; x_wconf 76' lang='grc' dir='ltr'>δὲ</span> <span class='ocrx_word' id='word_1_704' title='bbox 819 4594 897 4666; x_wconf 82' lang='grc' dir='ltr'>τῷ</span> <span class='ocrx_word' id='word_1_705' title='bbox 943 4593 1169 4666; x_wconf 85' lang='grc' dir='ltr'>Ἰωάννῃ</span> <span class='ocrx_word' id='word_1_706' title='bbox 1209 4596 1406 4666; x_wconf 79' lang='grc' dir='ltr'>ὁρᾶται</span> <span class='ocrx_word' id='word_1_707' title='bbox 1440 4594 1519 4666; x_wconf 83' lang='grc' dir='ltr'>τῷ</span> <span class='ocrx_word' id='word_1_708' title='bbox 1555 4595 1708 4666; x_wconf 80' lang='grc' dir='ltr'>ἵππῳ</span> 
     </span>
    </p>
   </div>
   <div class='ocr_carea' id='block_1_95' title="bbox 148 4689 1708 4764">
    <p class='ocr_par' dir='ltr' id='par_1_95' title="bbox 148 4689 1708 4764">
     <span class='ocr_line' id='line_1_95' title="bbox 148 4689 1708 4764; baseline 0.002 -24"><span class='ocrx_word' id='word_1_709' title='bbox 148 4689 408 4764; x_wconf 75' lang='grc' dir='ltr'>ὀχούμενος</span> <span class='ocrx_word' id='word_1_710' title='bbox 437 4692 468 4743; x_wconf 89' lang='lat'><strong>6</strong></span> <span class='ocrx_word' id='word_1_711' title='bbox 493 4689 594 4744; x_wconf 88' lang='grc' dir='ltr'><strong>τοῦ</strong></span> <span class='ocrx_word' id='word_1_712' title='bbox 620 4689 758 4743; x_wconf 88' lang='grc' dir='ltr'>Θεοῦ</span> <span class='ocrx_word' id='word_1_713' title='bbox 785 4689 984 4759; x_wconf 85' lang='grc' dir='ltr'>Λόγος·</span> <span class='ocrx_word' id='word_1_714' title='bbox 1021 4689 1414 4760; x_wconf 86' lang='grc' dir='ltr'>περιϐέϐληται</span> <span class='ocrx_word' id='word_1_715' title='bbox 1442 4689 1552 4761; x_wconf 84' lang='grc' dir='ltr'>γὰρ</span> <span class='ocrx_word' id='word_1_716' title='bbox 1578 4690 1708 4760; x_wconf 90' lang='grc' dir='ltr'>ἱμά-</span> 
     </span>
    </p>
   </div>
   <div class='ocr_carea' id='block_1_96' title="bbox 146 4781 1707 4858">
    <p class='ocr_par' dir='ltr' id='par_1_96' title="bbox 146 4781 1707 4858">
     <span class='ocr_line' id='line_1_96' title="bbox 146 4781 1707 4858; baseline -0.001 -23"><span class='ocrx_word' id='word_1_717' title='bbox 146 4799 227 4840; x_wconf 84' lang='grc' dir='ltr'>τιον</span> <span class='ocrx_word' id='word_1_718' title='bbox 275 4784 632 4858; x_wconf 80' lang='grc' dir='ltr'>ὲρραμμένον</span> <span class='ocrx_word' id='word_1_719' title='bbox 685 4783 902 4853; x_wconf 83' lang='grc' dir='ltr'>αἵματι,</span> <span class='ocrx_word' id='word_1_720' title='bbox 938 4781 1170 4854; x_wconf 81' lang='grc' dir='ltr'>ἐπείπερ</span> <span class='ocrx_word' id='word_1_721' title='bbox 1225 4782 1346 4853; x_wconf 86' lang='grc' dir='ltr'>ἴχνη</span> <span class='ocrx_word' id='word_1_722' title='bbox 1397 4781 1707 4852; x_wconf 85' lang='grc' dir='ltr'>περίκειται</span> 
     </span>
    </p>
   </div>
   <div class='ocr_carea' id='block_1_97' title="bbox 147 4873 1707 4950">
    <p class='ocr_par' dir='ltr' id='par_1_97' title="bbox 147 4873 1707 4950">
     <span class='ocr_line' id='line_1_97' title="bbox 147 4873 1707 4950; baseline 0 -23"><span class='ocrx_word' id='word_1_723' title='bbox 147 4877 468 4950; x_wconf 78' lang='grc' dir='ltr'>ὁγενόμενος</span> <span class='ocrx_word' id='word_1_724' title='bbox 499 4877 673 4946; x_wconf 85' lang='grc' dir='ltr'>Λόγος</span> <span class='ocrx_word' id='word_1_725' title='bbox 703 4875 861 4946; x_wconf 80' lang='grc' dir='ltr'>σὰρξ,</span> <span class='ocrx_word' id='word_1_726' title='bbox 891 4877 986 4929; x_wconf 64' lang='grc' dir='ltr'><strong>καὶ⁹</strong></span> <span class='ocrx_word' id='word_1_727' title='bbox 1029 4876 1119 4930; x_wconf 79' lang='grc' dir='ltr'><strong>διὰ</strong></span> <span class='ocrx_word' id='word_1_728' title='bbox 1147 4876 1210 4929; x_wconf 82' lang='grc' dir='ltr'>τὸ</span> <span class='ocrx_word' id='word_1_729' title='bbox 1235 4875 1518 4944; x_wconf 85' lang='grc' dir='ltr'>γεγονέναι</span> <span class='ocrx_word' id='word_1_730' title='bbox 1569 4873 1707 4946; x_wconf 80' lang='grc' dir='ltr'>σὰρξ</span> 
     </span>
    </p>
   </div>
   <div class='ocr_carea' id='block_1_98' title="bbox 148 4964 1705 5042">
    <p class='ocr_par' dir='ltr' id='par_1_98' title="bbox 148 4964 1705 5042">
     <span class='ocr_line' id='line_1_98' title="bbox 148 4964 1705 5042; baseline 0 -22"><span class='ocrx_word' id='word_1_731' title='bbox 148 4969 426 5037; x_wconf 76' lang='grc' dir='ltr'>ἀποθανὼν,</span> <span class='ocrx_word' id='word_1_732' title='bbox 467 4971 547 5034; x_wconf 86' lang='grc' dir='ltr'>ὡς</span> <span class='ocrx_word' id='word_1_733' title='bbox 581 4968 920 5042; x_wconf 62' lang='grc' dir='ltr'>προχυθιῖψαι</span> <span class='ocrx_word' id='word_1_734' title='bbox 954 4969 1116 5023; x_wconf 79' lang='grc' dir='ltr'>αὑτοῦ</span> <span class='ocrx_word' id='word_1_735' title='bbox 1165 4970 1259 5022; x_wconf 80' lang='grc' dir='ltr'>καὶ</span> <span class='ocrx_word' id='word_1_736' title='bbox 1303 4964 1444 5039; x_wconf 79' lang='grc' dir='ltr'>αἷμα</span> <span class='ocrx_word' id='word_1_737' title='bbox 1485 4968 1578 5020; x_wconf 73' lang='grc' dir='ltr'><strong>ἐπὶ</strong></span> <span class='ocrx_word' id='word_1_738' title='bbox 1605 4967 1705 5038; x_wconf 82' lang='grc' dir='ltr'>τὴν</span> 
     </span>
    </p>
   </div>
   <div class='ocr_carea' id='block_1_99' title="bbox 148 5060 1701 5133">
    <p class='ocr_par' dir='ltr' id='par_1_99' title="bbox 148 5060 1701 5133">
     <span class='ocr_line' id='line_1_99' title="bbox 148 5060 1701 5133; baseline -0.001 -19"><span class='ocrx_word' id='word_1_739' title='bbox 148 5062 242 5132; x_wconf 78' lang='grc' dir='ltr'>γῆν,</span> <span class='ocrx_word' id='word_1_740' title='bbox 273 5064 537 5129; x_wconf 78' lang='grc' dir='ltr'>νύξαντος</span> <span class='ocrx_word' id='word_1_741' title='bbox 575 5061 671 5116; x_wconf 87' lang='grc' dir='ltr'><strong>τοῦ</strong></span> <span class='ocrx_word' id='word_1_742' title='bbox 706 5060 1044 5132; x_wconf 83' lang='grc' dir='ltr'>στρατιώτου</span> <span class='ocrx_word' id='word_1_743' title='bbox 1089 5061 1188 5132; x_wconf 84' lang='grc' dir='ltr'>τὴν</span> <span class='ocrx_word' id='word_1_744' title='bbox 1226 5061 1466 5133; x_wconf 84' lang='grc' dir='ltr'>πλευρὰν</span> <span class='ocrx_word' id='word_1_745' title='bbox 1499 5060 1661 5114; x_wconf 85' lang='grc' dir='ltr'>αὐτοῦ</span> <span class='ocrx_word' id='word_1_746' title='bbox 1689 5077 1701 5090; x_wconf 80' lang='grc'><em>’</em></span> 
     </span>
    </p>
   </div>
   <div class='ocr_carea' id='block_1_100' title="bbox 149 5153 1706 5228">
    <p class='ocr_par' dir='ltr' id='par_1_100' title="bbox 149 5153 1706 5228">
     <span class='ocr_line' id='line_1_100' title="bbox 149 5153 1706 5228; baseline -0.002 -19"><span class='ocrx_word' id='word_1_747' title='bbox 149 5154 327 5210; x_wconf 71' lang='grc' dir='ltr'>ἐκείνου</span> <span class='ocrx_word' id='word_1_748' title='bbox 345 5157 444 5210; x_wconf 87' lang='grc' dir='ltr'><strong>τοῦ</strong></span> <span class='ocrx_word' id='word_1_749' title='bbox 469 5156 698 5222; x_wconf 87' lang='grc' dir='ltr'>πάθους,</span> <span class='ocrx_word' id='word_1_750' title='bbox 718 5157 859 5227; x_wconf 88' lang='grc' dir='ltr'>τάχα</span> <span class='ocrx_word' id='word_1_751' title='bbox 874 5155 982 5228; x_wconf 81' lang='grc' dir='ltr'><strong>γὰρ</strong></span> <span class='ocrx_word' id='word_1_752' title='bbox 998 5155 1104 5210; x_wconf 79' lang='grc' dir='ltr'>κᾶν</span> <span class='ocrx_word' id='word_1_753' title='bbox 1129 5156 1277 5219; x_wconf 85' lang='grc' dir='ltr'>ὅπως</span> <span class='ocrx_word' id='word_1_754' title='bbox 1301 5155 1431 5207; x_wconf 88' lang='grc' dir='ltr'>ποτὲ</span> <span class='ocrx_word' id='word_1_755' title='bbox 1452 5156 1509 5206; x_wconf 83' lang='grc' dir='ltr'>ὲν</span> <span class='ocrx_word' id='word_1_756' title='bbox 1526 5155 1592 5224; x_wconf 82' lang='grc' dir='ltr'>τῇ</span> <span class='ocrx_word' id='word_1_757' title='bbox 1613 5153 1706 5206; x_wconf 88' lang='grc' dir='ltr'><strong>τοῦ</strong></span> 
     </span>
    </p>
   </div>
   <div class='ocr_carea' id='block_1_101' title="bbox 147 5246 1710 5323">
    <p class='ocr_par' dir='ltr' id='par_1_101' title="bbox 147 5246 1710 5323">
     <span class='ocr_line' id='line_1_101' title="bbox 147 5246 1710 5323; baseline -0.004 -18"><span class='ocrx_word' id='word_1_758' title='bbox 147 5248 292 5320; x_wconf 74' lang='grc' dir='ltr'>Λόγου</span> <span class='ocrx_word' id='word_1_759' title='bbox 325 5250 640 5323; x_wconf 69' lang='grc' dir='ltr'>ὑψηλοτάτη</span> <span class='ocrx_word' id='word_1_760' title='bbox 667 5250 764 5304; x_wconf 75' lang='grc' dir='ltr'>καὶ</span> <span class='ocrx_word' id='word_1_761' title='bbox 786 5250 1036 5320; x_wconf 83' lang='grc' dir='ltr'>ἀνωτάτῃ</span> <span class='ocrx_word' id='word_1_762' title='bbox 1057 5247 1260 5320; x_wconf 79' lang='grc' dir='ltr'>θεωρίᾳ</span> <span class='ocrx_word' id='word_1_763' title='bbox 1287 5246 1596 5318; x_wconf 83' lang='grc' dir='ltr'>γενώμεθα,</span> <span class='ocrx_word' id='word_1_764' title='bbox 1614 5247 1710 5300; x_wconf 78' lang='grc' dir='ltr'>καὶ</span> 
     </span>
    </p>
   </div>
   <div class='ocr_carea' id='block_1_102' title="bbox 145 5338 1708 5415">
    <p class='ocr_par' dir='ltr' id='par_1_102' title="bbox 145 5338 1708 5415">
     <span class='ocr_line' id='line_1_102' title="bbox 145 5338 1708 5415; baseline -0.001 -23"><span class='ocrx_word' id='word_1_765' title='bbox 145 5342 222 5415; x_wconf 71' lang='grc' dir='ltr'>τῆς</span> <span class='ocrx_word' id='word_1_766' title='bbox 241 5344 500 5415; x_wconf 80' lang='grc' dir='ltr'>ἀληθείας</span> <span class='ocrx_word' id='word_1_767' title='bbox 530 5344 591 5396; x_wconf 82' lang='grc' dir='ltr'>οὐ</span> <span class='ocrx_word' id='word_1_768' title='bbox 621 5342 803 5412; x_wconf 88' lang='grc' dir='ltr'>πάντη</span> <span class='ocrx_word' id='word_1_769' title='bbox 832 5340 1230 5412; x_wconf 80' lang='grc' dir='ltr'>ἐπιλησόμεθα,</span> <span class='ocrx_word' id='word_1_770' title='bbox 1267 5340 1366 5411; x_wconf 82' lang='grc' dir='ltr'>τῆς</span> <span class='ocrx_word' id='word_1_771' title='bbox 1402 5341 1461 5392; x_wconf 79' lang='grc' dir='ltr'>ὲν</span> <span class='ocrx_word' id='word_1_772' title='bbox 1495 5338 1708 5410; x_wconf 87' lang='grc' dir='ltr'>σώματι</span> 
     </span>
    </p>
   </div>
   <div class='ocr_carea' id='block_1_103' title="bbox 1819 4595 3400 4666">
    <p class='ocr_par' dir='ltr' id='par_1_103' title="bbox 1819 4595 3400 4666">
     <span class='ocr_line' id='line_1_103' title="bbox 1819 4595 3400 4666; baseline 0.003 -19"><span class='ocrx_word' id='word_1_773' title='bbox 1819 4595 1942 4650; x_wconf 88' lang='lat' dir='ltr'><strong>albo</strong></span> <span class='ocrx_word' id='word_1_774' title='bbox 1958 4596 2194 4661; x_wconf 85' lang='lat' dir='ltr'><strong>vehitur,</strong></span> <span class='ocrx_word' id='word_1_775' title='bbox 2221 4598 2312 4652; x_wconf 81' lang='lat' dir='ltr'><strong>sed</strong></span> <span class='ocrx_word' id='word_1_776' title='bbox 2334 4597 2713 4652; x_wconf 90' lang='lat' dir='ltr'><strong>circumdatus</strong></span> <span class='ocrx_word' id='word_1_777' title='bbox 2736 4607 2885 4652; x_wconf 87' lang='lat' dir='ltr'><strong>veste</strong></span> <span class='ocrx_word' id='word_1_778' title='bbox 2908 4601 3176 4666; x_wconf 86' lang='lat' dir='ltr'><strong>sanguine</strong></span> <span class='ocrx_word' id='word_1_779' title='bbox 3207 4600 3400 4663; x_wconf 89' lang='lat' dir='ltr'><strong>tincta,</strong></span> 
     </span>
    </p>
   </div>
   <div class='ocr_carea' id='block_1_104' title="bbox 1815 4686 3404 4760">
    <p class='ocr_par' dir='ltr' id='par_1_104' title="bbox 1815 4686 3404 4760">
     <span class='ocr_line' id='line_1_104' title="bbox 1815 4686 3404 4760; baseline 0.004 -25"><span class='ocrx_word' id='word_1_780' title='bbox 1815 4686 2259 4755; x_wconf 87' lang='lat' dir='ltr'><strong>quandoquidem</strong></span> <span class='ocrx_word' id='word_1_781' title='bbox 2314 4688 2564 4760; x_wconf 83' lang='lat' dir='ltr'><strong>vestigiis</strong></span> <span class='ocrx_word' id='word_1_782' title='bbox 2607 4697 2662 4740; x_wconf 93' lang='lat' dir='ltr'><strong>et</strong></span> <span class='ocrx_word' id='word_1_783' title='bbox 2716 4687 2862 4742; x_wconf 88' lang='lat' dir='ltr'><strong>notis</strong></span> <span class='ocrx_word' id='word_1_784' title='bbox 2917 4688 3284 4742; x_wconf 80' lang='lat' dir='ltr'><strong>circumdatus</strong></span> <span class='ocrx_word' id='word_1_785' title='bbox 3318 4696 3404 4742; x_wconf 84' lang='lat' dir='ltr'><strong>est</strong></span> 
     </span>
    </p>
   </div>
   <div class='ocr_carea' id='block_1_105' title="bbox 1817 4777 3400 4850">
    <p class='ocr_par' dir='ltr' id='par_1_105' title="bbox 1817 4777 3400 4850">
     <span class='ocr_line' id='line_1_105' title="bbox 1817 4777 3400 4850; baseline 0.002 -19"><span class='ocrx_word' id='word_1_786' title='bbox 1817 4777 2010 4832; x_wconf 85' lang='lat' dir='ltr'><strong>Sermo</strong></span> <span class='ocrx_word' id='word_1_787' title='bbox 2039 4777 2216 4836; x_wconf 85' lang='lat' dir='ltr'><strong>factus</strong></span> <span class='ocrx_word' id='word_1_788' title='bbox 2245 4795 2397 4848; x_wconf 87' lang='lat' dir='ltr'><strong>caro,</strong></span> <span class='ocrx_word' id='word_1_789' title='bbox 2428 4791 2483 4836; x_wconf 89' lang='lat' dir='ltr'><strong>et</strong></span> <span class='ocrx_word' id='word_1_790' title='bbox 2513 4780 2716 4836; x_wconf 89' lang='lat' dir='ltr'><strong>idcirco</strong></span> <span class='ocrx_word' id='word_1_791' title='bbox 2744 4781 2910 4835; x_wconf 89' lang='lat' dir='ltr'><strong>etiam</strong></span> <span class='ocrx_word' id='word_1_792' title='bbox 2945 4792 3195 4836; x_wconf 84' lang='lat' dir='ltr'><strong>mortuus</strong></span> <span class='ocrx_word' id='word_1_793' title='bbox 3219 4821 3234 4846; x_wconf 94' lang='lat'><strong>,</strong></span> <span class='ocrx_word' id='word_1_794' title='bbox 3273 4782 3400 4850; x_wconf 81' lang='lat' dir='ltr'><strong>quia</strong></span> 
     </span>
    </p>
   </div>
   <div class='ocr_carea' id='block_1_106' title="bbox 1814 4873 3402 4942">
    <p class='ocr_par' dir='ltr' id='par_1_106' title="bbox 1814 4873 3402 4942">
     <span class='ocr_line' id='line_1_106' title="bbox 1814 4873 3402 4942; baseline 0.001 -18"><span class='ocrx_word' id='word_1_795' title='bbox 1814 4885 1946 4927; x_wconf 87' lang='lat' dir='ltr'><strong>caro</strong></span> <span class='ocrx_word' id='word_1_796' title='bbox 1996 4873 2192 4938; x_wconf 85' lang='lat' dir='ltr'><strong>factus,</strong></span> <span class='ocrx_word' id='word_1_797' title='bbox 2242 4873 2316 4926; x_wconf 91' lang='lat' dir='ltr'><strong>ita</strong></span> <span class='ocrx_word' id='word_1_798' title='bbox 2363 4881 2421 4926; x_wconf 93' lang='lat' dir='ltr'><strong>ut</strong></span> <span class='ocrx_word' id='word_1_799' title='bbox 2455 4873 2774 4942; x_wconf 89' lang='lat' dir='ltr'><strong>sanguinem</strong></span> <span class='ocrx_word' id='word_1_800' title='bbox 2815 4887 2979 4942; x_wconf 90' lang='lat' dir='ltr'><strong>super</strong></span> <span class='ocrx_word' id='word_1_801' title='bbox 3009 4883 3211 4928; x_wconf 87' lang='lat' dir='ltr'><strong>terram</strong></span> <span class='ocrx_word' id='word_1_802' title='bbox 3243 4888 3402 4928; x_wconf 91' lang='lat' dir='ltr'><strong>suum</strong></span> 
     </span>
    </p>
   </div>
   <div class='ocr_carea' id='block_1_107' title="bbox 1813 4964 3403 5036">
    <p class='ocr_par' dir='ltr' id='par_1_107' title="bbox 1813 4964 3403 5036">
     <span class='ocr_line' id='line_1_107' title="bbox 1813 4964 3403 5036; baseline -0.001 -17"><span class='ocrx_word' id='word_1_803' title='bbox 1813 4965 2134 5034; x_wconf 89' lang='lat' dir='ltr'><strong>profuderit,</strong></span> <span class='ocrx_word' id='word_1_804' title='bbox 2155 4965 2326 5018; x_wconf 92' lang='lat' dir='ltr'><strong>milite</strong></span> <span class='ocrx_word' id='word_1_805' title='bbox 2348 4964 2487 5019; x_wconf 89' lang='lat' dir='ltr'><strong>latus</strong></span> <span class='ocrx_word' id='word_1_806' title='bbox 2502 4965 2620 5036; x_wconf 87' lang='lat' dir='ltr'><strong>ejus</strong></span> <span class='ocrx_word' id='word_1_807' title='bbox 2635 4977 2926 5036; x_wconf 83' lang='lat' dir='ltr'><strong>pungente.</strong></span> <span class='ocrx_word' id='word_1_808' title='bbox 2946 4965 3221 5021; x_wconf 84' lang='lat' dir='ltr'><strong>Passionis</strong></span> <span class='ocrx_word' id='word_1_809' title='bbox 3253 4983 3403 5019; x_wconf 88' lang='lat' dir='ltr'><strong>nam-</strong></span> 
     </span>
    </p>
   </div>
   <div class='ocr_carea' id='block_1_108' title="bbox 1813 5058 3402 5129">
    <p class='ocr_par' dir='ltr' id='par_1_108' title="bbox 1813 5058 3402 5129">
     <span class='ocr_line' id='line_1_108' title="bbox 1813 5058 3402 5129; baseline 0 -17"><span class='ocrx_word' id='word_1_810' title='bbox 1813 5073 1920 5127; x_wconf 88' lang='lat' dir='ltr'><strong>que</strong></span> <span class='ocrx_word' id='word_1_811' title='bbox 1959 5058 2121 5122; x_wconf 89' lang='lat' dir='ltr'><strong>illius,</strong></span> <span class='ocrx_word' id='word_1_812' title='bbox 2143 5069 2199 5112; x_wconf 85' lang='lat' dir='ltr'><strong>et</strong></span> <span class='ocrx_word' id='word_1_813' title='bbox 2231 5058 2502 5122; x_wconf 86' lang='lat' dir='ltr'><strong>veritatis,</strong></span> <span class='ocrx_word' id='word_1_814' title='bbox 2527 5070 2581 5114; x_wconf 88' lang='lat' dir='ltr'><strong>et</strong></span> <span class='ocrx_word' id='word_1_815' title='bbox 2609 5060 2840 5114; x_wconf 90' lang='lat' dir='ltr'><strong>instituti</strong></span> <span class='ocrx_word' id='word_1_816' title='bbox 2891 5059 3013 5113; x_wconf 51' lang='lat' dir='ltr'><strong>vitae.</strong></span> <span class='ocrx_word' id='word_1_817' title='bbox 3039 5073 3200 5129; x_wconf 89' lang='lat' dir='ltr'><strong>quam</strong></span> <span class='ocrx_word' id='word_1_818' title='bbox 3229 5059 3402 5112; x_wconf 88' lang='lat' dir='ltr'><strong>tenuit</strong></span> 
     </span>
    </p>
   </div>
   <div class='ocr_carea' id='block_1_109' title="bbox 1815 5151 3402 5222">
    <p class='ocr_par' dir='ltr' id='par_1_109' title="bbox 1815 5151 3402 5222">
     <span class='ocr_line' id='line_1_109' title="bbox 1815 5151 3402 5222; baseline 0.002 -17"><span class='ocrx_word' id='word_1_819' title='bbox 1815 5152 1869 5205; x_wconf 82' lang='lat' dir='ltr'><strong>in</strong></span> <span class='ocrx_word' id='word_1_820' title='bbox 1904 5164 2133 5218; x_wconf 89' lang='lat' dir='ltr'><strong>corpore</strong></span> <span class='ocrx_word' id='word_1_821' title='bbox 2157 5159 2366 5215; x_wconf 89' lang='lat' dir='ltr'><strong>nostro,</strong></span> <span class='ocrx_word' id='word_1_822' title='bbox 2400 5151 2546 5205; x_wconf 83' lang='lat' dir='ltr'><strong>nulla</strong></span> <span class='ocrx_word' id='word_1_823' title='bbox 2588 5167 2688 5207; x_wconf 90' lang='lat' dir='ltr'><strong>nos</strong></span> <span class='ocrx_word' id='word_1_824' title='bbox 2728 5167 2969 5222; x_wconf 91' lang='lat' dir='ltr'><strong>unquam</strong></span> <span class='ocrx_word' id='word_1_825' title='bbox 3003 5155 3213 5209; x_wconf 87' lang='lat' dir='ltr'><strong>tenebit</strong></span> <span class='ocrx_word' id='word_1_826' title='bbox 3261 5155 3402 5209; x_wconf 86' lang='lat' dir='ltr'><strong>obli-</strong></span> 
     </span>
    </p>
   </div>
   <div class='ocr_carea' id='block_1_110' title="bbox 1816 5241 3400 5314">
    <p class='ocr_par' dir='ltr' id='par_1_110' title="bbox 1816 5241 3400 5314">
     <span class='ocr_line' id='line_1_110' title="bbox 1816 5241 3400 5314; baseline 0.003 -18"><span class='ocrx_word' id='word_1_827' title='bbox 1816 5244 1925 5306; x_wconf 87' lang='lat' dir='ltr'><strong>vio,</strong></span> <span class='ocrx_word' id='word_1_828' title='bbox 1951 5244 2114 5296; x_wconf 90' lang='lat' dir='ltr'><strong>etiam</strong></span> <span class='ocrx_word' id='word_1_829' title='bbox 2148 5241 2192 5296; x_wconf 89' lang='lat' dir='ltr'><strong>si</strong></span> <span class='ocrx_word' id='word_1_830' title='bbox 2213 5242 2445 5297; x_wconf 86' lang='lat' dir='ltr'><strong>fortasse</strong></span> <span class='ocrx_word' id='word_1_831' title='bbox 2467 5244 2959 5314; x_wconf 81' lang='lat' dir='ltr'><strong>quomodocunque</strong></span> <span class='ocrx_word' id='word_1_832' title='bbox 2986 5247 3400 5314; x_wconf 89' lang='lat' dir='ltr'><strong>pervenerimus</strong></span> 
     </span>
    </p>
   </div>
   <div class='ocr_carea' id='block_1_111' title="bbox 1817 5335 3400 5409">
    <p class='ocr_par' dir='ltr' id='par_1_111' title="bbox 1817 5335 3400 5409">
     <span class='ocr_line' id='line_1_111' title="bbox 1817 5335 3400 5409; baseline 0.003 -19"><span class='ocrx_word' id='word_1_833' title='bbox 1817 5338 1882 5390; x_wconf 90' lang='lat' dir='ltr'><strong>ad</strong></span> <span class='ocrx_word' id='word_1_834' title='bbox 1916 5335 2236 5390; x_wconf 90' lang='lat' dir='ltr'><strong>altissimam</strong></span> <span class='ocrx_word' id='word_1_835' title='bbox 2271 5351 2679 5406; x_wconf 89' lang='lat' dir='ltr'><strong>supernamque</strong></span> <span class='ocrx_word' id='word_1_836' title='bbox 2722 5339 2893 5409; x_wconf 90' lang='lat' dir='ltr'><strong>ipsius</strong></span> <span class='ocrx_word' id='word_1_837' title='bbox 2923 5339 3206 5396; x_wconf 89' lang='lat' dir='ltr'><strong>Sermonis</strong></span> <span class='ocrx_word' id='word_1_838' title='bbox 3230 5348 3285 5396; x_wconf 75' lang='lat' dir='ltr'><strong>et</strong></span> <span class='ocrx_word' id='word_1_839' title='bbox 3305 5338 3400 5395; x_wconf 86' lang='lat' dir='ltr'><strong>Fi-</strong></span> 
     </span>
    </p>
   </div>
   <div class='ocr_carea' id='block_1_112' title="bbox 195 5428 1711 5504">
    <p class='ocr_par' dir='ltr' id='par_1_112' title="bbox 195 5433 1665 5504">
     <span class='ocr_line' id='line_1_112' title="bbox 195 5433 1665 5504; baseline -0.004 -11"><span class='ocrx_word' id='word_1_840' title='bbox 195 5440 240 5471; x_wconf 80' lang='lat'><strong>‘“</strong></span> <span class='ocrx_word' id='word_1_841' title='bbox 270 5441 311 5493; x_wconf 92' lang='lat' dir='ltr'><strong>ll</strong></span> <span class='ocrx_word' id='word_1_842' title='bbox 335 5437 535 5492; x_wconf 84' lang='lat' dir='ltr'><strong>Thess.</strong></span> <span class='ocrx_word' id='word_1_843' title='bbox 579 5451 644 5492; x_wconf 87' lang='lat' dir='ltr'><strong>ll.</strong></span> <span class='ocrx_word' id='word_1_844' title='bbox 722 5435 964 5504; x_wconf 80' lang='lat' dir='ltr'><strong>’°;Apoc.</strong></span> <span class='ocrx_word' id='word_1_845' title='bbox 1001 5449 1118 5489; x_wconf 79' lang='lat' dir='ltr'><strong>nx.</strong></span> <span class='ocrx_word' id='word_1_846' title='bbox 1163 5433 1250 5489; x_wconf 75' lang='grc'><strong>12.</strong></span> <span class='ocrx_word' id='word_1_847' title='bbox 1328 5434 1372 5466; x_wconf 82' lang='grc'>⁹¹</span> <span class='ocrx_word' id='word_1_848' title='bbox 1402 5433 1532 5487; x_wconf 89' lang='lat' dir='ltr'><strong>ibid.</strong></span> <span class='ocrx_word' id='word_1_849' title='bbox 1577 5433 1665 5487; x_wconf 81' lang='grc'><strong>11.</strong></span> 
     </span>
    </p>
   </div>
   <div class='ocr_carea' id='block_1_113' title="bbox 1881 5428 2744 5504">
    <p class='ocr_par' dir='ltr' id='par_1_113' title="bbox 1881 5428 2744 5489">
     <span class='ocr_line' id='line_1_113' title="bbox 1881 5428 2744 5489; baseline 0.006 -5"><span class='ocrx_word' id='word_1_850' title='bbox 1881 5430 1949 5484; x_wconf 89' lang='lat' dir='ltr'><strong>id.</strong></span> <span class='ocrx_word' id='word_1_851' title='bbox 1977 5429 2064 5483; x_wconf 74' lang='lat'><strong>1‘2.</strong></span> <span class='ocrx_word' id='word_1_852' title='bbox 2142 5429 2187 5461; x_wconf 85' lang='grc'><strong><em>⁹⁸</em></strong></span> <span class='ocrx_word' id='word_1_853' title='bbox 2218 5428 2352 5484; x_wconf 86' lang='lat' dir='ltr'><strong>ibid.</strong></span> <span class='ocrx_word' id='word_1_854' title='bbox 2425 5430 2473 5464; x_wconf 77' lang='lat'><strong>“</strong></span> <span class='ocrx_word' id='word_1_855' title='bbox 2496 5431 2626 5488; x_wconf 86' lang='lat' dir='ltr'><strong>ibid.</strong></span> <span class='ocrx_word' id='word_1_856' title='bbox 2655 5431 2744 5489; x_wconf 84' lang='grc'>1⁸5.</span> 
     </span>
    </p>
   </div>
   <div class='ocr_carea' id='block_1_114' title="bbox 193 5526 1712 5604">
    <p class='ocr_par' dir='ltr' id='par_1_114' title="bbox 193 5526 1712 5604">
     <span class='ocr_line' id='line_1_114' title="bbox 193 5526 1712 5604; baseline -0.001 -7"><span class='ocrx_word' id='word_1_857' title='bbox 193 5533 269 5604; x_wconf 72' lang='lat'><strong>(‘2)</strong></span> <span class='ocrx_word' id='word_1_858' title='bbox 333 5532 472 5597; x_wconf 84' lang='grc' dir='ltr'><strong>Τοὺς</strong></span> <span class='ocrx_word' id='word_1_859' title='bbox 522 5529 623 5604; x_wconf 73' lang='grc' dir='ltr'>μὴ</span> <span class='ocrx_word' id='word_1_860' title='bbox 684 5527 994 5604; x_wconf 36' lang='grc' dir='ltr'><strong>ὄνταςηῖῆ</strong></span> <span class='ocrx_word' id='word_1_861' title='bbox 1046 5526 1312 5604; x_wconf 56' lang='lat' dir='ltr'><strong>Mummi</strong></span> <span class='ocrx_word' id='word_1_862' title='bbox 1362 5533 1549 5604; x_wconf 72' lang='grc' dir='ltr'>σρεσίιι</span> <span class='ocrx_word' id='word_1_863' title='bbox 1602 5543 1712 5604; x_wconf 62' lang='grc' dir='ltr'>σο-</span> 
     </span>
    </p>
   </div>
   <div class='ocr_carea' id='block_1_115' title="bbox 115 5599 1714 5669">
    <p class='ocr_par' dir='ltr' id='par_1_115' title="bbox 115 5599 1714 5669">
     <span class='ocr_line' id='line_1_115' title="bbox 115 5599 1714 5669; baseline -0.006 -8"><span class='ocrx_word' id='word_1_864' title='bbox 115 5599 296 5669; x_wconf 61' lang='grc' dir='ltr'>εέούζ.</span> <span class='ocrx_word' id='word_1_865' title='bbox 345 5603 469 5657; x_wconf 69' lang='lat' dir='ltr'><strong>lianc</strong></span> <span class='ocrx_word' id='word_1_866' title='bbox 504 5602 702 5655; x_wconf 89' lang='lat' dir='ltr'><strong>desunt</strong></span> <span class='ocrx_word' id='word_1_867' title='bbox 735 5601 789 5653; x_wconf 93' lang='lat' dir='ltr'><strong>in</strong></span> <span class='ocrx_word' id='word_1_868' title='bbox 817 5601 1060 5654; x_wconf 88' lang='lat' dir='ltr'><strong>editione</strong></span> <span class='ocrx_word' id='word_1_869' title='bbox 1096 5599 1302 5664; x_wconf 80' lang='lat' dir='ltr'><strong>liuetit,</strong></span> <span class='ocrx_word' id='word_1_870' title='bbox 1333 5601 1426 5654; x_wconf 88' lang='lat' dir='ltr'><strong>sed</strong></span> <span class='ocrx_word' id='word_1_871' title='bbox 1457 5599 1714 5668; x_wconf 87' lang='lat' dir='ltr'><strong>supplen-</strong></span> 
     </span>
    </p>
   </div>
   <div class='ocr_carea' id='block_1_116' title="bbox 111 5671 849 5729">
    <p class='ocr_par' dir='ltr' id='par_1_116' title="bbox 111 5671 849 5729">
     <span class='ocr_line' id='line_1_116' title="bbox 111 5671 849 5729; baseline -0.008 0"><span class='ocrx_word' id='word_1_872' title='bbox 111 5678 208 5729; x_wconf 67' lang='grc' dir='ltr'><strong>ειη·</strong></span> <span class='ocrx_word' id='word_1_873' title='bbox 244 5694 274 5726; x_wconf 80' lang='lat' dir='ltr'><strong>e</strong></span> <span class='ocrx_word' id='word_1_874' title='bbox 308 5676 499 5727; x_wconf 77' lang='lat' dir='ltr'><strong>codice</strong></span> <span class='ocrx_word' id='word_1_875' title='bbox 528 5671 849 5724; x_wconf 82' lang='lat' dir='ltr'><strong>Bodleiano.</strong></span> 
     </span>
    </p>
   </div>
   <div class='ocr_carea' id='block_1_117' title="bbox 192 5737 1710 5812">
    <p class='ocr_par' dir='ltr' id='par_1_117' title="bbox 192 5737 1710 5812">
     <span class='ocr_line' id='line_1_117' title="bbox 192 5737 1710 5812; baseline -0.005 -14"><span class='ocrx_word' id='word_1_876' title='bbox 192 5745 274 5812; x_wconf 82' lang='lat'><strong>(5)</strong></span> <span class='ocrx_word' id='word_1_877' title='bbox 317 5743 478 5797; x_wconf 84' lang='grc' dir='ltr'>Μετὰ</span> <span class='ocrx_word' id='word_1_878' title='bbox 505 5742 638 5808; x_wconf 81' lang='grc' dir='ltr'>τόν,</span> <span class='ocrx_word' id='word_1_879' title='bbox 673 5751 782 5812; x_wconf 82' lang='lat' dir='ltr'><strong>etc.</strong></span> <span class='ocrx_word' id='word_1_880' title='bbox 813 5739 900 5812; x_wconf 59' lang='lat' dir='ltr'><strong>ita</strong></span> <span class='ocrx_word' id='word_1_881' title='bbox 929 5741 1090 5812; x_wconf 87' lang='lat' dir='ltr'><strong>codd.</strong></span> <span class='ocrx_word' id='word_1_882' title='bbox 1133 5740 1449 5812; x_wconf 79' lang='lat' dir='ltr'><strong>Bodleianus</strong></span> <span class='ocrx_word' id='word_1_883' title='bbox 1488 5748 1542 5794; x_wconf 89' lang='lat' dir='ltr'><strong>et</strong></span> <span class='ocrx_word' id='word_1_884' title='bbox 1575 5737 1710 5792; x_wconf 81' lang='lat' dir='ltr'><strong>Bar-</strong></span> 
     </span>
    </p>
   </div>
   <div class='ocr_carea' id='block_1_118' title="bbox 82 5799 1465 5876">
    <p class='ocr_par' dir='ltr' id='par_1_118' title="bbox 82 5799 1465 5876">
     <span class='ocr_line' id='line_1_118' title="bbox 82 5799 1465 5876; baseline -0.005 -6"><span class='ocrx_word' id='word_1_885' title='bbox 82 5799 390 5875; x_wconf 43' lang='grc' dir='ltr'>ξεί-ἤπυε</span> <span class='ocrx_word' id='word_1_886' title='bbox 430 5812 569 5866; x_wconf 85' lang='lat' dir='ltr'><strong>male</strong></span> <span class='ocrx_word' id='word_1_887' title='bbox 601 5799 775 5866; x_wconf 75' lang='lat' dir='ltr'><strong>editio</strong></span> <span class='ocrx_word' id='word_1_888' title='bbox 811 5809 1020 5876; x_wconf 84' lang='lat' dir='ltr'><strong>iluetii,</strong></span> <span class='ocrx_word' id='word_1_889' title='bbox 1045 5813 1189 5865; x_wconf 84' lang='grc' dir='ltr'>κατὰ</span> <span class='ocrx_word' id='word_1_890' title='bbox 1215 5810 1328 5873; x_wconf 88' lang='grc' dir='ltr'>τόν,</span> <span class='ocrx_word' id='word_1_891' title='bbox 1354 5821 1465 5864; x_wconf 85' lang='lat' dir='ltr'><strong>etc.</strong></span> 
     </span>
    </p>
   </div>
   <div class='ocr_carea' id='block_1_119' title="bbox 197 5877 1711 5958">
    <p class='ocr_par' dir='ltr' id='par_1_119' title="bbox 197 5877 1711 5958">
     <span class='ocr_line' id='line_1_119' title="bbox 197 5877 1711 5958; baseline -0.007 -17"><span class='ocrx_word' id='word_1_892' title='bbox 197 5885 284 5958; x_wconf 72' lang='grc' dir='ltr'><strong>(ι)</strong></span> <span class='ocrx_word' id='word_1_893' title='bbox 335 5881 515 5952; x_wconf 83' lang='grc' dir='ltr'><strong>Ἑξῆς</strong></span> <span class='ocrx_word' id='word_1_894' title='bbox 536 5881 606 5937; x_wconf 81' lang='grc' dir='ltr'>δὲ</span> <span class='ocrx_word' id='word_1_895' title='bbox 637 5881 730 5950; x_wconf 84' lang='grc' dir='ltr'><strong>τό,</strong></span> <span class='ocrx_word' id='word_1_896' title='bbox 760 5889 868 5938; x_wconf 87' lang='lat' dir='ltr'><strong>etc.</strong></span> <span class='ocrx_word' id='word_1_897' title='bbox 896 5881 1204 5952; x_wconf 80' lang='lat' dir='ltr'><strong>Legendutu</strong></span> <span class='ocrx_word' id='word_1_898' title='bbox 1239 5883 1475 5948; x_wconf 86' lang='lat' dir='ltr'><strong>videtur,</strong></span> <span class='ocrx_word' id='word_1_899' title='bbox 1503 5877 1628 5951; x_wconf 80' lang='grc' dir='ltr'><strong>ἑξῆς</strong></span> <span class='ocrx_word' id='word_1_900' title='bbox 1653 5878 1711 5932; x_wconf 84' lang='grc' dir='ltr'>δὲ</span> 
     </span>
    </p>
   </div>
   <div class='ocr_carea' id='block_1_120' title="bbox 1819 5525 2059 5588">
    <p class='ocr_par' dir='ltr' id='par_1_120' title="bbox 1819 5525 2059 5588">
     <span class='ocr_line' id='line_1_120' title="bbox 1819 5525 2059 5588; baseline 0.004 -10"><span class='ocrx_word' id='word_1_901' title='bbox 1819 5525 1919 5588; x_wconf 85' lang='grc' dir='ltr'>τῷ,</span> <span class='ocrx_word' id='word_1_902' title='bbox 1952 5533 2059 5579; x_wconf 90' lang='lat' dir='ltr'><strong>etc.</strong></span> 
     </span>
    </p>
   </div>
   <div class='ocr_carea' id='block_1_121' title="bbox 1870 5579 3399 5667">
    <p class='ocr_par' dir='ltr' id='par_1_121' title="bbox 1870 5579 3399 5667">
     <span class='ocr_line' id='line_1_121' title="bbox 1870 5579 3399 5667; baseline -0.002 -15"><span class='ocrx_word' id='word_1_903' title='bbox 1870 5579 1970 5667; x_wconf 64' lang='grc' dir='ltr'><strong>⁸(ὅ)</strong></span> <span class='ocrx_word' id='word_1_904' title='bbox 2003 5597 2365 5666; x_wconf 81' lang='grc' dir='ltr'>Ἐνεργείας.</span> <span class='ocrx_word' id='word_1_905' title='bbox 2403 5593 2496 5667; x_wconf 83' lang='lat' dir='ltr'><strong>Sic</strong></span> <span class='ocrx_word' id='word_1_906' title='bbox 2539 5596 2694 5650; x_wconf 91' lang='lat' dir='ltr'><strong>codd.</strong></span> <span class='ocrx_word' id='word_1_907' title='bbox 2740 5595 3067 5653; x_wconf 88' lang='lat' dir='ltr'><strong>Bodleianus</strong></span> <span class='ocrx_word' id='word_1_908' title='bbox 3110 5604 3163 5650; x_wconf 84' lang='lat' dir='ltr'><strong>et</strong></span> <span class='ocrx_word' id='word_1_909' title='bbox 3203 5593 3399 5651; x_wconf 83' lang='lat' dir='ltr'><strong>Barbe-</strong></span> 
     </span>
    </p>
   </div>
   <div class='ocr_carea' id='block_1_122' title="bbox 1821 5666 2934 5738">
    <p class='ocr_par' dir='ltr' id='par_1_122' title="bbox 1821 5666 2934 5738">
     <span class='ocr_line' id='line_1_122' title="bbox 1821 5666 2934 5738; baseline -0.002 -18"><span class='ocrx_word' id='word_1_910' title='bbox 1821 5666 2002 5729; x_wconf 80' lang='lat' dir='ltr'><strong>riuus;</strong></span> <span class='ocrx_word' id='word_1_911' title='bbox 2042 5671 2182 5720; x_wconf 85' lang='lat' dir='ltr'><strong>male</strong></span> <span class='ocrx_word' id='word_1_912' title='bbox 2202 5669 2368 5738; x_wconf 74' lang='lat' dir='ltr'><strong>editio</strong></span> <span class='ocrx_word' id='word_1_913' title='bbox 2397 5666 2600 5733; x_wconf 82' lang='lat' dir='ltr'><strong>Huetii,</strong></span> <span class='ocrx_word' id='word_1_914' title='bbox 2629 5668 2934 5738; x_wconf 80' lang='grc' dir='ltr'>ἐναργείας.</span> 
     </span>
    </p>
   </div>
   <div class='ocr_carea' id='block_1_123' title="bbox 1892 5732 3397 5808">
    <p class='ocr_par' dir='ltr' id='par_1_123' title="bbox 1892 5732 3397 5808">
     <span class='ocr_line' id='line_1_123' title="bbox 1892 5732 3397 5808; baseline 0.001 -17"><span class='ocrx_word' id='word_1_915' title='bbox 1892 5739 1968 5808; x_wconf 82' lang='lat' dir='ltr'><strong>(ti)</strong></span> <span class='ocrx_word' id='word_1_916' title='bbox 2017 5740 2232 5791; x_wconf 84' lang='grc' dir='ltr'>Ἴσασι.</span> <span class='ocrx_word' id='word_1_917' title='bbox 2288 5735 2366 5789; x_wconf 85' lang='lat' dir='ltr'><strong>lla</strong></span> <span class='ocrx_word' id='word_1_918' title='bbox 2423 5732 2784 5792; x_wconf 73' lang='lat' dir='ltr'><strong>rectehabet</strong></span> <span class='ocrx_word' id='word_1_919' title='bbox 2821 5743 2992 5808; x_wconf 77' lang='lat' dir='ltr'><strong>codex</strong></span> <span class='ocrx_word' id='word_1_920' title='bbox 3040 5732 3397 5804; x_wconf 79' lang='lat' dir='ltr'><strong>Bodleiauus;</strong></span> 
     </span>
    </p>
   </div>
   <div class='ocr_carea' id='block_1_124' title="bbox 1821 5807 2982 5881">
    <p class='ocr_par' dir='ltr' id='par_1_124' title="bbox 1821 5807 2982 5881">
     <span class='ocr_line' id='line_1_124' title="bbox 1821 5807 2982 5881; baseline -0.002 -18"><span class='ocrx_word' id='word_1_921' title='bbox 1821 5810 1961 5866; x_wconf 79' lang='lat' dir='ltr'><strong>male</strong></span> <span class='ocrx_word' id='word_1_922' title='bbox 2002 5825 2127 5866; x_wconf 83' lang='lat' dir='ltr'><strong>vero</strong></span> <span class='ocrx_word' id='word_1_923' title='bbox 2152 5808 2354 5881; x_wconf 70' lang='lat' dir='ltr'><strong>Regius</strong></span> <span class='ocrx_word' id='word_1_924' title='bbox 2381 5818 2434 5864; x_wconf 90' lang='lat' dir='ltr'><strong>et</strong></span> <span class='ocrx_word' id='word_1_925' title='bbox 2459 5808 2812 5875; x_wconf 76' lang='lat' dir='ltr'><strong>Barberinus,</strong></span> <span class='ocrx_word' id='word_1_926' title='bbox 2849 5807 2982 5861; x_wconf 84' lang='grc' dir='ltr'>ἰᾶσι.</span> 
     </span>
    </p>
   </div>
  </div>
