3792 6146
395 368 505 422 ηδ

395 547 563 603 lestes
599 551 872 607 exercitus
897 565 1086 606 omnes
1111 559 1415 621 sequuntur
1436 551 1506 615 ",
1537 550 1856 606 Sermonem
1888 566 1974 606 se-

391 652 620 711 quentes
661 643 877 707 ducem,
899 653 955 698 et
986 643 1266 698 imitantes
1309 659 1434 698 eum
1466 643 1518 697 in
1564 644 1818 700 omnibus
1847 661 1862 698 :
1893 645 1973 699 id-

391 749 499 804 que
537 745 645 788 tum
673 735 908 788 maxime
927 749 1050 790 cum
1084 749 1188 788 non
1219 748 1378 790 secus
1405 749 1471 790 ac
1500 735 1616 805 ipse
1651 735 1976 791 inscendunt

389 841 560 896 equos
589 825 782 892 albos;
833 827 1012 882 omnia
1046 827 1190 880 enim
1231 836 1417 896 aperta
1446 836 1574 882 sunt
1621 827 1974 898 intelligenti-

391 917 516 970 lms.
571 915 636 970 Et
679 916 1132 985 quemadmodum
1179 915 1317 986 l'ugit
1343 915 1516 980 dolor,
1559 927 1614 971 et
1662 929 1888 980 maeror,
1919 925 1976 970 et

392 1007 686 1077 suspirium
727 1007 779 1062 in
817 1009 923 1064 line
975 1023 1178 1074 rerum,
1213 1009 1293 1063 sic
1321 1009 1560 1063 arbitror
1591 1007 1776 1080 fugere
1809 1010 1973 1063 etiam

391 1099 782 1155 obscuritatem
816 1109 871 1156 et
905 1100 1324 1163 dubitationem,
1373 1100 1634 1155 omnibus
1687 1100 1975 1169 sapientiae

395 1195 490 1250 Dei
531 1195 808 1266 mysteriis
865 1196 1156 1266 diligenter
1193 1202 1248 1249 et
1291 1192 1580 1249 manifeste
1632 1195 1686 1248 in
1727 1203 1974 1264 apertum

393 1285 692 1354 productis.
735 1285 1038 1341 Considera
1093 1300 1226 1340 vero
1261 1283 1414 1339 albos
1455 1299 1629 1354 equos
1662 1297 1852 1340 eorum
1883 1284 1976 1354 qui

393 1389 695 1448 sequuntur
715 1378 1038 1434 Sermonem
1057 1379 1124 1446 “,
1145 1379 1362 1433 indutos
1379 1377 1524 1442 albo,
1544 1387 1598 1433 et
1626 1392 1762 1446 puro
1782 1378 1972 1449 bysso;

392 1479 448 1524 et
488 1471 773 1526 considera
808 1486 934 1525 num
959 1471 1087 1541 quia
1120 1471 1316 1540 byssus
1357 1484 1389 1525 e
1427 1478 1576 1525 terra
1605 1469 1810 1538 oritur,
1845 1470 1977 1542 bys-

392 1562 508 1617 sina
547 1562 865 1617 indumenta
901 1562 1210 1632 signiﬁcent
1247 1561 1610 1632 proprietates
1667 1559 1976 1632 linguarum

393 1669 517 1722 quae
569 1664 698 1710 sunt
752 1655 804 1709 in
856 1664 1040 1720 terra,
1071 1654 1270 1724 quibus
1321 1653 1526 1709 indutae
1589 1662 1716 1709 sunt
1781 1668 1974 1717 voces,

395 1762 482 1801 res
507 1758 696 1817 aperte
737 1757 792 1802 et
834 1763 969 1817 pure
1010 1748 1402 1820 signiﬁcantes.
1437 1748 1562 1805 Haec
1599 1763 1784 1804 autem
1822 1763 1977 1804 sum-

1861 359 2186 417 ORIGENiS

3559 360 3666 418 ιιι

2640 459 2738 480 νίν

2076 550 2211 604 Θεοῦ
2241 552 2398 622 Λόγῳ
2422 551 2490 606 τὰ
2521 555 2580 606 tv
2606 551 2685 622 τῷ
2712 550 2926 622 οὐρανῷ
2951 549 3337 622 στρατεύματα
3367 549 3665 604 ἀκολουθεί

2077 642 2275 707 πάντα,
2325 643 2483 715 Λόγῳ
2535 642 2780 714 ἑπόμενα
2831 641 3143 714 ἡγουμένῳ,
3198 645 3291 695 καὶ
3341 640 3665 712 μιμούμενα

2075 733 2238 789 αὐτὸν
2283 735 2343 788 tv
2369 737 2524 800 πᾶσι,
2555 736 2649 789 καὶ
2682 734 2916 806 μάλιστα
2944 733 3021 805 τῷ
3043 732 3432 804 ἐπιϐεϐηκέναι
3455 733 3665 804 ὁμοίως

2075 824 2224 896 αύτῷ
2252 825 2440 890 ἵπποις
2465 826 2702 890 λευκοῖς·
2723 827 2902 881 πάντα
2930 826 3039 896 γάρ
3064 825 3297 878 ἐνώπιον
3319 828 3431 889 τοῖς
3450 823 3659 878 νοοῦσι.

2076 919 2184 972 Καὶ
2203 920 2392 991 ὥσπερ
2419 919 2628 991 ἀπέδρα
2651 918 2727 990 (7)
2757 918 2920 990 ὀδύνη
2951 919 3046 972 καὶ
3064 918 3210 990 λύπη
3234 919 3327 972 καὶ
3354 917 3664 988 στεναγμὸς

2077 1011 2170 1064 ἐπὶ
2197 1009 2275 1082 τῷ
2313 1011 2458 1064 τέλει
2485 1009 2593 1065 τῶν
2621 1012 2986 1084 πραγμάτων,
3011 1010 3186 1076 οὕτως
3239 1005 3395 1082 οἶμαι
3437 1012 3524 1065 ὃτι
3557 1012 3663 1064 ἀπ-

2077 1103 2208 1176 έδρα
2222 1103 2457 1175 ἀσάφεια
2478 1105 2573 1158 καὶ
2588 1105 2809 1177 ἀπορία,
2819 1104 3034 1159 πάντων
3046 1103 3320 1176 ἐπιμελῶς
3333 1103 3428 1157 καὶ
3442 1121 3472 1156 τ
3484 1101 3662 1174 ρανῶς

2077 1197 2496 1268 προπιπτόντων
2520 1196 2629 1250 τῶν
2665 1197 2765 1268 τῆς
2790 1195 2886 1250 τοῦ
2920 1195 3056 1250 Θεοῦ
3092 1197 3283 1266 σοφίας
3317 1195 3657 1266 μυστηρίων.

2091 1286 2412 1357 Ἐπίσκεψαι
2433 1287 2491 1340 δὲ
2517 1289 2644 1350 τοὺς
2675 1287 2905 1351 λευκοὺς
2937 1286 3139 1350 ἵππους
3169 1286 3278 1340 τῶν
3298 1284 3662 1340 ἀκολουθούν-

2075 1397 2185 1433 των
2223 1379 2304 1451 τῷ
2352 1379 2512 1450 Λόγῳ
2563 1379 2949 1450 ἐνδεδυμένους
3011 1379 3260 1450 βύσσινον
3307 1379 3505 1432 λευκὸν
3565 1377 3661 1430 καὶ

2077 1471 2337 1542 καθαρὸν,
2385 1473 2436 1525 εἰ
2473 1471 2547 1543 μὴ
2585 1472 2709 1525 ἐπεὶ
2753 1471 2951 1542 βύσσος
2991 1471 3099 1525 ἀπὸ
3135 1472 3240 1542 γῆς
3271 1471 3504 1541 γίνεται,
3553 1470 3663 1524 τῶν

2077 1563 2170 1616 ἐπὶ
2204 1564 2309 1634 γῆς
2332 1563 2650 1631 διαλέκτων,
2689 1565 2756 1630 ἃς
2793 1565 3167 1637 ἠμφιεσμέναι
3193 1567 3330 1619 εἰσὶν
3361 1566 3420 1618 αἱ
3460 1563 3665 1636 σημαί-

2078 1674 2270 1711 νουσαι
2309 1657 2484 1726 φωναὶ¹
2509 1657 2762 1730 καθαρῶς
2800 1656 2870 1711 τά
2900 1659 3220 1728 πράγματα,
3264 1657 3425 1710 τύποι
3453 1657 3665 1728 τυγχάο

2079 1767 2230 1804 νουσι
2258 1750 2328 1803 τά
2361 1749 2584 1820 βύσσινα
2619 1749 2914 1821 ἐνδύματα.
2946 1749 3132 1804 Ταῦτα
3169 1751 3235 1822 δὴ
3264 1752 3356 1804 ἐπὶ
3387 1750 3575 1803 πλεῖον
3600 1751 3665 1803 ἐκ

393 1849 483 1907 pta
529 1855 596 1894 ex
635 1840 988 1911 Apocalypsi,
1025 1857 1147 1911 qua:
1199 1842 1357 1896 docet
1391 1856 1489 1896 nos
1534 1839 1710 1910 qualis
1757 1840 1831 1896 sit
1867 1840 1976 1912 59

2111 1843 2176 1914 ῆς
2233 1842 2652 1912 ’Δποκαλύψεως
2701 1842 3058 1914 διδασκούσης
3109 1841 3238 1914 περὶ
3288 1842 3466 1912 Λόγου
3525 1842 3663 1896 Θεοῦ

393 1931 488 1988 Dei
521 1930 731 1996 Sermo,
761 1933 1027 2003 prolixius
1059 1934 1442 2000 tractavimus,
1475 1944 1534 1987 ut
1569 1933 1880 1987 accuratius
1909 1945 1966 1986 et

2057 1935 2309 2008 εἴρηται,
2337 1935 2424 1990 ἵνα
2459 1935 2849 2008 ἀκριϐέστερον
2879 1935 2950 1990 τὰ
2978 1935 3109 2007 περὶ
3138 1932 3306 1989 αὑτοῦ
3349 1935 3661 2006 νοήσωμεν.

391 2026 642 2084 subtilius
675 2044 797 2098 quae
826 2030 895 2084 ad
941 2030 1118 2099 ipsum
1154 2029 1477 2086 Sermonem
1506 2041 1756 2098 spectant
1792 2029 2284 2088 consideraremus.

465 2119 516 2177 5.
556 2120 663 2176 Hic
688 2134 801 2177 erat
843 2124 898 2176 in
920 2124 1177 2193 principio
1205 2125 1345 2195 apud
1381 2123 1549 2178 Deum
1573 2123 1640 2178 "’.
1669 2123 1738 2178 lis
1768 2124 1861 2194 qui
1885 2139 1978 2180 ac-

391 2233 580 2279 curate
608 2237 715 2278 non
747 2225 1037 2278 attendunt
1067 2224 1318 2280 diversas
1341 2225 1394 2279 in
1431 2224 1514 2286 his
1537 2239 1658 2295 quae
1681 2226 1975 2281 enuntian-

393 2335 482 2379 tur
516 2325 948 2396 propositiones,
981 2325 1254 2381 videbitur
1288 2327 1623 2398 evangelista
1652 2326 1842 2382 eadem
1881 2343 1970 2383 re-

393 2433 597 2492 petere,
643 2439 707 2480 ac
754 2425 801 2479 si
837 2424 972 2480 nihil
1035 2423 1154 2496 plus
1185 2425 1393 2480 diceret
1421 2425 1508 2480 his
1555 2421 1763 2489 verbis,
1819 2443 1838 2475 ‹
1875 2423 1975 2480 Hic

393 2535 510 2582 erat
535 2527 588 2581 in
616 2527 884 2598 principio
906 2529 1047 2598 apttd
1081 2527 1271 2592 Deum,
1309 2546 1327 2581 ι
1360 2541 1524 2597 quam
1555 2527 1661 2582 illis
1697 2545 1754 2582 τι
1797 2527 1863 2583 Et
1886 2526 1976 2583 ille

393 2631 591 2686 Sermo
623 2641 741 2687 erat
761 2632 902 2702 apud
932 2632 1121 2687 Deum.
1157 2651 1177 2686 ι
1209 2631 1316 2687 Sed
1346 2631 1700 2687 observemus
1747 2645 1975 2688 necesse

392 2744 500 2799 est,
535 2750 654 2800 nos,
694 2736 911 2806 quando
961 2737 1217 2803 dicimus,
1263 2755 1282 2788 ι
1333 2735 1429 2792 llle
1451 2739 1639 2794 Sermo
1676 2747 1796 2792 erat
1835 2737 1974 2808 apud

393 2827 634 2905 Deum,g
686 2842 794 2882 non
842 2827 1130 2882 addiscere
1191 2826 1412 2897 quando
1456 2835 1597 2891 erat,
1629 2825 1714 2880 vel
1768 2827 1820 2880 in
1865 2840 1974 2896 quo

391 2930 512 2975 erat
548 2921 688 2991 apud
719 2919 908 2984 Deum,
937 2919 1092 2990 juxta
1137 2928 1394 2989 quartum
1429 2920 1841 2988 pronuntiatum
1881 2918 1977 2972 adv

391 3011 582 3068 «iitum.
645 3010 782 3066 Nam
830 3019 1065 3080 quatuor
1104 3000 1377 3065 cum'sint
1417 3008 1520 3063 hoc
1561 3008 1614 3062 in
1645 3007 1763 3063 loco
1809 3006 1976 3075 ἀξιὼ-

395 3122 562 3176 ματα,
599 3102 725 3176 [Itoc
749 3100 1274 3172 esl,pronuntiata,]
1306 3115 1426 3170 qua:
1459 3100 1625 3170 aliqui
1692 3105 1980 3174 προτάσεις

395 3199 528 3271 [hoc
578 3207 683 3265 est,
725 3195 1151 3268 propositiones]
1199 3193 1523 3264 appellant,
1567 3193 1978 3262 pronuntiatum

391 3300 645 3360 quartum
678 3300 760 3344 est
789 3304 803 3340 :
836 3307 854 3340 ι
900 3287 998 3342 llic
1027 3297 1148 3342 erat
1177 3289 1231 3342 in
1261 3286 1528 3357 principio
1559 3283 1701 3355 apud
1729 3283 1917 3339 Deum.
1954 3301 1974 3334 ι

392 3377 620 3448 Insuper
666 3379 783 3432 haec
833 3375 1155 3445 propositio,
1219 3393 1239 3427 ι
1293 3375 1384 3430 llle
1428 3375 1622 3430 Sermo
1667 3382 1788 3429 erat
1837 3374 1980 3442 apud

394 3471 588 3536 Deum,
626 3490 646 3524 ι
683 3486 787 3526 non
835 3471 1025 3525 eadem
1060 3477 1146 3524 est
1175 3483 1297 3523 cum
1323 3469 1410 3523 illa
1428 3483 1548 3538 qua:
1587 3467 1785 3536 inquit,
1831 3485 1850 3518 c
1885 3464 1981 3521 Hic

393 3573 534 3629 erat,
572 3582 591 3616 ι
630 3578 736 3619 non
763 3561 1088 3632 simpliciter
1116 3561 1257 3630 apud
1283 3562 1489 3626 Deum;
1524 3559 1620 3615 sed
1653 3559 1869 3630 quando
1897 3557 1980 3614 vel

395 3658 452 3712 in
501 3673 610 3727 quo
644 3656 786 3728 apud
830 3655 1023 3710 Deum.
1070 3673 1090 3707 ι
1128 3653 1228 3708 ilic
1277 3653 1463 3718 enim,
1507 3653 1718 3723 inquit,
1761 3659 1880 3707 erat
1924 3651 1978 3706 in

394 3750 663 3820 principio
690 3749 835 3819 apud
862 3750 1064 3815 Deum;
1101 3767 1121 3803 ι
1143 3748 1272 3817 quin
1301 3747 1463 3801 etiam
1493 3745 1621 3801 illud
1641 3745 1727 3800 hic
1758 3761 1857 3816 per
1891 3745 1984 3800 de-

396 3841 850 3895 monstrationem
897 3839 1309 3895 existimabitur
1333 3837 1570 3904 positum
1599 3834 1769 3891 fuisse
1806 3835 1889 3890 vel
1918 3835 1985 3890 de

397 3933 682 3996 Sermone,
698 3933 783 3988 vel
805 3935 872 3988 de
897 3934 1026 3998 Deo,
1051 3933 1118 3988 ab
1135 3947 1199 3986 eo
1215 3931 1306 4002 qui
1325 3931 1505 3986 minus
1521 3929 1808 3999 diligenter
1832 3929 1983 3985 inve-

395 4025 679 4096 stigaverit
703 4064 718 4086 .
744 4025 980 4080 utetiam
1007 4025 1245 4080 inveniat
1272 4022 1814 4094 comprehensionem
1842 4021 1987 4092 prio-

399 4136 540 4188 rum,
555 4130 610 4175 et
633 4119 1170 4188 comprehensionem
1188 4115 1639 4172 considerationis
1660 4115 1822 4184 hujus
1835 4115 1985 4170 vocis

398 4211 604 4279 Sermo,
639 4222 695 4268 et
731 4210 896 4280 hujus
934 4211 1085 4264 vocis
1112 4209 1275 4275 Deus,
1319 4209 1520 4264 factam
1560 4209 1613 4262 in
1641 4208 1979 4279 pronomine,

2149 2127 2202 2183 5.
2237 2124 2427 2194 Οὗτος
2465 2124 2544 2199 ἦν
2579 2127 2651 2181 ἐν
2685 2126 2846 2197 ἀρχῇ
2886 2127 3038 2196 πρὸς
3073 2127 3182 2182 τὸν
3221 2127 3390 2181 Θεόν.
3431 2125 3562 2189 Τοῖς
3591 2123 3666 2196 μὴ

2081 2218 2406 2290 ἀκριϐοῦσιν
2439 2218 2539 2282 τὰς
2567 2218 2860 2290 διαφόρους
2910 2219 2970 2272 ἐν
3017 2221 3132 2283 τοῖς
3163 2217 3666 2288 ἀπαγγελλομένοις

2076 2310 2392 2382 προτάσεις,
2424 2309 2566 2376 δόξει
2612 2311 2956 2380 ταυτολογεῖν
2991 2311 3021 2363 ό
3047 2309 3459 2382 εύαγγελιστὴς,
3512 2309 3665 2363 οὐδὲν

2075 2403 2235 2457 πλέον
2291 2403 2465 2472 λέγων
2508 2404 2566 2458 tv
2606 2403 2719 2475 τῷ,
2759 2423 2778 2456 ‹
2813 2399 2982 2467 Οὗτος
3020 2399 3088 2476 ἦν
3117 2404 3177 2456 ἐν
3217 2404 3360 2475 ἀρχῇ
3394 2403 3538 2473 πρὸς
3571 2401 3666 2456 τὸν

2072 2495 2224 2560 Θεόν,
2239 2494 2418 2566 »παρά
2445 2495 2507 2548 τό
2529 2495 2698 2549 ἾΚαὶ
2720 2495 2749 2547 ὁ
2766 2495 2936 2564 Λόγος
2956 2491 3024 2566 ἦν
3047 2495 3184 2566 πρὸς
3206 2493 3296 2548 τὸν
3319 2494 3471 2548 Θεόν.
3487 2513 3507 2546 ι
3549 2499 3660 2570 Τη-

2078 2586 2266 2662 ρητέον
2278 2585 2450 2651 δὲ,ὅτι
2464 2587 2520 2641 ἐν
2543 2588 2643 2659 μὲν
2665 2587 2794 2659 τῷ,‹
2815 2589 2872 2642 '0
2893 2588 3066 2658 Λόγος
3094 2583 3161 2659 ἦν
3183 2588 3318 2658 πρὸς
3343 2587 3436 2641 τὸν
3451 2585 3610 2653 Θεὸν,
3637 2606 3658 2639 ι

2075 2678 2136 2730 ού
2174 2677 2515 2749 μανθάνομεν
2545 2677 2604 2732 τὸ
2639 2678 2790 2744 πότε,
2827 2677 2859 2749 ἢ
2896 2680 2952 2732 ἐν
2985 2677 3090 2732 τίνι
3121 2673 3188 2750 ἦν
3225 2677 3360 2750 πρὸς
3384 2676 3479 2731 τὸν
3503 2677 3660 2743 Θεὸν,

2076 2769 2220 2824 κατά
2255 2770 2317 2824 τὸ
2355 2771 2617 2842 τέταρτον
2664 2770 2883 2843 ἀξίωμα
2931 2770 3365 2843 προσκείμενον·
3415 2771 3663 2842 τέσσαρα

2002 2892 2046 2954 C
2078 2860 2187 2954 γὰρ
2217 2859 2532 2954 ἀξιώματα1
2549 2861 2692 2933 άπερ
2712 2861 2867 2933 παρά
2889 2879 2998 2915 τισι
3032 2863 3327 2954 προτάσεις
3346 2861 3662 2925 καλοῦνται,

2078 2952 2226 3007 ἔστιν
2258 2953 2466 3018 ἐνθάδε,
2498 2948 2572 3008 ὧν
2602 2954 2663 3007 τὸ
2692 2955 2952 3027 τέταρτον
2975 2971 2990 2986 ·
3029 2974 3047 3008 ι
3084 2947 3256 3019 Οὗτος
3299 2951 3367 3025 ἦν
3401 2957 3458 3007 ἐν
3517 2956 3661 3026 ἀρχῇ

2078 3047 2214 3119 πρὸς
2238 3047 2327 3101 τὸν
2347 3047 2530 3100 Θεόνοι
2559 3047 2620 3100 ού
2641 3047 2836 3101 ταύτὸν
2868 3047 2925 3101 δὲ
2944 3047 3039 3114 τό,
3070 3066 3090 3100 ι
3130 3047 3188 3101 '0
3213 3047 3385 3116 Λόγος
3421 3042 3492 3118 ἦν
3526 3047 3666 3118 πρὸς

2077 3138 2168 3190 τὸν
2193 3137 2352 3202 Θεόν,
2373 3156 2393 3189 ι
2443 3137 2538 3191 καὶ
2560 3137 2653 3202 τό,
2689 3157 2708 3190 ι
2742 3132 2913 3203 Οὗτος
2937 3133 3007 3210 ἦν
3028 3177 3044 3203 ,
3081 3157 3101 3190 ι
3135 3138 3256 3209 οὐχὶ
3291 3137 3482 3201 ἁπλῶς
3527 3137 3664 3210 πρὸς

2077 3229 2168 3283 τὸν
2222 3229 2382 3293 Θεὸν,
2418 3229 2556 3283 ἀλλά
2597 3230 2764 3293 πότε.
2809 3232 2843 3304 ἢ
2899 3233 2958 3284 ἐν
3011 3229 3119 3284 τίνι
3167 3229 3304 3303 πρὸς
3350 3229 3442 3283 τὸν
3491 3229 3662 3282 Θεόν·

2085 3340 2104 3372 ε
2151 3315 2318 3385 Οὗτος
2338 3319 2482 3394 γὰρ,
2519 3323 2717 3392 φησὶν,
2767 3317 2837 3395 ἦν
2870 3325 2927 3375 tv
2962 3323 3103 3394 ἀρχῇ
3147 3321 3286 3394 πρὸς
3316 3321 3406 3374 τὸν
3435 3320 3596 3374 Θεόν·
3641 3340 3660 3373 ι

2079 3413 2215 3467 ἀλλά
2271 3414 2366 3468 καὶ
2403 3414 2464 3467 τὸ
2539 3410 2718 3481 οὗτος
2791 3416 2933 3470 κατά
2987 3415 3150 3479 δεῖξιν
3204 3413 3282 3485 (8)
3355 3413 3665 3485 ἐκφερόμε-

2079 3523 2169 3560 νον
2194 3507 2582 3579 νομισθήσεται
2603 3507 2698 3560 ἐπὶ
2725 3506 2819 3560 τοῦ
2845 3507 3018 3576 Λόγου
3049 3505 3330 3577 τετάχθαι,
3363 3506 3397 3577 ἢ
3437 3506 3535 3558 ἐπὶ
3568 3504 3664 3558 τοῦ

2080 3597 2238 3666 Θεοῦ,
2272 3597 2377 3652 ὑπὸ
2413 3599 2509 3653 τοῦ
2567 3599 2642 3671 μὴ
2689 3598 3008 3671 συχνότερον
3063 3597 3412 3670 ἐρευνῶντος,
3446 3597 3538 3650 ἵνα
3572 3596 3665 3649 καὶ

2081 3689 2217 3762 εὕρῃ
2289 3689 2549 3762 σύλληψιν
2605 3689 2713 3745 τῶν
2770 3691 3050 3762 προτέρων
3124 3689 3416 3759 γινομένην
3470 3689 3530 3741 ἐν
3596 3689 3662 3758 τῇ

2083 3779 2262 3850 οὗτος
2291 3783 2658 3856 προσηγορίᾳ,
2689 3783 2788 3855 τῆς
2819 3800 2878 3836 τε
2901 3785 3094 3852 Λόγος
3126 3781 3389 3845 ἐπινοίας,
3432 3782 3530 3835 καὶ
3567 3780 3666 3850 τῆς

2086 3877 2252 3942 Θεός,
2299 3876 2385 3929 ἵνα
2412 3877 2445 3947 ἡ
2472 3875 2635 3942 δεῖξις
2667 3875 2947 3946 συναγάγῃ
2979 3876 3060 3938 είς
3100 3875 3159 3928 ἓν
3203 3873 3275 3928 τὰ
3319 3876 3388 3945 τῇ
3449 3872 3667 3942 ἐπινοίᾳ

2083 3967 2346 4040 διάφοραο
2380 3968 2441 4022 ού
2471 3967 2580 4040 γάρ
2613 3969 2670 4020 tv
2704 3970 2770 4039 τῇ
2809 3967 3023 4037 ἐπινοίᾳ
3073 3969 3138 4038 τῇ
3163 3969 3355 4034 Λόγος
3409 3964 3487 4036 (9)
3518 3963 3664 4016 ἐστὶν

2083 4061 2117 4130 ἡ
2148 4061 2314 4124 Θεός,
2339 4057 2460 4110 οὐδὲ
2497 4060 2553 4113 ἐν
2576 4061 2642 4130 τῇ
2668 4060 2830 4124 Θεός,
2857 4060 2912 4129 ή,
2939 4059 3144 4127 Λόγος.
3171 4057 3322 4128 Τάχα
3347 4056 3404 4109 δὲ
3464 4073 3666 4126 συγκει-

2088 4144 2384 4221 φαλαίωσίς
2415 4149 2531 4202 ἐστι
2563 4149 2673 4201 τῶν
2705 4148 3220 4220 τριῶν’προτάσεων
3251 4149 3332 4211 εἰς
3362 4148 3490 4218 μίαν
3522 4147 3624 4218 τήν
3647 4163 3663 4178 ο

2012 4262 2057 4318 D
2093 4261 2112 4294 ‹
2142 4233 2309 4304 Οὗτος
2341 4235 2410 4312 ἦν
2442 4242 2500 4294 ἐν
2547 4241 2690 4312 ἀρχῇ
2723 4239 2863 4312 πρὸς
2884 4239 2975 4292 τὸν
3001 4239 3152 4293 Θεόν.
3185 4257 3211 4291 ι
3255 4237 3406 4292 Καθὸ
3453 4236 3567 4308 γὰρ
3609 4238 3666 4288 tv

398 4308 579 4371 kie,ut
600 4306 714 4361 haec
744 4303 1137 4360 demonstratio
1160 4303 1211 4356 in
1244 4317 1408 4355 unum
1441 4317 1503 4356 ea
1526 4309 1826 4370 congreget
1858 4315 1980 4369 quae

2111 4333 2225 4404 ιρχῇ
2266 4327 2334 4402 ἦν
2366 4303 2412 4383 ’ὁ
2465 4303 2690 4400 Λόγοςῒ
2717 4303 2781 4384 οῦ
2809 4329 3210 4401 μεμαθήκαμεν
3230 4368 3245 4393 ,
3286 4329 3367 4382 ὅτι
3578 4326 3668 4379 τὸν

398 4398 831 4454 consideratione
847 4405 974 4451 sunt
998 4395 1247 4458 diversa;
1271 4409 1445 4463 neque
1469 4391 1616 4448 enim
1642 4394 1765 4445 dum
1791 4391 1978 4446 consi-

400 4494 651 4546 deramus
675 4489 838 4545 Deum
855 4489 1139 4544 considera
1151 4503 1268 4542 mus
1284 4486 1634 4550 Sermonem;
1653 4498 1828 4553 neque
1848 4482 1976 4537 dum

399 4584 811 4639 consideramus
846 4581 1185 4644 Sermonem,
1210 4579 1622 4634 consideramus
1641 4575 1832 4629 Deum.
1854 4574 1980 4629 For-

403 4676 564 4730 tassis
579 4685 758 4730 autem
784 4689 992 4728 summa
1012 4681 1093 4728 est
1113 4682 1164 4727 et
1193 4671 1440 4727 collectio
1467 4671 1626 4724 trium
1651 4667 1979 4737 propositio-

401 4782 528 4822 num
565 4767 618 4819 in
649 4781 808 4819 unam
840 4765 1020 4819 hanc:
1064 4782 1083 4815 ι
1115 4763 1214 4818 llic
1255 4771 1373 4817 erat
1424 4763 1478 4816 in
1523 4759 1790 4832 principio
1834 4759 1976 4828 apud

404 4862 568 4914 Deum
589 4875 635 4925 ;›
657 4870 922 4929 quatenus
945 4859 1092 4913 enim
1123 4857 1176 4911 in
1201 4854 1466 4927 principio
1486 4861 1608 4908 erat
1631 4851 1849 4918 Sermo,
1870 4865 1978 4904 non

401 4954 767 5008 didiceramus
800 4954 940 5021 quod
969 4951 1110 5022 apud
1135 4951 1338 5016 Deum;
1365 4959 1638 5018 quatenus
1671 4961 1803 5001 vero
1834 4947 1978 5014 apud

403 5043 570 5099 Deum
586 5045 780 5099 Sermo
803 5043 893 5098 ille
917 5052 1060 5106 erat,
1076 5057 1183 5096 non
1202 5054 1597 5111 agnoveramus
1619 5049 1809 5109 aperte
1832 5039 1978 5107 quod

405 5137 457 5198 in
479 5136 750 5207 principio
786 5137 928 5204 apud
961 5136 1123 5189 Deum
1152 5143 1302 5198 erat;
1331 5143 1599 5202 quatenus
1627 5139 1810 5187 autem
1837 5131 1978 5186 Deus

403 5228 496 5283 ille
535 5228 727 5283 Sermo
755 5235 898 5290 erat,
921 5239 1096 5295 neque
1127 5225 1511 5280 declarabatur
1545 5225 1721 5293 ipsum
1747 5224 1800 5277 in
1833 5223 1982 5293 prin-

403 5322 547 5391 cipio
600 5335 742 5384 esse,
786 5334 962 5387 neque
1007 5320 1149 5382 quod
1179 5316 1321 5388 apud
1355 5317 1522 5368 Deum
1569 5324 1709 5371 erat.
1745 5315 1898 5381 Quod
1933 5316 1980 5372 si

404 5415 621 5470 dicente
663 5412 1016 5481 evangelista,
1070 5429 1088 5463 t
1129 5409 1230 5464 llic
1282 5416 1402 5463 erat
1443 5407 1496 5460 in
1540 5407 1810 5476 principio
1837 5411 1980 5480 apud

407 5506 740 5572 Deum,osub
764 5505 1086 5575 pronomine
1109 5503 1535 5559 demonstrativo
1562 5500 1667 5566 hic,
1700 5501 1974 5574 intelliga-

476 5622 522 5654 "
553 5621 684 5676 ibid.
727 5619 814 5676 Η.
881 5619 928 5653 ’⁸
971 5618 1100 5673 ibid.
1175 5617 1219 5649 "’
1251 5614 1407 5673 Joan.
1441 5631 1481 5681 ι,
1505 5614 1566 5670 2.

480 5712 556 5782 (7)
591 5715 696 5767 Καὶ
725 5713 930 5781 ὥσπερ
960 5711 1209 5780 ἀπέδρα,
1245 5720 1350 5782 etc.
1388 5709 1576 5766 Finem
1623 5723 1841 5780 quoque
1896 5710 1987 5768 hic

413 5783 996 5854 damnatornmpmnis
1029 5783 1243 5854 statuit.
1277 5781 1537 5854 Hunnus.

491 5852 566 5922 t8)
600 5854 764 5906 Κατὰ
785 5849 992 5919 δεῖξιν.
1020 5855 1112 5910 Sic
1142 5853 1338 5924 legitur
1365 5856 1418 5912 itt
1446 5852 1630 5910 codice
1653 5849 1982 5917 Bodleiano;

2081 4426 2233 4482 Θεόν·
2251 4425 2387 4481 καθὸ
2411 4425 2466 4479 δὲ
2483 4426 2620 4496 πρὸς
2647 4426 2880 4480 τὸνθεὸν
2904 4426 2931 4478 ό
2965 4421 3133 4492 Λόγος
3145 4419 3234 4496 ἦν,
3258 4421 3671 4490 ούκέγινώσκο-

2085 4530 2182 4585 μεν
2204 4513 2411 4582 σαφῶς,
2426 4514 2508 4567 ὅτι
2527 4516 2585 4568 ὲν
2601 4517 2744 4588 ἀρχῇ
2772 4516 2909 4586 πρὸς
2935 4513 3028 4568 τὸν
3045 4512 3175 4567 Θεὸν
3192 4508 3280 4585 ἦν’
3296 4511 3430 4564 καθὸ
3452 4510 3514 4564 δὲ
3538 4511 3670 4574 Θεεὸς

2079 4606 2108 4658 ὁ
2123 4605 2293 4674 Λόγος
2315 4604 2403 4680 ἦν,
2431 4607 2555 4661 οὔτε
2579 4608 2640 4661 τὸ
2661 4610 2719 4660 ἐν
2739 4609 2882 4680 ἀρχῇ
2907 4605 3069 4661 αὐτὸν
3091 4603 3226 4659 εἶναι
3252 4603 3530 4675 ἐδηλοῦτο,
3546 4602 3671 4656 οὔτε

2083 4697 2165 4750 ὅτι
2196 4698 2332 4769 πρὸς
2355 4699 2446 4752 τὸν
2471 4699 2604 4754 Θεὸν
2631 4700 2946 4772 ἐτύγχανεν.
2978 4701 3067 4754 Ἐν
3091 4699 3149 4753 δὲ
3167 4702 3256 4772 τῇ,
3289 4718 3307 4750 t
3341 4693 3517 4765 Οὗτος
3530 4694 3594 4770 ἦν
3615 4700 3671 4751 tv

2083 4791 2225 4862 ἀρχῇ
2245 4792 2380 4862 πρὸς
2394 4791 2486 4848 τὸν
2513 4793 2669 4858 Θεόν,
2696 4813 2713 4845 ›
2741 4792 3050 4864 ἀπαγγελίᾳ
3097 4792 3189 4846 τοῦ
3228 4788 3426 4857 οὗτος,
3459 4791 3557 4844 ἐπὶ
3577 4789 3668 4842 τοῦ

2083 4882 2256 4952 Λόγου
2285 4885 2380 4938 καὶ
2397 4883 2532 4938 Θεοῦ
2559 4885 2868 4956 νοουμένου,
2891 4887 2986 4940 καὶ
3011 4885 3126 4950 τοῦ,
3151 4905 3171 4938 ι
3195 4887 3253 4939 ἐν
3282 4885 3447 4955 ἀρχῇ,
3481 4902 3500 4934 ι
3524 4883 3588 4936 οὔ
3599 4899 3669 4935 τω

2085 4978 2510 5048 συναπτομένου,
2532 4978 2626 5032 τοῦ
2651 4995 2730 5043 τε,
2761 4978 2896 5050 πρὸς
2922 4978 3012 5034 τὸν
3038 4980 3188 5047 Θεόν,
3214 4975 3666 5050 προστιθεμένου,

2083 5068 2234 5122 οὐδὲν
2247 5069 2638 5141 παραλείπεται
2662 5070 2771 5124 τῶν
2795 5074 2855 5137 ἐν
2881 5074 3002 5136 ταῖς
3019 5073 3169 5144 τρισὶ
3192 5069 3548 5143 προτάσεσιν,
3563 5068 3591 5120 ὃ
3609 5067 3666 5119 οὑ

2086 5165 2612 5235 συγκεφαλαιοῦται,
2666 5167 3048 5238 συναγομένων
3090 5166 3171 5228 εἰς
3217 5164 3297 5218 ἓν.
3336 5164 3483 5232 Ὅρα
3527 5160 3585 5213 δὲ
3619 5161 3666 5212 εί

2083 5255 2225 5308 κατά
2273 5256 2335 5308 τὸ
2360 5256 2538 5312 δισσὸν
2570 5257 2927 5328 ὀνομάζεσθαι
2955 5257 3017 5310 τὸ
3051 5275 3069 5308 t
3097 5256 3156 5310 tv
3191 5256 3355 5326 ἀρχῇ,
3388 5273 3408 5305 ›
3441 5252 3666 5306 δυνατὸν

2083 5349 2230 5419 ἡμᾶς
2259 5349 2549 5420 μανθάνειν
2587 5351 2887 5423 πράγματα
2931 5349 3044 5404 δύο·
3078 5348 3135 5402 ἓν
3170 5348 3288 5420 μὲν,
3325 5347 3408 5399 ὅτι
3437 5347 3496 5398 ἐν
3525 5345 3662 5414 ἀρχῇ

2079 5435 2148 5512 ἦν
2173 5442 2201 5492 ὁ
2232 5440 2423 5510 Λόγος,
2451 5440 2526 5505 ὡς
2555 5443 2603 5495 εἰ
2639 5443 2733 5496 καὶ
2760 5441 2880 5496 καθ’
2913 5441 3074 5495 αὒτὸν
3096 5435 3185 5512 ἦν,
3220 5439 3315 5492 καὶ
3339 5437 3415 5509 μὴ
3446 5437 3662 5497 πάντως

2083 5530 2219 5603 πρός
2250 5549 2402 5586 τινα·
2437 5532 2624 5604 ἓτερον
2667 5532 2746 5597 δὲ,
2800 5533 2882 5586 ὅτι
2915 5531 2972 5584 tv
3000 5531 3143 5602 ἀρχῇ
3193 5529 3329 5602 πρὸς
3384 5527 3480 5582 τὸν
3531 5523 3662 5580 Θειὸν

2094 5709 2421 5766 Barberinus
2451 5709 2612 5764 habet
2637 5709 2779 5764 κατά
2810 5707 2984 5773 τάξιν.

2093 5780 2457 5915 Λό(9)ς(]οιιεχ
2493 5779 2839 5848 Bodleianus,
2872 5780 2963 5854 τῇ,
2991 5776 3182 5847 Λόγος,
3227 5775 3448 5850 Regius,
3496 5778 3655 5850 αὐτῇ,

2173 5868 2236 5904 γο
2273 5890 2285 5902 .
