3792 6146
194 375 277 431 ηδ
1264 374 1621 432 (ΣΟΜΜΕΝΤ.
1663 375 1691 430 II

1941 376 1964 434 “.
2006 376 2246 434 TOMUS
2279 377 2343 433 ll.
3337 379 3438 436 126

185 492 258 566 ἦν,
290 493 373 546 καὶ
395 486 570 562 οἶμαι,
603 492 692 546 ᾶτι
725 492 788 546 οὺ
819 491 1017 560 ψεῦδος
1053 492 1223 548 εἰπεῖν
1258 495 1386 566 περὶ
1442 492 1630 558 αὑτοῦ,
1665 495 1682 548 ἓ

1934 513 1958 560 ·,
1993 507 2047 552 et
2083 490 2296 562 Sermo,
2325 504 2380 551 et
2413 494 2576 560 Deus,
2603 504 2658 549 et
2689 495 2992 564 particular
3016 497 3069 552 in
3094 497 3383 568 principio,
3410 520 3431 554 ι

186 591 232 642 ὲν
258 588 382 659 ἀρχῇ
412 581 501 656 ἦν,
540 587 641 639 καὶ
679 588 745 640 ἐν
775 589 919 659 ἀρχῇ
951 587 1087 657 πρὸς
1124 586 1216 640 τὸν
1249 587 1406 653 Θεὸν,
1446 588 1569 642 οὗτε
1608 607 1683 661 πρ

1933 613 1936 641 ε
1988 590 2367 661 coniungatur,
2391 589 2732 658 addaturque
2771 587 2958 653 etiam,
2985 605 3004 640 ι
3039 591 3176 659 apud
3207 589 3430 654 Deum,»

183 680 259 734 τὸν
279 680 402 732 Θεὸν
431 678 594 750 μόνον
625 679 943 750 τυγχάνων,
975 679 1098 732 ἐπεὶ
1121 680 1215 734 καὶ
1248 682 1304 735 ὲν
1331 681 1474 752 ἀρχῇ
1503 677 1593 753 ἦν,
1621 681 1680 734 οὔ

1939 684 1991 738 ιίΙ
2019 682 2290 738 omittitur
2345 696 2537 737 eorum
2587 694 2709 751 quin
2739 689 2866 734 sunt
2899 680 2951 734 iu
2983 681 3156 736 tribus
3188 684 3436 752 proposi-

184 767 233 820 ἐν
257 768 384 837 ἀρχῇ
419 766 583 835 μόνον
616 765 722 833 ὣν,
757 768 852 821 καὶ
881 767 1000 838 οὐχὶ
1029 769 1166 840 πρὸς
1205 769 1299 824 τὸν
1332 769 1468 824 Θεὸν
1499 769 1596 836 ὢν,
1628 773 1681 825 ὲτ

1936 775 2117 838 nibus,
2158 775 2301 843 quod
2340 771 2652 827 summatim
2685 785 2793 825 non
2823 771 3318 839 comprehendatur
3346 788 3433 827 re-

186 878 203 911 ι
234 852 370 923 οὗτος
401 854 470 930 ἦν
511 861 571 913 ἐν
607 860 761 932 ἀρχῇ
794 861 931 932 πρὸς
959 860 1050 913 τὸν
1081 861 1236 916 Θεόν.
1268 882 1288 914 ι

1938 868 2030 923 :tis
2065 865 2239 921 tribus
2289 861 2750 934 propositionibus
2800 861 2855 915 in
2900 876 3091 916 unum.
3125 859 3262 917 Vide
3305 877 3435 917 vero

181 967 236 1005 an
263 951 364 1006 lieri
395 953 569 1020 possit
608 961 681 1007 ut
724 953 888 1007 etiam
927 953 1064 1008 duas
1116 969 1204 1009 res
1251 955 1523 1024 dicamus,
1562 960 1690 1030 quia
1729 962 1813 1018 bis
1851 963 2086 1027 dicatur,
2129 977 2149 1011 ι
2191 957 2243 1012 in
2281 955 2575 1027 principio,
2617 971 2637 1005 ι
2671 951 2897 1008 alteram
2914 953 3154 1023 quidem,
3195 954 3338 1022 quod
3379 955 3432 1008 in

181 1042 416 1113 principio
455 1052 578 1098 erat
618 1043 718 1100 ille
763 1043 976 1110 Sermo,
1019 1045 1177 1116 quasi
1215 1049 1380 1103 etiam
1430 1065 1498 1106 ex
1545 1067 1604 1106 se
1639 1065 1808 1121 esset,
1843 1066 1899 1111 et
1933 1070 2037 1109 non
2083 1051 2307 1108 omnino
2337 1048 2479 1118 apud
2508 1047 2788 1117 aliquem;
2827 1046 3054 1102 alteram
3081 1062 3246 1114 vero,
3288 1047 3433 1117 quod

179 1138 224 1191 in
266 1136 518 1205 principio
564 1137 721 1206 apud
771 1137 936 1194 Deum
982 1148 1122 1193 erat.
1165 1139 1454 1212 Meumque
1497 1153 1582 1200 est
1613 1146 1882 1216 judicium
1933 1146 2137 1214 absque
2180 1142 2466 1198 mendacio
2511 1141 2616 1195 dici
2655 1154 2813 1209 posse
2861 1139 2928 1193 de
2971 1153 3036 1193 eo
3084 1141 3226 1209 quod
3272 1150 3327 1194 et
3377 1140 3431 1195 iu

179 1227 412 1296 principio
444 1237 592 1295 erat,
627 1237 690 1284 et
724 1230 777 1284 in
821 1231 1087 1302 principio
1133 1235 1272 1302 apud
1307 1233 1500 1305 Deum,
1537 1254 1712 1309 neque
1745 1240 1883 1310 apud
1906 1241 2014 1314 α)
2046 1240 2210 1294 Deum
2239 1237 2412 1293 solum
2450 1235 2738 1298 exsistens,
2772 1232 3024 1302 quoniam
3072 1233 3124 1287 in
3165 1232 3434 1303 principio

177 1324 293 1374 erat.
317 1329 484 1383 neque
512 1317 567 1371 in
602 1318 881 1388 principio
912 1319 1086 1374 solum
1121 1323 1414 1392 exsistens,
1440 1335 1631 1382 etnon
1679 1327 1822 1397 apud
1863 1328 2032 1382 Deum
2069 1327 2338 1382 exsisteus
2361 1363 2377 1390 ,
2424 1323 2681 1394 quoniam
2735 1339 2754 1373 ι
2788 1322 2878 1377 hic
2911 1332 3030 1378 erat
3065 1322 3118 1378 in
3167 1324 3432 1396 principio

177 1407 292 1478 apud
317 1405 498 1463 Deum.
536 1425 558 1460 ι

234 1502 280 1555 6.
303 1501 498 1555 Πάντα
523 1501 605 1555 δι’
633 1504 830 1558 αὐτοῦ
869 1505 1126 1576 ἐγένετο.
1165 1509 1434 1565 Οὐδέποτε
1460 1513 1562 1583 τὴν
1594 1512 1731 1584 πρώ-

1938 1507 1977 1563 i.
2013 1505 2205 1562 Omnia
2233 1520 2327 1576 per
2349 1504 2520 1574 ipsum
2549 1504 2694 1572 facta
2715 1510 2836 1556 sunt
2865 1501 2932 1557 ”.
2969 1499 3251 1572 Nunquam
3281 1501 3435 1572 prin-

176 1613 258 1665 την
278 1592 450 1666 χώραν
480 1593 600 1666 ἔχει
664 1597 730 1649 τὸ
788 1597 862 1650 δι’
891 1594 986 1666 οὗ,
1012 1599 1270 1673 δευτέραν
1294 1603 1351 1656 δὲ
1379 1605 1467 1658 ἀεί
1486 1621 1501 1635 °
1545 1600 1656 1658 οἷον

1934 1614 2028 1653 .em
2070 1596 2245 1651 locum
2270 1594 2438 1650 habet
2467 1593 2732 1664 particula
2751 1609 2842 1662 per
2865 1609 3017 1663 quem
3037 1634 3053 1660 ,
3085 1595 3180 1649 sed
3214 1610 3431 1664 semper

175 1688 228 1756 τῇ
267 1687 390 1756 πρὸς
431 1684 779 1758 Ῥωμαίους·
823 1707 842 1740 ι
881 1690 1092 1755 Παῦλος
1135 1693 1354 1760 δοῦλος,
1403 1699 1564 1770 φησὶ,
1608 1699 1672 1772 Χ(

1934 1693 2176 1757 :undum,
2207 1687 2375 1743 veluti
2412 1689 2463 1742 in
2493 1687 2736 1758 Epistola
2761 1689 2826 1742 ad
2853 1688 3129 1744 Romanos
3147 1690 3215 1752 ”,
3249 1707 3268 1740 ι
3295 1689 3431 1743 Pau-

176 1773 281 1828 στοῦ
320 1774 492 1846 Ἰησοῦ
519 1817 535 1843 ,
594 1778 803 1850 κλητὸς
857 1782 1153 1848 ἀπόστολος
1185 1826 1199 1849 ,
1239 1787 1620 1860 ἀφωρισμένος
1663 1807 1673 1841 ε

1932 1821 1934 1834 ,
1969 1796 2184 1846 servus,
2221 1780 2418 1849 inquit,
2458 1777 2583 1833 Jesu
2607 1779 2833 1844 Christi,
2874 1789 3099 1834 vocatus
3136 1780 3204 1833 ad
3234 1797 3429 1834 munus

174 1835 474 1936 εὐαγγέλιον
503 1835 673 1934 Θεοῦ,
693 1835 742 1923 ’ὃ
769 1835 1671 1952 ιτροεπηγγεέλατοῄἑιῖτᾶινττρος

1932 1835 2229 1936 istolicum,
2273 1835 2592 1941 segregatus
2633 1869 2688 1923 in
2737 1835 3085 1940 Evangelium
3134 1870 3250 1936 Dei,
3287 1871 3429 1940 quod

173 1958 261 2011 τῶν
287 1959 444 2013 αὑτοῦ
482 1959 543 2012 ὲν
581 1961 625 2013 Γ
628 1965 839 2032 ραφαῖς
867 1963 1054 2032 ἁγίαις
1085 1967 1214 2038 περὶ
1244 1968 1340 2021 τοῦ
1380 1969 1510 2024 ϊὶοῦ
1552 1971 1670 2025 αὐτ(

1934 1975 1976 2018 Le
2004 1959 2360 2032 [promiserat
2391 1973 2488 2027 per
2516 1957 2818 2027 prophetas
2857 1971 2986 2013 suos
3035 1958 3089 2012 in
3129 1957 3431 2027 Scripturis

173 2049 250 2102 τοῦ
295 2050 589 2120 γενομένου
651 2056 722 2106 ἐκ
780 2055 1093 2127 σπέρματος
1138 2059 1302 2113 Δαυῒδ
1349 2060 1492 2115 κατὰ
1541 2062 1670 2135 σάριι

1931 2054 2054 2108 ictis
2082 2052 2148 2107 de
2178 2049 2317 2106 Filio
2339 2064 2458 2114 suo,
2488 2049 2579 2118 qui
2608 2051 2824 2118 genitus
2857 2049 2958 2103 fuit
2987 2063 3054 2104 ex
3095 2051 3300 2106 semine
3323 2052 3428 2105 Da-

172 2139 250 2193 τοῦ
283 2141 593 2214 ὁρισθέντος
628 2143 766 2198 Υἱοῦ
801 2145 935 2199 Θεοῦ
971 2150 1027 2201 ἐν
1066 2147 1313 2221 δυνάμει,
1359 2151 1500 2206 κατὰ
1529 2153 1662 2207 πνεῦ

1933 2147 1936 2197 l
1984 2144 2286 2200 secundum
2332 2155 2554 2196 carnem
2592 2157 2607 2193 :
2641 2139 2732 2208 qui
2783 2139 3094 2194 declaratus
3126 2140 3226 2194 fuit
3260 2141 3430 2197 Filius

171 2232 456 2306 ἁγιωσύνης
479 2275 495 2299 ,
537 2235 601 2302 ἐξ
637 2237 996 2303 ἀναστάσεως
1026 2240 1237 2312 νεκρῶν
1279 2241 1456 2314 Ἰησοῦ
1504 2245 1668 2316 Χριστ

1934 2237 1942 2292 i
1969 2250 2089 2291 cum
2121 2232 2384 2306 potentia,
2422 2233 2724 2288 secundum
2753 2230 3006 2301 spiritum
3042 2232 3431 2288 sanctiﬁcatio-

172 2323 251 2377 τοῦ
280 2325 482 2396 Κυρίου
517 2327 708 2399 ἡμῶν,
756 2329 824 2383 δι’
866 2325 926 2386 οῦ
978 2331 1244 2404 ἐλάϐομεν
1287 2334 1388 2406 τὴν
1439 2337 1600 2409 χάριν
1650 2355 1669 2391 >

1937 2370 1953 2397 ,
1981 2345 2049 2384 ex
2080 2343 2146 2384 eo
2177 2327 2323 2397 quod
2355 2324 2661 2382 resurrexit
2682 2339 2714 2380 e
2739 2324 2967 2378 mortuis
2994 2321 3153 2380 Jesus
3180 2325 3431 2382 Christus

173 2417 452 2489 ἀποστολὴν
495 2421 580 2483 εἰς
609 2420 864 2493 ὑπακοὴν
901 2423 1140 2488 πίστεως
1175 2426 1234 2479 ὲν
1266 2429 1400 2480 πᾶσι
1447 2431 1560 2493 τοῖς
1600 2429 1670 2484 ἔθη

1935 2421 2112 2477 minus
2160 2427 2366 2484 noster,
2418 2433 2515 2488 per
2544 2431 2706 2488 quem
2750 2416 3060 2486 accepimus
3087 2417 3339 2488 gratiam,
3375 2428 3432 2474 et

176 2523 245 2560 σιν
268 2507 400 2580 ὑπὲρ
426 2508 520 2562 τοῦ
555 2511 829 2581 ὀνόματος
851 2513 1068 2568 αὐτοῦ.»
1103 2515 1161 2569 Ὃ
1186 2515 1296 2588 γὰρ
1315 2515 1449 2582 Θεὸς
1483 2518 1543 2572 τὸ
1568 2520 1673 2573 Εὐα

1932 2514 2130 2570 )stolici
2189 2512 2432 2568 muneris
2473 2509 2839 2575 functionem,
2874 2519 2930 2566 ut
2974 2511 3265 2567 obediatur
3307 2511 3429 2566 tidei

174 2599 329 2666 γὲλιον
371 2602 569 2657 ἑαυτοῦ
626 2607 1102 2677 προεπηγγείλατο
1137 2608 1226 2662 διὰ
1258 2609 1368 2664 τῶν
1405 2611 1668 2683 προφητῶ

1935 2623 1997 2662 er
2034 2620 2227 2662 omnes
2277 2612 2471 2675 gentes
2519 2617 2683 2673 super
2729 2603 2899 2674 ipsius
2941 2604 3184 2659 nomine.
3227 2621 3246 2656 ι
3289 2603 3431 2660 Deus

175 2691 570 2765 ὑπηρετούντων
597 2696 717 2750 τῶν
749 2699 1060 2770 προφητῶν,
1095 2701 1187 2754 καὶ
1216 2702 1446 2772 ἐχόντων
1478 2702 1568 2756 τὸν
1589 2701 1672 2772 λόιι

1943 2714 1991 2752 ιη
2018 2697 2372 2768 Evangelium
2392 2710 2550 2750 suum
2580 2697 3052 2767 praenuntiaverat
3073 2711 3171 2766 per
3198 2698 3433 2767 prophe-

171 2783 251 2838 τοῦ
303 2785 375 2838 δι’
398 2782 494 2850 οὗ,
534 2790 640 2842 κα).
670 2790 853 2854 πάλιν,
879 2792 908 2843 ὸ
933 2790 1066 2856 Θεὸς
1091 2793 1256 2847 ἔδωκε
1293 2794 1454 2866 χάριν
1487 2795 1580 2848 καὶ
1609 2797 1668 2849 ἀπ

1957 2834 1972 2858 ,
2025 2789 2573 2846 subministrantibus
2629 2787 2948 2858 prophetis,
2996 2797 3050 2843 et
3102 2788 3431 2844 habentibus

174 2877 347 2949 στολὴν
399 2881 480 2945 εἰς
526 2881 788 2952 ὑπακοὴν
828 2883 1066 2948 πίστεως
1121 2887 1179 2938 ἐν
1230 2887 1364 2940 πᾶσι
1417 2890 1529 2952 τοῖς
1569 2887 1671 2941 EGV:

1929 2893 2156 2934 -monem
2193 2877 2356 2938 illius.
2394 2876 2482 2932 cui
2508 2877 2764 2946 competit
2791 2893 2885 2946 per
2902 2893 3074 2946 quem,
3101 2888 3155 2932 et
3185 2893 3426 2945 rursum,

175 2969 348 3042 Παύλῳ
397 2975 489 3026 καὶ
534 2977 663 3036 τοῖς
707 2974 942 3041 λοιποῖς·
1001 2977 1096 3031 καὶ
1159 2978 1326 3032 ἔδωκε
1376 2979 1463 3034 διά
1508 2983 1672 3054 Χριστ

1933 2987 1992 3026 us
2024 2971 2173 3027 dedit
2208 2969 2438 3041 gratiam
2487 2978 2544 3024 et
2585 2969 2863 3039 apostolici
2912 2971 3154 3026 muneris
3193 2970 3430 3026 functio-

183 3062 338 3136 Ἰησοῦ
387 3066 482 3119 τοῦ
523 3067 791 3138 Σωτῆρος
819 3069 1035 3139 ἔχοντος
1078 3069 1139 3123 τὸ
1175 3070 1251 3124 δι’
1277 3066 1370 3127 οὗ.
1413 3073 1524 3126 Καὶ
1578 3075 1636 3128 ἐν
1677 3095 1680 3106 ι

1934 3079 1972 3117 m
2004 3061 2169 3118 Paulo
2199 3071 2254 3116 et
2279 3059 2528 3130 reliquis,
2561 3068 2620 3114 ut
2645 3060 2900 3115 obediaut
2931 3059 3056 3114 ﬁdei
3083 3075 3274 3115 omnes
3301 3075 3431 3131 gen-

172 3153 292 3224 πρὸς
361 3155 701 3229 Ἐϐραίους,
763 3161 792 3212 ὁ
846 3159 1008 3222 αὐτὸς
1069 3159 1282 3224 Παῦλός
1302 3178 1500 3232 φησιν·
1563 3180 1582 3213 ι
1626 3164 1669 3217 Ἐ

1929 3172 1964 3220 ;;
2007 3165 2061 3208 et
2085 3153 2233 3208 dedit
2263 3167 2359 3222 per
2398 3151 2674 3207 Christum
2708 3151 3059 3207 Servatorem
3087 3193 3105 3220 ,
3139 3153 3426 3209 habentem

173 3245 379 3317 ἐσχάτου
411 3249 521 3301 τῶν
548 3249 783 3322 ἡμερῶν
813 3250 1074 3322 ἐλάλησεν
1096 3255 1227 3323 ἡμῖν
1255 3254 1314 3306 ὲν
1341 3253 1475 3325 ne,
1501 3255 1559 3309 ὃν
1579 3255 1670 3327 ἔθη

1933 3245 2168 3300 rticulam
2197 3259 2292 3313 per
2333 3260 2504 3315 quem.
2544 3243 2606 3296 Et
2641 3243 2693 3296 iu
2719 3243 2954 3315 Epistola
3008 3245 3075 3299 ad
3128 3244 3381 3302 llebrazos
3411 3247 3430 3278 ³

173 3337 482 3412 κληρονόμον
509 3341 761 3409 πάντων,
785 3343 853 3396 δι’
873 3335 934 3396 οὗ
964 3343 1056 3397 καὶ
1083 3345 1210 3408 τοὺς
1243 3343 1446 3410 αἰῶνας
1466 3346 1670 3419 ἐποίησε

1937 3354 1966 3392 e
1995 3337 2194 3392 Paulus
2247 3337 2446 3406 inquit,
2490 3355 2508 3388 ι
2546 3336 2601 3391 lu
2633 3337 2950 3392 novissimis
2992 3337 3184 3394 diebus
3220 3337 3433 3395 locutus

172 3429 414 3486 διδάσκων
448 3436 646 3505 ἡμᾶς,
688 3435 769 3488 ὅτι
818 3437 847 3489 ὁ
892 3435 1026 3500 Θεὸς
1066 3436 1194 3500 τοὺς
1230 3437 1432 3502 αἰῶνας
1472 3439 1669 3506 πεποίη

1932 3431 2118 3486 .nobis
2148 3431 2200 3486 in
2238 3429 2397 3494 Filio,
2428 3446 2588 3501 quem
2634 3431 2815 3501 posuit
2851 3430 3124 3486 haeredem
3163 3431 3429 3496 omnium,

172 3523 247 3577 διὰ
273 3525 359 3579 τοῦ
384 3527 540 3590 Υἱοῦ,
577 3528 637 3580 ὲν
664 3527 740 3599 τῷ
765 3527 890 3592 τοὺς
915 3527 1117 3593 αἰῶνας
1159 3529 1404 3599 γίνεσθαι
1447 3531 1542 3585 τοῦ
1567 3533 1669 3585 Mox

1934 3539 1948 3575 Γ
1971 3535 2131 3586 quem
2158 3520 2290 3576 fecit
2310 3530 2365 3576 et
2396 3521 2615 3588 sazcula,
2643 3540 2662 3575 ι
2688 3523 2893 3577 docens
2924 3537 3022 3577 nos
3039 3521 3205 3576 Deum
3237 3525 3431 3577 smcula

173 3622 341 3684 γενοῦς
386 3619 614 3690 ἔχοντος
643 3621 705 3674 τὸ
733 3620 806 3672 δι’
833 3616 929 3677 οὗ.
965 3621 1121 3676 Οὕτω
1169 3623 1348 3676 τοίνυν
1405 3625 1501 3678 καὶ
1556 3626 1670 3679 ὲνθό

1931 3615 2050 3669 :isse
2093 3629 2190 3680 per
2219 3613 2416 3669 Filium
2443 3653 2458 3680 ,
2504 3613 2796 3683 Unigenito
2839 3613 3075 3668 habente
3109 3614 3428 3682 particulam

175 3709 270 3778 (l0)
305 3712 348 3763 ει
395 3713 586 3767 πάντα
622 3712 709 3765 διὰ
760 3712 853 3766 τοῦ
902 3713 1077 3783 Λόγου
1111 3715 1348 3784 ἐγένετο,
1391 3717 1490 3789 οὐχ
1524 3719 1626 3773 ὑπὸ
1649 3736 1672 3771 τ

1954 3699 2034 3770 οὗ,
2055 3703 2131 3776 [id
2154 3713 2257 3770 est,
2275 3719 2365 3772 per
2379 3700 2577 3775 quem,]
2600 3704 2724 3758 dum
2745 3701 2939 3758 saecula
2969 3703 3183 3758 tierent.
3215 3702 3305 3758 Sic
3336 3703 3433 3772 igi-

173 3801 326 3869 Λόγου
369 3804 618 3872 ἐγένετο,
663 3805 780 3859 ἀλλ’
845 3806 952 3860 ὑπὸ
991 3807 1303 3878 κρείττονος
1350 3808 1444 3861 καὶ
1498 3807 1670 3880 μείζοε.

1934 3812 1941 3825 ·
1969 3796 2073 3851 hoc
2100 3796 2264 3851 etiam
2297 3796 2350 3850 in
2383 3794 2519 3861 loco,
2546 3795 2592 3851 si
2614 3797 2794 3849 omnia
2827 3811 2925 3866 per
2946 3795 3262 3850 Sermonem
3287 3793 3431 3850 facta

173 3895 306 3966 παρὰ
331 3898 419 3952 τὸν
448 3899 652 3967 Λόγον.
685 3899 782 3962 Τίς
830 3897 875 3951 δ’
929 3897 995 3953 ἂν
1037 3898 1196 3964 ἄλλος
1240 3894 1393 3964 οὗτος
1432 3901 1670 3973 τυγχάνῃ

1933 3895 2091 3952 :ruut,
2113 3903 2219 3943 non
2243 3903 2273 3941 a
2297 3887 2562 3943 Sermone
2586 3887 2730 3942 facta
2763 3886 3113 3954 fuerunt,sed
3143 3888 3211 3942 ab
3244 3902 3310 3942 eo
3338 3886 3430 3956 qui

172 3987 197 4038 ὸ
219 3986 356 4058 Πατή
364 4006 395 4059 ρ
412 4005 426 4054 ;
443 3989 801 4053 Ἐξεταστέον
828 3988 904 4055 δὲ,
930 3989 1164 4058 ἀληθοῦς
1196 3990 1349 4056 ὄντος
1374 3991 1491 4057 τοῦ,
1511 4013 1529 4045 ι
1559 3993 1669 4046 Πάν

1937 3999 1968 4038 o
2009 3983 2274 4038 Sermone
2305 3981 2478 4048 major
2523 3991 2628 4047 est,
2657 3996 2817 4052 quem
2848 3983 2973 4052 quis
3021 3981 3185 4037 alium
3231 3981 3433 4036 dixerit

171 4074 229 4128 δι’
257 4079 413 4132 αὑτοῦ
438 4080 720 4149 ὲγένετο,›
746 4082 795 4134 εἰ
819 4083 912 4134 καὶ
935 4083 996 4135 τὸ
1024 4082 1250 4153 Πνεῦμα
1274 4083 1334 4135 τὸ
1366 4083 1520 4152 ἆγιον
1547 4085 1614 4137 δι’
1642 4103 1668 4138 α

1934 4091 2013 4130 am
2057 4075 2272 4128 Patrem
2308 4075 2482 4144 ipsum
2517 4074 2924 4142 ?.-Qua*rendum
2953 4083 3040 4129 est
3075 4083 3130 4127 et
3174 4073 3330 4139 illud,
3360 4089 3431 4128 an

173 4169 254 4222 τοῦ
277 4172 511 4238 ἐγένετο.
541 4170 708 4244 Οἶμαι
737 4173 866 4246 γὰρ,
891 4175 973 4228 ὅτι
993 4173 1071 4246 τῷ
1104 4176 1202 4246 μὲν
1222 4176 1484 4245 φάσκοντι
1515 4195 1670 4251 γενητ

1937 4184 1968 4223 e
1994 4168 2159 4223 etiam
2199 4165 2435 4236 Spiritus
2457 4177 2681 4222 sanctus
2704 4181 2801 4235 per
2817 4167 2995 4237 ipsum
3025 4167 3097 4221 sit
3124 4165 3321 4231 factus,
3341 4181 3433 4221 ve-

173 4262 290 4314 αὐτὸ
319 4259 476 4327 εἶναι,
523 4265 619 4317 καὶ
639 4265 949 4337 προϊεμένῳ
977 4265 1066 4319 τό·
1090 4285 1109 4318 ι
1141 4265 1325 4319 Πάντα
1345 4265 1412 4320 δι’
1434 4267 1599 4322 αὑτοῦ
1625 4269 1670 4340 ὲ]

1934 4277 1970 4314 n
1998 4276 2118 4314 cum
2153 4260 2243 4324 sit,
2277 4259 2458 4314 omnia
2484 4274 2583 4329 per
2615 4257 2935 4314 Sermonem
2969 4258 3112 4314 facta
3143 4258 3330 4314 fuisse.
3353 4263 3431 4315 Ac

174 4370 297 4416 νετο,
323 4375 340 4407 ι
374 4358 679 4424 ἀναγκαῖον
713 4357 1316 4428 παραδέξασθαι,ὅτιτὸ
1341 4361 1495 4428 ἆγιον
1522 4358 1671 4426 Πνεῦ(

1937 4368 1975 4407 ιο
1998 4351 2216 4433 quidem
2251 4351 2479 4421 judicio,
2512 4353 2556 4406 si
2588 4352 2710 4420 quis
2745 4353 2890 4406 dicat
2916 4350 3122 4406 factum
3152 4365 3278 4406 esse
3309 4349 3434 4419 Spi-

172 4448 250 4500 διὲ
277 4448 364 4502 τοῦ
391 4451 576 4518 Λόγου
615 4450 854 4518 ἐγένετο,
897 4450 1273 4524 πρεσϐυτέρου
1303 4451 1432 4524 παρ’
1465 4452 1598 4506 αὐτὸ
1633 4453 1669 4524 (1

1935 4461 2018 4499 um
2068 4454 2339 4510 sanctum,
2370 4453 2425 4499 et
2456 4445 2714 4499 admittat
2758 4444 2940 4499 omnia
2970 4458 3069 4513 per
3108 4443 3432 4499 Sermonem

174 4538 258 4590 τοῦ
297 4542 468 4610 Λόγου
523 4541 898 4612 τυγχάνοντος.
950 4541 1042 4614 Τῷ
1087 4543 1145 4596 δὲ
1195 4544 1269 4615 μὴ
1323 4543 1632 4616 βουλομένῳ

1933 4545 1994 4591 :ta
2026 4535 2217 4602 fuisse,
2245 4536 2292 4590 is
2321 4536 2484 4591 etiam
2521 4534 2754 4591 fateatur
2785 4549 3006 4590 necesse
3029 4544 3136 4602 est,
3169 4534 3430 4604 Spiritqu

176 4631 316 4698 ἅγιον
357 4633 590 4704 Πνεῦμα
616 4633 704 4687 διὰ
728 4633 823 4688 τοῦ
857 4632 1094 4706 Χριστοῦ
1127 4635 1432 4704 γεγονέναι,
1455 4636 1647 4689 ἕπεται

1938 4648 2026 4686 um
2067 4646 2097 4686 a
2125 4631 2390 4686 Sermone
2434 4630 2661 4698 factum,
2707 4631 2960 4686 nimirum
3011 4629 3271 4685 Sermone
3313 4629 3433 4700 ipso

176 4720 448 4792 ἀγέννητον
500 4723 632 4776 αὐτὸ
665 4723 843 4792 λέγειν
877 4723 1206 4795 (12),ἀληθῆ
1243 4724 1311 4778 τὰ
1354 4725 1412 4779 ὲν
1457 4724 1535 4796 τῷ
1569 4726 1673 4780 Εὑα

1936 4726 2163 4795 liquiore
2208 4725 2510 4781 exsislente
2539 4725 2655 4794 ipso
2685 4723 2906 4794 Spiritu.
2932 4722 3036 4792 Qui
3053 4738 3183 4778 vero
3200 4722 3433 4778 noluerit

174 4809 324 4881 γελιῳ
349 4812 528 4884 τούτῳ
557 4809 694 4867 εἶναι
747 4814 1005 4885 κρίνοντι.
1044 4816 1237 4870 Ἔσται
1274 4813 1332 4867 δέ
1363 4831 1448 4878 τις
1494 4816 1589 4869 καὶ
1631 4832 1671 4888 τ)

1935 4819 2116 4873 iritum
2149 4827 2396 4873 sanctum
2430 4832 2529 4886 per
2561 4817 2840 4871 Christum
2884 4815 3052 4870 fuisse
3092 4813 3315 4881 factum,
3342 4827 3432 4868 se-

175 4917 256 4966 τος
277 4905 384 4976 (15)
411 4906 568 4977 παρά
594 4908 719 4970 τοὺς
753 4906 865 4972 δύο,
901 4909 994 4962 τόν
1031 4925 1091 4962 τε
1121 4907 1211 4962 διά
1243 4907 1339 4962 τοῦ
1369 4908 1546 4978 Λόγου
1574 4926 1672 4980 παι

1937 4908 2042 4962 itur
2071 4918 2131 4962 ut
2152 4908 2367 4970 is,vera
2393 4907 2624 4963 credens
2655 4922 2776 4979 quae
2798 4907 2851 4961 iu
2867 4906 2972 4962 hoc
2988 4905 3279 4976 Evangelio
3305 4913 3434 4961 sunt

237 4993 466 5054 "Joan.
515 5014 554 5062 ι,
609 4999 661 5053 5.
761 4999 807 5033 ⁹⁹
841 5016 960 5072 cap.
999 5017 1042 5066 ι,
1073 5017 1217 5058 vers.
1258 5003 1312 5070 1,
1361 5001 1398 5056 2
1437 5017 1592 5072 seqq.
1673 5002 1734 5057 ‘t

766 4999 807 5033 ⁹⁹
841 5016 960 5072 cap.
999 5017 1042 5066 ι,
1073 5017 1217 5058 vers.
1258 5003 1312 5070 1,
1361 5001 1398 5056 2
1437 5017 1592 5072 seqq.
1673 5002 1690 5033 ¹
1716 5016 1835 5072 cap.
1861 5019 1900 5066 ι,
1936 5017 2083 5057 vers.
2123 5002 2176 5069 1,
2207 5000 2263 5055 9.

240 5089 348 5159 (10)
382 5090 549 5165 Οὓτῳ
586 5092 800 5165 τοίνυν
822 5094 920 5148 καὶ
962 5093 1195 5159 ἐνθάδε,
1219 5105 1328 5150 etc.
1365 5093 1620 5165 Imperite
1667 5094 1737 5149 hit

1935 5103 2067 5148 utres
2099 5095 2370 5165 removeri
2400 5093 2589 5150 velint.
2616 5093 2850 5165 Basilius
2875 5091 3091 5164 quidem
3127 5091 3342 5165 hom_il._
3364 5093 3432 5147 17

181 5155 353 5235 lapsus
381 5171 466 5215 est
503 5161 771 5235 Qrigeues
819 5179 940 5217 cum
996 5180 1027 5218 a
1087 5155 1248 5220 Patre
1301 5155 1482 5219 omnia
1533 5168 1753 5220 condita
1865 5163 2083 5235 ContraA
2112 5163 2313 5221 Sabell.
2371 5165 2576 5220 idcirco
2609 5155 3181 5234 Spiritum-sanctum
3216 5163 3284 5216 ab
3330 5163 3435 5220 hoc

181 5231 379 5308 statuit,
411 5247 517 5308 non
543 5231 727 5308 etiam
781 5247 812 5287 a
847 5235 1043 5300 Verbo,
1097 5244 1159 5288 ut
1191 5235 1643 5292 demonstraluus
1694 5238 1747 5291 in
1862 5233 2124 5308 vocabqu
2141 5235 2414 5308 prohibet,
2441 5235 2582 5305 quod
2613 5231 2729 5291 base
2757 5237 3259 5308 captumhumana:
3286 5249 3433 5308 men:

184 5299 523 5372 Origenianis.
558 5301 827 5372 Hunnus.
1031 5299 1037 5300 ⁷

1959 5299 2260 5371 superent:
2299 5299 2677 5362 Theodoretus
2720 5299 2904 5359 autem
2933 5301 3144 5372 Diutog.
3192 5306 3246 5366 5,
3286 5305 3429 5370 quod

245 5369 353 5446 (11)
392 5371 806 5446 Πρεσϐυτέρου
845 5374 982 5443 παρ’
1006 5375 1180 5446 καύτό,
1219 5383 1326 5430 etc.
1378 5375 1503 5432 llzec
1531 5377 1742 5432 videtur

1933 5392 1961 5430 ι
1988 5369 2252 5444 ejusmodi
2296 5375 2348 5430 in
2405 5377 2706 5446 Scripturis
2745 5376 2917 5432 sacris
2959 5369 3187 5446 Spiritui
3240 5369 3430 5431 sancto

183 5451 247 5491 ex
279 5441 394 5506 ejus
426 5441 660 5518 persona
695 5445 900 5513 dicere,
926 5441 1448 5514 cujussenteutiam
1493 5451 1740 5518 exponit,
1853 5441 2079 5500 minime
2116 5446 2406 5518 tribuatur.
2437 5441 2545 5501 lnf
2614 5517 2620 5518 ί
3001 5441 3076 5518 '__
3474 5482 3484 5518 ε

184 5503 374 5587 nou-rex
407 5503 526 5587 sua.
564 5512 645 5566 In.
755 5582 767 5587 _
885 5503 899 5513 ’
997 5503 1016 5514 ’
1565 5503 1620 5518 ’7

1987 5518 2038 5583 5)
2075 5519 2288 5571 Ἔσται
2316 5515 2382 5570 δέ
2413 5535 2503 5583 τις
2526 5517 2626 5571 καὶ
2653 5518 2868 5587 τρίτος.
2888 5527 2996 5573 etc.
3031 5516 3158 5571 Haec
3189 5530 3312 5570 cum
3346 5531 3432 5570 sc-
3476 5503 3484 5527 ’

253 5579 362 5658 (12)
413 5583 655 5658 ίῈπεται
705 5582 774 5637 τὸ
819 5584 1151 5651 ἀγέννητον
1203 5587 1348 5640 αὐτὸ
1415 5587 1638 5658 λέγειν.
1685 5587 1743 5643 Si

1932 5579 2164 5655 cutibus,
2193 5589 2347 5658 adid
2380 5579 2784 5658 usq—uein'ei;
2810 5579 2870 5641 τό
2898 5603 2912 5617 ο
2955 5587 3156 5639 Πάντα.
3188 5589 3429 5658 el_¢_'.,suh

189 5653 662 5729 ἐκεῖ-,ἀγέννητοψ⁸
733 5667 838 5729 [ton
871 5668 1101 5712 creatum
1141 5695 1156 5717 ,
1219 5659 1302 5729 vel
1352 5675 1453 5712 non
1499 5653 1746 5728 'geuitum
1851 5653 2206 5729 ﬁnemilium.
2259 5657 2312 5723 6,
2350 5653 2479 5725 qua!
2519 5660 2678 5714 uncis
2736 5658 3071 5729 inclusimus,
3127 5659 3178 5710 iu
3231 5654 3427 5729 Ferra-

193 5719 463 5798 iutelligas,
498 5719 746 5798 Spiritui
799 5738 994 5780 sancto
1054 5728 1375 5793 conveniet;
1439 5729 1482 5783 si
1511 5719 1632 5796 'pro
1681 5744 1748 5781 co
1852 5729 2006 5781 riana
2038 5719 2486 5796 interpretati-one
2515 5746 2621 5783 non
2649 5727 3428 5798 comparent.Observavimus

189 5792 328 5852 quod
358 5792 787 5868 principio__caret
819 5806 1128 5868 usurpetur,
1173 5813 1276 5868 non
1312 5792 1462 5852 item.
1499 5792 1632 5853 lliuc
1663 5810 1749 5852 est
1851 5799 2050 5867 quippe
2084 5792 2198 5852 loca
2229 5799 2479 5867 Origeuis
2499 5801 2676 5868 aliqua
2707 5792 2978 5867 perversa:
3007 5800 3272 5853 doctrinm
3305 5797 3425 5851 labe
3476 5843 3484 5852 ,

194 5871 290 5914 cur
323 5873 422 5916 eam
473 5864 896 5938 appellationem
952 5864 989 5922 'a
1039 5864 1246 5943 Spiritu
1300 5880 1489 5926 sancto
1545 5868 1744 5927 vetusti
1851 5864 2078 5937 licdaita,
2112 5869 2226 5925 sive
2258 5864 2517 5938 iuipsius
2572 5864 2828 5938 aut-toris,
2876 5871 2991 5928 sive
3047 5871 3102 5927 in
3159 5868 3423 5926 lectorum
