3792 6146
327 299 430 356 127

1815 304 2140 362 ORIGENlS

3501 303 3606 360 £28

322 419 548 488 scripta,
602 416 864 487 Spiritum
916 421 1092 490 ipsum
1154 422 1452 492 ingenitum
1483 433 1714 478 asserat.
1763 424 1898 497 {Erit

2013 426 2303 497 δεχόμενον
2345 426 2406 478 τὸ
2459 424 2685 496 Πνεῦμα
2732 423 2795 478 τὸ
2839 425 2992 494 ἆγιον
3022 422 3341 492 γεγονέναι,
3378 427 3473 474 καὶ
3515 423 3607 474 τὸν

321 521 509 566 autem
571 513 737 568 etiam
789 514 984 586 aliquis
1045 517 1274 582 tertius,
1328 526 1524 586 praeter
1576 519 1676 574 bos
1734 519 1906 587 duos,

317 621 443 664 cum
485 607 697 663 scilicet
735 611 828 672 qui
880 626 980 679 per
1017 611 1254 665 Verbum
1309 610 1512 666 factum
1571 611 1737 667 fuisse
1785 610 1910 681 Spi-

320 693 485 747 ritum
543 707 793 752 sanctqu
850 698 1162 766 concedit,
1217 711 1273 754 et
1310 715 1432 756 eum
1494 702 1585 770 qui
1645 717 1750 756 non
1797 703 1902 774 61

320 783 521 840 factum
572 802 696 843 eum
756 791 1086 857 existimat,
1137 801 1387 849 statuens
1448 797 1650 852 nullam
1715 813 1905 851 essen-

318 878 450 932 tiam
481 889 737 936 constare
779 882 1018 952 Spiritus
1049 887 1225 939 sancti
1255 888 1552 957 propriam,
1583 905 1702 957 qute
1727 906 1754 945 ει
1794 889 1902 946 Pa-

325 979 409 1026 tre
439 982 492 1027 et
521 971 660 1028 Filio
699 975 912 1030 diversa
969 977 1077 1040 sit;
1129 980 1223 1032 sed
1256 980 1300 1033 si
1345 981 1587 1036 animum
1637 984 1904 1050 advertat,

323 1062 578 1120 fortassis
608 1066 883 1121 diversum
915 1083 1036 1125 esse
1081 1071 1261 1140 potius
1291 1087 1319 1125 a
1365 1072 1504 1128 Filio
1538 1073 1754 1130 Patrem
1786 1079 1904 1131 exi-

319 1156 583 1222 stimabit,
619 1160 763 1226 quod
812 1161 855 1216 is
907 1161 1050 1216 idem
1087 1164 1234 1232 quod
1272 1163 1436 1220 Pater
1467 1166 1569 1229 sit,
1607 1170 1750 1238 quod
1786 1169 1907 1226 sine

319 1253 692 1307 controversia
732 1253 1015 1311 distinctio
1054 1256 1362 1314 declaretur
1401 1257 1636 1328 Spiritus
1669 1265 1840 1317 sancti
1875 1279 1906 1318 a

318 1340 457 1396 Filio
489 1343 592 1398 hoc
625 1345 742 1399 loco
775 1347 794 1376 ²
817 1365 832 1401 :
859 1365 878 1396 ι
907 1346 1008 1414 Qui
1030 1347 1256 1402 verbum
1281 1351 1484 1404 dixerit
1506 1353 1560 1405 in
1585 1351 1782 1407 Filium
1808 1355 1907 1409 ho-

319 1433 506 1498 minis,
531 1436 900 1493 dimittetur‘ei
922 1457 938 1506 ;
962 1439 1052 1508 qui
1075 1449 1256 1495 autem
1281 1441 1678 1512 blasphemiam
1704 1445 1906 1500 dixerit

317 1524 373 1579 iit
407 1524 670 1595 Spiritum
699 1541 977 1597 sanctum,
1015 1545 1120 1587 non
1154 1533 1464 1590 dimittetur
1489 1537 1536 1591 ei
1570 1551 1669 1592 nec
1701 1539 1753 1592 in
1803 1541 1907 1596 hoc

316 1618 536 1682 steattlo,
557 1635 655 1675 nec
678 1622 730 1676 in
754 1621 957 1680 futuro.
983 1643 1003 1676 ι
1030 1623 1137 1680 Nos
1163 1635 1343 1681 autem
1367 1628 1458 1697 qui
1487 1638 1596 1684 tres
1619 1644 1903 1699 personas,

315 1707 576 1777 Patrem,
619 1723 673 1768 et
702 1714 926 1781 Filium,
965 1727 1132 1787 atque
1168 1717 1434 1787 Spiritum
1483 1730 1731 1777 sanctum
1784 1738 1906 1779 esse

2013 517 2310 588 ἀγέννητον
2338 517 2502 572 αὐτὸν
2527 513 2666 571 εἶναι
2699 515 3155 586 ὑπολαμϐάνοντα
3179 555 3192 579 ,
3251 511 3606 584 δογματίζων

2017 607 2153 679 μηδὲ
2192 607 2381 660 οὐσίαν
2427 606 2550 660 τινὰ
2605 605 2714 678 (14)
2769 607 2906 661 ἰδίαν
2954 607 3255 677 ὑφεστάναι
3301 603 3398 658 τοῦ
3441 604 3603 671 ἁγίου

2011 700 2330 772 Πνεύματος
2365 698 2555 770 ἑτέραν
2605 699 2757 770 παρὰ
2785 699 2877 752 τὸν
2917 700 3138 768 Πατέρα
3182 698 3276 751 καὶ
3310 697 3405 751 τὸν
3447 697 3598 751 Υἰόν.

2025 793 2184 845 Ἀλλὰ
2237 790 2381 862 τάχα
2435 790 2859 862 προστιθέμενος
2901 791 3102 862 μᾶλλον
3131 789 3227 844 ἐὰν
3257 789 3368 859 (15)
3412 789 3604 859 ἕτερον

2010 884 2206 958 νομίζῃ
2234 879 2371 938 εἶναι
2401 882 2494 938 τὸν
2531 883 2659 937 Υἰὸν
2695 882 2848 956 παρὰ
2876 883 2966 938 τὸν
2993 882 3232 954 Πατέρα.
3260 870 3338 952 τῷ
3364 881 3424 934 τὸ
3464 879 3605 933 αὐτὸ

2010 975 2158 1046 αὐτῷ
2179 964 2490 1046 ’τυγχάνειν
2521 973 2600 1045 τῷ
2638 975 2815 1046 Πατρὶ
2841 1013 2856 1038 ,
2888 973 3332 1045 ὁμολογουμένως
3389 971 3604 1044 διαιρέ-

2011 1085 2150 1130 σεως
2188 1067 2522 1140 δηλουμένης
2569 1067 2662 1122 τοῦ
2728 1067 2883 1136 ἁγίου
2941 1066 3260 1138 Πνεύματος
3309 1063 3463 1136 παρὰ
3502 1063 3604 1118 τὸν

2009 1162 2138 1216 Υἰὸν
2173 1162 2231 1215 ὲν
2270 1161 2350 1232 τῷ
2373 1179 2385 1192 ·
2428 1179 2451 1213 ,ι
2487 1162 2583 1226 ’³ος
2625 1162 2720 1216 ἐὰν
2753 1160 2884 1235 εἴπῃ
2920 1161 3075 1230 λόγον
3124 1158 3269 1214 κατὰ
3318 1157 3414 1212 τοῦ
3462 1155 3602 1210 Υἱοῦ

2006 1254 2100 1308 τοῦ
2140 1252 2452 1326 ἀνθρώπου,
2503 1254 2840 1326 ἀφεθήσεται
2867 1253 3017 1324 αὐτῷ
3040 1271 3053 1285 ·
3098 1254 3158 1318 ὃς
3190 1253 3235 1307 δ’
3261 1252 3327 1307 ἂν
3357 1251 3604 1322 βλασφη-

2011 1348 2163 1421 μήσῃ
2215 1351 2296 1413 εἰς
2339 1349 2401 1402 τὸ
2441 1349 2596 1418 ἅγιον
2645 1346 2875 1418 Πνεῦμα
2901 1387 2915 1412 ,
2949 1347 3052 1418 οὐχ
3094 1347 3204 1414 ἕξει
3238 1348 3604 1417 ἄφεσιν,οὖτε

2006 1442 2067 1494 ὲν
2107 1439 2186 1512 τῷ
2223 1440 2379 1496 αἰῶνι
2423 1441 2621 1513 τούτῳ,
2657 1439 2782 1495 οὔτε
2815 1442 2873 1495 ὲν
2918 1439 2993 1510 τῷ
3036 1441 3300 1512 μέλλοντι.
3331 1461 3352 1494 ι
3400 1443 3604 1516 Ἡμεῖς

2009 1533 2193 1604 μέντοι
2214 1551 2276 1603 γε
2303 1535 2452 1605 τρεῖς
2478 1534 2806 1598 ὑποστάσεις
2828 1533 3138 1604 πειθόμενοι
3173 1534 3481 1604 τυγχάνειν,
3498 1536 3604 1590 τὸν

2007 1627 2226 1700 Πατέρα
2249 1667 2264 1692 ,
2311 1629 2404 1683 καὶ
2456 1628 2546 1681 τὸν
2585 1628 2734 1694 Υἰὸν,
2786 1628 2882 1681 καὶ
2925 1626 2988 1679 τὸ
3027 1627 3183 1696 ἆγιον
3219 1627 3464 1699 Πνεῦμα,
3498 1629 3602 1683 καὶ

2007 1718 2304 1788 ἀγέννητον
2353 1719 2518 1791 μηδὲν
2567 1719 2754 1790 ἓτερον
2780 1718 2874 1773 τοῦ
2917 1719 3134 1790 Πατρὸς
3164 1719 3274 1791 (16)
3307 1715 3447 1774 εἶναι
3497 1738 3600 1774 πι-

316 1801 590 1856 credimus
619 1845 634 1868 ,
680 1813 736 1858 et
774 1805 1075 1876 ingenitum
1123 1807 1259 1861 nihil
1290 1819 1489 1878 praeter
1529 1811 1749 1867 Patrem
1783 1827 1898 1870 esse

2014 1787 2318 1878 στεύοντες,
2454 1787 2842 1885 εὐσεϐέστερον
2874 1812 2968 1865 καὶ
2993 1787 3210 1883 άληθὲξ,
3251 1787 3601 1886 προσιέμεθα

317 1891 475 1946 uobis
507 1896 914 1962 persuasimus;
939 1899 1206 1968 Spiritum
1246 1912 1496 1957 sanetum
1531 1915 1585 1958 et
1624 1905 1691 1960 iis
1722 1907 1900 1961 omni-

317 1983 418 2040 bus
439 2001 557 2054 quae
583 2003 680 2057 per
704 1989 951 2048 Verbum
972 1990 1112 2048 facta
1141 2003 1288 2059 sunt,
1320 2003 1376 2049 et
1403 1995 1600 2051 ordine
1628 1997 1694 2052 iis
1721 1979 1904 2052 omni:

385 2123 407 2157 ³
433 2123 624 2185 Matth.
669 2144 770 2195 xu,
796 2129 887 2186 '52.

317 2265 546 2333 gratiam
573 2283 600 2321 a
632 2268 883 2324 Ferrario
910 2271 1110 2326 recisa.
1145 2272 1256 2329 Nos
1282 2274 1372 2329 hic
1388 2275 1687 2330 ascivimus
1715 2275 1904 2330 Perio-

319 2337 556 2412 nirinatn,
573 2354 735 2408 quam
753 2349 808 2412 et
825 2342 956 2396 locis
971 2343 1238 2412 aliquibus
1255 2347 1618 2402 correximus.
1636 2347 1902 2404 Hum-mus.

390 2409 410 2478 (
422 2408 500 2482 li)
519 2409 881 2479 Δοῃιατίζων·
897 2411 1052 2482 μηδὲ
1065 2408 1287 2469 οὐσίαν
1299 2414 1450 2479 τινά,
1471 2417 1758 2472 ctc.Unam
1791 2427 1840 2472 ta
1851 2435 1904 2470 n-

321 2488 432 2532 tum
465 2478 645 2534 Patris
666 2492 720 2534 et
750 2482 870 2535 Filii
897 2478 1190 2552 personam
1220 2478 1454 2540 credidit
1479 2487 1704 2552 Noetus,
1743 2488 1898 2551 cuius

318 2564 559 2621 errorem
587 2552 779 2605 deinde
801 2555 1087 2621 amplexus
1113 2555 1384 2610 Sabellius
1411 2557 1627 2610 Patrem
1659 2574 1781 2612 cttm
1812 2559 1899 2612 Fi-

323 2621 397 2698 lio
420 2632 467 2673 et
488 2620 694 2690 Spiritu
727 2620 918 2698 sancto
947 2625 1216 2698 confudit.
1248 2625 1379 2698 Post
1423 2627 1695 2681 Niczenam
1727 2644 1894 2698 syno—

320 2692 451 2742 dum
485 2707 772 2757 emergens
801 2695 996 2748 iterum
1030 2696 1147 2750 haec
1190 2697 1414 2751 haeresis
1443 2700 1511 2752 ab
1556 2692 1892 2754 Antiocbena

319 2759 530 2830 synodo
579 2762 832 2817 damnata
873 2775 977 2830 est,
1029 2767 1105 2820 uti
1159 2765 1327 2822 refert
1379 2767 1617 2824 Hilarius
1656 2770 1710 2824 iu
1760 2769 1900 2824 libro

320 2829 397 2884 De
426 2831 663 2898 synodis.
697 2832 775 2887 lo.

392 2899 504 3042 ξιὸ)
536 2901 699 2958 Ἐάν.
734 2903 873 2972 Lege
899 2906 987 2962 ἄν.

421 2973 505 3042 16)
561 2974 673 3028 Καὶ
731 2975 987 3042 ἀγέννητ

421 2973 505 3050 l6)
561 2974 698 3050 Kal.
731 2975 1066 3050 ᾀγέννητον
1115 2978 1313 3050 μηδὲν
1361 2980 1568 3048 ἕτερον
1613 2981 1720 3034 τοῦ
1780 2984 1898 3035 Ha-

319 3043 491 3120 rpoc,
521 3052 626 3098 etc.
662 3043 1058 3120 Origenes‘lib.
1112 3043 1132 3103 ἱ
1187 3043 1264 3103 De
1308 3043 1604 3119 principiis,
1656 3067 1776 3120 cap.
1807 3053 1841 3105 “2
1879 3067 1894 3104 :

323 3133 343 3166 ι
377 3113 454 3167 lta
489 3129 621 3184 ergo
647 3127 700 3193 et
735 3113 802 3169 ab
841 3133 906 3172 eo
934 3119 1139 3193 (Patre)
1175 3113 1318 3175 Filii'
1348 3113 1698 3175 subsistentia
1725 3113 1897 3190 'gene-

321 3196 478 3238 ratur
510 3203 525 3239 :
553 3187 698 3254 quod
739 3201 964 3244 necesse
1009 3201 1094 3244 est

319 3255 412 3332 qui
446 3256 582 3332 nillil
632 3257 956 3332 ingenitum,
986 3261 1039 3316 id
1083 3272 1167 3316 est
1196 3255 1453 3316 innatum
1475 3255 1672 3332 praeter
1720 3262 1894 3318 solum

320 3326 488 3402 Deum
521 3325 1029 3402 Patreml‘atentur.
1072 3352 1091 3384 ι
1119 3334 1290 3398 Quem
1323 3325 1498 3387 locum
1522 3334 1894 3402 repetitPam-

319 3396 506 3473 philus
535 3397 588 3450 in
618 3398 894 3473 Apologia.
936 3396 1295 3473 Hieronymus
1329 3419 1414 3473 ep.
1453 3403 1542 3463 59,
1572 3396 1892 3467 ἁιιΑυὶιιιηι,

309 3466 651 3543 ηόθΔΟιὶεθιιθ
683 3469 946 3543 loquens:
982 3492 1000 3523 ι
1041 3473 1114 3526 De
1142 3466 1252 3541 quo
1279 3466 1511 3543 {Spiritu
1545 3477 1779 3540 sancto),
1817 3466 1896 3527 in?

320 3539 462 3610 quit,
513 3554 638 3610 cum
688 3540 940 3610 ignorare
975 3559 1034 3597 se
1083 3539 1228 3597 dicat
1261 3539 1441 3596 utrum
1499 3545 1670 3598 faelus
1715 3539 1892 3599 sitan

322 3609 577 3676 infectus,
606 3609 658 3663 in
694 3609 1096 3678 posterioribus
1127 3614 1256 3680 quid
1308 3616 1372 3668 de
1421 3630 1487 3668 eo
1523 3615 1751 3669 sentiret
1796 3631 1893 3669 ex-

323 3679 540 3747 pressit,
582 3681 711 3734 nihil
744 3684 951 3750 absque
975 3686 1091 3738 solo
1124 3679 1288 3738 Patre
1317 3683 1579 3738 infectum
1609 3701 1730 3738 esse
1763 3700 1896 3739 con-

325 3751 573 3825 ﬁrmans.
610 3769 630 3825 ι
673 3750 867 3825 Vocem
894 3823 900 3825 _
926 3755 1434 3825 άγέννητον,ιιιιιιιιι
1469 3775 1489 3805 ‹
1536 3755 1834 3822 ingenitum
1872 3775 1889 3808 ι

321 3822 488 3894 vertit
516 3820 762 3888 Ruﬁnus,
787 3820 1217 3894 Latiniquidam
1249 3820 1438 3879 Patres
1467 3845 1484 3877 ι
1518 3820 1802 3888 infectum,
1841 3837 1898 3880 et

329 3891 696 3959 inoperatum,
724 3903 781 3964 et
806 3891 1036 3964 originis
1063 3911 1256 3964 expers
1295 3915 1313 3948 ι
1356 3905 1747 3964 exposuerunt.
1784 3897 1888 3951 Ve-

323 3971 469 4034 teres
493 3977 716 4034 guoque
745 3961 916 4034 Grai-ci
948 3961 1242 4032 scriptores
1274 3981 1408 4034 quos
1431 3961 1616 4019 laudat
1652 3966 1897 4020 Athana.

325 4032 445 4085 sius
476 4031 556 4102 De
583 4033 772 4102 synod.
816 4034 1044 4086 Arimin.
1065 4031 1133 4086 et
1167 4031 1399 4100 Selene"
1436 4047 1489 4091 et
1520 4047 1660 4088 orat.
1693 4036 1729 4088 2
1759 4036 1899 4089 Con-

325 4111 411 4156 tra
450 4100 702 4178 Arion—os,
731 4102 986 4178 dicebant
1005 4103 1151 4178 Euro
1171 4107 1437 4178 ἀγένητον
1462 4107 1490 4159 ὁ
1523 4106 1897 4178 Πατήράυιιιι

329 4187 424 4246 res
443 4181 526 4226 est
557 4173 758 4246 infecta
795 4175 976 4246 Pater.
1017 4195 1035 4226 ι
1075 4173 1357 4246 Multiplex
1386 4178 1587 4246 quippe
1621 4173 1705 4231 est
1749 4179 1899 4233 vocis

325 4242 622 4316 dyévvqtog
650 4244 1005 4316 signiﬁcatio,
1037 4261 1140 4316 qua
1175 4242 1322 4300 abusi
1360 4242 1548 4302 Ariani
1569 4260 1625 4302 et
1648 4248 1898 4302 Anommi

326 4315 416 4366 diu
447 4315 807 4382 simpliciores
842 4315 1089 4371 homines
1123 4318 1380 4373 ludiﬁcati
1403 4329 1547 4374 sunt.
1579 4323 1647 4371 At
1679 4320 1898 4372 audien-

328 4384 432 4457 dus
464 4385 798 4442 Athanasius
829 4386 923 4454 qui
954 4389 1045 4441 hic
1078 4391 1270 4442 scribit
1303 4407 1316 4444 :
1352 4389 1466 4442 Οὐκ
1489 4387 1790 4457 ἀγνοοῦμεν
1819 4388 1896 4452 δὲ,

327 4453 407 4506 ὅτι
442 4457 535 4508 καὶ
560 4457 611 4530 oi
641 4453 921 4530 εἰρηκότες
950 4457 1009 4530 ἓν
1037 4459 1097 4511 τὸ
1124 4459 1407 4530 ἀγένητον.
1430 4461 1522 4514 τὸν
1539 4453 1779 4530 ’Πατέρα
1811 4459 1898 4530 λέ-

329 4541 534 4602 γοντες,
561 4528 761 4602 οὑχάώς
788 4529 1018 4602 γενητοῦ
1041 4530 1140 4602 acati.
1173 4528 1472 4602 ποιήματος
1495 4531 1644 4592 ὄντος
1675 4528 1768 4581 τοῦ
1785 4529 1903 4602 -ᾼό-

328 4611 427 4677 γου
459 4596 932 4669 οὓτωςέγραψαν,
972 4600 1192 4677 ἀλλ’-ὅτι
1228 4596 1446 4673 μῆέχει
1492 4601 1680 4655 αἴτιον.
1725 4619 1743 4649 ι
1785 4598 1900 4653 Non

333 4673 648 4738 ignoramus
677 4679 858 4724 autent
885 4685 979 4724 eos
1009 4673 1100 4738 qui
1128 4673 1388 4726 dixerunt
1430 4687 1591 4725 unam
1631 4685 1742 4724 rem
1777 4686 1900 4724 esse

333 4737 628 4810 infectam,
648 4738 861 4794 Patrem
894 4737 1171 4807 nimirum,
1192 4757 1298 4796 non
1318 4743 1391 4796 ita
1423 4742 1899 4810 scripsisseiquasi

338 4807 573 4862 Verbum
607 4808 806 4864 factum
855 4819 913 4864 et
956 4812 1232 4866 conditum
1287 4815 1378 4880 sit,
1409 4814 1501 4868 sed
1533 4807 1660 4883 quia
1694 4807 1900 4884 (Pater)

333 4893 553 4934 causam
581 4888 635 4933 et
667 4890 938 4934 auctorem
971 4897 1079 4936 non
1113 4884 1294 4938 habet.
1343 4902 1362 4936 ι

405 4938 517 5020 (17)
539 4949 908 5023 Προσιέμεθα
927 4950 1013 5019 τὸ,
1029 4951 1288 5015 πάντων,
1317 4964 1424 5010 etc.
1450 4953 1596 5016 Haec,
1615 4962 1904 5023 quantum-

333 5022 418 5075 vis
445 5023 602 5093 dura,
633 5021 792 5075 facile
820 5025 1228 5088 excusabimus,
1253 5026 1297 5078 si
1321 5027 1570 5080 dicamus
1601 5021 1903 5093 processio-

334 5107 460 5164 nem
497 5091 739 5164 Spiritus
775 5094 948 5148 sancti
984 5094 1081 5164 hic
1110 5096 1427 5164 signiﬁcari,
1463 5107 1519 5149 et
1577 5091 1644 5150 eo
1681 5096 1902 5164 quidem

333 5162 498 5218 modo
528 5176 637 5231 quo
664 5163 837 5230 ipsam
882 5163 1091 5233 antiqui
1147 5162 1399 5220 Ecclesia:
1433 5164 1621 5220 Patres
1666 5162 1905 5233 explica-

336 5242 483 5301 runt,
515 5233 765 5288 dicentes
793 5249 823 5287 a
852 5233 1014 5287 Patre
1045 5251 1140 5302 per
1166 5235 1364 5290 Filium
1395 5238 1694 5304 procedere
1725 5236 1903 5304 Spiri-

339 5315 451 5358 tuut
484 5313 761 5360 sanctum.
799 5304 1036 5374 Cyrillus
1058 5307 1150 5359 lib.
1187 5306 1262 5359 De
1288 5303 1427 5358 recte
1449 5303 1573 5369 ﬁde.
1609 5307 1676 5358 ad
1703 5303 1902 5356 Theod.

342 5376 603 5442 Spiritum
637 5373 885 5428 sanctum
914 5375 1105 5428 scribit
1132 5391 1254 5430 esse
1280 5375 1339 5441 ἐξ
1362 5375 1515 5438 Υἰοῦ,
1533 5375 1628 5427 καὶ
1654 5375 1719 5426 δι’
1751 5373 1900 5437 Υἰοῦ,

341 5459 394 5516 et
424 5449 515 5499 lib.
541 5461 557 5500 ι
592 5443 666 5498 De
693 5449 928 5508 adorat.,
957 5446 1022 5498 ἐκ
1055 5445 1266 5516 Πατρὸς
1289 5445 1357 5498 δι’
1388 5444 1902 5516 Υἰοῦπροχεόμενον

342 5515 586 5585 Πνεῦμα.
615 5517 768 5581 Quod
805 5517 943 5570 idem
977 5515 1250 5583 repetitiu
1283 5517 1444 5583 epist.
1482 5516 1549 5570 ad
1585 5515 1819 5584 reginas,
1849 5524 1904 5568 et

344 5588 509 5638 vat-its
539 5590 687 5640 locis.
723 5588 1089 5639 Damascenus
1112 5585 1205 5640 lib.
1238 5586 1355 5639 tl)e
1397 5586 1490 5653 (id.
1515 5586 1745 5644 orthod..
1779 5600 1900 5652 cap.

446 5671 458 5705 :
493 5655 607 5726 Kal.
627 5657 757 5708 Υἱοῦ
787 5656 843 5708 δὲ
865 5655 1108 5726 Πνεῦμα,
1135 5657 1235 5726 οὐχ
1264 5656 1338 5719 ὡς
1366 5657 1424 5722 ἐξ
1452 5655 1637 5717 αὑτοῦ,
1668 5653 1903 5726 ἀλλήὼς

341 5721 409 5798 δι’
431 5724 632 5798 αὐτοῦ,
669 5728 732 5779 ὲκ
757 5725 850 5779 τοῦ
882 5721 1101 5797 Πατρὸςν
1128 5721 1582 5798 ἐκπορευόμενον.
1615 5745 1634 5776 ι
1673 5728 1735 5779 Et
1779 5725 1902 5779 Filii

349 5793 607 5862 Spiritus,
639 5809 741 5848 non
770 5799 924 5865 quasi
949 5793 1015 5854 ex
1047 5801 1185 5870 ipso,
1220 5793 1313 5854 sed
1346 5793 1497 5868 quasi
1537 5813 1631 5868 per
1667 5799 1843 5866 ipsum
1871 5811 1900 5850 a

2004 1905 2085 1970 τὺ,
2119 1906 2337 1960 πάντων
2365 1905 2476 1977 (17)
2509 1907 2595 1960 διὰ
2641 1905 2735 1960 τοῦ
2768 1907 2939 1975 Λόγου
2973 1905 3281 1977 γενομένων
3309 1948 3322 1972 ,
3344 1909 3404 1962 τὸ
3434 1909 3598 1977 ἆγιον

2005 1997 2234 2070 Πνεῦμα
2285 1999 2503 2053 πάντων
2548 1994 2687 2053 εἶναι
2731 1997 3073 2071 τιμιώτερον,
3127 2000 3223 2054 καὶ
3267 1999 3418 2065 τάξει
3453 2000 3602 2056 πάν-

2009 2277 2168 2330 Patre
2214 2275 2533 2344 procedens.
2587 2292 2606 2325 ι
2660 2273 3027 2329 Tertullianus
3076 2289 3198 2342 cap.
3245 2274 3280 2328 4
3331 2274 3592 2331 adversus

2012 2343 2372 2401 Praxea’mu
2421 2345 2683 2414 Spiritum
2737 2361 2842 2398 non
2893 2343 3114 2398 aliunde
3165 2356 3298 2413 puto
3333 2362 3496 2401 quam
3558 2363 3591 2402 a

2005 2417 2166 2472 Patre
2218 2432 2313 2484 per
2343 2415 2563 2471 Filium.
2607 2435 2624 2467 ι
2663 2414 2900 2470 Hilarius
2946 2414 3040 2468 lib.
3092 2431 3169 2468 xu
3223 2414 3297 2467 De
3336 2415 3532 2474 Trinit.
3569 2434 3590 2472 :

2009 2507 2028 2540 ι
2076 2490 2345 2543 Conserva
2401 2489 2561 2543 banc.
2599 2502 2719 2548 oro,
2760 2486 2881 2539 tidei
2939 2500 3072 2539 mete
3129 2484 3472 2549 religionem,
3524 2499 3589 2541 ut

2001 2573 2215 2627 semper
2233 2558 2506 2611 obtineam
2542 2557 2755 2627 Patrem
2788 2556 2996 2611 scilicet
3017 2565 3089 2618 te,
3119 2567 3174 2610 et
3206 2554 3397 2609 Filium
3429 2567 3586 2612 tuum

2001 2625 2311 2682 una—tecum
2347 2629 2591 2692 adorem,
2616 2636 2670 2681 et
2698 2625 2959 2694 Spiritum
3000 2636 3250 2679 sanctum
3287 2636 3457 2690 tuum,
3487 2629 3587 2696 qui

2005 2710 2087 2750 est
2124 2712 2219 2764 per
2263 2698 2612 2768 Unigeuitum
2639 2707 2813 2760 tuum,
2846 2710 3186 2765 promerear.
3226 2715 3246 2748 ι
3285 2697 3414 2768 Vide
3445 2698 3585 2752 item

2006 2767 2382 2822 Florentinum
2420 2768 2732 2830 concilium,
2767 2777 2823 2820 et
2855 2768 3119 2837 Thomam
3174 2783 3210 2830 ι,
3241 2781 3297 2837 q.
3330 2767 3418 2830 56,
3463 2784 3493 2822 a
3527 2769 3586 2825 5.

2008 2841 2096 2893 Ait
2132 2841 2349 2906 quidem
2399 2838 2599 2892 Paulus
2642 2839 2659 2892 l
2709 2837 2837 2893 Cor.
2869 2853 2986 2906 vin,
3020 2835 3053 2894 6
3084 2854 3098 2890 :
3137 2856 3156 2887 ι
3194 2835 3358 2892 Nobis
3397 2847 3585 2893 tamen

2005 2905 2316 2963 ttnus’Deus
2341 2910 2524 2968 Pater.
2557 2923 2622 2964 ex
2650 2924 2757 2975 quo
2781 2905 2988 2970 omnia,
3023 2917 3080 2960 et
3111 2924 3210 2962 nos
3263 2907 3316 2960 in
3375 2909 3528 2962 illum
3569 2929 3583 2964 :

2005 2992 2059 3034 et
2082 2995 2222 3033 unus
2247 2979 2506 3033 Dominus
2534 2977 2694 3034 Jesus
2725 2979 2998 3041 Christus,
3035 2994 3133 3048 per
3158 2992 3320 3049 quem
3369 2980 3583 3042 omnia.

2004 3061 2060 3104 ct
2095 3065 2192 3103 nos
2225 3064 2318 3118 per
2345 3051 2538 3115 ipsum.
2577 3069 2594 3102 ι
2629 3051 2696 3104 Ει
2721 3050 2934 3106 Coloss.
2972 3063 3012 3118 ι,
3049 3049 3115 3102 ’16
3152 3066 3164 3101 :
3200 3069 3218 3100 ι
3249 3049 3442 3104 Omnia
3484 3067 3585 3118 per

2004 3121 2177 3188 ipsum
2203 3117 2256 3174 et
2281 3122 2331 3172 in
2371 3121 2486 3189 ipso
2518 3131 2702 3175 creata
2731 3130 2880 3174 sunt.
2923 3137 2942 3170 ι
2983 3117 3191 3184 Quibus
3243 3120 3422 3173 verbis
3487 3117 3582 3174 Vin-

1138 3166 1410 3260 imprimis
1437 3166 1637 3260 suscipi
1685 3166 1793 3247 ab?
1812 3166 1897 3246 his
1925 3166 1966 3223 ο
2002 3166 2202 3244 ductus
2226 3166 2439 3251 Aetius,
2476 3193 2863 3244 Auomoeorum
2923 3166 3328 3258 an't‘esignanus,
3360 3189 3581 3246 Patrem

1997 3260 2143 3314 inter
2173 3271 2227 3315 et
2250 3260 2446 3314 Filium
2476 3261 2773 3315 discrimen
2813 3261 2989 3315 inesse
3008 3261 3262 3323 credidit,
3299 3271 3357 3314 ut
3377 3261 3587 3328 prima-

2000 3331 2080 3383 ria
2114 3346 2278 3385 causa
2331 3341 2479 3388 esset
2515 3330 2698 3394 Pater,
2752 3331 3173 3384 instrumentum
3209 3345 3337 3384 vero
3382 3330 3579 3387 Filius.

1999 3400 2151 3454 Hanc
2185 3411 2366 3456 autem
2413 3402 2689 3456 vesaniam
2751 3402 2984 3470 castigat
3031 3401 3269 3456 Basilius
3314 3402 3455 3456 libro
3501 3401 3582 3457 De

1999 3471 2203 3540 Spiritu
2227 3483 2431 3540 sancto.
2460 3480 2825 3540 accurateque
2858 3473 3215 3536 demonstrat,
3241 3487 3406 3527 voces
3444 3472 3572 3526 illas

1998 3543 2056 3608 ἐξ
2086 3538 2145 3596 οὗ
2175 3555 2228 3596 et
2252 3543 2318 3596 δι’
2351 3537 2411 3596 οῦ
2460 3544 2512 3596 in
2565 3537 2862 3610 Scripturis
2903 3544 3217 3611 promiscue
3276 3545 3531 3610 usurpari
3560 3560 3578 3608 ;

1999 3614 2088 3667 hic
2115 3623 2294 3666 autem
2328 3613 2475 3667 Patri
2509 3625 2563 3667 et
2597 3611 2732 3666 Filio
2764 3611 2930 3666 fuisse
2953 3627 3204 3668 seorsum
3258 3612 3575 3681 attributas,

2001 3695 2058 3736 ut
2105 3683 2422 3753 hypostases
2456 3683 2918 3746 discernerentur,
2962 3699 3086 3738 cum
3143 3697 3203 3736 ea
3241 3685 3574 3751 cmteroquin

1999 3769 2122 3822 quae
2159 3755 2294 3806 liunt
2323 3770 2351 3806 a
2387 3754 2566 3814 Patre,
2606 3769 2635 3806 a
2670 3753 2808 3807 Filio
2841 3768 3056 3822 quoque
3083 3754 3234 3806 liant.
3259 3755 3580 3807 Audiendus

2002 3825 2267 3892 imprimis
2285 3823 2520 3894 Cyrillus
2547 3839 2666 3893 cap.
2694 3824 2728 3878 5
2755 3825 2804 3875 in
2834 3824 2976 3879 hunc
3005 3823 3232 3894 Joannis
3263 3823 3464 3894 locum,
3485 3826 3579 3877 ubi

2001 3894 2142 3948 idem
2178 3893 2360 3965 multis
2383 3895 2591 3964 probat.
2632 3894 2946 3965 Γενομένων
2979 3905 3158 3948 autent
3181 3893 3437 3963 Origenis
3472 3909 3579 3947 vox

2000 3977 2080 4018 est
2108 3964 2397 4033 generalis,
2425 3981 2487 4017 ea
2521 3964 2888 4033 complectens
2925 3967 3176 4018 universa
3206 3980 3327 4034 quae
3357 3978 3581 4033 quoquo

2001 4038 2163 4116 modo
2191 4043 2337 4100 sunt,
2365 4035 2462 4116 sed
2498 4036 2564 4090 ad
2592 4035 2853 4116 Spiritum
2874 4045 3124 4090 sanctum
3151 4050 3224 4116 ac.
3251 4049 3333 4115 res
3361 4043 3581 4116 creatas

2002 4105 2212 4159 diversa
2251 4105 2486 4174 ratione
2539 4107 2862 4174 pertinens;
2920 4123 3042 4158 nam
3083 4105 3374 4174 quodiait,
3418 4105 3576 4158 verbi

2002 4176 2196 4243 gratia,
2223 4173 2460 4230 Hilarius
2495 4173 2764 4245 spiritum
2804 4185 3051 4230 sanctum
3089 4173 3184 4244 per
3223 4173 3576 4245 Unigenitum

2002 4261 2139 4301 esse.
2192 4247 2244 4300 id
2295 4247 2498 4315 dixerit
2541 4244 2838 4315 Origenes,
2892 4246 2980 4300 διὰ
3025 4244 3362 4315 Μονογενοῦς
3417 4245 3578 4312 άγιον

2003 4315 2228 4388 Πνεῦμα
2251 4314 2517 4385 γίνεσθαι.
2557 4314 2692 4372 Cum
2726 4317 2888 4387 igitur
2913 4317 3146 4386 Spiritus
3173 4314 3580 4388 Sanctus}!qu-

2003 4392 2099 4450 τός
2126 4385 2248 4442 esse
2299 4389 2522 4454 dicitur,
2560 4389 2663 4442 hoc
2705 4385 2810 4450 est,
2842 4404 2862 4436 ι
2895 4385 2988 4457 qui
3042 4388 3207 4441 habet
3262 4385 3469 4457 abalio
3494 4397 3580 4457 fut

2005 4460 2076 4511 sit
2108 4474 2121 4509 :
2160 4476 2178 4508 ι
2210 4473 2332 4510 cum
2357 4471 2478 4528 eum
2502 4467 2680 4511 autem
2713 4458 2774 4510 οὐ
2795 4455 3050 4528 ποιητὸν,
3085 4459 3146 4510 οὐ
3185 4455 3417 4520 κτιστὸν,
3452 4455 3580 4510 οὐδὲ

2005 4528 2280 4597 γεννητὸν,
2333 4526 2448 4599 ἀλλ’
2504 4523 2839 4599 ὲκπορευτόν
2890 4523 3074 4583 sciscit
3133 4530 3462 4599 Athanasius
3519 4528 3574 4580 in

2006 4596 2285 4667 Symbolo,
2314 4610 2369 4653 et
2398 4596 2734 4667 Epiphanius
2775 4599 2828 4651 in
2876 4600 3163 4662 Ancorato,
3190 4613 3307 4665 cap.
3370 4596 3422 4662 7,
3468 4599 3576 4651 hoc

2003 4679 2107 4731 est,
2147 4687 2166 4719 ι
2203 4685 2306 4722 non
2334 4673 2593 4739 genitura.
2632 4687 2651 4718 ι
2689 4668 2994 4722 Notandum
3036 4678 3298 4737 praeterea
3335 4667 3425 4720 hic
3449 4681 3576 4739 esse

2003 4739 2251 4810 γενητόν,
2281 4737 2390 4795 illic
2415 4739 2696 4810 γεννητόν,
2727 4740 3158 4810 qtuediversant
3185 4739 3459 4807 postulant
3488 4737 3576 4790 in-

2007 4807 2455 4879 terpretationetit
2490 4829 2502 4864 :
2538 4807 2640 4864 hoc
2676 4812 2820 4864 enim
2854 4808 2912 4862 ﬁt
2941 4826 2969 4861 a
3003 4807 3234 4879 γεννάω,
3265 4826 3282 4858 ι
3307 4811 3506 4879 gigno;
3547 4825 3572 4861 ι

2004 4877 2133 4934 illud
2177 4897 2206 4935 a
2237 4882 2479 4952 γίνομαι,
2515 4899 2533 4932 ι
2591 4895 2736 4952 sunt,
2774 4882 3003 4952 exsislo.
3057 4897 3076 4930 ι
3125 4877 3212 4952 ita
3238 4879 3366 4931 olim
3399 4877 3575 4932 Filius

2002 4949 2268 5023 ἀγένητος
2324 4949 2372 5004 θ’
2410 4951 2707 5023 Catltolicis
2755 4951 3059 5023 dicebatur,
3110 4949 3427 5023 éyéw‘q'ro;
3464 4965 3570 5001 non

2006 5018 2253 5077 itemfAt
2281 5023 2564 5093 ἀγένητος,
2610 5022 2736 5074 illud
2784 5021 2926 5088 quod
2965 5020 3052 5093 _de
3107 5021 3244 5093 Filio
3277 5018 3574 5093 dicebatur

2009 5110 2027 5142 ι
2055 5090 2350 5147 iucreatum
2382 5112 2400 5146 ι
2431 5090 2704 5162 signiﬁcat
2735 5109 2750 5146 :
2783 5090 3037 5160 γενητός,
3079 5092 3321 5162 (ιιιοιΙίᾶφ
3363 5091 3573 5162 Spiritu

2006 5172 2199 5217 sancto
2226 5165 2366 5219 dixit
2398 5159 2682 5233 Origenes,
2722 5159 3181 5232 signitiCationem
3229 5161 3393 5215 habet
3424 5175 3456 5233 a
3481 5159 3569 5233 γίατ

2002 5249 2185 5302 νομαι,
2211 5252 2229 5285 ι
2253 5251 2428 5298 sum,»
2451 5229 2522 5292 ei
2537 5235 2676 5286 idem
2706 5229 2863 5286 sonat
2888 5246 2954 5285 ac
2985 5249 3004 5282 ι
3037 5233 3386 5302 οιεὶειθιιε.)
3415 5229 3571 5302 Quod

2005 5299 2134 5358 vero
2179 5319 2364 5359 vocem
2419 5303 2686 5376 γενητόν-
2710 5303 2942 5376 pessimo
3000 5318 3162 5376 sensu
3221 5303 3290 5355 ab
3333 5299 3574 5376 Origene

2003 5386 2314 5442 usurpatam
2349 5367 2616 5442 conjec'tat
2650 5367 2979 5442 Epiphanius
3007 5374 3199 5426 btet-es.
3229 5385 3380 5432 thv,
3412 5367 3463 5424 cf.
3506 5367 3566 5432 8,

2006 5444 2060 5495 in
2090 5459 2155 5498 eo
2187 5459 2319 5497 sane
2363 5446 2528 5512 ipsius
2578 5445 2887 5513 mquitatem
2926 5445 3160 5511 requiro.
3211 5445 3319 5495 Nec
3351 5457 3454 5509 ego
3487 5449 3572 5491 ta-

2005 5528 2127 5585 men
2159 5526 2306 5568 recte
2337 5529 2725 5585 usquequaque
2759 5513 2826 5565 de
2857 5513 3061 5585 Spiritu
3082 5525 3280 5585 sancto
3299 5513 3570 5585 Adaman-

2005 5583 2135 5635 tium
2165 5579 2688 5639 ttostrutu'setisisse
2721 5594 2910 5637 contra
2938 5583 3296 5651 Epiphanium
3325 5591 3381 5634 et
3424 5579 3570 5632 [lasi-

2003 5652 2133 5705 limu
2174 5655 2266 5709 lib.
2318 5654 2394 5708 De
2437 5655 2642 5723 Spiritu
2673 5663 2870 5716 saneL,
2909 5669 3029 5721 cap.
3066 5653 3158 5715 29,
3205 5653 3338 5704 dura
3394 5651 3570 5703 fronte

2003 5725 2387 5846 plerteuderim,
2426 5736 2486 5782 ut
2517 5725 2678 5781 ﬁdem
2731 5725 2937 5779 faciunt
2985 5723 3306 5793 Origeuitma
3359 5729 3564 5778 nostra.

2055 5808 2265 5846 uenus.

2055 5808 2265 5850 υΕΤΙυὲ.
