3792 6146
146 365 227 420 1·Ξ9
1236 356 1594 414 COMMENT.
1629 355 1698 411 IN
1731 353 1922 412 JOAN.
1959 352 2198 409 TOMUS
2231 351 2294 409 ll.

3291 353 3394 410 130

137 504 225 541 των
252 481 358 535 τῶν
390 480 504 534 ὑπὸ
533 479 634 534 τοῦ
665 480 890 551 Πατρδς
926 480 1014 533 διὰ
1043 478 1280 551 Χριστοῦ
1314 477 1717 548 γεγενημένων.

1872 487 1923 526 ιε
1955 487 2075 541 quae
2112 487 2140 524 a
2177 467 2338 524 Patre
2369 484 2467 539 per
2493 468 2771 524 Christum
2806 469 3022 524 condita
3055 477 3215 534 sunt,
3255 483 3390 538 prae-

136 579 228 634 Ka'l.
261 577 402 646 τάχα
441 575 590 645 αῦτη
635 576 790 628 ἐστὶν
830 577 864 645 ἡ
904 574 1057 628 αἰτία
1092 571 1203 643 (18)
1232 571 1323 626 τοῦ
1355 571 1428 642 μὴ
1475 572 1568 625 καὶ
1614 570 1717 624 αὐ-

133 669 290 725 τουιδν
314 665 690 739 χρηματίζειν
720 667 816 720 τοῦ
851 666 986 718 Θεοῦ
1013 705 1027 727 ,
1061 665 1222 736 μόνου
1249 663 1343 716 τοῦ
1379 661 1716 732 Μονογενοῦς

134 762 279 832 crisat
325 759 463 813 Υἱοῦ
506 759 752 830 ἀρχῆθεν
789 759 1170 828 τυγχάνοντος,
1204 749 1266 810 οὗ
1300 754 1522 826 χρῄζειν
1571 755 1716 808 ἔοικε

131 852 189 905 τὸ
218 850 367 918 ἅγιον
391 848 652 919 Πνεῦμα,
684 848 1061 911 διακονοῦντος
1089 847 1252 900 αὐτοῦ
1280 849 1345 918 τῇ
1372 847 1666 900 ὑποστάσει
1698 885 1713 909 ,

131 946 186 997 οὐ
234 944 393 1014 μόνον
426 944 510 1006 είς
543 943 607 996 τὸ
633 939 797 1010 εἶναι,
851 942 985 996 ἀλλὰ
1046 942 1141 994 καὶ
1184 941 1344 1010 σοφὸν
1388 937 1528 994 εἶναι
1557 979 1572 1003 ,
1621 941 1716 993 καὶ

131 1035 364 1103 λογικὸν,
405 1035 504 1089 καὶ
535 1035 770 1098 δίκαιον,
821 1035 914 1089 καὶ
967 1035 1076 1090 πᾶν
1111 1035 1394 1088 ὁτιποτοῦν
1449 1035 1554 1106 χρὴ
1586 1035 1716 1088 αὐτὸ

133 1129 269 1179 νοεῖν
291 1127 589 1196 τυγχάνειν
609 1167 624 1191 ,
674 1126 817 1179 κατὰ
858 1127 1094 1198 μετοχὴν
1149 1126 1257 1180 τῶν
1299 1128 1715 1200 προειρημένων

129 1219 260 1287 ἡμῖν
277 1217 520 1288 Χριστοῦ
550 1217 823 1272 ἐπινοιῶν.
838 1213 1005 1289 υῖμαι
1023 1218 1079 1271 δέ
1103 1218 1164 1271 τὸ
1185 1219 1336 1287 ἆγιον
1354 1218 1579 1290 Πνεῦμα
1596 1218 1712 1290 τὴν,

136 1308 201 1360 ἶν’
225 1307 399 1370 οὕτως
420 1308 582 1371 εἴπω,
601 1303 731 1378 ὓλην
757 1307 863 1360 τῶν
889 1308 998 1361 ἀπὸ
1031 1307 1167 1361 Θεοῦ
1196 1309 1550 1380 χαρισμάτων
1576 1326 1717 1381 παρ-

133 1401 279 1467 έχειν
341 1401 456 1461 τοῖς
493 1399 562 1451 δι’
593 1399 724 1452 αὐτὸ
771 1399 866 1453 καὶ⁹
912 1399 1012 1472 τὴν
1050 1398 1279 1470 μετοχὴν
1305 1398 1470 1454 αὑτοῦ
1501 1417 1716 1473 χρημα-

131 1493 371 1555 τίζουσιν
409 1491 611 1559 ἁγίοις,
658 1491 757 1562 τῆς
795 1490 1092 1562 εἰρημένης
1137 1491 1268 1561 ὕλης
1304 1491 1412 1546 τῶν
1446 1492 1718 1563 χαρισμά-

130 1601 242 1636 των
277 1584 681 1656 ἐνεργουμένης
718 1583 816 1652 μὲν
846 1584 956 1636 ἀπὸ
983 1582 1079 1635 τοῦ
1106 1582 1261 1646 Θεοῦ,
1293 1583 1717 1655 διακονουμένης

131 1679 188 1731 δὲ
223 1678 324 1730 ὑπὸ
354 1677 452 1731 τοῦ
502 1675 763 1748 Χριστοῦ,
816 1673 1136 1745 ὑφεστώσης
1173 1674 1229 1727 δὲ
1263 1674 1404 1728 κατὰ
1454 1674 1515 1727 τὸ
1562 1675 1716 1742 ἆγιον

130 1771 377 1841 Πνεῦμα.
431 1770 545 1824 Καὶ
597 1771 737 1822 κινεῖ
785 1785 850 1838 με
901 1771 981 1832 εἰς
1033 1768 1094 1821 τὸ
1137 1767 1294 1822 ταῦθ’
1335 1767 1508 1832 οὕτως
1572 1767 1716 1838 ἔχειν

1817 565 2139 619 stantiorem
2179 578 2323 627 esse,
2355 573 2412 616 ut
2441 563 2586 631 pium
2615 570 2672 615 et
2715 577 2902 616 verum
2954 564 3300 618 concedimus
3340 571 3398 618 et

1817 660 2201 729 approbemus.
2233 657 2410 726 Atque
2438 657 2555 710 hare
2587 655 2819 711 forsitan
2847 671 3011 711 causa
3041 666 3129 711 est
3151 671 3250 711 cur
3283 656 3398 726 ipse

1821 753 1914 808 Dei
1947 766 2053 806 non
2089 749 2304 804 dicatur
2334 763 2454 804 esse
2492 748 2692 813 Filius;
2725 749 2868 818 quod
2899 747 3046 802 solus
3078 747 3396 818 Unigenitns

1818 861 1845 898 a
1887 843 2156 914 principio
2185 852 2379 895 natura
2421 840 2593 896 Filius
2624 842 2728 908 sit,
2771 855 2880 910 quo
2913 841 3156 909 indigere
3184 842 3398 897 videtur

1819 937 2055 1007 Spiritus
2089 946 2336 998 sanctus,
2369 934 2717 988 ministrante
2761 935 2928 1004 ipsius
2960 934 3256 1004 hypostasi,
3287 950 3394 989 non

1817 1031 1990 1084 solum
2023 1039 2081 1082 ut
2133 1029 2225 1094 sit,
2266 1028 2360 1081 sed
2399 1037 2458 1082 ut
2485 1027 2704 1095 sapiens
2733 1029 2838 1092 sit,
2870 1036 2927 1082 et
2962 1029 3191 1081 rationis
3227 1029 3398 1098 parti-

1818 1135 1963 1189 ceps,
1990 1130 2045 1176 et
2072 1121 2180 1192 62
2209 1121 2388 1188 justus
2409 1163 2423 1185 ,
2457 1128 2512 1174 ct
2545 1133 2705 1173 omne
2745 1119 2796 1172 id
2825 1118 2969 1187 quod
3000 1136 3122 1173 eum
3163 1134 3285 1176 esse
3314 1122 3400 1174 in-

1820 1213 2167 1282 telligendum
2204 1221 2310 1276 est,
2340 1228 2406 1266 ex
2438 1211 2640 1266 Christi
2686 1211 2989 1278 notionum,
3023 1226 3144 1282 qua:
3178 1229 3207 1267 a
3237 1213 3398 1269 nobis

1817 1307 1976 1375 paulo
2007 1315 2134 1359 ante
2162 1313 2602 1360 commemoratae
2632 1315 2780 1369 sunt,
2813 1306 3252 1374 participatione.
3283 1305 3396 1374 Ego

1818 1405 1998 1450 autem
2048 1396 2300 1450 existimo
2353 1393 2616 1465 Spiritum
2657 1406 2904 1450 sanctum
2930 1435 2944 1458 ,
2984 1406 3042 1450 ut
3073 1396 3146 1449 ita
3178 1397 3394 1464 dicam,

1818 1487 2101 1542 materiam
2130 1486 2433 1556 gratiarum
2462 1503 2584 1557 quae
2615 1503 2643 1540 a
2678 1487 2790 1541 Deo
2817 1487 3240 1557 proficiscuntur
3269 1503 3400 1559 sup-

1819 1579 2066 1649 peditare
2098 1578 2169 1636 iis
2213 1578 2305 1646 qui
2342 1593 2438 1648 per
2469 1578 2644 1647 ipsum
2700 1576 2924 1646 ejusque
2956 1580 3396 1633 communionem

1819 1669 1992 1724 sancti
2027 1678 2172 1732 sunt,
2203 1671 2330 1724 dum
2359 1671 2606 1735 materia,
2636 1683 2799 1738 quam
2831 1669 2943 1723 dixi
2979 1671 3396 1734 charismatum,

1820 1775 1849 1812 a
1887 1759 1995 1814 Deo
2021 1759 2239 1828 quidem
2270 1769 2549 1828 operatur,
2591 1775 2620 1813 a
2657 1760 2874 1815 Christo
2912 1771 3090 1815 autem
3120 1760 3401 1814 ministra~

131 1863 424 1916 ὑπολαϐεῖν
461 1862 694 1924 Παῦλος,
729 1861 858 1931 περὶ
888 1860 1243 1930 χαρισμάτων
1271 1858 1416 1912 οὕτω
1442 1876 1544 1912 που
1579 1860 1716 1931 γρά-

1880 1865 1926 1914 ι·,
1955 1865 2054 1920 per
2085 1850 2345 1918 Spiritum
2367 1864 2496 1904 vero
2523 1859 2770 1905 sanctum
2815 1866 2876 1906 ex
2890 1853 3054 1908 sistit.
3093 1852 3243 1919 Quod
3280 1854 3400 1924 qui-

130 1972 276 2021 των·
303 1973 332 2028 ⁸ι
372 1954 683 2025 Διαιρέσεις
739 1951 795 2004 δὲ
843 1951 1200 2022 χαρισμάτων
1245 1952 1387 2016 είσὶ,
1423 1950 1483 2004 τὺ
1513 1949 1557 2004 δ’
1585 1950 1717 2004 αὐτὸ

128 2045 387 2116 Πνεῦμα·
416 2048 513 2098 καὶ
545 2044 839 2116 διαιρέσεις
883 2041 1165 2096 διακονιῶν
1198 2044 1327 2106 είσι,
1375 2043 1470 2097 καὶ
1498 2046 1526 2096 6
1556 2042 1717 2106 αὐτὸς

128 2138 332 2210 Κύριος
352 2157 366 2168 ·
402 2139 500 2191 καὶ
531 2136 833 2208 διαιρέσεις
855 2136 1242 2208 ἐνεργημάτων
1275 2137 1400 2200 εἰσὶ,
1443 2137 1537 2190 καὶ
1565 2137 1593 2188 6
1621 2137 1718 2190 a6-

126 2231 223 2294 τὲς
251 2232 366 2283 ἐστι
401 2229 558 2294 θεὸς,
591 2231 620 2282 6
647 2228 884 2302 ἐνεργῶν
907 2228 978 2282 τὰ
1003 2229 1180 2283 πάντα
1207 2231 1264 2282 ὲν
1295 2229 1480 2282 πᾶσιν.
1513 2249 1531 2280 ι
1564 2231 1718 2301 Ἔχει

127 2322 193 2376 δὲ
224 2322 574 2393 ἐπαπὸρησιν
600 2322 710 2393 (19)
742 2321 831 2375 διά
850 2339 909 2374 τε
939 2321 1000 2374 τό
1019 2342 1032 2357 ·
1060 2339 1079 2372 ‹
1116 2321 1302 2374 Πάντα
1325 2321 1391 2374 δι’
1415 2320 1579 2374 αὐτοῦ
1595 2324 1721 2392 ἐγέ-

127 2430 275 2477 νετο,
301 2433 319 2464 ›
344 2415 442 2464 καὶ
459 2409 776 2466 ἀκολουθεῖν
792 2412 854 2464 τὸ
877 2411 1123 2482 Πνεῦμα,
1156 2413 1382 2482 γενητὸν
1409 2412 1488 2478 ὃν,
1511 2412 1600 2466 διὰ
1624 2413 1717 2467 τοῦ

128 2505 303 2572 Λόγου
330 2503 639 2571 γεγονέναι,
669 2501 787 2566 πῶς
811 2504 971 2555 οἱονεὶ
991 2505 1324 2574 προτιμᾶται
1354 2502 1448 2557 τοῦ
1479 2501 1717 2575 Χριστοῦ

128 2597 193 2650 ἑν
227 2611 331 2648 τισι
389 2595 658 2667 Γραφαῖς,
707 2595 767 2646 ἐν
826 2593 926 2664 μὲν
970 2593 1049 2665 τῷ
1103 2595 1302 2666 Ἡσαΐᾳ
1332 2595 1719 2666 ὁμολογοῦντος

129 2687 372 2756 Χριστοῦ
415 2686 518 2756 οὐχ
549 2686 655 2738 ὑπὸ
705 2686 800 2738 τοῦ
853 2686 1067 2757 Πατρὸς
1122 2686 1461 2741 ἀπεστάλθαι
1518 2688 1715 2758 μόνου,

129 2779 263 2832 ἀλλά
288 2780 382 2832 καὶ
409 2779 519 2831 ὑπὸ
550 2777 647 2830 τοῦ
674 2778 832 2846 ἁγίου
853 2779 1172 2850 Πνεύματος·
1211 2780 1366 2852 (φησὶ
1401 2783 1529 2852 γάρ·
1562 2802 1580 2834 ι
1609 2781 1720 2835 Καὶ

129 2872 220 2924 νῦν
240 2871 452 2944 Κύριος
473 2870 761 2924 ἀπέστειλέ
785 2888 872 2942 με,
888 2871 982 2924 καὶ
1004 2871 1064 2924 τὸ
1081 2871 1302 2943 Πνεῦμα
1322 2873 1486 2926 αὐτοῦ
1504 2873 1569 2944 ›)·
1590 2876 1647 2928 ἐν
1661 2875 1719 2928 δὲ

127 2964 202 3035 τῷ
235 2964 562 3033 Εὐαγγελίῳ
593 2963 785 3032 ἄφεσιν
822 2964 920 3035 μὲν
971 2965 1442 3036 ἐπαγγελλομένου
1495 2967 1586 3019 ἐπὶ
1617 2966 1720 3038 τῆς

125 3062 204 3122 εἰς
233 3057 402 3110 αὑτὸν
429 3057 733 3128 ἁμαρτίας,
764 3058 1198 3129 ἀποφαινομένου
1227 3058 1284 3111 δὲ
1314 3059 1444 3130 περὶ
1495 3059 1594 3129 τῆς
1638 3062 1718 3125 είς

125 3152 184 3204 τὸ
215 3151 374 3219 ᾰγιον
410 3151 641 3222 Πνεῦμα
673 3149 1039 3222 βλασφημίας,
1069 3151 1145 3215 ὡς
1172 3150 1232 3203 o6
1271 3151 1430 3222 μόνον
1458 3153 1516 3205 ἐν
1541 3152 1716 3224 τούτῳ

239 3242 402 3294 αἰῶνι
453 3243 530 3313 μὴ
583 3242 850 3312 ἐσομένης
905 3241 1006 3312 τῆς
1053 3241 1302 3310 ἀφέσεως
1353 3241 1432 3313 τῷ
1475 3245 1554 3307 εἰς
1586 3244 1720 3298 αὐτὸ

127 3335 587 3406 δυσφημήσαντι,
631 3333 748 3387 ἀλλ’
774 3333 896 3386 οὐδὲ
929 3335 988 3386 ὲν
1018 3333 1096 3405 τῷ
1137 3333 1404 3405 μέλλοντι.
1449 3337 1561 3389 Καὶ
1612 3337 1719 3407 μή-

129 3445 256 3482 ποτε
285 3429 350 3481 οῦ
397 3427 622 3491 πάντως
665 3426 754 3480 διὰ
780 3427 841 3479 τὸ
866 3425 1189 3499 τιμιώτερον
1225 3421 1362 3480 εἶναι
1394 3429 1454 3481 τὺ
1497 3429 1721 3501 Πνεῦμα

126 3520 187 3572 τὸ
210 3521 371 3590 ἅγιον
390 3519 490 3572 τοῦ
525 3519 786 3590 Χριστοῦ,
821 3521 881 3572 οὐ
906 3520 1115 3587 γίνεται
1155 3521 1345 3588 ἄφεσις
1378 3519 1456 3590 τῷ
1484 3523 1562 3586 είς
1589 3522 1722 3575 αὐτὸ

130 3613 238 3684 (9.0)
275 3613 650 3684 ἡμαρτηκότι,
697 3610 834 3664 ἀλλὰ
878 3610 966 3664 διὰ
1011 3611 1072 3663 τὸ
1113 3610 1350 3683 Χριστοῦ
1393 3611 1490 3682 μὲν
1545 3612 1722 3665 πάντα

134 3704 387 3775 μετέχειν
444 3703 517 3756 τὰ
559 3703 788 3772 λογικὰ,
835 3696 916 3767 οἷς
959 3701 1156 3755 δίδοται
1205 3703 1501 3774 συγγνώμη
1557 3720 1723 3774 μετα-

127 3795 489 3866 ὁαλλομένοις
543 3794 652 3846 ἀπὸ
693 3793 800 3846 τῶν
844 3793 1280 3864 ἁμαρτημάτων,
1326 3793 1422 3847 τοῦ
1473 3795 1530 3848 δὲ
1564 3795 1720 3864 ἁγίου

131 3887 456 3958 Πνεῦματος
499 3885 628 3948 τοὺς,
669 3884 1129 3956 κατηξιωμένους,
1192 3885 1463 3958 μηδεμιᾶς
1503 3885 1722 3956 εὔλογον

131 3975 266 4034 εἶναι
309 3978 653 4049 συγγνώμης
676 3982 858 4050 τυχεῖν
888 3979 1024 4050 μετὰ
1060 3979 1393 4052 τηλικαύτης
1422 3982 1515 4034 καὶ
1538 3981 1722 4036 τοιαῦ-

131 4089 227 4142 της
267 4071 588 4142 συμπνοίας
627 4073 740 4136 τοῖς
781 4073 861 4136 είς
903 4070 965 4124 τὸ
1013 4071 1183 4125 κακὸν
1225 4071 1304 4125 ἔτι
1355 4073 1722 4128 ἀποπίπτουσι

133 4165 224 4217 καὶ
251 4160 690 4232 ἐκτρεπομένοις
719 4160 832 4232 (‘21)
868 4161 967 4224 τὰς
999 4160 1093 4214 τοῦ
1120 4163 1518 4233 ἐνυπάρχοντος
1550 4165 1722 4217 Πνεῦ-

135 4273 304 4327 ματος
353 4253 710 4325 συμόουλίας.
765 4255 829 4307 Ei
875 4253 934 4306 δὲ
980 4253 1121 4308 κατὰ
1160 4255 1253 4308 τὸν
1294 4255 1523 4310 Ἡσαΐαν
1559 4257 1724 4328 φησιν

130 4350 160 4402 6
205 4348 422 4419 Κύριος
471 4347 633 4417 ἡμῶν
672 4346 780 4399 ὑπὸ
824 4346 921 4399 τοῦ
967 4345 1184 4418 Πατρδς
1243 4348 1581 4402 ἀπεστάλθαι
1628 4350 1724 4403 καὶ

130 4440 223 4494 τοῦ
285 4439 616 4510 Πνεῦματος
660 4438 825 4492 αὐτοῦ
851 4479 868 4505 ,
937 4439 1053 4493 ἔστι
1117 4440 1212 4494 καὶ
1282 4440 1517 4494 ἐνταῦθα
1595 4443 1724 4514 περὶ

1819 1943 1940 1998 dem
1987 1954 2046 1996 ut
2076 1945 2147 1996 ita
2179 1957 2301 1997 esse
2330 1951 2534 2010 putem,
2583 1943 2714 1997 facit
2745 1943 2941 1998 Paulus
2972 1984 2987 2008 ,
3021 1945 3114 2013 qui
3163 1947 3396 2014 quodam

1818 2032 1944 2088 loco
1973 2032 1993 2063 ³
2026 2033 2308 2102 tle-gratiis
2336 2034 2526 2088 scribit
2553 2035 2639 2088 his
2670 2035 2886 2090 verbis:
2921 2053 2939 2086 ι
2971 2035 3277 2092 Divisiones
3300 2051 3404 2090 an-

1823 2131 1928 2176 tem
1954 2124 2252 2192 gratiarum
2289 2131 2440 2186 sunt,
2474 2123 2614 2178 idem
2651 2133 2833 2178 autem
2868 2123 3146 2193 Spiritus:
3173 2127 3404 2182 etdivi-

1819 2217 2003 2272 siones
2033 2217 2493 2273 ministrationum
2525 2226 2673 2285 sunt,
2707 2218 2850 2273 idem
2887 2229 3066 2274 autem
3106 2219 3398 2287 Dominus;

1821 2320 1876 2365 et
1903 2309 2202 2366 divisiones
2231 2309 2606 2380 operatiouum
2639 2319 2795 2377 sunt,
2835 2310 2976 2364 idem
3013 2318 3196 2364 autem
3232 2308 3398 2377 Deus,

1820 2401 1917 2470 qui
1949 2410 2208 2468 Operatur
2237 2405 2418 2458 omnia
2439 2402 2493 2456 in
2511 2405 2806 2462 omnibus.»
2829 2401 3001 2456 liabet
3033 2411 3214 2456 autem
3234 2401 3400 2456 dubi-

1823 2494 2108 2560 tationem,
2127 2496 2270 2564 quod
2303 2513 2322 2546 ι
2346 2497 2534 2550 omnia
2567 2511 2662 2564 per
2684 2495 2857 2564 ipsum
2885 2495 3023 2549 facta
3049 2515 3069 2547 ι
3099 2497 3229 2561 sint,
3249 2504 3304 2549 et
3333 2509 3403 2548 ex

1821 2600 1888 2642 eo
1913 2595 2174 2657 sequatur
2194 2627 2210 2652 ,
2243 2596 2300 2641 ut
2329 2586 2563 2656 Spiritus
2597 2596 2840 2651 sanctus,
2873 2586 2964 2654 qui
2995 2584 3167 2640 factus
3195 2595 3296 2651 est,
3332 2585 3402 2639 ab

1821 2680 1941 2748 ipso
1995 2680 2175 2736 factus
2205 2682 2330 2736 sit:
2373 2683 2644 2750 quomodo
2695 2679 2914 2734 Christo
2969 2679 3024 2734 in
3078 2679 3401 2749 quibusdam

1823 2772 2127 2841 Scripturis
2155 2783 2544 2843 anteponatur,
2581 2787 2702 2827 cum
2742 2771 2994 2828 Christus
3029 2771 3146 2841 ipse
3185 2773 3236 2825 in
3262 2769 3404 2825 Isaia

1821 2864 2038 2934 quidem
2072 2879 2132 2919 se
2161 2881 2268 2919 non
2305 2865 2480 2920 solum
2514 2880 2543 2918 a
2575 2865 2769 2926 Patre,
2803 2865 2896 2918 sed
2930 2864 3098 2917 etiam
3128 2878 3156 2915 a
3191 2862 3404 2932 Spiritu

1825 2966 2018 3012 sancto
2040 2959 2264 3013 missurn
2295 2973 2415 3013 esse
2444 2957 2714 3022 fateatur;
2743 2957 2820 3011 ait
2847 2956 2993 3010 enim
3019 2955 3042 2988 ’⁵
3067 2973 3080 3010 :
3119 2973 3138 3007 ι
3167 2955 3230 3009 Ει
3259 2969 3406 3010 nunc

1821 3048 2086 3104 Dominus
2109 3047 2260 3104 misit
2285 3063 2392 3113 me,
2417 3049 2642 3118 ejusque
2671 3046 2942 3116 Spiritus;
2979 3065 2999 3098 ι
3029 3046 3082 3099 in
3109 3045 3406 3114 Evangelio

1824 3154 2002 3197 autem
2054 3142 2430 3197 remissionem
2468 3142 2750 3210 promittat
2794 3142 2847 3195 in
2903 3151 3132 3210 peccato
3166 3143 3311 3211 quod
3346 3141 3404 3196 in

1824 3238 1996 3308 ipsum
2025 3235 2415 3301 committitur;
2454 3234 2767 3304 pronuntiet
2803 3249 2933 3288 vero
2963 3235 3030 3289 de
3066 3235 3402 3304 blasphemia

1823 3330 1877 3384 in
1902 3339 2148 3384 sanctum
2183 3327 2468 3397 Spiritum,
2499 3344 2606 3383 non
2636 3328 2754 3383 fore
2785 3337 2844 3382 ut
2880 3337 3062 3397 pateat
3095 3344 3202 3383 non
3227 3329 3405 3384 solum

1823 3423 1876 3478 in
1915 3424 2016 3476 hoc
2052 3422 2272 3489 sacculo,
2301 3423 2396 3477 sed
2429 3423 2590 3477 etiam
2636 3421 2688 3476 in
2717 3421 2900 3476 futuro
2926 3421 2993 3475 ad
3042 3421 3160 3488 ejus
3189 3422 3405 3476 veniam

1822 3525 1878 3570 et
1907 3515 2294 3571 remissionem
2327 3513 2552 3569 auditus
2581 3515 2629 3570 ei
2661 3515 2753 3585 qui
2795 3514 2848 3569 in
2880 3515 3029 3569 illum
3062 3513 3408 3584 blasphema-

1822 3609 1983 3662 verit.
2023 3605 2088 3660 Et
2125 3607 2363 3660 fortasse
2390 3623 2497 3661 non
2529 3618 2816 3676 pr0pterea
2849 3607 2898 3662 ei
2930 3608 3019 3676 qui
3053 3607 3106 3662 in
3141 3605 3405 3674 Spiritum

1822 3708 2067 3754 sanctum
2095 3699 2420 3768 peccaverit,
2455 3715 2562 3753 non
2587 3699 2908 3770 ignoscitur,
2930 3699 3073 3768 quod
3099 3697 3216 3767 ipse
3241 3696 3407 3751 Chri-

1824 3802 1910 3846 sto
1961 3792 2036 3847 sit
2083 3792 2400 3847 honoratior
2451 3791 2612 3858 eique
2665 3800 3072 3861 anteponatur,
3126 3791 3220 3846 scd
3259 3786 3405 3858 quod

1827 3884 2010 3941 omnia
2041 3885 2094 3939 in
2126 3883 2323 3954 quibus
2349 3892 2434 3938 est
2463 3883 2622 3948 ratio,
2653 3882 2872 3939 Christo
2899 3883 3250 3953 participant,
3283 3881 3406 3951 qui-

1823 3978 1966 4043 bus,
2004 3993 2125 4032 cum
2174 3994 2203 4032 a
2242 3978 2487 4047 peccatis
2527 3975 2837 4040 discedunt,
2882 3977 3040 4030 venia
3067 3975 3270 4030 datur:
3308 3986 3406 4028 eos

1825 4081 2007 4126 autem
2038 4073 2131 4140 qui
2172 4081 2365 4126 sancto
2395 4070 2603 4139 Spiritu
2644 4069 2795 4138 digni
2835 4067 3066 4138 judicati
3115 4075 3264 4132 sunt,
3295 4079 3406 4121 non

1826 4177 2251 4221 consentaneum
2303 4167 2375 4222 sit
2405 4164 2622 4219 veniam
2655 4161 2919 4234 consequi
2949 4203 2965 4229 ,
3004 4174 3127 4215 cum
3165 4166 3317 4212 tanto
3348 4167 3406 4212 et

1827 4253 1922 4307 tali
1958 4252 2239 4318 instinctu,
2281 4266 2357 4318 et,
2386 4265 2446 4307 ut
2478 4252 2550 4306 ita
2580 4253 2776 4314 dicam,
2815 4250 3174 4320 inspiratione
3205 4248 3258 4301 in
3283 4259 3404 4300 mas-

1826 4346 1939 4401 lum
1967 4350 2162 4402 iterum
2201 4347 2526 4409 reiahentes,
2564 4355 2618 4400 et
2651 4345 2881 4398 consilia
2918 4343 3160 4412 Spiritus
3189 4339 3404 4402 sancti,

1826 4442 1919 4511 qui
1972 4443 2024 4496 in
2064 4442 2146 4496 eis
2197 4441 2356 4506 inest,
2394 4449 2732 4511 respuentes.
2777 4438 2930 4505 Quod
2973 4437 3017 4491 si
3049 4436 3100 4489 id
3147 4433 3289 4504 quod
3319 4441 3407 4485 est

132 4535 226 4587 τοῦ
274 4533 708 4596 ἀποστείλαντος
756 4533 847 4585 τὸν
889 4533 1124 4604 Χριστὸν
1172 4533 1488 4604 Πνεύματος
1537 4534 1717 4589 ἀπολο-

1872 4534 1973 4604 pud
2003 4534 2196 4590 Isaiam
2223 4534 2506 4606 scriptum,
2541 4533 2618 4587 ait
2648 4529 2909 4586 Servator
2934 4537 3121 4582 noster
3149 4541 3206 4580 sc
3236 4541 3265 4579 a
3297 4524 3404 4578 Pa-

133 4628 450 4699 γήσασθαι,
508 4627 611 4696 οὐχ
663 4625 739 4689 ὡς
794 4624 953 4694 φύσει
1004 4625 1391 4697 διαφέροντος,
1447 4627 1584 4681 ἀλλὰ
1637 4628 1725 4682 διὰ

131 4722 231 4793 τὴν
265 4719 576 4791 γενομένην
623 4717 932 4789 οἰκονομίαν
975 4718 1078 4788 τῆς
1114 4718 1580 4791 ἐνανθρωπήσεως
1628 4720 1724 4774 τοῦ

134 4813 268 4868 Υἱοῦ
304 4813 403 4867 τοῦ
437 4811 575 4866 Θεοῦ
607 4852 622 4875 ,
684 4811 1079 4876 ἐλαττωθέντος
1130 4811 1260 4884 παρ’
1293 4811 1428 4865 αὐτὸ
1472 4814 1567 4866 τοῦ
1611 4813 1724 4866 Σω-

133 4905 320 4978 τῆρος.
381 4905 448 4959 Εἰ
486 4903 546 4956 δὲ
601 4905 660 4956 ἐν
706 4902 880 4975 τούτῳ
913 4902 1023 4974 (22)
1066 4904 1400 4975 προσκόπτει
1432 4904 1510 4975 τῷ
1544 4904 1724 4974 λέγειν

138 4995 486 5066 ἢλαττῶσθαι
534 4994 690 5067 παρὰ
732 4994 798 5048 τὸ
847 4995 1002 5064 ἅγιον
1059 4995 1288 5067 Πνεῦμα
1344 4997 1436 5050 τὸν
1498 4996 1724 5068 Σωτῆρα

210 5142 272 5198 ³1
295 5143 431 5200 Cor.
463 5155 565 5208 xu,
591 5139 712 5196 4-6.
786 5138 810 5170 ⁴
837 5138 942 5196 Isa.
971 5154 1156 5206 XLVIII,
1195 5137 1283 5194 16.

211 5287 322 5360 (18)
351 5285 467 5360 K91
503 5283 668 5360 saxa
717 5279 1094 5360 aaztnnéo'zlr
1132 5278 1452 5360 αἰτιαφιςτ
1508 5275 1716 5332 Similis

147 5347 255 5416 fere
278 5347 365 5413 est
393 5347 696 5424 thsilii’ep.
729 5354 823 5424 43,
861 5347 1360 5424 (ἰινθεοι-,Ννεεθηί
1391 5348 1486 5424 lih.
1529 5362 1543 5400 I
1590 5365 1718 5424 conf

146 5442 226 5486 (ra
263 5428 618 5488 Eunomium,
642 5418 961 5494 Epiphanii
987 5418 1372 5494 inﬁmorum,
1425 5418 1714 5494 Augustini

148 5501 243 5555 lih.
277 5515 345 5556 xv
371 5497 450 5553 De
491 5488 795 5557 Trinitq'cl
818 5494 911 5560 26,
951 5503 1006 5548 et
1036 5491 1128 5545 lib.
1153 5505 1207 5543 ut
1232 5488 1434 5544 Contra
1467 5488 1719 5560 Maximi-

147 5589 290 5635 num,
324 5585 446 5636 cap.
483 5569 570 5628 14.
607 5557 953 5634 aliorumque
977 5560 1343 5636 ratiocinatio,
1366 5574 1488 5636 cum
1520 5557 1718 5614 Filiqu

151 5630 353 5697 idcirco
389 5630 586 5694 Filium
620 5637 729 5693 dici
779 5630 995 5691 etesse
1045 5633 1251 5696 volunt,
1305 5630 1452 5700 quod
1496 5643 1561 5683 ex
1608 5645 1720 5683 uno

148 5714 392 5776 oriatur;
429 5709 702 5780 Spiritum
755 5717 1004 5780 sanctum
1037 5701 1292 5780 nec__dici
1338 5699 1560 5764 Filium,
1617 5715 1721 5755 nec

147 5797 293 5838 esse.
311 5772 452 5851 quod
473 5772 753 5851 procedat
781 5792 847 5830 ex
882 5776 1108 5851 duobus.
1138 5772 1400 5851 "uanus,

217 5839 534 5926 (19)’Ἔχὲι
585 5849 660 5904 δὲ
710 5847 1110 5916 ἐπαπόρησηο,
1149 5854 1255 5900 etc.
1313 5842 1444 5898 Vide
1489 5839 1547 5896 S.
1579 5841 1720 5896 Tho-

1836 4637 1917 4682 tre
1946 4629 2171 4684 missum
2210 4644 2352 4695 esse,
2387 4639 2441 4683 et
2469 4629 2536 4682 al)
2562 4615 2747 4700 lipsius
2795 4623 3025 4692 Spiritu,
3065 4619 3406 4689 responden-

1830 4719 1960 4774 dum
2008 4732 2094 4776 est
2143 4722 2303 4776 etiam
2338 4723 2442 4778 hoc
2484 4721 2603 4776 loco
2639 4721 2863 4775 missum
2894 4729 3014 4772 esse
3051 4713 3327 4769 Clu-istum
3374 4725 3406 4763 a

1833 4811 2062 4882 Spiritu,
2093 4830 2201 4869 non
2232 4815 2376 4884 quod
2424 4824 2618 4868 natura
2661 4812 2893 4875 differat,
2923 4809 3021 4864 sed
3065 4817 3284 4877 propter
3312 4803 3407 4858 Fi-

1832 4904 1888 4959 lii
1927 4904 2022 4960 Dei
2054 4907 2456 4962 conservatoris
2488 4906 2658 4961 nostri
2689 4945 2703 4970 ,
2735 4905 2828 4973 qui
2879 4917 2939 4958 se
2970 4900 3112 4956 infra
3144 4913 3265 4952 eum
3302 4894 3406 4950 mi-

1831 4999 1989 5067 nuit,
2046 5000 2102 5055 in
2168 5000 2507 5056 humanitate
2562 4999 2868 5066 sumenda,
2920 4993 3402 5067 dispensationem.

1820 5291 1962 5331 mam
1999 5291 2052 5344 p.
2083 5290 2124 5340 ι,
2159 5291 2218 5346 q.
2245 5275 2337 5340 45,
2368 5289 2418 5341 a,
2454 5275 2511 5331 8.

1895 5337 2218 5416 (20)'Code'x
2244 5337 2572 5402 Bodleianus
2601 5351 2751 5398 recte
2775 5343 2856 5405 εἰς
2893 5340 3060 5395 αὑτός
3092 5339 3266 5397 codex
3299 5337 3406 5393 Re-

1821 5418 1963 5488 gius.
1999 5419 2080 5480 εἰς
2104 5418 2286 5479 αὐτόν,
2315 5418 2473 5488 male.

1897 5488 2010 5559 (21)
2050 5478 2179 5559 Τοῖς
2203 5490 2291 5555 εὶς
2317 5487 2384 5541 τὸ
2416 5485 2608 5541 κακὸν
2626 5486 2715 5559 ἔτι
2750 5478 3286 5559 ἀποπίπτοιισιικαὶ
3310 5478 3408 5559 ἐκ·

1822 5549 2227 5629 τρὲπόμένοὶς.
2260 5549 2569 5629 Legendum
2604 5557 2836 5629 videtur,
2863 5555 2989 5618 τοὺς
3023 5554 3101 5616 είς
3141 5550 3200 5603 τὸ
3238 5549 3408 5605 κακὸν

1829 5625 1910 5684 ἔτι
1937 5625 2361 5692 ἀποπίπτοντας
2375 5628 2468 5682 καὶ
2507 5625 2960 5701 ἐκτρεπομένοιὲς.

1904 5701 2018 5772 (22)
2042 5705 2108 5757 El
2137 5701 2206 5755 δὲ
2236 5702 2305 5755 ἐν
2328 5688 2542 5765 τούτῳ,
2582 5688 2690 5754 εἰς.
2721 5688 2863 5766 Lege
2890 5697 2952 5749 Ei
2987 5693 3043 5748 δέ
3076 5711 3160 5758 τις
3186 5693 3243 5746 ἐν
3276 5688 3406 5748 τοῦ-

1829 5791 1858 5825 τ
1862 5791 1924 5826 (ι).
