3792 6146
384 336 479 391 131

1868 326 2027 384 OR-lG
2037 325 2192 382 ENIS

3532 327 3641 382 152

383 453 536 521 Quod
567 453 611 508 si
655 453 778 523 quis
813 465 877 507 ex
927 464 993 504 eo
1033 447 1365 516 offenditur,
1415 449 1558 518 quod
1602 448 1658 504 in
1698 448 1936 502 sumend:

2059 444 2553 517 ὲνανθρωπήσαντα
2573 481 2588 508 ,
2625 441 2960 513 προσακτέον
2989 441 3151 495 αὐτὸν
3189 441 3297 496 ἀπὸ
3331 441 3442 495 τῶν
3475 443 3532 495 ἐν
3567 446 3637 512 τῇ

383 555 578 598 natura
608 544 842 598 humana
874 540 1014 596 infra
1066 541 1306 610 Spiritus
1352 541 1666 611 dignitatem
1701 539 1958 594 Servato-

383 650 497 689 rem
547 636 890 690 imminutum
939 634 1206 689 dixerim:
1246 635 1350 688 hoc
1403 634 1452 688 ei
1489 633 1828 702 probandum
1871 641 1957 686 est

379 743 449 783 ex
485 727 551 782 iis
577 743 696 798 qua:
721 729 922 798 scripta
949 738 1075 784 sunt
1103 729 1153 784 in
1185 727 1337 782 Pauli
1367 727 1434 781 ad
1469 725 1722 780 Hebraeos
1745 725 1955 794 Episto-

383 819 456 885 la,
490 820 542 874 iu
575 833 679 889 qua
707 821 872 874 etiam
905 820 1112 891 angelis
1139 822 1405 876 minorem
1438 818 1546 890 63
1575 817 1757 872 Jesum
1786 816 1972 871 fuisse.

381 923 605 982 propter
627 916 817 968 mortis
841 913 1246 984 perpessionem
1266 912 1576 983 pronuntiat
1597 928 1612 976 ;
1637 909 1714 964 ait
1732 910 1875 964 enim
1899 909 1950 961 'z

384 1023 406 1056 ι
438 1003 572 1058 Eum
604 1014 785 1059 autem
838 1021 932 1074 qut
980 1005 1193 1061 modico
1233 1019 1396 1073 quam
1443 1002 1617 1074 angeli
1655 1003 1955 1057 minoratus

379 1108 462 1152 est
489 1139 504 1164 ,
553 1099 802 1154 videmus
839 1096 1025 1153 Jesum
1050 1139 1066 1164 ,
1103 1107 1330 1168 propter
1363 1097 1670 1166 passionem
1721 1094 1913 1148 mortis
1936 1134 1951 1160 ,

378 1189 548 1258 gloria
597 1200 654 1244 et
680 1189 885 1246 honore
930 1198 1272 1244 coronatum.
1313 1205 1333 1240 ι
1367 1187 1478 1243 Aut
1512 1189 1612 1242 hoc
1643 1187 1803 1242 etiam
1847 1183 1952 1240 dici

375 1293 553 1354 potest
580 1291 776 1338 create
803 1294 1014 1338 naturae
1043 1321 1060 1346 ,
1093 1291 1152 1336 ut
1182 1297 1211 1335 a
1240 1281 1504 1336 servitute
1537 1279 1794 1334 interitus
1831 1294 1954 1333 cor-

379 1377 753 1445 rupt-iouisque
777 1376 1123 1436 liberaretur,
1163 1383 1326 1444 atque
1358 1373 1522 1427 etiam
1557 1373 1835 1428 hominum
1862 1385 1955 1441 ge-

376 1470 490 1523 neri
529 1469 688 1524 beata
725 1483 790 1522 ac
829 1467 1010 1522 divina
1045 1467 1286 1530 virtute,
1330 1473 1390 1520 ut
1425 1465 1498 1519 ita
1533 1464 1736 1531 dicam,
1769 1464 1950 1518 incar-

374 1571 500 1616 nata
532 1575 668 1630 opus
702 1559 869 1616 fuisse
898 1599 915 1627 ,
945 1575 1066 1630 qua:
1098 1575 1160 1614 ea
1201 1559 1364 1614 etiam
1401 1573 1522 1628 qua:
1549 1558 1600 1610 in
1638 1565 1779 1612 terra
1825 1565 1952 1612 sunt

372 1653 677 1722 corrigeret
703 1670 715 1718 ;
747 1663 804 1707 et
832 1652 1229 1720 quodammodo
1261 1651 1401 1706 hanc
1432 1649 1700 1704 actionem
1731 1648 1796 1703 ad
1825 1663 1952 1704 san-

373 1750 520 1797 ctum
547 1742 808 1812 Spiritqu
839 1741 1140 1813 pertinere,
1168 1757 1329 1807 quant
1361 1757 1486 1796 cum
1514 1739 1661 1795 ferre
1685 1755 1791 1794 non
1822 1755 1950 1810 pos-
1981 1793 2042 1813 η,

373 1847 478 1900 set,
503 1834 849 1890 Scrvatorem
883 1832 1041 1890 oﬂ'ert
1063 1843 1118 1888 et
1146 1833 1422 1904 proponit,
1451 1841 1510 1888 ut
1536 1833 1628 1903 qui
1664 1832 1816 1888 solus
1848 1833 1950 1888 hoc

374 1935 650 1981 certamen
681 1935 866 1994 posset
893 1925 1199 1980 sustinere:
1233 1925 1394 1980 Pater
1419 1925 1586 1980 etiam
1613 1934 1671 1979 ut
1697 1925 1969 1994 princeps

371 2017 567 2072 Filium
599 2018 841 2083 mittens,
877 2033 982 2072 una
1022 2016 1288 2088 Spiritum
1318 2033 1537 2089 quoque
1573 2019 1760 2084 mittit,
1791 2034 1948 2089 quem

372 2121 525 2164 certo
557 2119 798 2178 tempore
829 2111 1220 2166 descensurum
1258 2111 1324 2163 ad
1367 2110 1462 2165 Dei
1497 2109 1718 2176 Filium,
1749 2119 1806 2166 et
1842 2125 1946 2163 una

371 2202 651 2257 hominum
695 2201 927 2258 salutem
977 2213 1330 2273 operaturum
1357 2200 1790 2272 efl‘ecturumque
1821 2218 1946 2272 pro-

372 2295 616 2349 miserat.
651 2293 702 2348 ld
743 2294 887 2363 quod
923 2294 1177 2364 perfecit,
1211 2302 1346 2360 tum,
1375 2310 1500 2350 cum
1531 2308 1794 2364 corporea
1823 2309 1946 2365 spe-

370 2386 456 2441 cie
511 2384 775 2441 columbaz
825 2385 891 2440 ad
927 2401 1050 2441 eum
1103 2393 1226 2456 post
1259 2386 1535 2442 lavacrum
1568 2385 1771 2440 volavit
1803 2388 1844 2449 ⁸,
1894 2395 1951 2439 et

371 2479 626 2534 insistens
667 2495 770 2534 non
819 2479 1084 2549 praateriit
1125 2498 1137 2532 :
1177 2479 1322 2548 quod
1371 2477 1501 2533 fecit
1532 2477 1759 2534 fortasse
1806 2479 1947 2548 apud

369 2567 640 2635 homines,
668 2571 757 2640 qui
784 2570 898 2638 ejus
929 2571 1270 2640 maiestatem
1303 2571 1522 2627 assidue
1557 2570 1701 2627 ferre
1723 2585 1829 2626 non
1854 2587 1950 2640 po-

371 2670 568 2717 terant.
597 2662 781 2732 Itaque
811 2663 1127 2731 signilicans
1156 2661 1396 2719 Joannes
1424 2675 1476 2717 et
1508 2663 1735 2734 loquens
1765 2665 1830 2718 de
1856 2678 1943 2718 co-

368 2754 615 2824 gnitione
647 2754 902 2824 quisnam
931 2755 1184 2810 Christus
1209 2765 1375 2821 esset,
1407 2770 1512 2810 non
1553 2754 1729 2810 solum
1775 2753 1949 2824 Spiri-

369 2856 458 2901 tus
482 2846 546 2900 ad
573 2845 758 2902 Jesum
787 2848 1107 2903 descensum
1138 2857 1345 2913 narrat,
1367 2847 1461 2903 sed
1495 2858 1694 2919 praster
1725 2848 1963 2903 descent--

367 2954 488 2993 sum
519 2939 664 2993 illius
689 2939 742 2992 in
775 2939 892 3008 ipso
931 2940 1334 2995 mansionem".
1369 2940 1642 3011 Scriptum
1688 2947 1770 2996 est
1799 2943 1944 2995 enim

365 3028 470 3084 hoc
492 3028 692 3086 dixisse
723 3027 1026 3086 Joannem:
1060 3050 1078 3083 ι
1105 3031 1207 3098 Qui
1231 3033 1380 3088 misit
1412 3047 1498 3088 me
1532 3033 1833 3102 baptizare,
1863 3034 1944 3088 di-

2058 537 2194 609 πρὸς
2242 536 2522 607 Ἐϐραίους
2569 535 2876 607 λεγομένων
2911 534 3191 606 Ἐπιστολῇ
3240 535 3332 589 καὶ
3389 535 3640 604 ἀγγέλων

2056 629 2313 683 ἐλάττονα
2338 628 2425 682 διὰ
2453 629 2512 681 τὸ
2540 628 2769 699 πάθημα
2807 625 2900 680 τοῦ
2940 626 3168 680 θανάτου
3213 625 3637 697 ἀποφηναμένου

2056 722 2149 776 τοῦ
2183 720 2396 774 Παύλου
2423 719 2702 790 γεγονέναι
2731 719 2823 772 τὸν
2863 718 3105 790 Ἰησοῦν·
3141 717 3276 789 φησὶ
3298 719 3404 787 γάρ
3429 736 3440 744 ·
3479 735 3498 768 ι
3531 717 3640 769 Τὸν

2054 812 2112 866 δὲ
2159 810 2330 884 βραχύ
2377 829 2429 864 τι
2469 811 2598 880 παρ’
2631 807 2894 878 ἀγγέλους
2934 807 3314 878 ἠλαττωμένον
3367 805 3640 875 βλέπομεν

2070 903 2276 975 Ἰησοῦν
2315 901 2403 957 διὰ
2430 901 2492 954 τὸ
2538 899 2769 970 πάθημα
2800 898 2896 952 τοῦ
2929 897 3160 952 Θανάτου
3199 896 3330 970 δόξῃ
3360 896 3454 950 καὶ
3497 897 3638 966 τιμῇ

2056 993 2522 1066 ἐστεφανωμένον.
2551 1011 2570 1044 ι
2599 993 2668 1044 Ἢ
2688 990 2832 1062 τάχα
2859 989 2972 1043 ἔστι
2995 990 3089 1042 καὶ
3121 988 3279 1044 τοῦτο
3307 989 3476 1041 εἰπεῖν
3495 986 3638 1058 (25),

2053 1088 2137 1141 ὃτι
2166 1088 2337 1141 ἐδεῖτο
2361 1089 2394 1158 ή
2423 1084 2599 1148 κτίσις
2633 1083 2772 1155 ὑπὲρ
2800 1081 2894 1136 τοῦ
2915 1093 2919 1097 ‘
2939 1079 3367 1151 ἐλευθερωθιῖψαι
3399 1077 3510 1133 ἀπὸ
3537 1077 3642 1148 τῆς

2054 1179 2298 1240 δουλείας
2326 1177 2425 1248 τῆς
2456 1174 2682 1247 φθορᾶς,
2721 1173 2856 1227 ἀλλὰ
2888 1173 2982 1226 καὶ
3008 1169 3308 1242 ἀνθρώπων
3344 1169 3500 1239 γένος
3536 1186 3642 1239 μα-

2055 1272 2254 1343 καρίας
2301 1271 2395 1325 καὶ
2455 1268 2604 1333 θείας
2652 1267 2933 1338 δυνάμεως
2993 1262 3464 1334 ὲνανθρωπούσης,
3513 1262 3641 1332 ἣτις

2053 1363 2401 1436 διορθώσεται
2438 1363 2532 1415 καὶ
2561 1362 2630 1414 τὰ
2669 1360 2763 1414 ἐπὶ
2789 1359 2890 1428 τῆς
2921 1357 3024 1428 γῆς
3049 1373 3060 1384 ·
3122 1355 3218 1408 καὶ
3255 1353 3496 1423 ὡσπερεὶ
3536 1353 3639 1406 ἐπ-

2057 1454 2251 1508 έϐαλλέ
2275 1471 2392 1518 πως
2407 1453 2483 1524 τῷ
2501 1451 2641 1522 ἁγίῳ
2671 1448 2948 1520 Πνεῦματι
2973 1448 3006 1517 ἡ
3031 1445 3228 1517 πρᾶξις
3255 1443 3414 1516 αῦτη,
3442 1444 3641 1514 ἥντινα

2053 1545 2344 1616 ὑπομένειν
2383 1543 2445 1596 οὑ
2493 1542 2787 1612 δυνάμενον
2825 1539 2934 1611 (24)
2974 1536 3331 1610 προϐάλλεται
3379 1536 3469 1589 τὸν
3524 1537 3640 1588 Σω-

2052 1639 2214 1712 τῆρα,
2241 1637 2316 1702 ὡς
2353 1636 2414 1690 τὸ
2443 1635 2758 1708 τηλικοῦτον
2789 1630 2950 1688 ἆθλον
2983 1632 3142 1704 μόνον
3183 1631 3427 1698 ἐνεγκεῖν
3467 1628 3639 1682 δυνά-

2057 1748 2236 1804 μενον,
2264 1726 2475 1784 καὶτοῦ
2513 1726 2728 1798 Πατρὸς
2763 1727 2839 1788 ὡς
2867 1723 3170 1797 ἡγουμένου
3214 1721 3640 1784 ἀποστέλλοντος

2051 1824 2141 1878 τὸν
2165 1823 2314 1887 Υίδν,
2353 1820 2767 1877 συναποστέλλει
2789 1818 2883 1872 καὶ
2914 1815 3344 1889 συμπροπέμπει
3371 1815 3433 1869 τὸ
3476 1816 3642 1884 ἅγιον

2050 1915 2277 1987 Πνεῦμα
2321 1915 2506 1973 αὐτὸν,
2546 1916 2603 1968 ὲν
2644 1909 2822 1983 καιρῷ
2865 1907 3291 1981 ὑπισχνούμενον
3329 1907 3638 1978 καταϐῆναι

2052 2008 2191 2080 πρὸς
2232 2007 2322 2062 τὸν
2359 2007 2488 2060 Υἰὸν
2534 2005 2628 2059 τοῦ
2676 2002 2834 2066 Θεοῦ,
2887 2003 2982 2056 καὶ
3023 2001 3356 2072 συνεργῆσαι
3406 2003 3470 2070 τῇ
3524 1998 3639 2053 τῶν

2049 2098 2352 2170 ἀνθρώπων
2391 2099 2653 2172 σωτηρίᾳ.
2681 2095 2853 2152 Τοῦτο
2884 2095 2940 2149 δὲ
2969 2093 3269 2165 πεποίηκεν
3302 2093 3389 2146 ὅτε
3413 2091 3492 2162 τῷ
3527 2109 3637 2144 σω-

2054 2191 2267 2264 ματικῷ
2311 2192 2442 2245 εἴδει
2477 2192 2609 2245 ὡσεὶ
2653 2187 2953 2263 περιστερά
2997 2187 3108 2258 (25)
3148 2187 3442 2258 ἐφίπταται
3491 2185 3637 2254 μετά

2049 2284 2108 2339 τὸ
2138 2283 2360 2351 λουτρὸν
2389 2282 2557 2352 αὐτῷ,
2586 2283 2681 2336 καὶ
2718 2280 2948 2334 ἐπιστὰν
2984 2278 3044 2331 οὐ
3080 2276 3450 2348 παρέρχεται·
3487 2274 3636 2345 τάχα

2049 2379 2106 2431 ὲν
2136 2373 2443 2448 ἀνθρώποις
2467 2375 2624 2428 τοῦτο
2662 2371 3018 2442 πεποιηκότος
3059 2369 3170 2442 (26)
3201 2370 3314 2431 τοῖς
3358 2367 3431 2440 μὴ
3469 2366 3638 2436 δυνη-

2049 2470 2218 2524 θεῖσιν
2264 2467 2622 2531 ἀδιαλείπτως
2651 2465 2837 2537 φέρειν
2881 2461 3045 2517 αὐτοῦ
3086 2459 3184 2534 τὴν
3222 2460 3398 2524 δόξαν.
3433 2459 3637 2530 Διόπερ

2052 2563 2328 2636 σημαίνων
2365 2560 2478 2632 (27)
2523 2562 2552 2614 ὁ
2603 2558 2859 2630 Ἰωάννης
2910 2555 3038 2627 περ).
3081 2555 3176 2608 τοῦ
3223 2550 3428 2623 γνῶναι
3480 2551 3637 2613 ὅστις

2050 2657 2178 2711 ποτέ
2211 2657 2359 2709 ἐστιν
2385 2654 2413 2706 ὁ
2441 2651 2674 2726 Χριστὸς
2692 2649 2814 2722 οὐχ).
2837 2646 3005 2721 μόνην
3043 2647 3141 2718 τὴν
3171 2647 3265 2700 ἐπὶ
3293 2642 3384 2699 τὸν
3423 2642 3638 2715 Ἰησοῦν

2049 2748 2348 2805 κατάϐασιν
2384 2744 2479 2800 τοῦ
2508 2745 2844 2810 Πνεῦματος,
2885 2740 3022 2796 ἀλλά
3054 2739 3191 2812 πρὸς
3229 2741 3294 2810 τῇ
3331 2738 3638 2792 καταϐάσει

2048 2842 2146 2913 τὴν
2183 2843 2241 2894 ἐν
2283 2837 2433 2910 αὐτῷ
2481 2838 2667 2909 μονήν.
2713 2836 3028 2908 Γέγραπται
3072 2832 3180 2905 γὰρ
3216 2830 3493 2903 εἰρηκέναι
3543 2830 3637 2883 τὸν

2061 2935 2332 3004 Ἰωάννην,
2375 2933 2458 2985 δτι
2511 2947 2530 2981 ι
2614 2929 2672 2982 Ὁ
2724 2927 2948 2998 πέμψας
3003 2943 3071 2996 με
3115 2923 3396 2996 βαπτίζειν
3444 2917 3631 2976 εἶπεν·

2061 3025 2176 3094 Ἐφ’
2203 3023 2260 3076 ὃν
2288 3022 2354 3076 ἂν
2391 3021 2506 3095 ἴδῃς
2529 3020 2590 3074 τὸ
2615 3018 2838 3090 Πνεῦμα
2859 3017 3183 3072 καταϐαῖνον
3216 3017 3310 3071 καὶ
3340 3017 3502 3088 μένον
3546 3015 3635 3069 ἐπ’

365 3121 486 3176 xit:
519 3120 692 3191 Super
733 3137 892 3192 quem
928 3124 1135 3180 videris
1186 3123 1452 3195 Spiritum
1503 3127 1936 3189 descendentem,

2058 3114 2234 3178 αὑτὸν,
2277 3107 2429 3175 οὗτός
2471 3113 2620 3164 ἐστιν
2659 3112 2688 3164 ὁ
2733 3106 3008 3180 βαπτίζων
3057 3110 3115 3161 ὲν
3170 3106 3449 3178 Πνεύματι
3490 3107 3637 3178 ἁγίῳ

363 3223 421 3268 et
447 3223 750 3270 manentem
775 3231 941 3286 super
962 3231 1108 3282 cum,
1139 3217 1227 3272 hic
1248 3226 1333 3272 est
1355 3218 1443 3288 qui
1469 3217 1708 3288 baptizat
1739 3219 1789 3274 in
1829 3219 1945 3290 Spi-

366 3313 475 3361 ritu
503 3316 556 3361 et
583 3307 761 3378 igne“.
795 3327 814 3360 ι
849 3307 964 3363 Non
989 3309 1390 3375 enim‘dicitnr,
1429 3329 1449 3361 ι
1477 3310 1653 3381 Super
1679 3325 1838 3378 quem
1869 3313 1944 3366 vi-

367 3399 513 3454 deris
534 3398 795 3471 Spiritum
825 3403 1243 3457 descendentem
1267 3421 1285 3455 ι
1319 3402 1515 3464 solum,
1548 3404 1690 3472 quod
1717 3402 1944 3458 fortasse

365 3492 529 3546 etiam
564 3492 631 3546 ad
669 3493 805 3548 alios
839 3494 956 3563 ipse
989 3493 1382 3561 descenderet,
1419 3495 1512 3550 sed
1557 3514 1576 3546 ι
1607 3495 1944 3550 descenden—

369 3594 474 3637 tem
512 3593 568 3640 et
603 3596 911 3641 manentem
958 3601 1122 3656 super
1153 3587 1348 3656 ipsum.
1381 3607 1400 3640 ι
1440 3587 1565 3642 Haec
1588 3597 1768 3642 autem
1803 3588 1942 3643 mul-

368 3685 478 3729 tum
503 3691 566 3730 ac
593 3677 683 3740 diu
706 3681 1019 3733 examinata
1050 3691 1180 3733 sunt
1203 3680 1357 3734 nobis
1381 3680 1593 3751 planius
1617 3690 1668 3734 et
1700 3681 1963 3751 apertius

366 3770 553 3824 videre
590 3773 896 3830 volentibus
922 3815 937 3840 ,
974 3777 1265 3844 quomodo,
1311 3775 1356 3828 si
1404 3775 1589 3828 omnia
1636 3788 1734 3844 per
1766 3774 1941 3844 ipsum

367 3863 510 3917 facta
545 3874 694 3929 sunt,
737 3865 978 3936 Spiritus
1006 3869 1171 3922 etiam
1208 3881 1308 3936 per
1340 3866 1580 3922 Verbum
1615 3865 1792 3922 factus
1816 3876 1940 3931 est,

364 3955 460 4023 qui
499 3972 602 4010 una
635 3971 701 4010 ex
748 3959 911 4013 rebus
958 3959 1314 4014 inferioribus
1362 3973 1428 4014 eo
1471 3973 1568 4029 per
1614 3959 1754 4027 quod
1787 3957 1944 4011 facta:

364 4055 516 4110 sunt,
571 4048 901 4117 intelligatur
927 4090 942 4115 ,
984 4051 1198 4106 etiamsi
1251 4051 1415 4106 verba
1467 4051 1712 4120 quaedam
1744 4065 1844 4104 nos
1887 4049 1962 4102 in-

364 4137 698 4191 contrariam
725 4149 934 4208 partem
966 4142 1185 4196 trahere
1213 4141 1521 4196 videantur.
1555 4141 1710 4208 Quod
1743 4141 1788 4195 si
1820 4142 1943 4210 quis

366 4228 716 4286 Hebrazorum
756 4232 1109 4305 Evangelium
1157 4235 1418 4306 proferat,
1450 4237 1504 4290 in
1541 4250 1650 4306 quo
1683 4235 1942 4290 Servator

362 4319 479 4390 ipse
527 4323 640 4377 haec
670 4323 833 4379 dicit:
866 4325 981 4399 64
1015 4345 1032 4379 ι
1064 4327 1222 4383 Modo
1253 4327 1463 4398 accepit
1501 4342 1586 4383 me
1625 4336 1801 4382 mater
1821 4342 1940 4381 mea

363 4422 582 4470 sanctus
612 4415 872 4488 Spiritus,
921 4435 1028 4474 uno
1080 4420 1401 4490 capillorum
1446 4433 1692 4474 meorum
1717 4458 1733 4482 ,
1765 4431 1820 4475 et
1854 4434 1959 4476 me-

2050 3205 2146 3260 καὶ
2192 3205 2344 3275 πυρί.
2388 3223 2406 3254 ι
2441 3203 2516 3256 Οὐ
2548 3201 2657 3273 γάρ
2700 3200 2936 3268 λέγεται,
2979 3218 2999 3251 ι
3060 3200 3174 3269 Ἐφ’
3201 3199 3260 3252 ὃν
3302 3198 3368 3252 ἂν
3412 3200 3532 3272 ἴδῃς
3575 3201 3637 3252 τὸ

2051 3297 2276 3368 Πνεῦμα
2317 3295 2660 3358 καταϐαῖνον,
2692 3313 2710 3345 ι
2761 3292 2958 3364 μόνον,
2992 3291 3134 3361 τάχα
3177 3293 3272 3344 καὶ
3318 3292 3404 3344 ἐπ’
3438 3289 3638 3353 ἄλλους

2050 3387 2486 3458 καταϐεϐηκότος
2518 3384 2705 3447 αὐτοῦ,
2737 3384 2873 3438 ἀλλὰ
2901 3403 2919 3436 ι
2966 3384 3313 3448 καταϐαῖνον,
3346 3383 3439 3436 καὶ
3466 3381 3632 3452 μένον

2050 3483 2136 3534 ἐπ’
2167 3480 2347 3534 αὐτόν.
2378 3499 2394 3530 ι
2427 3477 2611 3532 Ταῦτα
2636 3477 2694 3530 δὲ
2730 3476 2959 3532 ἐπιπολὺ
2982 3477 3270 3549 ἐξήτασται
3299 3476 3634 3546 σαφέστερον

2053 3573 2179 3627 ἰδεῖν
2219 3571 2563 3643 βουλομένοις
2590 3570 2730 3636 πῶς,
2768 3571 2816 3623 εί
2863 3569 3045 3623 πάντα
3083 3569 3152 3622 δι’
3179 3569 3342 3623 αὑτοῦ
3384 3568 3631 3638 ἐγένετο,

2050 3665 2146 3718 καὶ
2172 3663 2231 3717 τὸ
2257 3662 2480 3734 Πνεῦμα
2515 3661 2604 3716 διὰ
2649 3659 2741 3716 τοῦ
2779 3662 2953 3731 Λόγου
2999 3664 3234 3731 ἐγένετο,
3267 3661 3324 3714 ἓν
3351 3659 3456 3714 τῶν
3488 3661 3630 3714 πάν-

2049 3771 2156 3808 των
2185 3754 2448 3824 τυγχάνον
2483 3752 2887 3824 ὑποδεεστέρων
2929 3753 3022 3806 τοῦ
3059 3751 3168 3822 (28)
3207 3751 3275 3804 δι’
3305 3744 3366 3804 οῦ
3412 3750 3635 3819 ἐγένετο

2048 3848 2357 3917 νοούμενον,
2400 3847 2448 3898 εἰ
2479 3844 2572 3898 καὶ
2609 3843 2782 3908 λέξεις
2815 3844 2958 3908 τινὲς
2986 3845 3258 3916 περισπᾷν
3287 3844 3433 3914 ἡμᾶς
3459 3845 3543 3905 είς
3572 3841 3634 3895 τὺ

2051 3938 2298 3995 ἐναντίον
2337 3936 2604 3992 δοκοῦσιν.
2666 3937 2793 3993 Ἐὰν
2836 3937 2894 3990 δὲ
2936 3937 3220 4007 προσίεταί
3268 3953 3352 4000 τις
3397 3935 3458 3988 τὸ
3506 3933 3633 3990 καθ’

2062 4031 2344 4104 Ἑϐραίους
2376 4030 2728 4099 Εὐαγγέλιον,
2760 4028 2888 4083 ἔνθα
2921 4029 3080 4092 αὐτὸς
3122 4030 3151 4081 ὁ
3178 4029 3371 4100 Σωτήρ
3419 4045 3591 4100 φησιν
3614 4044 3631 4058 ⁶

2054 4144 2074 4177 ι
2115 4126 2274 4197 Ἀρτι
2298 4124 2456 4178 ἔλαϐέ
2487 4126 2611 4196 μεή
2643 4125 2825 4195 μήτηρ
2861 4140 2963 4195 μου
2991 4122 3053 4175 τὸ
3094 4123 3247 4192 ἅγιον
3299 4120 3526 4192 Πνεῦμα
3572 4123 3632 4174 ὲν

2053 4229 2152 4299 μιᾷ
2183 4227 2291 4281 τῶν
2314 4227 2515 4298 τριχῶν
2551 4243 2676 4297 μου,
2707 4227 2801 4279 καὶ
2834 4225 3108 4296 ἀπένεγκέ
3157 4243 3225 4297 με
3264 4227 3345 4290 εἰς
3391 4225 3453 4280 τὸ
3502 4225 3632 4298 ὅρος

2047 4327 2110 4380 τὸ
2141 4327 2282 4398 μέγα
2314 4325 2544 4396 Θαϐὡρ·
2586 4344 2605 4375 ι
2639 4325 2978 4398 ὲπαπορήσει
3023 4325 3140 4389 πῶς
3172 4328 3352 4398 μήτηρ
3381 4322 3628 4397 Χριστοῦ

2047 4421 2110 4474 τὸ
2148 4419 2237 4473 διὰ
2260 4418 2354 4472 τοῦ
2405 4418 2580 4488 Λόγου
2619 4417 2986 4489 γεγενημένον
3028 4418 3255 4489 Πνεῦμα
3291 4419 3444 4487 ἅγιον
3487 4413 3650 4470 εἶναι.

431 4528 454 4561 ⁵
485 4528 645 4586 llebr.
679 4547 740 4598 ιι,
784 4533 838 4588 9.
915 4536 936 4567 ⁸
961 4534 1093 4590 Luc.
1130 4552 1212 4599 ιιι,
1239 4535 1334 4591 22.
1408 4536 1428 4567 '
1455 4534 1611 4589 Joan.
1639 4552 1678 4598 ι,
1705 4535 1794 4590 '52.
1869 4536 1892 4568 ⁸
1920 4536 2062 4593 ibid.‘

434 4645 548 4717 (2‘5)
573 4649 644 4703 Ἠ
679 4648 833 4719 τάχα
868 4651 1000 4704 ἐστὶ
1044 4651 1142 4704 καὶ
1187 4649 1362 4704 τοῦτο
1401 4649 1612 4712 εἰπεῖν,
1650 4659 1759 4706 etc.
1797 4648 1936 4703 Mor-

2058 4650 2166 4703 dice
2188 4649 2357 4718 Regio
2381 4648 2602 4718 legitur,
2631 4647 2689 4701 ἒν
2714 4647 2823 4701 τῶν
2865 4647 3082 4703 πάντων
3115 4649 3399 4718 τυγχάνων
3432 4649 3630 4704 ὑποδε-

371 4718 442 4774 tis
469 4721 669 4788 quippe
696 4720 896 4775 Christi
936 4721 1260 4775 beneficium
1289 4722 1356 4773 ad
1389 4731 1601 4774 creatas
1645 4735 1731 4774 res
1752 4735 1943 4774 omnes

438 4791 642 4842 rtiuere
681 4792 871 4858 voluit,
906 4801 964 4846 ut
1012 4794 1063 4846 iu
1106 4790 1447 4862 Origenianis
1478 4791 1941 4846 demonstramus.

419 4874 630 4913 UETIUS.

364 4930 410 5002 ‘__
439 4929 552 4998 (24)
588 4930 849 5002 ΔἩνιίνα
882 4932 1208 5002 ὑπομένειν
1269 4933 1340 4986 οὐ
1402 4930 1764 5000 δυνάμενον,
1827 4938 1936 4984 etc.

365 4996 600 5073 Humani
633 5005 869 5073 generis
921 4996 1220 5073 redemptio
1269 5003 1466 5056 Filium
1498 4996 1740 5073 quidem
1761 5004 1940 5070 potius

365 5085 530 5138 quam
554 5069 814 5140 Spiritum
852 5069 1382 5138 sanctum-decebat,
1413 5083 1474 5125 ut
1503 5069 1663 5127 ducet
1703 5069 1942 5126 Thomas

366 5155 419 5208 p.
458 5154 540 5204 ιιι,
564 5154 619 5208 q.
651 5141 705 5204 5,
736 5151 840 5213 art.
879 5144 932 5197 8.
977 5142 1217 5213 Uterque
1245 5152 1424 5198 autem
1479 5144 1530 5197 id
1575 5143 1820 5197 muneris
1846 5157 1942 5211 pa-

367 5213 504 5265 riter
529 5212 749 5277 exsequi
779 5222 1016 5278 poterat.
1051 5214 1124 5266 In.

438 5279 550 5352 (25)
586 5280 751 5334 Recte
773 5283 940 5354 codex
969 5281 1293 5338 Bodleiauus
1316 5282 1635 5354 περιστερά,
1673 5281 1810 5336 male
1833 5281 1933 5336 Re-

364 5350 485 5421 gius
506 5353 821 5423 περιστερᾷ.

438 5422 550 5493 (26)
581 5422 1004 5490 Πεποιηκότος.
1032 5422 1176 5490 Lege
1207 5422 1528 5494 πεποιηκός.

438 5495 550 5563 (27)
580 5495 913 5561 Σημαίνων.
947 5495 1086 5564 Lege
1114 5493 1405 5565 σημαίνει,
1429 5506 1521 5546 aut
1545 5493 1588 5546 si
1617 5506 1803 5547 servas
1838 5507 1937 5614 6'2-

438 5565 599 5614 ιίνων.
637 5566 781 5614 aliud
811 5566 1031 5614 verhum
1072 5566 1260 5614 sunnle
1287 5565 1430 5614 (ιιιοά
1464 5573 1616 5614 regat.
1652 5563 1773 5614 οὑν).
1836 5580 1874 5614 υ.
1909 5591 1937 5602 -

373 5565 599 5634 μαίνων,
637 5566 781 5618 aliud
811 5563 1040 5618 verbum
1072 5563 1260 5632 supple
1287 5565 1430 5632 quod
1464 5573 1616 5634 regat
1652 5563 1773 5633 οὐχ).
1835 5580 1874 5633 μ

367 5632 588 5706 νηνᾳτὴν
619 5637 709 5688 ἐπὶ
729 5637 819 5706 τὸν
864 5635 1069 5706 Ἰησοῦν
1098 5635 1417 5699 κατάϐασιν,
1446 5632 1551 5690 ειοξ

439 5701 557 5782 (28)
587 5708 690 5782 Ἓν
714 5705 832 5760 τῶν
874 5701 1116 5782 πᾶντων
1161 5705 1474 5782 τυγχάνον-
1494 5703 1943 5782 ὑποδεεστέρων

365 5775 493 5836 τοῦ,
529 5784 635 5829 etc.
662 5775 738 5831 Ita
767 5788 917 5835 recte
947 5779 1113 5835 habet
1141 5775 1310 5834 codex
1346 5776 1711 5844 Bodleiauus;
1763 5776 1814 5830 in
1848 5791 1941 5832 co-

2047 4719 2281 4792 έστερον
2326 4719 2442 4782 τοῦ,
2487 4719 2785 4792 etc.__Qnae
2813 4729 2985 4792 ferte
3027 4721 3316 4792 manifesto
3365 4723 3627 4792 mendosa

2049 4787 2199 4845 sunt.
2238 4790 2376 4844 Nam
2409 4790 2538 4858 quid
2585 4789 2685 4843 sibi
2744 4787 2903 4843 vellet
2953 4789 3234 4857 Origenes,
3270 4788 3444 4857 inquit
3477 4789 3629 4845 Hue-

2047 4863 2176 4927 tius,
2209 4862 2252 4915 si
2289 4861 2557 4929 Spiritum
2581 4928 2587 4929 ί
2612 4869 2861 4914 sanctum
2896 4876 3064 4913 unum
3103 4875 3136 4912 e
3173 4861 3338 4914 rebus
3370 4863 3627 4915 omnibus

2043 4948 2165 5001 quur:
2194 4947 2223 4985 a
2257 4928 2420 4985 Patre
2464 4939 2521 4983 et
2551 4928 2694 4983 Filio
2737 4929 2942 5001 habent
2978 4938 3036 4982 ut
3077 4931 3207 4994 sint,
3246 4930 3512 5001 minorem
3560 4948 3626 4985 eo

2044 4999 2164 5056 esse
2191 5002 2504 5071 scripsisset
2537 5015 2564 5053 a
2591 5011 2812 5071 quoest
2838 5000 3197 5071 ?7Legendum
3218 5014 3354 5071 ergo
3381 5017 3394 5052 :
3427 4999 3486 5050 ἓν
3514 5000 3628 5056 τῶν

2045 5073 2263 5126 πάντων
2302 5069 2568 5142 τυγχάνον
2600 5070 3023 5142 ὑποδεεστέρων,
3055 5081 3160 5142 etc.
3202 5069 3449 5142 Spiritus
3502 5086 3625 5126 san-

2048 5154 2169 5198 ctus
2194 5159 2297 5196 una
2329 5140 2502 5196 estex
2534 5142 2600 5196 iis
2636 5145 2799 5195 rebus
2828 5140 2948 5209 quae
2967 5157 3031 5195 eo
3055 5140 3346 5195 inferiores
3369 5151 3497 5207 sunt
3526 5156 3626 5209 per

2049 5215 2193 5280 quod
2225 5223 2370 5266 sunt.
2415 5211 2570 5278 Quod
2621 5220 2802 5265 autem
2857 5211 3120 5280 Spiritum
3163 5219 3413 5280 sanctum
3439 5209 3624 5266 Verbo

2051 5279 2320 5337 minorem
2356 5283 2567 5341 statuit,
2602 5279 3037 5335 consentientem
3067 5280 3231 5334 habet
3260 5279 3621 5334 Athanasium

2045 5364 2185 5407 orat.
2212 5354 2248 5407 2
2277 5353 2491 5416 Advers.
2522 5351 2750 5416 Ariona:
2777 5367 2796 5404 :
2828 5350 3064 5416 Τοιαῦτα
3092 5351 3190 5416 μὲν
3216 5346 3310 5416 οῦν
3337 5353 3449 5416 τοῖς
3494 5351 3621 5403 Ἰου-

2039 5421 2206 5500 δαίοις
2225 5418 2298 5500 ως
2320 5414 2415 5469 ἄνθ
2425 5431 2604 5500 ρωπος
2635 5414 2818 5500 έλεγεν
2838 5416 2866 5467 ὁ
2882 5414 3117 5500 μύριοςλ
3139 5417 3251 5500 τδοῖς
3271 5415 3327 5500 δέ
3353 5414 3624 5500 μαθηταῖς

2041 5488 2138 5557 τὴν
2183 5487 2410 5557 θεότητα
2429 5523 2443 5545 .
2474 5485 2571 5557 κα)ἶ
2609 5485 2706 5557 τὴν
2739 5484 3132 5557 μεγαλειότητα
3154 5485 3366 5557 δεικνῦς
3388 5484 3619 5557 ἑαυτοῦ,

1909 5591 1937 5602 -
2043 5553 2225 5611 οῦκέτι
2261 5553 2521 5608 ἐλάττονα
2555 5553 2749 5607 ἑαυτὸν
2768 5554 2866 5624 τοῦ
2903 5553 3240 5624 Πνεύματος.
3277 5554 3412 5607 ἀλλά
3441 5555 3622 5624 μείζο-

2045 5645 2131 5682 να,
2163 5627 2256 5679 καὶ
2292 5626 2404 5677 ἴσον
2445 5624 2573 5677 ὄντα
2608 5623 2885 5693 σημαίνων
2906 5665 2920 5687 ,
2952 5623 3125 5677 ἐδίδου
3176 5624 3274 5694 μὲν
3305 5626 3366 5677 τὸ
3396 5623 3624 5693 Πνεῦμα

2046 5695 2141 5748 καὶ
2170 5696 2321 5762 ἔλεγε
2342 5710 2357 5725 ο
2393 5712 2412 5744 ι
2452 5694 2657 5747 Λάϐετε
2691 5694 2751 5746 τὸ
2777 5694 3000 5763 Πνεῦμα
3032 5694 3216 5762 ἅγιον·
3249 5714 3268 5745 ι
3298 5696 3391 5747 καὶ
3423 5713 3443 5746 ι
3479 5695 3623 5762 Ἐγὼ

2047 5764 2179 5819 αὐτὸ
2206 5764 2547 5820 ἀποστέλλω·
2587 5783 2607 5816 ι
2642 5764 2732 5818 καί
2753 5781 2768 5796 ο
2807 5783 2825 5816 ι
2863 5764 3098 5830 Ἐκεῖνος
3121 5765 3221 5834 ἐμὲ
3244 5764 3475 5831 δοξάσει.
3502 5785 3522 5819 ι
3543 5791 3610 5807 --
