3792 6146
146 299 228 356 133

1226 291 1590 352 COMMENT.
1625 291 1696 347 IN
1726 289 1920 348 JOAN.
1961 291 2204 350 TOMUS
2241 291 2308 350 11.

3293 299 3395 354 154

143 415 354 470 δύναται.
400 411 608 467 Ταΰτα-
639 412 704 468 δὲ
742 413 838 469 καὶ⁹
871 414 1026 469 τοῦτο
1066 412 1126 467 οὐ
1160 413 1396 484 χαλεπὸν
1446 412 1688 485 ἑρμηνεῦ

1825 414 1876 468 in
1909 423 2145 468 montem
2179 426 2435 484 magnum
2465 409 2684 466 Thabor
2709 412 2975 482 portavit;
3003 432 3023 466 ι
3054 413 3100 470 is
3129 413 3397 472 dubitabit

142 526 230 560 σαι.
259 507 317 559 Ei
347 504 458 576 γὰρ
482 507 514 559 ό
545 505 738 560 ποιῶν
758 506 818 559 τὸ
849 505 1060 577 θέλημα
1093 503 1204 574 (29)
1237 503 1334 558 τοῦ
1364 505 1580 574 Πατρδς
1617 504 1711 558 τοῦ

138 603 183 654 ὲν
201 600 299 662 τοῖς
322 597 583 670 οὐρανοῖς
616 598 860 668 ἀδελφὸς
882 599 974 652 καὶ
1001 597 1201 668 ἀδελφὴ
1234 597 1328 651 καὶ
1357 598 1540 670 μήτηρ
1563 598 1713 651 ἐστὶν

136 689 293 753 αὑτοῦ,
323 690 414 743 καὶ
443 689 652 757 φθάνει
682 691 749 744 τὸ
777 689 1008 758 ἀδελφὸς
1045 688 1281 762 Χριστοῦ
1325 689 1495 760 ὄνομα
1523 689 1583 742 οὐ
1618 690 1714 761 μό-

133 778 304 836 νονέπὶ
338 777 399 831 τὸ
431 777 548 830 τῶν
601 777 919 850 ἀνθρώπων
960 777 1140 847 γένος,
1190 777 1327 832 ἀλλὰ
1373 779 1469 832 καὶ
1511 779 1604 832 ἐπὶ
1644 779 1715 833 τὰ

130 872 291 927 τούτου
321 870 616 941 θειότερα·
655 872 815 925 οὐδὲν
852 872 1048 926 ἄτοπον
1101 870 1255 926 ἔσται
1300 871 1498 931 μᾶλλον
1532 872 1715 943 πάσης

133 962 556 1036 χρηματιξούσης
590 963 812 1035 μητρὸς
842 962 1077 1034 Χριστοῦ
1111 963 1200 1017 διὰ
1231 962 1293 1016 τὺ
1335 966 1509 1018 ποιεῖν
1536 963 1597 1017 τὸ
1623 963 1713 1017 θέ-

131 1058 256 1125 λημα
295 1053 388 1106 τοῦ
434 1055 497 1106 ὲν
538 1057 665 1118 τοῖς
715 1055 964 1127 οὐρανοῖς
1017 1055 1253 1126 Πατρὸς,
1275 1054 1336 1109 τὸ
1382 1054 1608 1125 Πνεῦμα
1652 1054 1714 1108 τὸ

130 1147 260 1214 ᾰγιον
290 1140 427 1197 εἶναι
487 1145 746 1216 μητέρα.
788 1147 906 1198 Ἔτι
931 1147 1011 1210 είς
1041 1147 1134 1200 τό·
1172 1165 1190 1196 ι
1230 1146 1415 1200 Πάντα
1442 1145 1509 1198 δι’
1547 1143 1712 1198 αὐτοῦ

128 1239 338 1306 ἐγένετο,
376 1258 394 1288 ι
432 1239 536 1292 καὶ
569 1239 760 1292 ταῦτα
795 1238 1074 1310 ζητητέον.
1114 1241 1192 1312 Τῇ
1234 1239 1446 1311 ἐπινοίᾳ
1479 1241 1507 1293 ό
1541 1239 1714 1308 Λόγος

128 1331 290 1404 ἕτερός
334 1333 452 1384 ἐστι
502 1331 678 1404 παρὰ
726 1332 827 1403 τὴν
875 1333 1041 1403 ζωὴν,
1084 1334 1180 1386 καὶ
1217 1351 1235 1384 ι
1272 1333 1300 1386 ὃ
1331 1333 1554 1402 γέγονεν
1594 1335 1651 1388 ἐν
1687 1351 1706 1385 ι

127 1424 193 1494 τῷ
216 1423 360 1494 Λόγῳ
391 1443 411 1475 ι
461 1424 587 1495 ζωὴ
618 1421 715 1496 ἦν,
751 1425 844 1479 καὶ
883 1423 996 1497 ζωὴ
1025 1421 1095 1497 ἦν
1126 1426 1184 1480 τὸ
1217 1426 1332 1494 φῶς
1361 1426 1471 1480 τῶν
1505 1425 1714 1498 ἀνθρώ-

129 1533 247 1569 eam.
278 1534 297 1567 ι
321 1511 449 1588 ’Ἆρ’
481 1513 612 1582 οὖν,
652 1518 731 1581 ὡς
763 1519 938 1571 πάντα
964 1517 1030 1570 δι’
1063 1518 1227 1571 αὐτοῦ
1257 1518 1492 1586 ἐγένετο,
1535 1519 1630 1571 καὶ⁹
1675 1518 1710 1588 ἡ

129 1609 225 1679 ζωὴ
250 1609 312 1662 δι’
336 1610 508 1664 αὐτοῦ
541 1611 807 1680 ὲγένετο;
834 1612 954 1682 ἥτις
982 1613 1099 1666 ἐστὶ
1121 1613 1183 1665 τὸ
1217 1612 1333 1682 φῶς
1359 1611 1466 1666 τῶν
1497 1612 1711 1684 ἀνθρώ-

127 1716 244 1764 πων,
287 1701 380 1754 καὶ
423 1703 484 1754 αἱ
535 1704 710 1758 ἄλλαι
751 1704 846 1759 τοῦ
897 1707 1146 1778 Σωτῆρος
1190 1705 1456 1760 ἐπίνοιαι·
1509 1705 1541 1777 ἢ
1586 1705 1710 1760 καθ’

1814 508 1904 576 qui
1957 505 2198 577 Spiritus
2243 513 2499 569 sanctus,
2538 505 2630 574 qui
2687 520 2786 574 per
2818 505 3055 561 Verbum
3091 508 3264 562 factus
3289 519 3394 571 est,

1817 606 1994 654 mater
2019 596 2216 651 Christi
2247 609 2373 650 esse
2424 597 2614 664 possit.
2645 595 2750 650 Sed
2807 596 2922 650 haec
2954 606 3118 668 atque
3149 599 3251 652 hoc
3287 614 3394 652 non

1815 698 1900 745 est
1928 688 2144 744 dillicile
2178 687 2549 757 interpretari.
2583 688 2640 742 Si
2672 686 2815 741 enim
2850 687 2895 741 is
2924 687 3014 757 qui
3047 687 3177 742 facit
3205 691 3397 744 volun-

1815 791 1984 839 tatem
2015 779 2194 836 Patris
2225 782 2314 851 qui
2349 781 2403 835 in
2432 780 2585 838 coelis
2613 789 2715 847 est,
2749 779 2866 848 ejus
2915 791 2998 834 est
3024 789 3079 834 et
3121 781 3308 844 frater,
3341 793 3396 836 et

1815 887 1998 935 soror,
2027 882 2084 928 et
2124 881 2299 927 mater
2319 871 2375 938 9;
2417 880 2472 925 et
2510 870 2696 925 fratris
2723 871 2926 926 Christi
2955 886 3148 925 nomen
3178 889 3281 927 non
3308 889 3396 928 sn-

1814 965 1921 1020 lum
1951 965 2018 1020 ad
2050 980 2221 1035 genus
2251 964 2525 1018 hominum
2557 963 2726 1027 venit,
2759 964 2854 1018 sed
2881 964 3044 1018 etiam
3075 964 3141 1018 ad
3181 980 3241 1018 ea
3273 981 3395 1035 quae

1813 1071 1879 1111 eo
1911 1055 2176 1110 diviniora
2215 1061 2360 1115 sunt,
2405 1052 2538 1107 nihil
2569 1051 2682 1119 jam
2713 1050 3006 1105 absurdum
3043 1052 3394 1121 alienumque

1813 1147 1939 1212 erit,
1973 1145 2094 1215 plus
2127 1145 2291 1201 etiam
2322 1159 2487 1214 quam
2540 1157 2635 1198 eos
2676 1146 2767 1212 qui
2819 1144 2960 1212 quod
2996 1142 3172 1198 Patris
3203 1143 3298 1212 qui
3335 1144 3389 1198 in

1813 1247 1969 1301 cwlis
1998 1254 2082 1300 est
2127 1244 2462 1300 voluntatem
2499 1243 2725 1309 faciant,
2765 1243 2966 1299 Christi
3004 1254 3174 1298 mater
3202 1245 3391 1316 appel-

1811 1337 2012 1403 lantur,
2051 1344 2281 1390 matrem
2331 1349 2450 1390 esse
2499 1345 2747 1388 sanctum
2802 1332 3114 1408 Spiritum]
3155 1335 3232 1390 Ad
3276 1338 3392 1392 haec

1813 1443 2119 1500 quaeramus
2155 1436 2371 1496 oportet
2407 1437 2464 1483 et
2495 1427 2580 1482 illa
2636 1427 2688 1480 in
2725 1427 2830 1482 hoc
2859 1427 3104 1482 dictum:
3144 1449 3162 1481 ι
3193 1429 3389 1485 Omnia

1810 1537 1907 1591 per
1941 1521 2114 1592 ipsum
2148 1521 2292 1576 facta
2347 1529 2491 1576 sunt.
2527 1538 2545 1572 ι
2583 1518 2776 1573 Sermo
2819 1518 3192 1575 intellectioue
3219 1519 3388 1574 animi

1811 1612 1952 1667 alius
1985 1621 2069 1666 est
2101 1625 2129 1664 a
2159 1611 2292 1675 vita,
2326 1620 2379 1665 et
2413 1627 2432 1660 ι
2459 1609 2603 1678 quod
2639 1608 2838 1662 factum
2867 1618 2948 1664 est
2979 1611 3028 1663 in
3064 1629 3082 1662 ι
3125 1610 3389 1666 Sermone

1818 1723 1838 1755 ε
1870 1702 1978 1756 vita
2009 1709 2149 1768 erat,
2182 1711 2236 1756 et
2259 1701 2368 1754 vita
2396 1710 2510 1754 erat
2539 1699 2628 1752 lux
2656 1698 2936 1758 hominum
2969 1699 3032 1754 ¹⁰.
3067 1719 3086 1753 ι
3119 1701 3198 1754 An
3225 1701 3390 1770 igitur

130 1792 453 1863 ὑπεξαίρεσιν
469 1794 589 1846 τῶν
621 1797 686 1849 ὲν
715 1796 863 1866 αὐτῷ
887 1797 1103 1868 νοητέον
1125 1796 1204 1849 τό
1225 1815 1249 1847 ι
1291 1796 1476 1850 Πάντα
1513 1796 1580 1848 δι’
1607 1796 1688 1850 αὑ-

1825 1801 1866 1846 ll
1895 1793 2073 1847 omnia
2119 1807 2217 1862 per
2246 1792 2421 1861 ipsum
2467 1789 2610 1844 facta
2653 1796 2801 1853 sunt,
2829 1788 2908 1842 sic
2946 1789 3112 1844 etiam
3145 1791 3251 1844 vita
3290 1806 3390 1860 per

124 1884 201 1938 τοῦ
225 1885 436 1954 ἐγένετο
459 1903 475 1950 ;
509 1906 530 1937 ι
564 1890 714 1961 ὅπερ
729 1889 876 1944 δοκεῖ
898 1908 986 1961 μοι
1010 1887 1433 1966 εἶναι’κρεῖττον.
1456 1891 1572 1944 Ἵνα
1594 1889 1704 1962 γὰρ

1807 1883 1980 1954 ipsum
2007 1883 2150 1939 facta
2180 1895 2284 1949 est,
2318 1898 2440 1952 quze
2466 1891 2550 1938 est
2574 1882 2664 1936 lux
2695 1880 2998 1947 hominum,
3029 1894 3082 1937 et
3112 1883 3230 1938 aliae
3259 1883 3387 1937 Ser-

126 1979 427 2051 σογχωῃθῇ
469 1980 566 2033 διὰ
594 1981 696 2034 τοῦ
723 1982 1006 2051 γεγονέναι
1039 1984 1136 2054 τὴν
1170 1983 1315 2055 ζωὴν
1363 1981 1424 2036 τὸ
1454 1980 1568 2052 φῶς
1595 1982 1688 2035 τῶι

1825 1975 2010 2030 ποιοί-ῖς
2049 1974 2485 2030 intellectiones:
2519 1974 2603 2029 vel
2654 1975 2836 2029 omnia
2882 1991 2980 2044 per
3022 1977 3198 2044 ipsum
3241 1975 3384 2030 facta

126 2071 421 2143 ἀνθρώπιον,
444 2074 500 2126 τί
529 2073 763 2128 λεκτέον
780 2075 908 2146 περὶ
939 2075 1052 2146 τῆς
1070 2075 1568 2146 προεπινοουμένης
1592 2072 1688 2146 (5οξ

1825 2065 1976 2120 'nisse
2007 2065 2312 2136 intelligere
2333 2079 2472 2134 opus
2497 2073 2601 2130 est,
2627 2062 2888 2119 detractis
2917 2064 3001 2118 his
3029 2079 3150 2134 quae
3181 2064 3232 2118 in
3266 2065 3386 2134 ipso

125 2163 204 2216 τοῦ
233 2165 402 2232 Λόγου
431 2165 681 2234 σοφίαςς
713 2167 787 2219 Οὐ
816 2167 924 2239 γὰρ
953 2166 1126 2239 δήπου
1170 2167 1259 2222 διὰ
1299 2166 1392 2221 τοῦ
1430 2167 1604 2236 Λόγου
1644 2167 1688 2220 τὲ

1825 2163 1971 2219 sunt?
1996 2162 2147 2230 Quod
2179 2163 2314 2218 mihi
2345 2161 2541 2216 melius
2561 2177 2682 2217 esse
2711 2161 2948 2217 videtur.
2979 2160 3052 2218 Ut
3075 2163 3221 2217 enim
3253 2177 3385 2218 con-

126 2253 237 2324 πρὶ
262 2255 350 2308 τὸν
374 2256 558 2324 Λόγον
585 2257 885 2329 γεγένηται
907 2274 921 2287 ·
954 2257 1096 2312 ὥστε
1120 2259 1290 2328 χωρὶς
1321 2255 1430 2310 τῶν
1456 2257 1688 2310 ὲπινοου-

1825 2255 2028 2310 :edatur
2051 2256 2227 2324 ipsum
2255 2253 2453 2308 fecisse
2482 2253 2687 2319 omnia,
2717 2268 2782 2308 eo
2814 2254 2959 2322 quod
2990 2255 3124 2319 vita,
3153 2270 3273 2325 qua:
3301 2263 3386 2311 est

129 2345 283 2415 μένων
311 2349 390 2419 τῷ
422 2349 683 2422 Χριστῷ,
715 2349 894 2403 πάντα
930 2349 1019 2403 διὰ
1054 2351 1148 2403 τοῦ
1185 2349 1360 2418 Λόγου
1410 2348 1688 2420 γεγένηται

1825 2360 1892 2398 ux
1940 2345 2242 2409 hominum,
2295 2343 2437 2398 facta
2490 2342 2689 2408 fuerit,
2718 2344 2845 2413 quid
2879 2344 3166 2400 dicendum
3197 2347 3264 2400 de
3295 2361 3386 2401 sa-

127 2436 206 2489 τοῦ
245 2438 399 2505 Θεοῦ,
455 2444 801 2513 ποιήσαντος
848 2443 907 2496 ὲν
966 2442 1129 2514 σοφίᾳ
1161 2441 1302 2495 αὐτὰ
1334 2439 1427 2494 τοῦ
1461 2440 1688 2512 Πατρός⁴

1825 2437 2003 2492 tientia
2033 2451 2154 2506 quae
2193 2443 2318 2490 ante
2359 2435 2532 2504 ipsum
2582 2434 2901 2490 Sermonem
2953 2436 3384 2492 consideratur?

136 2548 152 2578 ι
176 2529 344 2585 Πάντα
376 2531 514 2605 γὰρ,
547 2535 744 2606 φησὶν,
774 2536 832 2588 ὲν
856 2535 1015 2608 σοφίᾳ
1049 2534 1333 2606 ἐποίησας,
1365 2551 1384 2586 ι
1415 2531 1477 2586 οὐ
1498 2531 1586 2586 διὰ
1609 2531 1688 2604 τῆς

1825 2528 1938 2582 iam
1971 2526 2213 2598 profecto
2246 2541 2344 2596 per
2368 2525 2686 2582 Sermonem
2731 2527 2930 2582 factum
2960 2543 3067 2583 non
3095 2537 3201 2593 est,
3236 2529 3380 2598 quod

131 2621 298 2698 σοφίας
322 2623 624 2695 ἐποίησας.

1804 2616 2021 2674 excellit
2059 2615 2404 2671 Sermonem.
2462 2614 2642 2683 Quare
2678 2617 2860 2672 omnia
2910 2633 3008 2688 per
3060 2616 3380 2674 Sermonem

229 2730 274 2768 tu
320 2715 468 2771 facta
500 2726 659 2781 sunt,
695 2726 895 2788 praeter
929 2733 992 2774 ea
1027 2734 1148 2790 quae
1177 2721 1592 2778 considerantur
1637 2722 1690 2777 in
1731 2719 1968 2783 Christo,
1998 2718 2125 2788 quia
2159 2714 2323 2772 Pater
2352 2715 2544 2772 fecerit
2571 2731 2635 2771 ea
2682 2717 2736 2771 in
2785 2717 3074 2789 sapientia,
3124 2735 3144 2770 ι
3186 2717 3380 2774 Omnia

130 2807 269 2870 enim,
293 2807 487 2878 inquit,
533 2811 597 2864 in
639 2811 906 2881 sapientia
936 2811 1114 2868 fecisti
1137 2815 1202 2879 η,
1234 2833 1253 2866 ι
1289 2829 1394 2869 ηοη
1424 2831 1520 2885 per
1546 2815 1869 2886 sapientiam
1912 2811 2119 2866 fecisti.

191 2898 236 2952 7.
267 2899 494 2970 Ἴδωμεν
542 2901 611 2954 δὲ
639 2901 729 2956 διὰ
756 2899 812 2956 τί
849 2902 1169 2975 πρόσκειται
1204 2904 1266 2958 τό
1287 2923 1300 2936 ·
1335 2923 1354 2956 ‹
1388 2905 1500 2960 Καὶ
1527 2905 1688 2978 χωρὶς

1871 2902 1925 2956 7.
1960 2899 2252 2955 Videamus
2284 2897 2449 2954 etiam
2491 2896 2845 2968 quamobrem
2889 2897 3090 2952 dictum
3122 2898 3218 2962 sit,
3258 2916 3280 2949 ‹
3311 2889 3442 2953 Et‘

130 2990 273 3044 αὐτοῦ
315 2991 537 3060 ἐγένετο
596 2994 719 3048 οὐδὲ
767 2994 856 3048 ἐν’
904 3014 923 3047 ι
961 2997 1073 3049 τισὶ
1110 2996 1213 3050 κᾶν
1254 2997 1402 3062 δόξαι
1450 2999 1703 3069 περιττὸν

134 3082 388 3152 τυγχάνειν
412 3085 476 3138 τό
495 3101 506 3111 ·
556 3104 580 3136 ι
622 3085 807 3159 Χωρὶς
836 3086 1001 3140 αὐτοῦ
1035 3087 1252 3156 ἐγένετο
1276 3090 1394 3143 οὐδὲ
1418 3090 1494 3156 ἓν,
1534 3111 1552 3143 ι
1582 3093 1704 3146 ὲπι-

132 3173 399 3243 φερόμενον
593 3195 612 3227 ι
663 3177 850 3231 Πάντα
872 3177 936 3230 δι’
970 3178 1134 3232 αὑτοῦ
1168 3181 1399 3248 ἐγένετο.
1446 3201 1466 3234 ι
1500 3183 1563 3236 Ei
1590 3183 1700 3256 γὰρ

135 3262 223 3314 πᾶν
244 3265 522 3319 ὁτιποτοῦν
561 3264 653 3318 διὰ
677 3265 770 3320 τοῦ
798 3268 971 3336 Λόγου
1011 3269 1325 3341 γεγένηται,
1353 3271 1505 3325 οὐδὲν
1530 3273 1700 3344 χωρὶς

133 3352 211 3405 τοῦ
235 3355 400 3424 Λόγου
427 3359 750 3428 γεγένηται.
775 3362 971 3415 Οὐκέτι
1015 3362 1198 3432 μέντοι
1220 3379 1283 3430 γε
1319 3363 1601 3418 ἀκολουθεῖ
1621 3365 1698 3438 τῷ

135 3445 278 3515 χωρὶς
302 3447 390 3500 τοῦ
419 3449 608 3518 Λόγου
643 3452 971 3522 γεγενῆσθαί
1013 3471 1065 3506 τι
1109 3453 1220 3524 (51)
1273 3452 1332 3507 τὸ
1369 3456 1548 3510 πάντα
1598 3456 1695 3510 τοῦ

135 3534 284 3604 Λόγου
322 3540 681 3611 γεγενῆσθαι.
727 3543 941 3608 Ἔξεστι
987 3544 1117 3616 γὰρ,
1155 3546 1366 3611 οὐδενὸς
1402 3549 1570 3620 χωρὶς
1602 3547 1695 3602 τοῦ

136 3625 282 3695 Δάτου
301 3633 697 3704 γεγενημένου,
740 3633 813 3705 μὴ
850 3634 1008 3705 μόνον
1057 3635 1144 3689 διὰ
1189 3635 1282 3689 τοῦ
1324 3636 1500 3705 Λόγου
1534 3654 1695 3707 γεγο-

136 3717 260 3771 νέναι
294 3723 492 3789 πάντα,
556 3725 693 3780 ἀλλὰ
740 3727 833 3780 καὶ
877 3727 980 3782 ὑπὸ
1024 3727 1119 3782 τοῦ
1163 3729 1335 3798 Λόγου
1374 3730 1516 3784 τινά.
1572 3730 1694 3802 Χρὴ

145 3811 296 3865 τοίνυν
319 3816 522 3871 εἰδέναι
553 3817 669 3882 πῶς
700 3819 783 3872 δεῖ
805 3819 1022 3874 ἀκούειν
1059 3820 1154 3875 τοῦ
1201 3821 1418 3888 πάντα,
1449 3822 1543 3878 καὶ
1577 3823 1694 3888 πῶς

137 3902 216 3954 τοῦ
260 3905 451 3962 οὐδέν.
492 3909 735 3964 Δυνατὸν
780 3909 887 3980 γὰρ
930 3911 994 3964 ὲκ
1024 3910 1118 3964 τοῦ
1168 3911 1242 3982 μὴ
1289 3912 1693 3984 τετρανωκέναι

139 3992 415 4070 ἀμφοτέρας
435 4001 546 4062 τὰς
568 4000 1120 4068 λέξεις,ὲκδέξασθαι,
1165 4005 1270 4068 ὄτι,
1305 4005 1352 4056 εί
1393 4004 1569 4058 πάντα
1603 4004 1690 4058 διὰ

137 4086 213 4138 τοῦ
233 4089 393 4158 Λόγου
416 4092 664 4161 ἐγένετο,
699 4091 807 4145 τῶν
827 4093 1133 4170 δὲοπάντων
1165 4095 1282 4148 ἐστὶ
1306 4096 1401 4150 καὶ
1427 4097 1460 4168 ἡ
1499 4096 1687 4163 κακία,

139 4177 217 4230 καὶ
239 4182 374 4235 πᾶσα
403 4183 436 4253 ἡ
472 4181 639 4254 χύσις
667 4183 768 4253 τῆς
798 4185 1091 4255 ἁμαρτίας,
1127 4187 1222 4239 καὶ
1247 4186 1316 4240 τὰ
1342 4187 1573 4259 πονηρὰ,
1608 4189 1690 4242 ὅτι

1803 2993 1920 3049 sine
1975 2992 2093 3062 ipso
2125 2992 2327 3048 factum
2350 3000 2435 3045 est
2457 2989 2610 3053 ,uihil
2644 2989 2709 3056 ",
2741 3009 2758 3042 ι
2793 2989 3005 3045 etiamsi
3052 2989 3376 3059 quibusdam

1801 3084 2052 3140 videatur
2078 3081 2406 3150 superfluum
2442 3095 2563 3136 esse
2613 3081 2769 3147 illud,
2803 3099 2821 3133 ι
2858 3081 2992 3136 Sine
3022 3082 3137 3152 ipso
3169 3082 3373 3139 factum

1797 3187 1882 3232 est
1907 3177 2062 3242 nihil,
2090 3194 2109 3227 ι
2135 3175 2279 3245 quod
2305 3173 2650 3244 subiungitur
2682 3173 2766 3228 his
2795 3175 3032 3229 verbisu
3066 3175 3257 3232 Omnia
3281 3193 3378 3246 per

1798 3267 1973 3337 ipsum
2033 3267 2179 3321 facta
2226 3274 2374 3320 sunt.
2406 3284 2427 3319 ›
2467 3265 2524 3319 Si
2568 3280 2730 3319 omne
2768 3274 2823 3320 et
2861 3265 3122 3335 quidquid
3173 3269 3377 3326 dixeris

1798 3374 1895 3431 per
1925 3357 2244 3414 Sermonem
2276 3357 2481 3412 factum
2515 3355 2639 3421 fuit,
2671 3357 2805 3410 nihil
2837 3359 2959 3413 sine
2993 3359 3256 3416 Sermone
3288 3361 3373 3415 fa-

1797 3461 1944 3508 ctum
1971 3451 2090 3518 fuit,
2126 3463 2302 3506 tamen
2330 3466 2436 3506 non
2461 3450 2726 3519 sequitur,
2759 3452 2803 3504 si
2833 3451 2951 3506 sine
2977 3450 3239 3506 Sermone
3265 3468 3372 3508 non

1796 3542 2000 3598 factum
2048 3552 2132 3598 est
2177 3541 2379 3612 aliquid
2413 3583 2429 3605 ,
2482 3542 2664 3597 omnia
2711 3557 2807 3611 per
2857 3541 3373 3624 Sermonem-facta

1795 3634 1984 3690 fuisse.
2013 3633 2145 3688 Nam
2178 3635 2295 3689 fieri
2329 3643 2508 3704 potest
2534 3646 2612 3701 ut,
2642 3651 2765 3691 cum
2800 3636 2932 3690 nihil
2963 3637 3079 3691 sine
3109 3637 3373 3693 Sermone

1795 3723 1996 3780 factum
2030 3724 2223 3790 fuerit,
2277 3741 2383 3779 non
2435 3735 2642 3779 tantum
2695 3727 2878 3780 omnia
2920 3741 3014 3796 per
3046 3725 3368 3784 Sermonem

1793 3815 1932 3871 facta
1965 3817 2094 3884 sint,
2126 3818 2218 3872 sed
2253 3817 2432 3886 aliqua
2473 3819 2649 3873 solum
2694 3818 2762 3872 ab
2810 3819 2926 3887 ipso
2960 3818 3101 3874 facta
3140 3819 3368 3876 fuerint.

1795 3906 2024 3963 Proinde
2075 3909 2448 3980 intelligamus
2500 3925 2722 3965 necesse
2761 3920 2884 3974 est,
2917 3925 3154 3980 quonam
3207 3922 3370 3980 pacto

1793 4002 2038 4070 accipere
2064 4001 2362 4056 debeamus
2403 4002 2728 4057 vocabulum
2775 4005 2978 4066 omnia,
3011 4013 3064 4058 et
3099 4009 3370 4073 quomodo

1791 4092 2108 4148 vocabulum
2143 4093 2297 4150 nihil.
2329 4093 2474 4150 Fieri
2505 4095 2652 4149 enim
2683 4103 2892 4164 potest,
2915 4096 2980 4150 ni
3034 4098 3366 4168 explauave-

1791 4183 1962 4238 rimus
1991 4193 2253 4254 utrasque
2279 4186 2542 4241 dictiones
2561 4225 2576 4250 ,
2611 4187 2655 4241 si
2687 4189 2870 4241 omnia
2920 4201 3017 4258 per
3044 4189 3365 4245 Sermonem

138 4270 392 4326 καὶταῦτα
418 4275 520 4328 διὰ
541 4275 635 4328 τοῦ
662 4276 835 4346 Λόγου
876 4278 1112 4347 ἐγένετο.
1153 4277 1324 4332 Τοῦτο
1363 4279 1420 4332 δὲ
1463 4279 1686 4350 ψεῦδος·

1825 4282 1933 4328 acta
1959 4285 2105 4340 sunt,
2143 4287 2197 4330 et
2216 4278 2575 4346 appellatione
2603 4280 2843 4333 omnium
2875 4283 3368 4350 comprehendatur

139 4362 379 4433 κτίσματα
418 4368 526 4438 μὲν
548 4365 658 4438 γὰρ
678 4366 766 4422 διὰ
786 4369 879 4421 τοῦ
907 4370 1080 4438 Λόγου
1120 4369 1398 4438 γεγονέναι
1431 4370 1531 4424 οὐκ
1565 4370 1690 4424 ἄτο-

139 4467 238 4519 πον,
268 4458 395 4512 ἀλλὰ
425 4459 530 4513 καὶ⁵
561 4460 651 4514 διὰ
667 4460 761 4514 τοῦ
796 4461 968 4528 Λόγου
992 4461 1060 4515 τὰ
1090 4462 1570 4533 ἀνδραγαθήματα,
1594 4463 1689 4516 καὶ

139 4545 288 4602 πάντα
310 4551 374 4605 τὰ
394 4552 800 4624 κατορθώματα
833 4553 1226 4624 κατωρθῶσθαι
1255 4557 1366 4618 τοῖς
1397 4555 1688 4627 μακαρίοις

138 4639 255 4689 νοεῖν
275 4639 565 4710 ἀναγκαῖον
583 4659 597 4672 ·
632 4643 818 4697 οὐκέτι
841 4644 898 4697 δὲ
927 4645 1021 4697 καὶ
1067 4643 1137 4697 τὰ
1167 4645 1542 4716 ἁμαρτήματα
1589 4645 1684 4698 καὶ

1825 4660 2004 4700 nonem
2075 4645 2249 4700 factas
2309 4645 2478 4702 fuisse
2532 4646 2664 4701 nihil
2723 4656 2810 4702 est
2855 4649 3075 4704 absurdi
3123 4669 3138 4705 :

137 4727 195 4778 τέι
219 4729 604 4804 ἀποπτώματα.
648 4734 1022 4805 Ἐξειλήφασιν
1044 4730 1138 4789 οὖν
1176 4753 1321 4799 τινες
1341 4735 1451 4807 (52)
1471 4735 1548 4806 τῷ
1589 4737 1683 4792 ἀν-

139 4820 400 4878 υπόστατον
448 4822 590 4879 εἶναι
611 4826 710 4896 τὴν
739 4827 975 4895 κακίαν(
997 4826 1121 4881 οὕτε
1146 4823 1343 4900 γὰρῆν
1361 4829 1456 4882 ἀπ’
1484 4827 1680 4900 ἀρχῆς,

1792 4375 1846 4422 et
1874 4367 2090 4432 vitium,
2128 4377 2183 4421 et
2220 4369 2397 4424 omnis
2437 4369 2575 4424 fusio
2605 4372 2838 4440 peccati,
2867 4382 2922 4425 et
2958 4374 3140 4428 omnia
3175 4390 3364 4443 prava,

1791 4470 1849 4514 ut
1904 4459 2271 4529 intelligamus
2317 4462 2484 4516 etiam
2536 4463 2652 4518 haec
2697 4478 2796 4532 per
2844 4463 3168 4522 Sermonem
3220 4467 3364 4526 facta

1791 4550 1981 4617 fuisse,
2014 4553 2159 4622 quod
2185 4561 2270 4608 est
2307 4552 2500 4607 falsum
2533 4572 2548 4608 :
2587 4565 2872 4610 creaturas
2919 4557 3061 4610 enim
3103 4573 3198 4627 per
3229 4559 3366 4614 Ser-

3200 4662 3364 4721 atque

1787 4734 1896 4806 65
1949 4736 2113 4791 etiam
2163 4737 2351 4792 beatos
2395 4737 2542 4792 viros
2581 4739 2762 4792 omnia
2806 4740 3064 4808 praeclare
3103 4741 3269 4808 facta,
3306 4751 3363 4799 et

1787 4827 2007 4896 egregia
2042 4826 2292 4882 facinora
2328 4842 2422 4897 per
2472 4828 2793 4885 Sermonem
2849 4833 3146 4903 peregisse,
3198 4837 3360 4892 nobis

139 4908 237 4965 οὔτε
268 4917 340 4980 εἰς
372 4918 469 4972 τὸν
502 4917 675 4971 αἰῶνα
703 4917 876 4992 ἔσται)
902 4918 1054 4972 ταῦτ’
1080 4915 1220 4974 εἶναι
1245 4919 1314 4972 τὰ
1341 4919 1537 4991 μηδέν’
1582 4919 1679 4974 καὶ

1825 4918 2160 4973 ecessarium
2195 4927 2280 4974 est
2299 4919 2605 4991 intelligere
2636 4935 2652 4974 :
2685 4937 2793 4978 non
2824 4922 2952 4980 item
2983 4941 3116 4982 vero
3150 4926 3374 4998 lapsus..

195 5049 408 5112 'ﬂatth.
435 5072 539 5123 xu,
573 5057 663 5112 50.
743 5058 786 5089 ³⁸
806 5055 963 5113 Joan.
989 5073 1029 5123 ι,
1050 5056 1107 5125 ’5,
1134 5057 1188 5113 4.
1262 5058 1302 5090 “
1326 5057 1468 5113 Psal.
1507 5056 1734 5123 cur,24.

147 5184 276 5264 {Haec
287 5193 494 5260 quidem
510 5192 704 5249 Iudaeis
717 5202 974 5264 tanquam
992 5194 1155 5248 homo
1172 5193 1381 5248 dicebat
1399 5190 1674 5247 Dominus.

1811 5058 1856 5090 ¹²
1880 5055 2039 5112 Joan.
2066 5072 2105 5124 ι,
2128 5057 2184 5112 5.

1783 5193 1952 5271 ποιῶν
1979 5193 2041 5247 τὸ
2079 5191 2319 5265 θέλημαο
2352 5192 2494 5250 male
2524 5193 2729 5266 Regius
2767 5196 2872 5252 :Ei
2907 5197 3017 5271 γὰρ
3058 5199 3243 5255 ὁποῖον
3291 5200 3358 5257 τὸ

148 5255 404 5334 lliscipulis
437 5279 572 5318 vero
595 5255 938 5320 divinitatem
969 5273 1023 5319 et
1051 5265 1483 5334 magnitudinem
1516 5277 1670 5334 suam
1781 5262 2013 5334 θέλημα.

146 5333 423 5405 ostendens,
452 5350 556 5388 non
602 5335 714 5405 jam
763 5335 996 5405 amplius
1030 5335 1294 5405 minorem
1346 5347 1405 5386 se
1439 5331 1666 5405 Spiritu,

1849 5333 2152 5410 (50)_C0_dd.
2186 5335 2388 5406 Regius
2409 5345 2463 5390 et
2479 5334 2841 5410 Barberinus,
2876 5342 3351 5410 Προεπινοουμέ-

145 5395 510 5479 §ed_majoretu
557 5395 676 5460 esse
704 5395 1064 5479 et‘aaqualem
1119 5395 1668 5479 sigiiilican§,_'dabat

1940 5395 2298 5479 Botlleiantts:
2329 5408 2751 5479 προνορμμένης.

143 5466 624 5542 quidem—Spiritum
657 5483 711 5528 et
759 5466 1018 5530 dicebat:
1051 5495 1069 5527 ι
1113 5466 1360 5543 Accipite
1393 5474 1657 5540 Spiritum

1845 5475 2463 5547 (51)Γεγενῆσθαι’τι.
2498 5475 2786 5533 Ferrarius
2836 5479 2986 5550 legit,
3019 5480 3092 5551 μὴ
3117 5479 3351 5552 γεγενῆέ

147 5547 429 5613 εῆηςιμπιει
473 5553 546 5608 et,
578 5563 598 5595 ι
639 5543 751 5613 Ego
780 5544 928 5597 illum
957 5546 1109 5600 mitto
1139 5563 1151 5597 :
1199 5565 1216 5598 ι
1252 5554 1336 5608 et,
1372 5563 1390 5594 ι
1425 5546 1540 5612 Ipse
1575 5557 1664 5597 me

1825 5547 1918 5599 lat.

147 5603 430 5687 glorificabit
463 5630 476 5665 :
505 5603 542 5687 j
559 5603 859 5687 majorem,
897 5625 1116 5687 propter
1139 5603 1459 5685 dignitatern
1487 5624 1542 5669 et
1569 5629 1669 5666 au-

146 5683 411 5754 elegiam
440 5683 699 5754 originis;
736 5683 1036 5754 aequalem,
1064 5683 1298 5740 essentia
1339 5695 1391 5739 et
1443 5694 1665 5738 natura.

209 5743 304 5819 (29)
347 5743 891 5812 Codex'Bodleiau'us
944 5743 1093 5812 recte
1154 5756 1316 5812 habet
1370 5755 1434 5810 Et
1482 5754 1593 5824 γὰρ
1633 5756 1661 5808 ό

1850 5615 1964 5691 (52)
2005 5615 2435 5691 Ἐξειλήερασιν
2475 5613 2588 5675 οὖν
2627 5633 2808 5688 τινες,
2841 5629 2946 5676 etc.
3010 5619 3351 5691 Augustinus

1776 5685 1999 5757 Soliloq.
2031 5702 2151 5758 cap.
2175 5690 2230 5746 5.
