3792 6146
398 335 504 391 155

1868 329 2194 391 ORlGENlS

3577 329 3683 383 156

403 463 458 506 et
495 465 737 524 peccata.
782 454 1166 524 Exltosuerunt
1211 457 1375 528 igitur
1407 457 1628 528 quidam
1653 497 1667 522 ,
1695 465 1968 527 proptere:

2143 469 2277 523 σπερ
2317 450 2588 523 Ἐλλήνων
2614 451 2760 516 τινές
2796 469 2958 522 φασιν
2991 449 3132 507 εἶναι
3170 453 3278 506 τῶν
3309 452 3370 507 οῦ
3405 469 3572 506 τινων
3611 453 3684 506 τά

401 547 545 614 quod
602 562 706 600 non
752 547 1016 601 subsistat
1059 548 1248 602 vitium
1293 554 1508 619 (neque
1565 549 1708 602 enim
1761 549 1859 601 fuit
1909 549 1976 600 ab

395 637 575 702 initin,
627 653 692 692 ac
729 654 798 693 ne
839 639 890 692 in
921 641 1180 696 saeculum
1217 641 1433 709 quidem
1483 639 1724 694 futurum
1754 638 1883 708 est),
1913 653 1975 692 ea

395 729 531 783 nihil
593 745 734 786 esse.
803 731 870 786 Et
943 733 1400 801 quemadmodum
1464 731 1695 801 gentiles
1755 732 1972 800 quidam

393 837 612 892 genera,
641 833 692 878 et
714 825 946 893 species,
975 825 1142 878 veluti
1177 824 1404 889 animal,
1425 833 1479 879 et
1503 823 1801 888 hominem,
1840 821 1973 876 nihil

391 929 514 969 esse
543 915 756 980 dicunt,
793 917 864 969 ita
898 917 950 970 hi
995 916 1242 970 arbitrati
1291 925 1419 970 sunt
1463 931 1584 971 esse
1623 931 1782 970 omne
1819 915 1969 979 illud,

392 1008 535 1078 quod
573 1022 673 1063 nec
705 1023 733 1061 a
778 1005 915 1072 Deo,
951 1024 1049 1062 nec
1078 1023 1173 1078 per
1207 1009 1527 1062 Sermonem
1562 1007 1853 1076 sumpserit
1883 1022 1978 1076 ap-

392 1110 682 1170 parentem
745 1100 1184 1154 subsistentiam.
1259 1100 1326 1153 Et
1383 1099 1712 1154 adnotamus
1773 1114 1899 1154 num
1946 1113 1977 1154 e

397 1187 698 1260 Scripturis
773 1191 982 1265 possint
1054 1191 1170 1244 haec
1248 1189 1660 1245 accuratissime
1737 1190 1971 1246 ostendi.

394 1281 665 1350 Quantum
698 1283 863 1352 igitur
908 1283 1101 1336 attinet
1135 1283 1201 1335 ad
1235 1282 1537 1351 significata
1573 1282 1734 1354 hujus
1769 1283 1976 1338 vocula:

389 1375 543 1438 nihil,
571 1385 628 1430 et
645 1375 854 1429 vocula:
875 1391 978 1429 non
996 1391 1111 1438 ens,
1143 1389 1445 1445 synonyma
1469 1373 1800 1429 videbuntur
1827 1388 1971 1440 esse,

388 1482 510 1519 cum
541 1483 643 1521 non
675 1483 772 1522 ens
806 1467 1024 1522 dicatur
1049 1467 1220 1532 nihil,
1251 1477 1306 1522 et
1333 1468 1470 1522 nihil
1499 1479 1605 1523 non
1637 1483 1755 1524 ens.
1788 1469 1975 1540 Itaque

387 1561 602 1614 videtur
624 1560 916 1631 Apostolus
939 1575 1046 1614 non
1076 1559 1222 1614 entia
1249 1560 1459 1624 dicere,
1500 1577 1606 1615 non
1639 1576 1759 1632 qua:
1793 1563 1972 1617 omni-

388 1668 456 1706 no
482 1668 821 1722 nequaquam
845 1661 992 1720 suut,
1022 1652 1113 1707 sed
1146 1668 1209 1707 ea
1238 1668 1358 1723 quae
1387 1653 1502 1708 sint
1546 1668 1712 1723 prava
1733 1693 1749 1720 ,
1779 1655 1973 1710 existi-

385 1761 542 1798 mans
570 1761 734 1814 prava
767 1761 872 1800 non
924 1745 1211 1800 exsistere.
1247 1763 1263 1793 ι
1292 1745 1423 1812 Quae
1467 1747 1612 1802 enim
1658 1762 1761 1801 non
1794 1757 1971 1810 erant,

2083 547 2217 618 γένη
2253 545 2348 598 καὶ
2371 544 2440 598 τὰ
2458 545 2572 616 εἴδη
2590 546 2724 617 (55),
2741 539 2852 600 οἷον
2877 545 2938 599 τὸ
2962 545 3102 611 ζῶον
3137 547 3344 600 καὶτὸν
3361 546 3680 618 ἄνθρωπον,

2079 638 2252 702 οὕτως
2272 638 2540 692 ὑπέλαϐον
2561 639 2713 692 οὐδὲν
2732 639 3022 710 τυγχάνειν
3051 641 3161 692 πᾶν
3182 639 3242 692 τὸ
3263 640 3361 710 οὐχ
3382 638 3490 692 ὑπὸ
3511 637 3679 699 Θεοῦ,

2079 730 2200 783 οὐδὲ
2230 729 2319 783 διὰ
2347 730 2444 784 τοῦ
2473 731 2646 798 Λόγου
2687 730 2788 802 τὴν
2816 729 3080 785 δοκοῦσαν
3116 731 3374 783 σύστασιν
3425 729 3676 800 εἰληφός.

2079 822 2188 875 Καὶ
2221 822 2521 894 ὲφίσταμεν
2559 824 2608 876 εί
2639 823 2863 877 δυνατὸν
2892 824 3000 877 ἀπὸ
3029 823 3140 877 τῶν
3168 823 3400 895 Γραφῶν
3438 821 3680 893 πληκτιο

2079 914 2297 970 κώτατα
2343 914 2515 970 ταῦτα
2569 916 2937 989 παραστῆσαι.
2992 917 3157 969 Ὅσον
3198 915 3378 969 τοίνυν
3427 915 3521 968 ἐπὶ
3562 917 3680 978 τοῖς

2081 1009 2499 1082 σημαινομένοις
2541 1009 2635 1064 τοῦ
2688 1009 2892 1074 οὐδὲν,
2936 1009 3028 1062 καὶ
3071 1008 3168 1062 τοῦ
3227 1010 3342 1062 οὐκ
3384 1007 3477 1073 ὃν,
3529 1006 3679 1071 δόξει

2078 1097 2218 1156 εἶναι
2257 1101 2570 1174 συνώνυμα,
2619 1100 2714 1156 τοῦ
2760 1103 2862 1157 οὐκ
2901 1102 3053 1165 ὄντος
3094 1101 3312 1165 οὐδενὸς
3336 1100 3403 1155 ἂν
3435 1099 3676 1171 λεγομέ-

2077 1212 2191 1259 νου,
2228 1195 2322 1248 ml.
2351 1195 2444 1249 τοῦ
2471 1195 2685 1260 οὐδενὸς
2715 1196 2814 1248 οὐκ
2846 1195 3016 1260 ὄντος.
3052 1195 3308 1248 Φαίνεται
3341 1193 3400 1247 δὲ
3431 1195 3462 1248 6
3502 1193 3675 1247 Ἀπό-

2080 1289 2264 1353 στολος
2301 1288 2371 1343 τὰ
2407 1290 2507 1342 οὐκ
2545 1289 2674 1342 ὄντα
2705 1288 2827 1359 οὐχ).
2868 1285 3097 1340 ἐπὶτῶν
3139 1285 3364 1358 μηδαμῆ
3403 1283 3678 1355 μηδαμῶς

2077 1380 2249 1435 ὄντων
2299 1381 2602 1454 ὀνομάζων,
2636 1380 2751 1435 ἀλλ’
2788 1379 2882 1433 ἐπὶ
2924 1378 3034 1432 τῶν
3074 1378 3388 1449 μοχθηρῶν,
3419 1376 3495 1449 μὴ
3540 1377 3680 1430 ὄντα

2077 1474 2408 1545 νομίζωντὰ
2447 1474 2680 1547 πονηρά⁶
2707 1491 2726 1525 ι
2779 1477 2860 1531 Τὰ
2900 1473 2974 1545 μὴ
3026 1475 3152 1529 ὄντα
3189 1475 3334 1545 γὰρ,
3390 1477 3591 1544 φησιν,
3641 1469 3677 1522 ὁ

2076 1565 2210 1631 Θεὸς
2229 1568 2304 1632 ὼς
2331 1568 2465 1622 ὄντα
2496 1568 2774 1623 ἐκάλεσεν.
2791 1587 2809 1620 ι
2830 1566 2992 1620 Ἀλλὰ
3027 1566 3121 1620 καὶ
3144 1567 3174 1618 ό
3206 1565 3576 1636 Μαρδοχαῖος,
3611 1565 3677 1618 ὲν

2075 1665 2141 1735 τῇ
2174 1661 2315 1716 κατὰ
2341 1660 2468 1724 τοὺς
2511 1660 2914 1732 Ἑϐδομήκοντα
2965 1657 3188 1731 Ἐσθὴρ,
3238 1659 3312 1732 μὴ
3347 1659 3510 1722 ὄντας
3539 1658 3678 1721 τοὺς

2078 1754 2305 1828 ἐχθροὺς
2336 1753 2429 1807 τοῦ
2473 1752 2688 1825 Ἰσραὴλ
2712 1752 2869 1806 καλεῖ
2897 1751 3104 1820 λέγων’
3140 1771 3158 1802 ι
3191 1750 3282 1823 Μὴ
3319 1750 3583 1823 παραδῷς
3609 1749 3678 1803 τὸ

383 1839 584 1908 inquit,
621 1839 760 1893 Deus
786 1841 934 1893 velut
960 1837 1110 1894 entia
1142 1840 1378 1891 vocavit.
1398 1839 1568 1905 :Quin
1592 1837 1968 1894 Mardochzeus

2143 1817 2356 1920 ;ῆπτρόν
2415 1817 2777 1916 com-K6923,
2830 1847 2942 1909 τοῖς
2972 1817 3065 1916 -μὴ
3119 1817 3288 1898 οὖσιν.
3336 1862 3354 1894 ι
3403 1817 3676 1896 Καὶ-ἔστι

384 1933 546 1985 etiam
578 1932 630 1985 iu
673 1931 813 1986 libro
854 1931 1052 1985 Esther
1077 1927 1234 1996 juxta
1270 1929 1651 2000 Septuaginta,
1690 1947 1795 1985 non
1830 1932 1976 1986 exsi-

388 2033 592 2081 stentes
616 2033 772 2078 vocat
796 2023 1045 2078 inimicos
1064 2022 1257 2087 Israel,
1277 2023 1463 2076 dicens
1489 2040 1502 2076 :
1537 2041 1556 2073 ι
1580 2021 1659 2077 Ne
1686 2024 1975 2080 tradideris

384 2127 657 2182 sceptrum
687 2124 861 2180 tuum,
908 2115 1157 2183 Domine,
1194 2131 1302 2170 non
1341 2117 1738 2173 exsistentibus
1782 2117 1921 2171 ¹³⁶¹⁵.
1949 2138 1968 2171 ι

384 2204 686 2261 Possumus
715 2208 880 2262 etiam
913 2207 1207 2277 adjuugere
1235 2209 1509 2277 quomodo
1531 2218 1754 2278 propter
1785 2211 1973 2264 vitium

387 2301 516 2354 ntali
544 2298 886 2370 appellentur
913 2317 1021 2356 non
1069 2304 1439 2368 exsistcntes,
1482 2319 1551 2357 ex
1595 2303 1691 2358 Dei
1732 2306 1971 2369 nomine,

385 2393 528 2461 quod
557 2395 820 2463 scriptum
861 2403 945 2447 est
990 2394 1044 2448 in
1096 2394 1286 2450 Exodo
1319 2412 1330 2447 :
1367 2412 1386 2446 (
1419 2395 1565 2450 Dixit
1607 2396 1757 2451 enim
1788 2396 1974 2450 Domi-

385 2500 486 2538 nus
509 2485 574 2537 ad
602 2484 783 2540 Mosen
809 2503 822 2539 :
848 2485 1134 2541 Exsistens
1165 2487 1268 2542 hoc
1296 2487 1427 2542 mihi
1458 2499 1542 2542 est
1598 2503 1793 2542 nomen
1830 2489 1896 2544 “.
1949 2509 1968 2543 ι

383 2574 567 2630 Bonus
597 2575 740 2631 Deus
773 2577 887 2631 haec
924 2576 1164 2646 loquitur
1207 2576 1412 2645 judicio
1463 2589 1675 2644 nostro,
1725 2579 1818 2647 qui
1869 2579 1974 2649 glo-

382 2671 593 2726 riamur
617 2686 739 2726 esse
771 2671 836 2726 de
867 2669 1106 2724 Ecclesia
1127 2709 1143 2734 ,
1183 2685 1344 2740 quem
1371 2670 1685 2738 glorificans
1713 2671 1974 2727 Servator

383 2765 515 2819 dicit
548 2781 561 2817 :
599 2781 619 2815 ι
661 2763 833 2819 Nemo
876 2764 1070 2830 bonus,
1105 2763 1214 2817 nisi
1251 2761 1398 2818 solus
1441 2762 1616 2829 Deus,
1652 2778 1848 2833 nempe
1880 2764 1973 2818 ille

381 2855 568 2910 Pater.
605 2856 650 2887 ¹⁶
692 2874 711 2907 ι
749 2853 918 2925 Igitur
958 2857 1132 2910 bonus
1191 2855 1330 2911 idem
1372 2867 1454 2910 est
1485 2871 1606 2910 cum
1647 2856 1969 2914 exsistente.

381 2949 516 3004 Cum
544 2964 673 3004 vero
700 2949 900 3003 malum
928 2959 1023 3002 aut
1056 2965 1282 3019 pravum
1326 2950 1664 3004 contrarium
1697 2950 1768 3005 sit
1805 2951 1969 3016 bono,

381 3052 438 3095 et
462 3040 796 3095 contrarium
821 3041 1107 3096 cxsistenti
1135 3043 1208 3096 sit
1238 3057 1342 3096 non
1371 3042 1670 3106 exsistens,
1721 3043 1973 3111 sequitur

2078 1940 2447 2013 προσαγαγεῖν
2480 1937 2598 2002 πῶς
2629 1937 2718 1991 διά
2760 1936 2857 2009 τὴν
2891 1937 3094 1991 κακίαν
3131 1935 3205 2008 μὴ
3233 1935 3388 1999 ὄντες
3423 1935 3474 1988 oi
3503 1951 3682 2004 πονηο

2079 2032 2163 2104 pol
2191 2029 2686 2103 προσαγορεύονται
2725 2031 2790 2082 ἐκ
2821 2028 2914 2083 τοῦ
2953 2030 3012 2082 ὲν
3049 2030 3116 2100 τῇ
3176 2025 3373 2098 Ἐξόδῳ
3402 2027 3678 2096 ὀνόματος

2076 2126 2526 2199 ἀναγραφομένου
2573 2123 2667 2177 τοῦ
2702 2120 2867 2176 Θεοῦο
2907 2141 2925 2174 ι
2961 2117 3097 2176 Εἷπε
3131 2121 3240 2194 γὰρ
3286 2121 3494 2193 Κύριος
3530 2121 3678 2191 πρὸς

2075 2218 2346 2287 Μωῦσῆνο
2413 2216 2471 2269 '0
2499 2214 2598 2280 ὢν,
2629 2213 2788 2269 τοῦτό
2845 2214 2934 2286 μοί
2975 2215 3091 2267 ὲστι
3137 2213 3199 2266 τὸ
3229 2213 3421 2291 ¹ὄνομα.
3467 2233 3486 2266 ι
3525 2209 3678 2266 Καθ’

2074 2313 2222 2383 ἡμᾶς
2253 2311 2309 2365 δὲ
2342 2311 2468 2374 τοὺς
2495 2307 2820 2380 εὐχομένους
2851 2307 2962 2378 (54)
2982 2303 3119 2360 εἶναι
3145 2307 3253 2360 ἀπὸ
3291 2307 3391 2378 τῆς
3439 2304 3681 2376 Ἐκκλη-

2078 2404 2217 2467 σίας,
2236 2406 2263 2457 6
2287 2402 2490 2470 ἀγαθὸς
2503 2401 2636 2465 Θεὸς
2665 2400 2842 2454 ταῦτά
2868 2417 3055 2472 φησιν,
3080 2399 3140 2452 ὃν
3157 2399 3397 2466 δοξάζων
3423 2401 3452 2452 6
3468 2394 3678 2470 Enni]?

2074 2499 2253 2568 λέγει·
2297 2517 2314 2549 ι
2351 2497 2540 2560 Οὐδεὶς
2573 2496 2774 2565 ἀγαθὸς
2803 2498 2851 2549 εἰ
2892 2495 2964 2567 μὴ
2993 2489 3073 2559 εἷς
3103 2496 3132 2547 6
3160 2495 3293 2558 Θεὸς
3325 2496 3354 2547 ὁ
3384 2494 3534 2564 Πατή
3547 2511 3599 2566 ρ.
3649 2512 3675 2548 ι

2075 2591 2279 2646 Οὐκοῦν
2307 2592 2336 2644 6
2361 2591 2564 2660 ἀγαθὸς
2589 2588 2667 2661 τῷ
2697 2589 2808 2643 ὄντι
2847 2591 2874 2643 6
2905 2589 3069 2653 αὑτός
3100 2590 3268 2643 ἐστιν.
3317 2588 3594 2644 Ἐναντίον
3615 2589 3681 2644 δὲ

2073 2685 2152 2757 τῷ
2179 2684 2370 2756 ἀγαθῷ
2403 2684 2463 2737 τὸ
2497 2683 2685 2748 κακὸν,
2718 2683 2751 2754 ἢ
2787 2682 2847 2735 τὸ
2879 2682 3137 2755 πονηρὸν,
3185 2683 3278 2737 καὶ
3317 2683 3560 2736 ἐναντίον
3590 2682 3678 2754 τῷ

2073 2779 2185 2832 ὄντι
2225 2778 2284 2831 τὸ
2332 2777 2432 2831 οὐκ
2465 2777 2556 2829 ὄν·
2595 2769 2675 2840 οἷς
2710 2774 3011 2838 ἀκολουθεῖ,
3047 2777 3129 2829 ὅτι
3184 2777 3245 2829 τὸ
3290 2776 3528 2848 πονηρὸν
3575 2777 3680 2830 καὶ

2074 2872 2244 2926 κακὸν
2264 2870 2363 2924 οὐκ
2386 2870 2464 2924 ὄν.
2484 2869 2595 2924 Καὶ
2622 2869 2763 2940 τάχα
2780 2869 2936 2924 τοῦτο
2958 2869 3118 2941 ἔσηνε
3145 2869 3538 2935 τοὺςεὲπόντας
3554 2871 3676 2942 (35)

2073 2967 2164 3021 τὸν
2191 2965 2434 3020 διάϐολον
2473 2964 2545 3036 μὴ
2571 2959 2711 3018 εἶναι
2741 2963 2877 3017 Θεοῦ
2915 2963 3311 3036 δημιούργημα
3333 2980 3346 2993 ο
3379 2963 3515 3019 καθὸ
3556 2970 3675 3035 γὰρ

2073 3059 2318 3123 διάϐολός
2338 3060 2504 3121 ἐστιν,
2521 3057 2621 3110 οὑκ
2641 3056 2755 3110 ἐστι
2774 3057 2908 3110 Θεοῦ
2928 3056 2990 3129 δη
3001 3057 3122 3128 μιοῦ
3132 3075 3233 3129 ργη
3244 3074 3320 3128 μα
3341 3073 3354 3086 ·
3380 3049 3423 3125 ᾧ
3439 3057 3494 3110 δὲ
3531 3075 3679 3128 συμ-

383 3134 585 3188 malum
620 3143 673 3189 et
703 3149 928 3204 pravum
957 3149 1076 3189 esse
1103 3150 1210 3189 non
1243 3135 1540 3190 exsisteus.
1597 3133 1666 3188 Et
1715 3132 1967 3190 fortassis

2143 3157 2272 3228 ϐηκε
2291 3151 2520 3222 διαϐόλῳ
2545 3147 2704 3216 εἶναι,
2723 3150 2948 3222 γενητὸς
2965 3148 3060 3214 ὢν,
3083 3149 3298 3213 οὐδενὸς
3321 3149 3544 3204 κτίστου
3575 3149 3674 3204 ὄν-

382 3226 484 3281 hac
510 3227 722 3282 ratione
762 3227 982 3282 adducti
1015 3227 1275 3294 fuerunt,
1318 3229 1411 3298 qui
1455 3227 1643 3282 dicunt
1690 3229 1962 3283 diabolum

383 3333 494 3372 non
525 3333 647 3374 esse
673 3318 766 3374 Dei
791 3320 1072 3390 opificium
1105 3336 1118 3371 ;
1147 3320 1201 3372 in
1231 3327 1494 3387 quantunt
1530 3319 1676 3374 enim
1717 3319 1967 3376 diabolus

381 3424 488 3481 est,
545 3431 650 3470 non
680 3426 766 3470 est
796 3415 890 3470 Dei
939 3415 1255 3485 opificium;
1301 3414 1356 3469 in
1386 3425 1650 3485 quantum
1702 3431 1831 3471 vero
1889 3416 1968 3472 illi

380 3508 610 3577 contigit
657 3507 873 3563 diabolo
922 3522 1068 3575 esse,
1117 3509 1297 3562 factus
1361 3524 1484 3562 cum
1518 3509 1609 3572 sit,
1668 3523 1791 3563 cum
1832 3509 1967 3564 nihil

381 3611 626 3655 creatum
659 3601 729 3654 sit
758 3610 917 3655 extra
981 3598 1152 3653 Deum
1200 3612 1492 3666 nostrum,
1536 3600 1631 3655 Dei
1680 3611 1762 3656 est
1811 3603 1968 3673 cpiti-

381 3692 525 3744 cium
570 3687 802 3764 (57),ut
844 3691 888 3745 si
927 3692 1254 3760 parricidam
1315 3693 1409 3747 Dei
1450 3708 1586 3762 opus
1635 3709 1755 3749 esse
1805 3712 1969 3765 nega-

382 3797 590 3851 remus,
640 3800 745 3840 non
771 3786 1084 3843 auferentes
1113 3787 1288 3856 ipsum
1320 3803 1349 3840 a
1382 3787 1493 3842 Deo
1539 3785 1741 3841 factum
1773 3788 1965 3858 fuisse,

382 3875 436 3930 in
473 3888 734 3946 quantum
768 3880 934 3936 homo
966 3881 1078 3953 66
1100 3889 1204 3939 est.
1237 3880 1484 3951 Namque
1514 3894 1778 3952 ponentes
1799 3883 1963 3936 etiam

383 3983 504 4034 nos,
534 3984 658 4024 eum
704 3985 824 4026 esse
853 3975 1158 4043 sumpsisse
1188 3990 1218 4028 a
1255 3976 1399 4044 Deo,
1432 3977 1483 4029 in
1512 3984 1774 4044 quantum
1806 3975 1967 4030 homo

384 4073 492 4123 est,
522 4078 627 4117 non
654 4067 910 4134 ponimus
938 4067 1042 4121 hoc
1077 4083 1200 4120 euut
1236 4069 1530 4138 sumpsisse
1551 4109 1566 4132 ,
1601 4067 1656 4120 in
1699 4077 1963 4136 quantum

381 4164 466 4206 est
515 4155 853 4211 interfector.
913 4157 1100 4228 Itaque
1175 4175 1365 4213 omnes
1421 4159 1807 4228 participantes
1867 4172 1964 4211 ens

383 4246 958 4318 (participantautem
1003 4252 1458 4319 sancti),n‘.erito
1489 4262 1649 4306 erunt
1693 4252 1965 4306 exsisten-

456 4367 572 4398 ¹³σ¹⁸
599 4365 756 4422 Esth.
789 4383 901 4435 xw,
933 4368 1019 4425 ll.
1099 4369 1141 4402 ¹⁸
1166 4385 1287 4438 cap.
1313 4385 1394 4433 ιιι,
1426 4384 1570 4423 vers.
1605 4368 1694 4425 14.

2072 3265 2164 3312 τος
2193 3245 2370 3317 παρὲξ
2406 3243 2500 3298 τοῦ
2527 3243 2660 3296 Θεοῦ
2689 3243 2865 3316 ἡμῶν,
2902 3241 3037 3296 Θεοῦ
3075 3245 3190 3295 ἐστι
3223 3243 3428 3314 κτίσμα
3449 3259 3463 3273 ο
3504 3241 3585 3307 ὡς
3620 3245 3674 3296 εξ

2073 3338 2386 3409 ἑφάσκομεν
2418 3337 2618 3390 καὶτὸν
2651 3335 2814 3404 φονέα
2840 3336 2914 3408 μὴ
2936 3332 3074 3388 εἶναι
3091 3334 3226 3388 Θεοῦ
3243 3335 3306 3408 δη
3317 3335 3436 3407 μιού
3445 3353 3550 3408 ργη
3561 3354 3639 3406 μα
3653 3377 3671 3402 ,

2073 3432 2176 3486 οὐκ
2219 3429 2568 3503 ἀναιροῦντες
2613 3427 2696 3491 τὸ,
2815 3427 3100 3499 ἄνθρωπός
3141 3427 3281 3491 ἐστι,
3329 3427 3674 3498 πεποιῆσθαι

2075 3521 2238 3575 αὑτὸν
2263 3520 2372 3592 (56)
2405 3519 2512 3572 ὑπὸ
2557 3517 2714 3572 Θεοῦ.
2770 3517 3021 3581 Τιθέντες
3053 3516 3163 3589 γὰρ
3191 3519 3272 3580 τὸ,
3378 3517 3673 3590 ἄνθρωπος

2073 3613 2355 3685 τυγχάνει,
2403 3611 2511 3667 ἀπὸ
2551 3609 2686 3664 Θεοῦ
2739 3610 2901 3664 αὑτὸν
2943 3609 3004 3663 τὸ
3047 3607 3187 3664 εἶναι
3221 3611 3521 3682 εἰληφέναι,
3572 3614 3671 3668 καὶ

2076 3707 2236 3778 ἡμεῖς
2270 3706 2330 3758 οὐ
2351 3703 2571 3775 τίθεμεν
2596 3703 2676 3767 τὸ,
2770 3701 2963 3772 φονεύς
3003 3702 3170 3768 ἔστιν,
3211 3703 3319 3756 ἀπὸ
3351 3703 3484 3757 Θεοῦ
3520 3703 3672 3759 τοῦτ’

2075 3799 2236 3854 αὐτὸν
2255 3798 2553 3871 εἰληφέναι.
2577 3797 2786 3860 Πάντες
2806 3795 2903 3867 μὲν
2926 3790 3018 3849 οῦν
3032 3795 3080 3848 οἱ
3101 3795 3415 3866 μετέχοντες
3434 3796 3552 3866 (58)
3571 3799 3672 3852 τοῦ

2073 3895 2226 3956 ὄντος
2262 3892 2572 3964 (μετέχουσι
2599 3889 2654 3944 δὲ
2679 3891 2728 3943 οἱ
2754 3888 2945 3959 ἅγιοι),
2975 3889 3214 3957 εὐλόγως
3240 3889 3306 3942 ἂν
3338 3889 3492 3954 ὄντες
3525 3909 3671 3964 χρη-

2076 3982 2351 4056 ματίζοιεν
2369 3998 2382 4012 ⁸
2411 3983 2459 4035 οἱ
2488 3981 2546 4033 δὲ
2573 3977 3018 4050 ἀποστραφέντες
3049 3976 3150 4047 τὴν
3202 3975 3296 4030 τοῦ
3331 3975 3486 4042 ὄντος
3532 3996 3671 4048 μετ-

2071 4076 2225 4148 οχὴν,
2251 4073 2329 4146 τῷ
2355 4072 2678 4145 ἐστερῆσθαι
2698 4070 2791 4124 τοῦ
2833 4069 3001 4133 ὄντος,
3035 4068 3323 4138 γεγόνασιν
3354 4070 3456 4123 οὐκ
3487 4069 3671 4135 ὄντες.

2071 4168 2415 4240 Προείπομεν
2457 4166 2536 4230 δὲ,
2585 4165 2667 4218 ὅτι
2715 4163 3030 4234 συνωνυμία
3081 4163 3198 4216 ἐστὶ
3238 4161 3333 4215 τοῦ
3375 4163 3477 4216 οὐκ
3510 4163 3671 4228 ὄντος

2073 4257 2169 4309 κοιλ⁸
2207 4253 2304 4308 τοῦ
2335 4255 2581 4318 οὐδενός·
2624 4254 2719 4307 καὶ
2761 4251 2848 4306 διὰ
2884 4252 3042 4305 τοῦτο
3089 4253 3139 4304 οἱ
3178 4253 3279 4306 οὑκ
3320 4253 3474 4317 ὄντες
3511 4254 3670 4310 οὐδέν

1773 4368 1816 4398 ¹⁶
1847 4367 2015 4424 Marc.
2046 4387 2100 4435 x,
2140 4371 2240 4438 18;
2277 4372 2411 4427 Luc.
2445 4389 2596 4433 mu,
2640 4371 2726 4428 l9.

453 4461 574 4536 (55),
596 4455 766 4514 Εἶναι
807 4459 930 4536 Τῶν
981 4460 1052 4536 οὔ
1087 4477 1266 4536 τινων
1301 4459 1374 4536 ζά
1410 4459 1554 4536 γένη
1579 4458 1677 4536 καὶ
1706 4457 1779 4512 τὰ
1804 4456 1961 4526 εἴδη.
1996 4469 2039 4522 D
2069 4463 2254 4536 κακῶν
2286 4463 2642 4536 ἑστιν-όᾲΘεός
2661 4480 2674 4493 ο
2701 4462 2968 4536 άγένητος
2993 4463 3107 4536 ἄρα
3126 4464 3155 4516 6
3187 4463 3452 4536 διάϐολος.
3495 4484 3516 4516 ι
3552 4465 3667 4524 υιι.

383 4529 490 4589 etc.
536 4529 648 4586 lloc
673 4543 776 4598 est,
799 4530 952 4600 juxta
982 4533 1286 4585 doctrinam
1317 4529 1829 4600 Peripateticorum,
1874 4545 1958 4581 re-

387 4621 503 4658 t'utn
532 4618 652 4671 qua:
701 4599 810 4655 non
862 4611 987 4654 sunt
1047 4602 1149 4656 hoc
1187 4601 1413 4669 aliquid,
1471 4601 1586 4654 sive
1624 4599 1741 4652 τόδε
1766 4615 1962 4671 τις-ρει

385 4685 512 4728 sunt
542 4669 720 4725 autem
749 4672 818 4724 τὰ
843 4671 1099 4736 καθόλου,
1130 4672 1237 4737 vel,
1275 4677 1427 4740 juxta
1462 4671 1798 4736 Platonicos,
1832 4669 1971 4724 ideae

385 4743 747 4798 universales.
790 4743 1056 4798 llus'rtus.

455 4813 566 4884 (53)
599 4816 737 4867 Ka0‘
764 4813 921 4884 ἡμᾶς
965 4815 1033 4866 δὲ
1066 4813 1208 4884 τοὺς
1253 4811 1642 4884 εὐχομένους,
1678 4825 1783 4884 etc.
1829 4809 1971 4884 Mar-

384 4877 614 4938 cionit'as
660 4877 928 4955 suggillal,
966 4877 1250 4954 οἰηθέντας
1302 4877 1508 4937 δίκαιον
1560 4883 1659 4955 μὲν
1707 4877 1844 4955 εἶναι
1877 4881 1969 4934 τὸν

381 4951 752 5026 δημιουργὸνξ
766 4951 988 5025 άγαθὸν
1019 4951 1075 5008 δὲ
1120 4956 1212 5008 τὸν
1233 4955 1326 5008 τοῦ
1363 4951 1598 5026 Χριστοῦ
1627 4951 1866 5023 Πατέρα,
1911 4963 1971 5006 ut

387 5028 527 5080 idem
558 5028 717 5082 habet
742 5026 1006 5096 Origenes
1032 5043 1191 5098 supra
1218 5037 1348 5081 tom.
1381 5041 1395 5080 I
1426 5028 1476 5080 in
1500 5027 1786 5088 Joannem,
1817 5039 1965 5079 lltllll.

383 5100 476 5153 40.
504 5099 580 5152 In.

457 5169 566 5240 (55)
596 5169 707 5223 Kal
731 5167 887 5238 τάχα
912 5167 1085 5222 τοῦτο
1132 5167 1319 5235 ἔσηνε
1357 5166 1830 5240 τοὺςὲεὶπόντας,
1860 5172 1965 5240 etc.

387 5235 723 5294 Vocabulum
781 5235 941 5309 ἔσηνε
992 5256 1095 5292 non
1167 5240 1434 5292 intellexit
1495 5236 1802 5309 Pet-ionius,
1866 5235 1969 5309 hoc

383 5324 486 5368 est.
515 5313 812 5364 commovit.
853 5305 1112 5378 Origenes
1144 5312 1196 5363 in
1231 5309 1422 5362 Matth.
1456 5323 1527 5361 xx
1562 5325 1575 5361 :
1610 5307 1701 5378 Μὴ
1738 5305 1969 5378 σαινέτω

383 5382 440 5436 δὲ
467 5382 615 5454 ἡμᾶς
642 5383 689 5434 εί
721 5383 750 5436 6
779 5377 1133 5454 Σωτὴρ,ιξισεἒ
1187 5380 1333 5454 Infra
1381 5388 1512 5454 tom.
1553 5393 1603 5454 \:I
1648 5377 1703 5454 in
1742 5377 1966 5454 Jomm.,

385 5447 515 5507 nutu
535 5455 568 5507 6
606 5471 620 5507 :
655 5455 776 5507 ’Ότι
803 5454 832 5504 ὁ
858 5447 1046 5522 καιρὸς
1073 5451 1172 5522 τῆς
1203 5447 1440 5521 Χριστοῦ
1469 5447 1968 5522 ὲπιδημίαςᾳέσαινε

385 5523 474 5576 τὸν
510 5523 660 5578 λαόν.
699 5517 969 5578 Caeterum
995 5517 1274 5576 loco'huic
1308 5522 1537 5574 adsonat
1563 5517 1701 5570 alter
1731 5517 1819 5572 ille
1844 5518 1970 5584 Epi-

386 5595 570 5662 phauii
599 5598 791 5651 haeres.
815 5610 964 5656 LXIV,
992 5609 1114 5663 cap.
1152 5594 1213 5647 l9
1241 5611 1254 5645 :
1299 5589 1470 5663 Πόθεν
1490 5591 1534 5663 __6
1565 5588 1778 5663 φθόνος,
1805 5589 1968 5663 ῤ’μάνῖ

387 5657 611 5736 ζιλέγων
645 5668 777 5736 ἐρεῖ.
821 5666 884 5718 Εἰ
928 5664 1036 5736 γὰρ
1062 5657 1197 5736 ’ἀπὸ
1228 5663 1320 5716 τοῦ
1350 5657 1759 5736 διαϐόλουηκαὶ
1801 5657 1887 5736 διά
1916 5658 1968 5736 τί

384 5728 624 5796 διάϐολος
668 5728 950 5804 ἑγένετο;ν’
977 5728 1036 5788 Εἰ
1067 5735 1302 5804 ἐγένετο,
1361 5733 1454 5787 καὶ
1480 5733 1507 5784 ὁ
1533 5732 1760 5804 ποιήσας
1805 5728 1967 5804 αυτόν

387 5804 533 5856 ἐστιν
568 5801 736 5868 αἴτιος
765 5807 858 5860 τοῦ
900 5803 1037 5862 εἶναι
1070 5801 1259 5862 κακόν.
1315 5804 1455 5858 ’Λλλ“
1500 5801 1742 5866 ἀναίτιος
1788 5801 1965 5868 πάντη

2075 4535 2272 4604 denam
2342 4533 2540 4604 invidia
2592 4533 2830 4604 profecta
2866 4533 2978 4600 ’sit,
3036 4533 3394 4590 adversarius
3445 4541 3668 4604 quaerit.

2074 4603 2206 4656 Nam
2238 4605 2281 4658 si
2314 4618 2341 4655 a
2368 4603 2607 4674 diabolo,
2625 4607 2987 4674 respondeas;
3017 4620 3113 4659 cur
3139 4606 3364 4659 omnino
3415 4603 3667 4661 diabolus

2072 4674 2328 4746 exstitit?
2358 4673 2414 4729 Si
2468 4674 2642 4729 factus
2673 4673 2791 4742 est;
2839 4677 2931 4746 qui
2963 4677 3208 4730 condidit
3261 4676 3436 4740 illum,
3467 4691 3667 4734 auctor

2074 4745 2200 4799 mali
2231 4745 2394 4799 debet
2426 4746 2624 4800 videri.
2657 4746 2818 4815 Atqui
2873 4746 3135 4800 malorum
3161 4761 3326 4800 causa
3355 4747 3496 4802 Deus
3543 4764 3666 4803 esse

2075 4831 2178 4886 non
2213 4825 2421 4883 potest;
2475 4830 2646 4884 quare
2680 4817 2748 4868 ab
2799 4817 2947 4871 nullo
3001 4817 3299 4886 productus
3344 4830 3429 4872 est
3470 4819 3665 4875 diabo-

2073 4884 2176 4960 lus.
2205 4905 2222 4960 ξ
2258 4887 2612 4960 ltlarcionitas
2647 4902 2810 4955 porro
2856 4897 2915 4960 et
2945 4884 3082 4943 alios
3102 4903 3298 4960 eorum
3329 4902 3666 4960 symmyslas

2073 4955 2160 5010 hic
2189 4957 2436 5026 designat
2466 4957 2748 5026 Origenes,
2776 4958 2867 5028 qui
2905 4963 3006 5012 tria
3032 4959 3298 5029 principia
3320 4955 3666 5028 statuebant,

2071 5044 2300 5096 quorum
2354 5030 2516 5099 l)eus_
2544 5030 2682 5083 alter
2731 5038 2876 5083 esset
2921 5029 3118 5093 bonus,
3155 5031 3396 5099 ignotus,
3447 5029 3667 5086 Christi

2073 5099 2260 5161 l'atcr;
2317 5098 2457 5152 alter
2485 5097 2717 5154 Crealor
2746 5109 2801 5152 et
2845 5099 3126 5168 cognitus;
3172 5097 3225 5153 et
3275 5101 3470 5154 tertius
3509 5100 3666 5156 inter

2074 5182 2364 5238 utrumque
2415 5169 2681 5225 diabolus.
2743 5169 3028 5241 Legendus
3066 5170 3402 5241 Epiphanius
3460 5174 3666 5228 haeres.

2074 5254 2206 5293 un.
2243 5239 2442 5293 σουλ».
2488 5241 2562 5292 In.

2073 5254 2206 5298 XLII.
2243 5257 2364 5307 cap.
2389 5254 2442 5293 '0.
2488 5254 2562 5292 ID.

2145 5310 2260 5379 ('66)
2289 5309 2660 5378 Πεποιῆσθαι
2695 5312 2904 5379 αὐτόν,
2944 5319 3052 5366 etc.
3115 5311 3297 5366 Editio
3336 5310 3519 5367 lluetii
3565 5313 3663 5368 ha-

2070 5381 2162 5435 bet
2192 5380 2265 5451 μὴ
2295 5381 2643 5451 πεποιῆσθαι.

2143 5450 2262 5521 (57)
2297 5450 2420 5505 llaec
2469 5450 2537 5505 ab
2565 5452 2854 5508 Ambrosio
2903 5452 3158 5507 Ferrario
3187 5453 3419 5518 omissa,
3473 5468 3540 5509 ac
3577 5455 3662 5510 in-

2073 5524 2470 5594 terpretatione
2505 5522 2746 5578 Perionii
2785 5525 3114 5594 supplenms.

2143 5595 2257 5664 (58)
2291 5591 2677 5667 Μετέχοντες.
2744 5591 2926 5667 Ediiio
2971 5592 3175 5667 lluetii,
3207 5593 3280 5665 μὴ
3312 5595 3661 5667 μετέχοντες,

2072 5679 2379 5739 perperam.
2449 5667 2612 5722 Certe
2659 5666 2713 5720 in
2763 5665 2954 5722 codice
2984 5665 3274 5722 Bodleiano
3316 5665 3660 5739 nouli-gitur

2073 5735 2168 5804 μή·
