3792 6146
173 318 248 375 l5?
1257 315 1616 372 COMMENT.
1659 316 1725 372 IN
1763 316 1954 375 JOAN.
2001 316 2240 373 TOMUS
2283 316 2344 370 ll.

3335 324 3433 377 158

168 443 279 504 εἱσι,
305 438 394 493 καὶ
418 439 571 493 πᾶσα
672 440 853 494 κακία
887 440 1040 494 οὐδέν
1070 442 1234 502 ἐστιν,
1279 439 1403 492 ἐπεὶ
1436 440 1527 492 καὶ
1552 439 1650 492 οὐκ
1687 440 1699 491 ί

1870 457 1971 505 es;
2021 439 2112 510 qui
2146 454 2276 493 vero
2307 437 2595 509 dimigiunt
2638 439 2779 495 cntis
2831 438 3327 510 participationem,
3365 458 3431 498 eo

169 534 436 604 τυγχάνει·
464 534 561 586 καὶ
587 534 753 587 οὐδὲν
777 534 1090 605 καλουμένη
1117 532 1286 604 χωρὶς
1329 532 1621 602 γεγένηται
1653 530 1746 584 τοῦ

166 628 347 694 Λόγου,
378 625 503 692 τοῖς
545 624 744 681 πᾶσιν
787 627 852 680 οὐ
898 625 1508 696 συγκαταριθμουμένη.
1559 625 1749 696 Ἡμεῖς

166 719 256 787 μὲν
283 714 375 772 οὖν
417 719 564 772 κατὰ
590 718 655 770 τὸ
683 718 912 772 δυνατὸν
953 717 1372 790 παρεστήσαμεν
1415 717 1538 769 τίνα
1565 715 1632 768 τὰ
1658 713 1752 768 διὰ

159 812 246 865 τοῦ
275 813 446 880 Λόγου
471 812 822 883 γεγενημένα
852 812 1048 877 πάντα,
1078 811 1172 864 καὶ
1209 809 1262 862 τί
1293 810 1356 863 τὸ
1385 811 1554 881 χωρἰς
1583 807 1748 862 αὐτοῦ

161 902 441 972 γενόμενον
473 904 598 975 μὲν,
641 903 702 956 δν
729 903 789 956 δὲ
835 903 1112 968 οὐδέποτε,
1154 902 1247 955 καὶ
1278 901 1367 956 διά
1395 902 1554 956 τοῦτο
1598 901 1748 955 οὐδὲν

160 995 513 1066 καλούμενον.

1853 533 1994 601 quod
2017 531 2210 601 privati
2235 511 2508 594 sititente,
2535 529 2664 586 facti
2698 532 2918 585 fuerunt
2949 547 3053 586 non
3079 534 3430 588 exsistentes.

1853 621 2097 676 Diximus
2129 631 2309 678 autem
2339 621 2588 689 superius
2618 637 2714 676 ens
2760 631 2815 675 et
2849 622 2981 677 nihil
3039 637 3340 696 synonyma
3377 634 3432 681 et

1854 715 2081 768 univoca
2107 728 2228 768 esse
2259 730 2272 766 :
2307 722 2360 768 et
2387 713 2531 768 hanc
2561 713 2630 768 ob
2659 729 2876 768 causam
2901 715 2990 784 qui
3026 731 3130 769 non
3151 727 3277 772 sunt
3297 717 3433 773 nihil

1854 821 1996 870 esse,
2051 814 2107 860 et
2151 819 2313 859 omne
2369 804 2556 858 vitium
2594 806 2760 860 etiam
2803 806 2935 860 nihil
2983 821 3123 874 esse,
3173 811 3429 877 quoniam

1855 907 1937 951 est
1985 911 2091 951 non
2146 910 2284 963 ens;
2337 904 2392 948 et
2444 896 2578 950 nihil
2635 905 2926 962 vocatum,
2985 900 3102 953 sine
3168 899 3433 957 Sermdne

1851 988 2054 1044 factum
2119 987 2322 1052 fuisse,
2383 1004 2488 1044 non
2549 1001 3000 1054 conuulneratum
3065 1009 3188 1048 cum
3243 997 3432 1053 vocula

160 1088 283 1153 hac,
316 1093 585 1144 omnibus.
629 1093 809 1160 Atque
836 1105 934 1146 nos
966 1091 1187 1161 quidem
1217 1106 1317 1162 pro
1351 1090 1492 1145 virili
1526 1087 1887 1153 ostendimus,
1913 1099 2033 1154 qua:
2074 1084 2186 1139 sint
2211 1084 2390 1139 omnia
2422 1084 2564 1141 facta
2601 1101 2700 1156 per
2726 1083 3067 1154 Sermonem,
3100 1101 3156 1146 et
3199 1095 3328 1162 quid
3362 1095 3434 1151 sit

161 1182 279 1236 sine
312 1182 428 1250 ipso
459 1183 683 1253 quidem
721 1183 944 1249 factum,
981 1199 1259 1252 nunquam
1291 1194 1472 1237 autem
1509 1183 1798 1247 exsistens,
1829 1189 1883 1234 et
1913 1179 2054 1234 hanc
2079 1178 2148 1233 ob
2169 1193 2389 1235 causam
2417 1180 2550 1235 nihil
2588 1193 2858 1238 vocatum.

221 1279 275 1330 8.
329 1277 533 1343 Βιαίως
587 1279 646 1332 δὲ
694 1273 847 1350 οἶμαι
907 1279 1000 1333 καὶ
1063 1280 1233 1351 χωρὶς
1297 1277 1596 1351 μαρτυρίου
1650 1276 1743 1330 τὸν

155 1369 509 1424 Οὐαλεντίνου
604 1370 893 1442 λεγόμενον
983 1365 1123 1424 εἶναι
1208 1370 1483 1442 γνώριμον
1579 1369 1743 1440 Ἠρα-

156 1465 366 1518 κλὲωνα
410 1466 525 1536 (39)
573 1466 928 1538 διηγούμενον
982 1465 1076 1518 τό·
1146 1483 1164 1518 ι
1211 1466 1396 1519 Πάντα
1447 1463 1516 1517 δι’
1575 1461 1740 1516 αὐτοῦ

158 1559 391 1625 ἐγένετο,
431 1577 451 1609 ι
490 1557 830 1631 ὲξειληφένσι
865 1559 1042 1614 πάντα
1080 1559 1171 1613 τὸν
1207 1559 1410 1628 κόσμον
1449 1556 1543 1609 καὶ
1572 1555 1640 1609 τά
1684 1555 1741 1609 ὲν

157 1650 320 1721 αὐτῷ,
355 1651 681 1706 ὲκκλείοντα
710 1651 818 1706 τῶν
850 1653 1066 1707 πάντων
1113 1651 1174 1704 τὸ
1198 1652 1321 1705 ὅσον
1359 1650 1451 1703 ἐπὶ
1492 1651 1560 1719 τῇ
1613 1650 1744 1702 ὐπο-

155 1743 297 1797 θέσει
320 1743 494 1797 αὐτοῦ
525 1745 596 1798 τά
619 1745 713 1800 τοῦ
740 1746 969 1818 κόσμου,
1012 1745 1107 1799 καὶ
1142 1743 1252 1798 τῶν
1291 1746 1348 1797 ὲν
1386 1741 1536 1812 αὐτῷ
1568 1741 1746 1809 δωφέο

153 1852 330 1904 ροντα.
357 1837 503 1904 Φησὶ
536 1837 647 1908 γὰρ
677 1838 737 1891 ού
766 1837 858 1890 τὸν
890 1837 1002 1909 (40)
1037 1837 1207 1890 αἰῶνα
1238 1837 1273 1906 ἢ
1304 1835 1374 1889 τὰ
1398 1837 1457 1890 ὲν
1482 1833 1561 1906 τῷ
1589 1834 1742 1888 αἰῶνι

151 1929 432 1996 γεγονέναι
451 1929 545 1983 sta
567 1929 661 1983 τοῦ
692 1931 885 2000 Λόγου·
912 1929 1069 1985 ἅτινα
1097 1929 1265 1982 οἴεται
1305 1928 1414 1999 πρὸ
1443 1927 1539 1982 τοῦ
1568 1926 1742 1996 Λόγου

151 2021 457 2088 γεγονέναι.
526 2021 928 2094 Ἀναιδέπερον
983 2022 1041 2075 δὲ
1097 2021 1387 2092 ἱστάμενος
1445 2020 1584 2090 πρὸς
1644 2019 1739 2072 τό·

154 2131 171 2162 ι
207 2114 320 2166 Καὶ
351 2115 530 2184 χωρὶς
559 2114 722 2168 αὑτοῦ
757 2115 971 2184 ἐγένετο
990 2114 1110 2168 οὐδὲ
1139 2113 1218 2178 ἓν,
1263 2132 1281 2165 ι
1324 2112 1457 2182 μηδὲ
1486 2109 1743 2164 εὐλαϐού-

152 2221 312 2274 μενος
334 2205 455 2274 (41)
487 2206 575 2259 τό·
616 2225 634 2258 ι
669 2208 760 2277 Μὴ
801 2206 1042 2280 προσθῇς
1069 2208 1180 2268 τοῖς
1220 2204 1401 2272 λόγοις
1429 2203 1617 2267 αὐτοῦ,
1657 2204 1742 2256 ἵνα

156 2296 228 2366 μὴ
264 2296 468 2370 ἐλέγξῃ
511 2316 590 2363 σε,
640 2301 734 2353 καὶ
775 2298 974 2370 ψευδὴς
1015 2299 1169 2370 γένῃ,
1213 2318 1231 2349 ι
1277 2297 1599 2370 προστίθησι
1645 2294 1740 2366 τῷ,

151 2391 291 2444 οὐδὲ
309 2390 404 2456 ἓν,
433 2409 450 2443 ι
481 2391 590 2444 τῶν
617 2393 676 2444 ὲν
695 2392 772 2463 τῷ
795 2394 985 2464 κόσμῳ
1010 2393 1102 2446 καί⁵
1120 2395 1186 2462 τῇ
1219 2391 1412 2444 κτίσει.
1446 2409 1463 2440 ι
1491 2391 1599 2442 Καὶ
1621 2389 1744 2442 ἐπεὶ

154 2481 418 2552 προφανῆ
464 2484 582 2536 ἐστι
625 2483 693 2537 τά
742 2484 834 2536 ὑπ’
883 2481 1048 2537 αὑτοῦ
1105 2482 1374 2552 λεγόμενα
1413 2479 1618 2551 σφόδρα
1657 2478 1744 2549 βε-

151 2574 450 2644 6ιασμένα,
483 2575 580 2628 κα)⁵
613 2576 767 2647 παρά
803 2575 902 2648 τὴν
943 2575 1230 2646 ἐνάργειαν
1263 2573 1374 2643 (42)
1415 2570 1743 2640 ἐπαγγελλό-

156 2684 316 2737 μενα,
359 2669 413 2722 εί
450 2670 521 2724 τὰ
560 2667 890 2740 νομιζόμενα
930 2668 1080 2739 αὐτῷ
1121 2668 1240 2721 θεῖα
1285 2664 1592 2719 ἐκκλείεται
1626 2663 1745 2718 τῶν

152 2760 423 2827 πάντων,
455 2762 527 2816 τὰ
546 2761 624 2826 δὲ,
650 2761 728 2826 ὡς
764 2763 968 2824 ἐκεῖνος
993 2759 1185 2823 οἴεται,
1223 2756 1502 2821 παντελῶς
1531 2756 1746 2828 φθειρό-

153 2871 291 2924 μενα
314 2854 529 2925 κυρίως
557 2853 754 2908 πάντα
781 2855 1022 2907 καλεῖται
1042 2870 1055 2882 ο
1090 2853 1190 2906 οὐκ
1214 2849 1652 2922 ὲπιδιατριπτὲον
1674 2853 1742 2921 τῇ

150 2948 438 3018 ἀνατροπῇ
480 2947 590 2999 τῶν
643 2946 870 3002 αὐτόθεν
911 2948 1010 3018 τὴν
1049 2945 1279 3000 ἀτοπίαν
1334 2942 1739 3014 ἐμφαινόντων·

148 3034 263 3091 οἷον
289 3038 349 3092 δὲ
387 3039 572 3093 καὶτὸ
605 3040 704 3110 τῆς
740 3039 984 3112 Γραφῆς,
1027 3059 1045 3091 ι
1098 3039 1282 3111 Χωρὶς
1329 3037 1495 3092 αὑτοῦ
1529 3037 1745 3107 ἐγένετο

1927 1275 1980 1330 8.
2018 1274 2284 1330 Existimo
2341 1285 2521 1331 autem
2563 1276 2974 1348 Ileracleonem,
3027 1284 3118 1354 qui
3162 1285 3432 1344 Valentini

1851 1367 2149 1440 discipulus
2203 1383 2326 1424 esse
2390 1369 2589 1435 fertur,
2665 1385 2787 1426 cum
2866 1373 2982 1429 haec
3052 1377 3430 1436 edissereret:

1857 1479 1874 1510 ι
1902 1458 2094 1514 Omnia
2135 1475 2232 1531 per
2262 1459 2436 1530 ipsum
2481 1460 2622 1518 facta
2676 1475 2803 1518 sunt
2837 1465 2902 1529 ⁸⁷,
2928 1483 2947 1516 ι
3001 1479 3192 1522 euacle
3237 1481 3290 1523 et
3313 1471 3434 1527 sine

1853 1552 2161 1608 testimonio
2205 1555 2467 1610 mundum
2496 1556 2812 1612 universum
2856 1572 3083 1628 qua-que
3111 1561 3163 1615 in
3199 1576 3266 1617 eo
3305 1573 3432 1617 sunt

1851 1645 2151 1716 excepisse,
2198 1647 2596 1718 excludentem,
2634 1661 2897 1720 quantum
2925 1653 3093 1723 ipsius
3125 1655 3226 1710 fert
3256 1658 3428 1728 hypo-

1854 1737 2046 1803 thesis,
2080 1753 2145 1792 ex
2176 1739 2433 1796 omnibus
2467 1744 2916 1812 praestantissima
2965 1761 3194 1816 quaeque
3244 1752 3430 1806 mundi

1846 1839 2108 1885 eteorum
2137 1846 2260 1900 quae
2277 1835 2330 1887 in
2353 1834 2468 1902 ipso
2491 1833 2863 1891 continentur.
2897 1837 2988 1894 Ait
3008 1839 3153 1893 enim
3186 1855 3283 1908 per
3299 1841 3430 1898 Ser-

1847 1933 2060 1974 monem
2093 1936 2200 1977 non
2225 1925 2507 1991 saeculum,
2532 1941 2638 1982 non
2662 1942 2783 1997 quae
2813 1929 2866 1984 in
2894 1930 3091 1986 saeculo
3113 1941 3262 1998 sunt,
3284 1931 3431 1989 facta

1847 2011 2035 2077 fuisse,
2067 2014 2390 2070 existimans
2413 2015 2500 2071 illa
2528 2027 2657 2075 ante
2687 2018 3011 2076 Sermonem
3036 2019 3224 2078 fuisse.
3251 2022 3430 2095 impn-

1847 2105 2064 2161 dentius
2134 2107 2354 2176 insuper
2393 2109 2607 2166 instans
2666 2114 2735 2168 ad
2799 2113 2931 2168 illud
2967 2131 2981 2168 :
3015 2117 3131 2170 «Et
3191 2116 3311 2171 sine
3365 2134 3432 2172 eo

1846 2195 2047 2252 factum
2109 2210 2196 2254 est
2248 2200 2384 2255 nihil
2438 2202 2548 2270 ¹⁸,ι
2599 2220 2775 2275 neque
2826 2208 3036 2263 veritus
3085 2208 3265 2265 illud:
3306 2209 3430 2267 «Ne

1847 2290 2122 2348 addideris
2167 2295 2514 2353 sermonibus
2563 2297 2708 2367 ejus,
2759 2315 2829 2356 ne
2883 2317 2934 2356 te
2987 2301 3318 2372 redarguat,
3376 2315 3433 2360 et

1849 2384 2079 2438 mendax
2111 2385 2187 2441 sis
2224 2388 2287 2452 η,
2309 2406 2326 2438 ι
2344 2385 2417 2443 illi
2438 2391 2575 2455 voci,
2599 2393 2748 2458 nihil,
2773 2393 2942 2462 addit,
2967 2415 2983 2446 ι
3007 2410 3193 2450 eorum
3213 2411 3334 2465 quae
3375 2398 3430 2452 in

1847 2477 2052 2532 mundo
2101 2488 2226 2534 sunt
2277 2490 2330 2535 et
2384 2483 2438 2536 in
2491 2482 2594 2538 hac
2634 2485 2964 2540 conditione.
3011 2505 3032 2542 ι
3076 2487 3143 2542 Et
3169 2492 3430 2558 quoniam

1847 2577 2094 2634 apertum
2122 2579 2206 2624 est
2236 2570 2384 2626 dicta
2414 2572 2584 2640 ipsius
2615 2575 2771 2630 valde
2812 2588 3004 2633 coacta
3031 2593 3175 2646 esse,
3207 2591 3431 2651 praeter-

1846 2673 1951 2728 que
2003 2663 2334 2719 evidentiam
2374 2669 2760 2735 pronuntiata,
2807 2669 2854 2723 si
2903 2686 3024 2739 qua:
3076 2672 3190 2742 ipse
3247 2675 3431 2731 divina

1846 2753 2117 2822 opinatur,
2151 2756 2516 2814 exeluduntur
2551 2775 2582 2814 a
2630 2775 2764 2816 voce
2810 2763 3071 2825 omnium,
3125 2779 3246 2834 qua:
3299 2781 3432 2822 vero

1846 2854 1976 2899 sunt
2029 2847 2286 2916 opinione
2339 2865 2436 2906 sua
2492 2852 2719 2908 onmino
2772 2854 3153 2923 corruptibilia
3209 2857 3432 2926 proprie

1847 2936 2104 2992 dicuntur
2135 2941 2334 3007 omnia,
2375 2956 2483 2997 non
2529 2943 2928 2999 immorandum
2956 2946 3116 3001 nobis
3146 2957 3227 3002 est
3265 2949 3318 3003 in
3346 2949 3432 3004 his

1847 3027 2194 3085 coniutandis
2238 3047 2361 3102 qua:
2389 3047 2456 3086 ex
2500 3047 2560 3088 se
2580 3033 2973 3090 absurditatem
3005 3052 3116 3106 prae
3146 3039 3428 3096 scierunt.

148 3132 274 3185 οὐδὲ
311 3131 394 3200 ἒν,
437 3151 456 3184 ι
500 3133 860 3206 προστιθέντα
899 3135 1058 3188 αὐτὸν
1091 3134 1222 3189 ἀνευ
1257 3131 1610 3204 παραμυθίας
1645 3131 1699 3183 τί

1870 3119 2018 3186 Quale
2062 3131 2147 3176 est
2198 3120 2328 3175 illud
2377 3123 2540 3178 etiam
2605 3125 2773 3194 quod,
2829 3125 3113 3198 Scriptura
3163 3130 3430 3186 dicente:

147 3225 264 3277 ἀπὸ
305 3224 411 3295 τῆς
457 3225 683 3297 Γραφῆς
724 3226 816 3278 τό·
871 3245 889 3278 ι
935 3226 1056 3280 Τῶν
1086 3228 1144 3279 ὲν
1190 3225 1269 3297 τῷ
1318 3225 1509 3296 κόσμῳ
1551 3225 1644 3279 καὶ
1676 3226 1741 3294 τῇ

150 3315 368 3379 κτίσει,
433 3337 452 3368 ι
508 3317 645 3388 μηδὲ
701 3318 836 3388 μετά
903 3317 1261 3390 πιθανότητος
1310 3316 1741 3389 ἀποφαίνεσθαι,

151 3409 510 3462 πιστεύεσθαι
554 3408 808 3474 ἀξιοῦντα
844 3410 1043 3481 ὁμοίως
1087 3412 1396 3482 προφήταις
1439 3411 1472 3482 ἢ
1515 3410 1745 3465 ἀποστό-

151 3501 267 3564 λοις
323 3504 440 3565 τοῖς
495 3503 612 3572 μετ’
670 3501 918 3567 ἐξουσίας
977 3503 1071 3556 καὶ
1138 3500 1522 3565 ἀνυπευθύνως
1578 3518 1746 3554 κατα-

151 3590 404 3644 λείπουσι
433 3593 549 3656 τοῑς
579 3592 702 3646 καθ’
742 3593 940 3656 αὐτοὺς
981 3593 1076 3646 καὶ
1109 3590 1225 3662 μεθ’
1262 3591 1461 3656 αὐτοὺς
1500 3592 1744 3662 σωτήρια

149 3682 485 3754 γράμματα.
521 3683 720 3738 Ἔτιδὲ
748 3684 892 3746 ἰδίως
927 3685 1022 3738 καί.
1047 3681 1170 3736 1:06-
1204 3702 1222 3733 ι
1258 3683 1444 3736 Πάντα
1481 3682 1549 3736 δι’
1578 3682 1742 3736 αὐτοῦ

151 3773 393 3841 ἐγένετο,
419 3793 440 3826 ι
465 3773 746 3845 ἐξήκουσε,
765 3775 987 3843 φάσκων
1010 3774 1101 3828 τὸν
1119 3773 1219 3845 τὴν
1243 3774 1422 3828 αἰτίαν
1442 3773 1746 3846 παρασχόν-

150 3885 218 3921 τα
237 3869 341 3941 τῆς
362 3869 636 3938 γενέσεως
660 3868 754 3922 τοῦ
779 3870 986 3940 κόσμου
1016 3869 1092 3940 τῷ
1119 3868 1446 3941 Δημιουργῷ
1464 3869 1555 3922 τὸν
1575 3869 1745 3938 Λόγον

149 3961 279 4014 ὂντα
328 3957 472 4014 εἶναι
495 3961 630 4032 (43),
663 3962 724 4014 οὐ
767 3963 858 4016 τὸν
893 3963 997 4032 ἀφ’
1023 3957 1117 4026 οὗ,
1145 3963 1178 4032 ἢ
1208 3962 1308 4031 ὑφ’
1349 3957 1444 4024 οὗ,
1475 3960 1612 4014 ἀλλά
1651 3961 1744 4014 τὸν

148 4051 222 4106 δι’
251 4049 352 4119 οὗ,
387 4054 520 4126 περὶ
550 4053 658 4108 τῶν
693 4056 751 4107 ὲν
777 4058 844 4126 τῇ
874 4053 1133 4125 συνηθείᾳ
1169 4055 1369 4126 φράσιν
1397 4053 1507 4126 (ﬂ)
1529 4053 1746 4125 ἐκδεχὸ-

153 4162 315 4216 μενος
349 4146 414 4199 τδ
455 4146 856 4218 γεγραμμένον.
897 4147 961 4200 Εἰ
1000 4146 1130 4218 γὰρ,
1165 4145 1242 4210 ὡς
1283 4149 1413 4209 νοεῖ,
1446 4147 1479 4217 ή
1518 4145 1744 4217 ἀλήθεια

145 4238 259 4291 τῶν
286 4240 636 4311 πραγμάτων
663 4236 752 4312 ἦν,
778 4240 886 4295 ἔδει
918 4240 1007 4295 διὰ
1039 4241 1134 4294 τοῦ
1163 4239 1504 4312 Δημιουργοῦ
1540 4241 1745 4312 γεγρά-

147 4331 282 4401 φθαι
317 4332 499 4386 πάντα
529 4332 809 4402 γεγονέναι
839 4333 945 4388 ὑπὸ
972 4333 1066 4388 τοῦ
1094 4333 1290 4402 Λόγου,
1316 4334 1438 4404 οὐχὶ
1455 4333 1511 4386 δὲ
1537 4334 1744 4387 ἀνάπα-

146 4420 232 4474 λιν
254 4420 348 4474 διὰ
367 4422 464 4476 τοῦ
488 4424 662 4492 Λόγου
691 4424 796 4477 ὑπὸ
823 4423 917 4477 τοῦ
940 4423 1305 4496 Δημιουργοῦ.
1332 4424 1439 4481 Καὶ
1461 4428 1621 4495 ἡμεῖς
1646 4425 1742 4496 μὲν

1856 3230 1872 3262 ι
1903 3210 1966 3264 Et
1997 3211 2116 3267 sine
2140 3213 2256 3282 ipso
2300 3211 2504 3268 factum
2559 3225 2642 3270 est
2698 3217 2900 3283 nihil,»
2953 3219 3069 3290 ipse
3114 3222 3266 3277 addit
3313 3223 3432 3278 sine

1849 3304 2171 3358 auctoritate
2198 3305 2494 3376 Scriptura:
2520 3327 2534 3363 :
2565 3326 2584 3359 ι
2615 3309 2814 3364 Eorum
2848 3325 2969 3379 quae
2996 3323 3123 3367 sunt
3151 3315 3202 3369 in
3231 3315 3430 3372 mundo

1847 3405 1900 3448 et
1928 3396 2242 3462 creatione,
2278 3415 2296 3447 ι
2343 3399 2486 3468 quod
2519 3415 2698 3469 neque
2735 3415 2857 3455 cum
2891 3403 3274 3473 probabilitate
3307 3423 3430 3478 pro-

1847 3487 2097 3554 nuntiat,
2126 3489 2221 3544 sed
2262 3489 2484 3561 dignum
2514 3505 2574 3546 se
2604 3505 2760 3563 putat
2799 3495 2886 3548 cui
2920 3511 3025 3551 non
3073 3512 3230 3554 secus
3266 3512 3430 3572 atque

1846 3578 2126 3648 prophetis
2154 3581 2237 3636 vel
2257 3583 2514 3651 apostolis
2538 3586 2814 3654 credatur,
2843 3589 2934 3658 qui
2958 3605 3082 3644 cum
3102 3594 3431 3650 auctoritate

1847 3679 1902 3725 et
1936 3672 2211 3742 inculpate
2262 3675 2604 3746 reliquerunt
2643 3680 2726 3734 sui
2769 3682 3043 3738 similibus
3092 3699 3158 3738 ac
3192 3689 3430 3754 posteris

1845 3765 1960 3821 suis
2004 3766 2270 3822 salutaria
2319 3771 2554 3840 scripta.
2585 3771 2707 3827 Jam
2741 3787 2871 3827 vero
2915 3785 2970 3830 et
3021 3778 3126 3831 hoc
3179 3778 3428 3838 dictum:

1853 3877 1871 3910 ι
1903 3858 2099 3914 Omnia
2154 3876 2251 3931 per
2298 3862 2475 3931 ipsum
2515 3865 2658 3920 facta
2700 3875 2872 3934 sunt,
2906 3888 2925 3920 ι
2968 3869 3219 3936 privatim
3265 3881 3431 3942 atque

1847 3966 2004 4007 secus
2047 3970 2213 4022 quam
2243 3953 2332 4008 alii
2369 3958 2621 4026 exposuit
2649 3957 2837 4015 dicens
2863 4003 2877 4026 ,
2929 3960 3249 4018 Sermonem
3304 3980 3429 4020 eum

1846 4060 1966 4100 esse
2017 4047 2108 4114 qui
2163 4061 2384 4102 causam
2457 4051 2756 4119 praabuerit
2813 4057 3184 4124 generationis
3239 4058 3429 4114 mundi

1843 4137 1952 4209 67
1983 4137 2199 4207 Opillci,
2223 4154 2323 4194 nec
2346 4149 2524 4195 tamen
2556 4141 2810 4200 Sermoni
2843 4156 3156 4216 competere
3183 4151 3427 4219 particu-

1845 4232 1951 4285 lam
1984 4248 2016 4285 a
2039 4248 2142 4302 quo
2170 4231 2251 4287 vel
2285 4249 2351 4287 ea:
2372 4251 2499 4304 quo,
2547 4238 2641 4290 sed
2673 4253 2764 4304 per
2798 4254 2949 4306 quem
2977 4280 2994 4306 ,
3040 4255 3322 4311 exponens
3369 4244 3426 4299 id

1845 4327 1987 4394 quod
2015 4325 2280 4394 scriptum
2315 4338 2418 4393 est,
2449 4328 2689 4396 phrasin]
2712 4345 2833 4386 esse
2861 4344 3214 4401 consuetam;
3250 4336 3345 4390 sed
3378 4336 3425 4392 si

1847 4430 2027 4469 rerum
2058 4415 2258 4471 veritas
2291 4427 2432 4483 erat,
2467 4428 2528 4472 ut
2569 4419 2684 4488 ipse
2715 4431 2892 4489 putat,
2943 4424 3205 4494 scriptum
3257 4425 3428 4482 fuisse

144 4515 239 4584 τῇ,
266 4512 346 4567 δι’
391 4509 488 4578 οὗ,
514 4515 849 4586 χρησάμενοι
887 4515 1194 4580 ἀκολούθως
1227 4520 1294 4589 τῇ
1331 4516 1608 4588 συνηθείᾳ,
1642 4517 1699 4570 οὐ

1870 4507 2110 4576 ιρονιυίι,
2165 4509 2348 4563 omnia
2391 4523 2490 4578 per
2549 4510 2816 4581 Opiﬁcem
2851 4513 2993 4569 facta
3027 4516 3198 4571 fuisse
3228 4531 3257 4570 a
3296 4516 3426 4572 Ser-

141 4604 470 4676 ἀμάρτυρον
502 4606 602 4676 τὴν
633 4606 856 4680 ἐκδοχὴν
898 4609 1191 4678 ἀφήκαμεν
1211 4625 1223 4638 ·
1268 4609 1474 4672 ἐκεῖνος
1504 4608 1562 4662 δὲ
1602 4608 1739 4680 πρὸς

143 4693 210 4745 τὸ
246 4692 324 4764 μὴ
368 4695 872 4767 παραμεμυθῆσθαι
906 4698 1015 4750 ἀπὸ
1049 4697 1158 4750 τῶν
1200 4697 1360 4752 θείων
1388 4697 1735 4769 Γραμμάτων

143 4784 245 4838 τὸν
287 4784 412 4838 καθ’
441 4787 633 4840 ἑαυτὸν
657 4787 802 4854 νοῦν,
834 4791 1084 4859 φαίνεται
1118 4790 1235 4861 (45)
1273 4791 1367 4844 καὶ
1393 4791 1736 4852 ὑποπτεύσας

143 4877 209 4931 τὺ
249 4878 474 4950 ἀληθὲς,
501 4881 596 4933 καὶ
627 4881 858 4945 ἀναιδῶς
889 4881 1037 4954 αὐτῷ
1059 4882 1402 4953 ἀντιϐλέψας.
1436 4883 1574 4953 Φησὶ
1604 4881 1734 4953 γάρ,

143 4971 231 5022 ὅτι
265 4972 368 5043 οὐχ
411 4972 491 5036 ὡς
522 4973 612 5026 ὑπ’
661 4972 820 5028 ἄλλου
865 4974 1214 5047 ἐνεργοῦντος
1265 4974 1425 5038 αὐτὸς
1479 4974 1651 5031 ὲποίει
1707 4976 1736 5028 ό

221 5088 266 5120 ⁸⁹
288 5086 450 5144 Joan.
485 5104 525 5156 ι,
559 5088 614 5144 3.
692 5089 736 5121 ¹⁸
766 5090 895 5145 ibid.
974 5092 1017 5124 ι’
1045 5089 1207 5146 Prov.
1233 5103 1363 5156 xxx,
1396 5094 1450 5148 6.

217 5184 332 5256 (39)
378 5183 774 5256 Ἡρακλέωνα,
826 5196 932 5242 etc.
995 5185 1071 5241 De
1120 5186 1456 5241 lleracleone
1503 5186 1725 5254 ejusque

145 5255 420 5326 dogmatis
470 5255 651 5326 videre
687 5265 768 5308 est
799 5256 940 5322 apud
986 5256 1244 5311 Irenaeum
1282 5257 1374 5311 lib.
1409 5272 1472 5318 II,
1502 5273 1623 5326 cap.
1661 5259 1725 5323 ις

144 5325 546 5380 Tertullianusn
571 5324 646 5395 De
659 5327 953 5394 prwscript.
972 5330 1176 5381 advers.
1199 5333 1407 5390 lamna,
1427 5343 1550 5395 cap.
1567 5324 1657 5389 l9,
1674 5338 1731 5380 ct

146 5397 352 5477 eam},
383 5397 590 5450 advers.
635 5394 842 5450 Valent.
869 5413 888 5461 ;
931 5398 1286 5468 Epiphanium
1318 5394 1506 5452 haeres.
1537 5413 1724 5462 xxxvr,

149 5466 546 5624 εῗᾶἓῗῖδὸοάεχ
602 5539 966 5606 Bodleianus,
1025 5539 1357 5608 Διαφὲροντα
1403 5539 1511 5609 γάρ
1564 5554 1727 5607 φησιν

181 5608 201 5640 ι’
237 5622 266 5658 τ
397 5625 410 5642 ι
461 5647 488 5662 Ι.
1334 5651 1336 5654 ν

147 5607 704 5745 0«(3’),iib‘illeianus
755 5689 807 5732 et
843 5680 1190 5751 Barherinns,
1247 5677 1378 5750 μηδὲ
1405 5679 1737 5751 εὐλαϐούμε-

152 5766 281 5830 νοςη
299 5750 519 5830 iusius,
545 5753 626 5829 Δμὴ
652 5750 1068 5830 εὐλαϐούμενος.
1210 5823 1221 5830 _
1282 5821 1292 5830 ι
1581 5820 1592 5830 .

230 5819 347 5888 442)
379 5819 700 5876 Bodleianus
743 5833 798 5876 ct
829 5819 1178 5890 Bai-hermus,
1204 5821 1516 5892 ἐνάργειαν,
1552 5820 1737 5890 sicque

366 5914 634 5979 Ριτιιοι..
681 5914 800 5976 Gn.
850 5915 1018 5978 XIV.

1847 4615 2030 4666 mone,
2074 4617 2179 4657 non
2211 4601 2326 4656 vice
2357 4617 2514 4655 versa
2556 4618 2652 4672 per
2698 4603 3021 4662 Sermonem
3079 4609 3147 4663 ab
3194 4606 3419 4676 Opiﬁee.

1845 4693 1912 4747 Et
1963 4711 2061 4751 nos
2107 4697 2329 4765 quidem
2375 4714 2498 4754 cum
2536 4698 2618 4753 usi
2661 4715 2849 4754 sumus
2883 4701 3074 4755 vocula
3115 4720 3209 4771 per
3245 4719 3421 4772 quem,

1846 4787 2068 4856 perinde
2120 4800 2283 4858 atque
2339 4790 2470 4846 facit
2523 4793 2893 4858 consuetudo,
2953 4810 3059 4848 non
3119 4797 3238 4851 sine
3285 4805 3423 4852 teste

1845 4882 2238 4950 eXpositionem
2271 4883 2603 4938 dimisimus.
2642 4886 2712 4938 At
2743 4899 2871 4939 vero
2903 4885 3014 4948 ille,
3056 4898 3419 4959 prmterquam

1845 4973 1988 5044 quod
2015 4988 2167 5028 suam
2194 4974 2503 5045 Opinionem
2531 4991 2561 5031 e
2587 4975 2786 5032 divinis
2819 4977 3123 5048 Scripturis
3153 4997 3260 5037 non
3289 4996 3421 5036 con-
3471 5050 3478 5060 ἢ

1840 5184 1966 5252 legit
2023 5184 2342 5305 Ferrarius;
2389 5187 2557 5242 codex
2608 5201 2736 5242 vero
2783 5186 2983 5257 Regius
3042 5190 3204 5246 habet
3269 5191 3420 5262 ἐνέρ-

1840 5271 2014 5305 γειαν,
2052 5270 2134 5305 ma
2159 5271 2209 5305 Θ.

1877 5272 2014 5315 ειαν,
2052 5270 2209 5308 male.

1839 5271 2014 5324 γειαν,
2052 5271 2209 5308 male.

1911 5326 2026 5399 (4‘5)
2058 5320 2229 5399 Εἷνςαι
2261 5328 2412 5382 deest
2464 5328 2514 5381 in
2550 5329 2736 5384 codice
2779 5330 2965 5399 Regio,
2997 5331 3089 5395 sed
3133 5341 3314 5387 exstat
3361 5347 3414 5386 In

1840 5397 2119 5453 codicibus
2157 5397 2446 5452 Bodleiano
2480 5411 2532 5451 et
2566 5397 2882 5456 Barberino.

1909 5465 2023 5538 (44)
2049 5468 2229 5538 Codex
2260 5468 2478 5538 Regius,
2511 5471 2692 5538 φασίν.

1910 5537 2020 5606 (45)
2050 5537 2204 5609 Πρὸς
2233 5538 2300 5592 τὸ
2442 5537 2972 5609 παραμεμυοῆσθαι
2995 5543 3110 5597 ἀπὸ
3151 5539 3268 5595 τῶν
3295 5543 3414 5597 θει-

1848 5625 1930 5661 ων
1953 5607 2317 5682 Γρᾳμμὰτων
2347 5607 2455 5682 τὸν
2497 5607 2626 5666 καθ’
2660 5607 2876 5665 ἑαυτὸν
2922 5613 3072 5666 γοῦν
3118 5614 3411 5682 φαίνεται,

1846 5691 1969 5751 etc.
2021 5679 2113 5732 Su:
2169 5682 2311 5751 hunc
2347 5681 2544 5751 locum,
2587 5687 2636 5735 in
2679 5685 2866 5736 codice
2921 5683 3086 5751 Hegio
3121 5679 3410 5750 i'mdatmn,

1847 5750 2138 5821 restituunt
2169 5750 2324 5802 codd.
2357 5750 2680 5807 Bndleianus
2724 5762 2777 5807 et
2807 5750 3168 5821 Barher’inus;
3225 5770 3411 5814 verum

1843 5835 1941 5889 pro
1967 5820 2100 5892 πρὸς
2127 5821 2188 5875 τό
2223 5821 2502 5890 legendum
2532 5824 2743 5878 videtur
2772 5822 2906 5894 πρὸς
2929 5823 3026 5896 τῷ.

3069 5918 3107 5982 5
