3792 6146
409 322 512 378 159

1878 311 2202 370 ORIGENIS

3592 315 3713 371 ιιο

407 437 860 503 tirinat,'videttrr
905 444 961 492 et
1006 433 1316 506 suspicatus
1373 434 1539 490 fuisse
1589 434 1894 498 veritatem,
1929 446 1969 489 el

2107 434 2292 502 Λόγος,
2314 433 2378 486 ἵν’
2401 433 2544 488 οὕτω
2565 434 2730 506 νοηθῇ
2751 435 2832 500 τὸ,
2861 435 2937 488 δι’
2962 433 3170 499 αὑτοῦ,
3201 433 3318 490 ἀλλ’
3338 435 3506 488 αὐτοῦ
3536 437 3705 506 ἐνερ-

410 534 753 602 impudenter
778 531 1196 585 illiadversatus
1231 530 1418 583 dicens
1451 547 1464 582 :
1496 528 1613 583 Non
1650 527 1793 582 enim
1821 527 1988 582 facie-

406 627 498 681 bat
534 627 650 694 ipse
683 624 902 686 Sermo,
939 633 1195 690 tanquam
1225 621 1291 674 ab
1317 619 1427 675 alio
1468 630 1728 690 Operatite
1775 621 1870 688 (ιιι
1902 624 1988 677 sic

399 721 803 790 intelligeretur
858 716 1049 771 vocula
1081 731 1172 783 per
1206 713 1419 784 quem),
1451 715 1544 768 sed
1586 714 1701 782 ipso
1727 725 1988 784 operante

401 808 546 862 alius
576 805 832 862 faciebat.
853 803 1124 860 Caeterum
1145 816 1252 856 non
1287 803 1574 870 praesentis
1607 813 1691 857 est
1727 804 1987 873 temporis

403 895 642 964 probare
682 894 833 963 quod
885 891 1070 945 mundi
1095 888 1298 958 Opifex
1353 899 1409 943 et
1456 889 1754 946 fabricator
1791 892 1986 949 fecerit

405 985 692 1049 mundum,
723 997 830 1037 non
862 980 1034 1035 factus
1063 977 1312 1032 minister
1345 975 1649 1045 Sermonis,
1693 988 1747 1034 et
1791 989 1986 1035 osten-

394 1075 538 1130 dere
567 1075 709 1144 quod
763 1073 960 1128 Sermo
983 1111 998 1132 ,
1039 1079 1096 1123 ut
1152 1067 1398 1121 minister
1429 1066 1688 1137 Opilicis,
1725 1070 1983 1123 mundum

404 1169 732 1224 condiderit.
755 1166 913 1222 Juxta
935 1165 1113 1219 David
1153 1166 1297 1219 enim
1335 1165 1658 1234 prophetam
1694 1162 1764 1226 ὀ,
1797 1181 1815 1213 ι
1845 1162 1985 1216 Dens

399 1259 564 1325 dixit,
607 1267 662 1313 et
695 1257 839 1312 facta
891 1263 1055 1322 sunt;
1093 1255 1390 1320 mandavit,
1433 1263 1488 1308 et
1527 1262 1712 1308 creata
1746 1263 1910 1320 sunt;
1957 1269 1976 1304 ι

403 1351 685 1407 mandavit
714 1350 860 1403 enim
904 1349 1177 1418 ingenitus
1209 1348 1353 1401 Deus
1401 1346 1770 1417 Primogenito
1803 1346 1983 1401 omnis

394 1452 687 1506 creaturae,
731 1451 786 1496 et
827 1449 1009 1495 creata
1046 1450 1192 1505 sunt,
1251 1455 1358 1494 non
1411 1438 1590 1494 solum
1639 1440 1876 1494 mundus
1929 1447 1984 1492 et

399 1553 524 1609 qme
562 1546 690 1592 sunt
717 1537 770 1589 in
809 1535 918 1600 illo,
952 1549 1140 1588 verum
1173 1535 1336 1586 etiam
1365 1533 1570 1601 reliqua
1593 1532 1796 1596 omnia,
1835 1533 1982 1588 (sive

2095 524 2317 593 γοῦντος
2350 523 2534 596 ἐτερος
2579 526 2772 580 ἐποίει.
2823 526 2898 579 Οὐ
2931 524 3026 578 τοῦ
3072 527 3340 596 παρόντος
3381 525 3440 578 δὲ
3493 523 3710 596 καιροῦ

2094 615 2308 685 ἐλέγξαι
2348 617 2432 682 τὸ,
2473 617 2548 688 μὴ
2578 617 2668 670 τὸν
2695 619 3044 690 Δημιουργὺν
3071 619 3352 692 ὑπηρέτην
3390 618 3486 671 τοῦ
3514 618 3712 686 Λόγου

2093 708 2456 780 γεγενημένον
2507 710 2598 763 τὸν
2655 711 2858 781 κόσμον
2912 711 3292 780 πεποιηκέναι,
3330 712 3425 764 καὶ
3466 709 3712 763 ἀποδει-

2094 799 2191 854 κνύ
2203 819 2304 866 ναι,
2326 801 2406 854 ὅτι
2427 802 2706 873 ὑπηρέτης
2722 801 2816 854 τοῦ
2841 803 3184 876 Δημιουργοῦ
3215 803 3504 874 γενόμενος
3529 803 3559 856 6
3589 801 3713 857 Λό-

2093 907 2189 958 γος
2221 890 2315 944 τὸν
2343 891 2547 962 κόσμον
2576 893 2968 948 κατεσκεύασε.
3007 893 3166 947 Κατὰ
3201 893 3313 966 γάρ
3343 891 3433 946 τὸν
3467 892 3706 964 προφή-

2091 998 2191 1052 την
2221 983 2410 1036 Δαυῖδ·
2451 1003 2469 1035 ι
2512 983 2569 1036 'U
2603 983 2735 1050 Θεὸς
2770 982 2912 1050 εἷπε,
2959 987 3051 1040 καὶ
3080 986 3445 1058 ἐγενήθησανο
3480 983 3706 1039 ἐνετει-
3741 1013 3747 1020 -

2091 1071 2240 1138 λατο,
2273 1073 2368 1126 καὶ
2401 1074 2756 1145 ἐκτίσθησαν·
2795 1095 2814 1127 ι
2844 1076 3144 1130 ἐνετείλατο
3173 1077 3282 1148 γὰρ
3320 1077 3349 1128 6
3388 1076 3707 1148 ἁγέννητος

2091 1165 2221 1230 Θεὸς
2241 1165 2320 1237 τῷ
2345 1168 2683 1240 Πρωτοτόκῳ
2713 1169 2896 1240 πάσης
2930 1171 3181 1233 κτίσεως,
3208 1170 3304 1222 καὶ
3329 1168 3704 1239 ἐκτίσθησαν,

2088 1259 2148 1311 οὐ
2181 1260 2339 1331 μόνον
2369 1262 2397 1314 6
2423 1261 2626 1332 κόσμος
2655 1263 2749 1315 καὶ
2773 1263 2841 1316 τὰ
2870 1265 2926 1317 ἐν
2956 1263 3123 1334 αὐτῷ,
3149 1262 3284 1316 ἀλλά
3306 1264 3401 1317 καὶ
3426 1262 3496 1316 τὰ
3523 1260 3706 1315 λοιπὰ

2089 1352 2289 1421 πάντα,
2313 1373 2332 1406 ι
2360 1355 2470 1407 εἴτε
2493 1353 2689 1426 θρόνοι,
2713 1357 2822 1408 εἴτε
2851 1355 3190 1426 κυριότητες,
3223 1355 3334 1409 εἴτε
3357 1356 3527 1428 ἀρχαὶ
3552 1354 3702 1422 (46),

2088 1445 2196 1497 εἴτε
2236 1444 2496 1512 ἐξουσίαν
2544 1446 2720 1500 πάντα
2769 1446 2878 1518 γὰρ
2929 1447 2995 1500 δι’
3026 1446 3188 1500 αὑτοῦ
3239 1447 3334 1500 καὶ
3381 1450 3461 1510 εἰς
3523 1446 3706 1499 αὑτὸν

2089 1535 2356 1602 ἔκτισται,
2392 1539 2486 1592 καὶ
2510 1539 2670 1603 αὐτός
2704 1541 2820 1592 ἐστι
2853 1541 2960 1611 πρὸ
2991 1540 3228 1593 πάντων.
3275 1559 3292 1592 ι

402 1634 605 1699 throni,
639 1634 754 1688 sive
781 1630 1204 1694 dominationes,
1236 1630 1352 1684 sive
1378 1628 1734 1700 principatus,
1759 1630 1876 1685 sive
1907 1641 2205 1700 potestates
2230 1655 2242 1690 :
2267 1638 2449 1692 omnia
2480 1639 2624 1693 enim
2648 1653 2743 1708 per
2770 1638 2942 1704 illum,
2977 1650 3032 1692 et
3058 1641 3108 1692 in
3133 1639 3285 1693 illum
3307 1647 3496 1694 creata
3519 1644 3696 1692 sunt:

399 1736 456 1784 et
483 1728 598 1798 ipse
624 1735 709 1782 est
731 1736 858 1781 ante
892 1727 1076 1781 omnia
1105 1726 1170 1780 “.
1205 1743 1225 1778 ι

473 1826 527 1882 9.
559 1824 640 1879 Ad
677 1825 794 1879 haec
817 1823 870 1878 in
901 1823 1002 1878 hoc
1033 1823 1235 1878 dictum
1268 1839 1282 1876 :
1327 1841 1346 1874 ι
1373 1821 1441 1877 Ει
1478 1823 1596 1879 sine
1628 1823 1744 1894 ipso
1775 1823 1974 1880 factum
2009 1846 2050 1902 Β

398 1929 486 1975 est
538 1918 675 1974 nihil
706 1921 774 1984 ²²,
804 1937 824 1971 ι
883 1933 990 1972 non
1039 1917 1244 1972 intacta
1300 1918 1535 1974 sinenda
1584 1927 1669 1975 est
1701 1921 1878 1974 oratio
1915 1921 1982 1976 de

400 2014 535 2069 vitio
567 2032 582 2068 :
612 2011 864 2082 quamvis
908 2011 1056 2066 enim
1093 2010 1387 2066 admodum
1438 2011 1784 2068 dissentanea
1820 2021 1982 2082 atque

401 2104 671 2160 absimilis
725 2116 851 2158 esse
905 2102 1177 2167 videatur,
1246 2117 1348 2174 ego
1397 2103 1534 2158 nihil
1592 2103 1766 2160 ferme
1821 2104 1981 2161 facile

394 2196 857 2253 contemnendum
885 2209 1007 2250 esse
1037 2209 1254 2250 censeo.
1300 2195 1663 2263 Quaerendum
1705 2196 1850 2252 enim
1897 2207 1984 2253 est

401 2306 470 2346 an
503 2289 668 2345 etiam
695 2289 888 2343 vilium
919 2302 1014 2358 per
1043 2286 1198 2357 λόγον
1231 2287 1310 2360 [id
1342 2298 1426 2344 est
1443 2287 1738 2360 rationem]
1780 2287 1979 2344 factum

399 2383 493 2448 sit,
519 2383 787 2439 sumendo
818 2396 962 2436 nunc
1003 2380 1160 2450 λόγον
1196 2381 1287 2454 [id
1317 2390 1399 2437 est
1429 2380 1744 2454 rationem]
1773 2391 1982 2436 attente

397 2488 458 2532 et
493 2475 783 2545 diligenter
813 2489 912 2545 pro
961 2488 1030 2528 eo
1071 2474 1214 2544 λόγῳ
1239 2473 1331 2544 qui
1383 2482 1468 2529 est
1523 2474 1578 2529 in
1625 2490 1976 2544 unoquoque,

396 2567 661 2638 quoniam
689 2569 895 2636 etipse
921 2565 1194 2635 ingenitus
1222 2576 1308 2623 est
1339 2566 1569 2639 singulis
1611 2567 1679 2620 ab
1724 2581 1790 2621 eo
1825 2566 1982 2638 Λόγῳ

400 2662 498 2731 qui
531 2670 651 2716 erat
696 2662 747 2716 in
795 2660 1091 2732 principio.
1128 2660 1310 2729 lnquit
1357 2660 1526 2730 igitur
1564 2659 1860 2728 Apostolus
1890 2660 1979 2714 ":

405 2773 430 2808 ς
470 2755 602 2812 Sine
646 2755 764 2825 lege
822 2762 1102 2824 peccatum
1161 2764 1248 2810 est
1293 2763 1590 2818 mortuum,
1633 2772 1652 2805 ι
1703 2762 1758 2806 et
1784 2752 1978 2806 addit:

405 2869 428 2901 ο
460 2849 724 2904 Veniente
759 2857 940 2902 autem
969 2848 1225 2902 mandato
1251 2887 1266 2913 ,
1304 2856 1590 2917 peccatum
1624 2845 1818 2900 revixit
1860 2845 1925 2904 ³⁸,
1959 2864 1977 2896 ι

403 2942 660 2997 universe
687 2941 886 2996 docens
917 2939 984 2994 de
1022 2950 1280 3008 peccato,
1311 2941 1456 3010 quod
1483 2948 1767 3009 peccatum
1809 2938 1981 3008 ipsum

396 3035 604 3090 nullam
639 3035 842 3090 haheat
876 3033 1252 3104 operationem
1276 3071 1292 3098 ,
1332 3043 1620 3101 antequam
1665 3030 1851 3086 veniat
1896 3029 1979 3084 lex

397 3139 457 3186 et
481 3128 821 3184 mandatum.
852 3125 1092 3181 Proinde
1131 3139 1250 3178 cum
1299 3123 1455 3193 λόγος
1497 3122 1576 3196 [id
1603 3133 1688 3179 est
1727 3121 1887 3194 ratio]
1912 3122 1982 3177 sit

2154 1828 2274 1881 Ἔτι
2307 1829 2386 1893 εἰς
2417 1829 2504 1883 τό·
2545 1848 2563 1880 ι
2595 1828 2780 1902 Χωρὶς
2810 1827 2976 1883 αὐτοῦ
3013 1827 3230 1896 ἐγένετο
3262 1825 3381 1880 οὐδὲ
3415 1825 3496 1888 ἓν,
3533 1843 3553 1876 ι
3583 1823 3702 1878 οὐκ

2083 1920 2430 1993 ἀγύμναστον
2457 1923 2640 1976 ἐατέον
2691 1923 2786 1975 καὶ
2824 1921 2916 1975 τὸν
2962 1921 3090 1992 περὶ
3123 1921 3222 1992 τῆς
3263 1919 3461 1982 κακίας
3491 1917 3698 1987 λόγον·

2083 2016 2188 2070 κᾶν
2221 2017 2329 2089 γὰρ
2357 2015 2558 2088 σφόδρα
2589 2015 2952 2086 ἀπεμφαίνειν
2997 2015 3152 2086 δοκῇ,
3175 2014 3236 2066 οὺ
3272 2014 3415 2069 πάνυ
3446 2032 3502 2066 τι
3532 2014 3700 2069 δοκεῖ

2087 2123 2175 2177 μοι
2205 2106 2676 2176 εὐκαταφρόνητον
2701 2102 2859 2160 εἶναι.
2888 2105 3160 2176 Ζητητέον
3184 2105 3294 2177 γὰρ
3322 2106 3371 2157 εἰ
3400 2105 3494 2158 καὶ⁸
3520 2105 3555 2175 ή
3584 2122 3701 2159 κα-

2084 2200 2178 2254 κία
2213 2199 2300 2254 διά
2344 2198 2439 2253 τοῦ
2482 2199 2640 2268 λόγου
2683 2198 2996 2270 γεγένηται,
3032 2196 3126 2251 νῦν
3182 2197 3343 2266 λόγου
3393 2197 3695 2271 προσεχῶς

2083 2291 2496 2364 λαμϐανομένου
2530 2292 2624 2346 τοῦ
2661 2295 2718 2346 ἐν
2747 2291 2982 2362 ἑκάστῳ,
3016 2293 3092 2356 ὼς
3124 2309 3218 2345 και
3254 2290 3417 2355 αὐτὸς
3444 2291 3558 2344 ἀπὸ
3586 2289 3693 2344 τοῦ

2086 2387 2144 2439 ἐν
2166 2386 2306 2458 ἀρχῇ
2324 2387 2498 2456 Λόγου
2523 2387 2740 2457 ἐκάστῳ
2775 2385 3084 2456 γεγένηται.
3103 2385 3241 2458 Φησὶ
3258 2386 3433 2439 τοίνυν
3452 2387 3484 2439 6
3520 2385 3695 2438 Ἀπό-

2087 2476 2290 2539 στολοςο
2317 2496 2334 2528 ι
2359 2478 2542 2547 Χωρὶς
2557 2477 2721 2548 νόμου
2736 2476 2978 2548 ἁμαρτία
3004 2478 3191 2548 νεκρὰ,
3217 2495 3238 2529 ι
3268 2476 3362 2530 καὶ
3389 2475 3652 2546 ἐπιφέρει
3669 2489 3690 2506 ο

2090 2587 2110 2620 ι
2161 2570 2448 2640 Ἐλθούσης
2485 2570 2542 2624 δὲ
2580 2569 2820 2641 ἐντολῆς,
2856 2571 2888 2641 ἡ
2927 2571 3024 2640 μὲν
3056 2570 3303 2641 ἁμαρτία
3353 2567 3590 2640 άνέζησε
3613 2585 3628 2597 ο
3667 2586 3686 2618 ι

2085 2661 2388 2724 καθολικῶς
2416 2661 2528 2732 (47)
2555 2661 2821 2714 διδάσκων
2855 2661 2982 2731 περὶ
3006 2661 3104 2730 τῆς
3133 2659 3429 2730 ἁμαρτίας,
3457 2659 3537 2722 ὡς
3569 2675 3690 2730 μη-

2082 2753 2273 2825 δεμίαν
2300 2753 2578 2825 ἐνέργειαν
2603 2751 2774 2821 αὐτῆς
2809 2753 3039 2822 ἐχούσης
3066 2752 3194 2822 πρὶν
3220 2752 3383 2822 νόμου
3412 2750 3509 2803 καὶ
3531 2751 3693 2803 ἐντο-

2084 2844 2212 2915 λῆς⁶
2254 2843 2372 2906 πῶς
2403 2843 2459 2897 δέ
2493 2842 2632 2913 ἔχων
2667 2844 2695 2895 6
2725 2842 2880 2912 λόγος
2910 2841 3074 2912 νόμος
3128 2837 3267 2894 εἶναι
3318 2841 3411 2894 καὶ
3460 2839 3687 2914 ἐντολὴ,

2084 2939 2178 2992 καὶ
2210 2939 2311 2992 οὐκ
2344 2937 2410 2992 ἂν
2455 2936 2540 3009 εἴη
2583 2936 2828 3008 ἁμαρτία
2871 2936 2946 3008 μὴ
2995 2935 3148 2999 ὄντος
3192 2934 3378 3007 νόμου,
3409 2932 3688 3008 (ἁμαρτία

2083 3031 2207 3104 γὰρ.
2245 3031 2319 3102 μὴ
2363 3029 2662 3100 ἐλλογεῖται
2713 3030 2788 3100 μὴ
2823 3028 2976 3092 ὄντος
3001 3028 3165 3100 νόμου
3259 3027 3351 3082 καὶ¹
3381 3028 3546 3082 πάλιν
3577 3028 3687 3082 οὐκ

2083 3121 2149 3176 ἂν
2196 3123 2282 3194 ετη
2341 3121 2608 3194 ἁμαρτία,
2651 3120 2726 3193 μὴ
2773 3121 2924 3184 ὄντος
2973 3119 3165 3190 λόγου·
3195 3141 3214 3173 ι
3243 3121 3306 3175 Εἰ
3343 3141 3361 3173 ι
3392 3120 3504 3191 γὰρ
3542 3139 3562 3172 ι
3604 3121 3686 3193 μὴ

401 3223 588 3292 aliquo
619 3219 780 3275 modo
803 3220 886 3276 lex
919 3227 974 3275 et
1008 3217 1351 3282 mandatum,
1388 3227 1444 3273 et
1467 3231 1573 3272 non
1599 3216 1673 3271 sit
1699 3223 1969 3286 peccatum

2107 3215 2242 3288 ιλθον
2266 3251 2282 3275 ,
2365 3216 2502 3286 φησὶ
2525 3253 2542 3278 ,
2606 3215 2699 3270 καὶ
2745 3215 2984 3287 ἐλάλησα
3025 3218 3231 3279 αὐτοῖς,
3269 3215 3543 3287 ἁμαρτίαν
3573 3217 3687 3270 οὐκ

400 3331 508 3370 non
537 3313 841 3370 exsistente
883 3311 998 3382 lege
1027 3309 1072 3382 (ι
1109 3318 1392 3380 peccatum
1435 3310 1584 3364 enim
1617 3323 1722 3364 non
1749 3309 1979 3377 imputa-

397 3417 510 3472 tur,
568 3422 692 3461 cum
735 3420 844 3460 non
893 3404 966 3458 sit
996 3402 1080 3458 lex
1111 3402 1156 3433 "
1185 3402 1254 3471 ι),
1287 3402 1453 3456 etiam
1492 3407 1681 3456 rurSus
1721 3414 1827 3454 non
1877 3400 1981 3454 erit

394 3508 706 3571 peceatum,
735 3498 778 3552 si
807 3511 910 3550 non
945 3495 1016 3549 sit
1044 3495 1206 3562 ratio,
1243 3509 1365 3548 nam
1398 3492 1486 3548 «Si
1518 3508 1625 3548 non
1670 3489 1936 3546 venissem
1958 3528 1973 3555 ,

395 3591 574 3662 inquit
627 3594 693 3656 ",
751 3598 804 3645 et
866 3586 1081 3642 locutus
1114 3587 1195 3642 eis
1232 3585 1494 3648 fuissem,
1541 3592 1824 3653 peccatum
1869 3598 1976 3638 non

395 3683 687 3738 haberent.
716 3701 735 3735 ι
767 3678 881 3752 68
902 3679 1165 3736 Aufertur
1193 3679 1338 3734 enim
1371 3685 1668 3747 pratextus
1695 3675 1876 3731 omnis
1908 3675 1976 3730 ab

394 3790 462 3832 eo
499 3775 592 3846 qui
626 3773 859 3829 voluerit
900 3787 959 3828 se
1002 3773 1070 3828 de
1097 3779 1322 3842 peccato
1348 3769 1650 3824 defendere
1673 3809 1688 3835 ,
1719 3767 1976 3838 quoniam

391 3868 636 3926 sermoni
672 3877 727 3922 et
753 3865 951 3922 rationi
1000 3865 1053 3921 in
1101 3880 1159 3920 se
1194 3863 1520 3927 exsistenti,
1561 3860 1978 3931 ostendentique

394 3959 526 4031 quid
561 3957 858 4028 agendum,
895 3971 999 4011 non
1035 3956 1301 4026 paruerit.
1339 3953 1496 4010 Unde
1522 3952 1706 4008 omnia
1735 3950 1822 4006 vel
1860 3949 1976 4006 for—

392 4065 539 4110 tasse
565 4052 728 4107 etiam
758 4051 872 4121 ipsa
902 4050 1178 4105 deteriora
1215 4047 1354 4104 facta
1382 4057 1511 4102 sunt
1537 4061 1635 4116 per
1673 4045 1970 4111 rationem,

384 4157 450 4203 et
481 4151 601 4203 sine
641 4147 755 4214 ipsa
802 4145 1234 4214 (exponentibus
1279 4143 1435 4197 nobis
1473 4140 1774 4211 simplicius
1809 4155 1976 4196 vocn-

394 4238 504 4294 lam
553 4237 725 4306 nihil)
775 4235 980 4290 factum
1023 4244 1107 4287 est
1156 4232 1309 4287 nihil.
1366 4231 1478 4287 Nec
1508 4233 1707 4287 rationi
1751 4231 1976 4285 omnino

392 4332 532 4387 vitio
556 4329 878 4386 vertendum
910 4337 1014 4391 est,
1053 4326 1098 4380 si
1138 4326 1320 4380 omnia
1350 4340 1445 4395 per
1475 4324 1650 4395 ipsam
1677 4323 1816 4378 facta
1842 4323 1972 4390 sint,

392 4432 451 4480 et
479 4423 599 4478 sine
628 4422 746 4492 ipsa
775 4419 978 4472 factum
1004 4417 1074 4470 sit
1103 4414 1236 4471 nihil
1275 4431 1288 4469 ε
1320 4412 1779 4484 quemadmodum
1797 4423 1974 4478 neque

396 4517 664 4587 magistro
687 4514 821 4568 vit-io
841 4509 1162 4567 vertendum
1193 4517 1298 4572 est,
1342 4506 1436 4577 qui
1465 4504 1697 4560 discenti
1726 4515 1972 4557 necessa-

2081 3305 2226 3382 εῐχον
2274 3308 2407 3381 (48).
2446 3328 2466 3361 ι
2511 3311 2669 3364 Πᾶσα
2719 3311 2830 3383 γὰρ
2878 3311 3149 3384 πρόφασις
3209 3313 3526 3382 ἀφαιρεῖται
3583 3310 3684 3365 τοῦ

2082 3400 2408 3473 βουλομένου
2459 3401 2553 3454 ἐπὶ
2613 3403 2679 3473 τῇ
2741 3401 2987 3473 ἁμαρτίᾳ
3029 3399 3473 3468 ἀπολογίσασθαι,
3509 3400 3659 3455 ἐπὰν

2079 3495 2479 3566 ἐνυπάρχοντος
2539 3492 2696 3563 λόγου
2763 3495 2858 3548 καὶ
2916 3494 3373 3567 παραδεικνύντος
3445 3495 3476 3549 ὃ
3528 3513 3651 3568 προ,

2079 3586 2236 3640 κτέον
2267 3586 2399 3658 (49),
2433 3585 2508 3658 μὴ
2547 3586 2803 3660 πείθηταί
2835 3605 2920 3652 τις
2945 3587 3113 3659 αὐτῷ.
3150 3588 3304 3659 Τάχα
3349 3584 3441 3642 οὖν
3493 3590 3679 3642 πάντα

2082 3677 2246 3750 μέχρι
2274 3679 2368 3731 καὶ
2399 3677 2508 3733 τῶν
2535 3679 2791 3753 χειρόνων
2813 3678 2902 3732 διὰ
2931 3678 3024 3732 τοῦ
3052 3679 3208 3748 λόγου
3230 3679 3542 3751 γεγένηται,
3578 3681 3680 3734 καὶ

2077 3771 2244 3843 χωρὶς
2279 3771 2444 3827 αὑτοῦ
2488 3770 2876 3845 (ἁπλούστερον
2918 3771 3076 3844 ήμῶν
3124 3773 3584 3844 ἐκλαμϐανόντων
3613 3772 3679 3827 τὸ

2077 3863 2278 3934 οὐδὲν)
2321 3865 2538 3935 ἐγένετο
2581 3864 2755 3920 οὐδέν.
2803 3866 2910 3918 Καὶ
2946 3865 3008 3918 οὐ
3035 3865 3252 3930 πάντως
3279 3865 3358 3937 τῷ
3396 3864 3542 3936 λόγῳ
3576 3867 3676 3934 ἐγ-

2077 3955 2301 4028 κλητέον
2323 3959 2372 4011 εί
2403 3958 2578 4012 πάντα
2607 3957 2674 4012 δι’
2698 3957 2860 4011 αὐτοῦ
2899 3958 3138 4027 ἐγένετο,
3172 3960 3266 4011 καὶ
3300 3961 3470 4030 χωρὶς
3502 3956 3675 4012 αὐτοῦ

2075 4050 2296 4119 ἐγένετο
2353 4050 2466 4121 (50)
2496 4051 2614 4103 οὐδὲ
2649 4050 2740 4103 ἓν·
2785 4051 2862 4114 ὠς
2903 4050 3024 4104 οὺδέ
3062 4051 3355 4122 ἐγκλητέον
3399 4051 3478 4122 τῷ
3525 4051 3674 4106 διδα-

2078 4142 2263 4214 σκάλῳ
2301 4141 2688 4214 παραδείξαντι
2715 4143 2785 4196 τὰ
2808 4142 2996 4197 δέοντα
3033 4143 3110 4213 τῷ
3153 4144 3495 4214 μανθάνοντι,
3530 4145 3673 4198 ἐπὰν

2075 4235 2164 4289 διά
2184 4234 2253 4288 τά
2280 4235 2470 4288 τούτου
2515 4235 2813 4307 μαθήματα
2847 4235 3042 4306 μηκέτι
3073 4237 3235 4300 τόπος
3269 4236 3670 4308 καταλείπηται

2076 4325 2154 4399 τῷ
2191 4328 2558 4400 ἁμαρτάνοντι
2611 4326 2925 4395 ἀπολογίας,
2975 4326 3052 4390 ὼς
3103 4327 3230 4399 περὶ
3282 4325 3526 4395 ἀγνοίας,
3572 4327 3672 4382 καὶ

2079 4422 2311 4492 μάλιστα
2357 4421 2452 4476 ἐὰν
2492 4421 2773 4492 νοήσωμεν
2805 4418 3122 4473 διδάσκαλον
3163 4419 3259 4472 τοῦ
3301 4419 3670 4491 μανθάνοντος

2075 4513 2394 4587 ἀχώριστον.
2427 4517 2603 4570 υἱονεὶ
2639 4513 2748 4587 γὰρ
2792 4513 3106 4576 διδάσκαλος
3152 4511 3247 4566 τοῦ
3304 4511 3670 4583 μανθάνοντος

395 4611 476 4666 ria
507 4607 834 4671 ostenderit,
859 4621 983 4660 cum
1015 4613 1235 4673 propter
1265 4600 1425 4668 hujus
1455 4596 1767 4668 disciplinas
1795 4593 1969 4648 nullus

2107 4609 2375 4681 ,χώριστός
2406 4610 2618 4671 ἐστιν,ὁ
2647 4607 2968 4679 ἐνυπάρχων
3001 4609 3066 4677 τῇ
3101 4605 3258 4675 φύσει
3289 4603 3400 4658 τῶν
3426 4602 3668 4673 λογικῶν

393 4701 724 4758 defensionis
784 4697 1031 4770 peccami
1087 4695 1413 4766 relinquitur
1464 4694 1664 4759 locus,
1744 4687 1971 4761 perinde

378 4793 548 4864 quasi
577 4791 930 4863 ignoraverit,
959 4789 1122 4858 idque
1139 4787 1444 4859 praesertim
1463 4825 1479 4851 ,
1512 4788 1560 4841 si
1589 4787 1957 4842 considerave-

379 4887 562 4942 rimus
596 4886 915 4956 magistrum
942 4899 970 4935 a
1008 4883 1257 4937 discente
1287 4877 1714 4951 inseparabilem
1753 4896 1767 4933 :
1803 4879 1968 4934 veluti

2073 4701 2249 4769 λόγος,
2278 4701 2364 4754 ἀεὶ
2411 4699 2728 4753 ὑποϐάλλων
2758 4699 2824 4752 τὰ
2858 4696 3131 4770 πρακτέα,
3185 4696 3288 4750 κᾶν
3335 4695 3666 4767 παρακούω-

2074 4809 2172 4864 μεν
2206 4791 2366 4846 οιὺτοῦ
2399 4790 2508 4844 τῶν
2542 4789 2790 4854 ἐντολῶν,
2827 4790 3150 4853 ἐπιδιδόντες
3169 4789 3367 4852 αὐτοὺς
3397 4792 3518 4853 ταῖς
3543 4789 3666 4861 ἠδο-

2069 4887 2206 4950 ναῖς,
2235 4887 2330 4938 καὶ
2359 4884 2851 4956 παραπεμπόμενοι
2889 4881 2987 4947 τὰς
3040 4881 3264 4952 ἀρίστας
3312 4879 3478 4934 αὐτοῦ
3526 4896 3665 4953 συμ-

376 4979 536 5035 enim
573 4977 836 5049 magister
867 4975 1342 5046 inseparabilisest
1373 4989 1402 5028 a
1427 4973 1696 5038 discente,
1719 4973 1800 5027 sic
1827 4972 1967 5028 ratio

2107 4976 2279 5040 ουλάς.
2322 4976 2531 5045 ⁶Ὠσπερ
2579 4971 2637 5026 δὲ
2686 4973 2936 5045 ὑπηρέτῃ
2981 4971 3061 5043 τῷ
3109 4969 3370 5043 ὀφθαλμῷ
3427 4972 3523 5025 ἐπὶ
3548 4975 3663 5035 toi;

394 5075 449 5128 in
477 5085 804 5142 unoquoque
831 5071 922 5140 qui
958 5068 1186 5124 rationis
1219 5079 1304 5124 est
1333 5083 1557 5138 compos
1583 5106 1600 5134 ,
1642 5067 1966 5122 naturaliter

377 5167 682 5231 exsistens,
709 5180 924 5233 semper
955 5163 1161 5232 agenda
1187 5177 1494 5233 suggerens
1521 5201 1537 5226 ,
1581 5161 1748 5218 etiam
1778 5161 1823 5216 si
1857 5176 1965 5216 non

457 5260 508 5292 "
530 5258 674 5314 Psal.
708 5273 882 5323 xxxii,
912 5257 968 5312 9.
1079 5257 1121 5288 “
1155 5255 1363 5312 Coloss.
1396 5271 1436 5320 ι,
1473 5254 1562 5322 16,
1598 5255 1687 5311 17.

391 5331 439 5364 ⁸⁸
469 5330 626 5387 Joan.
659 5345 750 5392 xv,
780 5328 870 5382 22.

453 5423 573 5552 ⁴(46)
602 5423 738 5478 Εἴτε
759 5421 957 5499 ἀρχαί.
991 5420 1118 5503 Haec
1139 5421 1336 5475 desunt
1357 5420 1426 5500 ἰιι⁸
1439 5419 1627 5475 codice
1655 5418 1964 5484 Bodleiano,

523 5497 772 5552 leguntur
807 5511 857 5547 tu
889 5492 1190 5546 Barhertno
1214 5503 1269 5546 et
1299 5490 1488 5552 Regio.-

379 5490 488 5552 sed
523 5490 772 5565 leguntur
798 5490 857 5547 iu
879 5492 1269 5565 Barlyerinoget
1299 5490 1488 5565 “Aegio.-

463 5558 964 5636 (47)“Καθολικῶς.
1007 5563 1082 5636 l_t_a
1113 5562 1292 5636 co_dex_
1327 5559 1648 5616 Bodleianus
1674 5558 1971 5636 sicqueje-

382 5635 467 5692 .tzit
496 5629 810 5697 Ferrarius;
845 5634 899 5687 in
942 5633 1128 5688 codice
1163 5631 1333 5704 Regio
1383 5647 1482 5687 nec
1531 5646 1637 5686 non
1674 5629 1968 5686 Barberino

385 5704 591 5772 .legitur
617 5705 920 5759 καθολικόν.

465 5776 576 5840 (48)
608 5773 810 5842 Εἶχον.
867 5777 940 5830 Ita
975 5774 1144 5830 codex

388 5852 444 5895 et
472 5845 816 5910 Barburluus,
844 5845 1077 5911 εἴχοσαν.

1195 5735 1562 5838 Bodleianus;
1599 5770 1796 5844 Regius
1836 5787 1966 5828 vero

1793 5256 1838 5286 "
1867 5253 2024 5310 Joan.
2053 5269 2094 5320 ι,
2116 5257 2170 5312 3.
2267 5255 2314 5286 ”
2337 5253 2496 5309 Rom.
2525 5269 2620 5320 vn,
2653 5253 2706 5308 8.
2800 5251 2850 5286 “
2883 5252 3014 5308 ibid.
3050 5251 3104 5306 9.

2071 5069 2375 5141 κρείττοσιν
2416 5069 2549 5140 ἡμῖν
2597 5065 2948 5138 γεγενημένῳ
2969 5104 2984 5131 ,
3034 5064 3130 5118 καὶ
3183 5065 3268 5134 ἐφ’
3314 5057 3390 5118 ὧν
3438 5063 3503 5116 οὐ
3561 5081 3664 5119 κα-

2074 5160 2181 5226 λῶς
2208 5160 2319 5232 (51)
2346 5160 2564 5231 ὁρῶμεν
2590 5157 2872 5230 χρώμεθα,
2906 5157 3108 5229 ὁμοίως
3130 5157 3225 5210 καὶ
3253 5158 3319 5229 τῇ
3344 5157 3507 5228 ἀκοῇ,
3532 5157 3661 5211 ὅταν

3205 5251 3250 5285 ’⁸
3277 5249 3439 5306 Rom.
3475 5265 3530 5316 v,
3570 5250 3655 5305 t3.

2150 5413 2263 5484 (49)
2297 5411 2388 5484 Sic
2415 5410 2574 5467 codd.
2603 5410 2922 5466 Bodleianus
2949 5418 3007 5464 et
3032 5405 3397 5474 Barberinus;
3429 5405 3651 5478 Regius.

2077 5488 2136 5540 τὸ
2160 5481 2462 5558 πρακτέον.

2147 5556 2258 5626 (50)
2292 5552 2420 5626 fiat
2452 5553 2633 5626 χωρὶς
2674 5548 2860 5626 αὐτοῦ
2893 5546 3150 5617 ἐγένετο.
3203 5545 3331 5626 Haec
3357 5546 3571 5626 desunt
3603 5545 3640 5598 ir

2075 5617 2261 5682 codice
2294 5617 2488 5694 Regio,
2533 5617 2634 5678 sed
2685 5621 3005 5692 supplentur
3048 5634 3116 5673 ex
3149 5617 3306 5673 codd.
3354 5617 3631 5674 Bodleian-

2072 5709 2128 5752 et
2158 5697 2479 5754 Barberino.

2147 5767 2260 5837 (51)
2289 5766 2372 5818 Οὐ
2398 5761 2614 5837 καλῶς.
2676 5761 2751 5837 ita
2799 5760 3155 5837 recteuhahet
3199 5757 3649 5837 codexﬂRarberi‘

2075 5829 2204 5901 nus.
2235 5829 2375 5892 male
2404 5851 2533 5893 vero
2558 5834 2757 5903 Regius
2781 5841 2835 5891 et
2863 5831 3205 5901 Bodleianus,
3235 5830 3334 5883 οὑκ
3360 5829 3561 5896 ἄλλως.
