3792 6146
126 307 217 366 ui
1221 307 1580 365 COMMENT.
1622 308 1690 366 l'N
1729 308 1920 366 JOAN.
1958 310 2198 369 TOMUS
2223 311 2287 367 ll.

3285 317 3390 373 142

117 423 428 496 παρέχωμν
452 420 688 486 tame;
713 424 1022 496 ἀκροάσεσι
1047 426 1279 498 κρίσεως
1300 428 1581 499 ᾀσμάτων,
1610 447 1657 484 κε

1845 431 2125 487 bediamus
2163 432 2309 487 illius
2339 433 2648 503 praeceptis,
2702 431 3081 504 permittentes
3113 447 3212 490 nos
3239 435 3391 507 ipsos

113 517 222 571 τῶν
248 515 717 586 ἀπηγορευμένων
761 517 1150 589 ἀκουσμάτων,
1179 519 1352 582 οὕτως
1393 519 1705 593 ἐνυϐρίζον-

109 627 204 673 ut;
222 609 309 663 τὸν
339 609 397 662 έν
420 609 555 680 ἡμῖν
579 607 766 678 λόγον,
796 609 896 664 καὶ
925 610 1025 664 οὐκ
1051 611 1131 675 είς
1157 610 1277 666 δέον
1309 612 1458 684 αὐτῷ
1488 613 1706 686 χρώμε-

107 720 212 767 νοι,
235 702 304 757 δι’
339 701 508 757 αὐτοῦ
536 702 968 776 παρανομοῦμεν
1000 704 1080 768 εἰς
1107 705 1284 778 κρίμα
1319 710 1434 772 τοῖς
1460 709 1706 780 ἁμαρτά-

106 811 286 848 νωσιν
312 794 740 865 ἐνυπάρχοντος,
776 794 869 848 καὶ
900 794 989 850 διὰ
1011 794 1172 849 τοῦτο
1200 796 1476 869 κρίνοντος
1501 799 1593 852 τὸν
1628 799 1704 871 μὴ

104 889 323 942 πάντων
353 887 520 942 αὐτὸν
552 889 1002 960 προτιμήσαντά·
1053 887 1178 943 ὅθεν
1219 891 1312 943 καί
1358 908 1549 963 φησιν’
1584 911 1604 945 ι
1647 893 1704 946 Ὁ

99 981 262 1050 λόγος
298 981 364 1035 δν
415 981 677 1053 ἐλάλησα,
727 982 889 1046 αὐτὸς
935 984 1115 1054 κρινεῖ
1156 983 1321 1055 ὑμᾶς,
1355 1004 1374 1037 ι
1408 984 1522 1039 ἴσον
1560 985 1705 1041 διδά-

100 1092 251 1128 σκων
276 1073 374 1145 τῷ·
411 1073 554 1146 Ἐγὼ
584 1077 616 1130 ό
647 1075 839 1146 Λόγος,
869 1077 898 1129 ό
925 1077 983 1130 ὲν
1015 1077 1144 1148 ὑμῖν
1165 1077 1253 1130 ἀεὶ
1277 1077 1505 1150 ὲνηχῶν,
1540 1079 1704 1144 αὐτὸς

99 1170 249 1240 iugi;
289 1168 662 1229 καταδικάσω.
687 1167 851 1222 τόπον
901 1168 1197 1240 ἀπολογίας
1240 1172 1704 1245 καταλειπόμενον

99 1262 326 1331 ἔχοντας
372 1261 647 1332 οὐδαμῶς.
693 1262 845 1329 Δόξει
895 1261 1143 1334 μέντοιγε
1209 1263 1488 1336 βιαιοτέρα
1563 1261 1702 1320 εἶναι

97 1353 244 1425 αὓτη
271 1356 305 1425 ή
341 1354 563 1426 ἐκδοχὴ,
600 1354 758 1409 ἄλλον
806 1355 904 1426 μὲν
949 1355 1122 1425 Λόγον
1154 1356 1248 1410 τὸν
1282 1358 1338 1410 ἐν
1366 1358 1507 1430 ἀρχῇ
1545 1359 1702 1430 ἡμῶν

100 1448 467 1519 ἑξειληφότων
506 1449 600 1504 τὸν
647 1449 784 1521 πρὸς
828 1449 918 1502 τὸν
973 1449 1128 1514 Θεὸν,
1171 1450 1263 1504 τὸν
1313 1450 1445 1504 Θεὸν
1493 1452 1696 1521 Λόγον·

98 1538 275 1604 ἂλλως
302 1542 362 1595 δὲ
385 1541 552 1595 αὑτὸν
577 1541 862 1607 νοοὺντων,
894 1541 988 1596 ἆτε
1022 1542 1082 1595 οὐ
1121 1541 1279 1614 μόνον
1309 1544 1402 1596 ἐπὶ
1423 1544 1531 1598 τῶν
1565 1562 1699 1617 προ-

1807 523 2178 594 voluptatibus
2206 535 2264 581 et
2291 527 2770 596 praetermittentes
2791 528 2996 596 optima
3035 527 3184 582 illius
3212 532 3393 587 consi-

1802 614 1899 669 lia.
1947 614 2228 672 Utautem
2272 616 2436 672 oculo
2473 615 2633 672 nobis
2679 616 2749 671 ad
2803 616 2946 672 bona
2980 615 3232 671 ministro
3262 617 3391 674 dato

1805 707 1970 762 etiam
2011 706 2293 762 abutimur
2321 707 2376 762 in
2406 707 2496 762 his
2536 721 2659 778 quae
2701 707 2930 762 honeste
2964 721 3072 760 non
3117 707 3389 775 videmus,

1806 796 2034 870 perinde
2064 807 2229 869 atque
2263 799 2317 854 in
2344 800 2532 854 auditu
2567 798 2820 862 facimus,
2850 813 2974 855 cum
3017 807 3258 855 attentos
3287 814 3389 856 nos

1805 891 2113 964 praebemus
2189 892 2556 963 diiudicandis
2615 891 2850 948 canticis
2911 891 3389 963 auditionibusque

1808 983 1967 1039 nobis
2001 983 2208 1050 vetitis,
2265 985 2345 1040 sic
2393 984 2784 1040 contumeliam
2840 983 3138 1040 inferentes
3184 983 3388 1040 rationi

1805 1089 1927 1143 quae
1953 1075 2006 1129 in
2039 1075 2197 1131 nobis
2223 1076 2391 1144 inest,
2417 1091 2522 1132 nec
2548 1076 2638 1131 ubi
2663 1084 2881 1146 oportet
2909 1075 2996 1131 illa
3027 1085 3263 1144 utentes,
3293 1089 3389 1145 per

1806 1167 1974 1237 ipsam
2015 1169 2454 1238 transgredimur
2483 1169 2678 1239 legem,
2701 1168 2827 1239 quae
2859 1170 3216 1238 peccantibus
3243 1169 3388 1223 inest

1803 1261 1871 1314 ad
1905 1259 2196 1329 judicium,
2229 1269 2288 1316 et
2318 1260 2525 1316 idcirco
2574 1275 2701 1317 eum
2749 1261 3009 1332 judicans
3061 1261 3152 1330 qui
3209 1260 3387 1331 ipsam

1801 1353 2057 1408 omnibus
2106 1369 2213 1408 non
2248 1353 2576 1424 praetulerit.
2631 1353 2786 1411 Unde
2840 1356 3006 1410 etiam
3053 1353 3231 1423 inquit
3285 1353 3329 1384 ³⁷
3368 1367 3382 1404 :

1808 1463 1828 1497 ι
1851 1443 2066 1511 Sermo,
2088 1461 2247 1515 quem
2270 1448 2484 1502 locutus
2506 1463 2651 1511 sum,
2678 1447 2795 1516 ipse
2819 1445 3334 1511 condemnabitvos,
3362 1461 3381 1496 ι

1805 1536 2036 1604 perinde
2067 1537 2226 1607 quasi
2255 1537 2486 1599 diceret,
2520 1537 2634 1608 Ego
2670 1537 2759 1592 ille
2792 1537 2987 1605 Λόγος,
3034 1536 3123 1590 ille
3152 1536 3208 1589 in
3233 1535 3386 1589 vobis

99 1638 422 1709 ηγουμένων
475 1635 972 1707 δημιουργημάτων
1013 1634 1077 1688 τό
1099 1651 1112 1664 ·
1150 1655 1168 1686 ι
1198 1635 1384 1689 Πάντα
1431 1635 1496 1689 δι’
1533 1634 1657 1690 αὐτο

1845 1642 2090 1694 tsonans,
2125 1629 2241 1698 ipse
2263 1643 2360 1683 vos
2382 1630 2776 1697 condemnabo,
2807 1631 2898 1700 qui
2932 1628 3138 1683 nullum
3163 1628 3385 1683 omnino

101 1731 338 1801 ἐγένετο,
374 1750 395 1783 ι
428 1727 688 1799 λέγεσθαι
716 1729 1049 1799 ὲφάσκομεν,
1077 1727 1214 1782 ἀλλὰ
1247 1729 1342 1782 καὶ
1362 1728 1454 1782 ἐπὶ
1479 1728 1657 1783 πάντα

1845 1720 2138 1777 efensionis
2170 1721 2428 1777 relictum
2451 1722 2667 1778 habetis
2693 1723 2895 1779 locum.
2928 1723 3126 1778 Verum
3145 1721 3384 1778 coactior

100 1825 202 1878 ὑπὸ
224 1823 340 1896 (5'2)
367 1822 484 1877 τῶν
525 1820 760 1890 λογικῶν
786 1819 1192 1890 πραττομένων,
1229 1812 1290 1873 οὗ
1317 1819 1475 1890 λόγου
1502 1822 1657 1894 χωρὶς

1845 1815 2074 1871 idebitttr
2095 1830 2215 1872 esse
2241 1817 2356 1872 limo
2385 1817 2765 1888 intelligentia,
2790 1817 3188 1888 exponentibus
3221 1815 3383 1870 nobis

94 1915 246 1968 οὐδὲν
272 1912 689 1985 ἁμαρτάνομεν.
720 1910 833 1964 Καὶ
860 1907 1119 1981 ζητητέον
1147 1911 1195 1963 εἰ
1229 1910 1324 1964 καὶ
1360 1910 1451 1964 τὸν
1477 1913 1533 1964 ὲν
1558 1914 1657 1984 ήμῖ

1845 1907 1964 1962 lium
2012 1907 2186 1977 Λόγον
2231 1909 2286 1964 in
2331 1909 2599 1979 principio
2640 1909 2991 1965 exsistentem
3034 1908 3208 1978 Λόγον
3239 1907 3383 1977 apud

95 2007 249 2074 λόγον
282 2005 380 2058 τὸν
405 2003 573 2057 αὐτὸν
599 2001 820 2056 λεκτέον
848 2001 925 2072 τῷ
946 2003 1004 2057 ὲν
1031 2002 1173 2073 ἀρχῇ
1208 2001 1305 2056 καὶ
1335 2001 1413 2074 τῷ
1435 2003 1572 2074 πρὸς
1600 2003 1692 2058 τὸν

93 2097 248 2160 Θεὸν,
275 2097 378 2150 καὶ
398 2094 481 2166 τῷ
501 2094 622 2166 Θεῷ
649 2093 827 2164 Λόγῳ,
865 2093 1099 2165 μάλιστα
1123 2094 1246 2147 ἐπεὶ
1273 2094 1370 2166 οὐχ
1401 2095 1476 2159 ὡς
1507 2097 1698 2168 ἑτέρου

95 2191 287 2243 τούτου
318 2188 686 2258 τυγχάνοντος
719 2185 870 2259 παρὰ
893 2186 984 2240 τὸν
1017 2188 1074 2241 ἐν
1107 2187 1248 2258 ἀρχῇ
1280 2186 1418 2260 πρὸς
1455 2186 1546 2242 τὸν
1567 2187 1698 2242 Θεὸν

95 2284 291 2352 Λόγον,
322 2282 503 2336 έοικεν
531 2281 563 2334 ό
590 2279 908 2342 ’Λπόστολος
933 2279 1203 2335 διδάσκειν
1243 2280 1335 2334 τόο
1364 2301 1383 2334 ι
1418 2280 1510 2354 Μὴ
1539 2283 1699 2357 εἴπῃς

96 2378 153 2430 έν
183 2379 250 2448 τῇ
276 2375 485 2448 καρδίᾳ
517 2391 611 2427 σου
630 2391 642 2404 ·
673 2373 770 2437 Τίς
801 2372 1134 2445 ἀναϐήσεται
1173 2375 1253 2439 είς
1299 2373 1391 2428 τὸν
1432 2375 1694 2446 οὐρανόν;

94 2470 345 2524 τουτέστι
379 2467 617 2540 Χριστὸν
645 2465 1077 2539 καταγαγείνοῆ,
1105 2465 1188 2530 τίς
1215 2464 1585 2538 καταϐήσεται
1617 2468 1698 2530 εἰς

95 2563 192 2634 τὴν
218 2561 465 2618 ἄϐυσσον
486 2577 501 2627 ;
523 2559 770 2613 τουτέστι
794 2557 1030 2630 Χριστὸν
1050 2559 1115 2612 ἔκ
1142 2557 1350 2630 νεκρῶν
1378 2559 1692 2629 ἀναγαγεῖν.

107 2653 271 2707 Ἀλλὰ
314 2653 371 2706 τί
417 2651 568 2721 λέγει
605 2653 640 2724 ἡ
673 2650 902 2724 Γραφής
942 2648 1139 2719 Ἐγγύς
1169 2666 1262 2703 σου
1304 2648 1364 2704 τὸ
1402 2650 1553 2722 ῥῆμά
1579 2651 1694 2704 ἐστι

99 2747 306 2820 σφόδρα
329 2747 391 2800 έν
410 2745 490 2817 τῷ
514 2743 741 2816 στόματί
766 2760 881 2809 σου,
915 2742 1010 2797 καὶ
1032 2744 1094 2797 ἐν
1123 2744 1189 2814 τῇ
1222 2741 1420 2814 καρδίᾳ
1450 2758 1563 2796 σου.
1599 2760 1620 2796 ι

1799 2001 1996 2069 Deum;
2043 1999 2211 2056 Deum
2234 2000 2445 2071 Λόγον;
2477 2001 2642 2056 alium
2680 2011 2862 2057 autem
2903 2001 3080 2071 ipsum
3128 1999 3382 2062 conside-

1802 2092 2070 2157 rantibus,
2135 2093 2264 2163 quia
2301 2109 2410 2149 non
2448 2093 2622 2149 solum
2670 2095 2739 2151 de
2787 2094 3080 2164 praecipuis
3123 2091 3380 2163 Opiﬁciis,

1799 2187 1982 2240 omnia
2028 2201 2125 2257 per
2154 2188 2334 2257 ipsum
2373 2185 2519 2243 facta
2551 2186 2716 2243 fuisse
2746 2188 2852 2244 diei
2885 2187 3151 2253 diximus,
3186 2198 3380 2241 verum

1801 2279 1964 2334 etiam
1994 2279 2063 2335 de
2102 2281 2354 2337 omnibus
2387 2295 2509 2351 quae
2539 2281 2678 2337 ﬁunt
2710 2280 2778 2336 ab
2816 2281 2902 2337 his
2947 2280 3041 2351 qui
3089 2278 3252 2348 λόγου
3302 2275 3382 2350 [et

1803 2370 2066 2445 rationis]
2117 2383 2243 2428 sunt
2286 2383 2600 2443 compotes,
2643 2373 2764 2429 sine
2806 2387 2913 2443 quo
2954 2371 3098 2443 λόγῳ
3154 2368 3244 2444 [id
3294 2378 3381 2424 est

1801 2465 2036 2539 ratione]
2067 2467 2202 2522 nihil
2238 2483 2553 2538 peccamus.
2583 2467 2806 2538 Insuper
2827 2467 3180 2538 quaerendum
3210 2464 3378 2523 etiam

1799 2569 1883 2614 est
1916 2576 1984 2615 an
2029 2563 2076 2616 is
2101 2560 2282 2632 λόγος,
2315 2562 2407 2632 qui
2442 2562 2495 2617 in
2530 2562 2687 2617 nobis
2707 2571 2812 2627 est,
2873 2561 3014 2616 idem
3043 2559 3115 2614 sit
3148 2572 3271 2614 cum
3309 2571 3378 2611 eo

1799 2653 1892 2723 qui
1937 2663 2022 2710 est
2045 2655 2100 2710 in
2129 2657 2420 2727 principio,
2444 2663 2500 2710 et
2525 2655 2619 2726 qui
2650 2663 2735 2711 est
2756 2655 2898 2725 apud
2923 2655 3114 2719 Deum,
3151 2661 3208 2707 et
3234 2650 3380 2705 Deus

1801 2745 1999 2816 Λόγος,
2070 2749 2377 2819 praesertim
2427 2749 2683 2820 quoniam
2750 2757 3014 2818 tanquam
3073 2747 3177 2802 hoc
3230 2744 3377 2816 λόγῳ

96 2841 271 2898 altero
300 2856 410 2896 non
440 2841 739 2897 exsistente
767 2840 835 2894 ab
855 2854 921 2895 eo
953 2837 1112 2909 Λόγῳ
1137 2839 1230 2909 qui
1258 2847 1342 2894 est
1373 2839 1427 2894 in
1451 2838 1725 2911 principio
1753 2844 1896 2911 apud
1923 2843 2114 2910 Deum,
2142 2845 2392 2901 videatur
2415 2845 2710 2916 Apostolus
2737 2845 2871 2900 illud
2904 2845 3104 2901 docere
3132 2843 3218 2898 ἐς
3248 2861 3268 2895 ι
3293 2839 3376 2896 Ne

97 2935 304 2992 dixeris
333 2935 391 2991 in
418 2936 588 2992 corde
618 2944 713 2990 tuo
740 2949 757 2990 :
784 2933 922 3004 Quis
952 2935 1213 2990 ascendet
1231 2933 1286 2989 in
1308 2931 1545 2990 caelum?
1562 2935 1666 2992 hoc
1690 2937 2067 2994 estChristum
2091 2939 2358 2996 deducere
2389 2940 2539 3014 :69
2559 2941 2642 2997 vel
2670 2941 2792 3013 quis
2813 2938 3108 2996 descendet
3131 2937 3185 2993 in
3208 2936 3376 3006 abys-

97 3032 257 3086 sum?
281 3031 389 3086 hoc
425 3037 513 3086 est
541 3029 819 3086 Christum
851 3043 918 3085 ex
949 3027 1180 3085 mortuis
1224 3028 1509 3086 reducere.
1560 3029 1669 3087 Sed
1698 3032 1827 3103 quid
1854 3033 1986 3090 dicit
2025 3032 2307 3106 Scriptura
2333 3035 2422 3090 ὀἳ
2452 3036 2628 3108 Prope
2683 3045 2737 3093 te
2763 3035 2988 3092 verbum
3017 3043 3100 3090 est
3136 3031 3292 3088 valde
3321 3033 3377 3088 in

95 3143 188 3185 ore
216 3137 314 3185 tuo
337 3129 472 3185 etin
499 3128 666 3185 corde
694 3137 808 3183 tuo.
846 3145 868 3181 ι

164 3224 233 3276 Ὃ
274 3223 525 3293 τέτηνεν
554 3220 627 3277 ἐν
654 3219 818 3287 αὺτῷ
843 3219 954 3292 (55)
983 3217 1095 3290 ζωὴ
1133 3214 1234 3292 ἦν,
1265 3218 1367 3274 και
1403 3219 1444 3288 ἡ
1470 3214 1582 3285 ζωὴ
1611 3210 1657 3287 ἦ·

1966 3217 2121 3284 Quod
2145 3217 2347 3288 factum
2369 3227 2446 3276 est
2467 3236 2524 3273 ιη
2539 3219 2654 3290 ipso
2670 3219 2777 3274 vita
2793 3229 2931 3287 erat,
2946 3230 2995 3276 et
3025 3223 3134 3278 vita
3149 3221 3248 3278 illa
3261 3204 3432 3278 ιιινιιχ

98 3318 158 3373 τὸ
194 3315 326 3388 φῶς
371 3316 494 3370 τῶν
523 3312 871 3384 ἀνθρώπων.
902 3313 1057 3367 Ἔστι
1093 3313 1218 3368 τινὰ
1263 3313 1509 3385 δόγματα
1559 3311 1691 3384 παρ’

99 3409 346 3481 Ἕλλησι,
374 3407 688 3481 καλούμενα
719 3404 1020 3477 παράδοξα,
1061 3403 1141 3478 τῷ
1167 3405 1287 3460 κατ’
1313 3405 1512 3468 αὐτοὺς
1537 3402 1689 3476 σοφῷ

100 3503 326 3558 πλεῖστα
365 3502 472 3557 ὅσα
503 3500 890 3573 προσάπτοντα
919 3498 1060 3570 μετά
1089 3515 1235 3562 τινος
1279 3496 1609 3564 ἀποδείξεως
1653 3495 1688 3569 ἢ

99 3596 433 3668 φαινομένης
461 3592 809 3660 άπώείξεως,
844 3590 987 3646 καθά
1016 3608 1150 3663 φησι
1190 3590 1350 3663 μόνον
1384 3589 1480 3643 καὶ
1511 3588 1690 3644 πάντα

98 3692 183 3744 τὸν
216 3689 380 3759 σοφὸν
408 3682 553 3742 εἶναι
587 3685 759 3758 ἱερέα,
781 3684 860 3757 τῷ
895 3684 1054 3756 μόνον
1078 3683 1174 3738 καὶ
1206 3684 1384 3738 πάντα
1407 3683 1498 3736 τὸν
1527 3679 1689 3751 σοφὸν

98 3783 409 3854 ἐπιστήμην
445 3780 592 3852 ἔχειν
624 3778 726 3850 τῆς
758 3775 851 3830 τοῦ
883 3775 1020 3830 Θεοῦ
1062 3775 1379 3848 θεραπείας
1406 3774 1500 3829 καὶ
1527 3773 1689 3846 μόνον

97 3879 187 3933 καὶ
214 3876 394 3931 πάντα
424 3875 519 3928 τὸν
550 3871 712 3943 σοφὸν
752 3867 890 3926 εἶναι
921 3868 1229 3943 ἐλεύθερον,
1254 3865 1502 3933 ἐξουσίαν
1523 3867 1686 3920 αὐτο-

96 3971 339 4042 πραγίας
367 3966 482 4024 άπὸ
512 3964 608 4020 τοῦ
643 3963 787 4020 θείου
814 3963 978 4035 νόμου
1003 3960 1281 4035 εἰληφότα.
1309 3959 1422 4014 Καὶ
1461 3958 1561 4031 τὴν
1603 3958 1689 4024 ἐξ·

95 4067 279 4120 ουσίαν
319 4063 378 4116 δὲ
408 4061 682 4134 ὁρίζονται
721 4057 949 4130 νόμιμον
993 4056 1317 4128 ἐπιτροπήν.
1353 4053 1462 4107 Καὶ
1509 4053 1563 4106 τί
1606 4052 1688 4106 δεῖ

95 4161 186 4214 νῦν
210 4161 364 4231 ἡμᾶς
406 4156 588 4224 λέγειν
621 4153 751 4227 περὶ
794 4151 902 4206 τῶν
955 4148 1300 4220 καλουμένων
1345 4145 1682 4219 παραδόξων,

95 4253 295 4326 πολλῆς
318 4250 490 4322 οὔσης
525 4249 625 4320 τῆς
659 4249 740 4311 είς
776 4243 916 4299 αὐτὰ
940 4241 1340 4318 πραγματείας,
1367 4240 1461 4294 καὶ⁸
1499 4237 1688 4310 δεομέ-

95 4365 195 4404 νων
216 4344 568 4416 συγκρίσεων
605 4340 718 4413 (54)
749 4339 848 4412 τῆς
875 4337 1011 4411 πρὸς
1043 4337 1104 4391 τὸ
1139 4335 1384 4407 βούλημα
1407 4334 1508 4406 τῆς
1541 4333 1685 4407 Γρα-

93 4440 195 4514 quia;
222 4438 338 4493 τῶν
370 4435 464 4490 ὑπ’
492 4434 671 4489 αὐτῶν
699 4431 840 4487 κατὰ
864 4429 933 4484 τὰ
966 4427 1242 4500 παράδοξα
1277 4423 1686 4496 ἀπαγγελλομέ-

93 4552 216 4599 νων,
248 4532 342 4586 ἴνα
374 4529 468 4584 ἐπὶ
498 4529 661 4582 τίνων
703 4526 732 4580 ὁ
770 4525 870 4597 τῆς
911 4521 1220 4585 Θεοσεϐείας
1254 4519 1410 4590 λόγος
1438 4521 1681 4591 συνηχεῖ,

1799 3293 2175 3369 ιιιᾶἥιοηιὶηιιηι
2187 3315 2256 3370 ³⁰.
2275 3314 2532 3382 Quaedam
2555 3323 2681 3370 sunt
2697 3318 2838 3387 apud
2854 3316 3082 3387 gentiles
3100 3317 3374 3386 dogmata,

1796 3405 2072 3475 paradoxa
2095 3420 2213 3476 quae
2230 3416 2450 3471 vocant,
2466 3406 2699 3478 sapienti
2730 3422 2829 3463 suo
2861 3409 3154 3465 tribuentia
3183 3425 3374 3480 quam-

1796 3497 2050 3569 plurima,
2083 3514 2208 3554 cum
2233 3501 2467 3569 quadam
2494 3493 2956 3560 demonstratiOne
2977 3503 3063 3559 vel
3089 3518 3323 3576 apparen
3335 3505 3372 3559 ti

1795 3587 2278 3653 demonstratione,
2295 3591 2447 3657 juxta
2473 3605 2592 3660 qua:
2612 3590 2866 3663 inquiunt
2887 3594 3062 3649 solum
3082 3604 3137 3651 et
3155 3611 3370 3652 omnem

1794 3673 2096 3743 sapientem
2127 3690 2251 3731 esse
2293 3679 2754 3745 sacerdotem;eo
2775 3684 2919 3751 quod
2960 3685 3108 3742 solus
3154 3690 3374 3758 sapiens

1794 3767 1970 3821 cultus
1996 3765 2165 3822 divini
2193 3768 2517 3838 sapientiam
2540 3779 2759 3841 teneat;
2783 3775 2957 3832 solum
2987 3779 3150 3836 etiam
3173 3793 3226 3838 et
3253 3800 3373 3840 om-

1793 3868 1916 3909 nem
1941 3855 2242 3925 sapientem
2273 3857 2526 3928 inquiunt
2554 3875 2674 3918 esse
2703 3862 2955 3935 liberum,
2981 3877 3237 3942 tanquam
3277 3877 3373 3945 qui

1791 3949 2065 4018 acceperit
2093 3948 2398 4006 libertatem
2427 3966 2495 4008 ex
2525 3955 2694 4010 animi
2728 3957 2809 4013 sui
2834 3965 3102 4018 sententia
3133 3981 3372 4036 operan-

1792 4039 1845 4094 di
1871 4055 1903 4094 a
1927 4039 2046 4112 lege
2077 4040 2282 4110 divina,
2310 4042 2621 4101 libertatem
2648 4050 2815 4106 etiam
2833 4052 3154 4115 deﬁnientes
3183 4061 3368 4132 legiti-

1790 4145 1934 4185 mam
1960 4132 2391 4202 permissionem.
2415 4136 2482 4191 Et
2503 4139 2632 4208 quid
2649 4155 2783 4211 opus
2800 4153 2886 4198 est
2901 4160 3003 4202 nos
3025 4165 3169 4206 nunc
3185 4153 3372 4214 dicere

1788 4223 1858 4280 de
1878 4225 1964 4279 his
1983 4239 2104 4295 quae
2122 4229 2393 4295 paradoxa
2412 4233 2771 4303 appellantur,
2794 4251 2917 4292 cum
2941 4242 3166 4298 multum
3187 4261 3371 4317 opera:

1788 4324 2098 4379 insumatur
2130 4323 2182 4377 in
2219 4325 2323 4390 eis,
2361 4335 2417 4381 et
2459 4342 2522 4382 ea
2573 4343 2695 4399 quae
2737 4332 2806 4387 ab
2850 4332 2983 4404 ipsis
3013 4340 3370 4399 enuntiantur

1782 4415 1936 4487 juxta
1981 4414 2288 4485 paradoxa,
2338 4415 2630 4474 collatione
2682 4431 2878 4491 egeant
2926 4440 3050 4480 cum
3087 4427 3371 4489 voluntate

1791 4508 2109 4581 Scriptura,
2139 4520 2198 4565 ut
2231 4511 2286 4566 in
2316 4513 2514 4581 quibus
2553 4513 2733 4570 cultus
2765 4515 2936 4571 divini
2972 4521 3110 4575 ratio
3137 4537 3370 4578 concor-

201 4586 311 4680 ὶπὶ
345 4624 508 4677 τίνων
538 4620 600 4674 τὸ
629 4586 869 4674 έναντίόν
910 4619 1022 4681 τοῖς
1066 4614 1157 4669 ὑπ’
1196 4586 1421 4668 ἐκείνων
1451 4586 1657 4683 λεγομέ

1845 4613 1901 4670 :t,
1931 4611 1986 4660 et
2013 4605 2069 4660 in
2109 4604 2306 4676 quibus
2335 4608 2677 4661 contrarium
2701 4608 2855 4677 velit,
2884 4609 2970 4666 his
2998 4627 3119 4682 quae
3158 4615 3226 4670 ab
3257 4616 3367 4672 illis

92 4738 197 4786 νοις
247 4718 525 4791 βούλεται,
558 4712 906 4786 παραστῆσαι
959 4707 1310 4780 δυνηθῶμεν;
1361 4703 1576 4759 Τούτων
1625 4703 1682 4757 δὲ

93 4817 219 4886 ημῖν
255 4813 450 4885 μνήμη
489 4807 782 4879 γεγένηται
824 4802 1043 4874 ζητοῦσι
1075 4801 1167 4855 τό’
1215 4817 1236 4852 ι
1271 4800 1338 4852 Ὃ
1371 4798 1592 4886 γέγονεν
1623 4797 1682 4850 ἐν

271 4902 388 4974 ζωὴ
412 4897 505 4973 ἦν,
549 4919 569 4951 ι
598 4897 688 4951 διὰ
712 4895 774 4949 τὸ
800 4893 962 4948 οἱονεὶ
987 4891 1067 4962 τῷ
1096 4888 1402 4962 χαρακτῆρι
1434 4885 1553 4978 τῶν-
1570 4901 1678 4978 παῖ-

96 4973 352 5066 ραδόξων,
377 4973 474 5043 καὶ
503 4989 556 5041 εί
600 4986 682 5039 δεῖ
719 4986 913 5045 εἰπεῖν,
951 4978 1376 5052 παραδοξότερον
1419 4974 1570 5048 παρὰ
1607 4973 1679 5029 τὰ

94 5087 175 5139 ὑπ’
231 5083 457 5138 ἐκείνων
513 5078 784 5149 λεγόμενα
837 5075 1098 5129 δύνασθαι
1146 5073 1212 5128 ἄν
1250 5089 1372 5125 τινα
1412 5071 1677 5141 ἑπόμενον

93 5178 151 5246 τῇ
171 5175 366 5246 Γραφῇ
385 5171 559 5239 δεῖξαι
582 5168 806 5223 τοιαῦτα
833 5166 1072 5221 πλείονα.
1113 5163 1237 5218 Ἐὰν
1263 5163 1373 5235 γὰρ
1392 5163 1675 5234 νοήσωμεν

93 5270 175 5324 τὸν
206 5271 266 5322 έν
297 5269 441 5340 ἀρχῇ
474 5266 667 5335 Λάγον,
701 5262 792 5318 τὸν
825 5261 958 5334 πρὸς
985 5259 1076 5314 τὸν
1111 5258 1263 5324 Θεὸν,
1293 5257 1384 5310 τὸν
1408 5256 1540 5311 Θεὸν
1568 5255 1674 5310 Λό-

94 5379 202 5431 γον,
230 5360 372 5432 τάχα
395 5356 742 5432 δυνησόμεθα
777 5355 936 5428 μόνον
968 5353 1059 5408 τὸν
1082 5351 1296 5419 τούτου,
1324 5348 1468 5404 καθὰ
1503 5349 1678 5403 τοιοῦ-

155 5501 202 5534 ¹¹
236 5500 392 5559 Joan.
427 5515 530 5568 ιιι,
557 5499 650 5556 ιο.

162 5620 275 5691 (ὗῖ)
316 5622 463 5675 ’Υπό
489 5621 646 5677 deest
681 5619 738 5674 in
787 5618 1027 5691 editione
1053 5615 1276 5691 Hnetii,
1327 5615 1420 5673 sed
1453 5613 1670 5686 supple-

97 5699 182 5744 tur
213 5689 429 5746 e'codd.
463 5692 765 5746 Barheri-no
791 5701 847 5743 et
883 5689 1192 5744 Bodleiano.

161 5762 274 5834 (53')
304 5765 372 5816 Ὃ
396 5763 644 5833 γέγονεν
674 5762 747 5815 ἐν
769 5760 954 5834 αὐτῷ,
988 5773 1096 5814 etc.
1155 5757 1220 5834 I_n_
1257 5757 1497 5834 editione
1526 5755 1668 5810 ﬂue-

99 5828 338 5891 tii'deest
367 5828 442 5902 ἐν,
469 5828 643 5906 'quod
698 5833 979 5904 suppletur
1022 5845 1053 5888 e
1086 5828 1246 5887 codd.
1291 5828 1581 5886 Bodleiano
1615 5834 1670 5884 et

1788 4697 2065 4763 dicuntur,
2083 4700 2371 4754 ostendere
2393 4699 2707 4768 possimus?
2727 4699 2930 4756 Horum
2951 4714 3133 4760 autem
3155 4721 3183 4760 a
3209 4709 3370 4767 nobis

1788 4791 1990 4844 mentio
2015 4788 2156 4844 facta
2180 4800 2264 4845 est
2292 4790 2693 4860 inquirentibus
2714 4791 2843 4847 illud
2872 4815 2885 4849 ;
2930 4811 2950 4846 ι
2977 4794 3128 4864 Quod
3162 4798 3368 4858 factum

1787 4893 1871 4936 est
1897 4882 1950 4936 in
1983 4883 2101 4950 ipso
2122 4883 2232 4938 vita
2264 4893 2406 4951 erat,
2431 4901 2451 4936 ι
2480 4893 2768 4955 propterea
2790 4888 2934 4956 quod
2967 4891 3140 4960 possit
3167 4892 3366 4964 aliquis
3444 4925 3450 4936 ν

1785 4974 2122 5044 Scripturatn
2171 4989 2428 5044 sequens,
2482 4975 2758 5046 complura
2813 4977 3125 5047 hujusmodi
3176 4997 3363 5040 OSten—

1783 5067 1930 5133 dere,
1969 5081 2088 5137 quae
2128 5066 2360 5122 formam
2414 5067 2580 5123 veluti
2631 5069 2872 5125 habeant
2917 5073 3360 5141 paradoxorum:

1781 5173 2008 5228 quaeque
2049 5159 2211 5213 etiam
2241 5157 2307 5231 (si
2341 5159 2490 5228 quid,
2526 5163 2676 5230 quod
2708 5153 2881 5233 magis
2916 5164 2987 5218 sit
3022 5166 3362 5234 paradoxon,

1781 5269 1920 5324 opus
1945 5262 2030 5308 est
2063 5251 2269 5323 dicere)
2307 5252 2478 5325 magis
2507 5252 2619 5308 sint
2647 5257 2921 5324 paradoxa
2953 5272 3113 5327 quam
3148 5274 3268 5329 quae
3293 5259 3363 5313 ab

1784 5347 1891 5404 illis
1935 5349 2210 5404 dicuntur.
2251 5345 2388 5404 Nam
2422 5347 2470 5404 si
2513 5347 3040 5407 consideraverimus
3077 5351 3252 5420 Λόγον
3283 5350 3360 5425 [id

730 5497 779 5530 ⁸⁸
802 5499 960 5556 Rom.
993 5512 1050 5565 x,
1078 5495 1135 5562 6,
1161 5495 1214 5552 7.
1291 5494 1335 5526 ”
1357 5494 1515 5550 Deut.
1542 5510 1671 5562 xxx,
1706 5493 1794 5548 Μ.
1874 5491 1919 5524 ³ο
1951 5490 2113 5548 Joan.
2146 5505 2184 5558 ι,
2216 5489 2273 5555 5,
2295 5489 2352 5545 4.

1773 5612 2096 5668 Barberino.
2137 5611 2277 5666 Hinc
2314 5617 2519 5665 tomum
2565 5609 2786 5665 tertium
2831 5609 3144 5678 auspicatur
3177 5608 3353 5665 codex

1773 5683 2122 5749 Bodleianns,
2153 5697 2316 5752 quem
2347 5691 2567 5752 secutus
2601 5681 2816 5752 videtur
2836 5679 3148 5752 Ferrarius.

1845 5753 1958 5824 (54)
2003 5749 2405 5824 Συγκρίσεων.
2478 5750 2791 5823 Legendum
2851 5749 3066 5808 videtur
3130 5751 3355 5826 συγκρί-

1780 5841 1940 5890 σεως.
