3792 6146
510 323 608 378 μδ
1989 273 2316 370 οιιιοέΝιδ
2561 324 2565 328 ·
3709 316 3768 367 u

499 451 584 495 cst
625 437 916 510 rationem]
951 446 1007 493 et
1050 435 1246 492 Filium
1293 435 1385 491 Dei
1433 436 1486 490 in
1513 437 1782 509 principio
1807 438 1996 495 exsiste

2270 441 2602 512 ,μετέχοντα
2650 440 2867 510 λογικὸν
2913 441 3108 505 εἰπεῖν,
3143 439 3284 494 ὥστε
3335 441 3430 494 καὶ
3477 437 3767 507 ἀποφήνι

507 541 613 586 tem
656 531 920 585 rationem
969 530 1109 599 apud
1155 531 1343 591 Deum,
1369 537 1424 584 et
1453 529 1718 585 rationem
1747 531 1933 598 Deum,
1962 531 2004 587 fc

2270 549 2298 584 ιι
2325 531 2411 597 ἂν,
2439 533 2519 584 ὅτι
2551 531 2709 602 μόνος
2740 534 2769 584 ὁ
2805 531 2955 600 ἅγιος
2987 531 3220 600 λογικός.
3249 532 3416 586 Πάλιν
3461 532 3566 584 ἐὰν
3607 527 3767 582 συιιὸ

502 626 666 678 lassis
704 639 826 678 eum
859 623 1057 685 solum,
1088 623 1182 691 qui
1210 622 1369 690 hujus
1395 621 1672 691 particeps
1702 623 1794 688 sit,
1821 623 1873 678 in
1899 639 1999 694 qua

2270 645 2274 667 ι
2311 625 2410 696 τὴν
2441 622 2738 694 γενομένην
2764 627 2822 678 ὲν
2857 624 2934 695 τῷ
2965 626 3124 695 Λόγῳ
3153 624 3317 696 ζωὴν,
3360 625 3453 679 τὸν
3502 623 3767 677 εἰπόντε

502 728 616 768 tum
652 724 736 769 est
779 715 924 780 talis,
956 713 1186 768 rationis
1228 726 1488 782 capacem
1517 713 1698 768 dicere
1730 715 1996 784 poterimu

2272 715 2384 784 Εγώ
2423 717 2540 786 είμι
2573 717 2605 786 ή
2642 715 2775 787 ζωὴ,
2818 734 2836 766 ι
2880 714 3112 787 ἐροῦμεν
3145 717 3347 787 μηδένα
3377 717 3482 770 τῶν
3529 716 3666 783 ἔξω
3707 711 3769 766 τί

503 809 639 863 adeo
669 819 727 862 ut
755 807 1103 863 enuntiemus
1143 804 1317 860 solum
1355 813 1602 859 sanctum
1645 806 1873 862 rationis
1904 820 2000 874 cap

2272 825 2406 872 τεως
2439 806 2674 879 Χριστοῦ
2706 809 2826 878 ζῇν,
2857 808 3063 872 πάντας
3095 805 3235 863 εἶναι
3267 812 3491 881 νεκροὺς
3525 809 3690 870 τοὺς
3739 824 3769 878 μ

503 918 617 958 cem
645 918 786 959 esse.
815 901 1050 956 Rursum
1076 900 1123 954 si
1153 897 1586 952 intellexerimus
1632 897 1832 954 factam
1863 899 1916 953 iu
1945 899 2000 954 St

2272 915 2382 963 ιτας
2410 898 2550 971 Θεῷ,
2574 899 2633 952 τό
2662 917 2723 952 τε
2767 899 2865 971 ζῇν
2903 900 3079 954 αὐτῶν
3117 900 3216 972 ζῇν
3264 898 3400 956 εἶναι
3441 904 3553 972 τῆς
3602 902 3769 970 ἀμαι

503 1011 662 1051 mone
690 994 878 1058 vitam,
904 991 1058 1061 juxta
1086 1007 1210 1047 eum
1241 993 1333 1061 qui
1379 993 1512 1048 dicit
1534 993 1576 1025 ³¹
1611 1009 1625 1046 :
1661 1009 1680 1043 ι
1709 991 1818 1061 Ego
1846 1005 1968 1046 sum
1994 1005 2000 1021 ε

2272 1009 2292 1054 ς
2323 990 2456 1063 (55),
2488 991 2582 1046 καὶ
2620 991 2708 1045 διὰ
2739 991 2916 1057 τοῦτο,
2959 992 3023 1044 ἵν’
3055 991 3228 1057 οὕτως
3275 995 3428 1057 εῖπω,
3457 996 3571 1065 ζῇν
3615 992 3769 1044 θανά

502 1096 578 1153 ta,
605 1105 624 1138 ι
657 1085 852 1140 dicturi
881 1098 1068 1140 sumus
1103 1083 1373 1137 neminem
1401 1091 1556 1138 extra
1579 1080 1780 1137 Christi
1807 1079 1966 1136 ﬁdem
1995 1095 1999 1106 ‘

2296 1083 2601 1152 τυγχάνειν.
2638 1084 2960 1155 Ἐπίστησον
2991 1085 3048 1138 δὲ
3092 1087 3141 1138 εί
3185 1084 3261 1156 μὴ
3295 1085 3451 1140 τοῦτο
3481 1083 3771 1152 πολλαχί

502 1194 651 1244 vere,
676 1179 768 1234 sed
803 1193 995 1232 omnes
1023 1183 1266 1231 mortuos
1302 1189 1447 1239 esse,
1472 1173 1564 1244 qui
1591 1172 1700 1230 Deo
1729 1187 1834 1228 non
1862 1171 1999 1227 vivat

2274 1175 2499 1228 ιιστᾶσιν
2527 1177 2582 1228 αἱ
2606 1174 2744 1229 θεῖαι
2775 1177 2986 1248 Γραφαὶ
3013 1178 3074 1231 τὸ
3093 1179 3227 1232 ὅπου
3256 1177 3353 1248 μὲν
3381 1177 3471 1231 τοῦ
3505 1176 3771 1247 Σωτῆρι

500 1282 555 1327 et
576 1272 720 1342 quod
762 1270 944 1324 vivere
988 1269 1226 1338 ipsorum
1255 1267 1327 1323 sit
1351 1266 1536 1321 vivere
1569 1276 1812 1337 peccato,
1839 1272 1894 1319 et
1916 1264 1997 1319 idc

2274 1281 2502 1328 ῖκοντος·
2533 1285 2551 1318 ι
2573 1267 2644 1320 Ἣ
2665 1267 2764 1321 οὐκ
2795 1268 3065 1337 ἀνέγνωτε
3105 1269 3164 1323 τὸ
3203 1267 3364 1340 ῥηθὲν
3395 1270 3488 1322 ἐπὶ
3537 1267 3667 1338 τῆς
3703 1266 3771 1335 βά

500 1379 587 1429 co,
612 1373 670 1417 ut
700 1363 771 1416 ita
799 1363 997 1425 dicam,
1030 1359 1214 1415 vivere
1242 1360 1481 1430 ipsorum
1525 1361 1594 1414 ad
1637 1365 1867 1412 mortem
1904 1370 1997 1426 per

2282 1373 2296 1386 ο
2333 1355 2473 1425 Ἐγὼ
2505 1357 2636 1421 Θεὸς
2670 1359 2940 1431 Ἀϐραὰμ,
2969 1363 3063 1416 καὶ
3103 1361 3232 1424 Θεὸς
3265 1361 3473 1422 Ἰσαάκ,
3512 1361 3631 1415 καὶ
3663 1359 3771 1412 Gel

500 1466 645 1510 neat.
691 1454 900 1522 Inspice
935 1467 1064 1508 vero
1109 1467 1178 1506 an
1215 1467 1321 1507 non
1359 1453 1462 1507 hoc
1506 1451 1827 1520 frequenter
1870 1462 1997 1518 prop

2276 1445 2412 1512 ιιώὸς
2445 1448 2558 1501 Οὐκ
2585 1449 2699 1502 ἔστι
2727 1449 2860 1515 Θεὸς
2889 1453 3117 1524 νεκρῶν,
3148 1453 3283 1506 ἁλλὰ
3306 1450 3558 1516 ζώντων,
3594 1471 3617 1502 ι
3663 1452 3773 1504 καί

500 1557 634 1602 nant
657 1547 851 1601 divinae
881 1545 1204 1614 Scripturae,
1237 1544 1437 1600 alicubi
1473 1543 1770 1599 Servatore
1807 1539 1997 1595 dicenti

2276 1539 2310 1590 ιύ
2357 1539 2774 1612 δικαιωθήσεται
2820 1544 3153 1598 κατενώπιόν
3202 1561 3295 1597 σου
3336 1546 3441 1608 πᾶς
3471 1543 3633 1609 ζῶν.
3680 1563 3702 1595 ι
3744 1543 3773 1594 Ί

503 1659 523 1692 ι
562 1641 756 1694 Annon
803 1638 1008 1707 legistis
1044 1637 1188 1706 quod
1233 1635 1438 1692 dictum
1482 1643 1565 1689 est
1618 1633 1674 1687 in
1725 1632 1859 1690 rubo
1901 1649 1916 1684 :
1959 1629 2000 1685 E

2276 1630 2399 1703 περὶ
2447 1632 2613 1685 αὑτοῦ
2655 1633 2833 1702 λέγειν
2867 1635 2946 1689 δεῖ
2979 1635 3072 1689 τοῦ
3107 1635 3239 1688 Θεοῦ
3344 1635 3436 1689 τοῦ
3469 1636 3773 1706 Σωτῆρος

502 1731 646 1786 Deus
674 1731 977 1793 Abraham,
1003 1739 1059 1784 et
1090 1728 1229 1784 Deus
1259 1728 1428 1794 Isaac,
1458 1737 1513 1783 et
1546 1727 1688 1782 Deus
1719 1723 1930 1782 Iacob?
1955 1724 1995 1778 Ν

2286 1723 2606 1793 ,φιϐάλλεται
2635 1725 2744 1797 γὰρ
2769 1726 3030 1796 ὁποτέρου
3053 1724 3191 1780 εἶναι
3212 1729 3244 1798 ἡ
3269 1727 3504 1795 λέγουσα
3556 1729 3628 1780 ὲν
3684 1730 3783 1780 “cui?

497 1833 583 1878 est
603 1822 746 1877 Deus
777 1830 1136 1886 mortuorum,
1167 1822 1264 1876 sed
1307 1819 1606 1873 viventium
1631 1818 1694 1881 ³⁸.
1723 1837 1743 1870 ι
1771 1828 1826 1872 et
1858 1838 1868 1872 :
1903 1837 1920 1868 ι
1945 1815 1989 1870 Ν

2054 1833 2062 1869 ι
2170 1818 2477 1887 προφήταις
2511 1820 2690 1889 φωνήο
2733 1838 2751 1870 ι
2789 1819 2875 1874 Ζῶ
2907 1818 3038 1888 ἐγὼ,
3075 1819 3221 1888 λέγει
3254 1819 3475 1892 Κύριος.
3528 1839 3551 1871 δ

496 1915 884 1987 iustiﬁcabitur
914 1915 966 1969 in
998 1923 1290 1983 conspectu
1322 1921 1416 1967 tuo
1437 1911 1618 1967 omnis
1641 1912 1832 1966 vivens
1858 1910 1925 1964 ⁸³.
1962 1929 1982 1964 ι
2015 1909 2280 1964 Caeterum
2305 1910 2435 1980 quid
2460 1909 2645 1966 dicere
2681 1927 2815 1982 opus
2845 1923 2930 1967 est
2952 1915 3018 1966 de
3043 1913 3156 1979 ipso
3179 1912 3288 1966 Deo
3317 1913 3397 1966 vel
3431 1912 3776 1985 Seivatore

496 2009 806 2078 Ambigitur
835 2006 980 2061 enim
1015 2006 1188 2060 utrius
1220 2006 1292 2059 sit
1323 2019 1422 2059 vox
1462 2004 1550 2058 illa
1579 2019 1701 2074 qua:
1725 2002 1864 2072 apud
1894 2003 2184 2073 prOpbetas
2215 2002 2346 2056 dicit
2378 2020 2390 2054 :
2423 2020 2442 2054 ι
2477 2000 2612 2057 Vivo
2641 2019 2763 2074 ego,
2790 2004 2920 2090 dicit
2949 2004 3205 2059 Dominus
3229 2003 3294 2058 “.
3331 2024 3348 2057 ι

568 2103 679 2172 7o
715 2101 802 2156 ll.
839 2102 917 2156 Ac
975 2100 1243 2170 principio
1296 2099 1516 2168 quidem
1562 2099 1848 2152 videamus
1897 2097 2065 2151 illud:

2290 2097 2338 2149 1.
2371 2098 2481 2150 Καὶ
2507 2097 2720 2170 πρῶτόν
2751 2116 2812 2167 γε
2839 2099 3036 2170 ἴδωμεν
3059 2099 3140 2151 τὸο
3175 2117 3194 2150 ι
3232 2100 3344 2153 Οὐκ
3371 2099 3488 2152 ἐστι
3524 2098 3689 2162 Θεὸς
3718 2115 3785 2152 vs:

501 2213 521 2247 ι
550 2193 666 2250 Non
691 2203 774 2249 est
795 2193 936 2247 Deus
964 2201 1320 2256 mortuorum,
1347 2191 1440 2246 sed
1463 2191 1759 2245 viventium
1778 2190 1843 2255 ³⁸,
1871 2207 1890 2240 ι
1923 2204 1992 2257 qu

2287 2205 2341 2253 ιν,
2371 2189 2507 2242 ἁλλὰ
2539 2189 2775 2257 ζώντων,
2811 2210 2828 2242 ι
2862 2191 2973 2244 ἴσον
2999 2191 3291 2263 δυνάμενον
3324 2191 3432 2262 τῷο
3465 2193 3600 2246 Οὐκ
3638 2191 3784 2244 ἐστι

496 2289 724 2358 perinde
773 2288 918 2342 valet
967 2295 1128 2356 atque
1180 2285 1310 2340 illud
1343 2305 1354 2340 :
1383 2285 1500 2341 Non
1571 2295 1656 2342 est
1721 2293 1993 2356 peccator:

2294 2281 2532 2353 ρτωλῶν,
2587 2282 2722 2337 ἀλλὰ
2763 2283 2930 2352 ἁγίων
2974 2283 3124 2348 Θεός.
3167 2284 3389 2356 Μεγάλη
3427 2285 3549 2356 γὰρ
3604 2285 3787 2356 δωρε.

497 2382 663 2446 Deus,
697 2381 789 2434 sed
817 2387 1130 2434 sanctorum
1175 2379 1336 2433 Deus.
1371 2377 1621 2448 Magnum
1660 2379 1804 2433 enim
1831 2376 1994 2446 patri:

2312 2376 2699 2446 πατριάρχαις,
2727 2375 2786 2429 τὸ
2817 2374 2908 2428 τὸν
2951 2375 3084 2430 Θεὸν
3121 2375 3241 2429 ἀντὶ
3284 2377 3562 2446 ὀνόματος
3616 2393 3786 2447 προσ·

497 2474 722 2527 charum
771 2487 992 2536 munus,
1025 2472 1190 2526 Deum
1231 2471 1349 2527 vice
1398 2472 1481 2527 sui
1541 2469 1781 2524 nominis
1845 2469 1994 2523 illoru

2290 2483 2306 2518 t
2333 2465 2430 2536 τὴν
2453 2465 2674 2519 ἐκείνων
2701 2465 2992 2537 ὀνομασίαν
3016 2468 3082 2538 τῇ
3104 2467 3234 2530 Θεὸς
3266 2467 3368 2538 ἰδίᾳ
3392 2467 3578 2521 αὑτοῦ
3615 2485 3785 2539 προτί

498 2563 961 2620 ιιυιιιριιοιιιιιιιοιη
1014 2563 1342 2632 applicuisse
1380 2577 1494 2618 suae
1533 2561 1769 2631 propria:
1818 2559 1995 2630 appell

2290 2558 2372 2629 ρία
2390 2574 2404 2589 ο
2443 2557 2583 2611 καθὰ
2611 2559 2705 2612 καὶ
2737 2560 2764 2612 ὁ
2785 2558 2992 2622 Παῦλός
3023 2575 3190 2630 φησι·
3218 2577 3236 2608 ι
3263 2560 3352 2612 Διὸ
3380 2561 3480 2614 οῦκ
3508 2562 3787 2632 enata-12'}

500 2656 630 2709 tioni
667 2653 796 2718 Dei;
833 2654 1293 2722 quemadmodum
1329 2654 1493 2708 etiam
1541 2652 1739 2706 Paulus
1767 2649 1997 2720 inquit"

2289 2666 2323 2702 ιι
2344 2649 2518 2712 ὁΘεὸς
2543 2648 2674 2712 Θεὸς
2702 2648 2980 2703 καλεῖσθαι
3009 2649 3207 2703 αὐτῶν.
3225 2669 3242 2700 ι
3261 2651 3466 2704 οὐκοῦν
3493 2651 3654 2715 Θεός
3681 2653 3786 2703 ἐστ

501 2763 522 2796 ι
552 2745 780 2813 Propter
819 2744 962 2813 quod
1012 2758 1117 2797 uon
1176 2742 1449 2796 erubescit
1493 2741 1636 2797 Deus
1687 2743 1868 2795 vocari
1925 2742 1998 2796 De

2305 2741 2554 2812 πατέρων
2586 2740 2680 2793 καὶ
2718 2740 2932 2794 πάντων
2968 2738 3074 2793 τῶν
3095 2739 3291 2808 ἁγίων·
3325 2743 3419 2794 καὶ
3441 2742 3558 2794 οὐκ
3585 2743 3667 2796 ἄν
3696 2760 3789 2795 ποτ

497 2838 754 2903 ipsorum.
781 2853 800 2886 ι
833 2833 1017 2903 Itaque
1048 2833 1188 2888 Deus
1212 2840 1296 2888 est
1337 2843 1552 2901 patrum
1590 2841 1642 2887 et
1674 2833 1914 2886 omnium
1940 2849 1994 2887 sa

2292 2833 2656 2904 γεγραμμένον
2684 2832 2986 2903 εὑρίσκοιτο
3003 2833 3093 2886 τὸν
3116 2831 3246 2885 Θεὸν
3264 2829 3398 2886 εἶναι
3418 2833 3518 2886 τὸν
3547 2835 3709 2887 Θεόν
3735 2853 3789 2886 τι

494 2938 740 2992 ctorum;
778 2941 881 2981 nec
925 2924 1054 2979 alibi
1100 2925 1360 2994 scriptum
1430 2925 1694 2994 reperias,
1732 2923 1899 2978 Deum
1947 2939 1991 2978 Ct

2292 2924 2394 2978 τῶν
2420 2924 2651 2977 ἀσεϐῶν.
2675 2925 2737 2977 Εἰ
2763 2921 2939 2977 τοίνυν
2959 2925 2986 2976 ὁ
3012 2922 3144 2988 Θεὸς
3166 2925 3334 2992 ἁγίων
3360 2925 3476 2978 ἐστὶ
3514 2925 3626 2978 καὶ
3664 2926 3789 2978 Θεὸ.

496 3017 727 3089 alicujus
771 3018 1064 3089 impiorum
1099 3015 1291 3072 Deum.
1328 3015 1385 3072 Si
1417 3031 1549 3087 ergo
1578 3015 1722 3072 Deus
1749 3027 1993 3072 sanctort

2290 3033 2390 3070 των
2439 3012 2575 3070 εἷναι
2619 3016 2853 3085 λέγεται,
2899 3017 2948 3068 οἱ
2995 3016 3136 3084 ἆγιοι
3172 3015 3369 3080 ζῶντές
3413 3019 3553 3081 εἱσι,
3593 3018 3706 3070 καὶ
3757 3036 3787 3069 ο

494 3123 595 3176 est,
632 3120 689 3168 et
721 3113 860 3167 Deus
887 3108 1187 3165 viventium
1221 3124 1342 3164 esse
1369 3107 1588 3175 dicitur,
1616 3109 1800 3163 sancti
1822 3118 1952 3162 sunt
1984 3124 1991 3142 ε

2294 3128 2376 3174 τες
2404 3111 2569 3178 ἆγιοι,
2596 3108 2716 3162 οὔτε
2747 3111 2902 3177 ἁγίου
2929 3109 3080 3172 ὄντος
3104 3109 3210 3173 ἔξω
3231 3109 3338 3162 τῶν
3371 3110 3637 3174 ζώντων,
3672 3111 3791 3163 οὕτε

494 3215 684 3260 ventes
715 3215 772 3260 et
816 3203 1062 3258 viventes
1105 3202 1304 3268 sancti,
1329 3202 1526 3273 quippe
1548 3216 1672 3257 cum
1702 3211 1926 3258 sanctus
1956 3219 1988 3255 ιι

2294 3221 2375 3268 τος
2396 3201 2820 3274 χρηματίζοντος
2855 3203 3033 3272 μόνον,
3057 3203 3147 3255 καὶ
3175 3202 3294 3272 οὐχὶ
3324 3203 3438 3272 μετ’
3468 3203 3667 3256 αὐτοῦ
3705 3204 3791 3256 τοί

493 3299 566 3352 sit
601 3306 756 3352 extra
807 3297 1070 3361 viventes,
1123 3310 1224 3351 nec
1269 3297 1470 3365 aliquis
1511 3294 1621 3364 jam
1646 3295 1718 3350 sit
1751 3294 1938 3350 vivens
1973 3310 1990 3364 ι

2325 3295 2434 3367 (56)
2466 3295 2678 3366 ἔχοντος
2724 3294 2908 3348 καὶτὸ
2953 3294 3104 3362 ἅγιον
3137 3295 3299 3348 αὐτὸν
3344 3297 3686 3365 τυγχάνειν.
3729 3298 3791 3348 Τί

493 3405 620 3445 cum
651 3389 768 3460 ipsa
795 3388 904 3444 vita
942 3405 1049 3444 non
1085 3392 1252 3444 etiam
1282 3389 1386 3445 hoc
1413 3390 1610 3445 habeat
1636 3399 1695 3444 ut
1724 3391 1794 3445 sit
1821 3402 1990 3446 sancti

2284 3388 2552 3460 ιαπλήσιον
2591 3388 2647 3441 δέ
2676 3389 2791 3440 ἐστι
2821 3389 2915 3441 καὶ
2945 3387 3037 3440 ἐπὶ
3067 3387 3185 3440 τοῦ·
3229 3407 3248 3438 ι
3289 3388 3690 3459 Εὑαρεστήσω
3723 3407 3781 3458 τί.

493 3479 637 3535 Μειιι
682 3479 796 3535 fere
825 3479 894 3535 de
925 3493 995 3534 eo
1026 3479 1376 3534 sentiendum
1407 3491 1492 3535 est
1520 3481 1662 3550 quod
1696 3481 1772 3534 ait
1793 3481 1836 3512 "’
1875 3500 1888 3534 :
1921 3500 1938 3532 ι
1969 3481 1990 3534 l

2299 3481 2361 3551 ίῳ
2393 3482 2450 3533 ὲν
2483 3480 2635 3551 χώρᾳ
2662 3478 2898 3544 ζώντων,
2941 3498 2959 3530 ι
2997 3479 3151 3532 ἰδεῖν·
3183 3479 3258 3542 ὡς
3289 3481 3336 3532 εί
3371 3479 3562 3548 ἔλεγεν
3601 3483 3678 3533 ἐν
3707 3483 3791 3532 τά·

493 3573 686 3626 lariter
732 3570 963 3627 aﬂ‘ectus
1002 3586 1098 3626 ero
1138 3587 1268 3642 erga
1313 3571 1596 3626 Dominum
1635 3573 1688 3626 iu
1729 3575 1946 3644 regione
1987 3591 1990 3598 ί

2294 3572 2462 3640 ιγίων,
2483 3571 2515 3643 ἦ
2535 3575 2591 3625 ἐν
2613 3571 2690 3642 τῷ
2708 3572 2858 3642 τόπῳ
2885 3571 2992 3624 τῶν
3017 3572 3186 3640 ἁγίων
3206 3573 3302 3642 τῆς
3334 3572 3543 3642 κυρίως
3573 3574 3791 3644 εὐαρε-

495 3662 776 3729 ventium;
814 3680 834 3715 ι
871 3663 1096 3732 perinde
1143 3678 1211 3718 ac
1258 3661 1306 3718 si
1341 3663 1564 3717 dixisset
1598 3664 1653 3717 in
1695 3665 1891 3719 ordine
1941 3681 1992 3720 sa

2294 3679 2440 3726 ιεως,
2472 3664 2591 3734 ἦτοι
2623 3665 2680 3716 ὲν
2709 3665 2774 3734 τῇ
2804 3662 2954 3728 τάξει
2984 3664 3092 3716 τῶν
3126 3663 3320 3732 ἁγίων,
3349 3665 3381 3735 ἦ
3421 3665 3478 3715 ἐν
3505 3664 3592 3734 τῷ
3631 3667 3791 3736 τόπῳ

492 3765 728 3821 ctorum,
759 3754 844 3809 vel
871 3755 924 3808 in
951 3754 1072 3810 loco
1097 3764 1439 3822 sanctorum,
1469 3770 1662 3826 nempe
1688 3757 1856 3810 animi
1884 3758 1987 3812 bila

2312 3755 2481 3822 ἁγίων
2518 3754 2921 3825 τυγχανούσης·
2954 3755 3168 3808 οὐδέπω
3197 3755 3381 3826 ἄκρως
3403 3753 3791 3827 εὐαρεστοῦν-

492 3853 607 3900 tate
635 3846 871 3915 proprie,
905 3845 988 3900 vel
1023 3846 1077 3900 in
1117 3846 1328 3914 ordine,
1365 3847 1448 3902 vel
1501 3849 1554 3903 in
1608 3847 1727 3904 loco
1755 3860 1989 3904 sanctor:

2294 3844 2376 3898 τοῦ
2410 3846 2482 3916 μὴ
2513 3848 2592 3909 είς
2623 3845 2723 3916 τὴν
2753 3845 2904 3912 τάξιν
2945 3845 3054 3898 τῶν
3084 3845 3255 3913 ἁγίων
3295 3847 3732 3917 κεχωρηκότας,
3764 3849 3791 3919 ῆ

493 3933 814 3999 exsistente,
840 3945 894 3990 et
937 3937 1162 4006 perinde
1214 3939 1367 4006 quasi
1419 3937 1599 3992 nullus
1649 3953 1770 3993 eam
1811 3939 1968 4007 plene

2298 3938 2371 4009 μὴ
2398 3939 2475 4002 εἰς
2500 3938 2590 3991 τὸν
2624 3939 2786 3992 τόπον
2814 3939 2920 3991 τῶν
2954 3937 3122 4007 ἁγίων
3147 3939 3514 4009 γεγενημένου
3535 3955 3551 3970 ο
3593 3943 3697 4004 εἰς
3737 3942 3791 3993 ὃν

495 4039 869 4096 possessurus,
901 4026 991 4095 qui
1025 4027 1108 4083 vel
1139 4028 1206 4082 ad
1234 4029 1479 4084 ordinem
1506 4040 1847 4096 sanctorum,
1888 4030 1970 4085 vel

2294 4031 2413 4100 ἧσαι
2441 4031 2621 4102 δεήσει
2665 4031 2839 4085 πάντα
2877 4029 2965 4082 τὸν
3017 4032 3181 4083 οἱονεὶ
3229 4031 3384 4084 σκιάν
3434 4032 3532 4084 καὶ
3579 4034 3791 4086 εἰκόνα

491 4115 674 4171 locum
704 4128 1012 4172 sanctorum
1044 4135 1150 4172 non
1200 4122 1532 4188 pervenerit,
1563 4124 1629 4176 ad
1659 4136 1820 4190 quem
1848 4137 1988 4177 acccc

2317 4121 2724 4192 εὐαρεστήσεως
2772 4121 2870 4192 τῆς
2913 4120 3172 4193 ἀληθινῆς
3224 4123 3281 4174 ὲν
3330 4121 3407 4192 τῷ
3440 4121 3548 4192 βίῳ
3589 4125 3791 4195 τούτῳ

489 4216 708 4276 oportet
743 4208 989 4277 quisquis
1029 4209 1130 4266 hac
1173 4209 1226 4264 in
1275 4212 1384 4264 vita
1457 4212 1764 4281 perceperit
1820 4213 1986 4266 umbr:

2294 4211 2654 4282 τανειληφότα.
2704 4212 2814 4264 Καὶ
2864 4211 2955 4264 ’πάι
2992 4232 3008 4262 ι
3055 4213 3130 4264 Οὐ
3184 4213 3672 4284 δικαιωθήσεσοαι
3734 4219 3791 4270 δὲ

494 4299 658 4354 veluti
701 4310 756 4354 et
797 4300 1088 4370 imaginem
1129 4316 1271 4357 vera:
1313 4302 1630 4357 hilaritatis.
1661 4302 1798 4370 Quin
1827 4303 1991 4357 illuda

2335 4303 2562 4357 ἐνώπιον
2617 4302 2711 4356 τοῦ
2761 4302 2894 4356 Θεοῦ
2946 4305 3124 4356 πάντα
3173 4303 3368 4369 ζῶντα,
3411 4324 3430 4356 ι
3463 4304 3663 4375 δηλοῖ,
3708 4310 3791 4360 ὅτι

501 4412 519 4444 ι
548 4391 662 4447 Non
701 4391 1091 4463 justiticabitur
1113 4409 1296 4450 coram
1336 4396 1447 4451 Deo
1484 4396 1664 4452 omnis
1687 4397 1897 4459 vivens,
1925 4415 1944 4447 ι
1979 4396 1998 4451 ι

2294 4396 2376 4466 57)
2404 4396 2539 4468 πρὸς
2563 4396 2694 4448 Θεὸν
2721 4396 2816 4448 καὶ
2843 4395 2938 4467 τὴν
2966 4397 3023 4448 ὲν
3044 4395 3194 4466 αὐτῷ
3212 4396 3562 4468 δικαιοσύνην
3585 4399 3791 4462 οὐδεὶς

494 4485 665 4540 clarat
698 4486 995 4551 neminem,
1019 4473 1418 4556 quantumlibet
1454 4490 1693 4555 beatum,
1726 4489 1770 4545 si
1801 4504 1924 4544 cum
1959 4490 1991 4544 D

2294 4467 2581 4567 ιωΘήσεται
2614 4490 2721 4542 τῶν
2745 4491 2883 4544 πάνυ
2921 4491 3226 4563 μακαρίων,
3258 4490 3333 4553 ὡς
3353 4492 3400 4543 εί
3436 4491 3538 4543 καὶ
3574 4493 3791 4562 ἐλέγο-

488 4593 556 4632 ac
596 4579 808 4646 )ustitia
859 4579 1029 4649 ipsius
1073 4579 1410 4646 conferatur,
1445 4579 1758 4650 iustiﬁcari,
1812 4582 1974 4638 veluti

2302 4581 2395 4632 ἐπὶ
2426 4581 2611 4651 ἑτέρου
2646 4580 3089 4651 παραδείγματος
3131 4580 3368 4636 τοιοῦτον
3388 4599 3401 4612 ·
3434 4583 3514 4634 Οὐ
3567 4590 3791 4652 φωτιεί

493 4669 601 4725 tale
622 4671 880 4741 quiddam
907 4671 1079 4726 altero
1103 4672 1354 4742 exemplo
1383 4673 1686 4728 diceremus
1709 4695 1721 4729 ;
1741 4671 1859 4729 Non
1885 4673 1990 4743 sple

2293 4671 2483 4744 λύχνος
2515 4673 2742 4728 ἐνώπιον
2785 4675 2935 4747 ἡλίου
2955 4693 2969 4706 ο
3021 4678 3215 4744 φωτιεῖ
3250 4676 3347 4745 μὲν
3369 4675 3479 4746 γὰρ
3509 4678 3634 4740 πᾶς
3685 4679 3789 4732 λύ-

493 4763 644 4817 debit
689 4762 910 4818 lucerna
955 4763 1064 4818 ulla
1103 4779 1290 4820 coram
1327 4766 1472 4832 sole;
1503 4765 1810 4837 Splendebit
1843 4767 1990 4836 quidi

2292 4786 2314 4829 λ,
2343 4767 2454 4820 ἀλλ’
2485 4770 2611 4820 ὅταν
2645 4768 2719 4839 μὴ
2746 4767 3154 4840 καταυγάζηται
3182 4768 3288 4820 ὑπὸ
3315 4768 3489 4838 ἡλίου.
3523 4772 3789 4826 Δικαιω-

491 4855 670 4909 omnis
697 4855 936 4923 lucerna,
965 4859 1059 4912 sed
1088 4865 1198 4910 tum
1243 4873 1364 4912 cum
1401 4860 1678 4914 radiorum
1713 4860 1845 4915 solis
1882 4859 1988 4929 sple

2282 4820 2314 4830 ..
2645 4820 2719 4839 ,,
3337 4820 3760 4838 ,ηηέτη-ν-

2282 4877 2390 4914 εται
2414 4861 2470 4914 δὲ
2505 4862 2596 4913 καὶ
2630 4863 2736 4924 πᾶς
2777 4861 2905 4926 ζῶν,
2927 4862 3042 4915 ἀλλ’
3069 4860 3169 4915 οὐκ
3196 4860 3424 4916 ἐνώπιον
3456 4864 3555 4916 τοῦ
3583 4865 3744 4919 Θεοῦ
3768 4885 3779 4895 ·

493 4939 627 4993 dore
656 4957 762 4994 non
786 4943 1117 4998 illustratur.
1145 4943 1548 5001 Justiﬁcabitur
1574 4947 1738 5002 etiam
1771 4949 1951 5004 omnis
1985 4965 1990 4978 τ

2286 4954 2388 5015 τοῖς
2417 4953 2566 5005 κάτω
2604 4953 2971 5023 συγκρίνεται,
3006 4949 3099 5005 καί
3133 4952 3241 5005 ὑπὸ
3276 4953 3370 5006 τοῦ
3405 4954 3652 5018 σκότους
3686 4975 3783 5011 κε-

494 5043 643 5093 vens,
677 5040 732 5083 at
764 5046 891 5087 vero
939 5049 1046 5088 non
1078 5050 1266 5090 coram
1299 5035 1410 5091 Deo
1437 5035 1853 5107 justilicabilur,
1889 5055 1991 5110 qua

2284 5043 2546 5113 τημένοις,
2599 5039 2834 5114 παρόἷς
2876 5042 3078 5112 λάμψει
3127 5043 3306 5096 αὐτῶν
3347 5044 3409 5096 τὸ
3460 5045 3610 5114 φῶς.
3663 5050 3781 5102 Καὶ

492 5120 561 5175 do
591 5135 712 5174 cum
741 5121 847 5177 illis
868 5137 1217 5193 comparatur
1249 5129 1343 5197 qui
1388 5129 1602 5184 inferne
1623 5131 1892 5196 habitant,
1934 5147 1989 5202 qt

2293 5135 2340 5184 εἰ
2371 5134 2510 5186 κατὰ
2537 5133 2696 5186 τοῦτο
2727 5135 2820 5186 καὶ
2860 5135 2920 5187 τὸ
2966 5136 3026 5186 ἐν
3052 5132 3130 5203 τῷ
3153 5134 3468 5204 Εὑαγγελίῳ
3501 5138 3777 5206 νοητῶν·

487 5226 598 5282 que
625 5213 864 5268 tenebris
894 5215 1230 5284 detinentur,
1259 5219 1400 5288 apud
1427 5235 1565 5290 quos
1610 5221 1816 5278 lucebit
1839 5222 1984 5278 iiiOl‘t

2273 5223 2499 5294 ιμψάτω
2518 5225 2578 5278 τὸ
2607 5225 2723 5295 φῶς
2744 5226 2896 5297 ὑμῶν
2919 5225 3226 5299 ἔμπροσθεν
3250 5227 3358 5278 τῶν
3384 5226 3736 5298 ἀνθρώπων·
3753 5251 3770 5278 ν

490 5302 604 5357 lux.
649 5300 716 5356 Et
763 5305 887 5360 vide
947 5321 1075 5360 num
1129 5309 1229 5363 hac
1283 5311 1492 5366 ratione
1539 5311 1944 5382 intelligendum

2276 5317 2358 5388 'de
2376 5334 2389 5346 '
2421 5317 2699 5388 Λαμψάτω
2718 5318 2777 5371 τὸ
2807 5319 2920 5388 φῶς
2948 5319 3099 5390 ὑμῶν
3119 5317 3428 5390 ἔμπροσθεν
3451 5319 3549 5371 τοῦ
3583 5321 3738 5374 Θεοῦ
3760 5337 3773 5352 ⁸

561 5439 610 5516 ³³-
631 5439 790 5516 ._loan_.
820 5458 898 5516 ξι.
921 5441 1012 5516 25.
1089 5443 1132 5474 ³²
1161 5443 1326 5516 Marc.
1359 5459 1453 5516 xit,
1475 5443 1566 5508 26,
1595 5444 1686 5500 2'1.
1763 5447 1808 5479 ³³
1844 5447 1984 5504 Psal.
2017 5463 2058 5502 α

2271 5489 2277 5502 .
2366 5451 2410 5482 ³⁸
2440 5450 2598 5504 Num.
2626 5468 2737 5516 xw.
2759 5452 2848 5507 28.
2926 5453 2970 5484 ³⁵
2998 5451 3162 5507 Marc.
3203 5465 3297 5514 ιιι,
3328 5451 3421 5507 27.
3507 5451 3556 5483 "
3585 5451 3768 5511 Hebr.

490 5513 676 5580 κι,16.
753 5513 796 5551 ’ν
828 5513 969 5569 Psal.
1007 5528 1152 5578 cxtv,
1178 5516 1232 5569 9.
1309 5515 1353 5547 ³⁸
1390 5514 1532 5571 Psal.
1559 5531 1720 5580 CXLII,
1753 5518 1807 5574 2.

774 5519 796 5551 '
828 5513 969 5569 Psal.
1007 5528 1152 5578 cxtv,
1178 5516 1232 5569 9.
1309 5515 1353 5547 ³⁸
1390 5514 1532 5571 Psal.
1559 5531 1720 5580 CXLII,
1753 5518 1807 5574 2.
2050 5528 2055 5534 '
2175 5513 2179 5514 ί
2265 5524 2271 5532 ‘

559 5626 671 5697 (55)
707 5627 1152 5707 Τῆς-ἁμαρτίας.
1173 5629 1371 5707 _Codex
1406 5629 1744 5700 Bodleianus,
1772 5637 1835 5706 τῇ
1879 5637 2056 5707 ἁμαρ-

1776 5637 1835 5706 τῇ
1879 5637 2062 5707 ἁμαρ·
2173 5630 2372 5707 Regius
2399 5642 2452 5707 et
2486 5628 2828 5707 Barberinus,
2863 5629 3130 5707 μετᾶιτοῦ
3156 5629 3273 5700 ζῇν.

493 5695 612 5771 si}.
638 5695 688 5749 ct
723 5702 791 5750 itu
820 5695 1274 5771 legit’lt'errarius.
1414 5720 1419 5726 ·
1731 5695 1741 5700 ’
1807 5695 1835 5706 ”
1921 5695 1932 5706 ’
2001 5695 2012 5707 ’
2245 5695 2354 5769 (ἙῚ)
2398 5700 2512 5764 Ὡς.
2565 5698 2664 5771 Sic
2694 5695 3244 5766 cmlex'liudlciuuus';
3302 5698 3507 5771 Rcqus
3536 5715 3595 5757 et
3623 5704 3764 5763 Bar-

563 5768 671 5834 ιὸύ)
702 5771 834 5821 Μετ’
862 5771 1046 5826 αὐτοῦ
1078 5770 1180 5825 τοῦ
1219 5770 1342 5842 ζῇν.
1389 5775 1480 5830 Sic
1508 5778 1673 5831 codex
1706 5777 2059 5843 Budleianus;

1225 5770 1342 5842 ζεῖν.
1389 5775 1480 5830 Sic
1508 5778 1673 5831 codex
1706 5777 2059 5843 Budleianus;
2175 5768 2414 5835 beiinus,
2443 5770 2594 5832 ὡσεί,
2621 5783 2722 5824 etc.
