3792 6146
70 297 146 347 185
1174 295 1529 353 COMMENT.
1567 295 1634 352 IN
1674 295 1866 353 JOAN.
1910 295 2148 353 TOMUS
2187 298 2247 352 ll.

3212 307 3312 362 HG

60 411 184 464 τοῦτο
211 409 325 483 γὰρ
357 409 408 464 εί
437 408 775 476 ἐνετέλλετο,
813 409 1076 465 ἀδύνατον
1104 411 1172 464 ἂν
1198 411 1373 465 ἐδίδου
1398 410 1627 483 ἐντολὴνε

1789 412 1911 468 tiam
1945 411 2080 468 illud
2125 414 2267 482 quod
2299 421 2383 469 est
2427 413 2480 468 in
2513 413 2805 486 Evangelio
2830 415 2872 452 ³⁸
2901 433 2916 474 :
2948 435 2966 469 ι
2997 415 3197 472 aneat
3227 419 3318 473 lux

56 505 156 556 τὲτεὶ
187 504 289 556 καὶ
327 505 442 559 τοῖς
469 502 688 574 λύχνοις
729 502 998 574 ἐμψύχοις
1031 498 1192 574 οὖσιν
1216 503 1436 574 ἐντολὴν
1462 504 1631 558 ἐδίδου

53 599 96 648 τεξ
117 595 333 667 λάμψαι
361 595 426 648 τὸ
480 595 602 664 φῶς
646 594 829 654 αὐτῶν
861 594 1170 667 ἔμπροσθεν
1201 595 1294 649 τοῦ
1326 595 1499 667 ἡλίου.
1521 596 1632 666 Οὐχ

49 691 82 738 εὶ
109 687 365 756 τυχόντες
392 682 490 741 οὖν
523 687 674 758 μόνοι
705 686 814 740 τῶν
846 685 1062 750 ζώντων
1093 687 1155 740 οὑ
1179 686 1632 758 δικαιωθήσονται

47 778 373 832 υτενὼπιον
423 778 523 832 τοῦ
569 777 728 844 Θεοῦ,
775 777 913 832 ἀλλά
940 779 1033 832 καὶ
1069 779 1118 833 oi
1156 778 1232 842 ὡς
1264 782 1321 834 ἐν
1354 777 1487 843 ζῶσι
1525 777 1633 832 τῶν

43 871 328 924 ἐλαττόνων
361 872 749 944 διαφέροντεςσ
794 870 828 942 ἢ
864 871 1001 943 ὅπερ
1037 871 1258 942 μᾶλλον,
1289 872 1405 942 ἅμα
1429 874 1463 944 ἠ
1495 871 1632 926 πάν-

41 982 132 1016 των
178 964 295 1016 τῶν
349 964 574 1029 ζώντων
616 962 960 1036 δικαιοσύνης,
977 964 1039 1017 οὐ
1085 962 1506 1036 δικαιωθήσεται
1559 963 1635 1027 ὡς

45 1058 164 1125 πρὶς
185 1057 296 1128 τὴν
325 1056 424 1109 τοῦ
448 1055 587 1110 Θεοῦ
612 1056 977 1127 δικαιοσύνην,
1007 1057 1084 1121 ὡς
1115 1058 1166 1110 εί
1195 1056 1291 1110 καὶ
1319 1056 1436 1127 ἅμα
1458 1056 1636 1110 πάντα

40 1151 95 1202 ti
122 1150 218 1203 ἐπὶ
240 1150 356 1220 γῆς
385 1149 677 1224 νυκτερινὰ
719 1149 1043 1220 συναγαγὼν
1095 1149 1251 1220 φῶτα
1295 1150 1528 1219 ἔφασκον
1559 1149 1633 1220 μὴ

37 1240 289 1294 ξὶνασθαι
331 1240 513 1295 ταῦτα
564 1239 816 1310 φωτίζειν
867 1241 942 1304 ὼς
992 1239 1130 1311 πρὸς
1179 1239 1280 1303 τὰς
1317 1239 1504 1293 τούτου
1541 1240 1634 1292 τοῦ

38 1331 175 1401 ἐβίω
205 1332 412 1399 αὐγάς.
463 1331 602 1386 Κατ’
629 1331 964 1384 ἐπανάϐασιν
992 1331 1050 1383 δὲ
1091 1332 1158 1384 ἐκ
1191 1329 1302 1383 τῶν
1331 1330 1635 1402 εἰρημένων

41 1423 248 1492 νοητέον
273 1423 382 1476 καὶ
407 1423 472 1476 τό
493 1440 506 1453 ⁸
544 1441 564 1472 ι
600 1423 685 1475 Ζῶ
714 1422 844 1492 ἐγὼ,
876 1422 1028 1491 λέγει
1049 1422 1272 1495 Κύριος.
1312 1441 1330 1474 ι
1363 1423 1513 1493 Τάχα
1540 1423 1634 1474 τοῦ

41 1517 236 1584 κυρίως
268 1515 398 1586 ζῇν,
429 1515 667 1585 μάλιστα
691 1517 756 1568 ἐκ
786 1515 892 1568 τῶν
918 1517 1224 1588 εἰρημένων
1249 1514 1376 1588 περί
1396 1514 1491 1568 τοῦ
1514 1515 1634 1585 ζῇν,

43 1609 178 1679 πιρά
202 1608 365 1679 μόνῳ
389 1609 754 1679 τυγχάνοντος
775 1608 851 1678 τῷ
873 1608 1011 1680 Θεῷ.
1041 1609 1150 1662 Καὶ
1170 1610 1272 1681 ὅρα
1298 1611 1348 1662 εἰ
1371 1608 1460 1662 διὰ
1479 1606 1638 1662 τοῦτο

40 1700 250 1752 δὲναται
272 1703 306 1753 6
338 1699 664 1763 Ἀπόστολος
694 1699 805 1770 (58)
827 1699 926 1771 τὴν
946 1702 1025 1764 εἰς
1042 1698 1346 1772 ὑπερϐολὴν
1364 1699 1638 1771 ὑπεροχὴν

1738 513 1924 561 vestra
1955 519 2140 561 coram
2174 505 2521 571 hominibus;
2549 526 2566 558 ι
2601 522 2708 563 non
2739 509 2884 566 enim
2916 509 3088 565 dixit:
3115 510 3320 567 Luceat

1739 598 1833 652 lux
1858 606 2041 653 vestra
2088 612 2276 653 coram
2317 599 2449 666 Deo,
2477 599 2679 671 alioqui
2728 612 3060 674 praeceptum
3095 607 3320 663 daturus

1739 685 2099 756 impossibile,
2141 687 2188 742 si
2235 687 2337 743 hoc
2375 690 2745 758 prmcepisset,
2774 693 2998 762 perinde
3047 709 3114 749 ac
3147 695 3192 750 si
3232 695 3319 750 lu-

1740 778 1923 835 cernis
1965 779 2222 834 animatis
2267 782 2642 850 praecepisset,
2676 783 2754 837 uti
2797 783 2888 838 lux
2948 785 3192 854 ipsorum
3225 802 3321 842 eo-

1742 885 1858 925 ram
1882 871 1997 927 sole
2025 871 2255 926 luceret.
2286 871 2648 938 Quamobrem
2691 889 2797 929 non
2830 876 2989 931 modo
3016 876 3207 947 vulgus
3235 878 3320 931 vi-

1740 964 1980 1018 ventium
2046 977 2152 1017 non
2200 963 2590 1031 jnstilicabitnr
2647 980 2832 1020 coram
2881 967 3012 1033 Deo,
3073 971 3166 1024 sed
3219 983 3320 1024 nec

1740 1053 1904 1107 etiam
1939 1052 1997 1107 hi
2030 1052 2124 1123 qui
2167 1068 2265 1108 ceu
2311 1052 2454 1108 inter
2503 1055 2744 1111 viventes
2792 1055 3141 1114 inferioribus
3183 1073 3322 1130 prte-

1740 1153 1926 1211 stant;
1971 1144 2225 1214 quodque
2273 1144 2445 1216 magis
2491 1145 2654 1200 etiam
2699 1157 2804 1212 est,
2838 1149 3081 1203 omnium
3127 1149 3320 1205 viven-

1742 1235 1877 1289 tium
1914 1235 1969 1289 in
2021 1251 2191 1291 unum
2222 1235 2454 1291 collecta
2481 1235 2714 1303 iustitia,
2752 1241 3163 1308 comparatione
3194 1240 3318 1308 Dei,

1744 1341 1850 1380 non
1885 1325 2300 1395 justiﬁcabitur,
2328 1327 2552 1396 perinde
2582 1341 2646 1381 ac
2673 1326 2718 1383 si
2751 1327 3048 1386 luminibus
3074 1347 3196 1402 quae
3223 1347 3317 1388 su-

1743 1432 1841 1488 per
1880 1427 2082 1473 terram
2113 1427 2239 1474 sunt
2279 1419 2564 1474 nocturnis
2598 1417 2651 1471 in
2696 1434 2865 1474 unum
2894 1420 3142 1478 collectis
3175 1423 3321 1480 dice-

1746 1526 1856 1566 rem
1889 1525 2010 1582 ego,
2047 1510 2164 1566 ﬁeri
2213 1526 2319 1566 non
2353 1527 2534 1582 posse,
2571 1513 2649 1568 uti
2693 1513 3042 1583 splendorem
3071 1513 3320 1583 alferant,

1745 1605 1848 1676 71
1886 1605 2234 1674 splendorum
2267 1606 2426 1676 hujus
2459 1605 2591 1661 solis
2627 1607 3063 1676 comparatione.
3098 1607 3204 1664 Per
3231 1625 3320 1665 re-

1745 1698 2063 1766 petitionem
2109 1712 2242 1752 vero
2287 1713 2475 1753 eorum
2524 1714 2647 1768 qua:
2670 1700 2935 1764 diximus,
2967 1701 3320 1758 consideran-

39 1797 224 1861 νοήσας
260 1791 372 1861 τῆς
411 1792 560 1862 ζωῆς
593 1791 688 1846 τοῦ
726 1791 885 1856 Θεοῦ,
935 1793 1032 1846 καὶ
1057 1792 1222 1856 ἀξίως
1267 1791 1404 1847 Θεοῦ
1445 1793 1627 1855 συνιεὶς

1789 1804 1872 1843 om
1901 1790 2062 1844 etiam
2081 1788 2213 1845 illud
2243 1800 2364 1846 est:
2395 1807 2414 1841 ι
2450 1790 2584 1847 Vivo
2611 1805 2735 1860 ego,
2761 1791 2895 1846 dicit
2926 1791 3194 1849 Dominus
3215 1793 3318 1859 δ’..

35 1887 116 1936 τό·
154 1904 173 1935 ι
205 1884 304 1938 Ζῶ
328 1883 465 1952 ἐγὼ,
496 1885 646 1953 λέγει
680 1884 903 1955 Κύριος,
940 1902 960 1935 ι
1004 1883 1284 1954 εἰρηκέναι
1318 1883 1447 1955 περὶ
1476 1880 1636 1946 Θεοῦ,

41 1998 57 2027 ι
83 1979 110 2029 6
126 1978 296 2047 μόνος
321 1977 468 2047 ἔχων
487 1977 810 2038 ἀθανασίαν,
835 1996 853 2028 ι
875 1976 1086 2040 οὐδενὸς
1097 1975 1207 2029 τῶν
1229 1975 1381 2048 παρὰ
1394 1976 1484 2030 τὸν
1505 1974 1639 2029 Θεὸν

35 2069 242 2130 ζώντων
273 2068 504 2139 ἔχοντος
523 2070 624 2141 τὴν
653 2068 922 2141 ἄτρεπτον
950 2068 1125 2139 πάντη
1153 2069 1248 2122 καὶ
1281 2067 1639 2128 ἀναλλοίωτον

37 2161 191 2230 ζωήν.
224 2162 347 2214 Καὶ
378 2162 433 2215 τί
471 2159 798 2232 διστάζομεν
829 2162 959 2232 περὶ
995 2160 1104 2214 τῶν
1133 2160 1358 2228 λοιπῶν,
1388 2161 1476 2214 ὅτε
1516 2160 1639 2215 οὐδὲ

33 2253 321 2322 Ligna-.6;
353 2253 484 2323 ἔσχε
515 2254 612 2324 τὴν
648 2253 740 2307 τοῦ
773 2253 985 2324 Πατρὸς
1020 2251 1347 2317 ἀθανασίαν;
1381 2252 1641 2321 ἐγεύσατο

36 2340 134 2414 γὰρ
160 2345 314 2415 ὑπὲρ
337 2345 544 2408 παντὸς
566 2344 818 2399 θανάτου.

1744 1896 1869 1936 cum
1911 1883 2190 1952 proprium
2225 1882 2431 1948 vivere,
2463 1883 2734 1952 praecipue
2762 1898 2830 1938 ex
2863 1885 2946 1940 his
2977 1901 3098 1956 qua:
3127 1887 3196 1943 de
3237 1889 3321 1944 vi-

1743 1977 1920 2030 vendo
1960 1974 2343 2038 disseruimus,
2375 1989 2543 2044 penes
2572 1975 2747 2030 solum
2771 1977 2846 2031 sit
2874 1977 3064 2034 Deum.
3097 1979 3164 2034 Et
3196 1980 3321 2037 vide

1744 2082 1874 2121 num
1904 2065 1976 2121 ob
2008 2065 2114 2121 hoc
2147 2066 2318 2137 possit
2341 2066 2636 2136 Apostolus
2667 2070 2722 2124 in
2772 2071 3103 2142 hyperbolen
3148 2087 3322 2143 usque

1746 2159 2090 2214 considerata
2119 2157 2217 2214 Dei
2248 2159 2374 2214 vita:
2412 2160 2763 2228 excellentia,
2794 2174 2871 2231 et,
2901 2173 2960 2219 ut
2988 2163 3211 2233 dignum
3238 2175 3323 2220 est

1747 2249 1882 2316 Deo,
1920 2249 2223 2320 intelligens
2254 2249 2384 2305 illud
2412 2267 2426 2305 :
2457 2269 2475 2304 ι
2503 2251 2638 2308 Vivo
2673 2269 2793 2325 ego,
2827 2255 2961 2310 dicit
2988 2256 3271 2322 Dominus,
3297 2275 3318 2310 ι

1746 2340 1814 2396 de
1837 2340 1949 2395 Deo
1983 2340 2256 2398 dixisse“
2289 2357 2305 2396 :
2343 2343 2480 2411 «Qui
2525 2345 2672 2402 solus
2724 2348 2892 2403 habet
2937 2347 3321 2406 immortalita-

37 2451 159 2501 tem,
195 2458 216 2491 ι
261 2441 420 2494 nullo
456 2451 656 2509 praeter
687 2443 858 2495 Deum
898 2441 1217 2504 viventium,
1252 2439 1648 2495 immutabilem
1678 2437 2188 2508 inalterabilemque
2214 2438 2555 2496 divinitatem
2588 2441 2840 2500 habente.
2879 2443 2946 2499 Et
2977 2445 3106 2514 quid
3143 2445 3321 2500 ambi-

37 2533 209 2598 gimus
245 2533 320 2587 de
351 2534 588 2596 cretei-is,
628 2534 844 2602 quando
875 2549 940 2587 ne
963 2533 1217 2588 Christus
1244 2531 1460 2600 quidem
1489 2531 1670 2588 Patris
1693 2529 1950 2607 habuerit
1980 2529 2494 2587 immortalitatem?
2531 2548 2656 2589 nam
2686 2549 2785 2605 pro
2818 2550 3146 2608 quocunque
3171 2552 3321 2594 mor-

39 2635 136 2675 tem
169 2625 420 2693 gustavit
443 2625 511 2678 δ’.

101 2716 256 2788 Ἅμα
279 2716 339 2769 δὲ
377 2716 726 2782 ἐξετάζοντες
747 2717 817 2771 τά
843 2715 1086 2789 περὶτοῦ
1108 2715 1207 2789 ζῇν
1231 2718 1326 2772 τοῦ
1347 2714 1508 2782 Θεοῦ,
1533 2718 1629 2772 καὶ

39 2809 191 2878 ζωῆς,
233 2810 364 2878 ἥτις
379 2809 534 2861 ἐστὶν
552 2811 581 2862 6
605 2809 860 2880 Χριστὸς,
895 2810 990 2863 καὶ
1012 2807 1232 2873 ζώντων
1258 2811 1316 2863 ἐν
1344 2807 1500 2882 χώρᾳ
1527 2808 1634 2881 ἰδίᾳ

1815 2713 1904 2768 12.
1945 2711 2082 2768 Cum
2112 2727 2245 2768 vero
2289 2712 2628 2783 inquiramus
2655 2715 2723 2772 de
2755 2715 2842 2771 his
2881 2731 3004 2787 quae
3037 2718 3102 2772 ad
3151 2718 3320 2774 Deum

1741 2804 2012 2860 viventem
2057 2805 2355 2874 pertinent,
2401 2813 2457 2860 et
2503 2807 2571 2862 de
2610 2805 2722 2860 vita
2766 2821 2888 2877 quae
2927 2818 3013 2864 est
3043 2806 3318 2876 Christus,

40 2902 434 2971 ταγχανόντων,
471 2903 569 2954 καὶ
604 2900 823 2966 ζώντων
846 2903 907 2954 οὗ
951 2901 1349 2974 δικαιουμένων
1398 2901 1627 2957 ἐνώπιον

1789 2912 1916 2967 aque
1948 2895 2258 2953 viventibus
2279 2897 2374 2966 qui
2406 2907 2535 2953 sunt
2566 2899 2620 2953 in
2647 2913 2746 2954 sua
2782 2901 3028 2971 regione,
3055 2913 3220 2972 atque
3251 2904 3320 2960 de

41 2991 121 3043 τοῦ
146 2991 309 3055 Θεοῦ,
353 2991 672 3056 ἀκολούθως
703 2991 912 3056 τούτοις
942 2992 1369 3064 παρατιθέμενοι
1396 2992 1477 3046 τό’
1511 3010 1532 3044 ι
1577 2991 1627 3045 Ὀ

1792 2987 2046 3044 ventibus
2073 2988 2240 3042 etiam
2274 2987 2363 3044 his
2387 2989 2479 3058 qui
2517 3004 2704 3044 coram
2741 2991 2852 3046 Deo
2874 3008 2980 3047 non
3005 2992 3322 3060 justitican-

48 3086 189 3152 μῦνος
230 3084 378 3154 ἔχων
415 3085 740 3148 ἀθανασίαν,
785 3105 804 3137 ι
843 3084 913 3138 τά
937 3084 1309 3155 ὑπονοούμενα
1345 3101 1638 3156 συμπαρα-

43 3176 319 3247 iri/59303
357 3179 494 3248 περὶ
520 3177 615 3230 τοῦ
642 3179 749 3230 πᾶν
795 3177 1080 3232 ότιποτοῦν
1104 3176 1322 3244 λογικὸν
1348 3176 1423 3249 μὴ
1451 3177 1639 3230 οὐσιω-

46 3269 137 3332 ἰώς
169 3269 344 3339 ἔχειν,
393 3269 474 3332 ὡς
508 3267 812 3340 ἀχώριστον
842 3267 1210 3340 συμϐεϐηκὸς,
1237 3269 1336 3340 τὴν
1370 3267 1636 3340 μακαριό-

46 3378 191 3428 τητα.
236 3360 371 3414 Ἐὰν
390 3360 504 3431 γὰρ
533 3357 836 3431 ἀχώριστον
863 3359 962 3431 ἔχῃ
997 3360 1097 3431 τὴν
1136 3359 1515 3431 μακαριότητα
1544 3360 1639 3414 καὶ

45 3456 131 3521 τὴν
159 3450 593 3524 προηγουμένην
611 3449 775 3519 ζωὴν,
795 3450 912 3514 πῶς
935 3451 1016 3505 ἐτι
1038 3451 1190 3506 ἔσται
1214 3451 1412 3526 ἀληθὲς
1426 3453 1488 3504 τὸ
1510 3469 1577 3504 πε
1584 3453 1638 3524 pl.

46 3544 128 3597 τοῦ
159 3544 303 3598 Θεοῦ
326 3544 667 3614 λεγόμενονί
680 3545 738 3598 Ὀ
765 3545 921 3615 μόνος
945 3544 1057 3616 (59)
1079 3545 1216 3616 ἔχων
1244 3544 1576 3610 ἀθανασίαν;
1613 3564 1631 3596 ι

44 3635 152 3706 Χρὴ
173 3635 433 3706 μέντοιγε
459 3635 677 3697 εἰδέναι,
700 3635 781 3690 ὅτι
809 3636 934 3689 τινὰ
965 3638 993 3689 6
1029 3635 1220 3708 Σωτὴρ
1256 3636 1355 3707 οὐχ
1376 3634 1527 3706 αὑτῷ
1563 3630 1637 3688 εἶ-

45 3748 120 3782 ναι
142 3730 283 3802 (60),
315 3728 435 3783 ἀλλ’
462 3728 692 3800 ἑτέροις,
719 3728 843 3782 τινὰ
868 3728 926 3782 δὲ
962 3728 1112 3800 αὑτῷ
1142 3729 1237 3783 καὶ⁹
1275 3729 1502 3800 ἐτέροιςο
1541 3727 1637 3799 ζη-

45 3824 229 3892 τητέον
257 3824 320 3877 δὲ
348 3822 404 3876 ετ
423 3838 547 3875 τινα
580 3819 758 3892 ἐαυτῷ
795 3820 887 3874 καὶ
919 3820 1114 3875 οὐδενί.
1151 3819 1348 3890 Σαφῶς
1383 3819 1482 3891 μὲν
1529 3817 1639 3891 γὰρ

43 3918 246 3990 ἑτέροις
274 3917 398 3969 ἐστὶ
438 3914 667 3987 ποιμὴν,
694 3915 794 3986 οὐχ
832 3915 907 3978 ὡς
932 3917 981 3969 οἰ
1006 3913 1159 3987 παρὰ
1181 3911 1490 3986 ἀνθρώποις
1516 3930 1635 3966 ποι.⁴

50 4010 204 4078 μένες
231 4011 423 4082 δνησιν
451 4011 517 4064 ἐκ
542 4007 638 4062 τοῦ
660 4007 968 4079 ποιμαίνειν
1000 4009 1082 4073 εἰς
1109 4007 1304 4062 ἑαυτὸν
1323 4005 1636 4078 λαμϐάνων,

47 4103 88 4152 εί
115 4103 188 4172 μὴ
213 4103 328 4173 ἄρα
362 4102 465 4174 τὴν
501 4102 612 4155 τῶν
640 4101 1082 4174 ποιμαινομένων
1118 4101 1390 4171 ὠφέλειαν
1426 4100 1514 4154 διὰ
1553 4117 1641 4169 φι-

47 4193 166 4247 λινθ
175 4194 392 4264 ρωπίαν
426 4193 562 4248 ἰδίαν
584 4189 724 4248 εἶναι
753 4194 1046 4263 λογίσαιτο·
1068 4193 1204 4248 ἀλλὰ
1225 4195 1320 4248 καὶ
1349 4191 1468 4257 ὁδός
1491 4193 1638 4246 ἐστιν

1740 3090 1846 3146 tur,
1879 3086 2280 3148 consequenter
2311 3079 2399 3134 his
2441 3089 2777 3150 apponentes
2810 3100 2824 3136 :
2859 3100 2877 3132 ι
2903 3081 3005 3149 Qui
3037 3084 3186 3139 solus
3223 3083 3323 3139 ha-

1738 3172 1828 3227 bet
1879 3170 2345 3227 immortalitatem
2369 3170 2438 3238 “,
2469 3190 2489 3224 ι
2533 3174 2738 3242 pariter
2769 3176 2932 3232 etiam
2982 3191 3319 3233 assumemus

1736 3279 1860 3333 qua:
1901 3265 2405 3336 subintelliguntur,
2440 3282 2634 3336 nempe
2665 3267 2809 3337 quod
2853 3283 3016 3325 omne
3055 3270 3318 3340 quidquid

1739 3357 1940 3414 dixeris
1989 3358 2222 3415 rationis
2271 3374 2471 3429 capax,
2503 3374 2607 3414 non
2639 3359 2842 3416 habeat
2881 3361 3320 3417 substantialiter

1739 3446 1858 3517 (ceu
1908 3447 2274 3519 inseparabile
2321 3448 2599 3521 accidens)
2641 3450 3059 3506 beatitudinem.
3107 3451 3242 3507 Nam
3269 3452 3319 3509 si

1740 3539 2159 3608 inseparabilem
2211 3541 2410 3598 habeat
2454 3542 2846 3598 beatitudinem
2893 3552 2950 3599 et
2989 3545 3318 3614 praecipuam

1738 3629 1925 3694 vitam,
1977 3633 2248 3699 quomodo
2294 3646 2485 3687 verum
2521 3632 2633 3686 erit
2666 3633 2799 3688 illud
2829 3635 2971 3702 quod
2999 3636 3065 3690 de
3094 3635 3207 3691 Deo
3234 3635 3318 3692 di-

1737 3721 1883 3776 citur
1915 3739 1929 3775 :
1964 3739 1984 3774 ι
2007 3721 2110 3790 Qui
2151 3723 2299 3778 solus
2331 3725 2496 3780 habet
2542 3725 3052 3782 immortalitatem?
3075 3746 3092 3779 ι
3128 3727 3319 3784 Scien-

1738 3812 1868 3868 dum
1899 3821 1982 3868 est
2008 3823 2254 3870 attamen
2287 3815 2641 3872 Servatorem
2666 3830 2771 3871 non
2805 3831 2926 3872 esse
2952 3815 3058 3871 sibi
3085 3817 3188 3888 ipsi
3219 3816 3322 3871 ali-

1737 3922 1865 3977 qua,
1903 3908 1996 3965 sed
2025 3909 2182 3975 aliis;
2215 3909 2395 3978 aliqua
2434 3923 2566 3964 vero
2605 3919 2660 3964 et
2683 3909 2787 3978 ipsi
2815 3920 2870 3963 et
2913 3908 3055 3964 aliis.
3093 3911 3319 3978 Insuper

1738 3998 2088 4068 quaerendum
2135 4008 2220 4055 est
2265 4015 2336 4053 an
2373 3999 2556 4069 aliqua
2599 4000 2715 4070 ipse
2754 3999 2955 4055 habeat
2980 4015 3100 4071 qua:
3141 4000 3320 4056 nullus

1739 4089 1898 4146 alius.
1926 4088 2174 4161 Namque
2217 4091 2395 4160 palam
2435 4091 2556 4146 aliis
2582 4101 2667 4146 est
2715 4102 2900 4161 pastor
2928 4108 2945 4147 :
2977 4108 3082 4147 non
3112 4093 3252 4148 sicut
3281 4093 3318 4147 ii

1739 4184 1831 4255 qui
1873 4184 2014 4254 apud
2056 4184 2308 4240 homines
2351 4194 2597 4256 pastores
2647 4196 2795 4252 sunt,
2829 4187 3121 4241 utilitatem
3165 4189 3231 4241 ad
3260 4203 3320 4243 se

48 4290 248 4361 ἑτέροις
303 4289 528 4360 ὁμοίως,
577 4291 673 4344 καὶ
718 4289 880 4362 θύρα,
937 4289 1385 4361 ὁμολογουμένως
1437 4289 1507 4344 δὲ.
1543 4289 1627 4344 καλ

1789 4277 1964 4333 ’διιεηε
2013 4290 2080 4332 eo
2125 4279 2269 4346 quod
2316 4288 2526 4348 pascat,
2569 4279 2670 4333 nisi
2716 4279 2856 4334 forte
2881 4294 3071 4334 eorum
3098 4281 3189 4349 qui
3222 4295 3322 4349 pa-

49 4384 256 4452 ρἐδος·
285 4380 468 4452 ἐαυτῷ
495 4381 553 4435 δὲ
587 4383 682 4435 καὶ
713 4384 917 4455 ἑτέροις
951 4383 1134 4452 σοφία,
1165 4382 1305 4452 τάχα
1335 4382 1392 4436 δὲ
1423 4383 1514 4436 καὶ
1541 4382 1630 4437 λόὲ

47 4491 151 4540 γος.
198 4473 476 4545 Ζητητέον
507 4473 565 4527 δὲ
596 4475 645 4526 εί
679 4477 1020 4546 συστήματος
1070 4473 1439 4549 θεωρημάτων
1479 4475 1632 4539 ὄντος

47 4563 98 4612 ἐν
149 4562 327 4633 αύτῷ,
374 4562 513 4615 καθὸ
545 4562 708 4630 σοφία
761 4564 928 4627 ἐστὶν,
983 4563 1097 4616 ἐστι
1147 4563 1269 4617 τινὰ
1299 4562 1632 4636 θεωρήματα

50 4656 307 4729 ἀχὼρητα
337 4656 596 4727 τῇσλοιπῇ
637 4656 768 4727 παρ’
798 4656 959 4710 αὐτὸν
999 4659 1232 4728 γεννητῇ
1268 4656 1444 4726 φύσει,
1475 4657 1631 4711 ἅτινα

47 4745 176 4801 οἶδεν
209 4747 417 4817 ἐαυτῷ.
454 4748 566 4800 Καὶ
593 4747 694 4800 οὐκ
733 4746 1091 4811 ἀνεξέταστον
1115 4747 1273 4815 λόγον
1307 4747 1493 4800 ἐατέον
1539 4746 1630 4802 διὰ

49 4842 136 4911 τὴν
153 4839 398 4912 περὶτοῦ
428 4838 584 4908 ἀγίου
612 4837 930 4908 Πνεύματος
948 4837 1252 4892 εὐλάϐειαν⁸
1287 4839 1369 4891 ὅτι
1395 4837 1494 4909 μὲν
1519 4837 1629 4910 γὰρ

50 4935 132 4986 καὶ
145 4933 280 4986 αὐτὸ
305 4929 457 5000 αὐτῷ
494 4929 881 5000 μαθητεύεται,
915 4928 1102 4999 σαφῶς
1131 4929 1241 5001 (6-1)
1272 4931 1336 4983 ἐκ
1353 4928 1446 4982 τοῦ
1473 4928 1628 5000 λεγο-

53 5023 205 5092 μένου
246 5023 379 5094 περὶ
423 5021 781 5092 παρακλήτου
829 5021 926 5075 καὶ
957 5021 1114 5091 ἁγίου
1159 5023 1496 5095 Πνεύματος,
1550 5024 1631 5079 ὅτι

55 5136 70 5162 ο
109 5117 202 5168 Ἐκ
225 5115 324 5168 τοῦ
353 5113 491 5185 ἐμοῦ
521 5113 772 5184 λήψεται,
805 5115 900 5166 καὶ
923 5115 1214 5185 ἀναγγελεῖ
1242 5115 1390 5186 ὑμῖν.
1424 5135 1442 5168 ι
1473 5117 1536 5170 Εἰ
1575 5116 1632 5170 δὲ

56 5207 486 5278 μαθητευόμενον
522 5205 636 5278 (62)
683 5205 860 5260 πάντα
892 5208 1078 5277 χωρεῖ,
1119 5205 1156 5261 ἃ
1186 5208 1505 5272 ἐνατενίζων
1553 5207 1631 5279 τῷ

117 5362 158 5394 ³⁸
181 5362 370 5418 Matth.
397 5378 455 5430 v,
487 5362 612 5420 l6..
655 5360 702 5395 “
727 5363 888 5419 Num.
930 5381 1040 5430 xlv,
1065 5365 1155 5420 ‘28.
1231 5365 1274 5397 “
1305 5367 1320 5420 l
1347 5365 1488 5421 Tim.
1515 5384 1588 5433 vi,
1623 5367 1711 5424 l6.

116 5490 225 5562 (58)
267 5494 632 5559 Ἀπόστολος
673 5496 823 5550 deest
864 5497 916 5551 in
957 5497 1194 5554 editione
1217 5499 1498 5564 lluetiana,
1529 5501 1623 5554 sed

59 5565 344 5616 restituitur
376 5580 407 5619 e
435 5566 633 5619 codice
667 5566 984 5623 Bodleiano.

120 5633 230 5702 (59)
265 5634 818 5710 Qndearllodleianus
848 5649 904 5693 et
951 5637 1280 5694 Barherinus
1312 5651 1458 5695 recte
1485 5641 1514 5693 6
1541 5638 1631 5710 p.6-

60 5719 161 5768 νος,
201 5704 340 5761 male
384 5708 553 5761 editio
605 5703 875 5764 Huctiana
919 5710 973 5766 in
1019 5718 1169 5765 textu
1221 5712 1382 5767 habet
1419 5712 1480 5766 οὑ
1528 5703 1626 5782 μό-

1739 4379 1965 4426 scantur
2017 4369 2334 4435 utilitatem,
2383 4370 2741 4440 benignitatis
2791 4386 2978 4434 causa,
3035 4371 3316 4441 propriam

1739 4476 1862 4518 esse
1919 4471 2156 4533 reputet.
2204 4462 2346 4529 Quin
2389 4461 2552 4519 etiam
2613 4463 2702 4516 via
2736 4471 2840 4527 est,
2890 4463 3012 4518 aliis
3062 4463 3321 4520 similiter

1737 4555 1906 4610 etiam
1958 4557 2186 4620 ostium,
2210 4553 2326 4624 jam
2357 4555 2523 4610 etiam
2571 4555 2624 4608 in
2665 4554 2918 4610 confesso
2947 4566 3030 4610 est
3059 4557 3202 4625 quod
3247 4557 3320 4613 sit

1739 4649 1905 4703 etiam
1951 4649 2147 4719 virga;
2191 4649 2296 4705 sibi
2331 4663 2461 4703 vero
2504 4647 2602 4718 ipsi
2633 4659 2687 4703 et
2717 4648 2839 4703 aliis
2871 4648 3174 4718 sapientia;
3204 4647 3318 4704 for-

1740 4742 1903 4797 lassis
1932 4743 2096 4804 etiam
2139 4741 2296 4812 λόγος
2342 4741 2418 4814 [id
2468 4750 2552 4796 est
2602 4740 2784 4812 ratio].
2825 4741 3186 4808 Quaerendum
3233 4749 3319 4797 est

1737 4835 1960 4905 insuper
1986 4851 2114 4890 num
2150 4850 2220 4891 ex
2247 4851 2310 4890 ea
2339 4835 2689 4890 multitudine
2734 4835 3169 4903 speculationum
3197 4849 3318 4903 qua:

1736 4937 1863 4984 sunt
1890 4928 1943 4981 in
1976 4929 2114 4997 ipso,
2148 4927 2200 4982 in
2247 4936 2512 4997 quantum
2547 4927 2812 4996 sapientia
2845 4936 2950 4994 est,
2977 4927 3087 4982 sint
3118 4926 3317 4996 aliqua:

1739 5019 2140 5090 speculationes
2173 5019 2315 5089 apud
2348 5020 2548 5090 ipsum,
2581 5034 2716 5088 quas
2749 5018 2959 5089 reliqua
2995 5029 3189 5072 natura
3215 5034 3315 5088 ge-

1740 5124 1927 5169 nerata
1983 5113 2266 5184 percipere
2340 5127 2581 5183 nequeat
2651 5128 2990 5182 quarumque
3050 5111 3154 5167 sibi
3213 5112 3314 5180 ipsi

1739 5208 2028 5264 scientiam
2070 5216 2336 5264 reservet.
2377 5207 2489 5263 Nec
2543 5207 2913 5262 inexaminata
2960 5206 3312 5277 relinquenda

1791 5367 1836 5399 “
1863 5365 2025 5423 llehr.
2055 5383 2115 5430 tt,
2144 5368 2198 5422 9.
2268 5366 2354 5421 ⁸³1
2381 5365 2520 5421 Tim.
2548 5383 2621 5434 vt,
2656 5366 2742 5420 16.

1826 5502 1916 5568 GU)
1941 5503 2129 5556 Εἶναι.
2165 5504 2475 5574 ιρει-ξιιιίιιιη
2503 5505 2716 5559 videtur
2740 5502 2878 5560 ἐστι.

1825 5574 1884 5626 61
1949 5575 2176 5643 Σαφῶς.
2217 5575 2358 5640 Lege
2391 5574 2578 5642 σαφές.

1829 5583 1916 5701 ϐἒζ
1945 5648 2013 5698 Εἰ
2039 5644 2107 5697 δὲ
2153 5645 2578 5701 ααθητευόιιενι

1806 5642 1916 5714 (62)
1945 5648 2013 5698 El
2038 5642 2107 5697 δὲ
2147 5645 2652 5715 μαθητευόμενον,
2692 5655 2797 5701 etc.
2855 5643 2989 5710 Quia
3023 5642 3312 5715 scientiam

1735 5728 2044 5783 cwtet'aque
2091 5713 2269 5769 omnia
2321 5717 2483 5769 habet
2530 5715 2768 5783 Spiritus
2813 5724 3036 5769 sanctus
3085 5730 3112 5766 ιι
3147 5713 3309 5780 Filio,

1737 5794 1994 5854 tanquam
2030 5804 2057 5841 a
2087 5785 2448 5856 processionis
2473 5788 2758 5855 principio,
2790 5798 3060 5855 utcunque
3100 5796 3313 5844 ratione
