3792 6146
467 334 574 392 147

1895 334 2233 393 ORIGENIS‘

3610 352 3707 408 H8

465 461 551 508 est
573 450 746 507 oratio
774 459 997 523 propter
1021 451 1258 523 Spiritus
1279 452 1453 508 sancti
1483 451 1840 509 reverentiam
1868 469 1883 508 :
1909 469 2034 508 nam

2143 451 2316 524 Πατρὶ
2367 453 2672 524 ἀρχόμενος
2717 454 2748 508 ό
2791 451 2920 518 Υίδς
2974 453 3252 524 γινώσκει,
3302 454 3712 531 ὶπιμελέστερον

464 543 608 614 quod
657 543 819 600 etiam
857 543 970 614 ipse
1028 543 1097 600 ab
1144 543 1240 600 illo
1296 543 1612 608 edoceatur,
1646 542 1816 612 liquet
1866 558 1934 598 ex
1968 558 2036 599 eo

461 635 607 705 quod
636 635 704 690 de
736 634 1014 705 paracleto
1035 641 1093 689 et
1125 642 1316 689 sancto
1348 632 1553 702 Spiritu
1590 630 1855 687 dicitur“
1885 649 1899 685 :
1927 630 2036 686 «De

461 740 585 780 meo
608 725 858 794 accipiet,
893 733 948 780 et
968 723 1314 778 annuntiabit
1339 723 1530 788 vobis;
1562 741 1585 775 ›
1604 725 1698 778 sed
1723 721 2038 792 diligentius

461 816 846 886 inquirendum
876 823 959 871 est
987 830 1056 869 an
1078 829 1201 870 cum
1232 816 1460 870 docetur
1488 813 1668 868 omnia
1695 813 1894 883 capiat,
1927 813 2036 884 72

461 923 584 976 qua:
623 908 814 964 defixis
843 908 894 962 in
933 906 1150 962 Patrem
1193 906 1366 961 oculis
1397 921 1424 959 a
1454 905 1721 976 principio
1765 905 2038 960 exsistens

461 1001 636 1056 Filius
665 1000 935 1071 agnoscit.
967 998 1022 1054 Si
1047 1013 1180 1069 ergo
1213 997 1474 1054 Servator
1504 996 1682 1067 aliqua
1707 995 1925 1066 quidem
1954 1006 2038 1053 εει

463 1095 606 1160 aliis,
637 1093 818 1163 aliqua
854 1107 984 1146 vero
1011 1089 1236 1146 forsitan
1265 1090 1368 1146 sibi
1409 1090 1534 1159 ipsi,
1565 1103 1739 1159 eaque
1763 1089 1848 1144 vel
1879 1088 2034 1154 nulli,

461 1186 547 1242 vel
597 1185 712 1250 uni,
747 1184 833 1240 vel
883 1183 1090 1255 paucis,
1126 1183 1552 1238 examinandum
1583 1190 1667 1236 est
1699 1190 1880 1237 utrum
1910 1180 2038 1236 Ser-

462 1289 636 1341 vator,
668 1287 937 1348 quatenus
962 1285 1046 1331 est
1085 1277 1192 1330 vita
1235 1275 1320 1330 illa
1372 1289 1492 1344 qua:
1530 1273 1670 1330 facta
1709 1283 1794 1329 est
1821 1274 1874 1329 in
1911 1272 2040 1328 Ser-

461 1385 646 1438 mone,
697 1371 802 1426 sibi
847 1370 950 1440 ipsi
1003 1379 1060 1425 et
1110 1368 1228 1423 aliis
1281 1368 1352 1423 sit
1396 1368 1528 1434 vita,
1573 1382 1639 1422 an
1684 1365 1845 1430 aliis;
1898 1373 1953 1420 et
1992 1367 2036 1420 si

463 1463 606 1526 aliis,
635 1462 832 1534 quibus
860 1462 1001 1518 aliis.
1032 1461 1393 1529 Quamobrem
1438 1461 1485 1516 si
1514 1460 1624 1515 vita
1669 1467 1726 1516 et
1748 1458 1838 1513 lux
1865 1457 2040 1513 homi-

465 1571 596 1610 num
627 1555 767 1610 idem
806 1564 954 1621 sunt,
982 1554 1158 1623 inquit
1185 1553 1332 1608 enim
1363 1570 1376 1606 :
1413 1571 1432 1605 ι
1455 1551 1608 1619 Quod
1636 1551 1838 1607 factum
1866 1560 1951 1606 est
1984 1551 2035 1605 in

461 1646 583 1716 ipso
615 1646 722 1700 vita
767 1655 907 1711 erat,
947 1653 1004 1702 et
1030 1645 1139 1699 vita
1177 1643 1267 1698 illa
1307 1651 1428 1700 erat
1467 1644 1556 1698 lux
1602 1643 1886 1699 hominum
1902 1643 1973 1711 ⁸⁵,
2012 1662 2033 1696 ι

461 1751 516 1796 ει
561 1740 649 1796 lux
692 1742 971 1797 hominum
1024 1740 1334 1810 aliquorum
1374 1747 1460 1795 est
1492 1739 1606 1803 lux,
1662 1747 1717 1794 et
1771 1738 1890 1793 hazc
1923 1754 2030 1793 non

2137 542 2415 614 ζητητέον.
2451 545 2513 597 El
2534 545 2712 598 τοίνυν
2735 546 2765 598 ὁ
2789 545 2978 619 Σωτὴρ
3006 545 3042 600 ἃ
3071 546 3171 618 μέν
3199 563 3320 602 τινα
3345 548 3576 620 ἑτέροις,
3599 553 3712 606 τινὰ

2135 635 2192 689 δὲ
2215 636 2353 708 τάχα
2375 635 2476 690 ποῦ
2501 636 2670 709 αὐτας),
2701 639 2846 712 καὶῆ
2875 639 3070 705 οὐδενὶ,
3091 639 3126 712 ἢ
3157 638 3311 712 ἔνιῆ
3336 641 3560 710 ὀλίγοις,
3583 644 3712 699 καθδ

2137 724 2249 798 ζωή
2283 729 2430 780 ἐστιν
2446 729 2482 798 ἡ
2497 727 2763 799 γενομένη
2787 731 2845 782 έν
2868 727 2948 800 τῷ
2971 729 3148 806 Λόγῳ,
3176 730 3530 801 βασανιστέον
3561 735 3711 788 πότε-

2139 835 2232 890 ρον
2265 818 2529 890 αὐτῷκαὶ
2552 820 2758 892 ἑτέροις
2784 821 2896 892 ζωή
2931 823 3101 889 ἐστιν,
3136 823 3169 894 ἢ
3205 823 3440 895 ἑτέροις,
3479 825 3572 878 καὶ
3602 825 3712 880 ἑτέ-

2141 926 2253 978 ροις
2273 911 2383 963 τισὶ
2403 910 2632 975 τούτοις.
2669 913 2732 965 Εί
2756 911 2820 984 δὴ
2845 913 3043 967 ταύτόν
3062 915 3179 968 ἐστι
3203 913 3316 988 ζωὴ
3343 915 3440 969 καὶ
3477 915 3590 985 φῶς
3609 917 3712 971 τῶν

2137 997 2460 1070 ἀνθρώπων,
2500 1001 2636 1072 φησὶ
2666 1001 2796 1074 γάρ·
2822 1021 2841 1054 ι
2876 1004 2987 1058 Καὶ
3013 1004 3042 1058 ὃ
3082 1007 3307 1076 γέγονεν
3339 1010 3402 1062 ὲν
3431 1007 3581 1080 αὐτῷ
3605 1009 3711 1082 ζωὴ

2136 1083 2224 1160 ἦν,
2244 1091 2339 1144 καὶ
2359 1089 2470 1163 ζωὴ
2489 1087 2558 1164 ἦν
2585 1093 2646 1146 τὸ
2667 1093 2781 1165 φῶς
2802 1095 2910 1150 τῶν
2925 1097 3244 1168 ἀνθρώπων
3267 1119 3289 1152 ι
3306 1099 3367 1154 τὺ
3396 1100 3458 1153 δὲ
3481 1101 3593 1171 φῶς
3609 1103 3713 1157 τῶν

2138 1180 2439 1252 ἀνθρώπων
2457 1185 2620 1238 τινῶν
2650 1187 2768 1239 ἐστι
2791 1187 2928 1256 φῶς,
2962 1190 3055 1242 καὶ
3075 1189 3236 1244 τοῦτο
3266 1192 3327 1244 οὐ
3359 1192 3580 1248 πάντων
3611 1194 3713 1249 τῶν

2137 1271 2394 1340 λογικῶν,
2410 1274 2533 1329 ὅσον
2549 1275 2641 1328 ἐπὶ
2661 1275 2723 1329 τὺ
2740 1276 2954 1332 κεῖσθαι
2976 1279 3058 1344 τὺ,
3081 1280 3432 1350 ἀνθρώπων,
3453 1282 3589 1337 ἀλλὰ.
3611 1286 3711 1339 τῶν

2137 1365 2439 1437 ἀνθρώπων
2464 1370 2580 1422 ἐστὶ
2614 1369 2748 1440 φῶς·
2781 1371 2865 1445 εἴη
2898 1371 2965 1426 ἂν
3007 1374 3103 1428 καὶ
3131 1371 3244 1448 ζωὴ
3279 1375 3604 1447 ἀνθρώπων,
3643 1371 3712 1431 ὧν

2139 1457 2233 1510 καὶ
2263 1457 2379 1527 φῶς
2399 1459 2536 1512 ἐστι·
2561 1463 2656 1515 καὶ
2695 1462 2830 1516 καθὸ
2863 1463 2996 1534 ζωὴ,
3023 1465 3233 1535 λέγοιτο
3261 1465 3327 1520 ἂν
3355 1469 3386 1520 ό
3410 1467 3600 1541 Σωτὴρ
3623 1470 3710 1541 οὐχ

2138 1550 2306 1622 αὐτῷ,
2337 1553 2474 1609 ἀλλὰ
2485 1555 2692 1628 ἑτέροις
2725 1553 2864 1612 εἶναι
2887 1558 3022 1631 ζωὴ,
3045 1552 3121 1614 ὧν
3148 1561 3266 1613 ἐστι
3286 1562 3382 1615 καὶ
3424 1561 3560 1631 φῶς.
3577 1562 3708 1635 Αὕτη

2137 1643 2193 1698 δὲ
2233 1647 2266 1718 ἡ
2296 1648 2408 1721 ζωὴ
2442 1649 2519 1721 τῷ
2555 1650 2698 1722 λόγῳ
2727 1652 3030 1722 ἐπιγίνεται
3056 1653 3358 1727 ἀχώριστος
3394 1653 3563 1708 αὐτοῦ
3588 1659 3698 1727 μετζ.

2139 1741 2201 1794 τὸ
2239 1741 2584 1810 ἐπιγενέσθαι
2629 1743 2990 1814 τυγχάνουσα·
3030 1745 3189 1815 λόγον
3220 1746 3331 1819 γὰρ
3376 1747 3708 1820 προύπάρξαι

460 1834 704 1888 omnium
741 1834 833 1906 qui
884 1808 1250 1889 rationis—sint
1278 1846 1534 1904 capaces,
1563 1840 1854 1903 propterea
1885 1831 2032 1901 quod

2143 1831 2232 1884 τὸν
2257 1808 2586 1903 καθαίροντα
2629 1808 2933 1905 τὴνᾏυχὴν
2965 1835 3024 1888 έν
3144 1808 3435 1906 ψυχῇόεῖ,
3455 1835 3544 1890 ἵνα

459 1925 640 1980 addita
673 1925 744 1980 sit
769 1925 957 1985 vocula
987 1925 1279 1991 hominum,
1333 1925 1430 1980 sed
1479 1924 1761 1980 hominum
1805 1931 1888 1978 est
1918 1921 2032 1990 lux,

460 2018 566 2072 vita
598 2019 703 2073 erit
734 2019 896 2074 etiam
947 2018 1249 2087 hominum,
1297 2032 1528 2088 quorum
1581 2017 1744 2072 etiam
1778 2015 1871 2070 lux
1899 2027 1984 2072 est
2017 2031 2034 2068 :

2139 1922 2330 1977 τοῦτον
2364 1923 2462 1978 καὶ
2473 1925 2570 1996 τὴν
2598 1926 2692 1980 ἀπ’
2712 1926 2879 1980 αὐτοῦ
2919 1925 3212 2000 κάθαρσιν,
3234 1929 3419 2000 πάσης
3447 1944 3709 2000 περιαιρε-

2141 2013 2328 2086 θείσης
2358 2017 2683 2088 νεκρότητος
2721 2018 2814 2072 καὶ
2851 2019 3155 2086 ἀσθενείας,
3187 2022 3223 2093 ἠ
3261 2020 3572 2093 ἀκραιφνὴς
3608 2019 3710 2093 ζωὴ

461 2115 512 2160 ει
545 2104 600 2160 in
647 2116 908 2175 quantum
939 2107 1187 2174 estvita,
1238 2107 1343 2162 dici
1388 2116 1567 2179 potest
1615 2105 1878 2163 Servator
1925 2121 2034 2163 non

2143 2107 2432 2179 ἐγγένηται
2458 2108 2614 2182 παρὰ
2631 2111 2792 2164 παντὶ
2805 2111 2882 2183 τῷ
2904 2112 3001 2166 τοῦ
3032 2113 3230 2184 Λόγου,
3245 2113 3388 2168 καθὸ
3409 2113 3542 2177 Θεός
3556 2113 3707 2176 ἐστιν,

461 2195 558 2250 sibi
592 2197 715 2265 ipsi,
743 2197 840 2253 sed
891 2197 1015 2252 aliis
1039 2198 1172 2262 vita,
1205 2212 1435 2268 quorum
1467 2205 1549 2254 est
1574 2198 1739 2254 etiam
1763 2197 1879 2254 lux.
1908 2197 2034 2256 Haec

2143 2199 2303 2256 αὐτὸν
2335 2203 2620 2275 ποιήσαντι
2645 2203 2972 2276 χωρητικόν.

460 2304 589 2345 sane
635 2290 742 2344 vita
795 2291 846 2345 in
878 2290 1036 2362 Λόγῳ
1067 2288 1196 2363 [hoc
1238 2300 1323 2346 est
1369 2293 1424 2346 in
1469 2289 1566 2347 Dei
1598 2289 1766 2364 Filio]
1809 2291 1870 2347 tit
1922 2292 2303 2365 inseparabilis
2353 2295 2423 2352 ab
2475 2297 2592 2366 ipso
2643 2297 2936 2364 exsistcns,
2983 2298 3148 2354 simul
3196 2308 3362 2370 atque
3411 2297 3552 2354 facta
3603 2295 3706 2351 fue-

459 2383 567 2448 rit;
599 2383 940 2452 przeexsistat
965 2384 1111 2438 enim
1141 2383 1298 2453 λόγος
1330 2382 1406 2454 [id
1435 2391 1520 2440 est
1552 2399 1757 2454 sermo,
1797 2385 1914 2441 sive
1947 2385 2135 2462 ratio,]
2169 2387 2221 2443 in
2254 2389 2434 2444 anima
2477 2401 2724 2461 oportet,
2779 2394 2871 2464 qui
2925 2393 3102 2465 ipsam
3142 2401 3449 2463 expurget,
3494 2400 3553 2445 ut
3602 2398 3704 2460 post

458 2479 623 2542 hunc,
669 2486 724 2532 et
775 2475 844 2531 ab
882 2477 1000 2548 ipso
1034 2479 1447 2548 provenientem
1495 2479 1896 2552 purgationem,
1935 2482 2084 2538 omni
2133 2497 2355 2553 prorsus
2405 2485 2583 2541 ablata
2645 2488 3067 2544 mortiﬁcatione
3115 2496 3171 2542 et
3226 2485 3565 2549 infirmitate,
3590 2498 3706 2552 pura

459 2573 779 2642 sinceraque
806 2573 915 2627 vita
951 2572 1301 2643 ingeneretur
1326 2573 1467 2645 apud
1493 2587 1712 2630 omnem
1737 2575 1832 2645 qui
1861 2574 2051 2632 fecerit
2075 2577 2312 2648 seipsum
2338 2594 2592 2648 capacem
2623 2581 2924 2647 Sermonis,
2950 2582 3000 2636 in
3023 2589 3282 2650 quantum
3309 2577 3454 2633 Dens
3481 2588 3580 2632 est.

528 2668 618 2722 15.
658 2668 928 2723 (Σιειετυιη
980 2669 1087 2723 duo
1132 2667 1447 2738 singulatim
1497 2667 1837 2724 observanda
1881 2679 2030 2736 sunt,

458 2757 872 2828 diﬂ‘erentiaquc
925 2772 1114 2814 eorum
1177 2765 1436 2814 accurate
1486 2758 2032 2830 examinanda:pri-

457 2865 606 2906 mum
640 2851 860 2920 quidem
895 2871 909 2905 :
947 2850 1118 2920 Λόγος
1151 2849 1228 2922 [id
1251 2858 1334 2905 est
1374 2848 1585 2922 Sermo]
1616 2857 1698 2906 εει
1733 2850 1784 2904 in
1824 2850 2033 2919 princi-

457 2944 580 3014 pio;
608 2943 804 2999 deinde
833 2943 978 3013 quod
1011 2943 1122 2998 vita
1153 2945 1206 2997 in
1233 2941 1519 2998 Sermone.
1552 2942 1659 2998 Sed
1686 2941 1880 2999 Sermo
1908 2945 2030 3014 qni-

456 3039 578 3092 dem
623 3036 675 3090 in
732 3035 1002 3106 principio
1065 3051 1172 3091 non
1211 3044 1296 3090 est
1349 3034 1525 3091 factus
1558 3053 1572 3089 :
1609 3049 1709 3090 nec
1733 3038 1878 3090 enim
1905 3035 2026 3102 fuit,

456 3129 674 3198 quando
701 3129 1024 3200 principium
1065 3129 1228 3184 fuerit
1278 3130 1483 3199 absque
1518 3127 1784 3185 Sermone
1836 3139 1892 3184 et
1951 3145 2039 3184 ra-

457 3224 626 3290 tione,
652 3237 814 3292 quam
844 3223 913 3278 ob
942 3238 1164 3278 causam
1213 3222 1414 3277 dicitur
1441 3239 1455 3275 :
1489 3240 1506 3274 ι
1532 3222 1586 3276 In
1616 3221 1888 3292 principio
1913 3219 2040 3277 Ser-

456 3333 547 3372 mo
573 3317 776 3372 erat“.
809 3337 828 3369 ι
863 3320 933 3374 Λι
959 3333 1090 3373 vero
1134 3318 1242 3371 vita
1275 3317 1326 3371 in
1358 3317 1514 3389 Λόγῳ
1547 3317 1624 3390 [id
1647 3327 1730 3373 est
1751 3316 2037 3389 Sermone]

458 3427 565 3466 non
595 3421 734 3479 erat,
768 3413 861 3467 sed
910 3411 1054 3466 facta
1083 3421 1188 3476 est,
1223 3411 1662 3481 quandoquidem
1695 3413 1805 3468 vita
1837 3422 1921 3467 est
1948 3411 2038 3464 lux

457 3503 767 3566 hominum;
793 3518 915 3557 cum
939 3503 1083 3558 enim
1109 3503 1272 3556 homo
1298 3502 1530 3556 nondum
1559 3512 1724 3572 esset,
1753 3517 1928 3572 neque
1949 3501 2038 3556 lnx

459 3593 742 3648 hominum
771 3603 912 3660 erat,
955 3594 1302 3650 considerata
1333 3593 1454 3650 luce
1479 3593 1926 3665 hominnmjuxta
1955 3609 2041 3648 re-

459 3685 715 3740 lationem
747 3687 812 3742 ad
834 3687 1099 3742 homines.
1132 3686 1397 3741 Caeterum
1424 3702 1582 3742 nemo
1609 3702 1707 3742 nos
1739 3697 1927 3757 urgeat
1953 3702 2040 3739 ra-

459 3788 547 3832 tus
578 3795 676 3833 nos
701 3780 814 3833 hzec
844 3779 1212 3849 temporaliter
1227 3783 1534 3842 enuntiare,
1555 3779 1746 3834 ordine
1765 3780 2036 3848 exigente,

459 3871 717 3941 primum,
766 3882 822 3927 et
873 3875 1195 3938 secundum,
1227 3883 1282 3927 et
1310 3889 1430 3944 qua:
1471 3873 1757 3941 deinceps,
1821 3870 2036 3926 etiamsi

461 3971 678 4030 tempus
718 3979 822 4016 non
854 3962 1184 4029 inveniatur,
1224 3963 1442 4032 quando
1475 3963 1746 4016 lernarius
1777 3977 2036 4015 numerus

460 4065 552 4109 aut
571 4065 796 4125 quartus
819 4057 1237 4126 haudquaquam
1260 4072 1288 4110 a
1303 4070 1555 4112 sermone
1568 4054 1832 4109 substrati
1857 4063 2034 4108 erant.

467 4149 536 4205 lit
563 4149 726 4219 igitur
761 4165 780 4199 ι
809 4149 992 4204 omnia
1023 4165 1117 4218 per
1147 4153 1318 4215 ipsum
1356 4148 1496 4204 facta
1521 4156 1668 4210 sunt,
1715 4167 1734 4200 ι
1768 4162 1874 4201 non
1921 4161 2040 4201 om-

459 4242 552 4297 nia
585 4257 681 4310 per
708 4242 887 4313 ipsum
917 4251 1093 4306 erant,
1131 4261 1148 4292 ι
1177 4251 1231 4296 ει
1259 4241 1376 4296 sine
1412 4242 1527 4310 ipso
1575 4240 1777 4294 factum
1824 4245 1909 4292 est
1951 4237 2034 4290 ni-

463 4333 558 4396 hil,
585 4352 603 4386 ι
641 4349 747 4388 non
793 4334 909 4388 sine
949 4333 1065 4402 ipso
1101 4342 1222 4386 erat
1260 4333 1427 4398 nihil;
1461 4333 1540 4388 sic
1597 4330 1780 4401 «quod
1833 4329 2037 4384 factum

2208 2672 2488 2745 Τηρητέον
2527 2673 2584 2728 δὲ
2624 2673 2692 2728 τά
2741 2674 2836 2728 δύο
2873 2674 2952 2740 ἓν,
2999 2675 3094 2728 καὶ⁸
3124 2673 3223 2746 τὴν
3255 2669 3522 2743 διαφορὰν
3548 2669 3707 2724 αὐτῶν

2135 2763 2471 2832 ἐξεταστέον·
2509 2766 2726 2838 πρῶτον
2762 2766 2860 2838 μὲν
2889 2766 3000 2838 γὰρ
3027 2767 3085 2819 ὲν
3118 2765 3216 2836 τῷ·
3249 2763 3427 2833 Λόγος
3463 2764 3521 2816 ἐν
3559 2761 3701 2831 ἀρχῇ·

2133 2860 2386 2933 δεύτερον
2417 2860 2475 2914 δὲ
2498 2861 2556 2912 ὲν
2581 2859 2678 2932 τῷ·
2710 2858 2823 2932 ζωὴ
2856 2861 2914 2913 ὲν
2935 2859 3114 2931 Λόγῳ.
3155 2857 3316 2911 Ἀλλὰ
3349 2856 3519 2925 Λόγος
3546 2855 3635 2926 μὲν
3657 2857 3704 2908 ὲν

2137 2954 2278 3025 ἀρχῇ
2315 2954 2415 3006 οὐκ
2447 2952 2683 3022 ἐγένετο,
2720 2951 2820 3005 οὐκ
2849 2947 2917 3023 ἦν
2941 2952 3054 3024 γάρ
3073 2951 3210 3021 ὄτεή
3236 2948 3379 3020 ἀρχὴ
3411 2948 3598 3016 ἄλογος
3627 2942 3702 3017 ἦν,

2065 3083 2107 3140 C
2139 3045 2219 3098 διὸ
2243 3045 2480 3114 λέγεται’
2506 3063 2524 3096 ι
2577 3045 2665 3099 Ἐν
2697 3045 2836 3117 ἀρχῇ
2869 3039 2940 3116 ἦν
2978 3045 3006 3097 ὁ
3043 3044 3234 3112 Λόγος
3273 3061 3291 3093 ι
3330 3040 3449 3112 ζωὴ
3477 3041 3532 3094 δὲ
3560 3042 3611 3093 ὲν
3640 3038 3704 3140 τῳ

2143 3137 2300 3209 Λόγῳ
2339 3137 2440 3192 οὐκ
2467 3133 2556 3208 ἧν,
2600 3137 2736 3190 ἀλλὰ
2778 3136 2892 3208 ζωὴ
2925 3136 3165 3206 ἐγένετο,
3192 3134 3246 3188 εἴ
3272 3152 3335 3204 γε
3364 3133 3482 3204 ζωή
3515 3134 3620 3186 ἐστι
3652 3130 3703 3182 τὺ

2143 3225 2260 3295 φῶς
2287 3226 2396 3280 τῶν
2425 3223 2748 3298 ἀνθρώπων.
2788 3228 2919 3280 Ὅτε
2935 3226 3042 3296 γάρ
3064 3225 3276 3278 οὐδέπω
3303 3224 3589 3296 ἄνθρωπος
3627 3219 3701 3293 ἦν,

2142 3317 2260 3370 οὐδὲ
2298 3317 2416 3387 φῶς
2455 3317 2562 3372 τῶν
2595 3317 2898 3390 ἀνθρώπων
2921 3313 3010 3388 ἦν,
3043 3316 3139 3370 τοῦ
3163 3317 3339 3387 φωτὸς
3373 3315 3489 3369 τῶν
3520 3313 3702 3385 ἀνθρώ-

2141 3426 2260 3463 πων
2286 3409 2428 3465 κατὰ
2450 3411 2548 3482 τὴν
2571 3411 2706 3483 πρὸς
2721 3409 3042 3483 ἀνθρώπους
3061 3409 3245 3480 σχέσιν
3267 3408 3578 3477 νοουμένου.
3601 3408 3701 3476 Μη-

2140 3505 2251 3568 δεὶς
2267 3505 2310 3558 δ’
2335 3507 2486 3576 ἡμᾶς
2508 3504 2755 3570 θλιϐέτω,
2785 3505 3053 3576 χρονικῶς
3080 3501 3322 3572 οἰόμενος
3346 3501 3520 3555 ταῦτα
3547 3501 3701 3566 ἀπαγ-

2139 3595 2371 3664 γέλλειν,
2404 3595 2501 3666 τῆς
2541 3594 2751 3662 τάξεως
2782 3595 2842 3648 τὸ
2885 3593 3101 3666 πρῶτον
3133 3592 3229 3648 καὶ
3255 3592 3316 3646 τὸ
3343 3592 3592 3662 δεύτερον
3622 3590 3701 3642 καὶ

2140 3689 2208 3743 τά
2239 3687 2439 3758 ἐφεξῆς
2483 3687 2839 3758 ἀπαιτούσης,
2873 3685 2977 3740 κᾶν
3031 3685 3219 3758 χρόνος
3268 3683 3343 3756 μὴ
3381 3684 3696 3756 εὑρίσκηται,

2140 3783 2228 3836 ὅτε
2251 3783 2319 3837 τὰ
2345 3780 2451 3835 ὑπὸ
2493 3779 2590 3834 τοῦ
2617 3779 2792 3849 Λόγου
2833 3777 3244 3849 ὑποϐαλλόμενα
3274 3776 3459 3848 τρίτα,
3508 3775 3596 3828 καὶ
3626 3771 3700 3825 τέ-

2141 3894 2312 3948 ταρτα
2327 3874 2579 3946 οὐδαμῶς
2593 3868 2680 3945 ἦν.
2723 3875 2820 3926 Ὃν
2851 3871 3049 3945 τρόπον
3065 3872 3244 3926 τοίνυν
3267 3891 3286 3922 ι
3324 3869 3504 3923 πάντα
3525 3868 3588 3921 δι’
3615 3866 3700 3920 αὐ-

2139 3970 2234 4022 τοῦ
2275 3968 2510 4037 ἐγένετο,
2546 3986 2564 4018 ι
2601 3965 2695 4019 καὶ
2745 3965 2867 4036 οὐχὶ
2907 3965 3088 4019 πάντα
3120 3964 3188 4017 δι’
3233 3961 3401 4017 αὐτοῦ
3451 3957 3538 4031 ἦν,
3572 3978 3590 4010 ι
3622 3957 3700 4010 καὶ

2141 4061 2311 4132 χωρὶς
2353 4059 2518 4113 αὐτοῦ
2559 4059 2776 4128 ἐγένετο
2800 4057 2922 4111 οὐδὲ
2961 4056 3041 4120 ἓν,
3075 4075 3094 4108 ›
3128 4056 3251 4127 οὐχι
3275 4055 3330 4108 δὲ
3351 4053 3523 4124 χωρὶς
3557 4046 3698 4105 αὐτοῦ

2139 4146 2208 4222 ἦν
2240 4149 2349 4220 (65)
2387 4151 2508 4204 οὐδὲ
2541 4151 2619 4203 ἓν·
2646 4149 2819 4213 οὕτως
2847 4169 2865 4201 ι
2899 4148 2928 4202 ὃ
2956 4147 3180 4217 γέγονεν
3201 4147 3259 4198 ὲν
3290 4144 3461 4216 αὐτῷ,
3497 4162 3517 4194 ›
3542 4140 3650 4210 οὐχὶ
3676 4137 3700 4189 ὃ

2139 4237 2209 4314 ἦν
2233 4243 2290 4296 ὲν
2315 4241 2482 4312 αὐτῷ,
2511 4262 2530 4292 ι
2567 4239 2680 4312 ζωὴ
2722 4235 2811 4312 ἦν.
2843 4259 2861 4291 i
2895 4237 3005 4291 Καὶ
3028 4236 3190 4290 πάλιν
3210 4235 3328 4304 οὐχὶ
3354 4233 3383 4286 ὃ
3415 4231 3622 4300 ἐγένετο
3652 4227 3698 4277 ἐν

2141 4335 2306 4407 ἀρχῇ,
2332 4337 2361 4388 ὁ
2396 4334 2566 4402 Λόγος
2591 4328 2680 4404 ἦν,
2707 4331 2842 4386 ἀλλὰ
2869 4330 2897 4384 δ
2919 4325 2987 4400 ἦν
3017 4330 3074 4380 ὲν
3096 4328 3259 4398 ἀρχῇ,
3281 4324 3452 4393 Λόγος
3476 4319 3560 4394 ἧν.
3586 4317 3700 4372 Τινά

463 4436 548 4482 εει
573 4427 624 4481 in
661 4427 798 4496 ipso,
827 4446 845 4478 ι
882 4442 987 4479 non
1033 4427 1179 4496 quod
1212 4435 1330 4481 erat
1383 4429 1434 4480 in
1490 4426 1628 4495 ipso,
1657 4423 1978 4478 «vitaerat.
2011 4441 2030 4474 ι

2146 4428 2394 4500 μέντοιγε
2426 4425 2535 4480 τῶν
2562 4423 2910 4495 ἀντιγράφων
2940 4421 3076 4492 ἔχει,
3111 4421 3205 4474 καὶ
3231 4419 3370 4488 τάχα
3398 4418 3499 4470 οὐκ
3527 4411 3699 4468 ἀπιθά-

464 4520 531 4574 Ει
566 4537 756 4576 rursus
787 4535 893 4574 non
929 4522 1070 4590 quod
1101 4521 1304 4575 factum
1332 4528 1416 4574 est
1441 4519 1491 4572 in
1523 4517 1812 4588 principio,
1838 4515 2034 4572 Sermo

465 4620 604 4679 erat,
629 4613 722 4668 sed
754 4613 898 4682 quod
924 4623 1044 4667 erat
1074 4613 1124 4666 in
1157 4611 1447 4682 principio,
1488 4610 1681 4665 Sermo
1708 4617 1850 4663 erat.
1881 4607 2043 4675 Quaa-

465 4705 588 4758 dam
626 4713 803 4759 tamen
831 4704 1189 4776 exemplaria,
1222 4713 1279 4761 et
1304 4703 1553 4759 fortassis
1577 4718 1682 4758 non
1711 4701 2044 4768 improbabi-

467 4795 610 4862 liter,
638 4795 836 4851 habent
863 4813 878 4849 :
919 4816 937 4849 ι
966 4797 1124 4864 Quod
1157 4797 1357 4852 factum
1391 4804 1495 4863 est,
1525 4795 1580 4849 in
1610 4795 1732 4866 ipso
1765 4793 1874 4847 vita
1901 4799 2038 4846 est.»

2143 4537 2269 4584 νως·
2303 4538 2321 4570 ι
2367 4521 2432 4572 Ὃ
2467 4518 2711 4587 γέγονεν,
2754 4519 2812 4570 ὲν
2837 4514 2987 4584 αὐτῷ
3017 4513 3127 4584 ζωή
3169 4513 3336 4564 ἐστιν.
3367 4531 3386 4560 ›
3422 4510 3483 4562 Εἰ
3514 4507 3567 4560 δὲ
3603 4503 3698 4570 ζωὴ

2145 4613 2340 4666 ταύτόν
2372 4613 2488 4664 ἐστι
2511 4609 2589 4681 τῷ
2617 4609 2726 4662 τῶν
2749 4606 3052 4680 ἀνθρώπων
3076 4605 3235 4676 φωτὶ,
3265 4602 3442 4666 οὐδεὶς
3462 4603 3520 4654 ἐν
3547 4597 3700 4665 σκότῳ

2143 4703 2428 4775 τυγχάνων
2453 4703 2542 4774 ζῇ,
2561 4702 2656 4755 καὶ
2685 4700 2859 4764 οὐδεὶς
2876 4698 2986 4752 τῶν
3011 4696 3229 4764 ζώντων
3257 4698 3315 4749 ὲν
3343 4695 3518 4764 σκότῳ
3549 4689 3696 4744 ἐστίν.

2161 4795 2320 4850 Ἀλλά
2353 4798 2462 4859 πᾶς
2495 4799 2523 4849 ὁ
2545 4793 2652 4858 ζῶν
2677 4793 2771 4847 καὶ
2799 4795 2858 4846 ὲν
2884 4791 3024 4860 φωτὶ
3055 4790 3311 4860 ὑπάρχει,
3346 4787 3441 4840 και
3471 4786 3572 4846 πᾶς
3594 4783 3619 4834 ό
3647 4780 3696 4831 ὲν

467 4884 624 4951 Quod
649 4886 697 4940 si
730 4888 840 4941 vita
881 4888 1024 4943 idem
1067 4900 1157 4944 est
1203 4904 1326 4944 cum
1357 4888 1477 4943 luce
1522 4886 1829 4953 hominum,
1862 4884 2035 4938 nullus

2147 4889 2286 4958 φωτὶ
2318 4887 2578 4958 ὑπάρχων
2607 4886 2694 4957 ζῇ·
2729 4883 2868 4937 ὥστε
2901 4883 3062 4954 μόνον
3099 4881 3192 4935 τὸν
3218 4880 3395 4945 ζῶντα
3419 4878 3512 4932 καὶ
3540 4875 3695 4928 πάντα

467 4977 564 5045 qui
598 4977 670 5032 sit
701 4979 752 5032 in
787 4981 1030 5036 tenebris
1058 4981 1212 5047 vivit,
1245 4996 1347 5037 nec
1373 4980 1516 5035 nllus
1538 4978 1836 5035 viventium
1873 4984 1956 5032 est
1983 4975 2040 5030 in

469 5069 732 5137 tenebris,
775 5086 896 5126 cum
925 5073 1103 5128 omnis
1147 5074 1242 5143 qui
1265 5074 1412 5138 vivit,
1452 5075 1497 5128 is
1528 5074 1692 5127 etiam
1725 5073 1795 5127 sit
1819 5072 1872 5126 in
1897 5072 2039 5137 luce.

2149 4974 2290 5032 εἶναι
2323 4976 2499 5048 φωτὸς
2531 4975 2663 5029 υἱόν·
2690 4973 2868 5045 φωτὸς
2901 4973 2959 5028 δὲ
2991 4974 3126 5040 υίὸς,
3161 4964 3222 5026 οὐ
3251 4969 3455 5042 λάμπει
3495 4966 3560 5022 τὰ
3581 4965 3696 5035 ἔργα

2147 5069 2455 5142 ἔμπροσθεν
2482 5067 2592 5121 τῶν
2618 5063 2938 5138 ἀνθρώπων.

469 5174 526 5220 ει
554 5163 734 5218 οηιιιίε
757 5165 847 5233 qni
880 5165 951 5219 sit
984 5167 1036 5220 in
1089 5165 1228 5234 luce,
1282 5167 1330 5222 is
1367 5169 1530 5222 etiam
1585 5169 1756 5232 vivat,
1796 5166 1903 5238 73
1941 5170 2077 5223 adeo
2103 5175 2163 5222 ut
2194 5168 2364 5233 solus,
2393 5173 2449 5220 et
2479 5164 2656 5220 omnis
2686 5161 2872 5216 vivens
2903 5159 2974 5214 sit
3013 5157 3150 5213 lucis
3178 5155 3355 5222 ﬁlius;
3386 5151 3522 5210 filius
3539 5156 3692 5204 autem

469 5259 629 5324 lucis,
661 5258 816 5327 cujus
843 5261 1058 5314 luceant
1079 5275 1245 5329 opera
1272 5273 1456 5315 coram
1486 5260 1796 5314 hominibus
1814 5260 1884 5312 ‘7.

540 5393 1029 5461 “.Ιεθη.ινι,14.
1101 5393 1148 5425 ιι
1183 5393 1315 5448 ibid.
1355 5407 1394 5460 ι,
1424 5392 1478 5460 5,
1507 5393 1560 5448 t.
1635 5392 1929 5450 “ibidd.
1998 5391 2035 5424 ιτ

2143 5389 2267 5444 ttth.
2295 5404 2350 5454 v,
2376 5389 2462 5444 16.

471 5529 700 5599 originis
723 5529 828 5582 dici
883 5536 1062 5594 potest
1089 5527 1157 5599 ab
1186 5542 1252 5599 eo
1284 5526 1529 5599 edoctus.
1581 5524 2037 5599 quemadmodum

471 5593 662 5655 eadem
687 5601 753 5653 de
799 5593 963 5653 causa
998 5613 1094 5667 per
1125 5597 1478 5650 Athanasium
1507 5595 1759 5667 oratione
1783 5593 1818 5647 Ξ).
1841 5605 2040 5667 contra

474 5671 722 5740 Ariunos,
756 5686 808 5740 p.
832 5669 962 5740 557,
991 5662 1194 5740 fminor
1228 5667 1316 5740 illo
1345 5667 1688 5740 praedicatur.
1726 5662 2040 5740 Periculose

477 5753 614 5807 vero
635 5736 896 5807 Origenes
950 5738 1038 5793 hic
1069 5738 1250 5792 vocari
1302 5736 1920 5807 vult‘in_qnzestion_em
1969 5749 2037 5807 a_n

478 5806 714 5875 Spiritus
737 5803 992 5880 sanctus,
1032 5823 1190 5880 quem
1231 5807 1415 5866 doceri
1453 5822 1482 5863 a
1533 5805 1672 5863 Filio
1699 5822 1765 5864 ex
1815 5803 2044 5861 Joannis

2149 5543 2262 5593 xvr,
2303 5526 2391 5590 M,
2432 5524 2659 5595 colligit,
2709 5522 2900 5595 omnia
2931 5521 3269 5595 capiat‘qna:
3313 5517 3483 5573 Filius
3524 5524 3693 5582 cogno-

2148 5591 2271 5661 scit,
2305 5591 2770 5664 quamvis'sancti
2811 5591 3048 5663 Spiritus
3083 5591 3394 5656 εὐλάϐειαν,
3422 5607 3441 5640 ι
3468 5597 3690 5642 reveren-

2150 5669 2299 5726 tiam.
2327 5685 2346 5719 ι
2399 5665 2736 5734 profiteatur.

2220 5736 2332 5810 (65)
2364 5727 2548 5794 Codex
2583 5733 2930 5804 Bodleianus,
2959 5727 3050 5806 ἦν,
3083 5730 3307 5804 Regius,
3341 5727 3570 5800 ἐγένετο.
