3792 6146
152 262 236 323 149
1236 262 1592 319 COMMENT.
1635 261 1701 317 ΙΝ
1738 261 1931 318 JOAN.
1967 260 2204 318 TOMUS
2241 261 2306 318 ll.

3293 269 3397 322 150

207 379 280 436 ﬂ.
309 376 481 431 Πάλιν
509 376 645 432 ἐπεί
678 379 798 434 ἐστι
822 378 890 434 τά
922 379 1396 452 παραλελειμμένα
1427 379 1535 433 τῶν
1573 381 1716 432 ἐναν-

1903 379 1988 434 H.
2025 379 2254 444 Rursus,
2305 379 2558 448 quoniam
2587 393 2652 434 ex
2680 377 2764 434 his
2792 393 2916 450 quae
2945 378 3300 465 disseruimus
3327 387 3396 438 de

148 470 253 523 τίων
272 464 510 522 νοεῖσθαι
541 469 616 520 ὲκ
656 467 774 520 τῶν
805 469 1111 540 εἰρημένων
1140 470 1267 540 περὶ
1308 467 1415 523 τῶν
1447 468 1722 537 ἐναντίων,

148 561 338 630 λέγεται
356 558 413 611 δὲ
449 559 590 631 περὶ
617 558 774 631 ζωῆς
797 560 894 614 καὶ
931 561 1108 629 φωτὸς
1140 559 1462 632 ἀνθρώπων,
1485 561 1726 616 ἐναντίον

144 657 190 708 δὲ
211 657 271 725 τῇ
297 654 407 724 ζωῇ
435 651 714 718 θάνατος,
744 654 839 707 καὶ
855 653 1093 708 ἐναντίον
1116 654 1254 722 φωτὶ
1277 652 1578 728 ἀνθρώπων
1604 655 1727 709 σκό-

147 762 219 810 τος
243 743 575 814 ἀνθρώπων,
614 745 771 800 ἔστιν
808 747 958 810 ἰδεῖν,
988 746 1071 799 ὅτι
1101 748 1130 800 ό
1172 747 1231 798 ἐν
1265 746 1442 818 σκότῳ
1480 745 1588 800 τῶν
1628 747 1725 800 άν-

143 839 350 910 θμίιπων
372 837 683 909 τυγχάνων
715 840 774 892 ὲν
802 838 1020 910 θανάτῳ
1049 839 1186 903 ἐστὶ,
1221 839 1317 892 καὶ
1345 841 1375 891 ὁ
1407 838 1475 892 τὰ
1497 839 1591 893 τοῦ
1626 839 1724 893 θα-

143 932 280 983 νάτου
307 928 575 998 πράττων
599 931 711 984 οὐκ
730 929 994 1002 ἀλλαχόσε
1018 930 1111 986 τοῦ
1143 931 1367 995 σκότους
1391 933 1556 986 ἐστίν.
1592 932 1650 985 Ὀ
1669 932 1726 985 δὲ

145 1021 475 1093 μνημονεύων
506 1021 613 1076 τοῦ
649 1022 812 1088 Θεοῦ,
857 1024 952 1078 ὲάν
975 1042 1040 1094 γε
1080 1024 1290 1095 νοῶμεν
1321 1024 1373 1078 τί
1403 1025 1464 1078 τὸ
1512 1042 1724 1096 μνημο-

142 1115 293 1171 νεύειν
319 1114 515 1180 αὐτοῦ,
548 1118 668 1170 οὐκ
698 1117 847 1170 ἔστιν
869 1120 926 1171 ὲν
953 1116 1031 1188 τῷ
1059 1116 1294 1189 θανάτῳ,
1327 1117 1468 1171 κατὰ
1484 1118 1544 1173 τὸ
1573 1119 1724 1190 εἰρη-

143 1210 301 1279 μένον·
349 1226 369 1258 ι
403 1208 524 1261 Οὐκ
585 1208 745 1262 ἐστιν
789 1211 848 1263 ἐν
893 1209 971 1281 τῷ
1021 1209 1236 1280 θανάτῳ
1289 1210 1318 1263 ό
1372 1209 1724 1282 μνημονεύων

145 1317 242 1353 σου.
282 1320 300 1352 ι
335 1301 462 1354 Εἴτε
496 1301 563 1356 δὲ
619 1304 819 1367 σκότος
866 1303 1169 1374 ἀνθρώπων
1208 1301 1318 1356 εἴτε
1354 1301 1608 1369 θάνατος,
1661 1303 1722 1356 οὐ

142 1395 280 1461 φύσει
295 1392 529 1449 τοιαῦτά
591 1396 771 1461 ἐστιν,
812 1394 972 1449 ἄλλου
1019 1396 1200 1464 λόγουο
1234 1415 1250 1448 ι
1301 1396 1488 1466 Ἡμεῖς
1543 1395 1726 1466 ἦμεθά

143 1501 256 1539 ποτε
299 1487 518 1552 σκότος,
567 1487 675 1541 νῦν
705 1488 764 1542 δὲ
796 1487 911 1557 φῶς
943 1490 1002 1541 ἐν
1037 1489 1250 1560 Κυρίῳ,
1289 1507 1308 1540 ι
1355 1487 1460 1542 κᾶν
1493 1487 1726 1559 μάλιστα

143 1579 266 1645 ἆγιοι
313 1578 408 1632 καὶ
460 1582 844 1650 πνευματικοὶ
890 1578 993 1652 ἥδη
1036 1579 1484 1653 χρηματίζωμεν.
1539 1579 1724 1644 Οὕτως

139 1669 265 1732 ὅστις
295 1672 416 1722 ποτ’
440 1671 512 1724 ἂν
549 1671 670 1743 (64)
765 1672 974 1737 σκότος,
1004 1671 1194 1744 ὥσπερ
1217 1671 1274 1725 δὲ
1297 1671 1542 1734 δεκτικὸς
1564 1670 1674 1742 (65)
1697 1673 1725 1724 ό

1829 471 2140 536 contrariis,
2174 471 2400 542 intelligi
2444 481 2667 540 possunt
2695 472 2970 526 contraria
3007 473 3395 542 praetermissa,

1826 560 2116 615 disseritur
2144 569 2322 614 autem
2358 561 2425 615 de
2451 561 2559 616 vita
2591 569 2648 616 et
2677 561 2796 616 luce
2829 561 3138 628 hominum,
3170 573 3392 620 contra-

1827 653 1967 707 rium
1998 663 2175 708 autem
2210 654 2335 708 vitae
2363 669 2508 709 mors
2542 663 2624 708 est
2647 695 2664 722 ,
2691 662 2746 708 et
2774 655 3107 709 contrarium
3150 657 3256 711 luci
3289 656 3391 712 ho-

1827 743 2033 798 minum
2082 745 2317 800 tenebrae
2347 745 2624 800 hominum
2656 785 2673 812 ,
2701 745 2891 800 videre
2925 754 3011 800 est
3037 748 3180 815 quod
3209 748 3301 818 qui
3338 749 3393 803 in

1828 835 2068 891 tenebris
2091 838 2321 892 exsistat
2361 838 2662 904 hominum,
2694 839 2740 892 is
2781 839 2945 892 etiam
2987 839 3060 894 sit
3095 839 3146 892 in
3193 851 3392 908 morte,

1825 938 1880 983 et
1911 945 2030 999 qua:
2055 931 2250 985 mortis
2274 940 2584 1002 suntagens
2617 946 2722 986 non
2761 931 2891 986 alibi
2924 932 2996 988 sit
3025 949 3186 1002 quam
3220 934 3387 988 inte-

1825 1020 2031 1075 nebris.
2088 1021 2156 1074 At
2185 1022 2276 1090 qui
2315 1035 2521 1076 memor
2557 1030 2641 1076 est
2687 1021 2821 1086 Dei,
2863 1022 2908 1075 si
2955 1023 3392 1079 consideraveri-

1824 1127 1946 1166 mus
1972 1114 2100 1180 quid
2132 1114 2203 1168 sit
2231 1129 2526 1168 memorem
2567 1127 2688 1169 esse
2715 1114 2828 1179 Dei,
2861 1129 2965 1170 non
2997 1124 3080 1170 est
3114 1117 3166 1170 in
3194 1127 3391 1188 morte,

1820 1201 1976 1272 juxta
2006 1205 2134 1261 illud
2175 1206 2317 1275 quod
2367 1205 2567 1260 dicitur
2597 1205 2642 1237 ⁸⁸
2675 1225 2688 1258 :
2719 1223 2738 1256 ι
2776 1204 2916 1258 Nihil
2946 1207 3019 1260 rei
3066 1223 3188 1262 cum
3222 1222 3395 1265 morte

1825 1295 2033 1362 habet,
2066 1297 2155 1366 qui
2190 1312 2396 1351 memor
2427 1305 2513 1352 est
2558 1299 2656 1352 tui.
2699 1317 2717 1348 ι
2749 1296 2832 1352 An
2862 1314 2990 1355 vero
3022 1303 3259 1358 tenebrae
3294 1305 3393 1359 ho-

1826 1388 2032 1443 minum
2060 1399 2115 1444 et
2156 1405 2304 1445 mors
2339 1400 2537 1444 natura
2567 1389 2695 1445 talia
2742 1391 2890 1455 sint,
2929 1407 3101 1450 necne
3124 1435 3139 1460 ,
3171 1396 3395 1452 alterius

1825 1491 1906 1537 est
1930 1481 2384 1537 considerationis
2433 1504 2444 1537 :
2480 1500 2499 1533 ι
2536 1481 2644 1538 Nos
2678 1499 2894 1542 eramus
2917 1486 3210 1556 aliquando
3244 1495 3396 1542 tene-

1825 1575 1958 1640 brae,
1995 1591 2140 1630 nunc
2172 1586 2351 1630 autem
2378 1576 2468 1630 lux
2500 1577 2553 1630 in
2589 1577 2819 1634 Domino
2849 1581 2920 1646 ⁸³,
2967 1599 2986 1633 ι
3017 1580 3236 1636 etiamsi
3266 1595 3395 1636 san-

1824 1667 1895 1720 eti
1929 1665 2485 1737 spiritualesquejam
2527 1667 2711 1738 aliquo
2745 1672 2980 1726 maxime
3010 1681 3173 1741 pacto
3201 1675 3391 1728 simus.

143 1759 325 1825 Παῦλος
340 1762 543 1827 σκάτος
576 1763 660 1818 ὢν
682 1765 876 1834 γέγονε
894 1764 986 1818 τοῦ
1010 1764 1260 1834 γενέσθαι
1279 1763 1395 1832 φῶς
1428 1765 1485 1816 ὲν
1508 1764 1716 1835 Κυρίῳ.

1826 1755 2082 1827 Quisquis
2116 1756 2217 1812 fuit
2243 1758 2534 1828 aliquando
2567 1761 2820 1829 tenebras,
2856 1762 3029 1820 factus
3057 1773 3140 1820 est
3171 1766 3395 1835 perinde

141 1852 273 1904 Καιτά
297 1852 354 1905 δὲ
385 1854 523 1918 τοὺς
561 1855 852 1926 οἰομένους
899 1854 1048 1913 εἶναι
1085 1853 1272 1924 φύσεις
1321 1854 1718 1925 πνευματικὰς,

139 1941 306 2015 «imp
330 1944 425 1998 τὸν
456 1945 689 2000 Παῦλον
725 1948 819 2002 καὶ
852 1949 980 2012 τοὺς
1013 1947 1203 2016 ἁγίους
1239 1946 1590 2012 ἀποστόλους,
1621 1949 1723 2001 οὐκ

137 2031 304 2090 οἱδαεί
336 2036 584 2103 σώζεται
627 2041 693 2095 τὸ
731 2042 823 2096 τὸν
851 2040 1220 2112 πνευματικὸν
1259 2036 1400 2094 εἷναί
1435 2058 1566 2094 ποτε
1599 2041 1722 2094 σκό-

139 2145 232 2193 τος,
275 2130 369 2184 καὶ
418 2131 663 2205 ’ὕστερον
711 2135 876 2188 αὐτὸν
931 2134 1213 2203 γεγονέναι
1273 2134 1410 2202 φῶς
1458 2134 1507 2186 εί
1553 2131 1662 2206 γὰρ
1693 2135 1722 2187 ὁ

142 2224 489 2290 πνευματικός
520 2242 663 2279 ποτε
687 2228 876 2290 σκότος
900 2221 989 2298 ἦν,
1021 2227 1050 2278 ὁ
1073 2226 1253 2297 χοῖκὸς
1274 2226 1357 2289 τίς
1386 2225 1562 2290 tactv;
1592 2226 1656 2279 Εἰ
1676 2225 1722 2278 δ’

140 2313 332 2384 ἀληθὲς,
369 2318 456 2371 ὃτι
485 2318 554 2371 τὸ
580 2320 778 2384 σκότος
805 2319 1086 2389 γεγονέναι
1109 2318 1219 2390 (66)
1250 2318 1387 2388 φῶς,
1416 2317 1500 2383 τίς
1526 2319 1560 2388 ἡ
1589 2319 1724 2372 ἀπο-

143 2405 390 2477 κλήρωσις
408 2409 508 2464 τοῦ
541 2410 628 2483 μὴ
655 2413 764 2466 πᾶν
796 2412 985 2476 σκότος
1010 2409 1271 2465 δύνασθαι
1291 2409 1543 2480 γενέσθαι
1571 2411 1720 2479 φῶςς

145 2498 196 2550 Εἰ
218 2498 286 2571 μὴ
319 2500 433 2573 γὰρ
459 2503 561 2556 ἐπὶ
612 2502 827 2556 Παύλου
858 2503 1092 2574 ἐλέγετο,
1115 2505 1198 2557 ὅτι
1224 2523 1243 2554 ι
1277 2503 1494 2575 Ἠμεθά
1516 2521 1646 2557 ποτε
1664 2506 1723 2558 ὲν

144 2591 316 2662 σκότῳ,
345 2592 444 2647 νῦν
462 2595 524 2648 δὲ
540 2597 802 2666 φωτεινοί
833 2597 895 2650 ὲν
921 2596 1126 2669 Κυρίῳ·
1162 2616 1181 2648 ι
1211 2596 1305 2650 ἐπὶ
1331 2597 1388 2650 δὲ
1415 2589 1490 2651 ὧν
1517 2597 1722 2650 οἴονται

145 2683 333 2750 φύσεων
354 2685 572 2740 ἀπολλυ
586 2688 782 2758 μένων,
804 2689 886 2741 ὃτι
917 2690 1107 2754 σκότος
1131 2684 1296 2760 ἦσαν,
1322 2689 1354 2759 ἢ
1384 2689 1573 2752 σκότος
1593 2689 1720 2752 εἰσὶ,

145 2771 231 2822 κᾶν
255 2773 436 2845 χώραν
461 2772 623 2846 εἶχεν
653 2778 687 2847 ἡ
719 2778 849 2846 περὶ
888 2777 1102 2847 φύσεων
1129 2778 1404 2842 ὑπόθεσις.
1439 2779 1577 2832 Νυνὶ
1607 2778 1663 2832 δὲ
1693 2779 1724 2831 ὁ

149 2863 329 2929 Παῦλός
385 2884 524 2939 φησι
581 2869 860 2937 γεγονέναι
891 2872 1021 2924 ποτὲ
1053 2870 1266 2936 σκότος,
1302 2870 1397 2926 νῦν
1429 2871 1486 2924 δὲ
1520 2871 1634 2941 φῶς
1662 2873 1722 2926 ὲν

148 2954 331 3026 Κυρίῳ,
357 2958 436 3022 ὡς
462 2959 703 3013 δυνατοῦ
736 2961 886 3024 ὄντος
911 2961 1006 3014 τοῦ
1042 2964 1266 3026 σκότους
1297 2966 1376 3026 εἰς
1410 2965 1526 3034 φῶς
1552 2983 1719 3036 μετα-

147 3050 322 3107 ϐαλεῖν.
346 3055 422 3107 Οὐ
452 3056 704 3126 χαλεπὸν
724 3059 781 3111 δὲ
805 3058 872 3111 τὰ
892 3058 1020 3132 περὶ
1046 3061 1246 3125 παντὸς
1271 3060 1494 3126 σκότους
1512 3063 1722 3136 ἀνθρώ-
1747 3105 1788 3160 C

148 3161 265 3208 πων,
301 3148 393 3200 καὶ
421 3149 566 3220 περὶ
607 3149 704 3202 τοῦ
749 3149 976 3204 θανάτου
1005 3151 1197 3206 τούτου
1230 3155 1590 3224 τυγχάνοντος
1637 3157 1716 3229 τῷ

151 3237 302 3309 σκότῳ
341 3239 450 3293 τῶν
482 3240 797 3314 ἀνθρώπων
840 3243 1114 3314 ἐπιμελῶς
1148 3245 1275 3300 ἰδεῖν
1317 3248 1381 3299 ἐκ
1414 3247 1520 3303 τῶν
1560 3251 1714 3321 εἰρη-

153 3327 323 3393 μένων,
354 3331 415 3384 τὸ
429 3332 789 3403 ἐνδεχόμενον
820 3333 1032 3406 ὁρῶντα
1055 3335 1154 3407 τῆς
1193 3336 1286 3390 ἐπὶ
1317 3335 1377 3388 τὸ
1408 3339 1589 3408 χεῖρον
1625 3338 1716 3391 καί

151 3420 368 3486 κρεῖττον
398 3421 646 3475 ἑκάστου
683 3422 1005 3496 μεταϐολῆς.

1821 1858 1988 1918 atque
2016 1847 2237 1916 Paulus,
2286 1853 2522 1906 tenebrae
2559 1867 2683 1907 cum
2724 1865 2912 1923 esset,
2943 1870 3112 1926 capax
3141 1865 3197 1911 et
3235 1867 3398 1927 aptus

1823 1950 1884 1996 ut
1902 1941 2058 1997 ﬁeret
2087 1941 2177 1997 lux
2203 1945 2255 1996 in
2275 1944 2522 2002 Domino.
2546 1943 2698 2002 Haud
2719 1963 2847 2004 vero
2869 1950 2982 2005 scio
3010 1965 3076 2003 an
3095 1949 3252 2021 juxta
3274 1951 3392 2020 opi-

1823 2033 2038 2088 nionem
2066 2048 2256 2090 eorum
2289 2035 2379 2105 qui
2412 2045 2638 2092 naturas
2676 2049 2870 2093 rentur
2914 2040 3226 2109 spirituales
3249 2083 3266 2109 ,
3294 2056 3394 2096 ve—

1823 2123 1919 2179 luti
1955 2123 2180 2180 Paulum
2213 2141 2279 2181 ac
2305 2137 2524 2184 sanctos
2559 2129 2832 2198 apostolos
2856 2169 2872 2197 ,
2899 2133 3194 2200 consistat,
3229 2134 3392 2204 spiri-

1825 2219 2024 2274 tualem
2059 2235 2181 2276 esse
2218 2219 2508 2290 aliquando
2537 2224 2793 2279 tenebras
2816 2265 2832 2290 ,
2881 2225 3166 2296 ipsumque
3203 2235 3390 2296 postea

1821 2311 2000 2368 lucem
2030 2311 2146 2367 ﬁeri
2178 2329 2194 2378 ;
2225 2327 2348 2367 nam
2379 2315 2424 2368 si
2455 2314 2759 2383 spiritualis
2793 2318 3026 2373 tenebras
3071 2317 3396 2388 quandoque

1821 2405 1945 2473 fuit,
1983 2406 2261 2462 terrestris
2287 2406 2499 2476 qualis?
2527 2406 2679 2474 Quod
2708 2409 2752 2464 si
2781 2425 2964 2464 verum
2996 2420 3102 2477 est,
3137 2412 3395 2466 tenebras

1825 2499 1996 2556 factas
2025 2499 2196 2555 fuisse
2223 2498 2422 2564 lucem,
2451 2515 2696 2570 quaenam
2723 2502 2932 2571 privata
2965 2505 3163 2559 electio
3193 2485 3276 2560 est
3296 2520 3394 2561 cur

1823 2606 1930 2646 non
1960 2604 2152 2647 omnes
2184 2592 2422 2646 tenebrae
2447 2592 2541 2646 lux
2573 2592 2686 2648 ﬁeri
2721 2595 2966 2664 queant?
3010 2596 3120 2650 Nisi
3155 2595 3300 2651 enim
3327 2596 3399 2651 de

1822 2682 1991 2738 Paulo
2037 2683 2244 2738 dictum
2296 2682 2496 2740 fuisset
2523 2683 2611 2737 °:
2645 2702 2664 2735 ι
2724 2685 2950 2740 Eramus
2999 2687 3291 2755 aliquando
3337 2685 3395 2741 in

1825 2775 2088 2842 tenebris,
2115 2789 2262 2830 nunc
2304 2784 2482 2831 autem
2511 2775 2676 2830 lucidi
2704 2789 2826 2829 cum
2857 2774 3107 2843 Domino,
3137 2794 3156 2828 ι
3191 2777 3260 2832 de
3290 2775 3397 2833 illis

1822 2882 1953 2924 vero
1985 2881 2122 2938 quos
2150 2868 2491 2923 arbitrantur
2521 2877 2732 2922 natura;
2769 2866 3061 2937 deperdita:
3088 2908 3104 2933 ,
3139 2869 3398 2938 quoniam

1825 2961 2060 3016 tenebrae
2087 2969 2246 3028 erant
2271 2971 2326 3016 et
2374 2961 2612 3018 tenebrte
2655 2969 2824 3026 sunt,
2859 2961 3034 3016 locum
3077 2962 3264 3031 utique
3295 2964 3396 3018 ha-

1823 3053 2030 3108 buisset
2059 3068 2244 3108 eorum
2280 3054 2348 3110 de
2379 3055 2588 3108 naturis
2621 3053 2965 3124 hypothesis.
3013 3052 3170 3110 Nunc
3205 3064 3390 3109 autem

1822 3147 2022 3204 Paulus
2055 3148 2234 3218 inquit
2261 3163 2322 3203 se
2350 3148 2643 3217 aliquando
2693 3148 2946 3203 tenebras
2978 3150 3145 3205 fuisse
3174 3191 3189 3216 ,
3222 3165 3391 3204 nunc-

1822 3255 1926 3309 que
1953 3255 2075 3295 esse
2105 3240 2277 3295 lucem
2303 3241 2356 3296 in
2387 3241 2634 3310 Domino,
2667 3243 2818 3313 quasi
2852 3244 2903 3297 in
2943 3244 3116 3299 lucem
3152 3245 3393 3299 tenebrae

1825 3333 2060 3388 transire
2107 3333 2336 3402 possint.
2371 3333 2525 3390 Haud
2575 3346 2755 3391 autem
2799 3337 3015 3392 dillicile
3044 3347 3129 3392 est
3159 3351 3392 3392 cernen-

1826 3434 1931 3480 tem
1997 3424 2426 3496 uniuscujusque
2472 3428 2875 3498 contingentem
2927 3429 3281 3482 mutationem
3335 3428 3389 3481 in

153 3515 318 3570 melius
348 3518 429 3571 vel
475 3520 540 3571 in
573 3517 729 3587 pejus
757 3557 774 3584 ,
821 3519 1110 3589 diligenter
1157 3521 1466 3588 perspicere
1512 3536 1580 3574 ex
1638 3519 1722 3575 his
1765 3534 1887 3590 quae
1934 3518 2212 3585 diximus,
2262 3534 2385 3590 quae
2429 3521 2497 3574 ad
2544 3536 2733 3577 omnes
2781 3523 3030 3578 tenebras
3070 3523 3388 3589 hominum,

152 3618 196 3660 ct
219 3625 332 3674 qua:
372 3612 437 3666 ad
471 3612 626 3668 hanc
655 3623 884 3668 mortem
925 3615 979 3669 in
1012 3613 1254 3670 tenebris
1294 3617 1574 3672 hominum
1610 3615 1962 3671 exsistentem
1999 3615 2292 3684 pertinent.
2375 3591 2384 3600 ’

208 3702 343 3756 Πάνυ
368 3705 426 3758 δὲ
460 3705 664 3775 βιαίως
693 3705 834 3760 κατὰ
853 3706 942 3760 τὸν
973 3707 1136 3760 τόπον
1169 3709 1457 3779 γενόμενος
1480 3709 1509 3762 ό
1549 3709 1716 3779 Ἥρας

152 3794 317 3859 item,
348 3797 428 3849 τό·
470 3817 490 3849 ‹
547 3799 614 3850 Ὃ
649 3797 870 3866 γέγονεν
907 3799 966 3852 ἐν
997 3800 1145 3870 αὐτῷ
1177 3799 1289 3872 ζωὴ
1320 3796 1410 3872 ἦν,
1461 3819 1478 3852 ι
1511 3799 1716 3872 ὲξείλη-

153 3904 236 3953 θέεν
273 3888 387 3942 ἀντὶ
438 3889 569 3956 τοῦ,
610 3890 681 3942 ἐν
714 3888 893 3956 αὐτῷ,
946 3893 1026 3956 εἰς
1071 3893 1196 3956 τοὺς
1236 3891 1555 3965 ἀνθρώπους
1587 3893 1713 3957 τοὺς

155 3981 558 4050 τπευματικούς·
589 3983 750 4034 οἱονεὶ
779 3983 974 4037 ταύτὸν
1007 3983 1234 4053 νομίσας
1263 3978 1399 4038 εἶναι
1425 3984 1516 4038 τὸν
1541 3983 1712 4052 Λόγον

155 4069 232 4120 καὶ
266 4073 385 4136 τοὺς
415 4056 849 4142 πνευματικούς.
887 4074 949 4127 Εἰ
992 4074 1086 4127 καὶ
1123 4074 1196 4145 μὴ
1239 4074 1426 4144 σαφῶς
1455 4075 1609 4129 ταῦτ’
1644 4077 1714 4129 εἵ-

159 4175 291 4230 ρηκε,
318 4163 410 4217 καὶ
434 4165 688 4235 ὡσπερεὶ
704 4165 1020 4234 αἰτιολογῶν
1038 4182 1222 4237 φησιν’
1243 4185 1262 4217 ι
1292 4167 1463 4230 Αὐτὸς
1482 4166 1592 4239 γὰρ
1617 4166 1715 4239 τὴν

158 4251 352 4326 ¹πρώτην
385 4256 676 4328 μόρφωσιν
705 4256 803 4326 τὴν
826 4259 967 4312 κατὰ
989 4257 1086 4329 τὴν
1113 4257 1328 4325 γένεσιν
1358 4261 1544 4326 αὐτοῖς
1574 4279 1715 4334 παρ-

1896 3708 1982 3762 15.
2031 3707 2300 3763 Caeterum
2339 3707 2492 3762 valde
2525 3718 2712 3764 coacte
2763 3709 2826 3763 ad
2876 3709 3021 3764 hunc
3073 3717 3391 3764 contextum

1821 3798 2041 3853 veniens
2068 3798 2366 3854 Heracleon
2401 3818 2415 3854 :
2459 3817 2478 3851 ι
2515 3799 2666 3868 Quod
2707 3800 2908 3856 factum
2936 3809 3020 3857 est
3049 3801 3100 3855 in
3137 3802 3253 3870 ipso
3276 3802 3389 3855 vita

1817 3890 2005 3945 erat“
2038 3908 2054 3944 :
2089 3909 2108 3942 ι
2145 3892 2200 3944 in
2243 3891 2358 3960 ipso
2408 3891 2794 3962 interpretatus
2847 3902 2932 3948 est
2975 3893 3029 3947 in
3077 3892 3389 3948 hominibus

1821 3980 2198 4050 spiritualibus
2229 4000 2242 4036 :
2273 3983 2431 4051 quasi
2464 3982 2790 4038 Sermonem
2825 3995 2880 4038 et
2903 3985 3213 4053 spirituales
3243 3985 3388 4039 idem

1819 4091 1940 4132 esse
1981 4077 2282 4132 arbitratus
2319 4077 2500 4133 fuerit.
2554 4077 2668 4132 Etsi
2705 4093 2810 4132 non
2857 4087 3046 4147 aperte
3079 4079 3129 4132 id
3163 4077 3386 4143 dixerit,

1820 4178 1877 4223 at
1916 4169 2082 4225 veluti
2129 4183 2349 4224 causam
2401 4169 2653 4236 reddens,
2689 4169 2909 4238 inquit:
2939 4188 2958 4221 ι
3018 4169 3193 4239 Ipsam
3239 4169 3390 4224 enim

1821 4260 2049 4330 primam
2095 4259 2479 4314 formationem
2506 4302 2522 4328 ,
2550 4263 2731 4331 quoad
2780 4268 2960 4316 ortum
2990 4263 3222 4329 attinet,
3251 4260 3384 4331 ipsis

160 4344 292 4415 ἐσχε’
324 4347 390 4400 τὰ.
427 4348 527 4402 ὑπ’
557 4347 716 4402 ἄλλου
749 4350 993 4420 παρέντα
1014 4352 1093 4414 εἰς
1121 4354 1336 4425 μορφὴν
1363 4355 1457 4407 καὶ
1487 4355 1569 4418 εἰς
1602 4373 1716 4424 φω-

1826 4349 2089 4418 praebuit,
2125 4352 2193 4404 ab
2219 4349 2326 4404 alio
2356 4351 2722 4418 praetermissa
2757 4352 2809 4406 in
2843 4351 3070 4406 formam
3103 4391 3120 4416 ,
3167 4361 3223 4406 et
3254 4350 3386 4405 illu-

161 4437 323 4506 τισμὸν
341 4441 433 4493 καί
447 4439 823 4512 παραγραφὴν
852 4441 986 4494 ἰδίαν
1009 4442 1232 4512 ἀγαγὼν
1257 4446 1351 4498 καὶ
1366 4444 1667 4510 ἀναδείξας.
1693 4465 1713 4499 ι

160 4523 224 4578 Οὐ
247 4533 592 4604 παρετήρησε
617 4532 674 4586 δὲ
700 4532 874 4586 καὶτὸ
900 4535 1028 4606 περὶ
1040 4535 1150 4589 τῶν
1167 4537 1549 4608 πνευματικῶν
1566 4539 1719 4610 παρὰ

160 4620 226 4690 τῷ
266 4624 457 4698 Παύλῳ
506 4627 838 4698 λεγομένων,
883 4629 966 4683 ὅτι
1001 4627 1319 4700 ἀνθρώπους
1344 4629 1542 4694 αὐτοὺς
1579 4626 1718 4684 εἶναι

163 4710 510 4787 ἀπεσιώπησεο
566 4734 584 4767 ι
628 4716 872 4786 Ψυχικὸς
925 4717 1211 4788 ἄνθρωπος
1263 4718 1323 4771 οὐ
1381 4717 1595 4789 δέχεται
1647 4719 1717 4774 τὰ

164 4802 243 4854 τοῦ
270 4807 572 4878 πνεύματος
595 4808 690 4861 τοῦ
718 4809 871 4862 Θεοῦ·
905 4811 1087 4883 μωρία
1117 4810 1226 4882 γάρ
1245 4812 1392 4864 ἐστιν
1420 4811 1586 4882 αὐτῷ·
1610 4814 1639 4866 ό
1662 4812 1719 4866 δὲ

165 4901 503 4968 πνευματικὸς
544 4901 824 4973 ἀνακρίνει
856 4902 1052 4956 πάντα.
1092 4923 1110 4956 ι
1167 4904 1357 4973 Ἡμεῖς
1383 4902 1493 4976 γὰρ
1527 4905 1589 4957 οὐ
1623 4905 1720 4975 μά-

165 5001 248 5057 την
265 4990 416 5046 αὐτόν
445 5011 628 5064 φαμεν
655 4993 747 5047 ἐπὶ
769 4993 864 5048 τοῦ
887 4995 1258 5066 πνευματικοῦ
1293 4995 1368 5067 μὴ
1395 4996 1718 5068 προστεθει-

168 5078 300 5132 ιέναι
337 5084 417 5148 τὸ,
465 5084 772 5157 ἄνθρωπος’
821 5087 1066 5156 κρεῖττον
1114 5085 1224 5158 γὰρ
1267 5084 1302 5156 ἢ
1360 5085 1648 5157 ἄνθρωπος
1689 5089 1720 5140 δ

172 5177 522 5244 πνευματικὸς,
536 5175 629 5230 τοῦ
656 5176 946 5249 ἀνθρώπου
972 5178 1090 5250 ἦτοι
1114 5179 1172 5229 ὲν
1198 5177 1342 5248 ψυχῇ
1367 5178 1400 5248 ἢ
1428 5178 1486 5229 ἐν
1504 5177 1715 5249 σώματι

170 5259 272 5330 ἢὲν
295 5269 712 5341 συναμφοτέροις
749 5269 860 5342 (67)
893 5268 1460 5341 χαρακτηριξομένου,
1504 5270 1622 5341 οὐχὶ
1661 5269 1718 5324 δὲ

231 5403 272 5436 ⁸⁸
292 5405 425 5462 Psal.
444 5425 517 5475 vl,
537 5410 592 5468 6.
674 5410 719 5445 ⁸⁸
744 5410 940 5481 Ephes.
970 5426 1024 5476 v,
1052 5410 1106 5466 8.
1183 5410 1230 5443 ⁵⁸
1255 5410 1382 5467 ibid.
1458 5411 1503 5444 ⁸⁸
1529 5410 1687 5467 Joan.
1722 5427 1759 5479 l,
1783 5411 1841 5467 '5.

178 5520 334 5640 ὡςδὲ)
359 5526 550 5592 θῦτως
571 5525 739 5593 ὅστις
761 5526 891 5581 ποτ’
919 5526 1018 5590 ἄν,
1045 5534 1153 5584 etc.
1190 5527 1478 5585 Ferrarius
1503 5529 1716 5600 legebat

209 5607 338 5740 δῖἓέ)
371 5666 589 5740 Ὥσπερ
631 5665 700 5720 δὲ
728 5667 1022 5740 δεκτικός,
1055 5678 1162 5724 etc.
1205 5667 1514 5740 Legendum
1558 5669 1710 5727 vidc-

187 5735 281 5789 lur.
307 5731 525 5800 δεκτικὸς
547 5731 737 5805 ῶσπερ
755 5739 784 5790 ό
811 5731 1043 5804 Παῦλος,
1078 5752 1181 5795 etc.

1818 4439 2204 4506 minationem,
2256 4449 2313 4494 et
2357 4439 2776 4495 delineationem
2817 4440 3095 4509 propriam
3139 4439 3383 4506 ducens,

1816 4541 1870 4586 et
1895 4531 2004 4604 74
2034 4534 2346 4588 ostendens.
2385 4550 2405 4584 ›
2445 4530 2559 4586 Νοη
2593 4533 2906 4586 observavit
2933 4539 3114 4585 autem
3151 4529 3381 4584 Paulum

1817 4626 1883 4680 de
1907 4625 2281 4695 spiritualibus
2314 4625 2644 4694 loquentem,
2681 4639 2776 4678 eos
2801 4625 3048 4678 homines
3077 4639 3220 4690 esse,
3252 4623 3386 4678 reti-

1818 4719 1994 4772 cuisse
2025 4735 2038 4770 :
2076 4734 2094 4769 ι
2139 4718 2406 4772 Animalis
2433 4719 2579 4771 enim
2608 4759 2623 4784 ,
2657 4718 2828 4785 inquit
2856 4757 2870 4778 ,
2905 4717 3068 4770 homo
3100 4733 3203 4771 non
3242 4717 3383 4773 reci-

1815 4808 1895 4879 pit
1923 4824 2042 4879 quae
2069 4821 2195 4864 sunt
2221 4810 2458 4879 Spiritus
2494 4809 2583 4865 Dei
2630 4826 2644 4862 :
2687 4808 2916 4863 stultitia
2953 4810 3095 4863 enim
3129 4817 3210 4864 est
3249 4809 3326 4864 illi
3367 4827 3384 4864 :

1816 4909 1873 4956 at
1913 4901 2211 4972 spiritualis
2238 4903 2419 4956 omnia
2453 4901 2717 4973 dijudicat
2749 4902 2816 4957 δ’.
2852 4920 2870 4954 ι
2914 4901 3022 4958 Nos
3065 4902 3210 4958 enim
3247 4902 3382 4956 dici-

1817 5011 1937 5051 mus
1959 5011 2064 5051 non
2095 4997 2192 5052 abs
2218 5011 2277 5050 re
2305 5013 2497 5052 nomen
2529 4999 2761 5054 hominis
2787 5015 2815 5052 a
2845 4997 3010 5052 Paulo
3058 4996 3388 5068 praetermis-

1818 5101 1962 5154 sum,
1992 5101 2116 5142 cum
2140 5088 2478 5156 spiritualem
2519 5089 2742 5152 diceret,
2771 5103 2835 5142 eo
2862 5090 3004 5158 quod
3039 5086 3382 5157 praestantius

1821 5179 2074 5248 quiddam
2113 5179 2412 5246 spiritualis
2438 5181 2509 5234 sit
2532 5220 2547 5244 ,
2594 5196 2756 5250 quam
2791 5181 2950 5236 homo
2984 5199 2997 5235 :
3034 5195 3224 5248 nempe
3277 5177 3381 5231 ho-

1774 5263 1782 5273 ’
1828 5269 1990 5332 mine,
2031 5268 2114 5323 vel
2145 5269 2198 5323 in
2230 5269 2435 5336 anima,
2470 5267 2552 5323 vel
2584 5269 2637 5323 in
2665 5284 2912 5340 corpore,
2939 5268 3022 5322 vel
3051 5265 3105 5321 in
3141 5263 3386 5334 utrisque

1943 5413 1991 5444 ⁸³
2029 5411 2051 5466 Ι
2084 5411 2208 5468 Cor.
2234 5427 2271 5466 ll
2300 5452 2316 5477 ,
2360 5410 2449 5466 M.

1886 5527 1999 5601 (66)
2022 5526 2373 5601 fama-erat.
2416 5524 2558 5598 Lege
2586 5525 2797 5596 γέγονε,
2830 5523 2914 5580 vel
2959 5522 3269 5594 praecedens
3303 5523 3383 5576 ὅτι

1815 5598 2375 5671 mutandquniiuéa'ci.
2575 5668 2586 5671 _
2797 5665 2848 5671 __
3017 5663 3030 5671 _
3135 5661 3173 5671 .,
3231 5661 3263 5671 ..
3303 5660 3314 5671 .

1887 5667 1997 5739 (67)
2038 5669 2107 5724 Ἢ
2129 5668 2732 5739 ἐνησυναμφοτέροις.
2795 5665 2907 5739 Sic_
2933 5663 3101 5718 codex
3135 5661 3383 5716 Bodleia-

1825 5734 1927 5795 nu's
1950 5734 2168 5808 {editio
2190 5734 2475 5805 Huetiana,
2509 5738 2542 5809 ἤ
2573 5741 2670 5791 σὺν
2703 5734 3049 5808 ἀμφοτέροις.
