3792 6146
326 234 415 289 151

1764 212 2088 272 ORIGENIS

3478 205 3589 265 152

322 351 552 403 formam
599 345 944 418 accipiente:
979 359 1082 400 non
1124 345 1197 398 ita
1250 355 1385 397 vero
1428 341 1482 396 in
1529 338 1723 410 Spiritu
1749 379 1764 404 ,
1816 337 1902 391 his

2054 330 2099 384 ιὶ
2130 331 2189 383 ἐν
2220 327 2297 401 τῷ
2319 326 2524 381 τούτων
2554 324 2809 397 θειοτέρῳ
2843 324 3132 396 πνεύματι·
3162 318 3223 379 οὗ
3256 324 3401 379 κατά
3424 342 3590 397 μετιο·

326 444 483 513 Ionge
517 416 826 506 diriniore;
877 438 1178 494 secundum
1214 435 1371 504 cujus
1419 432 1894 506 participationem

2054 441 2099 495 ιν
2139 420 2544 494 ἐπικρατοῦσαν
2573 416 2900 491 χρηματίζει
2938 417 2968 471 ὸ
3009 418 3394 490 πνευματικός.
3433 421 3591 490 ’Ἅμα

327 536 712 605 ῃΓεΒνειΙεηῐθιῐι
750 544 839 605 est
868 530 1187 601 spiritualis.
1221 529 1486 585 Pneterea
1521 541 1653 582 vero
1684 540 1804 595 quze
1828 524 1896 578 ad

2087 516 2180 569 καὶ
2202 513 2271 568 τά
2290 515 2389 584 τῆς
2413 511 2666 583 τοιαύτης
2700 510 3029 576 ὑποθέσεως,
3060 510 3228 583 χωρὶς
3257 509 3362 565 κᾶν
3400 528 3592 581 φαινο-

325 629 487 682 talem
520 625 831 696 Opinionem
865 630 1149 693 spectant,
1182 620 1266 676 vel
1312 619 1431 675 sine
1469 617 1748 689 apparenti
1799 620 1896 671 tie-

328 718 725 773 monstratione
754 716 1025 779 enuntiat,
1055 729 1126 769 ne
1156 713 1486 769 mediocrem
1516 711 1734 781 quidem
1775 723 1898 776 per-

2001 607 2166 679 μένης
2196 603 2544 670 ἀποδείξεως,
2580 602 2963 672 ἀποφαίνεται,
3003 601 3127 656 οὐδὲ
3156 601 3317 674 μέχρι
3352 601 3458 674 τῆς
3487 619 3593 655 τυ-

1997 695 2200 768 χούσης
2227 693 2584 764 πιθανότητος
2618 691 2823 763 φθάσαι
2853 694 2933 756 εἰς
2958 691 3051 745 τὸν
3075 693 3206 764 περὶ
3236 692 3448 748 ,τούτων
3472 691 3591 765 (68)

328 809 638 867 suasionem
690 809 958 878 attingere
983 805 1210 868 valens,
1258 801 1581 858 disserendo
1629 800 1699 855 de
1751 799 1899 855 hisce

2054 787 2245 861 ινηθείς
2273 787 2450 855 λόγον.
2488 786 2599 839 Καὶ
2617 783 2790 838 ταῦτα
2826 784 2926 855 μὲν
2948 785 3077 857 περί
3100 784 3330 841 ἐκείνου.

330 901 514 957 rebus.
551 900 658 956 Sed
696 900 762 954 de
785 899 876 955 illo
896 898 1181 955 hactenus.

403 996 494 1051 16.
522 995 639 1066 Age
670 1008 804 1049 vero
851 993 1192 1062 inquiramus
1217 990 1381 1045 etiam
1413 1003 1514 1045 nos
1533 988 1660 1049 hoc,
1690 982 1903 1039 scilicet

2070 993 2206 1063 Φέρε
2235 991 2291 1045 δὲ
2309 991 2404 1045 καί
2447 991 2608 1063 ἡμεῖς
2642 991 2739 1044 καί
2775 946 2931 1045 τοῦτο
2961 991 3309 1063 ζητήσωμεν,
3336 992 3437 1064 εἰὴ
3469 991 3591 1063 ζωὴ

333 1102 463 1142 num
494 1087 604 1142 vita
639 1095 757 1142 erat
782 1083 1060 1140 hominum
1092 1092 1299 1138 tantum
1330 1082 1421 1137 lux
1441 1122 1459 1149 ,
1489 1090 1544 1137 et
1571 1096 1676 1135 non
1721 1082 1901 1149 potius

2054 1083 2257 1156 θρόνων
2278 1082 2579 1156 ἀνθρώπων
2599 1082 2737 1153 φῶς,
2756 1083 2850 1136 καὶ
2869 1082 2942 1155 μὴ
2967 1083 3170 1148 παντὸς
3196 1082 3513 1139 οὑτινοσοῦν
3530 1086 3596 1138 ἐν

334 1178 575 1251 cujusvis
600 1179 653 1232 in
686 1176 1021 1233 beatitudine
1045 1174 1383 1231 exsistentis.
1423 1172 1556 1227 Nam
1588 1174 1632 1228 si
1662 1190 1680 1224 ι
1715 1172 1823 1226 vita
1850 1181 1902 1227 et

334 1274 428 1328 lux
465 1271 743 1328 hominum
778 1291 799 1324 ι
835 1271 973 1326 idem
1011 1275 1158 1331 sunt,
1184 1279 1241 1322 et
1273 1267 1553 1321 hominum
1592 1274 1800 1319 tantum
1832 1266 1906 1320 sit

335 1363 539 1418 Christi
578 1362 691 1429 lux,
723 1361 1004 1417 hominum
1037 1366 1246 1414 tantum
1275 1357 1441 1412 etiam
1473 1358 1587 1411 vita
1621 1357 1722 1411 erit
1752 1374 1767 1410 :
1799 1358 1907 1413 hoc

335 1464 517 1512 autem
564 1455 830 1526 suspicari
879 1468 1033 1524 atque
1073 1450 1300 1508 stultum
1332 1465 1416 1507 est
1444 1459 1608 1519 atque
1636 1449 1859 1518 impium
1890 1489 1906 1515 ,

335 1548 742 1618 refragantibus
789 1547 913 1602 aliis
960 1543 1263 1615 Scripturis
1297 1542 1424 1599 huic
1474 1542 1852 1611 intelligentia!
1890 1559 1903 1596 :

2008 1176 2762 1250 μακαριότητιτυγχάνοντος.
2807 1177 2931 1231 Ἐἀν
2947 1178 3056 1250 γὰρ
3077 1175 3274 1235 ταύτδδ
3310 1173 3383 1251 ἦν
3423 1198 3445 1231 ι
3475 1176 3599 1250 ζωὴ

2005 1271 2101 1325 καὶ
2130 1269 2246 1340 φῶς
2284 1267 2606 1341 ἀνθρώπων,
2654 1289 2672 1320 ι
2712 1271 2806 1323 καὶ
2849 1269 3027 1342 μόνων
3069 1269 3371 1342 ἀνθρώπων
3409 1270 3499 1343 εἴη
3532 1272 3600 1325 τὸ

2005 1362 2100 1417 τοῦ
2116 1360 2352 1435 Χριστοῦ
2383 1360 2519 1431 φῶς,
2545 1361 2721 1431 μόνων
2744 1360 3046 1435 ἀνθρώπων
3082 1363 3178 1418 καὶ
3207 1364 3242 1434 ἠ
3267 1362 3402 1435 ζωή·
3432 1363 3600 1418 τοῦτο

2007 1454 2052 1508 δ’
2069 1452 2473 1525 ὑπολαμϐάνειν
2500 1453 2649 1508 ἐστὶν
2669 1453 2872 1524 ὴλίθιον
2906 1454 3024 1526 ἅμα
3068 1455 3163 1508 καὶ
3192 1455 3407 1520 ἀσεϐὲς,
3448 1456 3600 1511 ἀντι-

2013 1544 2403 1619 μαρτυρουσῶν
2447 1545 2555 1599 τῶν
2589 1545 2768 1600 ἄλλων
2791 1545 3022 1617 Γραφῶν
3054 1546 3226 1618 ταύτῃ
3259 1549 3326 1619 τῇ
3365 1546 3591 1618 “saxa.

335 1642 607 1710 siquidem
640 1638 856 1710 quando
888 1637 1261 1706 proficiemus,
1290 1635 1494 1692 erimus
1524 1642 1780 1704 tanquam
1812 1650 1908 1706 pa-

2054 1643 2166 1712 ῖγε,
2191 1642 2319 1696 ὅταν
2347 1642 2731 1713 προκόψωμεν,
2764 1641 3036 1711 ἰσάγγελοι
3064 1640 3322 1712 ἐσόμεθα.
3355 1640 3517 1696 Οὕτω
3536 1641 3599 1696 δὲ

338 1747 428 1788 res
460 1732 667 1801 angelis
697 1730 765 1784 ⁸³.
796 1727 909 1811 Sed
952 1730 1033 1785 sie
1068 1729 1386 1783 solvendum
1437 1735 1522 1783 est
1567 1727 1791 1784 dubium
1817 1766 1835 1793 ,
1863 1727 1908 1782 si

2054 1733 2200 1787 υτέον
2220 1733 2283 1786 τὸ
2303 1732 2600 1804 ἀπορηθὲν,
2624 1732 2745 1804 οὑχί
2772 1731 2889 1787 εἴτι
2912 1731 3129 1802 λέγεταί
3155 1750 3339 1795 τινων,
3365 1733 3601 1788 ὲκείνων

338 1825 468 1897 quid
497 1826 802 1894 aliquorum
841 1838 964 1879 esse
988 1822 1225 1887 dicatur,
1254 1836 1360 1876 non
1389 1821 1647 1878 continuo
1681 1820 1811 1875 illud
1841 1819 1910 1875 ad

339 1932 434 1972 eos
460 1916 603 1971 solos
632 1916 697 1970 de
719 1914 913 1985 quibus
943 1913 996 1968 id
1032 1912 1255 1978 dicitur,
1279 1911 1577 1979 pertinere.
1611 1909 1705 1967 Sic
1741 1909 1912 1979 igitur

340 2025 449 2064 non
484 2008 529 2064 si
559 2009 669 2062 vita
706 2008 795 2062 lux
826 2007 1102 2062 hominum
1133 2006 1356 2071 dicitur,
1390 2004 1670 2060 hominum
1703 2013 1911 2059 tantum

340 2111 428 2154 est
478 2101 591 2157 lux.
644 2099 867 2155 Poterat
908 2098 1052 2154 enim
1106 2096 1268 2159 addi,
1316 2097 1426 2150 vita
1477 2103 1598 2151 erat
1634 2097 1912 2151 hominum

346 2204 554 2248 tantum
590 2194 678 2247 lux
717 2211 731 2247 :
772 2191 887 2246 ﬁeri
932 2191 1078 2246 enim
1127 2198 1306 2259 potest
1352 2198 1409 2243 ut
1456 2189 1549 2243 lux
1592 2188 1869 2243 hominum
1895 2229 1912 2254 ,

345 2288 571 2342 aliorum
623 2299 878 2356 quoque,
931 2295 1293 2356 praeterquam
1346 2283 1622 2338 hominum
1679 2283 1750 2339 sit
1797 2283 1927 2351 lux,

344 2381 567 2449 perinde
589 2386 753 2449 atque
784 2394 904 2433 cum
934 2377 1187 2432 animalia
1226 2376 1472 2446 quasdam
1506 2384 1561 2431 et
1590 2376 1788 2445 plantae
1819 2378 1917 2433 bo-

347 2457 584 2527 minibus
622 2470 972 2541 suppeditant
1000 2472 1143 2526 unde
1168 2470 1404 2536 alantur,
1435 2477 1615 2523 tamen
1648 2469 1754 2523 alia
1782 2484 1916 2539 quo-

346 2575 452 2629 que
509 2568 706 2628 praeter
760 2560 1008 2615 homines
1064 2559 1210 2614 alere
1261 2568 1504 2630 possunt.
1560 2557 1672 2615 Hoc
1735 2568 1917 2615 autem

348 2652 652 2722 exemplum
687 2666 756 2706 ex
789 2650 1182 2707 consuetudine
1236 2658 1510 2720 sumptum
1566 2659 1671 2706 est.
1715 2651 1916 2706 Verum

349 2746 629 2802 enimvero
657 2745 875 2814 dignum
907 2750 992 2799 est
1036 2751 1095 2796 ιιι
1150 2757 1181 2798 e
1230 2740 1534 2812 Scripturis
1566 2740 1661 2797 Dei
1708 2741 1916 2812 Spiritu

348 2834 575 2902 proditis
599 2835 777 2889 simile
799 2832 1168 2889 conferamus.
1197 2829 1434 2886 Proinde
1464 2831 1572 2886 hoc
1605 2832 1658 2886 in
1688 2830 1805 2887 loco
1832 2831 1919 2887 in—

349 2922 619 2987 quirimus
646 2938 772 2976 num
813 2921 1108 2992 quidquam
1157 2920 1488 2991 prohibeat,
1532 2920 1706 2979 lucem
1740 2922 1920 2977 homi—

2018 1825 2192 1898 μὸνων
2224 1825 2342 1879 ἐστί
2369 1824 2431 1878 τὸ
2467 1825 2791 1897 λεγόμενονς
2812 1823 3000 1890 Οὕτως
3034 1819 3128 1881 οὖν
3159 1826 3280 1896 οὐχὶ
3315 1820 3600 1900 ᾗλέτεται

2015 1917 2133 1988 φῶς
2180 1916 2503 1990 ἀνθρώπων,
2525 1917 2700 1989 μόνων
2723 1916 3026 1989 ἀνθρώπων
3050 1917 3169 1971 ἑστί
3199 1917 3335 1987 φῶς·
3371 1918 3603 1973 ἐδύνατο

2015 2008 2124 2080 γὰρ
2157 2007 2534 2079 προσκεῖσθαι,
2557 2010 2591 2079 ἡ
2628 2008 2741 2080 ζωὴ
2763 2003 2831 2079 ἦν
2860 2007 2919 2062 τὸ
2938 2008 3047 2062 τῶν
3086 2008 3392 2081 ἀνθρώπων
3417 2010 3600 2079 μόνων

2017 2099 2152 2169 φῶς.
2187 2099 2404 2167 Ἔξεστι
2428 2098 2538 2171 γὰρ
2569 2099 2630 2153 τὸ
2659 2099 2776 2168 φῶς
2804 2099 2912 2154 τῶν
2930 2099 3254 2172 ἀνθρώπιον,
3283 2096 3603 2172 καὶὲτέρων

2016 2192 2169 2265 παρά
2196 2192 2321 2256 τοὺς
2348 2189 2668 2263 ἀνθρώπους
2710 2187 2849 2246 εἶναι
2884 2191 3016 2262 φῶς⁹
3051 2191 3126 2256 ὡς
3156 2191 3333 2258 ἔξεστι
3368 2193 3495 2246 τάδε
3528 2192 3604 2246 τὰ

2016 2282 2151 2349 ζῶα,
2187 2283 2282 2338 καὶ
2307 2281 2436 2338 τάδε
2459 2281 2527 2337 τά
2557 2282 2699 2352 φυτά
2729 2281 3030 2356 ἀνθρώπων
3067 2283 3199 2338 ὄντα
3225 2284 3454 2356 τροφὴν,
3501 2285 3604 2337 καὶ

2017 2376 2217 2447 ἑτέρων
2249 2376 2398 2449 παρά
2428 2377 2554 2439 τοὺς
2586 2372 2907 2446 ἀνθρώπους
2935 2374 3002 2430 τά
3029 2375 3169 2430 αὐτὰ
3198 2370 3337 2430 εἶναι
3366 2376 3598 2448 τροφήν.

2017 2470 2127 2525 Καὶ
2155 2467 2312 2522 τοῦτο
2359 2467 2456 2539 μὲν
2489 2467 2597 2522 ἀπὸ
2643 2468 2743 2539 τῆς
2784 2465 3070 2538 συνηθείας
3116 2466 3177 2521 τὸ
3225 2467 3599 2539 παράδειγμαι

2017 2557 2164 2623 ἀξιον
2182 2559 2241 2613 δὲ
2266 2558 2372 2613 ἀπὸ
2399 2557 2508 2613 τῶν
2540 2556 2913 2612 θεοπνεύστων
2940 2556 3113 2626 λόγων
3151 2557 3337 2625 ὅμοιον
3366 2557 3603 2611 ἀντιπα-

2023 2651 2291 2722 ραϐαλεῖν.
2340 2648 2554 2706 Ἐνθάόε
2588 2650 2767 2706 τοίνυν
2809 2648 3078 2721 ζητοῦμεν
3123 2652 3172 2704 εἰ
3206 2650 3371 2721 μηδὲν
3399 2648 3605 2703 κωλύει

2018 2744 2079 2798 τὸ
2108 2744 2222 2813 φῶς
2251 2743 2359 2798 τῶν
2388 2742 2688 2814 ἀνθρώπων
2725 2742 2817 2797 καὶ
2852 2743 3055 2814 ἑτέρων
3079 2737 3218 2796 εἶναι
3245 2740 3380 2811 φῶς⁵
3416 2741 3606 2811 λέγον-

2019 2853 2132 2899 τες,
2157 2836 2239 2889 ὅτι
2282 2835 2424 2906 οὐχὶ,
2455 2834 2576 2890 ἐπεὶ
2621 2834 2840 2903 λέγεται
2878 2853 2896 2884 ι
2938 2833 3052 2905 φῶς
3088 2831 3412 2906 ἀνθρώπων,
3445 2853 3464 2885 ι
3498 2833 3604 2904 ἠδη

2021 2928 2442 2983 ἀποκέκλεισται
2490 2929 2582 2982 καὶ
2623 2929 2828 3000 ἑτέρων
2882 2926 3034 2996 παρά
3088 2927 3214 2990 τοὺς
3280 2924 3605 2998 ἀνθρώπους

350 3031 477 3070 num
508 3032 628 3073 esse
660 3016 823 3070 etiam
858 3015 1033 3069 lucem
1067 3013 1319 3078 aliorum,
1370 3014 1634 3078 dieentes,
1669 3023 1919 3083 propter-

2054 3020 2367 3091 ιρειττὸνων,
2411 3017 2445 3089 ἢ
2490 3017 2764 3090 ἄνθρωποι
2803 3016 2915 3089 (69)
2952 3016 3152 3089 ὁμοίων
3194 3012 3333 3070 εἶναι
3363 3014 3474 3086 (70)
3529 3015 3606 3078 ὼς

350 3124 414 3163 ea
456 3108 599 3176 quod
648 3108 862 3162 dicatur
904 3125 922 3157 ι
973 3106 1066 3160 lux
1118 3105 1422 3170 hominum,
1460 3124 1479 3158 ι
1507 3120 1612 3160 non
1650 3106 1762 3176 jam
1799 3107 1921 3163 ideo

352 3200 566 3253 excludi
610 3199 839 3255 aliorum
876 3213 1094 3270 quoque
1124 3198 1436 3254 hominibus
1459 3199 1923 3265 praestandorum,

354 3293 437 3347 vel
492 3293 802 3347 hominibus
846 3292 1138 3356 similium,
1181 3290 1349 3344 veluti
1398 3291 1572 3348 lucem
1609 3306 1752 3348 esse.
1788 3290 1922 3346 Nam

354 3400 477 3438 cum
518 3384 901 3454 sitscriptum,
930 3385 1095 3441 Deum
1131 3400 1252 3442 esse
1280 3386 1448 3442 Deum
1498 3386 1772 3441 Abraham
1800 3425 1815 3451 ,
1867 3395 1921 3441 et

356 3471 524 3531 Deum
560 3475 744 3540 Isaac,
775 3487 831 3531 et
853 3476 1020 3532 Deum
1059 3474 1229 3533 Jacob
1261 3479 1327 3543 “,
1361 3477 1452 3546 qui
1486 3477 1763 3543 voluerit,
1795 3478 1921 3546 quia

356 3568 563 3622 dictum
592 3572 682 3634 sit,
721 3587 741 3619 ι
781 3569 888 3621 vita
920 3579 1038 3622 erat
1085 3569 1174 3624 lux
1215 3566 1496 3626 hominum
1531 3569 1822 3638 ",ilucem
1855 3573 1925 3626 ad

360 3658 565 3713 nullum
600 3659 766 3714 alium
799 3668 1164 3730 praeterquam
1197 3661 1264 3716 ad
1312 3660 1562 3716 homines
1607 3661 1881 3732 pertinere
1907 3702 1924 3726 ,

359 3752 635 3806 existimet
676 3762 889 3822 oportet
918 3752 965 3807 is
1012 3754 1131 3821 pari
1179 3754 1378 3819 modo,
1418 3755 1585 3808 Deum
1620 3753 1819 3821 nullius
1848 3753 1926 3808 al-

361 3843 535 3895 terius
584 3841 750 3896 Deum
798 3857 922 3899 esse
947 3885 961 3906 .
1019 3842 1122 3897 nisi
1154 3851 1362 3897 tantum
1411 3844 1601 3898 horum
1633 3845 1792 3899 trium
1827 3861 1924 3916 pa-

364 3946 527 3989 trum.
546 3934 742 3989 Verum
766 3935 893 3991 Eliaa
922 3937 1166 4004 profecto
1188 3937 1349 3990 etiam
1365 3936 1472 4007 75
1492 3949 1574 3992 est
1592 3937 1734 3993 Deus
1754 3939 1833 4006 ⁸⁸;
1854 3950 1929 4009 et,

362 4034 423 4079 ut
449 4026 628 4096 inquit
653 4024 839 4081 Judith
867 4026 937 4091 "’,
967 4028 1139 4096 patris
1167 4028 1249 4083 sui
1277 4027 1511 4100 Symeon
1533 4068 1549 4092 ,
1578 4038 1742 4100 atque
1766 4031 1928 4088 etiam

367 4114 716 4174 llebmorum
740 4125 827 4173 est
855 4116 998 4173 Deus
1030 4119 1096 4174 ⁸⁸.
1126 4118 1489 4184 Quamobrem
1544 4123 1590 4175 si
1641 4122 1776 4176 nihil
1806 4140 1931 4194 pro-

2026 3112 2159 3183 φῶς.
2203 3110 2644 3180 Ἀναγὲγραπται
2677 3109 2732 3163 δὲ
2755 3111 2785 3163 ὁ
2810 3109 2942 3173 Θεὸς
2979 3108 3110 3173 Θεὸς
3143 3103 3284 3162 εἶναι
3328 3106 3603 3178 Ἀϐραάμ,

2025 3204 2118 3258 καὶ
2148 3203 2280 3268 Θεὸς
2323 3201 2528 3266 Ἰσαὰκ,
2552 3201 2647 3255 καὶ
2674 3201 2808 3265 Θεὸς
2846 3198 3061 3254 Ἰακώϐο
3094 3202 3124 3255 ὀ
3147 3199 3210 3272 δὴ
3257 3198 3602 3271 βουλόμενος,

2025 3296 2217 3368 ἐπειδὴ
2245 3297 2479 3368 εἴρηται,
2521 3315 2539 3346 ι
2564 3295 2597 3366 ἡ
2633 3293 2746 3367 ζωὴ
2766 3289 2835 3366 ἦν
2862 3294 2921 3349 τὸ
2952 3294 3068 3364 φῶς
3088 3293 3197 3348 τῶν
3226 3292 3552 3365 ἀνθρώπων,
3581 3311 3600 3342 ι

2025 3389 2086 3443 τὸ
2111 3389 2226 3459 φῶς
2262 3388 2485 3460 μηδενὸς
2519 3387 2706 3460 ἐτέρου
2740 3383 2940 3460 εἶναιῆ
2980 3387 3088 3441 τῶν
3114 3385 3437 3457 ἀνθρώπων,
3464 3385 3608 3438 κατά

2026 3482 2088 3536 τὸ
2139 3481 2322 3552 ὅμοιον
2364 3481 2611 3552 οἰήσεται
2656 3480 2750 3534 τὸν
2805 3479 2939 3533 Θεὸν
3012 3479 3280 3550 Ἀϐραὰμ,
3327 3478 3424 3534 καὶ
3473 3476 3608 3531 Θεὸν

2038 3573 2245 3640 Ἰσαὰκ,
2279 3573 2372 3625 καὶ
2413 3571 2546 3627 Θεὸν
2585 3569 2802 3637 Ἰακὼϐ,
2842 3570 3071 3642 μηδενὸς
3094 3564 3234 3624 εἶναι
3266 3568 3401 3622 Θεὸν
3437 3567 3471 3638 ἦ
3498 3568 3609 3621 τῶν

2028 3664 2191 3737 τριῶν
2221 3663 2395 3734 μόνων
2423 3662 2626 3717 τούτων
2666 3662 2938 3735 πατέρων.
2978 3662 3134 3715 Ἐστι
3160 3660 3273 3733 (7|)
3307 3658 3366 3713 δέ
3392 3676 3457 3727 γε
3514 3658 3613 3712 καὶ

2041 3756 2219 3811 Ἠλίου
2249 3753 2402 3821 Θεὸς,
2434 3755 2551 3817 καὶ,
2580 3753 2656 3817 ὣς
2682 3771 2845 3826 φησιν
2892 3753 3100 3816 Ἰουδὶο,
3137 3750 3231 3806 τοῦ
3264 3749 3470 3823 πατρὸς
3507 3750 3613 3803 αὑ-

2029 3847 2129 3918 τῆς
2169 3845 2414 3919 Συμεὼν,
2445 3847 2538 3901 καὶ
2579 3845 2710 3911 Θεὸς
2747 3845 2853 3900 τῶν
2897 3845 3187 3917 Ἐϐραίων.
3225 3844 3424 3914 Διόπερ
3466 3840 3618 3895 κατά

2036 3944 2097 3999 τὸ
2145 3946 2349 4017 ὅμοιον,
2379 3946 2427 3997 εἰ
2475 3942 2641 4014 μηδὲν
2678 3940 2877 3996 κωλύει
2916 3936 3053 3995 εἷναι
3090 3939 3255 3994 αὐτὸν
3281 3940 3377 3994 καὶ
3404 3937 3617 4008 ἑτέρων

2036 4038 2189 4101 Θεὸν,
2222 4037 2372 4091 οὐδὲν
2406 4035 2602 4089 κωλύει
2646 4028 2785 4089 εῖναι
2813 4033 2874 4086 τὸ
2902 4033 3018 4103 φῶς
3051 4033 3160 4087 τῶν
3182 4030 3486 4103 ἀνθρώπων
3516 4029 3620 4083 καὶ

2039 4130 2240 4201 ἑτέρων
2261 4128 2413 4201 παρὰ
2444 4127 2571 4191 τοὺς
2606 4124 2924 4200 ἀνθρώπους
2940 4125 3075 4196 φῶς.

366 4215 515 4271 hibet
542 4212 708 4267 Deum
733 4212 959 4269 aliorum
990 4224 1207 4279 quoque
1231 4225 1352 4266 esse
1380 4212 1568 4278 Deum,
1603 4214 1793 4269 eodem
1835 4218 1997 4274 modo
2029 4220 2163 4275 nihil
2189 4219 2479 4290 prohibeat
2506 4226 2742 4288 oportet,
2772 4217 2948 4274 lucem
2980 4216 3261 4272 hominum
3293 4228 3415 4271 esse
3444 4212 3615 4269 etiam

367 4308 618 4374 aliorum,
656 4314 1018 4377 praeterquam
1056 4302 1364 4367 hominum,
1396 4303 1593 4358 lucem.

437 4401 526 4455 Π.
572 4399 743 4454 Porro
783 4397 924 4452 alius
968 4396 1235 4467 quispiam
1270 4394 1437 4450 etiam
1477 4395 1786 4452 testimonio
1841 4398 1932 4457 illo
1962 4403 2011 4463 ι)

367 4502 526 4548 utens
561 4514 574 4547 :
614 4510 634 4543 ι
678 4490 965 4547 Faciamus
1001 4487 1275 4546 hominem
1306 4486 1373 4540 ad
1422 4486 1709 4555 imaginem
1755 4496 1811 4543 et
1853 4488 1932 4544 si-

369 4582 728 4638 militudinem
760 4588 1004 4636 nostram
1031 4577 1400 4644 ",ihominem
1443 4591 1564 4631 esse
1587 4576 1736 4641 dicit,
1770 4578 1935 4647 quid-

370 4677 498 4745 quid
532 4677 597 4728 ad
629 4675 919 4743 imaginem
949 4680 1006 4729 et
1041 4671 1453 4726 similitudinem
1485 4668 1574 4722 Dei
1604 4668 1677 4722 sit
1705 4667 1936 4736 factum,

370 4768 672 4823 innumeris
712 4767 896 4823 hacin
928 4776 988 4821 re
1028 4775 1188 4820 utens
1236 4762 1525 4832 exemplis,
1555 4760 1690 4814 nihil
1732 4761 1933 4817 referre

373 4860 685 4930 Scriptura,
721 4858 994 4913 hominem
1041 4857 1188 4911 dicat
1215 4871 1283 4910 an
1318 4854 1569 4923 angelum
1605 4869 1618 4906 :
1647 4851 1713 4906 de
1743 4851 1934 4906 eodem

372 4953 520 5010 enim
569 4949 811 5021 subjecto
834 4948 1033 5005 alicubi
1066 4950 1189 5017 poni
1232 4946 1407 5018 angeli
1439 4955 1493 5002 et
1519 4945 1753 5000 hominis
1778 4961 1936 4999 voca-

374 5044 598 5110 bulum,
652 5041 1109 5114 quemadmodum
1164 5042 1217 5096 in
1274 5040 1450 5095 tribus
1500 5039 1604 5094 illis
1647 5037 1739 5103 qui
1794 5036 1934 5108 apud

443 5211 490 5243 ⁸³
523 5206 711 5261 Matth.
743 5219 877 5266 χχιι,
906 5203 997 5259 50.
1068 5200 1117 5235 ⁸⁸
1146 5203 1313 5258 Exod.
1341 5217 1424 5262 ιιι,
1462 5201 1516 5261 6,
1557 5198 1645 5263 15,
1676 5202 1771 5263 l6;
1820 5215 1890 5255 tv.
1919 5198 1972 5252 5.

2112 4395 2307 4458 ’Ἄλλος
2354 4392 2413 4447 δέ
2462 4409 2583 4459 τις,
2650 4391 3137 4462 προσχρησάμενος
3195 4387 3302 4459 τῷ·
3371 4405 3391 4439 ι
3447 4386 3614 4457 Ποιή-

2043 4502 2224 4558 σωμεν
2268 4482 2556 4555 ἄνθρωπον
2598 4482 2718 4536 κατ’
2758 4480 2941 4534 εἰκόνα
2990 4480 3086 4534 καὶ
3115 4477 3375 4550 ὁμοίωσιν
3416 4478 3616 4548 ἡμετέ-

2044 4596 2164 4653 ραν,
2217 4597 2236 4629 ›
2276 4577 2384 4631 πᾶν
2420 4574 2481 4628 τὸ
2519 4576 2637 4628 κατ’
2680 4573 2863 4627 εἰκόνα
2908 4573 3002 4628 καὶ
3032 4571 3289 4643 ὁμοίωσιν
3324 4569 3615 4640 γενόμενον

2042 4669 2178 4724 Θεοῦ
2230 4667 2514 4740 ἄνθρωπον
2569 4662 2708 4719 εἷναί
2742 4682 2907 4736 φησι.
2956 4663 3173 4738 μυρίοις
3220 4662 3500 4734 χρώμενος
3535 4661 3614 4723 εἰς

2042 4760 2201 4816 τοῦτο
2244 4758 2702 4831 παραδείγμασιν,
2745 4756 2825 4809 ὅτι
2858 4757 3009 4810 οὐδὲν
3040 4752 3283 4829 διαφέρει
3319 4755 3386 4824 τῇ
3420 4754 3611 4824 Γραφῇ

2042 4854 2323 4925 ἄνθρωπον
2353 4852 2387 4924 ἢ
2419 4851 2647 4922 ἄγγελον
2677 4850 2869 4918 φάναι·
2903 4848 2996 4901 ἐπὶ
3022 4846 3131 4919 γὰρ
3158 4845 3252 4900 τοῦ
3283 4843 3453 4899 αὐτοῦ
3483 4845 3612 4898 ὑπο-

2043 4946 2294 5017 κειμένου
2317 4945 2377 4998 οὐ
2395 4946 2571 4998 κεῖται
2593 4941 2705 5014 (72)
2727 4943 2760 5014 ἡ
2783 4941 3011 5010 ἄγγελος
3036 4939 3130 4993 καὶ
3145 4938 3427 5008 ἄνθρωπος
3445 4952 3611 5008 προσ-

2042 5038 2238 5110 ηγορία
2259 5056 2272 5069 ’
2336 5037 2523 5109 ὥσπερ
2600 5035 2694 5089 ἐπὶ
2751 5032 2859 5087 τῶν
2916 5031 3262 5098 ξενισθέντων
3327 5029 3479 5101 παρά
3536 5027 3611 5092 τῷ

2043 5198 2089 5233 ⁸⁸
2114 5200 2272 5257 Joan.
2310 5218 2356 5268 ι,
2389 5200 2445 5254 4.
2525 5199 2570 5232 ⁵⁸
2595 5196 2660 5251 IV
2692 5196 2824 5269 Reg.
2864 5210 2927 5262 ιι,
2959 5194 3047 5251 14.
3138 5192 3183 5225 ⁸⁷
3210 5190 3418 5247 Iudith.
3453 5187 3605 5257 11,2.

374 5282 421 5314 ⁵⁸
446 5279 616 5335 Exod.
647 5293 729 5342 ιιι,
763 5275 851 5341 18;
888 5288 940 5342 ν,
972 5275 1037 5339 5;
1067 5289 1162 5337 VII,
1189 5274 1277 5339 i6;
1310 5289 1383 5338 Ix,
1412 5272 1465 5336 1,
1505 5272 1688 5336 15ςκ,
1721 5271 1776 5324 5.
1855 5271 1900 5301 "

2054 5311 2064 5325 .
2090 5288 2129 5337 ι,
2153 5272 2243 5327 26.

449 5411 558 5482 (68)
593 5410 840 5465 Τούτων.
883 5406 956 5461 lla
992 5406 1160 5462 codex
1192 5404 1514 5460 Bodleianus
1539 5418 1553 5468 ;
1579 5399 1799 5471 Regius,
1833 5413 1945 5454 ma-

377 5481 446 5544 le,
463 5481 678 5535 τοῦτον.

450 5552 561 5612 (69)
591 5554 935 5619 Ἄνθρωποι.
978 5548 1119 5619 Lege
1148 5543 1470 5619 ἀνθρώποις.

453 5610 563 5677 (Ἡ)Ἲί
602 5610 789 5674 Εἰντὶι.
851 5621 943 5673 Sic
1000 5618 1169 5670 codex
1225 5610 1575 5679 Bodleianus;
1644 5610 1843 5681 Regius
1892 5620 1941 5665 et

384 5688 723 5755 l}.t|‘bet‘iitus,
762 5688 888 5758 εἷεν,
920 5687 1081 5745 male.

2114 5403 2228 5485 (71)
2256 5402 2452 5485 "Eget.
2487 5400 2566 5456 Ita
2593 5400 2760 5457 codex
2786 5398 3147 5464 Bodleianus;
3177 5394 3380 5465 Regius
3401 5401 3457 5448 et
3484 5391 3609 5446 Bar-

2041 5475 2286 5531 berinus.
2320 5473 2421 5526 ἔτι.
3428 5506 3431 5507 ν

2115 5542 2225 5613 (72)
2264 5545 2346 5596 Οὐ
2376 5541 2578 5613 κεῖζαι.
2622 5540 2719 5613 vel
2752 5540 3034 5597 delendum
3082 5537 3165 5600 οὐ.
3212 5535 3294 5591 vel
3331 5532 3605 5605 legendum

2048 5614 2171 5677 ποῦ,
2203 5611 2277 5669 uti
2308 5614 2437 5683 legit
2461 5611 2771 5666 Ferrarius.

3338 5768 3349 5809 l
