3792 6146
130 327 204 378 IRS

1199 326 1570 416 COMMENT:
1601 329 1667 386 IN
1705 328 1894 387 JOAN.
1933 329 2172 386 TOMUS
2211 328 2273 383 ll.

3267 335 3286 382 1
3303 336 3368 392 54

136 429 347 502 Ἀϐραὰμ
377 431 573 502 τριιῖιν,
618 433 719 488 καὶ
751 435 1060 506 γενομένων
1085 436 1144 490 ἐν
1173 437 1428 510 Σοδόμοις
1456 437 1570 504 δύο,
1601 442 1671 494 κα

1796 440 2072 496 Abraham
2118 440 2355 508 hospitio
2401 441 2554 495 fuere
2606 442 2817 510 excepti
2864 442 2932 508 ⁸ο,
2967 452 3021 496 et
3056 443 3109 497 in
3159 446 3370 502 duobus

123 530 164 576 ἐν
183 525 275 592 ὅλῳ
295 521 369 592 τῷ
399 523 588 595 εἱρμῷ
621 525 730 596 τῆς
761 526 988 598 Γραφῆς
1013 528 1100 580 ότέ
1128 530 1226 598 μὲν
1250 527 1444 599 ἄνδρες
1461 568 1478 594 ,
1522 529 1611 582 ὁτὲ
1632 529 1689 584 δὲ

121 614 304 685 ἄγγελοι
337 611 477 669 εἶναι
511 616 796 686 λέγονται.
849 618 990 688 Πλὴν
1015 619 1045 670 ὁ
1080 617 1239 673 τοῦτο
1270 620 1506 690 νομίζων
1551 624 1687 696 ἐρεῖ,

117 712 196 768 ὅτι,
218 708 398 780 ὥσπερ
422 708 584 780 παρὰ
617 713 739 774 τοῖς
763 709 1214 780 ὁμολογουμένοις
1241 710 1352 782 (7'5)
1380 711 1689 783 ἀνθρώποις

117 799 228 851 εἰσὶν
270 799 510 868 ἄγγελοι,
556 801 641 864 ὡς
679 803 708 854 ὁ
754 801 1030 874 Ζαχαρίας
1068 801 1273 870 λέγων·
1337 823 1355 854 ι
1423 804 1688 874 Ἀγγελος

116 889 225 944 Θεοῦ
256 892 361 962 ἐγὼ
407 891 531 963 μεθ’
567 892 733 964 ὑμῶν
780 895 916 965 εἰμι,
961 893 1110 962 λέγει
1140 894 1343 966 Κύριος
1385 898 1689 968 παντοκρά-

120 1001 236 1055 τωρ·
273 1003 290 1034 ι
328 984 418 1037 καὶ
446 985 478 1038 ὁ
522 985 809 1056 Ἰωάννης,
849 987 978 1058 περὶ
1006 979 1068 1039 οὗ
1097 988 1441 1059 γέγραπται’
1483 1008 1502 1041 ι
1555 990 1686 1044 Ἰδοὺ

120 1078 206 1144 ἐγὼ
222 1075 530 1130 ἀποστέλλω
555 1077 657 1131 τὸν
682 1078 911 1146 ἄγγελόν
935 1095 1037 1149 μου
1066 1079 1174 1151 πρὸ
1198 1079 1491 1151 προσώπου
1514 1099 1629 1146 σου,
1661 1101 1678 1133 ι

118 1171 259 1232 οὕτως
283 1170 372 1223 καὶ
401 1172 450 1222 oi
490 1170 592 1224 τοῦ
625 1171 766 1226 Θεοῦ
799 1170 1018 1240 ἄγγελοι
1050 1171 1202 1242 παρὰ
1238 1171 1298 1225 τὸ
1339 1171 1498 1244 ἔργον
1529 1173 1686 1226 τοῦτο

118 1263 499 1334 χρηματίζωσι,
548 1264 654 1316 καὶ
697 1264 760 1316 οὐ
801 1263 952 1334 παρὰ
992 1264 1093 1332 τὴν
1123 1263 1285 1331 φύσιν
1315 1264 1508 1336 ἄνδρες
1553 1266 1682 1336 κλη-

117 1355 283 1417 θέντες.
325 1356 432 1407 Καὶ
473 1354 561 1407 ἔτι
608 1355 816 1426 μᾶλλον
847 1355 1320 1426 παραμυθήσεται,
1345 1357 1427 1409 ὅτι
1453 1357 1546 1410 ἐπὶ
1573 1357 1682 1412 τῶν

117 1446 404 1515 κρειττόνων
428 1446 731 1517 δυνάμεων
765 1447 835 1499 τά
861 1446 1100 1517 ὀνόματα
1129 1447 1249 1517 οὐχὶ
1281 1447 1495 1517 φύσεων
1528 1447 1682 1512 ζώων

117 1536 237 1586 ἐστὶν
265 1535 523 1604 ὀνόματα,
562 1534 709 1588 ἀλλὰ
748 1535 973 1602 τάξεων,
1004 1529 1079 1589 ὧν
1103 1536 1200 1607 ἥδε
1237 1553 1323 1597 τις
1353 1537 1448 1591 καὶ
1474 1537 1567 1608 ἦδε
1597 1537 1683 1591 λο-

115 1629 219 1698 γικὴ
248 1627 398 1696 φύσις
425 1628 696 1699 τέτευχεν
732 1629 840 1681 ἀπὸ
862 1627 997 1682 Θεοῦ
1018 1645 1032 1660 ο
1069 1629 1258 1701 θρόνος
1287 1628 1396 1700 γὰρ
1415 1630 1517 1683 οὐκ
1541 1625 1681 1694 εἶδος

116 1718 229 1780 {dm
267 1720 394 1788 (74),
429 1720 558 1773 οὐδὲ
606 1721 778 1792 ἀρχὴ,
809 1721 929 1774 οὐδὲ
959 1721 1240 1792 κυριότης,
1277 1721 1398 1774 οὐδὲ
1437 1720 1676 1788 ἐξουσία,

1796 529 1888 598 qui
1926 528 2177 600 Sodomis
2211 528 2430 583 fuerunt
2464 529 2528 594 “,
2561 531 2693 589 etin
2729 541 2840 585 tota
2875 531 3175 603 Scriptura:
3201 535 3367 603 serie,

1793 621 2091 691 aliquando
2120 622 2340 692 quidem
2373 622 2547 693 angeli
2575 664 2592 690 ,
2624 623 2916 694 aliquando
2946 640 3074 680 vero
3117 625 3370 684 homines

1791 729 1913 768 esse
1943 715 2219 768 dicuntur.
2253 713 2392 781 Quin
2424 717 2612 778 etiam,
2647 717 2741 786 qui
2774 717 2881 772 hoc
2910 716 3230 781 existimat,
3283 720 3368 773 di-

1789 815 1876 858 cet
1905 805 2047 873 quod
2081 815 2138 859 ut
2184 806 2430 862 homines
2461 808 2636 862 vocati
2668 819 2793 863 sunt
2822 809 3037 878 angeli,
3088 810 3228 879 apud
3258 825 3355 865 eos

1788 911 1922 964 quos
1951 896 2125 966 palam
2163 912 2389 952 cernere
2419 909 2500 953 est
2543 914 2664 955 esse
2694 900 2962 964 homines,
2999 902 3356 968 quemadmo-

1787 988 1916 1044 dum
1974 989 2273 1044 Zacharias
2305 991 2492 1045 dicens
2523 1009 2537 1046 ι
2580 1009 2598 1043 ι
2635 991 2872 1061 Angelus
2923 992 3017 1046 Dei
3054 1009 3155 1064 ego
3187 993 3366 1048 vobis-

1786 1097 1910 1135 cum
1959 1096 2101 1149 sum,
2132 1082 2263 1136 dicit
2287 1082 2546 1138 Dominus
2569 1086 2911 1154 onmipotens
2939 1087 2984 1117 θ’
3021 1101 3035 1140 :
3079 1102 3100 1139 ι
3134 1085 3368 1142 etJoan—

1795 1187 1916 1236 nes,
1943 1172 2010 1227 de
2036 1189 2143 1242 quo
2176 1174 2437 1243 scriptum
2466 1184 2548 1228 est
2576 1175 2620 1206 ⁸³
2659 1192 2672 1230 :
2711 1195 2729 1227 ι
2765 1175 2902 1230 Ecce
2933 1191 3032 1247 ego
3078 1177 3236 1232 mitto
3260 1195 3361 1231 an-

1784 1262 1964 1332 gelum
2017 1279 2194 1319 mcum
2231 1275 2356 1317 ante
2388 1263 2583 1318 faciem
2624 1273 2793 1330 tuam,
2840 1285 2859 1317 ι
2918 1266 2998 1321 sic
3049 1267 3212 1320 etiam
3268 1267 3360 1321 Dei

1783 1355 1958 1425 angeli
1993 1357 2098 1410 hoc
2127 1356 2395 1411 vocabulo
2429 1371 2823 1425 nuncupantur,
2850 1368 3072 1428 propter
3100 1359 3359 1425 officium,

1783 1457 1837 1500 et
1860 1462 1964 1502 non
1997 1455 2221 1517 propter
2247 1457 2496 1501 naturam
2532 1449 2704 1502 vocati
2736 1449 2858 1502 viri.
2887 1449 3156 1504 Praeterea
3187 1452 3360 1522 magis

1781 1538 1944 1593 etiam
1971 1539 2070 1593 hoc
2088 1539 2464 1594 corroborabit
2481 1541 2734 1609 quoniam
2758 1543 2972 1596 nomina
2993 1542 3044 1596 in
3064 1543 3357 1598 virtutibus

1782 1630 2256 1700 praastantioribus
2307 1648 2414 1685 non
2472 1647 2793 1686 naturarmn
2854 1635 3170 1688 animalium
3229 1648 3356 1690 sunt

1780 1723 2025 1789 nomina,
2075 1725 2170 1780 sed
2221 1725 2494 1789 ordinum,
2530 1740 2664 1796 quos
2694 1726 2808 1780 haec
2858 1736 2911 1781 et
2954 1726 3069 1782 haec
3120 1729 3355 1787 rationis

120 1812 230 1865 ἀλλὰ
263 1811 504 1882 ὀνόματα
570 1813 960 1884 πραγμάτων,
1010 1814 1097 1881 ἐφ’
1142 1807 1218 1866 ὧν
1264 1813 1576 1885 ἐτάχθησαν
1637 1831 1671 1868 ο‹

1787 1830 2014 1886 compos
2063 1825 2256 1870 natura
2309 1815 2502 1869 sortita
2555 1817 2690 1870 sita
2743 1817 2896 1871 Deo:
2933 1819 3161 1875 thronus
3208 1821 3354 1876 enim

112 1903 224 1955 οὕτω
249 1906 817 1976 προσαγορευόμενοι,
845 1898 920 1958 ὧν
951 1905 1012 1959 τὸ
1040 1905 1397 1976 ὑποκείμενον
1423 1906 1523 1958 οὐκ
1552 1903 1682 1958 ἄλλο

115 1996 151 2045 τί
168 1998 297 2048 ἐστιν
326 1995 359 2066 ἢ
386 1995 716 2068 ἄνθρωπος,
745 1999 840 2051 καὶ
868 1996 947 2068 τῷ
987 1995 1333 2067 ὑποκειμένῳ
1365 1994 1682 2066 συμϐέϐηκε

112 2085 158 2135 τὸ
181 2085 338 2156 θρόνῳ
364 2081 533 2151 εἶναι,
572 2088 610 2159 ἢ
646 2089 950 2160 κυριότητι,
982 2087 1015 2157 ἦ
1042 2087 1209 2158 ἀρχῇ,
1238 2087 1272 2157 ἢ
1302 2086 1540 2157 ἐξουσίᾳ.
1572 2085 1681 2139 Καὶ

114 2177 158 2227 ὲν
186 2177 256 2247 τῷ
302 2179 479 2250 Ἰησοῦ
516 2180 578 2234 δὲ
606 2181 690 2251 τῷ
723 2179 817 2233 τοῦ
849 2181 1007 2252 Ναυῆ
1047 2184 1222 2236 κεῖται
1252 2180 1345 2233 τό·
1393 2179 1570 2250 Ὠφθη
1603 2178 1682 2250 τῷ

123 2267 270 2338 Ἰησοῦ
295 2270 589 2342 ἄνθρωπος
633 2275 692 2325 ἐν
735 2272 966 2344 Ἰεριχὼ,
1004 2272 1061 2336 ὃς
1094 2289 1285 2344 φησιν·
1327 2291 1346 2323 ί
1405 2270 1547 2340 Ἐγὼ
1578 2271 1680 2343 ἀρ·

114 2361 439 2432 κιπράτηγος
484 2364 702 2435 Κυρίου
747 2365 1028 2436 δυνάμεως
1069 2365 1187 2417 νυνὶ
1226 2364 1598 2435 παραγέγονα.
1654 2382 1672 2414 ι

117 2451 244 2502 Κατὰ
278 2452 433 2506 τοῦτο
474 2450 595 2519 οὖν,
647 2454 725 2518 ὡς
775 2457 886 2509 ίσον
923 2455 1252 2526 δυνάμενον,
1288 2456 1584 2527 ἐκλήψεται
1619 2456 1681 2511 τὸ

119 2541 209 2607 φῶς
226 2543 323 2595 τῶν
350 2544 448 2597 ἀνθ
459 2545 668 2617 ρώπων
699 2547 792 2599 καὶ
826 2548 941 2616 φῶς
976 2548 1176 2611 παντὸς
1208 2548 1447 2616 λογικοῦ,
1480 2549 1679 2613 παντὸς

118 2633 296 2700 λογικοῦ
333 2637 412 2706 τῷ
443 2641 568 2690 κατ’
600 2640 791 2692 εἰκόνα
819 2639 913 2692 καὶ⁵
949 2640 1210 2710 ὁμοίωσιν
1238 2637 1378 2694 εἶναι
1416 2641 1552 2694 Θεοῦ
1581 2644 1678 2697 ἀν-

119 2724 300 2794 θρώπου
330 2730 719 2800 τυγχάνοντος.
768 2732 842 2784 Τὸ
877 2732 1008 2784 αὐτὸ
1041 2733 1290 2802 μέντοιγέ
1329 2735 1446 2787 ἐστι
1473 2735 1679 2806 τριχῶς

116 2818 495 2893 ὀνομαζόμενον,
528 2823 666 2890 Φῶς
691 2824 808 2878 τῶν
836 2827 1183 2895 ἀνθρώπων,
1217 2829 1311 2881 καὶ
1338 2826 1676 2894 ἁπαξαπλῶς

119 2910 239 2978 Φῶς,
267 2915 354 2967 καὶ
384 2915 516 2982 Φῶς
562 2918 894 2983 ἀληθινόν·
930 2917 1044 2988 φῶς
1086 2919 1184 2989 μὲν
1212 2915 1307 2972 οὖν
1349 2920 1674 2990 ἀνθρώπων,

122 3001 230 3067 ἤτοι,
255 3005 325 3069 ὡς
355 3008 872 3079 προαποδέδεικται,
909 3011 1120 3074 οὐδενὸς
1151 3011 1453 3075 κωλύοντος
1481 3012 1542 3065 τὸ
1583 3013 1677 3066 ἐκ-

121 3093 372 3165 λαμϐάνειν
407 3102 504 3155 καὶ
548 3103 762 3173 ἐτέρων
795 3103 945 3175 παρὰ
981 3103 1074 3158 τὸν
1114 3102 1400 3175 ἄνθρωπον
1429 3099 1570 3157 εἶναι
1615 3103 1674 3157 τὸ

121 3189 278 3260 φῶς,ῆ
308 3193 524 3247 πάντων
553 3194 670 3246 τῶν
697 3195 950 3264 λογικῶν,
974 3195 1062 3250 διὰ
1085 3197 1149 3250 τὸ
1179 3199 1301 3251 κατ’
1327 3197 1512 3251 εἰκόνα
1539 3195 1672 3250 Θεοῦ

121 3282 356 3346 γεγονέναι
383 3285 699 3356 ἀνθρώπων
728 3287 1100 3357 καλουμένων.

1787 1922 1891 1960 non
1919 1907 2130 1976 species
2171 1907 2421 1961 animalis
2447 1918 2550 1975 est,
2589 1923 2764 1980 neque
2791 1910 3149 1980 principatus,
3178 1927 3358 1981 neque

1783 1999 2100 2063 dominatio,
2152 2014 2328 2068 neque
2356 2009 2596 2068 potestas
2629 2001 2839 2069 species
2883 2011 3010 2055 sunt
3060 2003 3310 2059 animalis
3339 1987 3390 2070 ,’

1782 2090 1880 2144 sed
1919 2104 2101 2142 rerum
2147 2089 2366 2144 nomina
2396 2127 2412 2155 ,
2461 2091 2512 2143 in
2561 2091 2758 2159 quibus
2787 2090 3020 2144 ordinati
3058 2102 3224 2157 sunt,
3262 2095 3356 2163 qui

1782 2181 1862 2236 sic
1896 2180 2248 2251 appellantur
2275 2221 2290 2246 ,
2321 2197 2552 2253 quorum
2585 2182 2886 2252 subjectum
2921 2183 3055 2238 nihil
3091 2183 3237 2240 aliud
3261 2186 3357 2252 sit,

1780 2289 1942 2343 quant
1982 2274 2175 2338 homo,
2200 2273 2838 2344 cuisubjectocontingat
2873 2291 2994 2331 esse
3018 2277 3099 2332 vel
3132 2279 3355 2344 throno,

1782 2365 1866 2420 vel
1913 2365 2296 2432 dominationi,
2326 2365 2410 2420 vel
2441 2367 2772 2436 principatui
2795 2409 2810 2434 ,
2850 2370 2930 2423 vel
2977 2372 3252 2438 potestati.
3286 2372 3354 2426 Et

1784 2458 1836 2512 in
1868 2454 1993 2513 Jesu
2024 2457 2176 2513 Nave
2203 2459 2422 2528 ponitur
2464 2459 2623 2524 illud,
2655 2459 2812 2516 Visus
2845 2471 2926 2515 est
2960 2461 3086 2517 Jesu
3120 2463 3222 2532 ipsi
3252 2464 3354 2517 ho-

1779 2562 1870 2603 mo
1908 2547 1962 2602 in
1999 2546 2258 2613 Jericlto,
2312 2549 2404 2618 qui
2455 2549 2674 2618 inquit:
2715 2567 2733 2600 ι
2772 2551 2883 2620 Ego
2934 2566 3053 2605 sum
3100 2553 3356 2623 princeps

1781 2640 2056 2696 exercitus
2082 2639 2340 2710 potentiae
2369 2639 2605 2703 Domini,
2655 2657 2797 2695 nunc
2822 2643 3028 2697 accessi
3071 2641 3138 2694 ⁸⁵.
3191 2661 3210 2694 ι
3254 2642 3355 2697 Se-

1781 2731 2017 2787 cundum
2058 2730 2164 2784 hoc
2193 2744 2322 2800 ergo
2351 2769 2367 2795 ,
2397 2739 2454 2783 ut
2483 2745 2638 2799 reque
2662 2731 2868 2796 valens,
2900 2733 3354 2803 interpretabitnr

1778 2822 1954 2878 lucem
2004 2823 2285 2878 hominum
2340 2823 2516 2877 lucem
2572 2825 2734 2877 etiam
2765 2839 2887 2879 esse
2917 2824 3214 2891 cujuslibet
3261 2826 3350 2895 qui

1779 2915 2008 2970 rationis
2039 2915 2109 2968 sit
2145 2929 2386 2983 compos,
2417 2915 2618 2984 quippe
2642 2916 2768 2983 quia
2798 2916 2867 2969 sit
2892 2917 3076 2982 homo,
3105 2917 3171 2969 ad
3205 2917 3345 2969 ima—

1777 3009 1955 3079 ginem
1995 3018 2050 3061 et
2105 3007 2524 3062 similitudinem
2582 3010 2698 3063 Dei.
2750 3009 2892 3063 Sane
2923 3010 3012 3062 lux
3045 3010 3157 3078 ipsa
3193 3009 3352 3062 trifa-

1780 3101 1916 3154 riam
1953 3099 2284 3164 nominatur,
2332 3098 2426 3151 lua:
2454 3099 2758 3164 hominum,
2793 3109 2847 3154 et
2886 3099 3205 3169 simpliciter
3233 3099 3348 3169 lux,

1781 3202 1836 3246 et
1862 3193 1955 3244 tua:
1993 3207 2135 3244 aera.
2172 3193 2350 3262 Atque
2399 3191 2491 3244 lux
2531 3192 2749 3260 quidem
2795 3203 2879 3245 est
2915 3192 3216 3256 hominum,
3267 3193 3350 3246 vel

1781 3283 1924 3353 quod
1952 3323 1968 3349 ,
2002 3290 2062 3335 ut
2099 3291 2225 3336 ante
2273 3292 2547 3338 ostensum
2591 3293 2674 3338 est
2700 3324 2715 3347 ,
2748 3283 2880 3336 nihil
2915 3271 3197 3352 prohibeat
3226 3299 3346 3337 eam

123 3373 380 3444 intelligere
407 3378 589 3434 lucem
641 3381 806 3435 etiam
839 3381 1068 3436 aliorum
1098 3391 1296 3451 praeter
1323 3382 1597 3436 hominem
1627 3393 1770 3445 esse,
1808 3378 1888 3431 vel
1925 3375 2067 3444 quod
2093 3389 2282 3430 omnes
2311 3376 2406 3446 qui
2438 3376 2664 3432 rationis
2686 3385 2810 3432 sunt
2845 3385 3142 3446 compotes,
3167 3377 3348 3431 homi-

132 3484 206 3523 nes
228 3483 494 3539 verentur,
530 3474 662 3541 quia
699 3473 823 3528 facti
857 3477 968 3528 sint
994 3477 1060 3530 ad
1086 3476 1376 3547 imaginem
1410 3485 1464 3530 et
1491 3473 1901 3530 similitudinem
1935 3470 2048 3525 Dei.

188 3563 316 3616 Ἐπεὶ
366 3565 422 3617 δὲ
481 3565 607 3634 φῶς
668 3565 1006 3631 ἁπαξαπλῶς
1057 3566 1288 3621 ἐνταῦθα
1347 3568 1445 3638 μὲν
1478 3570 1506 3622 ὁ
1548 3569 1663 3620 Σω-

124 3654 220 3724 τὴρ,
250 3656 300 3709 ἐν
319 3657 372 3710 δὲ
393 3661 458 3728 τῇ
487 3657 774 3730 Καθολικῇ
801 3658 892 3712 τοῦ
917 3657 1082 3713 αὐτοῦ
1111 3659 1358 3714 Ἰωάννου
1375 3659 1661 3730 Ἐπιστολῇ

121 3743 303 3810 λέγεται
337 3751 366 3802 ὁ
395 3750 531 3814 Θεὸς
558 3746 702 3804 εἶναι
733 3750 869 3820 φῶς,
905 3753 934 3804 ό
972 3751 1070 3822 μέν
1109 3769 1191 3814 τις
1216 3751 1385 3804 οἴεται
1425 3750 1534 3822 (75)
1569 3751 1664 3803 καὶ

122 3837 326 3894 ἐντεῦθεν
366 3840 878 3905 κατασκευάζεσθαι
909 3845 973 3914 τῇ
1018 3844 1175 3915 οὐσίᾳ
1207 3842 1280 3914 μὴ
1323 3843 1662 3914 διεστηκέναι

1847 3564 2080 3636 7618.
2114 3563 2252 3631 Quia
2301 3577 2431 3617 vero
2461 3561 2548 3615 lux
2597 3561 2920 3629 simpliciter
2969 3561 3073 3616 hoc
3117 3559 3172 3614 in
3227 3559 3346 3614 loco

1777 3654 2039 3711 Servator
2062 3696 2078 3719 ,
2114 3657 2166 3710 in
2203 3655 2372 3723 ipsius
2402 3667 2531 3709 vero
2561 3653 2787 3707 Joannis
2819 3653 3097 3707 Catholica
3127 3651 3344 3722 Episto-

1773 3751 1822 3810 la
1851 3753 1920 3820 ⁸⁸,
1955 3753 2094 3808 Deus
2118 3752 2208 3808 lux
2241 3765 2361 3805 esse
2391 3750 2611 3814 dicitur,
2645 3748 2784 3802 alius
2810 3748 3025 3818 quidem
3058 3747 3341 3802 existimat

1772 3845 1936 3898 etiam
1964 3845 2089 3899 hinc
2120 3843 2344 3913 colligi,
2387 3842 2601 3897 Patrem
2635 3857 2663 3894 a
2705 3840 2846 3896 Filio
2875 3839 3179 3894 substantia
3229 3854 3334 3893 non

120 3929 192 3980 τοῦ
217 3931 332 3984 Υἱοῦ
359 3933 449 3986 τὸν
475 3935 740 4005 Πατέρα·
782 3935 810 3986 ὁ
854 3935 911 3987 δέ
947 3951 1032 3998 τις
1069 3935 1461 4006 ἀκριϐέστερον
1498 3936 1669 4007 τηρή-

1777 3937 2003 3992 diﬂ‘erre.
2037 3937 2140 4003 Qui
2181 3951 2310 3991 vero
2341 3945 2397 3992 et
2444 3934 2760 4004 diligentius
2801 3932 3106 3988 observarit
3151 3942 3208 3988 et
3255 3947 3342 3986 re-

121 4034 213 4082 πας.
235 4024 261 4075 ὁ
291 4025 382 4076 καὶ
406 4026 732 4096 ὑγιέστερον
772 4025 965 4093 λέγων,
1009 4027 1171 4097 φήσει
1202 4026 1264 4079 οὐ
1300 4026 1497 4080 ταύτὸν
1527 4020 1666 4080 εἶναι

1777 4031 1908 4086 ctius
1957 4030 2167 4084 locutus
2212 4027 2396 4092 fuerit,
2427 4027 2569 4081 dicet
2597 4043 2702 4080 non
2737 4026 2875 4080 idem
2911 4041 3050 4090 esse,
3104 4025 3194 4079 lux
3224 4040 3345 4093 quze

119 4110 169 4163 νδ
189 4117 352 4180 φαῖνον
384 4121 442 4171 ἐν
477 4121 546 4188 τῇ
587 4117 780 4188 σκοτίᾳ
815 4118 950 4186 φῶς,
986 4119 1081 4171 καὶ
1131 4119 1207 4188 μὴ
1251 4118 1669 4190 καταλαμϐανό-

1777 4139 1817 4176 ηιι
1850 4120 2090 4175 tenebris
2125 4119 2340 4186 luceat,
2375 4117 2576 4172 abillis
2614 4132 2718 4170 non
2746 4115 3114 4186 apprehensa,
3149 4122 3204 4167 et
3248 4113 3339 4166 lux

124 4220 250 4270 μενον
291 4209 377 4261 ὑπ’
409 4211 609 4280 αὐτῆς,
656 4209 751 4262 καὶ
785 4209 848 4262 τὺ
893 4209 1028 4280 φῶς,
1067 4211 1126 4263 ἐν
1169 4204 1214 4278 ᾧ
1250 4209 1503 4280 οὐδαμῶς
1547 4211 1664 4264 ἐστι

1777 4229 1819 4268 ηη
1853 4229 1958 4282 qua
2011 4213 2429 4280 haudquaquam
2484 4211 2595 4264 sint
2647 4209 2907 4263 tenebrae.
2959 4206 3237 4274 Siquidem
3275 4218 3339 4256 ea

123 4297 293 4352 σκοτία.
326 4301 396 4354 Τὸ
436 4302 541 4372 μὲν
567 4302 679 4373 γάρ
717 4304 905 4370 φαῖνον
931 4303 988 4354 ἐν
1013 4304 1079 4372 τῇ
1108 4302 1296 4373 σκοτίᾳ
1327 4301 1463 4372 φῶς,
1497 4302 1662 4355 οἱονεὶ

1777 4306 1859 4361 lux
1886 4321 2005 4376 qua!
2041 4307 2094 4360 in
2131 4305 2373 4359 tenebris
2405 4304 2548 4358 lucet
2577 4343 2592 4370 ,
2625 4312 2881 4372 tanquam
2911 4299 3226 4371 supervenit
3258 4310 3339 4352 tc-

121 4386 368 4459 ὲπέρχεται
419 4395 487 4464 τῇ
546 4392 755 4464 σκοτίᾳ·
801 4393 896 4446 καὶ
950 4392 1277 4463 διωκόμενον
1322 4394 1416 4446 ὑπ’
1461 4393 1655 4463 αὐτῆς,

1777 4399 1956 4453 nebris
1984 4416 1999 4466 ;
2037 4411 2271 4465 cumque
2305 4396 2372 4450 ab
2397 4396 2531 4465 ipsis
2551 4395 2979 4464 persecutionem
3006 4393 3210 4462 patitur
3229 4431 3244 4456 ,
3264 4404 3339 4454 et,

123 4480 214 4543 ui,
269 4484 327 4536 ἵν’
377 4485 558 4549 οὕτως
616 4485 776 4552 είπω,
835 4484 1316 4557 ἐπιϐουλευόμενον
1377 4485 1437 4538 οὐ
1489 4501 1660 4538 κατα-

1777 4497 1825 4541 ut
1848 4489 1921 4543 ita
1961 4490 2163 4552 dicam,
2201 4486 2414 4541 insidiis
2447 4487 2670 4555 petitur,
2700 4501 2805 4540 non
2837 4484 3337 4554 comprehenditur.

121 4567 441 4640 λαμϐάνεταιο
484 4579 551 4632 τὸ
585 4580 642 4634 δὲ
701 4580 836 4648 φῶς,
889 4580 949 4633 ἐν
999 4572 1044 4647 ᾧ
1089 4577 1316 4648 οὐδεμία
1373 4577 1490 4630 ἐστὶ
1531 4593 1660 4630 σκο-

1777 4581 1834 4636 At
1867 4579 1961 4634 lux
1994 4581 2046 4634 in
2080 4595 2183 4649 qua
2220 4579 2378 4635 nullae
2412 4587 2540 4635 sunt
2571 4579 2829 4640 tenebrat,
2864 4591 3042 4646 neque
3086 4576 3231 4629 lucet
3279 4576 3334 4629 iu

122 4664 210 4730 τίει,
232 4668 344 4722 οὔτε
375 4674 558 4741 φαίνει
587 4676 646 4727 ἐν
677 4675 744 4744 τῇ
787 4673 998 4744 σκοτίᾳ,
1028 4672 1152 4725 οὐτε
1191 4670 1288 4742 τὴν
1327 4670 1502 4741 ἀρχὴν
1536 4669 1661 4723 διώ-

1777 4672 2025 4736 Lenehris,
2068 4686 2243 4740 neque
2288 4670 2397 4726 ullo
2429 4671 2590 4724 modo
2620 4670 2689 4724 ab
2721 4668 2854 4738 ipsis
2895 4667 3332 4737 persecutionem

123 4771 250 4812 ιεται
287 4763 372 4816 ὐπ’
419 4766 614 4834 αὐτῆς,
665 4766 752 4820 ἵνα
794 4765 890 4818 καὶ
939 4765 1017 4828 ὡς
1065 4763 1231 4817 νικῶν
1271 4763 1658 4834 ἀναγράφηται

1777 4764 1990 4831 Jatitur,
2013 4774 2072 4819 ut
2093 4780 2192 4820 ceu
2225 4765 2454 4820 vincens
2478 4762 2692 4836 publice
2724 4761 3055 4826 declaretur,
3086 4760 3231 4830 quod
3266 4765 3335 4815 ab

179 4880 542 4958 ω(ἶιξηηιιίιι,
565 4887 676 4958 Set
699 4903 814 4958 seq.
907 4887 949 4918 ⁸¹
987 4886 1118 4940 ibid.
1152 4885 1349 4958 3pm.].
1432 4885 1477 4916 "
1510 4884 1671 4958 Δίζεαι

1799 4885 1882 4940 15.
1964 4886 2009 4918 ⁸³
2042 4886 2271 4941 Malaeh.
2301 4901 2385 4952 Ill,
2419 4885 2480 4953 1;
2516 4883 2707 4939 Matth.
2736 4898 2811 4949 ιι,
2848 4881 2952 4948 10;
2989 4880 3159 4937 Marc.
3192 4897 3234 4947 ι,
3263 4880 3333 4940 2;

125 4946 231 5005 an.
259 4969 342 5018 vn,
368 4957 453 5010 27.
529 4946 597 4988 ’⁵⁸
627 4956 742 5011 Jos.
774 4946 828 5021 ν,
863 4958 953 5021 15,
985 4958 1071 5012 11.
1156 4957 1200 4988 ⁸⁸
1230 4955 1248 5008 l
1279 4954 1436 5009 Joan.
1471 4971 1510 5017 ι.
1555 4946 1610 5007 ϐξ

189 5047 272 5114 ζῖό)
299 5051 518 5126 ’Ὠσπερ
579 5054 737 5120 παρὰ
784 5053 910 5126 τοῖς
959 5051 1511 5126 ὁμολογουμένοις-ι-
1545 5060 1651 5126 etc.

1777 5065 1823 5105 te
1855 5050 2052 5126 Filium
2097 5063 2307 5126 negare
2361 5049 2452 5102 hie
2495 5045 3094 5126 A_damantiu_m,‘_quod
3146 5042 3336 5126 multis

126 5113 503 5196 Observavimus
529 5113 690 5196 supra
721 5127 784 5177 ad
817 5113 1073 5196 Origehis
1099 5113 1332 5196 tonui"
1364 5113 1651 5196 ἱῃ’ΜαιιΙι.
1757 5121 1878 5196 ipse
1913 5121 2115 5196 alioqui
2145 5113 2275 5196 locis
2309 5128 2495 5196 aperte
2517 5121 2704 5196 docet:
2741 5117 2833 5171 sed
2859 5113 3193 5196 inliciari_ex
3229 5115 3331 5196 hoc

128 5200 256 5242 unum
310 5193 406 5245 hoc
461 5184 636 5248 fuisse
688 5208 754 5247 ex
806 5184 945 5259 ejus'
977 5194 1342 5263 dogmatibus,
1400 5191 1655 5247 homines
1757 5184 1961 5263 loco‘id
1996 5184 2376 5263 colligiposse.
2434 5189 2503 5243 At
2531 5188 2911 5263 lucem_tamen
2948 5201 3071 5263 quae
3101 5184 3330 5263 lucetjn

123 5267 305 5328 sanctos
339 5265 557 5328 angelos
584 5279 727 5318 esse.
767 5263 1033 5318 Hunnus.

179 5327 273 5399 (Π)
300 5334 514 5400 Θρόνος
536 5334 647 5402 τὰρ
665 5337 778 5389 οὐκ
811 5330 971 5401 εἶδος
1001 5331 1167 5394 ζὼου,
1192 5340 1298 5387 etc.
1338 5331 1416 5386 Ex
1440 5332 1544 5393 hoc
1571 5331 1651 5386 Ιο-
1685 5365 1706 5380 η

125 5406 178 5446 eo
213 5410 258 5475 e_t
299 5401 716 5470 praecedentibus
757 5405 966 5475 angelis
1023 5411 1099 5475 et_
1128 5401 1647 5475 hominibusuunam

126 5469 432 5542 gaudentque
483 5484 735 5530 naturam
806 5469 1020 5529 videtur
1068 5473 1340 5542 Origenes,
1383 5473 1643 5526 tribuere.

130 5529 269 5602 llujus
293 5529 439 5613 super
477 5560 538 5596 ea
579 5561 636 5599 rc
667 5546 972 5599 doctrinam
1026 5545 1143 5598 fuse
1167 5529 1251 5596 vin
1305 5541 1642 5613 Origenianis

127 5612 452 5670 expendimus.
489 5614 563 5668 In.

320 5680 368 5754 Ὦ
399 5685 504 5752 μέν
532 5705 620 5751 τις
644 5687 848 5748 οἴεται,
879 5693 988 5741 etc.
1045 5683 1180 5738 Hinc
1216 5695 1403 5734 ansam
1435 5682 1640 5754 c_alum-

135 5751 289 5800 niandi
318 5751 540 5819 Origcnis
574 5758 737 5824 arripi
774 5756 995 5808 minime
1042 5769 1198 5821 posse
1230 5761 1409 5824 monet
1443 5752 1637 5806 Ferra-

135 5830 262 5881 rius;
309 5838 398 5877 non
446 5828 578 5883 enim
626 5829 842 5883 Patrem
889 5825 1122 5893 ejusdem
1173 5837 1294 5880 esse
1322 5823 1637 5877 substantia:

1759 5261 2020 5326 tenebris,
2070 5256 2347 5328 Christum
2383 5274 2580 5328 nempe
2626 5257 2727 5328 qui
2758 5261 2809 5310 in
2862 5257 3122 5328 mundum
3158 5256 3329 5321 venit,

1755 5341 1810 5385 et
1835 5341 2084 5407 naturam
2112 5325 2400 5407 humanam
2435 5325 2627 5407 induit,
2656 5343 2684 5407 a
2717 5327 2833 5382 luce
2862 5327 2956 5383 illa
2978 5329 3324 5407 qttzenonoin

1758 5403 1995 5457 tenebris
2022 5402 2186 5463 lucet,
2234 5399 2396 5454 Patre
2428 5398 2713 5462 ,videlicet,
2758 5409 2975 5462 separat
3006 5407 3060 5448 et
3104 5395 3327 5447 inferio-

1751 5486 1865 5526 rem
1890 5472 2080 5526 statuit
2103 5489 2118 5538 ;
2153 5471 2230 5523 ait
2254 5471 2396 5524 enim
2424 5487 2438 5523 :
2473 5463 2542 5538 ᾯ
2569 5468 2626 5521 δὲ
2651 5467 2794 5536 λόγῳ
2817 5469 2844 5520 ὁ
2867 5466 3055 5587 Πατὶὸρ
3078 5465 3176 5534 τῆς
3202 5464 3328 5537 ἀλη-

1751 5541 1899 5587 θείας
1929 5541 2060 5587 Θεὸς
2107 5541 2305 5587 quidem)
2333 5541 2448 5587 ἐστὶ
2477 5540 2569 5587 καὶ
2606 5537 2805 5587 μείζων
2830 5536 2861 5587 ἢ
2889 5536 2988 5587 ἀ.λῇ
3030 5550 3143 5586 εια·
3175 5537 3267 5587 καὶ
3296 5539 3325 5587 ὁ

1750 5541 1899 5606 θείας
1929 5541 2060 5605 Θεὸς
2105 5536 2305 5593 τελείων
2333 5541 2448 5593 ἐστὶ
2477 5536 2569 5592 καὶ
2605 5537 2805 5608 μείζων
2830 5536 2861 5606 ἢ
2889 5536 3143 5608 ἀλήθειω
3166 5537 3267 5608 καὶ
3295 5536 3325 5591 ὁ

1749 5613 1935 5686 Πατὴρ
1963 5611 2038 5686 div
2065 5613 2256 5686 σοφίας
2284 5611 2552 5686 Δκρείττων
2586 5605 2702 5686 ἐστὶ
2731 5608 2824 5686 κοςι
2850 5605 3120 5686 διαφέρων
3159 5605 3320 5686 ﬁngo-

1750 5683 1865 5752 φὶα,
1889 5673 2088 5752 ”τούτῳ
2128 5673 2383 5757 ὐπερέχξι
2422 5680 2518 5757 τοῦ
2559 5674 2698 5757 εἶναι
2735 5673 3320 5757 φιξιςιάληϐινόνκνίιίε

1748 5747 1799 5810 et
1829 5770 1946 5825 quae
1969 5747 2434 5823 sequunturCSed
2471 5754 2535 5808 de
2568 5752 2650 5807 his
2679 5751 2728 5803 in
2764 5747 3116 5818 Origeniaais.
3154 5747 3232 5803 In.
