3792 6146
484 332 582 388 H3

1963 281 2291 378 ommile

3646 328 3758 379 ιιι

474 461 559 505 est
599 445 890 520 rationem]
927 455 982 502 et
1026 444 1222 502 Filium
1269 445 1360 500 Dei
1409 445 1461 500 in
1488 446 1757 518 principio
1781 447 2043 504 exsistan-

2168 467 2256 514 ξος,
2283 448 2578 521 μετέχοντα
2625 447 2842 517 λογικὸν
2889 449 3082 512 εἰπεῖν,
3118 446 3260 500 ὥστε
3309 447 3405 500 καὶ
3452 448 3753 518 ἀποφήνα-

482 552 588 596 tem
631 541 895 595 rationem
944 539 1084 609 apud
1130 540 1319 601 Deum,
1344 546 1399 593 et
1428 539 1693 594 rationem
1722 540 1908 606 Deum,
1937 539 2048 596 for-

477 636 641 688 lassis
679 649 802 688 eum
834 633 1032 694 solum,
1063 632 1156 701 qui
1185 631 1344 700 hujus
1369 631 1647 700 particeps
1677 632 1768 698 sit,
1796 633 1848 688 in
1873 647 2044 702 quan.

477 738 590 779 t-nm
627 733 710 779 est
755 724 900 789 talis,
932 722 1161 777 rationis
1203 736 1464 791 capacem
1491 722 1673 776 dicere
1705 724 2044 792 poterimus:

477 819 614 873 adeo
644 828 701 872 ut
730 816 1078 872 enuntiemus
1118 813 1293 869 solum
1330 822 1577 868 sanctum
1619 815 1848 870 rationis
1879 829 2046 883 capa-

478 929 592 968 cem
620 927 761 969 esse.
791 911 1025 966 Rursum
1051 909 1098 964 si
1128 906 1561 962 intellexerimus
1607 906 1807 964 factam
1837 908 1890 962 iu
1921 907 2049 963 Ser-

479 1020 638 1060 mone
666 1003 854 1068 vitam,
879 1001 1033 1070 juxta
1061 1016 1186 1057 eum
1216 1002 1309 1070 qui
1355 1002 1487 1057 dicit
1509 1003 1553 1034 “
1586 1017 1600 1054 :
1635 1018 1655 1052 ι
1684 1000 1794 1070 Ego
1821 1014 1943 1054 sum
1969 999 2049 1052 vi-

477 1105 554 1162 ta,
581 1115 599 1147 ι
632 1095 828 1150 dicturi
856 1107 1044 1149 sumus
1079 1092 1348 1146 neminem
1375 1101 1531 1146 extra
1554 1089 1755 1147 Christi
1783 1087 1942 1145 ﬁdem
1970 1089 2049 1144 vi-

477 1203 626 1253 vere,
651 1188 744 1243 sed
778 1201 970 1241 omnes
998 1192 1242 1240 mortuos
1277 1198 1423 1248 esse,
1447 1182 1540 1252 qui
1566 1181 1676 1240 Deo
1703 1196 1810 1236 non
1837 1181 2045 1246 vivant,

476 1291 530 1336 et
552 1281 696 1351 quod
737 1279 920 1333 vivere
963 1277 1202 1347 ipsorum
1231 1276 1303 1332 sit
1326 1275 1512 1330 vivere
1545 1285 1788 1346 peccato,
1814 1281 1870 1328 et
1891 1271 2049 1328 idcir-

475 1387 563 1438 co,
588 1382 646 1426 ut
676 1372 746 1425 ita
774 1371 972 1434 dicam,
1005 1369 1190 1424 vivere
1217 1370 1456 1440 ipsorum
1501 1369 1570 1423 ad
1612 1374 1843 1421 mortem
1879 1365 2047 1434 perti-

476 1475 620 1519 neat.
666 1463 875 1531 lnspice
910 1476 1040 1516 vero
1085 1476 1153 1515 an
1191 1476 1297 1516 non
1335 1462 1438 1516 hoc
1481 1460 1803 1529 frequenter
1845 1471 2046 1527 propo-

476 1566 610 1611 nant
633 1556 827 1610 divina:
856 1554 1180 1623 Scripturze,
1212 1553 1413 1608 alicubi
1449 1552 1746 1608 Servatore
1783 1547 2000 1604 dicente
2027 1560 2042 1597 :

479 1669 498 1701 ι
539 1651 731 1704 Annon
779 1647 984 1716 legistis
1020 1646 1163 1716 quod
1209 1644 1413 1700 dictum
1458 1652 1541 1698 est
1595 1642 1649 1696 in
1700 1641 1835 1698 rubo
1877 1658 1891 1693 :
1935 1638 2046 1708 Ego

479 1740 622 1796 Dens
650 1739 953 1802 Abraham,
979 1748 1035 1792 et
1066 1737 1206 1793 Deus
1234 1737 1405 1803 lsaac,
1435 1746 1488 1792 et
1523 1736 1664 1791 Deus
1696 1731 1905 1790 Jacobi
1931 1733 2045 1786 Non

473 1843 558 1888 est
580 1832 722 1887 Deus
753 1840 1112 1896 mortuorum,
1143 1831 1240 1884 sed
1283 1827 1583 1882 viventium
1607 1826 1670 1889 ",
1699 1845 1719 1878 ι
1747 1837 1802 1880 et
1834 1847 1844 1880 :
1879 1845 1896 1876 ι
1922 1823 2038 1878 Νοη

2150 539 2272 594 σθαι
2300 539 2386 605 ἂν,
2413 541 2494 593 ὅτι
2525 539 2684 611 μόνος
2715 542 2744 592 6
2779 539 2930 608 ἅγιος
2962 538 3196 606 λογικός.
3224 538 3392 592 Πάλιν
3436 538 3533 592 ὲὰν
3565 539 3749 592 συνῶ-

2150 649 2248 704 μεν
2286 633 2386 703 τὴν
2416 631 2714 702 γενομένην
2738 635 2797 686 ἐν
2831 631 2909 702 τῷ
2941 633 3098 702 Λόγῳ
3127 631 3293 702 ζωὴν,
3336 632 3428 685 τὸν
3476 633 3717 686 εἰπόντα
3743 652 3756 663 ·

2155 743 2174 775 ι
2220 723 2359 794 Ἐγώ
2398 726 2514 795 είμι
2547 725 2580 794 ἡ
2616 722 2750 795 ζωὴ,
2793 742 2811 774 ι
2855 721 3087 795 ἐροῦμεν
3121 723 3322 793 μηδένα
3352 723 3458 776 τῶν
3498 723 3611 791 ἔξω
3643 723 3758 793 τῆς

2148 817 2382 882 πίστεως
2414 815 2649 888 Χριστοῦ
2681 817 2801 886 ζῇν,
2831 815 3038 880 πάντας
3069 811 3209 870 εἶναι
3241 819 3467 888 νεκροὺς
3495 818 3629 881 τοὺς
3671 817 3756 888 μὴ

2149 907 2357 972 ζῶντας
2385 907 2524 979 Θεῷ,
2549 908 2608 960 τό
2637 925 2696 960 τε
2741 907 2840 979 ζῇν
2877 907 3054 961 αὐτῶν
3092 907 3191 980 ζῇν
3239 904 3376 963 εἶναι
3417 911 3516 980 τῆς
3555 911 3755 982 ἁμαρ-

2143 999 2267 1063 τίας
2298 999 2431 1072 (55),
2463 999 2557 1054 καὶ
2595 999 2683 1052 διὰ
2713 999 2892 1064 τοῦτο,
2934 999 2999 1052 ἵν’
3031 998 3204 1064 οὕτως
3249 1001 3404 1064 εἴπω,
3434 1002 3530 1072 ζῇν
3565 1001 3754 1055 θανά-

2147 1107 2238 1145 του
2271 1091 2576 1160 τυγχάνειν.
2613 1091 2936 1162 Ἐπίστησον
2966 1092 3023 1145 δὲ
3068 1093 3117 1145 εί
3161 1090 3236 1163 μὴ
3269 1092 3427 1146 τοῦτο
3459 1092 3754 1162 πολλαχοῦ

2147 1183 2474 1254 παριστᾶσιν
2502 1184 2558 1236 αἱ
2581 1181 2720 1236 θεῖαι
2750 1183 2788 1236 Γ
2793 1186 2962 1254 ραφαὶ
2989 1185 3050 1238 τὸ
3069 1187 3202 1238 ὅπου
3231 1184 3329 1255 μὲν
3358 1183 3448 1238 τοῦ
3477 1185 3754 1257 Σωτῆρος

2147 1273 2478 1342 φάσκοντοςο
2508 1292 2526 1325 ι
2549 1275 2619 1327 Ἦ
2641 1275 2739 1328 οὐκ
2770 1274 3042 1344 ἀνέγνωτε
3081 1275 3140 1330 τὸ
3179 1274 3341 1347 ῥηθὲν
3373 1276 3464 1328 ἐπὶ
3501 1275 3608 1346 τῆς
3638 1275 3753 1344 βά.-

2145 1379 2271 1416 τουο
2309 1363 2448 1433 Ἐγὼ
2480 1365 2612 1428 Θεὸς
2645 1366 2916 1438 Ἀϐραὰμ,
2945 1369 3039 1422 καὶ
3079 1367 3209 1431 Θεὸς
3241 1367 3452 1429 Ἰσαὰκ.
3482 1370 3578 1422 καὶ
3605 1369 3754 1432 Θεὸς

2161 1453 2388 1520 Ίακώ6;
2420 1456 2533 1509 Οὐκ
2560 1456 2675 1509 ἔστι
2703 1457 2836 1522 Θεὸς
2864 1459 3093 1531 νεκρῶν,
3125 1459 3259 1512 ἁλλὰ
3282 1456 3518 1523 ζώντων,
3547 1479 3566 1511 ι
3605 1462 3709 1514 καί
3733 1479 3746 1490 ο

2154 1565 2173 1598 ι
2214 1547 2286 1600 Οὐ
2333 1547 2749 1620 δικαιωθήσεται
2795 1551 3130 1605 κατενώπιον
3178 1568 3272 1604 σου
3313 1552 3420 1614 πᾶς
3449 1551 3578 1615 ζῶν.
3619 1572 3638 1604 ι
3677 1553 3750 1604 Τί

2147 1637 2204 1691 δὲ
2248 1638 2375 1711 περὶ
2423 1640 2588 1693 αὑτοῦ
2630 1641 2808 1710 λέγειν
2843 1643 2922 1696 δεῖ
2955 1642 3048 1696 τοῦ
3083 1642 3216 1695 Θεοῦ
3254 1635 3288 1714 ἢ
3321 1642 3414 1696 τοῦ
3448 1644 3744 1715 Σωτῆρος;

2161 1729 2582 1801 Ἀμφιὸάλλεται
2611 1733 2719 1805 γὰρ
2745 1733 3006 1804 ὁποτέρου
3030 1731 3221 1806 εἶναιὴ
3246 1733 3476 1803 λέγουσα
3517 1736 3576 1788 ὲν
3624 1739 3748 1798 τοῖς

2145 1825 2453 1895 προερήταις
2486 1828 2666 1896 φωνήο
2709 1845 2727 1878 ι
2765 1827 2850 1881 Ζῶ
2884 1825 3015 1896 ἐγὼ,
3052 1825 3198 1896 λέγει
3231 1826 3453 1900 Κύριος.
3495 1847 3514 1878 ι

472 1925 860 1997 justiﬁcabitur
891 1925 943 1978 iu
975 1931 1266 1992 conspectu
1297 1929 1392 1976 tuo
1413 1920 1595 1976 omnis
1617 1920 1808 1974 vivens
1835 1918 1900 1971 ³³.
1938 1937 1958 1971 ι
1991 1917 2256 1972 Caeterum
2281 1917 2411 1988 quid
2436 1917 2621 1974 dicere
2657 1935 2792 1990 opus
2821 1922 2994 1974 estde
3019 1921 3132 1986 ipso
3155 1920 3265 1973 Deo
3294 1919 3376 1973 vel
3409 1919 3753 1994 Servatore?

472 2019 782 2088 Ambigitur
811 2015 956 2071 enim
991 2015 1165 2070 utrius
1196 2015 1268 2068 sit
1299 2028 1398 2067 vox
1438 2012 1526 2066 illa
1556 2027 1677 2082 quin
1702 2011 1841 2080 apud
1871 2011 2160 2081 prophetas
2190 2009 2322 2064 dicit
2354 2028 2367 2062 :
2399 2028 2418 2062 ι
2452 2007 2588 2065 Vivo
2617 2027 2739 2081 ego,
2765 2012 2897 2097 dicit
2925 2011 3182 2067 Dominus
3205 2011 3270 2065 ³⁴.
3308 2030 3326 2063 ι

544 2113 654 2182 70
691 2111 778 2166 ll.
816 2112 894 2165 Ac
951 2109 1218 2179 principio
1272 2107 1492 2178 quidem
1539 2108 1824 2162 videamus
1873 2105 2042 2159 illud:

2229 2105 2315 2159 ‘ll.
2347 2105 2457 2158 Kal.
2483 2105 2696 2177 πρῶτόν
2727 2123 2789 2174 γε
2816 2107 3012 2177 ἴδωμεν
3035 2106 3117 2159 τό·
3151 2125 3170 2157 ι
3209 2107 3322 2161 Οὐκ
3349 2107 3464 2160 ἔστι
3492 2106 3630 2171 Θεὸς
3656 2124 3752 2162 νε-

477 2223 497 2257 ι
526 2203 642 2260 Non
667 2213 750 2258 est
771 2203 912 2257 Deus
940 2210 1296 2265 mortuorum,
1323 2200 1416 2255 sed
1439 2199 1736 2254 viventium
1754 2198 1820 2263 ³⁵,
1848 2215 1867 2249 ι
1899 2198 2045 2265 quod

472 2299 701 2367 perinde
749 2297 895 2351 valet
943 2305 1105 2366 atque
1157 2295 1286 2349 illud
1319 2314 1331 2348 :
1360 2293 1476 2350 Non
1547 2303 1634 2350 est
1697 2302 2041 2365 peccatorum

474 2392 639 2456 Deus,
673 2390 766 2444 sed
793 2397 1106 2444 sanctorum
1153 2387 1313 2442 Deus.
1347 2386 1598 2458 Magnum
1637 2387 1780 2442 enim
1808 2384 2045 2454 patriar-

474 2484 698 2537 charum
747 2497 969 2545 munus,
1002 2482 1167 2536 Deum
1208 2480 1325 2536 vice
1375 2481 1458 2536 sui
1517 2478 1758 2533 nominis
1822 2477 2041 2532 illorum

475 2573 938 2629 nomenclatnram
991 2572 1319 2642 applicuisse
1356 2585 1470 2626 sua:
1509 2569 1746 2640 pr0pria:
1773 2568 2036 2638 'appella~

477 2665 608 2718 tioni
644 2664 773 2728 Dei;
809 2663 1270 2731 quemadmodum
1305 2663 1470 2717 etiam
1517 2661 1716 2715 Paulus
1745 2658 1991 2729 inquit"
2025 2674 2040 2710 :

479 2773 498 2806 ι
529 2754 758 2822 Propter
797 2753 938 2823 quod
989 2768 1094 2806 non
1153 2751 1426 2806 erubescit
1470 2749 1613 2806 Deus
1664 2751 1844 2804 vocari
1902 2751 2045 2804 Dens

474 2847 731 2912 ipsorum.
759 2862 778 2895 ι
811 2843 994 2912 Itaque
1026 2843 1166 2898 Deus
1189 2849 1273 2897 est
1313 2853 1528 2910 patrum
1567 2850 1620 2896 et
1651 2841 1892 2896 omnium
1917 2857 2046 2895 san-

471 2947 716 3000 ctorum;
756 2950 858 2989 nec
902 2933 1032 2988 alibi
1078 2933 1337 3003 scriptum
1407 2935 1671 3003 reperias,
1709 2932 1876 2987 Deum
1924 2947 2045 2988 esse

473 3027 704 3098 alicujus
748 3027 1042 3098 impiorum
1076 3024 1268 3081 Deum.
1305 3024 1362 3080 Si
1394 3040 1526 3096 ergo
1556 3024 1698 3080 Deus
1727 3035 2040 3080 sanctorum

471 3132 573 3186 est,
609 3129 667 3177 et
699 3121 838 3176 Deus
865 3118 1164 3174 viventium
1197 3133 1319 3172 esse
1345 3117 1565 3184 dicitur,
1594 3118 1778 3171 sancti
1799 3127 1930 3170 sunt
1961 3117 2042 3170 vi-

472 3225 661 3270 ventes
692 3224 749 3269 et
794 3212 1039 3268 viventes
1082 3211 1280 3277 sancti,
1306 3211 1504 3282 quippe
1525 3225 1649 3265 cum
1679 3219 1903 3266 sanctus
1933 3225 2042 3265 non

470 3309 544 3361 sit
578 3315 734 3362 extra
785 3306 1048 3370 viventes,
1100 3319 1202 3360 nec
1247 3305 1447 3374 aliquis
1489 3303 1598 3373 jam
1624 3304 1696 3358 sit
1729 3303 1916 3357 vivens
1950 3305 2043 3372 qui

471 3415 598 3454 cum
629 3398 746 3469 ipsa
773 3398 883 3452 vita
920 3413 1027 3452 non
1063 3400 1230 3453 etiam
1259 3398 1364 3454 hoc
1391 3399 1587 3454 habeat
1613 3408 1672 3452 ut
1701 3399 1772 3454 sit
1798 3411 2040 3454 sanctus.

2151 2197 2318 2268 κρῶν,
2347 2197 2483 2250 ἁλλὰ
2515 2196 2750 2264 ζώντων,
2787 2217 2805 2250 ι
2838 2198 2950 2252 ἴσον
2975 2199 3268 2272 δυνάμενον
3301 2199 3410 2270 τῷ·
3443 2201 3554 2253 Οὐκ
3587 2199 3685 2252 ἔστ
3697 2219 3750 2253 ιν

2150 2290 2509 2361 ἁμαρτωλῶν,
2563 2289 2698 2345 ἀλλὰ
2739 2291 2906 2360 ἁγίων
2951 2291 3101 2356 Θεός.
3143 2291 3369 2363 Μεγάλη
3406 2292 3512 2364 γὰρ
3557 2292 3750 2364 δωρεὰ

2150 2385 2260 2446 τοῖς
2289 2384 2676 2454 πατριάρχαις,
2703 2383 2763 2437 τὸ
2793 2382 2885 2436 τὸν
2928 2383 3061 2438 Θεὸν
3099 2383 3218 2437 ἀντὶ
3261 2384 3524 2454 ὀνόματος
3567 2401 3750 2456 προσ-

2151 2472 2283 2543 άψαι
2310 2473 2407 2544 τὴν
2429 2472 2650 2528 ἐκείνων
2677 2473 2969 2544 ὀνομασίαν
2993 2477 3058 2547 τῇ
3081 2474 3212 2538 Θεὸς
3243 2474 3348 2546 ἰδίᾳ
3371 2475 3537 2528 αὑτοῦ
3567 2493 3748 2548 προσ-

2151 2565 2348 2637 ηγορίᾳ
2367 2582 2381 2596 ο
2420 2565 2560 2619 καθὰ
2588 2567 2682 2619 καὶ
2714 2567 2741 2620 6
2762 2565 2970 2630 Παῦλός
3001 2583 3132 2638 φησι
3155 2583 3168 2596 ο
3196 2585 3214 2617 ι
3240 2567 3331 2620 Διὸ
3359 2569 3459 2621 οὐκ
3480 2570 3748 2640 ἐπαισχύο

2151 2673 2300 2710 νεται
2321 2659 2350 2710 6
2365 2657 2495 2720 Θεὸς
2520 2657 2651 2720 Θεὸς
2678 2656 2958 2710 καλεῖσθαι
2987 2657 3185 2711 αὐτῶν.
3202 2677 3219 2709 ι
3238 2658 3445 2712 Οὐκοῦν
3468 2659 3600 2722 Θεός
3623 2659 3748 2712 ἐστι

2150 2747 2259 2804 τῶν
2281 2749 2531 2820 πατέρων
2563 2748 2658 2802 καὶ
2695 2748 2911 2802 πάντων
2945 2747 3051 2801 τῶν
3073 2748 3239 2817 ἁγίων
3256 2766 3269 2778 °
3303 2750 3397 2802 καὶ
3420 2749 3520 2802 οὑκ
3543 2750 3612 2803 ἀν
3636 2767 3748 2802 που

2151 2841 2634 2912 ἀναγεγραμμένον
2661 2840 2964 2911 εὑρίσκοιτο
2981 2841 3071 2894 τὸν
3094 2840 3224 2893 Θεὸν
3240 2837 3376 2894 εἷναι
3397 2841 3487 2894 τὸν
3510 2841 3648 2894 Θεόν
3671 2859 3752 2894 τι-

2151 2949 2241 2995 νος
2263 2932 2372 2985 τῶν
2397 2932 2629 2985 ἀσεϐῶν.
2653 2932 2716 2985 El
2740 2929 2917 2985 τοίνυν
2937 2933 2964 2984 6
2990 2931 3121 2995 Θεὸς
3143 2933 3312 3000 ἁγίων
3339 2933 3453 2986 ἐστὶ
3483 2932 3578 2985 καὶ
3609 2932 3746 2994 Θεὸς

2154 3025 2367 3090 ζώντων
2416 3019 2552 3078 εἶναι
2596 3023 2831 3093 λέγεται,
2877 3024 2926 3076 οἱ
2971 3023 3114 3092 ἆγιοι
3149 3022 3347 3087 ζῶντές
3391 3027 3515 3088 εἰσι,
3550 3024 3645 3076 καὶ
3696 3028 3748 3076 οἱ

2153 3117 2354 3182 ζῶντες
2381 3119 2546 3186 ἆγιοι,
2573 3116 2694 3170 οὔτε
2725 3118 2880 3186 ἁγίου
2908 3117 3057 3178 ὄντος
3083 3116 3187 3180 ἔξω
3208 3116 3315 3169 τῶν
3348 3117 3586 3181 ζώντων,
3616 3115 3742 3169 οὔτε

2153 3211 2352 3275 ζῶντος
2373 3209 2798 3280 χρηματίζοντος
2833 3210 3011 3280 μόνον,
3035 3210 3125 3263 καὶ
3153 3209 3272 3279 οὐχὶ
3301 3211 3416 3279 μετ’
3446 3209 3612 3263 αὑτοῦ
3645 3209 3744 3262 τοῦ

2152 3301 2250 3375 ζῇν
2302 3303 2411 3374 (56)
2443 3303 2656 3373 ἔχοντος
2701 3302 2794 3355 καὶ
2825 3301 2887 3354 τὸ
2931 3302 3083 3370 ἅγιον
3116 3302 3276 3355 αὐτὸν
3322 3303 3627 3372 τυγχάνειν,
3666 3303 3744 3354 Τὸ

2151 3396 2530 3468 παραπλήσιον
2568 3395 2625 3449 δέ
2655 3396 2769 3448 ἐστι
2799 3395 2892 3448 καὶ
2923 3395 3015 3447 ἐπὶ
3045 3394 3163 3448 τοῦ·
3207 3413 3226 3446 ι
3267 3395 3632 3466 Εὑαρεστήσω
3659 3411 3721 3464 τι,

471 3489 614 3545 idem
659 3488 774 3545 fere
803 3488 872 3544 de
902 3503 974 3543 eo
1004 3487 1353 3543 sentiendum
1385 3499 1470 3543 est
1497 3490 1640 3559 quod
1673 3490 1750 3543 ait
1771 3489 1813 3520 ³⁷
1852 3507 1865 3542 :
1899 3507 1916 3540 |
1947 3489 2042 3544 Hi-

2168 3489 2339 3560 ἰυρίῳ
2371 3490 2428 3541 έν
2461 3487 2613 3559 χώρᾳ
2640 3485 2876 3552 ζώντων,
2920 3506 2937 3538 ι
2975 3486 3130 3540 ἰδεῖν·
3161 3486 3235 3549 ώς
3266 3489 3315 3539 εί
3349 3487 3530 3555 ἔλεγεν
3562 3489 3622 3538 ἐν
3647 3489 3740 3539 τά-

471 3582 664 3636 lariter
710 3579 942 3636 aﬂ‘ectus
980 3595 1076 3635 ero
1116 3595 1246 3651 erga
1289 3579 1573 3634 Dominum
1613 3581 1664 3634 iu
1707 3583 1924 3653 regione
1965 3583 2047 3636 vi-

472 3672 754 3738 ventium;
793 3689 812 3724 ι
849 3671 1075 3742 perinde
1122 3686 1188 3726 ac
1235 3670 1284 3726 si
1319 3671 1542 3726 dixisset
1576 3672 1631 3725 in
1673 3674 1868 3728 ordine
1919 3689 2045 3728 san-

469 3773 706 3830 ctorum,
737 3764 822 3819 vel
849 3764 902 3818 in
928 3763 1050 3819 loco
1075 3773 1416 3830 sanctorum,
1447 3778 1641 3834 nempe
1666 3766 1834 3819 animi
1861 3767 2046 3820 hilari-

470 3862 585 3909 tate
613 3855 850 3924 proprie,
883 3854 966 3909 vel
1001 3855 1055 3909 in
1095 3855 1306 3922 ordine,
1343 3855 1426 3910 vel
1479 3857 1532 3911 in
1586 3855 1704 3913 loco
1733 3867 2045 3912 sanctorum

472 3943 792 4008 cxsistente,
819 3955 872 4000 et
917 3946 1140 4015 perinde
1192 3947 1345 4016 quasi
1396 3946 1577 4001 nullus
1628 3962 1748 4002 eam
1789 3948 1946 4016 plene
1976 3949 2048 4002 sit

474 4048 847 4106 possessurus,
880 4036 969 4105 qui
1004 4036 1086 4092 vel
1117 4037 1183 4092 ad
1212 4039 1457 4093 ordinem
1483 4049 1825 4105 sanctorum,
1866 4038 1948 4093 vel
1979 4042 2044 4092 ad

469 4124 653 4181 locum
683 4137 990 4182 sanctorum
1023 4145 1128 4182 non
1177 4131 1510 4198 pervenerit,
1541 4132 1606 4184 ad
1637 4145 1798 4200 quem
1827 4132 2048 4186 accedat

469 4227 686 4286 oportet
721 4218 967 4288 quisquis
1008 4219 1108 4275 hac
1151 4220 1204 4274 in
1253 4222 1362 4274 vita
1435 4221 1741 4290 perceperit
1797 4222 2044 4274 umbram

474 4310 638 4364 veluti
680 4320 735 4364 et
775 4310 1066 4381 imaginem
1108 4304 1249 4366 vera:
1289 4311 1608 4366 hilaritatis.
1638 4310 1776 4379 Quin
1806 4311 1935 4365 illud
1954 4311 2043 4368 ³⁹ε

481 4423 498 4454 ι
527 4401 642 4456 Non
681 4401 1071 4473 justiﬁcabitur
1092 4419 1274 4458 coram
1314 4405 1425 4460 Deo
1462 4405 1641 4460 omnis
1665 4405 1875 4469 vivens,
1903 4423 1922 4455 ι
1958 4403 2048 4459 de-

473 4495 646 4550 clarat
678 4497 974 4561 neminem,
999 4481 1396 4566 quantumlibet
1433 4499 1671 4564 beatum,
1703 4498 1748 4554 si
1779 4513 1902 4553 cum
1937 4497 2044 4552 Deo

467 4603 536 4642 ac
576 4589 787 4656 justitia
839 4589 1008 4658 ipsius
1053 4588 1389 4655 conferatur,
1423 4587 1736 4658 justiﬁcari,
1790 4591 1951 4647 veluti
1997 4593 2042 4648 si

472 4679 580 4735 tale
602 4681 860 4750 quiddam
887 4681 1058 4736 altero
1081 4681 1332 4751 exemplo
1361 4683 1664 4737 diceremus
1687 4705 1699 4738 :
1719 4681 1837 4738 Non
1863 4682 2045 4753 splen-

473 4773 624 4826 debit
668 4771 890 4828 lucerna
934 4773 1043 4828 ulla
1082 4788 1269 4829 coram
1306 4774 1450 4841 sole;
1481 4774 1789 4846 splendebit
1821 4776 2041 4846 quidem

471 4865 650 4918 omnis
677 4865 916 4932 lucerna,
944 4869 1037 4920 sed
1067 4874 1176 4920 tum
1222 4881 1343 4921 cum
1379 4868 1657 4922 radiorum
1692 4868 1824 4924 solis
1860 4869 2043 4938 splen-

473 4949 606 5004 dore
635 4967 741 5004 non
765 4952 1096 5008 illustratur.
1125 4951 1527 5010 Justiiicabitur
1553 4955 1716 5011 etiam
1750 4958 1930 5012 omnis
1963 4957 2047 5012 vi-

474 5053 622 5102 vens,
656 5050 712 5094 at
744 5055 870 5097 vero
919 5058 1024 5098 non
1057 5059 1245 5099 coram
1278 5043 1390 5100 Deo
1417 5043 1832 5116 justiﬁeabitur,
1868 5063 2044 5118 quan-

471 5130 540 5186 do
571 5145 692 5184 cum
721 5131 826 5186 illis
847 5145 1197 5202 comparatur
1229 5138 1322 5206 qui
1367 5137 1582 5193 inferne
1604 5140 1872 5204 habitant,
1913 5140 2038 5209 qui.

468 5237 578 5292 que
605 5223 843 5278 tenebris
873 5225 1209 5292 detinentur,
1239 5228 1379 5297 apud
1407 5245 1544 5298 quos
1590 5229 1795 5285 lucebit
1819 5229 2037 5286 illorum

471 5312 584 5367 lux.
628 5310 696 5366 Et
743 5314 867 5369 vide
927 5330 1054 5370 nutu
1110 5318 1210 5371 hac
1263 5321 1472 5374 ratione
1519 5319 1924 5390 intelligendum
1971 5322 2043 5376 sit

2150 3579 2230 3646 ξει
2251 3580 2440 3648 ἁγίων,
2461 3579 2493 3651 ἢ
2513 3582 2569 3633 ἐν
2591 3579 2668 3650 τῷ
2687 3579 2836 3650 τόπῳ
2863 3578 2970 3632 τῶν
2996 3580 3165 3647 ἁγίων
3185 3580 3280 3650 τῆς
3312 3579 3513 3649 κυρίως
3541 3579 3739 3649 εὐαρε-

2149 3671 2418 3742 στήσεως,
2450 3671 2568 3742 ἦτοι
2601 3673 2658 3724 ὲν
2688 3673 2752 3742 τῇ
2783 3670 2933 3735 τάξει
2962 3672 3070 3723 τῶν
3105 3671 3298 3738 ἁγίων.
3327 3670 3360 3742 ἢ
3399 3672 3456 3722 ἐν
3479 3669 3556 3740 τῷ
3581 3671 3739 3741 τόπῳ

2147 3760 2254 3814 τῶν
2290 3763 2459 3830 ἁγίων
2496 3762 2900 3833 τυγχανούσης·
2933 3762 3146 3816 οὐδέπω
3174 3763 3360 3833 ἄκρως
3382 3757 3737 3833 εὐαρεστοῦν-

2146 3870 2236 3918 τος
2261 3853 2354 3906 τοῦ
2389 3854 2460 3924 μὴ
2491 3857 2571 3917 είς
2601 3853 2701 3924 τὴν
2731 3852 2882 3919 τάξιν
2924 3853 3032 3906 τῶν
3063 3853 3232 3920 ἁγίων
3273 3853 3668 3923 κεχωρηκότος,
3700 3854 3734 3923 ἦ

2145 3946 2239 4000 τοῦ
2276 3946 2350 4018 μὴ
2376 3947 2454 4010 εἰς
2479 3947 2568 3999 τὸν
2603 3947 2764 3999 τόπον
2793 3946 2899 3999 τῶν
2932 3945 3100 4014 ἁγίων
3125 3945 3488 4016 γεγενημένου
3507 3961 3522 3975 ⁸
3557 3947 3638 4008 είς
3673 3946 3736 3997 ὃν

2147 4039 2392 4110 χωρῆσαι
2419 4038 2600 4109 δεήσει
2644 4039 2818 4092 πάντα
2855 4037 2944 4090 τὸν
2995 4038 3158 4090 οἱονεὶ
3206 4038 3364 4090 σκιὰν
3413 4038 3506 4090 καὶ
3547 4037 3737 4091 εἰκόνα

2147 4129 2246 4200 τῆς
2295 4129 2703 4200 εὐαρεστήσεως
2751 4129 2848 4198 τῆς
2892 4127 3149 4199 ἀληθινῆς
3201 4129 3259 4181 ἐν
3309 4127 3386 4198 τῷ
3420 4128 3520 4198 βίῳ
3555 4129 3736 4200 τούτῳ

2148 4217 2633 4292 προσανειληφότα.
2684 4219 2793 4271 Καὶ
2843 4219 2932 4270 τό·
2970 4239 2986 4269 ι
3033 4220 3108 4271 Οὐ
3162 4219 3617 4291 δικαιωθήσεσοαι
3669 4222 3733 4274 δὲ

2148 4309 2268 4364 κατ’
2314 4310 2541 4364 ἐνώπιον
2597 4309 2689 4363 τοῦ
2739 4309 2873 4363 Θεοῦ
2925 4311 3103 4363 πάντα
3151 4310 3348 4375 ζῶντα,
3391 4331 3410 4363 ι
3444 4311 3610 4382 δηλοῖ,
3646 4313 3732 4365 δτι

2147 4402 2222 4466 ὡς
2245 4403 2355 4472 (57)
2383 4403 2517 4474 πρὸς
2542 4402 2672 4454 Θεὸν
2701 4403 2795 4454 καὶ
2821 4402 2917 4473 τὴν
2945 4403 3001 4455 ὲν
3023 4402 3172 4474 αὐτῷ
3190 4402 3534 4474 δικαιοσύνην
3553 4403 3733 4466 οὐδεὶς

2146 4473 2559 4572 δικαιωθήσεται
2593 4497 2699 4549 τῶν
2723 4498 2862 4550 πάνυ
2900 4498 3205 4570 μακαρίων,
3236 4497 3312 4559 ώς
3333 4499 3380 4549 εί
3416 4497 3512 4550 καὶ
3546 4497 3731 4565 ἐλέγο-

2149 4604 2250 4657 μεν
2281 4588 2373 4640 ἐπὶ
2405 4588 2590 4658 ἑτέρου
2625 4587 3067 4658 παραδείγματος
3109 4587 3380 4642 τοιοῦτον·
3414 4589 3491 4641 Οὐ
3540 4594 3734 4658 φωτιεί

2147 4682 2254 4743 πᾶς
2273 4679 2461 4752 λύχνος
2494 4681 2720 4735 ἐνώπιον
2763 4683 2914 4754 ἡλίου
2935 4701 2946 4713 ·
3001 4685 3194 4752 φωτιεῖ
3228 4683 3326 4752 μὲν
3349 4681 3458 4752 γὰρ
3485 4684 3589 4745 πᾶς
3631 4683 3728 4736 λύ-

2149 4791 2293 4844 χνος,
2321 4775 2433 4828 ἁλλ¹
2463 4777 2590 4828 ὅταν
2623 4775 2698 4846 μὴ
2725 4774 3134 4847 καταυγάζηται
3161 4776 3268 4828 ὑπὸ
3295 4776 3467 4846 ήλίου.
3499 4779 3730 4830 Δικαιω-

2145 4867 2369 4939 ϐήσεται
2393 4868 2450 4921 δὲ
2483 4869 2576 4921 καὶ
2609 4871 2714 4931 πᾶς
2756 4869 2884 4934 ζῶν,
2907 4869 3021 4923 ἀλλ’
3047 4868 3147 4922 οὐκ
3175 4867 3403 4923 ἐνώπιον
3436 4870 3528 4924 τοῦ
3553 4871 3682 4923 Θεοῦ
3707 4888 3720 4900 ·

2142 4961 2230 5012 ὅτε
2256 4963 2368 5024 τοῖς
2397 4961 2554 5014 κάτω-
2583 4961 2950 5031 συγκρίνεται,
2985 4961 3079 5014 καὶ
3113 4960 3220 5012 ὑπὸ
3255 4961 3349 5014 τοῦ
3385 4960 3606 5024 σκότους
3633 4977 3726 5014 κε-

2145 5051 2525 5122 κρατημένοις,
2577 5052 2707 5121 παρ’
2732 5047 2813 5115 οἷς
2855 5051 3056 5120 λάμψει
3106 5051 3285 5104 αὐτῶν
3326 5051 3388 5104 τὸ
3439 5051 3573 5121 φῶς.
3614 5054 3724 5106 Καὶ

2141 5140 2244 5210 ὅρα
2272 5143 2320 5192 εἰ
2351 5142 2489 5194 κατὰ
2517 5141 2675 5194 τοῦτο
2706 5143 2798 5194 καὶ
2839 5143 2900 5195 τὸ
2947 5143 3004 5194 ἐν
3031 5140 3108 5211 τῷ
3133 5141 3448 5211 Εὐαγγελίῳ
3476 5142 3684 5212 νοητέον
3703 5159 3720 5174 ο

2150 5250 2168 5282 i
2198 5231 2478 5302 Λαμψάτω
2497 5233 2557 5286 τὸ
2586 5233 2702 5302 φῶς
2723 5234 2875 5304 ὑμῶν
2899 5234 3206 5306 ἔμπροσθεν
3229 5235 3337 5285 τῶν
3362 5233 3676 5305 ἁνθρώπωψ
3693 5254 3714 5283 ι

2148 5323 2208 5376 οὺ
2231 5324 2338 5394 γάρ
2355 5341 2370 5353 θ
2401 5324 2679 5395 Λαμψάτω
2698 5325 2756 5378 τὸ
2785 5326 2900 5396 φῶς
2927 5328 3078 5398 ὑμῶν
3099 5324 3406 5397 ἔμπροσθεν
3429 5325 3522 5377 τοῦ
3552 5325 3680 5378 Θεοῦ
3703 5341 3718 5356 ο

542 5449 776 5542 “dum”:
800 5467 877 5542 ξι.
1069 5453 1112 5484 ³³
1141 5452 1432 5542 alumnam,
1455 5452 1546 5542 2.6,
1575 5453 1666 5508 2'7.
1734 5456 1788 5542 :'
1823 5456 1964 5511 Psal.
1997 5470 2043 5542 ci

2200 5457 2256 5538 2τ
2346 5457 2389 5489 ³⁸
2420 5457 2578 5511 Num.
2607 5475 2716 5523 xiv.
2739 5460 2828 5514 9.8.
2905 5460 2948 5491 ³³
2978 5459 3142 5514 Marc.
3183 5473 3276 5522 xii,
3307 5458 3399 5514 27.
3482 5457 3527 5489 ³⁸
3553 5455 3714 5515 Hebr.

470 5535 547 5590 χι,
572 5521 656 5578 l6.
733 5522 776 5560 "
807 5523 949 5578 Psal.
986 5538 1132 5588 cxtv,
1159 5525 1212 5578 9.
1289 5525 1334 5557 ³⁸
1370 5523 1511 5580 Psal.
1539 5540 1699 5588 cxur,
1733 5527 1788 5581 2.

540 5636 651 5707 (55)
688 5637 1133 5716 Tﬁgdgapzlac.
1155 5637 1350 5716 _Codex
1385 5637 1723 5708 Bodleianus,
1751 5645 1816 5714 τῇ
1860 5645 2043 5716 ἁμαρ-

473 5705 580 5773 τίᾳ,
618 5705 669 5759 ct
704 5711 772 5760 ita
801 5705 925 5776 legit
955 5709 1254 5762 Ferrarius.
1506 5738 1511 5743 -

543 5778 650 5844 tau)
682 5781 815 5831 Μετ’
843 5780 1027 5834 αὐτοῦ
1059 5778 1162 5834 τοῦ
1199 5778 1322 5849 ξεῖν.
1371 5783 1460 5838 Sic
1488 5786 1653 5840 codex
1686 5785 2040 5852 Bndleianus;

2154 5637 2352 5706 Regius
2379 5649 2431 5709 et
2465 5635 2808 5709 Barberinus.
2843 5639 2979 5709 μετὰ
3017 5637 3109 5691 τοῦ
3136 5636 3254 5707 ζῇν.

2225 5705 2335 5777 (57)
2379 5708 2491 5772 Ὣς.
2555 5705 2644 5761 Sic
2674 5705 3224 5773 codex‘liodlciatlus‘;
3281 5706 3481 5776 Regius
3509 5720 3561 5762 et
3585 5707 3713 5766 Bar-

2156 5782 2238 5835 bei
2255 5782 2394 5843 imis,
2423 5777 2574 5839 ώσεί,
2602 5789 2703 5832 etc.
