3792 6146
46 296 144 350 HS
1199 297 1555 356 COMMENT.
1592 297 1658 355 IN
1698 299 1891 356 JOAN.
1935 298 2173 356 TOMUS
2213 301 2272 354 ll.
3236 309 3337 364 HG

39 414 199 468 τοῦτο
230 411 350 486 γάρ
383 413 434 467 εί
467 412 802 479 ἐνετέλλετο,
841 412 1101 468 ἀδύνατον
1130 413 1198 468 ἂν
1224 414 1398 468 ’ἐδίδου
1424 412 1657 485 ἐντολὴν¹

1835 415 1936 470 iam
1969 414 2105 470 illud
2150 417 2292 485 quod
2323 424 2408 471 est
2452 416 2506 470 in
2539 415 2831 489 Evangelio
2855 417 2898 454 ⁸⁸
2927 436 2941 476 :
2973 437 2991 472 ι
3022 417 3222 473 Luceat
3251 421 3342 475 lux

39 508 169 560 ὡσεὶ
206 507 312 560 καὶ
356 508 470 564 τοῖς
500 506 717 578 λύχνοις
755 505 1022 577 ἐμψύχοις
1057 501 1207 561 οὖσιν
1241 506 1462 576 ἐντολὴν
1487 507 1656 561 ἐδίδου

1835 515 1948 563 stra
1980 522 2166 564 coram
2199 507 2547 573 hominibus;
2574 528 2592 560 ι
2627 525 2734 566 non
2765 512 2910 568 enim
2941 512 3114 568 dixit:
3140 512 3346 569 Luceat

36 601 95 652 τὸ
124 599 365 671 λάμψαι
392 597 456 652 τὺ
509 599 630 668 φῶς
673 597 855 658 αὐτῶν
887 597 1196 669 ἔμπροσθεν
1227 598 1319 652 τοῦ
1351 598 1524 670 ἡλίου.
1546 599 1657 670 Οὐχ

37 693 82 742 οἱ
113 691 398 761 τυχόντες
423 685 519 744 οὖν
551 689 701 761 μόνοι
733 689 840 743 τῶν
872 687 1089 754 ζώντων
1119 689 1181 744 οὐ
1205 689 1657 761 δικαιωθήσονται

37 782 405 837 κατενώπιον
454 781 549 835 τοῦ
596 780 754 847 Θεοῦ,
802 780 939 835 ἀλλὰ
967 782 1059 834 καὶ
1095 782 1144 836 οί
1182 781 1257 846 ὡς
1291 785 1347 837 ἐν
1379 781 1512 846 ζῶσι
1551 781 1659 835 τῶν

36 874 363 928 ἐλαττόνων
394 875 775 946 διαφέροντες·
820 873 854 944 ἢ
891 874 1028 946 ὅπερ
1063 873 1284 944 μᾶλλον,
1315 875 1488 946 ἀμαή
1520 873 1657 928 πάν-

35 985 147 1022 των
205 967 332 1021 τῶν
381 967 600 1033 ζώντων
642 965 986 1038 δικαιοσύνης,
1004 967 1066 1019 οὐ
1111 965 1532 1038 δικαιωθήσεται
1584 965 1661 1030 ὡς

39 1061 190 1130 πρὸς
215 1061 333 1131 τὴν
358 1059 453 1113 τοῦ
476 1058 612 1113 Θεοῦ
637 1059 1004 1130 δικαιοσύνην,
1034 1060 1110 1124 ὡς
1143 1060 1192 1112 εί
1222 1058 1316 1112 καὶ
1345 1059 1460 1130 ἅμα
1483 1059 1661 1113 πάντα

37 1153 106 1205 τὰ
141 1153 252 1207 ἐπὶ
274 1153 388 1223 γῆς
414 1152 703 1226 νυκτερινὰ
745 1152 1069 1222 συναγαγίον
1121 1151 1278 1223 φῶτα
1321 1152 1555 1222 ἔφασκον
1584 1151 1659 1222 μὴ

35 1243 326 1297 δύνασθαι
365 1242 538 1298 ταῦτα
589 1243 844 1312 φωτίζειν
893 1243 969 1306 ὡς
1019 1242 1157 1314 πρὸς
1205 1242 1305 1306 τὰς
1343 1241 1530 1296 τούτου
1567 1243 1660 1294 τοῦ

38 1334 206 1404 ἡλίου
240 1335 442 1404 αὐγάς.
490 1334 626 1388 Κατ’
655 1333 991 1388 ἐπανάϐασιν
1019 1333 1077 1386 δὲ
1117 1335 1184 1386 ἐκ
1217 1332 1329 1385 τῶν
1358 1333 1661 1404 εἰρημένων

39 1426 286 1496 νοητέον
314 1427 411 1480 καὶ
437 1426 498 1478 τό
518 1442 531 1456 ο
570 1444 590 1476 ι
626 1425 712 1478 Ζῶ
740 1425 872 1494 ἐγὼ,
903 1425 1054 1494 λέγει
1075 1425 1298 1497 Κύριος.
1339 1444 1356 1476 ι
1390 1425 1540 1494 Τάχα
1567 1425 1661 1476 τοῦ

40 1519 273 1589 κυρίως
306 1518 426 1590 ζῇν,
457 1517 693 1589 μάλιστα
716 1519 782 1571 ἐκ
813 1517 919 1571 τῶν
945 1520 1064 1590 είρη
1075 1519 1251 1589 μένων
1275 1517 1517 1590 περὶτοῦ
1541 1517 1657 1588 ζῇν,

1835 1529 1882 1566 ιη
1915 1528 2036 1585 ego,
2073 1513 2191 1569 ﬁeri
2239 1529 2345 1569 non
2379 1529 2560 1584 posse,
2597 1515 2676 1570 uti
2719 1515 3067 1586 splendorem
3097 1516 3346 1584 aﬂ‘eraut,

43 1612 212 1682 παρά
239 1611 393 1682 μόνῳ
419 1613 780 1682 τυγχάνοντος
801 1611 878 1682 τῷ
899 1611 1038 1682 Θεῷ.
1067 1611 1178 1665 Καὶ
1197 1613 1299 1684 ὅρα
1325 1613 1374 1664 εί
1397 1611 1487 1665 διὰ
1506 1610 1657 1664 τοῦτο

1835 1608 1874 1676 ι
1911 1608 2259 1677 splendorum
2293 1609 2452 1678 hujus
2485 1608 2616 1663 solis
2653 1609 3089 1678 comparatione.
3124 1610 3229 1666 Per
3256 1627 3347 1667 re-

42 1703 289 1756 δύναται
311 1706 341 1756 6
368 1702 690 1766 Ἀπόστολος
720 1702 832 1773 (58)
854 1701 952 1774 τὴν
972 1704 1051 1766 εἰς
1068 1701 1374 1774 ὑπερϐολὴν
1390 1702 1657 1773 ὑπεροχὴν

1835 1700 2090 1754 titionem
2135 1714 2268 1755 vero
2313 1715 2502 1756 eorum
2550 1716 2673 1770 qua:
2696 1701 2961 1767 diximus,
2993 1704 3346 1760 consideran-

45 1798 262 1864 νοήσας
300 1795 402 1865 τῆς
439 1795 586 1866 ζωῆς
619 1794 714 1849 τοῦ
753 1794 912 1860 Θεοῦ,
962 1795 1058 1849 καὶ
1083 1795 1250 1858 ἀξίως
1293 1793 1430 1849 Θεοῦ
1473 1795 1657 1858 συνιεὶς

1835 1806 1898 1845 Im
1926 1792 2087 1846 etiam
2107 1791 2239 1847 illud
2269 1802 2390 1848 est:
2420 1810 2440 1843 ι
2476 1792 2610 1849 Vivo
2637 1807 2762 1861 ego,
2787 1793 2922 1849 dicit
2953 1793 3219 1851 Dominus
3241 1795 3343 1861 “,n

43 1889 107 1940 τό
129 1904 145 1918 ·
188 1907 210 1939 ί
244 1888 338 1940 Ζῶ
358 1887 491 1955 ἐγὼ,
523 1889 672 1956 λέγει
706 1887 930 1958 Κύριος,
967 1905 986 1938 ι
1030 1885 1311 1956 εἰρηκέναι
1345 1885 1474 1957 περὶ
1503 1883 1657 1948 Θεοῦ,

1835 1899 1895 1939 im
1936 1885 2216 1954 proprium
2251 1884 2457 1950 vivere,
2490 1884 2761 1954 praecipue
2788 1900 2857 1940 ex
2888 1887 2972 1942 bis
3003 1903 3123 1958 quae
3153 1890 3221 1945 de
3262 1891 3347 1946 vi-

52 2000 72 2032 e
105 1983 138 2034 6
157 1981 330 2050 μόνος
353 1980 494 2050 ἔχων
513 1980 836 2041 ἀθανασίαν,
861 1999 880 2031 ι
902 1979 1112 2042 οὐδενὸς
1123 1977 1234 2031 τῶν
1256 1977 1408 2050 παρά
1421 1978 1511 2031 τὸν
1531 1976 1657 2031 Θεὸν

1835 1979 1947 2032 udo
1987 1977 2368 2041 disseruimus,
2401 1991 2569 2046 penes
2598 1978 2773 2033 solum
2797 1979 2871 2033 sit
2900 1979 3090 2037 Deum.
3123 1980 3190 2035 Et
3222 1982 3346 2039 vide

46 2071 282 2134 ζώντων
310 2070 530 2142 ἔχοντος
548 2073 650 2143 τὴν
679 2071 948 2144 ἄτρεπτον
976 2071 1152 2141 πάντη
1181 2072 1276 2124 καὶ
1308 2069 1657 2130 ἀναλλοίωτον

1835 2084 1899 2123 im
1930 2068 2002 2124 ob
2034 2068 2140 2124 hoc
2172 2068 2344 2139 possit
2367 2069 2662 2138 Apostolus
2693 2073 2748 2126 iu
2798 2072 3129 2144 hyperbolen
3175 2089 3348 2144 usque

48 2163 228 2234 ζωήν.
264 2165 377 2217 Καὶ
409 2165 460 2217 τί
497 2163 824 2236 διστάζομεν
855 2165 985 2235 περὶ
1021 2163 1132 2217 τῶν
1159 2162 1384 2230 λοιπῶν,
1415 2163 1503 2216 ὅτε
1543 2163 1657 2217 οὐδὲ

1835 2161 2116 2217 ιοείόοινοιο
2145 2160 2242 2217 Dei
2274 2161 2400 2217 vitae
2438 2163 2789 2230 excellentia,
2820 2175 2897 2232 et,
2927 2175 2987 2221 ut
3014 2165 3236 2235 dignum
3263 2177 3348 2222 est

45 2259 76 2308 6
105 2255 351 2327 Χριστὸς
385 2256 511 2327 ἔσχε
541 2257 638 2328 τὴν
675 2256 766 2309 τοῦ
801 2256 1012 2328 Πατρὸς
1046 2253 1374 2320 ἀθανασίαν,
1407 2253 1657 2323 ἐγεύσατι

1835 2267 1908 2318 ao,
1945 2251 2249 2322 intelligens
2280 2252 2410 2308 illud
2439 2270 2453 2308 :
2483 2272 2502 2306 ι
2529 2253 2664 2311 Vivo
2699 2271 2819 2327 ego,
2853 2257 2987 2312 dicit
3015 2258 3297 2324 Dominus,
3324 2277 3344 2312 ι

50 2344 168 2418 γὰρ
197 2348 344 2418 ὑπὲρ
369 2348 570 2411 παντὸς
592 2347 846 2402 Θανάτου.

1835 2342 1975 2398 :Deo
2009 2342 2220 2402 dixisse
2237 2343 2282 2376 ’“
2314 2359 2331 2398 :
2368 2345 2506 2413 «Qui
2552 2348 2699 2405 solus
2751 2350 2917 2404 habet
2963 2349 3346 2407 immortalita-

1764 601 1858 655 lux
1883 609 2066 655 vestra
2114 615 2301 656 coram
2343 602 2475 668 Deo,
2503 602 2705 674 alioqui
2753 615 3085 676 praeceptum
3120 609 3345 665 daturus

1763 687 2124 758 impossibile,
2167 689 2213 745 si
2260 689 2363 746 hoc
2399 692 2770 761 praecepisset,
2799 695 3023 764 perinde
3072 711 3139 750 ac
3172 697 3217 752 si
3258 698 3345 752 Iu-

1765 781 1948 837 cernis
1991 781 2248 836 animatis
2292 784 2667 852 prtecepisset,
2701 785 2780 839 uti
2823 785 2914 840 lux
2973 787 3217 856 ipsorum
3251 803 3346 844 co-

1767 887 1883 927 ram
1907 873 2023 929 sole
2051 873 2281 928 luceret.
2311 872 2674 941 Quamobrem
2716 891 2822 931 non
2855 878 3015 933 modo
3042 878 3232 949 vulgus
3261 879 3346 933 vi-

1766 966 2005 1020 ventium
2071 980 2178 1019 non
2226 965 2615 1033 justiﬁcabitur
2673 982 2858 1023 coram
2905 969 3037 1035 Deo,
3098 972 3192 1026 sed
3245 985 3345 1026 nec

1765 1055 1928 1110 etiam
1965 1054 2022 1109 hi
2055 1054 2150 1125 qui
2193 1070 2290 1111 ceu
2337 1055 2479 1110 inter
2528 1058 2770 1114 viventes
2817 1057 3166 1116 inferioribus
3209 1076 3348 1132 pra-

1766 1155 1951 1213 stant;
1997 1146 2250 1216 quodque
2299 1147 2470 1218 magis
2516 1147 2680 1202 etiam
2724 1159 2830 1214 est,
2864 1150 3106 1205 omnium
3153 1151 3344 1207 viven-

1768 1237 1902 1292 tium
1940 1237 1994 1292 in
2045 1253 2217 1293 unum
2247 1237 2480 1294 collecta
2507 1238 2740 1306 iustitia,
2777 1243 3188 1310 comparatione
3219 1243 3344 1310 Dei,

1769 1343 1876 1383 non
1911 1328 2326 1397 justiﬁeabitur,
2354 1329 2578 1399 perinde
2608 1344 2673 1383 ac
2699 1328 2744 1386 si
2777 1329 3074 1389 luminibus
3099 1349 3221 1404 quae
3248 1349 3343 1390 su-

1769 1435 1867 1491 per
1906 1429 2108 1476 terram
2138 1428 2265 1476 sunt
2305 1421 2590 1476 nocturnis
2624 1419 2678 1473 in
2722 1436 2890 1478 unum
2920 1423 3168 1480 collectis
3201 1425 3346 1480 dice-

53 2453 196 2506 tem,
234 2462 255 2494 ι
297 2444 447 2497 nullo
485 2454 681 2512 prater
713 2445 884 2498 Deum
923 2444 1243 2507 viventium,
1278 2441 1675 2497 immutabilem
1705 2439 2215 2510 inalterabilemque
2240 2440 2582 2498 divinitatem
2613 2443 2866 2502 habente.
2905 2445 2972 2500 Et
3003 2446 3132 2515 quid
3169 2447 3347 2502 ambi-

53 2536 247 2602 gimus
283 2536 352 2590 de
385 2537 614 2600 czeteris,
655 2537 871 2604 quando
901 2552 968 2590 ue
990 2535 1244 2591 Christus
1271 2533 1487 2604 quidem
1516 2533 1696 2590 Patris
1727 2532 1977 2588 habuerit
2007 2531 2520 2589 immortalitatem?
2557 2550 2682 2591 nam
2712 2551 2811 2607 pro
2845 2551 3171 2609 quocunque
3197 2554 3347 2596 mor-

57 2638 172 2680 tem
208 2628 447 2696 gustavit
470 2629 536 2680 δ’.

133 2719 292 2790 Ἅμα
312 2719 372 2772 δέ
407 2719 752 2785 ἐξετάζοντες
775 2719 844 2774 τὰ
870 2718 1113 2792 περὶτοῦ
1135 2718 1234 2792 ζῇν
1258 2720 1353 2774 τοῦ
1373 2717 1534 2784 Θεοῦ,
1559 2721 1656 2774 καὶ

1842 2715 1930 2770 l2.
1971 2714 2108 2770 Cum
2139 2729 2272 2770 vero
2316 2715 2653 2786 inquiramus
2680 2717 2748 2774 de
2780 2717 2867 2774 his
2907 2732 3030 2789 quae
3063 2720 3129 2774 ad
3177 2720 3346 2776 Deum

57 2812 231 2882 ζωῆς,
271 2812 396 2881 ⁴ἥτις
409 2811 559 2864 ἐστὶν
578 2814 607 2866 6
632 2812 887 2883 Χριστὸς,
922 2813 1016 2866 καὶ
1039 2810 1258 2876 ζώντων
1285 2814 1343 2866 ἐν
1371 2810 1527 2884 χώρᾳ
1553 2811 1657 2884 ἰδίᾳ

1835 2815 2039 2862 ventem
2083 2806 2382 2876 pertinent,
2428 2815 2484 2862 et
2530 2810 2597 2864 de
2635 2807 2747 2863 vita
2792 2824 2915 2879 qua:
2953 2820 3039 2866 est
3069 2809 3344 2877 Christus,

57 2905 463 2976 τυγχανόντων,
499 2906 595 2958 καὶ
631 2903 850 2968 ζώντων
873 2906 934 2957 ού
978 2905 1375 2976 δικαιουμένων
1425 2904 1657 2959 ἐνώπιον

1835 2915 1943 2969 que
1975 2897 2285 2955 viventibus
2307 2899 2401 2969 qui
2433 2909 2562 2955 sunt
2591 2901 2646 2956 in
2673 2915 2772 2957 sua
2807 2903 3054 2972 regione,
3081 2915 3246 2973 atque
3277 2905 3346 2961 de

61 2994 156 3047 τοῦ
183 2993 346 3058 Θεοῦ,
386 2994 698 3058 ἀκολούθως
729 2994 940 3059 τούτοις
968 2995 1396 3066 παρατιθέμενοι
1424 2994 1503 3049 τό·
1538 3012 1558 3046 ι
1604 2993 1661 3048 Ὀ

68 3090 229 3156 μόνος
267 3086 409 3158 ἔχων
444 3087 767 3151 ἀθανασίαν,
813 3107 830 3140 ι
871 3087 940 3141 τά
964 3087 1336 3158 ὑπονοούμενα
1372 3103 1664 3158 συμπαρα-

65 3179 354 3250 ληψόμεθα
389 3181 521 3250 περὶ
547 3179 642 3234 τοῦ
669 3182 776 3233 πᾶν
822 3180 1107 3235 ὸτιποτοῦν
1131 3179 1350 3247 λογικὸν
1375 3179 1450 3251 μὴ
1478 3179 1665 3232 ούσιω-

68 3272 174 3335 δῶς
207 3270 376 3341 ἔχειν,
424 3271 502 3335 ὡς
535 3269 838 3342 ἀχώριστον
868 3270 1238 3342 συμϐεϐηκὸς,
1264 3271 1363 3342 τὴν
1397 3270 1662 3342 μακαριό-

69 3381 230 3433 τητα.
271 3363 401 3416 Ἐὰν
420 3363 530 3434 γὰρ
560 3361 864 3433 ἀχώριστον
891 3362 990 3433 ἔχῃ
1025 3362 1124 3433 τὴν
1163 3361 1542 3434 μακαριότητα
1571 3362 1665 3415 καὶ

71 3459 168 3526 τὴν
197 3453 619 3527 προηγουμένην
638 3452 802 3522 ζωὴν,
823 3453 940 3516 πῶς
963 3453 1044 3507 ἐτι
1065 3453 1217 3508 ἐσται
1241 3453 1440 3528 ἀληθὲς
1453 3455 1514 3507 τὸ
1537 3455 1666 3525 περὶ

71 3547 164 3601 τοῦ
196 3547 336 3601 Θεοῦ
357 3547 694 3618 λεγόμενονί
707 3546 766 3600 Ὀ
791 3546 948 3618 μόνος
972 3546 1084 3618 (59)
1106 3547 1244 3618 ἔχων
1271 3546 1603 3612 ἀθανασίαν;
1639 3565 1658 3598 ι

72 3638 190 3710 Χρὴ
211 3638 462 3708 μέντοιγε
487 3637 704 3700 εἰδέναι,
727 3637 808 3692 ὅτι
837 3638 961 3691 τινὰ
992 3640 1021 3691 6
1057 3637 1247 3710 Σωτὴρ
1283 3638 1382 3709 οὐχ
1404 3636 1554 3708 αὐτῷ
1590 3632 1664 3691 εἷ-

73 3752 157 3786 ναι
179 3732 314 3804 (60),
345 3731 462 3786 ἀλλ’
489 3731 720 3802 ἑτέροις,
747 3730 870 3785 τινὰ
896 3731 954 3784 δέ
989 3730 1139 3802 αὑτῷ
1169 3731 1264 3785 καὶ
1301 3730 1529 3802 ἐτέροιςο
1567 3731 1664 3801 ζη-

76 3826 260 3896 τητέον
289 3826 348 3880 δέ
376 3825 434 3878 εἴ
451 3840 574 3878 τινα
607 3822 784 3895 ἐαυτῷ
822 3822 914 3876 καὶ
947 3823 1142 3877 οὐδενί.
1179 3821 1375 3892 Σαφῶς
1410 3821 1510 3893 μὲν
1557 3819 1666 3893 γὰρ

75 3921 277 3993 ἑτέροις
305 3919 427 3972 ἐστὶ
465 3917 694 3989 ποιμὴν,
721 3917 821 3988 οὐχ
859 3917 936 3981 ὡς
959 3919 1008 3972 oi
1034 3915 1185 3989 παρὰ
1208 3914 1516 3988 ἀνθρώποις
1543 3931 1658 3968 ποια

82 4013 235 4083 μένες
262 4013 451 4084 ὄνησιν
478 4013 544 4066 ἐκ
568 4010 664 4064 τοῦ
687 4009 996 4082 ποιμαίνειν
1027 4011 1108 4075 είς
1136 4009 1330 4065 ἐαυτὸν
1349 4007 1664 4080 λαμϐάνων,

78 4107 123 4158 εξ
151 4106 223 4176 μὴ
247 4106 355 4175 ἄρα
391 4104 492 4177 τὴν
528 4105 639 4158 τῶν
667 4104 1108 4176 ποιμαινομένων
1145 4103 1417 4174 ὠφέλειαν
1453 4102 1541 4155 διὰ
1580 4119 1668 4172 φι-

78 4197 203 4250 λανθ
212 4197 422 4268 ρωπίαν
454 4196 589 4252 ἰδίαν
611 4192 751 4251 εἶναι
781 4196 1072 4266 λογίσαιτο·
1095 4195 1230 4250 ἀλλὰ
1252 4197 1347 4250 καὶ
1377 4194 1495 4258 ὁδός
1518 4195 1666 4247 ἐστιν

1764 2989 2073 3046 viventibus
2100 2989 2267 3045 etiam
2300 2989 2390 3044 his
2415 2991 2506 3060 qui
2543 3005 2730 3046 coram
2766 2993 2878 3048 Deo
2899 3010 3006 3048 non
3031 2994 3348 3062 justifican-

1766 3092 1873 3147 tur,
1907 3088 2306 3150 consequenter
2339 3080 2426 3135 his
2469 3091 2804 3151 apponentes
2837 3101 2851 3137 :
2885 3102 2903 3134 ι
2929 3083 3031 3151 Qui
3064 3085 3214 3141 solus
3250 3085 3350 3141 ha-

1765 3174 1855 3229 bet
1906 3172 2372 3229 immortalitatem
2396 3172 2465 3239 ",
2496 3191 2515 3226 ι
2559 3175 2764 3243 pariter
2795 3177 2959 3233 etiam
3008 3192 3346 3234 assumemus

1763 3281 1886 3335 quae
1927 3267 2432 3338 subintelliguntur,
2467 3283 2660 3338 nempe
2691 3269 2834 3338 quod
2879 3285 3043 3326 omne
3082 3271 3345 3341 quidquid

1765 3359 1966 3416 dixeris
2016 3361 2250 3416 rationis
2298 3376 2498 3430 capax,
2529 3375 2634 3414 nou
2666 3361 2868 3417 habeat
2907 3361 3346 3418 substantialiter

1765 3447 1884 3519 (ceu
1935 3450 2301 3520 inseparabile
2348 3449 2624 3522 accidens)
2666 3451 3086 3507 beatitudinem.
3134 3453 3268 3508 Nam
3295 3453 3345 3510 si

1767 3541 2186 3609 inseparabilem
2238 3542 2437 3598 habeat
2480 3543 2872 3599 beatitudinem
2919 3553 2978 3600 et
3015 3545 3344 3614 praecipuam

1766 3631 1952 3696 vitam,
2003 3634 2275 3700 quomodo
2320 3647 2512 3688 verum
2548 3633 2660 3688 erit
2693 3633 2826 3690 illud
2856 3636 2998 3704 quod
3026 3637 3092 3691 de
3123 3635 3233 3691 Deo
3260 3635 3344 3692 di-

1764 3723 1909 3778 citur
1941 3740 1956 3777 :
1992 3740 2011 3775 ι
2034 3723 2137 3792 Qui
2178 3724 2326 3780 solus
2357 3726 2523 3782 habet
2569 3727 3120 3783 immortalitatem?»
3155 3728 3346 3784 Scien-

1765 3814 1895 3869 dum
1927 3823 2010 3870 est
2035 3825 2282 3872 attamen
2314 3817 2668 3873 Servatorem
2693 3831 2798 3873 non
2832 3833 2954 3873 esse
2979 3817 3084 3873 sibi
3113 3817 3214 3889 ipsi
3246 3817 3348 3872 ali-

1764 3923 1892 3979 qua,
1930 3910 2024 3967 sed
2053 3911 2208 3977 aliis;
2242 3911 2421 3981 aliqua
2461 3925 2592 3966 vero
2632 3919 2686 3966 et
2709 3911 2814 3981 ipsi
2842 3921 2897 3964 et
2940 3910 3082 3965 aliis.
3121 3912 3346 3980 Insuper

1765 3999 2115 4070 quaerendum
2161 4010 2247 4057 est
2291 4017 2363 4056 an
2399 4001 2583 4072 aliqua
2626 4002 2742 4072 ipse
2781 4001 2982 4057 habeat
3007 4016 3127 4072 quae
3167 4001 3346 4058 nullus

1766 4091 1924 4147 alius.
1953 4090 2202 4163 Namque
2244 4092 2422 4162 palam
2462 4093 2583 4148 aliis
2609 4103 2694 4148 est
2742 4103 2928 4164 pastor
2956 4110 2972 4148 :
3005 4110 3110 4148 nou
3139 4094 3280 4149 sicut
3308 4094 3345 4148 ii

1767 4186 1859 4256 qui
1901 4187 2041 4256 apud
2084 4185 2335 4241 homines
2378 4197 2624 4258 pastores
2674 4198 2822 4254 sunt,
2857 4188 3148 4243 utilitatem
3192 4190 3258 4243 ad
3287 4203 3347 4244 se

80 4295 282 4364 ἑτέροις
331 4292 555 4364 ὁμοίως,
604 4293 701 4347 καὶ
746 4291 907 4364 θύρα,
964 4291 1412 4363 ὁμολογουμένως
1464 4291 1535 4345 δὲ.
1571 4291 1657 4345 καῖ

1835 4279 1992 4335 aheus
2041 4292 2107 4334 eo
2152 4281 2296 4348 quod
2343 4290 2554 4350 pascat,
2595 4281 2698 4335 nisi
2744 4280 2883 4338 torte
2909 4296 3098 4336 eorum
3125 4283 3217 4351 qui
3249 4296 3348 4350 pa-

82 4387 289 4458 ῥάϐδος
314 4383 496 4455 ἐαυτῷ
522 4384 581 4438 δέ
613 4385 710 4438 καὶ
739 4386 945 4457 ἐτέροις
978 4384 1161 4454 σοφία,
1191 4384 1332 4454 τάχα
1362 4384 1419 4438 δὲ
1451 4385 1543 4438 καὶ
1568 4383 1658 4438 λόὲ

79 4495 190 4546 γος.
235 4475 503 4548 Ζητητέον
534 4476 592 4530 δέ
623 4477 673 4529 εί
706 4479 1047 4549 συστήματος
1097 4475 1467 4551 θεωρημάτων
1507 4477 1659 4541 ὄντος

80 4568 136 4618 ἐν
189 4565 356 4636 αὐτῷ,
403 4564 540 4618 καθὸ
573 4565 734 4634 σοφία
789 4566 955 4630 ἐστὶν,
1011 4565 1124 4619 ἐστι
1174 4565 1296 4620 τινὰ
1327 4565 1659 4638 θεωρήματα

82 4658 337 4731 ἀχώρητα
367 4657 623 4730 τῇλοιπῇ
664 4658 795 4730 παρ’
825 4658 986 4712 αὐτὸν
1027 4661 1259 4730 γεννητῇ
1295 4659 1472 4729 φύσει,
1503 4659 1659 4714 ἆτινα

80 4748 214 4804 οἶδεν
245 4749 446 4820 ἐαυτῷ.
483 4751 593 4802 Καὶ
621 4749 722 4802 οὐκ
760 4749 1118 4813 ἀνεξέταστον
1143 4749 1300 4818 λόγον
1335 4749 1521 4802 ἐατέον
1567 4749 1658 4804 διὰ

81 4845 177 4914 τὴν
191 4840 427 4914 περὶτοῦ
457 4840 612 4910 ἀγίου
639 4839 956 4910 Πνεύματος
976 4839 1280 4894 εὐλάϐειαν
1314 4840 1397 4894 ὅτι
1423 4840 1521 4911 μὲν
1547 4839 1657 4912 γὰρ

84 4937 173 4990 καὶ
186 4934 312 4989 αὐτὸ
338 4931 486 5003 αὐτῷ
522 4931 908 5002 μαθητεύεται,
942 4931 1130 5001 σαφῶς
1159 4932 1270 5004 (6-1)
1300 4933 1364 4986 ἐκ
1381 4930 1474 4984 τοῦ
1501 4931 1656 5002 λεγο-

88 5026 242 5097 μένου
281 5025 408 5096 περὶ
454 5023 808 5096 παρακλήτου
856 5023 952 5078 καὶ
985 5023 1140 5093 ἁγίου
1186 5025 1524 5096 Πνεύματος,
1577 5027 1659 5080 ὅτι

91 5140 108 5168 ρ
149 5119 240 5172 Ἐκ
262 5116 358 5170 τοῦ
386 5115 520 5187 ἐμοῦ
550 5115 798 5187 λήψεται,
833 5116 927 5169 καὶ
951 5117 1242 5187 ἀναγγελεῖ
1270 5118 1418 5188 ὑμῖν.
1452 5136 1470 5170 ι
1501 5119 1564 5172 Et
1603 5118 1660 5171 δὲ

92 5209 516 5281 μαθητευόμενον
553 5207 665 5279 (62)
711 5207 887 5262 πάντα
919 5211 1105 5279 χωρεῖ,
1147 5207 1184 5263 ἃ
1215 5209 1533 5274 ἐνατενίζων
1581 5209 1659 5280 τῷ

157 5365 200 5397 ³⁸
223 5363 406 5419 Matth.
432 5380 486 5431 v,
518 5365 641 5421 16..
682 5363 730 5397 ⁸⁸
755 5365 915 5422 Num.
957 5383 1068 5433 xlv,
1093 5367 1183 5422 28.
1259 5368 1302 5399 “
1334 5368 1348 5422 1
1375 5367 1516 5422 Tim.
1543 5386 1617 5434 vt,
1651 5368 1738 5425 16.

157 5492 660 5574 (58).Ἀπόστο.ξος
697 5499 943 5574 deestiu
985 5500 1526 5566 editiouelluctiaua,
1557 5502 1651 5556 sed

96 5568 382 5618 restituitur
412 5581 443 5619 e
469 5568 662 5620 codice
697 5569 1010 5626 Bodleiano.

161 5634 273 5702 (59)
306 5635 847 5712 Qtitle;_DOtll_eianus
876 5651 931 5696 et
978 5640 1308 5696 Barherinus
1341 5653 1486 5698 recte
1513 5643 1542 5695 6
1570 5641 1659 5712 μό-

97 5721 204 5769 νος.
246 5705 378 5761 male
419 5709 584 5763 editio
636 5706 902 5768 lluctiaua
946 5713 1000 5769 iu
1046 5721 1197 5768 textu
1248 5715 1410 5770 habet
1447 5714 1508 5768 οὐ
1555 5705 1655 5783 μό-

1767 4380 1993 4428 scantur
2045 4371 2361 4437 utilitatem,
2411 4372 2768 4442 benignitatis
2818 4388 3006 4437 causa,
3062 4373 3343 4442 propriam

1767 4478 1888 4519 esse
1946 4473 2183 4535 reputet.
2231 4463 2373 4531 Quin
2415 4463 2579 4521 etiam
2640 4465 2728 4518 via
2762 4473 2868 4529 est,
2917 4465 3039 4521 aliis
3089 4464 3348 4522 similiter

1765 4557 1934 4612 etiam
1985 4558 2214 4622 ostium,
2237 4556 2354 4626 jam
2384 4557 2551 4612 etiam
2599 4556 2650 4610 iu
2692 4555 2944 4612 confesso
2974 4567 3058 4612 est
3085 4559 3229 4627 quod
3274 4558 3348 4614 sit

1766 4651 1932 4705 etiam
1979 4651 2174 4721 virga;
2218 4650 2323 4706 sibi
2359 4664 2489 4704 vero
2532 4649 2629 4720 ipsi
2660 4660 2714 4705 et
2744 4650 2866 4704 aliis
2899 4650 3202 4719 sapientia;
3231 4649 3346 4706 for-

1768 4744 1930 4799 tussis
1960 4745 2122 4806 etiam
2166 4744 2325 4813 λόγος
2370 4742 2446 4816 [id
2495 4753 2579 4798 est
2629 4741 2812 4813 ratio].
2853 4742 3214 4811 Quaerendum
3261 4750 3346 4798 est

1767 4837 1988 4906 insuper
2014 4854 2142 4892 num
2177 4853 2248 4893 ex
2275 4853 2338 4892 ea
2367 4837 2716 4892 multitudine
2762 4837 3196 4905 speculationiqu
3224 4851 3346 4905 qua:

1764 4939 1891 4986 sunt
1918 4929 1970 4984 in
2004 4931 2142 4999 ipso,
2175 4930 2228 4984 in
2274 4937 2539 4999 quantum
2575 4929 2839 4998 sapientia
2872 4937 2978 4996 est,
3005 4930 3116 4984 sint
3146 4928 3345 4998 aliqua:

1766 5021 2168 5092 speculationes
2200 5021 2342 5092 apud
2375 5021 2575 5092 ipsum,
2609 5036 2743 5090 quas
2777 5020 2986 5090 reliqua
3023 5030 3216 5074 natura
3243 5035 3343 5089 ge-

1767 5125 1956 5170 nerata
2012 5115 2293 5185 percipere
2367 5128 2608 5185 nequeat
2680 5129 3017 5184 quarumque
3078 5112 3182 5168 sibi
3241 5113 3342 5180 ipsi

1767 5210 2057 5266 scientiam
2099 5218 2363 5266 reservet.
2404 5209 2515 5265 Nec
2571 5209 2941 5264 iuexaminata
2988 5207 3342 5279 relinquenda

1820 5368 1864 5400 δ’
1891 5367 2054 5425 Hebr.
2083 5384 2144 5431 tt,
2173 5369 2228 5424 9.
2296 5368 2381 5422 “l
2409 5367 2546 5423 Tim.
2575 5385 2648 5437 vt,
2683 5367 2770 5422 16.

1854 5503 1944 5569 ϐυ)
1970 5505 2158 5558 Εἶναι.
2194 5506 2503 5575 Lugendum
2532 5507 2744 5561 videtur
2767 5504 2906 5561 ἐστί.

1854 5576 1944 5646 61)
1978 5576 2205 5645 Σαφῶς.
2248 5576 2386 5642 Lege
2419 5575 2607 5644 σαφές.

1835 5643 1945 5717 (62)
1974 5650 2042 5700 El
2067 5643 2136 5700 δὲ
2176 5643 2679 5717 μαθητευάιλενον,
2719 5657 2824 5703 etc.
2883 5645 3018 5712 Quia
3051 5643 3342 5717 scientiam

1764 5713 2072 5784 ett-temque
2119 5713 2298 5771 omnia
2327 5713 2512 5770 habet
2559 5716 2795 5784 Spiritus
2840 5726 3064 5771 sanctus
3113 5731 3140 5766 a
3176 5713 3339 5780 Filio,

1765 5797 2023 5857 tauquam
2059 5806 2085 5843 a
2116 5787 2476 5857 processionis
2501 5788 2786 5857 principio,
2817 5799 3088 5857 utcunque
3129 5795 3344 5844 ratione
