3792 6146
452 331 559 390 147

1880 330 2218 388 ORIGENIS‘

3599 345 3694 401 ιιι

450 459 536 506 est
558 448 732 504 oratio
759 457 982 520 propter
1006 447 1242 520 Spiritus
1263 449 1438 505 sancti
1466 448 1824 505 reverentiam
1853 466 1868 504 :
1893 465 2018 504 nam

2175 447 2300 521 ατρὶ
2352 448 2657 520 ἀρχόμενος
2702 449 2733 504 ό
2776 446 2904 514 Υῑδς
2959 448 3236 519 γινώσκει,
3287 449 3702 525 ἔπιμελέστερσν

449 541 592 612 quod
642 541 804 596 etiam
842 540 955 612 ipse
1014 540 1082 597 ab
1129 539 1224 596 illo
1281 540 1598 605 edoceatur,
1631 539 1800 608 liquet
1850 554 1919 594 ex
1953 554 2020 595 eo

447 633 592 702 quod
621 633 690 687 de
722 631 999 702 paraclelo
1020 639 1078 686 et
1110 639 1300 686 sancto
1334 629 1538 699 Spiritu
1575 626 1840 684 dicitur“
1870 646 1884 682 :
1911 626 2020 683 «De

446 738 570 777 meo
593 722 842 791 accipiet,
878 730 932 776 et
953 720 1299 775 annuntiabit
1323 721 1516 785 vobis;
1547 738 1570 772 ›
1589 721 1683 775 sed
1708 718 2022 789 diligentius

447 813 832 883 inquirendum
861 821 944 868 est
973 827 1041 866 an
1063 827 1186 867 cum
1217 813 1446 867 docetur
1473 810 1653 865 omnia
1680 809 1878 880 capiat,
1913 809 2021 880 72

446 921 569 974 quae
609 905 799 961 deﬁxis
828 905 880 960 in
918 903 1136 959 Patrem
1179 903 1351 958 oculis
1382 917 1410 956 a
1439 901 1706 973 principio
1751 901 2023 957 exsistens

446 997 621 1052 Filius
650 997 920 1068 agnoscit.
953 995 1008 1051 Si
1033 1010 1165 1066 ergo
1199 994 1460 1050 Servator
1489 993 1667 1063 aliqua
1691 993 1910 1063 quidem
1939 1003 2023 1049 est

449 1092 592 1156 aliis,
623 1090 803 1160 aliqua
839 1103 970 1143 vero
996 1086 1222 1143 forsitan
1250 1086 1353 1142 sibi
1395 1087 1519 1156 ipsi,
1551 1100 1724 1156 eaque
1748 1085 1832 1140 vel
1865 1084 2020 1151 nulli,

447 1183 533 1239 vel
582 1183 698 1246 uni,
733 1180 820 1237 vel
869 1180 1076 1251 paucis,
1112 1179 1537 1234 examinandum
1568 1186 1653 1234 est
1685 1186 1864 1233 utrum
1895 1176 2024 1232 Ser-

448 1285 621 1338 vator,
654 1283 922 1345 quatenus
948 1281 1033 1328 est
1071 1273 1178 1327 vita
1221 1272 1306 1326 illa
1358 1285 1477 1340 quas
1515 1269 1655 1326 facta
1693 1279 1779 1325 est
1806 1271 1860 1325 in
1897 1268 2024 1324 Ser-

446 1382 631 1435 mone,
683 1367 787 1422 sibi
832 1367 936 1436 ipsi
989 1375 1046 1422 et
1096 1364 1215 1420 aliis
1267 1365 1338 1420 sit
1382 1365 1514 1430 vita,
1558 1378 1626 1418 an
1671 1362 1830 1426 aliis;
1883 1370 1939 1416 et
1978 1363 2022 1417 si

448 1460 591 1522 aliis,
621 1458 818 1530 quibus
846 1458 988 1514 aliis.
1018 1457 1378 1525 Quamobrem
1424 1457 1470 1513 si
1500 1457 1610 1512 vita
1655 1464 1711 1512 et
1733 1455 1824 1510 lux
1851 1454 2026 1510 homi-

450 1568 582 1606 num
612 1551 752 1606 idem
791 1560 941 1617 sunt,
968 1550 1145 1620 inquit
1171 1549 1317 1604 enim
1349 1566 1363 1602 :
1399 1568 1418 1601 t
1441 1547 1594 1615 Quod
1622 1548 1824 1604 factum
1852 1557 1937 1602 est
1971 1547 2022 1601 in

447 1643 569 1713 ipso
600 1642 708 1696 vita
752 1651 893 1707 erat,
934 1650 990 1698 et
1016 1641 1126 1696 vita
1163 1640 1254 1695 illa
1293 1648 1414 1697 erat
1453 1640 1542 1694 lux
1588 1639 1872 1696 hominum
1888 1640 1958 1707 ιδ,
1998 1659 2019 1692 ι

447 1748 502 1793 et
546 1737 635 1792 lux
677 1738 958 1794 hominum
1011 1736 1320 1806 aliquorum
1361 1743 1446 1792 est
1478 1735 1593 1800 lux,
1648 1743 1703 1791 et
1757 1735 1875 1790 haec
1909 1749 2016 1790 non

2123 538 2400 611 ζητητέον.
2435 541 2498 593 Εἰ
2520 541 2697 594 τοίνυν
2721 542 2750 594 6
2775 541 2964 615 Σωτὴρ
2993 541 3028 596 ἃ
3057 542 3157 613 μέν
3186 559 3306 597 τινα
3330 543 3568 614 ἑτέροις,
3590 545 3703 598 τινά

2121 632 2178 685 δὲ
2200 633 2338 704 τάχα
2360 632 2461 686 ποῦ
2486 632 2655 705 αὐτῷ,
2687 635 2832 708 καὶῆ
2861 634 3112 708 οὺδενὶ,ἣ
3142 634 3296 708 ὲνιῆ
3321 636 3552 705 ὀλίγοις,
3575 637 3704 692 καθὸ

2123 721 2234 794 ζωή
2268 725 2415 777 ἐστιν
2431 725 2466 795 ἡ
2481 724 2749 796 γενομένη
2773 727 2831 778 tv
2855 724 2934 796 τῷ
2956 726 3134 800 Λόγῳ,
3161 725 3522 797 βασανιστέον
3553 729 3703 781 πότε-

2125 831 2218 886 ρον
2251 814 2514 885 αὐτῷκαὶ
2537 816 2743 888 ἑτέροις
2769 817 2882 888 ζωή
2917 818 3087 884 ἐστιν,
3121 818 3155 889 ἢ
3192 818 3428 890 ἑτέροις,
3469 819 3566 873 καὶ
3595 819 3706 874 ἑτέ-

2127 922 2238 974 ροις
2258 907 2368 960 τισὶ
2389 906 2618 971 τούτοις.
2653 909 2718 962 Ei
2741 907 2805 980 δὴ
2831 909 3029 962 ταύτόν
3049 911 3165 963 ἐστι
3190 909 3303 983 ζωὴ
3331 910 3429 964 καὶ
3467 909 3584 980 φῶς
3603 911 3706 964 τῶν

2123 993 2446 1066 ἀνθρώπων,
2486 998 2621 1068 φησὶ
2651 998 2783 1070 γάρ·
2807 1018 2826 1050 ι
2862 1000 2973 1054 Kal.
2999 999 3029 1053 6
3069 1002 3294 1071 γέγονεν
3326 1005 3388 1057 tv
3418 1001 3575 1074 αὐτῷ
3599 1003 3708 1075 ζωὴ

2121 1080 2209 1157 ἦν,
2230 1087 2324 1140 καὶ
2345 1085 2457 1160 ζωὴ
2475 1084 2544 1160 ἦν
2571 1089 2631 1142 τὸ
2653 1089 2766 1160 φῶς
2788 1090 2896 1146 τῶν
2911 1093 3230 1163 ἀνθρώπων·
3253 1115 3275 1148 ι
3292 1095 3352 1149 τὸ
3380 1095 3446 1148 δὲ
3471 1095 3588 1165 φῶς
3604 1097 3710 1150 τῶν

2124 1176 2425 1249 ἀνθρώπων
2443 1181 2605 1234 τινῶν
2636 1182 2754 1234 ἐστι
2777 1183 2914 1252 φῶς,
2948 1186 3042 1238 καὶ
3062 1184 3222 1239 τοῦτο
3253 1187 3314 1240 οὐ
3344 1187 3575 1242 πάντων
3605 1187 3711 1242 τῶν

2123 1267 2381 1336 λογικῶν,
2396 1270 2519 1326 ὅσον
2536 1271 2627 1324 ἐπὶ
2647 1271 2709 1325 τὺ
2726 1272 2940 1328 κεῖσθαι
2963 1275 3044 1340 τὸ,
3067 1276 3418 1345 ἀνθρώπων,
3441 1277 3584 1332 ἀλλὰ
3608 1279 3711 1332 div

2123 1361 2425 1433 ἀνθρώπων
2451 1365 2565 1418 ἐστὶ
2600 1365 2734 1436 φῶς·
2767 1367 2851 1440 εἴη
2886 1367 2952 1421 ἂν
2994 1369 3090 1423 καὶ⁸
3118 1366 3230 1442 ζωὴ
3265 1370 3600 1442 ἀνθρώπων,
3641 1364 3712 1424 ὢν

2125 1454 2220 1507 καὶ
2249 1453 2364 1523 φῶς
2385 1455 2522 1508 ἐστι·
2546 1459 2642 1511 καὶ
2681 1458 2816 1512 καθὸ
2849 1458 2983 1530 ζωὴ,
3010 1460 3220 1530 λέγοιτο
3248 1461 3313 1515 ἂν
3339 1464 3371 1515 ό
3394 1463 3598 1535 Σωτὴρ
3621 1463 3712 1534 οὐχ

2124 1546 2293 1618 αὐτῷ,
2323 1548 2460 1604 ἀλλὰ
2471 1550 2677 1623 ἑτέροις
2711 1548 2850 1608 εἶναι
2873 1553 3008 1626 ζωὴ,
3033 1547 3108 1609 ὢν
3135 1556 3253 1608 ἐστι
3273 1557 3366 1610 καὶ
3408 1555 3554 1625 φῶς.
3574 1554 3711 1628 Αὕτη

2123 1640 2179 1694 δὲ
2219 1643 2252 1714 ἡ
2283 1643 2394 1717 ζωὴ
2429 1644 2505 1717 τῷ
2541 1645 2684 1717 λόγῳ
2713 1647 3016 1717 ἐπιγίνεται
3043 1647 3344 1722 άχώριστος
3377 1648 3558 1703 αὑτοῦ
3585 1652 3696 1720 μετζ

2125 1737 2187 1790 τὸ
2224 1736 2570 1805 ἐπιγενέσθαι
2615 1738 2976 1809 τυγχάνουσα·
3017 1739 3176 1809 λόγον
3207 1740 3316 1814 γὰρ
3360 1741 3711 1814 προῦπάρξαι

445 1831 688 1886 omnium
727 1830 818 1902 qui
870 1804 1237 1885 rationis—sint
1264 1842 1520 1900 capaces,
1548 1837 1840 1899 propterea
1871 1827 2018 1896 quod

2172 1831 2218 1880 ὃν
2242 1804 2572 1898 καθαίροντα
2616 1804 2920 1900 τὴν-ψυχὴν
2951 1829 3011 1883 tv
3132 1804 3536 1901 tpuiﬁ'651,'t'va

445 1922 625 1978 addita
659 1922 729 1977 sit
754 1922 944 1982 vocula
973 1921 1266 1987 hominum,
1320 1921 1416 1977 sed
1466 1921 1748 1976 hominum
1791 1927 1875 1974 est
1904 1918 2018 1986 lux,

446 2015 551 2069 vita
584 2016 689 2069 erit
719 2017 882 2071 etiam
933 2015 1236 2082 hominum,
1285 2028 1515 2084 quorum
1568 2013 1730 2068 etiam
1764 2011 1858 2066 lux
1885 2023 1970 2067 est
2003 2027 2020 2064 :

2125 1918 2316 1973 τοῦτον
2350 1919 2448 1974 καὶ
2459 1921 2557 1991 τὴν
2585 1921 2679 1974 ἀπ’
2699 1921 2866 1975 αὑτοῦ
2906 1921 3198 1994 κάθαρσιν,
3221 1923 3403 1994 πάσης
3432 1937 3714 1994 περιαιρε-

2127 2009 2314 2081 θείσης
2344 2012 2670 2084 νεκρότητος
2707 2013 2801 2068 καὶ
2837 2013 3142 2081 ἀσθενείας,
3174 2017 3210 2088 ἡ
3248 2014 3566 2088 ἀκραιφνὴς
3607 2012 3716 2086 ζωὴ

446 2112 498 2156 et
531 2101 586 2156 in
633 2113 895 2172 quantum
925 2112 1010 2157 est
1043 2103 1175 2171 vita,
1225 2103 1330 2158 dici
1375 2112 1553 2174 potest
1602 2101 1865 2158 Servator
1911 2117 2020 2158 non

2172 2102 2418 2176 γγένηται
2445 2103 2600 2177 παρὰ
2618 2105 2778 2159 παντὶ
2792 2105 2870 2178 τῷ
2891 2107 2988 2160 τοῦ
3020 2107 3216 2178 Λόγου,
3233 2108 3371 2163 καθὸ
3393 2107 3535 2171 Θεός
3549 2107 3714 2169 ἔστιν,

447 2191 544 2246 sibi
579 2194 701 2262 ipsi,
729 2194 826 2250 sed
877 2193 1002 2248 aliis
1027 2194 1159 2258 vita,
1191 2208 1422 2264 quorum
1453 2201 1536 2250 est
1561 2194 1726 2250 etiam
1749 2193 1866 2249 lux.
1894 2192 2021 2251 [huc

2172 2195 2290 2251 ὓτὸν
2321 2198 2606 2270 ποιήσαντι
2632 2197 2960 2271 χωρητικόν.

446 2301 575 2342 sane
621 2287 728 2341 vita
781 2288 832 2342 in
865 2286 1022 2358 Λόγῳ
1054 2284 1183 2359 [hoc
1225 2296 1310 2343 est
1357 2289 1411 2342 in
1455 2285 1553 2342 Dei
1585 2284 1753 2360 Filio]
1797 2286 1856 2342 ﬁt
1909 2288 2289 2360 inseparabilis
2339 2291 2410 2346 ab
2463 2293 2580 2362 ipso
2630 2292 2924 2360 exsistens,
2970 2293 3135 2349 simul
3183 2303 3346 2365 atque
3396 2292 3546 2349 facta
3602 2289 3713 2344 fue-

446 2380 553 2446 rit;
584 2379 927 2449 prteexsislat
951 2380 1098 2435 enim
1127 2379 1285 2449 λόγος
1317 2379 1394 2450 [id
1421 2388 1507 2436 est
1539 2395 1744 2449 sermo,
1783 2381 1900 2437 sive
1934 2381 2121 2457 ratio,]
2155 2383 2208 2438 in
2241 2384 2420 2440 anima
2465 2397 2711 2456 oportet,
2766 2389 2858 2459 qui
2913 2389 3089 2460 ipsam
3129 2395 3432 2458 expurget,
3482 2394 3546 2440 ut
3602 2391 3713 2454 post

444 2475 608 2539 hunc,
655 2483 710 2530 et
761 2473 830 2528 ab
869 2475 986 2545 ipso
1020 2475 1434 2545 provenienlem
1482 2475 1883 2547 purgationem,
1923 2478 2071 2534 omni
2119 2493 2342 2548 prorsus
2391 2480 2570 2536 ablata
2631 2483 3054 2539 mortificatione
3102 2490 3158 2537 et
3213 2479 3716 2547 iniirmitate,pura

445 2569 765 2640 sinceraque
792 2569 901 2624 vita
937 2569 1288 2640 ingeneretur
1313 2569 1454 2641 apud
1481 2584 1698 2626 omnem
1725 2570 1818 2641 qui
1848 2570 2039 2628 fecerit
2061 2573 2298 2644 seipsum
2325 2589 2579 2643 capacem
2610 2575 2912 2642 Sermonis,
2937 2577 2988 2630 in
3011 2584 3269 2644 quantum
3295 2571 3436 2627 Deus
3464 2582 3576 2626 est.

515 2665 604 2719 15.
645 2665 914 2720 Caeterum
966 2666 1074 2720 duo
1118 2663 1434 2734 singulatim
1483 2662 1824 2720 observanda
1868 2673 2018 2731 sunt,

445 2753 859 2826 diﬂ'erentiaquc
912 2769 1100 2811 eorum
1163 2762 1422 2810 accurate
1473 2753 2019 2825 examinandatpri-

445 2863 593 2902 mum
626 2848 848 2917 quidem
882 2867 895 2902 :
934 2847 1104 2916 Λόγος
1137 2845 1214 2919 [id
1237 2855 1321 2902 est
1360 2844 1573 2918 Sermo]
1603 2854 1686 2902 est
1720 2846 1771 2900 in
1811 2847 2020 2916 princi-

444 2941 567 3011 pio;
595 2939 791 2996 deinde
820 2939 965 3010 quod
997 2941 1109 2994 vita
1139 2941 1192 2994 in
1219 2937 1505 2995 Sermone.
1539 2938 1646 2994 Sed
1673 2937 1867 2995 Sermo
1895 2941 2018 3010 qui-

443 3036 565 3089 dem
610 3033 663 3088 in
721 3032 988 3104 principio
1052 3047 1158 3088 non
1197 3041 1282 3088 est
1336 3031 1512 3088 factus
1545 3049 1560 3085 :
1596 3045 1696 3086 uec
1719 3035 1866 3086 enim
1891 3031 2014 3097 fuit,

443 3127 661 3195 quando
689 3125 1010 3197 principium
1051 3125 1214 3180 fuerit
1264 3127 1469 3196 absque
1505 3124 1772 3180 Sermone
1823 3134 1880 3180 et
1938 3141 2026 3179 ra-

444 3221 613 3287 tione,
639 3235 802 3289 quam
831 3220 900 3275 ob
929 3235 1150 3275 causam
1199 3219 1402 3273 dicitur
1428 3235 1442 3271 :
1476 3236 1493 3270 t
1519 3218 1573 3272 In
1603 3217 1876 3289 principio
1901 3215 2027 3272 Ser-

443 3330 534 3368 mo
560 3315 763 3369 erat“.
797 3333 814 3366 ι
851 3317 920 3371 At
946 3329 1077 3369 vero
1120 3315 1229 3367 vita
1260 3314 1313 3367 in
1344 3313 1502 3385 Λόγῳ
1534 3312 1612 3386 [id
1634 3323 1717 3369 est
1738 3311 2024 3384 Sermone]

445 3424 552 3463 non
582 3417 721 3474 erat,
755 3409 848 3463 sed
897 3407 1040 3462 facta
1070 3417 1174 3472 est,
1209 3407 1650 3477 quandoquidem
1682 3408 1792 3463 vita
1825 3416 1908 3462 est
1936 3406 2026 3459 lux

445 3499 755 3563 hominum;
780 3514 902 3553 cum
926 3499 1070 3554 enim
1095 3498 1259 3552 homo
1285 3497 1517 3552 nondum
1546 3507 1711 3566 esset,
1741 3512 1916 3568 neque
1935 3497 2026 3551 lux

446 3589 729 3645 hominum
757 3599 898 3656 erat,
942 3590 1289 3645 considerata
1321 3588 1441 3645 luce
1466 3589 1915 3660 homiuumjuxta
1943 3604 2028 3644 re-

447 3682 701 3736 lationem
734 3683 800 3738 ad
821 3683 1087 3738 homines.
1119 3681 1385 3736 Caeterum
1411 3697 1569 3738 nemo
1596 3697 1695 3737 nos
1725 3692 1915 3752 urgeat
1940 3697 2027 3734 ra-

447 3784 534 3830 tus
565 3791 663 3830 uos
687 3777 801 3830 htec
831 3775 1200 3846 temporaliter
1215 3779 1522 3838 enuntiare,
1542 3775 1734 3830 ordine
1753 3775 2023 3844 exigente,

446 3868 704 3938 primum,
753 3878 809 3923 et
861 3871 1182 3934 secundum,
1214 3879 1270 3924 et
1297 3885 1417 3941 qua:
1459 3869 1744 3937 deinceps,
1809 3866 2025 3922 etiamsi

448 3968 666 4027 tempus
705 3976 810 4012 nou
841 3959 1172 4026 inveniatur,
1211 3959 1429 4030 quando
1463 3959 1734 4014 ternarius
1765 3972 2024 4011 numerus

448 4061 540 4105 aut
559 4061 784 4121 quartus
806 4053 1225 4123 haudquaquam
1247 4069 1276 4107 a
1291 4066 1543 4108 sermone
1556 4050 1820 4106 substrati
1845 4059 2022 4104 erant.

455 4144 524 4200 lit
551 4144 714 4215 igitur
749 4162 767 4196 t
797 4145 980 4200 omnia
1010 4161 1105 4215 per
1134 4149 1306 4212 ipsum
1345 4145 1484 4201 facta
1509 4152 1656 4206 sunt,
1703 4162 1722 4196 ι
1757 4157 1862 4197 non
1909 4157 2027 4196 om-

448 4237 540 4292 nia
573 4252 669 4304 per
697 4237 875 4309 ipsum
905 4248 1080 4302 erant,
1119 4257 1136 4288 ι
1165 4247 1219 4293 et
1247 4238 1363 4292 sine
1400 4239 1515 4307 ipso
1563 4237 1765 4291 factum
1813 4242 1896 4288 est
1939 4233 2022 4286 ni-

452 4329 546 4391 hil,
573 4347 592 4381 ι
629 4344 735 4383 non
782 4330 897 4384 sine
937 4329 1052 4398 ipso
1089 4338 1209 4382 erat
1247 4329 1414 4394 nihil;
1448 4330 1527 4384 sic
1585 4326 1767 4397 «quod
1821 4325 2024 4380 factum

2195 2667 2474 2740 Τηρητέον
2514 2669 2571 2722 δὲ
2611 2668 2680 2723 τὰ
2729 2669 2824 2723 δύο
2860 2668 2939 2734 ἒν,
2987 2669 3082 2722 καὶ
3111 2667 3210 2740 τὴν
3241 2664 3513 2737 διαφοράν
3542 2661 3717 2718 αὐτῶν

2122 2759 2458 2827 ἐξεταστέον·
2496 2761 2714 2834 πρῶτον
2750 2761 2847 2834 μὲν
2875 2761 2988 2833 γὰρ
3014 2762 3073 2814 tv
3105 2759 3203 2831 τῷ·
3235 2758 3410 2828 Λόγος
3447 2759 3512 2810 ὲν
3552 2755 3710 2826 ἀρχῇ·

2120 2855 2373 2928 δεύτερον
2404 2855 2462 2910 δὲ
2485 2857 2544 2908 tv
2568 2853 2664 2926 τῷ·
2697 2853 2811 2926 ζωὴ
2844 2855 2903 2908 ὲν
2923 2855 3101 2926 Λόγῳ.
3142 2851 3302 2905 Ἀλλὰ
3333 2850 3508 2920 Λόγος
3539 2850 3636 2921 μὲν
3660 2851 3714 2902 tv

2123 2949 2265 3020 ἀρχῇ
2302 2950 2402 3002 οὐκ
2435 2948 2670 3017 ἐγένετο,
2707 2947 2808 3000 οὐκ
2837 2942 2904 3018 ἦν
2929 2947 3042 3018 γὰρ
3060 2946 3197 3016 ὅτεή
3223 2942 3366 3015 ἀρχὴ
3392 2942 3594 3011 ἄλογος
3627 2936 3710 3011 ἦν,

2126 3041 2206 3094 διὸ
2229 3040 2468 3110 λέγεται·
2493 3059 2511 3091 t
2565 3041 2652 3093 Ἐν
2684 3041 2824 3112 ἀρχῇ
2857 3035 2926 3111 ἦν
2966 3041 2994 3092 6
3031 3038 3220 3106 Λόγος·
3261 3055 3280 3088 ι
3317 3035 3430 3107 ζωὴ
3459 3035 3520 3088 δὲ
3553 3037 3610 3088 tv
3641 3032 3713 3103 τῷ

2129 3133 2288 3204 Λόγῳ
2327 3133 2426 3187 οὐκ
2454 3128 2543 3204 ἦν,
2587 3133 2724 3186 ἀλλὰ
2765 3131 2879 3204 ζωὴ
2913 3131 3153 3200 ἐγένετο,
3180 3129 3324 3198 εἴγε
3352 3127 3464 3199 ζωή
3501 3129 3620 3181 ἐστι
3655 3125 3713 3177 τὸ

2131 3221 2246 3290 φῶς
2275 3221 2383 3275 τῶν
2412 3219 2736 3294 ἀνθρώπων.
2776 3223 2906 3275 Ὅτε
2922 3221 3030 3292 γὰρ
3052 3220 3264 3273 οὐδέπω
3292 3217 3585 3290 ἄνθρωτως
3626 3213 3712 3288 ἦν,

2129 3312 2247 3365 οὐδὲ
2286 3312 2403 3382 φῶς
2443 3312 2550 3367 τῶν
2583 3313 2885 3386 ἀνθρώπων
2908 3308 2998 3384 ἦν,
3032 3311 3127 3365 τοῦ
3151 3311 3328 3382 φωτὸς
3361 3310 3472 3364 τῶν
3507 3307 3713 3380 ἀνθρὼ-

2129 3421 2248 3458 πων
2273 3404 2414 3460 κατὰ
2438 3405 2536 3476 τὴν
2559 3405 2694 3478 πρὸς
2709 3404 3030 3478 ἀνθρώπους
3049 3404 3234 3475 σχέσιν
3256 3403 3574 3472 νοουμένου.
3600 3403 3713 3472 Μη-

2127 3500 2238 3563 δεὶς
2255 3500 2298 3553 δ’
2323 3501 2474 3572 ἡμᾶς
2496 3499 2742 3565 θλιὸέτω,
2773 3499 3042 3571 χρονικῶς
3067 3496 3311 3567 οἰόμενος
3335 3495 3507 3550 ταῦτα
3538 3497 3713 3562 ἀπαγ-

2127 3590 2358 3659 γέλλειν,
2391 3591 2489 3662 τῆς
2529 3589 2739 3657 τάξεως
2770 3589 2830 3643 τὸ
2873 3587 3088 3660 πρῶτον
3122 3587 3304 3642 καὶτὸ
3332 3587 3591 3657 δεύτερον
3625 3586 3716 3639 καὶ

2127 3683 2196 3739 τὰ
2227 3681 2427 3753 ἐφεξῆς
2471 3681 2827 3753 ἀπαιτούσης,
2861 3679 2965 3734 κᾶν
3018 3680 3208 3752 χρόνος
3257 3678 3332 3750 μὴ
3369 3679 3710 3750 εὑρίσκηται,

2127 3778 2216 3831 ὅτε
2239 3778 2308 3832 τὰ
2333 3775 2439 3830 ὑπὸ
2481 3775 2578 3830 τοῦ
2605 3775 2780 3844 Λόγου
2821 3772 3232 3843 ὑποϐαλλόμενα
3263 3770 3444 3843 τρίτα,
3494 3771 3597 3824 καὶ
3631 3767 3716 3822 τέ-

2128 3889 2300 3944 ταρτα
2315 3869 2566 3941 οὐδαμῶς
2581 3863 2669 3940 ἦν.
2711 3869 2808 3921 Ὃν
2838 3866 3037 3940 τρόπον
3053 3867 3233 3920 τοίνυν
3256 3885 3275 3917 ι
3313 3863 3488 3918 πάντα
3513 3863 3588 3916 δι’
3619 3862 3716 3916 αὺ-

2127 3965 2221 4018 τοῦ
2262 3963 2498 4032 ἐγένετο,
2533 3982 2552 4013 ι
2589 3961 2684 4014 καὶ
2733 3960 2855 4031 οὐχὶ
2895 3959 3074 4014 πάντα
3108 3959 3176 4012 δι’
3221 3955 3388 4012 αὐτοῦ
3436 3951 3529 4025 ἦν,
3569 3974 3589 4006 ι
3628 3953 3718 4007 καὶ

2128 4057 2298 4128 χωρὶς
2341 4055 2506 4109 αὑτοῦ
2547 4055 2764 4124 ἐγένετο
2789 4052 2910 4106 οὐδὲ
2949 4051 3029 4115 ἓν,
3063 4071 3082 4103 ι
3117 4049 3239 4122 οὐχὶ
3263 4049 3318 4102 δὲ
3341 4047 3512 4119 χωρὶς
3549 4043 3718 4101 αὐτοῦ

2127 4142 2195 4218 ἦν
2227 4145 2337 4216 (65)
2374 4146 2496 4199 οὐδὲ
2529 4146 2607 4199 ἓν·
2634 4144 2808 4208 οὕτως
2835 4163 2853 4195 t
2887 4143 2916 4196 6
2945 4143 3169 4212 γέγονεν
3190 4142 3247 4194 tv
3279 4138 3447 4210 αὐτῷ,
3483 4157 3504 4189 ι
3532 4137 3662 4208 οὐχὶ
3692 4135 3721 4188 6

2126 4233 2196 4309 ἦν
2221 4239 2278 4292 tv
2302 4237 2470 4308 αὐτῷ,
2499 4257 2518 4287 ι
2556 4235 2668 4307 ζωὴ
2709 4231 2798 4308 ἦν.
2831 4254 2849 4286 ι
2883 4233 2993 4287 Καὶ
3017 4231 3178 4286 πάλιν
3199 4230 3316 4300 οὐχὶ
3343 4228 3372 4281 ὃ
3402 4225 3630 4295 ἐγένετο
3665 4225 3719 4276 tv

2129 4331 2293 4402 ἀρχῇ,
2320 4333 2348 4384 ό
2383 4329 2554 4397 Λόγος
2579 4324 2668 4400 ἦν,
2696 4326 2831 4382 ἀλλὰ
2857 4325 2885 4380 6
2907 4321 2976 4396 ἦν
3005 4325 3063 4377 tv
3085 4324 3247 4394 ἀρχῇ,
3269 4319 3438 4388 Λόγος
3462 4313 3553 4389 ἦν.
3582 4315 3722 4370 Τινά

451 4431 536 4477 est
561 4423 613 4476 iu
651 4422 786 4492 ipso,
817 4441 833 4473 ι
871 4439 975 4475 non
1021 4424 1166 4492 quod
1199 4431 1317 4477 erat
1370 4426 1422 4476 in
1478 4422 1616 4491 ipso,
1645 4419 1797 4474 «vita
1829 4428 1966 4474 erat.
2000 4437 2018 4470 ι

2172 4423 2381 4492 έντοιγε
2414 4420 2523 4476 τῶν
2550 4419 2898 4490 ἀντιγράφων
2928 4417 3065 4488 ἔχει,
3099 4416 3193 4469 καὶ
3219 4414 3359 4483 τάχα
3386 4413 3486 4465 οὐκ
3517 4410 3720 4464 ἀπιθά-

452 4515 519 4571 Ει
554 4532 743 4572 rursus
775 4531 882 4570 uon
917 4518 1058 4585 quod
1088 4517 1292 4571 factum
1319 4524 1404 4570 est
1429 4516 1479 4569 in
1511 4513 1799 4584 principio,
1825 4512 2022 4568 Sermo

453 4617 592 4676 erat,
617 4609 711 4664 sed
743 4609 886 4679 quod
912 4619 1032 4663 erat
1062 4608 1112 4662 in
1145 4606 1435 4678 principio,
1476 4607 1669 4662 Sermo
1696 4613 1837 4659 erat.
1869 4603 2030 4670 Quae-

453 4701 575 4754 dam
613 4710 791 4757 tamen
819 4701 1176 4772 exemplaria,
1210 4709 1266 4756 et
1292 4699 1541 4755 fortassis
1565 4714 1670 4754 non
1699 4697 2032 4764 improbabi-

454 4791 596 4859 liter,
625 4793 824 4848 habent
852 4809 866 4846 :
907 4813 925 4846 ε
954 4793 1112 4860 Quod
1145 4793 1346 4849 factum
1379 4799 1484 4859 est,
1513 4790 1567 4844 iu
1597 4791 1720 4862 ipso
1753 4789 1862 4843 vita
1889 4795 2026 4842 est.)

455 4881 611 4948 Quod
637 4883 683 4938 si
718 4885 828 4938 vita
868 4885 1013 4940 idem
1055 4895 1145 4940 est
1191 4900 1314 4940 cum
1345 4884 1465 4939 luce
1510 4883 1817 4949 hominum,
1850 4880 2032 4935 nullus

455 4974 551 5043 qui
586 4975 658 5030 sit
689 4976 739 5029 in
774 4977 1018 5032 tenebris
1046 4977 1200 5043 vivit,
1233 4993 1336 5033 nec
1362 4976 1505 5031 ullus
1526 4974 1824 5032 viventium
1861 4980 1944 5028 est
1971 4972 2028 5026 iu

457 5067 720 5134 tenebris,
762 5083 884 5122 cum
912 5069 1092 5126 omnis
1135 5071 1230 5140 qui
1254 5070 1401 5134 vivit,
1441 5071 1486 5124 is
1516 5070 1680 5124 etiam
1713 5069 1783 5123 sit
1807 5068 1861 5123 in
1886 5069 2027 5134 luce,

2131 4531 2257 4579 νως·
2291 4533 2309 4566 t
2355 4515 2420 4567 Ὀ
2455 4513 2699 4582 γέγονεν,
2742 4513 2800 4564 tv
2826 4509 2975 4579 αὐτῷ
3005 4509 3115 4580 ζωή
3157 4509 3326 4560 ἐστιν.
3355 4525 3375 4556 ι
3409 4505 3470 4556 Εἰ
3502 4502 3562 4556 δὲ
3603 4502 3718 4570 ζωὴ

2132 4607 2329 4662 ταύτόν
2360 4607 2476 4659 ἐστι
2499 4605 2578 4676 τῷ
2605 4605 2714 4658 τῶν
2738 4602 3040 4675 ἀνθρώπων
3065 4600 3224 4671 φωτὶ,
3254 4597 3428 4660 οὐδεὶς
3449 4599 3509 4650 tv
3539 4596 3721 4666 σκότῳ

2131 4699 2416 4770 τυγχάνων
2442 4698 2530 4770 ζῇ,
2550 4697 2644 4750 καὶ
2673 4695 2847 4759 οὐδεὶς
2865 4693 2974 4747 τῶν
2999 4691 3217 4759 ζώντων
3246 4693 3304 4744 tv
3332 4689 3508 4759 σκότῳ
3543 4688 3716 4741 ἐστίν.

2149 4791 2309 4845 Ἀλλά
2342 4793 2450 4854 πᾶς
2483 4794 2511 4845 ό
2533 4788 2640 4854 ζῶν
2666 4788 2760 4842 καὶ
2787 4789 2846 4840 tv
2873 4786 3012 4856 φωτὶ
3043 4785 3300 4855 ὑπάρχει,
3335 4781 3428 4835 καὶ
3457 4781 3568 4842 πᾶς
3593 4781 3624 4831 6
3659 4780 3716 4832 tv

2135 4884 2274 4954 φωτὶ
2307 4883 2566 4953 ὑπάρχων
2595 4881 2682 4952 ζῇ·
2717 4879 2857 4932 ὥστε
2889 4878 3050 4950 μόνον
3087 4876 3180 4930 τὸν
3207 4875 3384 4940 ζῶντα
3406 4872 3501 4926 καὶ
3533 4871 3717 4926 πάντα

2137 4970 2278 5028 εἶναι
2312 4973 2487 5044 φωτὸς
2520 4971 2651 5024 υἱόν·
2678 4969 2856 5041 φωτὸς
2889 4969 2947 5024 δὲ
2980 4969 3114 5034 υίὸς,
3149 4959 3210 5021 οὗ
3239 4965 3443 5038 λάμπει
3484 4961 3556 5018 τὰ
3578 4963 3718 5034 ἔργα

2136 5065 2444 5138 ἔμπροσθεν
2471 5063 2580 5116 τῶν
2606 5059 2927 5134 ἀνθρώπων.

457 5171 514 5217 et
541 5161 721 5216 omnis
745 5162 835 5230 qui
867 5162 938 5216 sit
972 5163 1023 5216 in
1076 5162 1217 5232 luce,
1270 5164 1319 5218 is
1356 5165 1518 5218 etiam
1574 5165 1744 5228 vivat,
1784 5163 1892 5235 73
1929 5166 2066 5219 adeo
2092 5172 2152 5218 ut
2181 5163 2353 5228 solus,
2382 5169 2438 5216 et
2467 5160 2645 5215 omnis
2674 5157 2860 5211 vivens
2891 5155 2962 5210 sit
3001 5153 3138 5209 lucis
3167 5150 3343 5218 ﬁlius;
3373 5147 3514 5205 ﬁlius
3532 5155 3714 5203 autem

456 5256 617 5320 lucis,
649 5255 804 5324 cuius
831 5259 1046 5311 luceant
1067 5271 1233 5326 opera
1261 5270 1445 5312 coram
1476 5257 1785 5310 hominibus
1803 5255 1872 5309 ".

529 5390 752 5449 “Jean.
785 5390 1017 5458 ιν1,14.
1089 5390 1136 5422 ιι
1171 5391 1303 5446 ibid.
1343 5405 1383 5458 ι,
1413 5389 1467 5457 5,
1495 5390 1548 5446 ι.
1624 5389 1918 5448 “ibid.l.
1987 5388 2023 5420 ιτ

2172 5386 2256 5440 th.
2283 5399 2338 5450 v,
2365 5384 2451 5439 16.

459 5526 688 5596 originis
711 5526 817 5580 dici
871 5533 1050 5592 potest
1078 5525 1146 5596 ab
1175 5540 1240 5596 eo
1273 5524 1518 5596 edoctus,
1570 5521 2026 5596 quemadmodum

458 5591 652 5652 cadent
676 5599 742 5651 de
787 5591 952 5650 causa
986 5610 1083 5664 per
1114 5595 1466 5648 Athanasium
1496 5593 1748 5664 oratione
1772 5591 1806 5644 2
1830 5603 2029 5664 contra

461 5669 711 5737 Ariunos,
745 5684 797 5737 p.
821 5665 949 5737 557ἶ
980 5659 1183 5737 fminor
1217 5665 1305 5737 illo
1333 5664 1677 5737 praedicatur.
1715 5659 2029 5737 Periculose

464 5751 593 5788 \‘cro
623 5733 884 5804 Origenes
939 5735 1026 5791 hic
1060 5735 1239 5791 vocari
1291 5735 1405 5788 vult
1459 5733 1909 5804 inmutationem
1958 5747 2027 5804 an

465 5804 702 5873 Spiritus
727 5801 980 5876 sanctus,
1021 5821 1179 5878 quem
1220 5804 1403 5863 doceri
1441 5820 1472 5860 a
1522 5803 1661 5861 Filio
1688 5819 1755 5862 ex
1804 5801 2032 5858 Joannis

2137 5540 2250 5589 xvi,
2292 5522 2380 5585 Η,
2421 5519 2647 5591 colligit,
2697 5518 2888 5591 omnia
2919 5517 3258 5591 capiat‘quae
3302 5513 3474 5568 Filius
3520 5525 3716 5584 cogno-

2137 5587 2259 5658 scit,
2293 5587 2758 5661 quamvis'sancti
2800 5587 3036 5659 Spiritus
3072 5587 3381 5651 εὐλάϐειαν,
3411 5603 3430 5636 ι
3459 5599 3714 5639 reveren-

2139 5665 2287 5723 tiam,
2317 5683 2335 5716 ι
2388 5661 2724 5730 proﬁteatur.

2208 5733 2320 5806 (65)
2353 5722 2536 5792 C'odex
2572 5728 2919 5799 Bodleianus,
2947 5722 3038 5802 ἣν,
3071 5725 3296 5800 Regius,
3328 5723 3571 5796 ἐγένετο.
