3792 6146
172 257 277 320 149

1285 258 1642 315 COMMENT.
1684 257 1750 313 IN
1787 257 1980 314 JOAN.
2016 256 2254 314 TOMUS
2290 257 2355 314 ll.

3343 265 3447 318 150

253 377 335 434 η.
364 332 541 430 Πάλιν
571 373 701 428 ἐπεί
731 374 936 430 ἐστιτὰ
969 375 1445 448 παραλελειμμένα
1476 375 1585 430 τῶν
1623 377 1765 428 ἐναν-

1953 375 2038 430 η.
2075 375 2304 440 Rursus,
2354 375 2608 444 quoniam
2637 389 2700 430 ex
2729 373 2814 430 his
2843 389 2965 446 quas
2993 373 3350 432 disseruimus
3377 381 3446 434 de

177 467 310 521 τίων
331 462 574 520 νοεῖσθαι
604 467 675 518 ὲκ
711 463 824 517 τῶν
855 465 1161 536 εἰρημένων
1189 465 1316 536 περὶ
1358 463 1464 518 τῶν
1497 464 1772 533 ἐναντίων,

179 560 406 629 λέγεται
425 557 482 612 δὲ
516 557 652 629 περὶ
675 556 824 627 ζωῆς
847 556 941 610 καὶ
979 557 1159 625 φωτὸς
1189 555 1511 628 ἀνθρώπων,
1535 556 1775 611 ἐναντίον

181 653 245 706 δὲ
271 655 339 724 τῇ
369 652 479 722 ζωῇ
506 649 764 715 θάνατος,
794 650 887 703 καὶ
904 649 1143 704 ἐναντίον
1165 650 1304 718 φωτὶ
1327 649 1627 724 ἀνθρώπων
1654 650 1776 704 σκό-

185 762 280 809 τος
310 742 639 814 ἀνθρώπων,
674 742 822 796 ἐστιν
858 742 1007 805 ἰδεῖν,
1039 743 1121 795 ὅτι
1151 744 1180 795 6
1222 743 1280 795 ὲν
1315 742 1492 814 σκότῳ
1529 741 1638 796 τῶν
1678 743 1774 796 ἀν-

181 836 424 910 θρώπων
448 835 734 908 τυγχάνων
766 837 824 889 ἐν
853 834 1070 905 θανάτῳ
1099 835 1236 900 ἐστὶ,
1272 834 1366 888 καὶ
1395 836 1425 887 ό
1457 834 1525 888 τὰ
1547 835 1641 889 τοῦ
1676 835 1774 889 θα-

181 928 354 983 νάτου
383 927 641 998 πράττων
662 928 763 982 οὐκ
782 926 1045 998 ἀλλαχόσε
1069 926 1161 982 τοῦ
1193 928 1416 992 σκότους
1441 928 1606 982 ἐστίν.
1642 928 1700 981 ’0
1719 927 1776 982 δὲ

185 1020 549 1092 μνημονεύων
578 1019 674 1074 τοῦ
705 1019 862 1084 Θεοῦ,
907 1020 1002 1075 ἐάν
1025 1037 1090 1090 γε
1130 1020 1341 1091 νοῶμεν
1372 1020 1423 1074 τί
1453 1021 1514 1075 τὸ
1561 1038 1774 1092 μνημο-

181 1114 369 1170 νεύειν
398 1112 586 1178 αὑτοῦ,
617 1115 721 1168 οὐκ
750 1113 897 1168 ἐστιν
919 1117 976 1167 ὲν
1003 1113 1082 1185 τῷ
1109 1112 1344 1186 θανάτῳ,
1377 1113 1594 1168 κατὰτὸ
1623 1115 1774 1186 εἰρη-

185 1209 377 1277 μένον
428 1225 448 1258 ι
481 1207 595 1260 Οὐκ
649 1205 796 1259 ἐστιν
840 1208 898 1260 ὲν
944 1205 1022 1276 τῷ
1071 1204 1286 1276 θανάτῳ
1339 1207 1368 1260 6
1423 1205 1774 1278 μνημονεύων

187 1315 312 1352 σου.
359 1319 378 1351 ι
415 1299 539 1352 Εἴτε
571 1299 630 1353 δὲ
678 1300 868 1362 σκότος
915 1299 1220 1371 ἀνθρώπων
1259 1298 1368 1352 εἴτε
1404 1297 1658 1365 θάνατος,
1711 1298 1772 1352 οὐ

184 1393 356 1461 φύσει
373 1391 599 1446 τοιαῦτά
653 1393 821 1457 ἐστιν,
863 1391 1023 1446 ἄλλου
1070 1393 1252 1461 λόγουο
1284 1412 1301 1444 ι
1351 1393 1538 1463 Ἡμεῖς
1594 1391 1776 1463 ήμεθά

186 1499 330 1538 ποτε
377 1484 588 1549 σκότος,
632 1484 728 1538 νῦν
757 1484 815 1538 δὲ
846 1483 962 1554 φῶς
994 1485 1052 1538 ὲν
1089 1485 1300 1556 Κυρίῳ,
1339 1503 1358 1536 ι
1406 1483 1510 1538 κᾶν
1543 1484 1776 1555 μάλιστα

185 1576 341 1644 ἆγιοι
392 1577 486 1630 καὶ
536 1579 895 1648 πνευματικοὶ
941 1574 1043 1648 ήδη
1087 1575 1534 1648 χρηματίξωμεν.
1589 1575 1775 1640 Οὕτως

179 1667 340 1730 ὅστις
373 1669 493 1720 ποτ’
515 1667 582 1722 ἂν
615 1668 725 1740 (64)
816 1668 1025 1733 σκότος,
1055 1668 1244 1740 ὥσπερ
1267 1667 1325 1721 δὲ
1347 1667 1592 1730 δεκτικὸς
1614 1667 1724 1738 (65)
1747 1669 1776 1721 6

1879 467 2189 532 contrariis,
2223 466 2450 538 intelligi
2493 476 2716 535 possunt
2745 467 3020 522 contraria
3057 453 3444 537 praetermissa,

1875 556 2166 612 disseritur
2194 565 2372 610 autem
2407 557 2474 611 de
2500 558 2608 610 vita
2641 565 2698 611 et
2727 557 2846 611 luce
2879 557 3187 623 hominum,
3219 569 3441 615 contra-

1877 649 2016 703 rium
2048 658 2225 703 autem
2260 649 2385 704 vitae
2413 664 2557 704 mors
2591 658 2713 717 est,
2740 658 2796 704 et
2824 650 3156 704 contrarium
3200 652 3306 706 luci
3339 651 3440 707 ho-

1877 739 2083 794 minum
2131 742 2366 796 tenebrae
2396 741 2674 796 hominum
2706 781 2723 808 ,
2751 741 2940 796 videre
2974 750 3061 796 est
3087 743 3230 811 quod
3258 743 3350 813 qui
3387 744 3442 798 in

1878 832 2117 887 tenebris
2140 834 2371 888 exsistat
2410 834 2712 899 hominum,
2745 835 2790 888 is
2831 833 2995 888 etiam
3036 835 3110 888 sit
3143 835 3196 888 in
3242 847 3442 903 morte,

1875 934 1930 980 et
1961 941 2080 996 quae
2105 927 2300 982 mortis
2324 936 2633 998 suntagens
2667 942 2772 982 non
2810 927 2940 982 alibi
2974 928 3046 983 sit
3075 943 3235 997 quam
3270 929 3437 984 inte-

1875 1016 2080 1071 nebris.
2136 1017 2205 1070 At
2235 1017 2326 1086 qui
2363 1031 2570 1072 memor
2607 1025 2691 1071 est
2737 1017 2871 1082 Dei,
2913 1018 2958 1070 si
3005 1018 3442 1074 consideraveri-

1875 1122 1996 1162 mus
2021 1110 2149 1177 quid
2182 1110 2253 1164 sit
2280 1124 2576 1164 memorem
2617 1123 2739 1165 esse
2764 1109 2877 1174 Dei,
2911 1125 3015 1164 non
3047 1119 3130 1165 est
3164 1113 3216 1166 in
3244 1121 3441 1183 morte,

1871 1198 2026 1268 juxta
2055 1202 2184 1257 illud
2225 1202 2366 1271 quod
2417 1201 2616 1256 dicitur
2647 1201 2692 1233 ⁸⁸
2725 1220 2738 1254 :
2769 1219 2788 1252 ι
2826 1199 2966 1253 Nihil
2995 1201 3070 1256 rei
3117 1218 3238 1258 cum
3272 1217 3446 1260 morte

1876 1291 2083 1358 habet,
2115 1293 2205 1362 qui
2239 1308 2446 1348 memor
2476 1301 2562 1348 est
2608 1294 2706 1347 tui.
2748 1313 2766 1345 ι
2799 1292 2882 1348 An
2913 1310 3040 1350 vero
3072 1298 3308 1353 tenebrae
3343 1299 3442 1354 ho—

1876 1384 2081 1439 minum
2110 1394 2165 1439 et
2206 1400 2354 1441 mors
2389 1395 2587 1440 natura
2617 1385 2745 1441 talia
2792 1387 2902 1441 sint
2927 1427 2941 1450 ,
2979 1403 3151 1446 necne
3173 1430 3189 1455 ,
3221 1391 3445 1446 alterius

1875 1487 1956 1532 est
1981 1477 2433 1533 considerationis
2482 1499 2494 1532 :
2530 1497 2548 1529 σ
2585 1477 2694 1533 Nos
2727 1495 2944 1536 eramus
2967 1482 3260 1552 aliquando
3294 1490 3445 1536 tene-

1876 1571 2009 1636 brat,
2045 1586 2190 1626 nunc
2222 1582 2400 1626 autem
2428 1571 2518 1626 lux
2549 1573 2603 1626 in
2639 1571 2869 1629 Domino
2898 1577 2970 1641 δ’,
3016 1595 3036 1628 ι
3067 1575 3284 1630 etiamsi
3315 1589 3445 1631 san-

1874 1662 1945 1716 cu
1979 1661 2534 1732 spiritualesquejam
2577 1663 2760 1734 aliquo
2795 1667 3030 1722 maxime
3060 1677 3222 1736 pacto
3251 1669 3442 1722 simus.

184 1757 403 1823 Παῦλος
419 1760 608 1824 σκότος
638 1759 714 1815 ὢν
736 1761 927 1831 γέγονε
945 1761 1037 1814 τοῦ
1061 1761 1311 1830 γενέσθαι
1329 1759 1445 1828 φῶς
1478 1761 1534 1813 ὲν
1558 1759 1765 1831 Κυρίῳ.

1878 1751 2133 1822 Quisquis
2167 1752 2266 1808 fuit
2292 1753 2584 1824 aliquando
2618 1757 2870 1824 tenebrae,
2906 1758 3079 1815 factus
3107 1769 3190 1816 est
3221 1761 3445 1830 perinde

183 1849 348 1904 Κατά
374 1850 434 1904 δὲ
463 1851 590 1916 τοὺς
624 1851 902 1923 οἰομένους
949 1850 1099 1910 εἶναι·
1136 1850 1324 1920 φύσεις
1373 1849 1768 1921 πνευματικὰς,

181 1939 381 2013 ὥσπερ
407 1941 499 1996 τὸν
529 1942 741 1997 Παῦλον
775 1944 869 1999 καὶ
903 1944 1030 2008 τοὺς
1065 1944 1254 2012 ἁγίους
1290 1942 1640 2008 ἀποστόλους,
1671 1945 1774 1997 οὐκ

180 2029 305 2089 οἶδα
327 2037 378 2087 εί
414 2034 644 2101 σώζεται
683 2038 744 2091 τὸ
781 2038 874 2092 τὸν
902 2037 1271 2109 πνευματικὸν
1310 2033 1450 2090 εἶναι
1486 2054 1616 2090 ποτε
1649 2037 1772 2090 σκό-

179 2143 298 2193 τος,
346 2128 443 2182 καὶ
491 2129 716 2202 ὕστερον
761 2131 926 2184 αὐτὸν
982 2131 1265 2199 γεγονέναι
1325 2130 1462 2198 φῶςο
1508 2130 1558 2182 εί
1604 2128 1713 2202 γάρ
1744 2132 1773 2183 ό

184 2221 556 2288 πνευματικός
585 2239 717 2276 ποτε
739 2223 926 2286 σκότος
951 2217 1040 2294 ἦν,
1072 2223 1100 2274 ὁ
1125 2222 1304 2293 χοῖκὺς
1325 2222 1408 2285 τίς
1437 2221 1613 2286 tactv;
1644 2222 1707 2274 Εἰ
1726 2221 1772 2274 δ’

179 2311 405 2382 ἀληθὲς,
442 2316 525 2368 ὃτι
552 2315 614 2368 τὸ
637 2316 828 2380 σκότος
855 2315 1136 2385 γεγονέναι
1161 2314 1270 2386 (66)
1301 2313 1437 2384 φῶς,
1467 2313 1551 2378 τίς
1576 2315 1610 2385 ἡ
1640 2315 1774 2368 ἀπο-

185 2403 462 2476 κλήρωσις
480 2407 574 2460 τοῦ
604 2407 679 2480 μὴ
705 2410 815 2462 πᾶν
846 2409 1035 2472 σκότος
1061 2405 1322 2461 δύνασθαι
1342 2405 1594 2476 γενέσθαι
1620 2407 1770 2475 φῶςς

185 2497 248 2549 Εἰ
277 2497 354 2568 μὴ
393 2499 504 2571 γὰρ
529 2499 622 2552 ἐπὶ
663 2499 878 2553 Παύλου
908 2500 1143 2570 ἐλέγετο,
1166 2500 1250 2554 ὅτι
1275 2519 1294 2551 ί
1328 2499 1545 2571 Ἦμεθά
1567 2517 1696 2553 ποτε
1715 2501 1774 2554 ὲν

183 2590 388 2660 σκότῳ,
417 2589 512 2643 νῦν
531 2591 588 2644 δὲ
603 2593 853 2662 φωτεινοὶ
884 2593 945 2647 ἐν
971 2593 1178 2665 Κυρίῳ·
1213 2611 1232 2644 ι
1261 2592 1356 2646 ἐπὶ
1381 2593 1438 2646 δὲ
1466 2585 1540 2646 ὧν
1568 2593 1772 2646 οἴονται

182 2681 403 2750 φύσεων
424 2682 832 2754 ἀπολλυμένων,
854 2686 936 2738 ὄτι
968 2686 1158 2749 σκότος
1183 2679 1346 2755 ἦσαν,
1372 2685 1405 2755 ἢ
1435 2685 1624 2748 σκότος
1643 2685 1772 2746 εἰσὶ,

183 2769 289 2822 κᾶν
316 2769 504 2843 χώραν
529 2769 674 2844 εἶχεν
703 2775 738 2844 ὴ
770 2774 899 2843 περὶ
938 2773 1154 2844 φύσεων
1180 2774 1455 2838 ὑπόθεσις.
1490 2775 1628 2829 Νυνὶ
1657 2773 1714 2827 δὲ
1744 2774 1774 2826 ό

184 2861 399 2927 Παῦλός
455 2881 588 2936 φησι
631 2866 910 2934 γεγονέναι
941 2868 1071 2921 ποτὲ
1104 2866 1316 2931 σκότος,
1353 2865 1448 2922 νῦν
1480 2866 1537 2920 δὲ
1571 2867 1685 2936 φῶς
1713 2867 1773 2921 ἐν

184 2953 396 3024 Κυρίῳ,
427 2954 503 3018 ὡς
529 2955 754 3010 δυνατοῦ
787 2957 937 3020 ὄντος
962 2957 1058 3010 τοῦ
1092 2959 1316 3022 σκότους
1347 2961 1427 3021 είς
1461 2960 1576 3029 φῶς
1603 2978 1770 3032 μετα-

181 3049 386 3105 ϐαλεῖν.
413 3052 490 3104 UO
520 3053 755 3123 χαλεπὸν
774 3054 832 3107 δὲ
854 3055 922 3107 τὰ
943 3054 1070 3128 περ).
1097 3056 1296 3121 παντὸς
1321 3056 1544 3122 σκότους
1563 3058 1773 3132 ἀνθρὼ-
1798 3100 1839 3155 C

179 3161 322 3207 πων,
365 3145 616 3216 καὶπερὶ
659 3145 754 3198 τοῦ
799 3145 1028 3200 θανάτου
1056 3147 1248 3202 τούτου
1280 3151 1641 3220 τυγχάνοντος
1688 3152 1766 3224 τῷ

178 3236 363 3308 σκότῳ
407 3236 517 3289 τῶν
547 3236 848 3310 ἀνθρώπων
890 3239 1165 3310 ἐπιμελῶς
1199 3242 1326 3295 ἰδεῖν
1367 3243 1432 3294 ὲκ
1465 3242 1570 3297 τῶν
1611 3245 1766 3316 εἰρη-

181 3326 384 3395 μένων,
418 3328 481 3380 τὸ
495 3328 840 3400 ἐνδεχόμενον
870 3329 1082 3401 ὁρῶντα
1105 3331 1206 3402 τῆς
1243 3332 1336 3384 ἐπὶ
1368 3331 1428 3384 τὸ
1459 3334 1640 3404 χεῖρον
1675 3333 1768 3386 καί

179 3419 432 3486 κρεῖττον
464 3417 696 3472 ἑκάστου
734 3418 1056 3492 μεταϐολῆς.

1871 1854 2038 1914 atque
2065 1843 2287 1910 Paulus,
2337 1848 2572 1901 tenebrae
2609 1862 2734 1902 cum
2774 1860 2962 1918 esset,
2993 1865 3162 1922 capax
3191 1859 3246 1907 et
3285 1861 3448 1922 aptus

1874 1946 1934 1992 ut
1953 1937 2108 1992 ﬁeret
2137 1937 2227 1992 lux
2253 1940 2306 1992 in
2325 1939 2572 1998 Domino.
2597 1939 2748 1996 Haud
2769 1957 2896 1998 vero
2919 1945 3032 2000 scio
3060 1960 3126 1999 an
3145 1945 3302 2016 juxta
3324 1946 3442 2016 opi-

1872 2029 2088 2084 nionem
2117 2044 2307 2086 eorum
2339 2031 2429 2100 qui
2463 2040 2688 2088 naturas
2727 2044 2920 2088 rentur
2964 2035 3276 2104 spirituales
3299 2077 3316 2104 ,
3343 2051 3445 2091 ve-

1874 2119 1969 2175 luti
2005 2119 2230 2175 Paulum
2264 2136 2330 2176 ac
2356 2131 2574 2179 sanctos
2610 2124 2883 2193 apostolos
2906 2165 2922 2192 ,
2949 2128 3244 2195 consistat,
3278 2129 3442 2198 spiri-

1875 2214 2074 2270 tualem
2110 2230 2231 2271 esse
2269 2215 2558 2285 aliquando
2588 2219 2844 2274 tenebras
2866 2259 2882 2285 ,
2931 2220 3216 2291 ipsumque.
3254 2230 3440 2291 postea

1872 2307 2050 2364 lucem
2080 2306 2197 2362 ﬁeri
2229 2324 2244 2374 ;
2275 2323 2399 2362 nam
2430 2309 2474 2363 si
2505 2309 2810 2378 spiritualis
2843 2313 3076 2368 tenebrae
3121 2311 3446 2382 quandoque

1872 2401 1996 2468 fuit,
2033 2401 2312 2458 terrestris
2338 2401 2550 2472 qualis?
2577 2401 2730 2470 Quod
2758 2404 2803 2460 si
2831 2420 3015 2459 verum
3047 2415 3152 2471 est,
3188 2407 3446 2461 tenebras

1875 2494 2047 2551 factas
2075 2495 2247 2551 fuisse
2275 2494 2473 2561 lucem,
2501 2511 2746 2565 quaenam
2773 2498 2983 2566 privata
3015 2499 3213 2554 electio
3243 2480 3326 2554 est
3346 2515 3444 2556 cur

1873 2601 1981 2641 non
2011 2600 2204 2642 omnes
2235 2587 2472 2642 tenebrae
2499 2587 2592 2642 lux
2624 2587 2737 2643 ﬁeri
2771 2589 3017 2659 queant?
3061 2591 3170 2645 Nisi
3205 2590 3351 2645 enim
3377 2591 3449 2646 de

1873 2677 2042 2732 Paulo
2088 2679 2296 2734 dictum
2348 2677 2546 2735 fuisset
2573 2679 2661 2733 “:
2695 2697 2714 2731 ε
2775 2680 3000 2736 Eramus
3049 2681 3342 2750 aliquando
3387 2680 3445 2735 in

1876 2770 2138 2837 tenebris,
2165 2785 2313 2824 nunc
2355 2779 2533 2826 autem
2562 2769 2726 2825 lucidi
2755 2785 2877 2824 cum
2905 2769 3158 2838 Domino,
3187 2789 3207 2822 ι
3242 2772 3311 2827 de
3340 2770 3447 2827 illis

1873 2877 2004 2920 vero
2037 2876 2174 2932 quos
2201 2862 2542 2918 arbitrantur
2573 2872 2782 2916 naturae
2820 2861 3112 2932 deperdita:
3138 2903 3154 2928 ,
3189 2865 3449 2932 quoniam

1875 2957 2111 3010 tenebrae
2139 2964 2298 3023 erant
2323 2966 2378 3011 et
2425 2956 2663 3012 tenebrae
2705 2964 2874 3021 sunt,
2909 2957 3085 3011 locum
3129 2957 3314 3026 utique
3345 2959 3446 3012 ha-

1875 3048 2081 3103 buisset
2110 3063 2296 3103 eorum
2331 3049 2399 3104 de
2429 3048 2638 3103 naturis
2673 3048 3016 3119 hypothesis.
3065 3047 3222 3105 Nunc
3257 3059 3441 3104 autem

1873 3142 2073 3199 Paulus
2106 3143 2284 3214 inquit
2313 3158 2372 3198 se
2401 3143 2694 3212 aliquando
2744 3143 2997 3198 tenebras
3029 3145 3196 3200 fuisse
3225 3186 3240 3212 ,
3273 3161 3442 3200 nunc-

1873 3250 1978 3304 que
2005 3250 2126 3290 esse
2155 3235 2328 3290 lucem
2354 3236 2407 3290 in
2439 3237 2685 3304 Domino,
2718 3238 2870 3308 quasi
2904 3238 2954 3292 in
2993 3239 3167 3294 lucem
3204 3241 3444 3295 tenebrat

1876 3329 2111 3383 transire
2159 3328 2388 3398 possint.
2422 3328 2576 3384 Haud
2626 3341 2805 3386 autem
2849 3331 3066 3387 difﬁcile
3097 3341 3180 3387 est
3210 3347 3443 3388 cernen-

1877 3429 1982 3476 tem
2048 3420 2477 3491 uniuscujusque
2523 3422 2927 3493 contingentem
2979 3425 3332 3478 mutationem
3386 3423 3440 3476 in

179 3513 378 3568 melius
410 3514 494 3568 vel
539 3516 590 3568 in
624 3514 778 3584 pejus
808 3554 824 3580 ,
871 3516 1160 3585 diligenter
1208 3515 1517 3584 perspicere
1563 3531 1631 3570 ex
1689 3515 1773 3570 his
1816 3529 1939 3585 qua:
1985 3514 2263 3579 diximus,
2313 3529 2436 3585 quae
2481 3515 2548 3569 ad
2595 3531 2784 3572 omnes
2832 3518 3082 3572 tenebras
3122 3518 3439 3584 hominum,

177 3619 234 3660 ct.
263 3624 392 3674 quia:
436 3609 502 3664 ad
535 3609 676 3664 hanc
707 3619 935 3666 mortem
976 3611 1029 3665 in
1063 3609 1306 3666 tenebris
1345 3613 1626 3667 hominum
1662 3611 2012 3667 exsistentem
2050 3610 2343 3679 pertinent.
2425 3587 2434 3594 ’

250 3701 404 3754 Πάνυ
432 3701 490 3754 δὲ
524 3701 714 3771 βιαίως
744 3701 885 3756 κατὰ
903 3703 993 3757 τὸν
1024 3704 1187 3757 τόπον
1219 3705 1509 3775 γενόμενος
1532 3705 1561 3758 6
1600 3704 1767 3775 Ἠρα-

179 3794 374 3857 κλέων,
409 3793 492 3846 “:6-
533 3812 553 3845 ‹
599 3795 665 3847 ’Ὀ
701 3794 921 3862 γέγονεν
957 3796 1016 3848 ἐν
1048 3796 1196 3866 αὐτῷ
1228 3795 1340 3867 ζωὴ
1372 3793 1461 3868 ἦν,
1512 3815 1531 3847 ι
1562 3795 1768 3867 ὲξείλη-

179 3903 281 3955 τεν
325 3886 449 3939 ἀντὶ¹
501 3884 621 3952 τοῦ,
661 3886 732 3938 ἐν
764 3883 944 3952 αὐτῷ,
997 3889 1076 3952 εἰς
1122 3889 1247 3952 τοὺς
1287 3887 1608 3960 ἀνθρώπους
1639 3889 1764 3953 τοὺς

180 3976 610 4048 πνευματικούςο
640 3978 801 4031 οἱονεὶ
831 3978 1025 4032 ταύτὸν
1057 3980 1285 4049 νομίσας
1314 3973 1451 4034 εἶναι
1477 3979 1569 4034 τὸν
1592 3979 1764 4047 Λόγον

179 4068 275 4122 καὶ
315 4070 447 4132 τοὺς
478 4051 900 4137 πνευματικούς.
938 4070 1000 4123 Εἰ
1043 4070 1137 4123 καὶ
1173 4070 1247 4141 μὴ
1290 4069 1478 4139 σαφῶς
1508 4069 1661 4124 ταῦτ’
1696 4072 1766 4124 el-

184 4176 342 4232 ρηκε,
374 4160 472 4214 καὶ
497 4160 739 4232 ὡσπερεὶ
755 4161 1070 4230 αἰτιολογῶν
1088 4177 1272 4233 φησιν’
1293 4181 1312 4213 ‹
1343 4162 1514 4226 Αὐτὸς
1534 4161 1644 4234 γὰρ
1669 4162 1767 4234 τὴν

182 4251 410 4324 πρώτην
445 4251 727 4323 μόρφωσιν
757 4251 854 4323 τὴν
877 4254 1019 4308 κατὰ
1039 4253 1137 4325 τὴν
1164 4253 1380 4320 γένεσιν
1411 4256 1596 4321 αὐτοῖς
1626 4274 1767 4328 παρ-

1947 3703 2034 3758 15.
2083 3702 2352 3758 Caeterum
2389 3703 2542 3759 valde
2576 3713 2764 3759 coacte
2813 3703 2877 3758 ad
2927 3703 3073 3758 hunc
3125 3712 3443 3758 contextum

1873 3793 2092 3848 veniens
2119 3793 2416 3850 Heracleon
2453 3814 2466 3850 :
2510 3813 2528 3847 ι
2566 3795 2717 3863 Quod
2757 3795 2960 3851 factum
2987 3805 3072 3852 est
3101 3795 3152 3850 in
3188 3797 3305 3865 ipso
3327 3796 3441 3850 vita

1869 3893 1987 3941 erat
2013 3885 2057 3917 ⁸⁸
2089 3903 2106 3939 :
2139 3905 2160 3937 ι
2197 3887 2252 3940 in
2295 3887 2409 3954 ipso
2460 3887 2845 3957 interpretatus
2898 3898 2984 3943 est
3027 3887 3080 3942 in
3129 3886 3440 3942 hominibus

1872 3975 2250 4045 spiritualibus
2281 3995 2294 4032 :
2325 3979 2483 4046 quasi
2515 3977 2842 4033 Sermonem
2877 3990 2932 4034 et
2955 3979 3264 4048 spirituales
3294 3979 3439 4034 idem

1870 4085 1992 4126 esse
2033 4071 2334 4127 arbitratus
2371 4072 2552 4128 fuerit.
2606 4072 2720 4127 Etsi
2756 4087 2862 4126 non
2908 4083 3098 4142 aperte
3130 4074 3181 4128 id
3215 4073 3437 4138 dixerit,

1871 4173 1928 4217 at
1967 4163 2134 4219 veluti
2181 4177 2401 4218 causam
2453 4163 2704 4230 reddens,
2741 4163 2961 4233 inquit:
2991 4183 3010 4216 ι
3069 4164 3245 4234 Ipsam
3291 4165 3441 4219 enim

1873 4255 2101 4324 primam
2147 4254 2531 4309 formationem
2558 4297 2574 4322 ,
2603 4258 2783 4326 quoad
2832 4263 3012 4311 ortum
3041 4257 3274 4324 attinet,
3303 4255 3436 4326 ipsis

184 4346 342 4416 ἐσχεο
379 4343 449 4397 τά
488 4344 580 4397 ὑπ’
608 4343 768 4398 ἄλλου
800 4345 1044 4415 παρέντα
1065 4347 1144 4410 εἰς
1173 4349 1388 4421 μορφὴν
1415 4350 1508 4402 καὶ
1538 4351 1621 4413 εἰς
1654 4368 1765 4419 φω-

1878 4343 2142 4413 praebuit,
2177 4347 2246 4399 ab
2271 4343 2378 4398 alio
2407 4347 2774 4413 praetermissa
2809 4347 2861 4400 in
2894 4345 3123 4401 formam
3155 4385 3171 4411 ,
3219 4355 3274 4400 et
3306 4345 3437 4400 illu-

184 4436 377 4506 τισμὺν
397 4436 492 4489 καὶ
506 4435 875 4508 παραγραφὴν
903 4437 1036 4490 ἰδίαν
1059 4437 1284 4508 ἀγαγὼν
1308 4441 1402 4493 καὶ
1419 4440 1718 4506 ἀναδείξας.
1744 4460 1764 4494 ι

183 4527 261 4582 Οὐ
289 4528 643 4600 παρετήρησε
669 4527 726 4581 δὲ
752 4527 844 4581 καὶ
865 4527 925 4581 τὸ
951 4531 1079 4602 περὶ
1091 4530 1201 4584 τῶν
1219 4532 1600 4603 πνευματικῶν
1618 4533 1770 4605 παρά

181 4621 261 4692 τῷ
309 4621 512 4693 Παύλῳ
559 4622 889 4693 λεγομένων,
935 4623 1018 4678 ὅτι
1053 4623 1371 4696 ἀνθρώπους
1396 4625 1594 4690 αὐτοὺς
1630 4622 1770 4680 εἶναι

183 4709 562 4782 ἀπεσιώπησε·
617 4730 635 4762 ι
678 4712 924 4782 Ψυχικδς
977 4713 1263 4784 ἄνθρωπος
1315 4714 1375 4766 οὐ
1433 4713 1647 4784 δέχεται
1699 4715 1768 4770 τὰ

184 4802 279 4857 τοῦ
311 4802 622 4874 πνεύματος
647 4804 742 4857 τοῦ
769 4804 922 4858 Θεοῦο
956 4806 1138 4878 μωρία
1169 4805 1278 4877 γάρ
1297 4808 1444 4859 ἐστιν
1471 4807 1638 4879 αὐτῷ’
1662 4810 1690 4862 ό
1714 4807 1770 4862 δὲ

185 4897 556 4966 πνευματικὸς
596 4897 875 4968 ἀνακρίνει
907 4898 1103 4952 πάντα.
1144 4918 1163 4951 ι
1219 4899 1410 4969 Ἡμεῖς
1435 4898 1544 4972 γὰρ
1579 4900 1640 4953 οὐ
1675 4901 1771 4971 μά-

183 5005 285 5058 την
304 4988 468 5042 αύτόν
497 5006 680 5060 φαμεν
707 4989 799 5042 ἐπὶ
820 4988 915 5044 τοῦ
939 4991 1310 5062 πνευματικοῦ
1345 4991 1421 5063 μὴ
1449 4992 1769 5064 προστεθει-

187 5080 343 5134 κέναι
384 5081 468 5146 τὸ,
516 5080 823 5152 ἄνθρωπος·
873 5083 1119 5152 κρεῖττον
1166 5081 1276 5154 γὰρ
1320 5081 1354 5152 ἢ
1413 5081 1699 5153 ἄνθρωπος
1741 5085 1771 5136 6

188 5172 681 5245 πνευματικὸς,τώ
708 5172 998 5246 ἀνθρώπου
1023 5174 1142 5246 ἦτοι
1167 5175 1225 5226 ὲν
1250 5173 1395 5244 ψυχῇ
1419 5173 1453 5244 ἢ
1481 5174 1539 5225 ὲν
1557 5173 1766 5245 σώματι

186 5264 220 5335 ἢ
250 5267 308 5320 ὲν
333 5265 763 5338 συναμφοτέροις
802 5265 911 5339 (67)
945 5265 1514 5338 χαρακτηριζομένου,
1556 5266 1675 5337 οὐχὶ
1713 5265 1770 5320 δὲ

258 5406 304 5439 ⁸⁸
327 5405 471 5462 Psal.
492 5422 567 5472 vt,
589 5407 644 5465 6.
727 5407 771 5442 ⁶⁹
797 5407 992 5478 Ephes.
1023 5423 1074 5472 ν,
1104 5407 1158 5462 8.
1234 5407 1282 5440 ⁸⁸
1307 5407 1435 5464 ibid.
1511 5407 1556 5440 ⁸⁸
1582 5407 1740 5463 Joan.
1775 5423 1811 5474 I,
1834 5408 1893 5463 5.

219 5523 370 5610 τ(ϐό)
397 5524 601 5589 Οὕτως
623 5523 791 5590 ὅστις
813 5523 943 5577 ποτ’
971 5523 1070 5588 ἄν,
1097 5531 1206 5580 etc.
1241 5525 1530 5581 Ferrarius
1556 5525 1768 5596 legebat

192 5610 372 5735 09:63.)
409 5666 640 5735 ’Ὠσπερ
683 5663 752 5717 δὲ
779 5664 1074 5735 δεκτικός,
1108 5673 1214 5720 etc.
1257 5663 1566 5735 Legendum
1612 5665 1762 5722 vide-

199 5742 304 5793 tur.
333 5733 574 5798 δεκτικὸς
600 5733 789 5802 ὥσπερ
808 5737 836 5788 ό
864 5734 1095 5801 Παῦλος,
1129 5749 1234 5791 etc.

1869 4434 2256 4501 minationem,
2309 4443 2365 4488 et
2409 4433 2827 4489 delineationem
2869 4435 3146 4504 propriam
3190 4433 3436 4500 ducens,

1867 4535 1922 4580 et
1947 4525 2056 4599 74
2087 4529 2398 4582 ostendens.
2437 4544 2458 4578 ι
2496 4524 2612 4580 Non
2645 4527 2958 4581 observavit
2985 4535 3166 4580 autem
3204 4524 3432 4580 Paulum

1868 4621 1935 4675 de
1959 4621 2334 4690 spiritualibus
2365 4621 2696 4688 loquentem,
2733 4633 2827 4672 eos
2853 4619 3100 4672 homines
3129 4634 3272 4685 esse,
3304 4619 3438 4674 reti-

1869 4713 2047 4768 cuisse
2077 4730 2091 4766 :
2128 4729 2146 4764 ι
2191 4712 2458 4767 Animalis
2485 4714 2631 4766 enim
2660 4753 2675 4778 ,
2709 4713 2879 4780 inquit
2908 4751 2922 4774 ,
2957 4711 3120 4765 homo
3152 4728 3256 4766 non
3295 4712 3435 4767 reci-

1867 4804 1947 4875 pit
1975 4819 2094 4874 qua:
2120 4816 2247 4860 sunt
2273 4805 2511 4874 Spiritus
2546 4803 2635 4859 Dei
2682 4821 2696 4857 :
2738 4803 2968 4858 stultitia
3005 4805 3147 4857 ettitn
3181 4812 3263 4859 est
3301 4803 3379 4858 illi
3419 4821 3435 4858 :

1867 4905 1924 4952 at
1966 4897 2263 4968 spiritualis
2290 4897 2471 4951 omnia
2505 4897 2769 4968 dijudicat
2801 4897 2868 4951 ⁵³.
2903 4915 2922 4948 ι
2966 4895 3074 4952 Nos
3117 4897 3262 4952 enim
3299 4896 3434 4951 dici-

1869 5007 1989 5048 mus
2012 5007 2116 5046 non
2147 4993 2244 5047 abs
2271 5007 2328 5046 re
2356 5008 2550 5048 nomen
2581 4993 2814 5049 hominis
2839 5009 2868 5046 a
2897 4991 3062 5047 Paulo
3110 4990 3440 5063 praetermis-

1870 5097 2014 5150 sum,
2045 5097 2168 5138 cum
2192 5084 2531 5152 spiritualetn
2571 5084 2794 5147 diceret,
2823 5097 2887 5137 eo
2914 5084 3057 5153 quod
3092 5081 3434 5151 praestantius

1873 5175 2127 5244 quiddam
2166 5175 2464 5241 spiritualis
2490 5176 2561 5230 sit
2585 5215 2599 5238 ,
2647 5191 2808 5245 quam
2843 5176 3002 5230 homo
3036 5194 3050 5230 :
3086 5189 3278 5243 nempe
3330 5172 3433 5226 ho—

1826 5260 1834 5270 ’
1879 5265 2042 5328 mine,
2081 5263 2166 5318 vel
2197 5265 2250 5318 in
2282 5265 2486 5331 anima,
2521 5262 2604 5318 vel
2637 5263 2690 5317 in
2717 5279 2964 5335 corpore,
2991 5263 3074 5318 vel
3103 5261 3158 5316 in
3195 5259 3440 5328 utrisque

1996 5409 2043 5440 "
2081 5407 2102 5462 Ι
2136 5407 2260 5463 Cor.
2286 5422 2323 5461 tt
2353 5447 2368 5472 ,
2411 5406 2500 5461 14.

1938 5523 2050 5597 (66)
2074 5522 2426 5597 Γεγονέναι.
2468 5521 2610 5593 Lege
2639 5521 2849 5591 γέγονε,
2882 5519 2966 5575 vel
3011 5517 3321 5589 praecedens
3355 5516 3436 5569 ὅτι

1868 5593 2184 5651 mutandum
2217 5597 2266 5647 in
2291 5593 2428 5647 ἐστι.

1938 5663 2049 5735 (67)
2090 5665 2158 5719 Ἦ
2180 5665 2252 5735 ἐν
2273 5663 2785 5735 συναμφοτέροις,
2847 5660 2960 5735 Sic_
2986 5658 3154 5712 codex
3188 5653 3437 5710 Bodleia.

1878 5729 1980 5791 nuis
2002 5729 2220 5804 {editio
2241 5729 2528 5800 Huelianu',
2562 5733 2594 5804 ἦ
2625 5736 2721 5786 σὺν
2755 5729 3102 5802 ἀμφοτέροις.
