3792 6146
297 259 387 314 151
1736 238 1895 297 ORIG

2028 237 2060 294 5
3447 229 3569 287 i52

295 375 525 428 l‘nrmam
572 369 917 442 accipiente:
951 383 1055 424 nou
1096 368 1170 421 ita
1223 379 1356 421 vero
1400 365 1454 420 in
1502 362 1695 434 spiritu
1721 404 1736 427 ,
1788 361 1874 416 his

2028 354 2071 409 tl.
2102 355 2161 408 ἐν
2191 351 2269 425 τῷ
2290 351 2495 406 τούτων
2526 348 2781 422 θειοτέρῳ
2815 347 3105 419 πνεύματι·
3135 340 3197 402 οὗ
3230 347 3372 402 κατὰ
3394 366 3568 420 μετο-

297 468 455 537 longe
489 440 798 529 dirimere;
850 461 1151 518 secundum
1185 459 1343 528 cujus
1392 457 1866 530 participationem

2028 465 2071 520 ιν
2111 443 2516 517 ἐπικρατοῦσαν
2545 440 2871 515 χρηματίζει
2910 441 2939 494 ὁ
2981 442 3365 513 πνευματικός.
3404 445 3566 513 ’Ἅμα

299 560 684 629 praevalentem
723 567 809 612 est
841 555 1160 625 spiritualis.
1193 553 1458 609 Pneterea
1493 565 1625 606 vero
1657 565 1777 619 qua:
1800 548 1868 602 ad

2059 540 2152 594 καὶ
2174 538 2242 592 τὰ
2262 539 2361 608 τῆς
2384 535 2639 606 τοιαύτης
2671 534 3001 599 ὑποθέσεως,
3032 533 3201 606 χωρὶς
3230 532 3333 588 κᾶν
3372 551 3568 605 φαινο-

297 624 459 706 talem
492 649 803 721 Opinionem
837 624 1121 716 spectant,
1155 644 1240 699 vel
1284 642 1404 699 sine
1442 640 1720 713 apparenti
1770 645 1868 695 de-

2028 631 2138 703 ἕνης
2168 627 2516 694 ἀποδείξεως,
2552 626 2934 696 ἀποφαίνεται,
2976 624 3099 679 οὐδὲ
3127 624 3290 698 μέχρι
3324 625 3429 698 τῆς
3460 642 3565 678 τυ-

300 742 697 797 monstratinne
727 740 997 803 enuntiat,
1028 753 1098 793 ne
1129 737 1458 792 mediocrem
1489 734 1706 804 quidem
1748 747 1870 801 per-

2028 720 2172 792 ιύσης
2199 716 2556 788 πιθανότητος
2590 714 2795 787 φθάσαι
2825 717 2905 780 είς
2931 714 3024 769 τὸν
3048 716 3178 787 περὶ
3213 715 3420 771 τούτων
3444 714 3563 787 (68)

300 834 610 892 suasionem
661 833 930 902 attingere
956 829 1183 892 valens,
1231 825 1553 883 disserendo
1602 824 1671 879 de
1723 823 1872 880 hisce

2028 811 2217 884 >quel;
2244 810 2422 878 λόγον.
2459 809 2570 863 Καὶ
2589 807 2762 862 ταῦτα
2798 808 2898 879 μὲν
2921 809 3050 881 περὶ
3073 807 3302 864 ἐκείνου.

302 926 486 981 rebus.
523 925 630 980 Sed
668 924 733 978 de
757 922 849 980 illo
868 922 1153 979 hactenus.

375 1020 465 1075 I6.
495 1020 610 1090 Age
643 1033 777 1074 vero
823 1018 1165 1086 inquiramus
1190 1015 1353 1069 etiam
1387 1027 1486 1069 nos
1505 1012 1632 1074 hoc,
1663 1006 1875 1063 scilicet

305 1126 435 1167 num
466 1112 576 1167 vita
611 1119 730 1166 erat
754 1108 1032 1164 hominum
1065 1118 1271 1162 tantum
1302 1106 1393 1162 lux
1414 1147 1431 1174 ,
1462 1115 1517 1161 et
1544 1120 1648 1158 non
1693 1106 1874 1173 potius

307 1202 547 1275 cujusvis
573 1203 625 1255 in
658 1200 993 1256 beatitudine
1018 1198 1356 1255 exsiStentis.
1396 1197 1529 1252 Nam
1560 1198 1605 1252 si
1635 1215 1653 1249 ι
1688 1197 1795 1250 vita
1822 1205 1874 1250 et

307 1298 399 1352 lux
436 1296 715 1352 hominum
751 1315 771 1349 ι
807 1296 946 1349 idem
983 1300 1130 1355 sunt,
1157 1302 1214 1347 et
1246 1292 1526 1346 hominum
1564 1299 1773 1344 tantum
1804 1291 1878 1344 sit

308 1387 511 1443 Christi
550 1387 663 1452 lux,
694 1385 976 1443 hominum
1009 1391 1219 1438 tantum
1248 1382 1414 1437 etiam
1446 1382 1560 1436 vita
1594 1381 1696 1435 erit
1725 1398 1740 1435 :
1771 1382 1880 1437 hoc

308 1488 488 1536 autem
536 1479 802 1551 suspicari
851 1491 1006 1548 aeque
1046 1475 1274 1532 stultum
1305 1489 1389 1531 εει
1417 1484 1581 1544 atque
1610 1474 1832 1543 impium
1862 1513 1878 1539 ,

308 1572 714 1643 refragantibus
762 1570 885 1627 aliis
933 1567 1236 1639 Scripturis
1270 1567 1398 1624 huic
1448 1566 1824 1635 intelligentia
1862 1582 1876 1619 :

2043 1016 2179 1087 Φέρε
2208 1014 2376 1068 δὲκαὶ
2420 1015 2581 1086 ἡμεῖς
2615 1014 2710 1068 καὶ
2747 1013 2903 1069 τοῦτο
2933 1014 3281 1087 ζητήσωμεν,
3308 1015 3408 1086 είή
3441 1013 3563 1085 ζωὴ

1973 1100 2041 1179 ἦν
2057 1107 2231 1179 μόνων
2251 1105 2552 1179 ἀνθρώπων
2572 1105 2709 1176 φῶς,
2727 1107 2822 1160 καὶ⁵
2841 1105 2915 1178 μὴ
2939 1106 3143 1171 παντὸς
3170 1105 3483 1161 οὑτινοσοῦν
3498 1108 3567 1162 ὲν

1981 1200 2734 1273 μακαριότητιτυγχάνοντος.
2779 1199 2904 1254 Ἐὰν
2919 1200 3028 1272 γὰρ
3050 1198 3247 1256 ταύτδθ
3283 1196 3355 1273 ἦν
3395 1220 3415 1253 ι
3445 1199 3568 1272 ζωὴ

1978 1295 2072 1348 καὶ
2103 1293 2218 1363 φῶς
2257 1289 2579 1364 ἀνθρώπων,
2626 1311 2645 1344 ι
2684 1294 2778 1346 καὶ
2822 1292 2999 1365 μόνων
3042 1292 3344 1365 ἀνθρώπων
3382 1292 3470 1365 εἴη
3500 1294 3570 1348 τὸ

1977 1386 2072 1441 τοῦ
2088 1383 2325 1459 Χριστοῦ
2356 1382 2493 1453 φῶς,
2518 1384 2693 1453 μόνων
2717 1382 3020 1458 ἀνθρώπω
3054 1385 3150 1440 καὶ
3179 1386 3213 1457 ἡ
3239 1386 3374 1457 ζωή-
3404 1386 3571 1441 τοῦτο

1978 1478 2024 1532 δ’
2041 1475 2447 1548 ὑπολαμϐάνειν
2473 1476 2622 1530 ἐστὶν
2642 1476 2845 1547 ἠλίθιον
2879 1477 2997 1549 ἅμα
3041 1478 3136 1531 κα)⁸
3165 1477 3379 1542 ἀσεϐὲς,
3418 1478 3571 1532 ἀντι-

308 1665 579 1734 siquidem
612 1663 830 1735 quando
861 1661 1234 1731 proﬁciemus,
1263 1660 1467 1717 erimus
1497 1667 1754 1729 tanquam
1785 1674 1880 1730 pa-

1986 1568 2376 1642 μαρωρουσῶν
2421 1567 2529 1622 τῶν
2563 1567 2741 1623 ἄλλων
2764 1568 2996 1639 Γραφῶν
3027 1568 3198 1642 ταύτῃ
3232 1572 3299 1641 τῇ
3338 1568 3563 1641 ἑκδοχῇ’

1984 1666 2039 1719 εί
2053 1683 2138 1736 γε,
2163 1666 2292 1720 ὅταν
2320 1665 2704 1736 προκόψωμεν,
2737 1663 3009 1734 ἰσάγγελοι
3036 1663 3294 1735 ἐσόμεθα.
3329 1663 3487 1719 Οὕτω
3506 1663 3571 1718 δὲ

311 1772 401 1813 res
433 1756 639 1826 angelis
670 1755 737 1808 ⁸⁸.
768 1752 883 1837 Sed
925 1754 1006 1809 sic
1041 1753 1360 1808 solvendum
1410 1760 1495 1808 est
1541 1751 1764 1808 dubium
1791 1790 1808 1816 ,
1835 1751 1882 1806 si

2028 1756 2173 1811 υτὲον
2193 1756 2254 1810 τὸ
2276 1755 2572 1828 ἀπορηθὲν,
2598 1755 2718 1826 οὐχὶ
2745 1754 2863 1810 είτι
2885 1754 3102 1825 λέγεταί
3128 1772 3313 1818 τινων,
3338 1756 3573 1811 ἐκείνων

310 1850 441 1922 quid
470 1850 774 1919 aliquorum
815 1863 936 1903 esse
961 1847 1198 1912 dicatur,
1227 1860 1333 1901 non
1363 1845 1621 1902 continuo
1654 1844 1784 1899 illud
1814 1842 1883 1899 ad

312 1956 406 1997 eos
433 1941 576 1996 solos
605 1941 671 1997 de
692 1939 887 2010 quibus
916 1937 969 1992 id
1006 1937 1228 2003 dicitur,
1252 1935 1550 2004 pertinere.
1584 1932 1678 1991 Sic
1715 1933 1885 2002 igitur

313 2050 421 2089 nou
456 2033 502 2089 si
532 2034 642 2087 vita
679 2032 768 2086 lux
799 2032 1076 2086 hominum
1107 2030 1329 2094 dicitur,
1363 2028 1644 2084 hominum
1676 2037 1883 2083 tantum

314 2135 400 2180 est
452 2126 564 2182 lux.
617 2123 840 2179 Poterat
881 2123 1027 2178 enim
1079 2120 1241 2183 addi,
1289 2121 1399 2175 vita
1450 2128 1571 2176 erat
1607 2120 1885 2175 hominum

319 2229 527 2273 tantum
563 2218 651 2271 lux
690 2235 705 2272 :
745 2215 860 2271 ﬁeri
906 2215 1051 2270 enim
1100 2222 1279 2283 potest
1325 2223 1382 2267 ut
1429 2213 1522 2267 lux
1565 2213 1842 2268 hominum
1868 2252 1885 2277 ,

318 2312 544 2367 aliorum
595 2324 852 2381 quoque,
904 2319 1266 2380 praeterquam
1319 2307 1596 2362 hominum
1652 2308 1723 2363 sit
1770 2307 1882 2376 lux,

318 2406 540 2474 perinde
562 2410 726 2474 atque
757 2418 877 2457 cum
907 2401 1160 2457 animalia
1199 2401 1446 2470 quaedam
1479 2409 1534 2456 et
1563 2401 1762 2469 plantae
1793 2402 1889 2457 ho-

319 2482 557 2552 minibus
595 2495 946 2565 suppeditant
974 2496 1115 2550 unde
1141 2494 1377 2560 alantur,
1409 2501 1588 2547 tamen
1621 2493 1727 2547 alia
1755 2508 1889 2563 quo-

319 2600 425 2653 que
482 2593 679 2654 praeter
733 2583 982 2639 homines
1037 2583 1184 2638 alere
1234 2592 1478 2654 possunt.
1532 2582 1646 2639 Hoc
1708 2593 1889 2638 autem

321 2677 625 2746 exemplum
661 2691 729 2730 ex
762 2675 1155 2731 consuetudine
1209 2682 1483 2744 sumptum
1539 2683 1644 2730 est.
1689 2675 1889 2731 Verum

322 2770 602 2825 enimvero
630 2769 849 2838 dignum
881 2775 965 2823 est
1009 2774 1069 2820 ut
1123 2781 1154 2822 e
1204 2764 1508 2836 Scripturis
1540 2765 1636 2821 Dei
1682 2765 1890 2836 Spiritu

320 2858 549 2926 proditis
572 2859 751 2913 simile
773 2856 1142 2913 conferamus.
1171 2853 1407 2910 Proinde
1438 2855 1545 2910 hoc
1578 2856 1632 2911 in
1662 2855 1779 2911 loco
1805 2856 1892 2911 in—

322 2947 592 3012 quirimus
619 2962 745 3000 num
787 2944 1081 3016 quidquam
1130 2944 1460 3015 prohibeat,
1506 2945 1680 3003 lucem
1714 2947 1893 3002 homi-

1991 1848 2164 1922 μόνων
2196 1848 2314 1903 ἐστὶ
2341 1848 2403 1902 τὸ
2440 1848 2765 1919 λεγόμενον.⁴
2785 1846 2973 1913 Οὕτως
3007 1842 3100 1904 οὖν
3132 1848 3253 1920 οὐχὶ
3288 1842 3572 1923 ᾗλὲτεται

1988 1941 2105 2012 φῶς
2153 1940 2476 2013 ἀνθρώπων,
2497 1940 2674 2012 μόνων
2697 1939 3000 2012 ἀνθρώπων
3024 1941 3141 1994 ἐστὶ
3172 1940 3307 2011 φῶς
3342 1940 3573 1995 ἐδύνατο

1988 2031 2097 2104 γὰρ
2130 2030 2507 2102 προσκεῖσθαι,
2530 2033 2564 2102 ἡ
2600 2031 2714 2103 ζωὴ
2737 2027 2805 2102 ἦν
2834 2031 2893 2086 τὸ
2912 2031 3019 2085 τῶν
3059 2031 3363 2104 ἀνθρώπων
3389 2032 3571 2103 μόνων

1989 2123 2126 2193 φῶς.
2159 2123 2377 2191 Ἔξεστι
2401 2122 2512 2195 γὰρ
2542 2123 2604 2176 τὸ
2632 2123 2750 2191 φῶς
2778 2122 2886 2178 τῶν
2903 2122 3226 2195 ἀνθρώπων,
3255 2120 3349 2179 xui.
3361 2125 3573 2195 ἑτέρων

1989 2215 2142 2289 παρὰ
2168 2215 2294 2280 τοὺς
2321 2213 2641 2287 ἀνθρώπους
2684 2211 2822 2270 εἶναι
2857 2215 2990 2285 φῶς·
3025 2214 3100 2280 ώς
3129 2214 3304 2281 ἔξεστι
3339 2216 3466 2269 τάδε
3498 2214 3576 2269 τὰ

1989 2305 2125 2373 ζῶα,
2159 2307 2255 2363 καὶ
2280 2305 2407 2362 τάδε
2432 2305 2501 2361 τὰ
2530 2307 2672 2376 φυτὰ
2703 2305 3004 2380 ἀνθρώπων
3040 2306 3172 2361 ὄντα
3197 2307 3424 2378 τροφὴν,
3473 2307 3576 2360 καὶ

1990 2400 2190 2472 ἑτέρων
2222 2400 2371 2473 παρὰ
2401 2400 2528 2463 τοὺς
2559 2396 2881 2470 ἀνθρώπους
2908 2398 2975 2453 τὰ
3003 2398 3141 2453 αὐτὰ
3171 2394 3309 2453 εἶναι
3338 2400 3570 2471 τροφήν.

1991 2494 2101 2549 Καὶ
2128 2491 2285 2546 τοῦτο
2331 2491 2429 2563 μὲν
2462 2491 2571 2546 ἀπὸ
2616 2492 2716 2562 τῆς
2757 2489 3043 2562 συνηθείας
3089 2490 3150 2544 τὸ
3198 2490 3570 2562 παράδειγμα·

1990 2581 2137 2647 ἄξιον
2155 2583 2214 2637 δὲ
2239 2582 2345 2637 ἀπὸ
2372 2580 2481 2637 τῶν
2513 2580 2887 2636 θεοπνεύστων
2913 2579 3087 2650 λόγων
3124 2580 3308 2649 ὅμοιον
3337 2581 3576 2634 ἀντιπα-

1996 2675 2264 2746 ραϐαλεῖν.
2313 2673 2529 2730 Ἐνθὰδε
2561 2673 2741 2729 τοίνυν
2783 2673 3052 2745 ζητοῦμεν
3097 2676 3145 2727 εἰ
3178 2674 3343 2744 μηδὲν
3371 2671 3578 2726 κωλύει

1990 2768 2052 2822 τὸ
2080 2768 2194 2837 φῶς
2224 2767 2332 2822 τῶν
2361 2768 2458 2822 ἀνθ
2467 2766 2662 2837 ρώπων
2698 2766 2791 2820 καὶ
2826 2766 3028 2837 ἑτέρων
3053 2760 3190 2820 εἶναι
3218 2764 3352 2834 φῶς
3388 2764 3579 2834 λέγον-

1992 2877 2104 2923 τες,
2130 2860 2212 2914 ὅτι
2256 2860 2397 2931 οὐχὶ,
2428 2859 2550 2914 ἐπεὶ
2595 2857 2813 2927 λέγεται
2853 2876 2871 2908 ι
2913 2857 3026 2928 φῶς
3062 2854 3384 2930 ἀνθρώπων,
3415 2876 3434 2909 ι
3470 2856 3577 2927 ἥδη

1995 2952 2416 3007 ἀποκέκλεισται
2463 2952 2556 3006 καὶ
2597 2952 2802 3023 ἐτέρων
2856 2950 3008 3020 παρὰ
3061 2949 3187 3014 τοὺς
3253 2946 3578 3020 ἀνθρώπους

323 3056 451 3094 num
481 3056 601 3095 esse
633 3040 796 3094 etiam
832 3039 1007 3093 lucem
1040 3037 1293 3102 aliorum,
1343 3037 1608 3102 dicentes,
1642 3047 1890 3108 propter-

2028 3044 2340 3115 ,pst'r'révwv,
2384 3042 2419 3113 ἢ
2463 3042 2738 3113 ἄνθρωποι
2777 3039 2889 3112 (69)
2926 3039 3126 3111 ὁμοίων
3167 3034 3305 3093 εἶναι
3335 3037 3444 3109 (70)
3498 3037 3580 3100 ὼς

324 3149 388 3187 ca
429 3132 572 3200 quml
621 3133 835 3187 dicatur
877 3149 896 3182 ι
947 3130 1041 3184 lux
1092 3129 1396 3194 hominum,
1434 3148 1452 3182 ι
1481 3144 1586 3184 non
1624 3130 1736 3200 jam
1772 3131 1894 3187 ideo

326 3224 538 3278 excludi
583 3224 812 3279 aliorum
850 3237 1068 3294 quoque
1096 3222 1409 3278 hominibus
1433 3223 1896 3289 praestantiorum,

328 3318 412 3375 vel
465 3317 776 3372 hominibus
819 3316 1112 3380 similium,
1155 3315 1322 3368 veluti
1372 3315 1545 3371 lucem
1583 3330 1726 3371 esse.
1763 3314 1895 3370 Nam

329 3424 451 3463 cum
491 3410 563 3462 sit
586 3409 875 3478 scriptum,
903 3410 1068 3465 Deum
1104 3424 1225 3467 esse
1255 3411 1422 3465 Deum
1472 3410 1746 3465 Abraham
1774 3449 1788 3475 ,
1841 3418 1894 3465 et

330 3496 498 3555 Deum
534 3499 716 3565 Isaac,
749 3511 803 3555 et
826 3500 993 3556 Deum
1032 3498 1203 3557 Jacob
1234 3502 1300 3567 “,
1335 3501 1425 3570 qui
1460 3500 1737 3567 voluerit,
1768 3502 1895 3570 quia

331 3593 536 3646 dictum
566 3597 655 3658 sit,
694 3611 713 3644 ι
754 3593 861 3645 vita
893 3603 1012 3646 erat
1058 3593 1147 3648 lnx
1188 3590 1471 3650 hominum
1505 3593 1796 3661 ",rlucem
1829 3596 1899 3651 ad

334 3682 539 3736 nullum
575 3683 739 3737 alium
773 3692 1137 3753 prazterquam
1171 3685 1237 3741 ad
1285 3683 1536 3740 homines
1581 3685 1856 3754 pertinere
1881 3725 1898 3750 ,

333 3776 608 3830 existimet
650 3786 863 3846 oportet
892 3776 939 3831 is
985 3777 1104 3846 pari
1153 3779 1351 3844 modo,
1391 3779 1559 3832 Deum
1593 3776 1794 3843 nullius
1823 3776 1901 3832 al-

336 3867 508 3919 terius
558 3865 724 3920 Deum
772 3881 934 3930 esse.
993 3866 1096 3921 nisi
1127 3875 1335 3921 tantum
1386 3867 1576 3922 horum
1607 3869 1767 3922 trium
1802 3885 1898 3940 pa-

338 3970 501 4013 trum.
520 3957 716 4013 Verum
740 3959 867 4014 Eliae
896 3960 1140 4029 profecto
1161 3960 1323 4014 etiam
1339 3960 1445 4031 75
1466 3973 1548 4016 est
1568 3962 1709 4017 Deus
1728 3963 1807 4030 ⁸⁶;
1829 3974 1903 4032 et,

336 4059 397 4103 ut
424 4049 602 4120 inquit
626 4048 813 4105 Judith
841 4050 910 4115 ⁸⁷,
941 4052 1113 4120 patris
1141 4052 1223 4107 sui
1251 4052 1485 4124 Symeon
1506 4092 1523 4117 ,
1553 4062 1717 4125 atque
1740 4055 1903 4111 etiam

341 4137 689 4198 Hebraeorum
714 4149 801 4197 est
829 4141 971 4198 Deus
1004 4142 1070 4198 ⁸⁸.
1100 4142 1463 4208 Quamobrem
1519 4147 1564 4200 si
1615 4146 1750 4200 nihil
1780 4164 1906 4218 pro-

1999 3136 2132 3207 φῶς.
2177 3134 2619 3204 Ἀναγὲγραπται
2650 3132 2706 3186 δὲ
2729 3135 2759 3186 ὁ
2783 3132 2915 3196 Θεὸς
2952 3131 3085 3196 Θεὸς
3116 3126 3257 3185 εἶναι
3302 3128 3578 3200 ’Δϐραὰμη

1998 3227 2092 3282 καὶ
2122 3226 2254 3291 Θεὸς
2297 3225 2502 3289 Ἰσαὰκ,
2526 3225 2621 3279 καὶ
2648 3225 2781 3288 Θεὸς
2819 3222 3034 3278 Ἰακώϐ·
3068 3225 3097 3278 ὀ
3120 3221 3184 3294 δὴ
3230 3221 3577 3294 βουλόμενος,

1998 3319 2190 3392 ἐπειδὴ
2219 3320 2453 3392 εἴρηται,
2494 3338 2513 3370 ς
2537 3319 2570 3389 ἡ
2606 3316 2720 3391 ζωὴ
2739 3313 2808 3390 ἦν
2835 3317 2894 3373 τὸ
2925 3317 3042 3388 φῶς
3062 3316 3171 3372 τῶν
3199 3315 3522 3388 ἀνθρώπων,
3553 3334 3574 3365 ι

1998 3413 2060 3467 τὸ
2085 3413 2200 3482 φῶς
2236 3412 2459 3484 μηδενὸς
2493 3411 2680 3484 ἐτέρου
2715 3407 2913 3484 εἶναιῆ
2953 3411 3061 3467 τῶν
3088 3408 3409 3481 ἀνθρώπων,
3435 3408 3583 3462 κατὰ

2000 3505 2062 3559 τὸ
2112 3505 2297 3576 ὅμοιον
2339 3504 2584 3575 οἰήσεται
2630 3503 2723 3557 τὸν
2779 3503 2912 3557 Θεὸν
2986 3503 3254 3574 Ἀϐραὰμ,
3301 3501 3396 3558 καὶ
3443 3500 3583 3555 Θεὸν

2012 3597 2219 3664 Ἰσαὰκ,
2253 3597 2346 3650 καὶ
2387 3595 2519 3650 Θεὸν
2559 3593 2775 3661 Ἰακὼϐ,
2816 3594 3045 3666 μηδενὸς
3068 3588 3207 3648 εἶναι
3239 3592 3374 3647 Θεὸν
3409 3592 3581 3662 ῆτῶν

2002 3687 2165 3761 τριῶν
2195 3687 2368 3758 μόνων
2397 3686 2599 3740 τούτων
2640 3686 2911 3759 πατέρων.
2952 3686 3108 3739 Ἔστι
3134 3684 3246 3756 (71)
3280 3682 3339 3737 δέ
3366 3700 3429 3751 γε
3484 3681 3585 3735 καὶ

2016 3780 2193 3834 Ἠλίου
2223 3777 2375 3845 Θεὸς,
2408 3779 2524 3841 καὶ,
2554 3777 2629 3841 ὣς
2655 3795 2819 3850 φησιν
2866 3776 3074 3841 Ἰουδὶθ,
3111 3774 3205 3830 τοῦ
3238 3773 3442 3846 πατρὸς
3479 3773 3583 3826 αὑ-

2003 3870 2104 3942 τῆς
2143 3869 2387 3942 Συμεὼν,
2418 3871 2511 3924 καὶ¹
2553 3869 2684 3935 Θεὸς
2720 3869 2827 3923 τῶν
2871 3869 3160 3940 Ἐϐραίων.
3198 3867 3397 3938 Διόπερ
3438 3864 3587 3918 κατὰ

2011 3968 2071 4022 τὸ
2118 3969 2323 4040 ὅμοιον,
2353 3970 2401 4021 εἰ
2449 3967 2615 4038 μηδὲν
2652 3964 2850 4020 κωλύει
2889 3959 3027 4018 εἶναι
3064 3962 3229 4018 αὐτὸν
3255 3962 3351 4017 καὶ
3379 3960 3586 4030 ἑτέρων

2011 4060 2164 4125 Θεὸν,
2196 4061 2346 4114 οὐδὲν
2380 4058 2577 4113 κωλύει
2620 4051 2759 4112 εἶναι
2787 4056 2849 4110 τὸ
2875 4057 2992 4126 φῶς
3025 4056 3135 4110 τῶν
3155 4052 3457 4126 ἀνθρώπων
3487 4052 3589 4105 καὶ

2013 4153 2214 4225 ἐτέρων
2235 4152 2388 4224 παρὰ
2420 4150 2545 4214 τοὺς
2580 4148 2897 4223 ἀνθρώπους
2914 4149 3050 4219 φῶς.

340 4239 489 4295 hibet
515 4237 682 4292 Deum
706 4237 932 4294 aliorum
963 4249 1181 4304 quoque
1205 4249 1326 4291 csse
1354 4236 1543 4302 Deum,
1578 4237 1767 4293 eodem
1809 4242 1971 4298 modo
2003 4243 2137 4298 nihil
2164 4242 2453 4313 prohibeat
2480 4250 2716 4311 oportet,
2746 4241 2921 4296 lucem
2955 4239 3234 4295 hominum
3266 4250 3388 4293 esse
3417 4234 3584 4290 etiam

341 4332 591 4399 aliorum,
629 4338 991 4402 praeterquam
1029 4326 1338 4392 hominum,
1370 4327 1567 4382 lucem.

410 4425 499 4480 l7.
545 4424 717 4480 Porro
757 4422 897 4478 alius
941 4420 1209 4491 quispiam
1243 4418 1411 4474 etiam
1451 4420 1760 4476 testimonio
1815 4422 1906 4479 illo
1936 4427 1985 4488 ι)

340 4528 500 4575 utens
535 4539 547 4572 :
587 4535 607 4568 ι
652 4515 939 4571 Faciamus
975 4512 1249 4571 hominem
1280 4511 1347 4565 ad
1397 4510 1683 4580 imaginem
1729 4521 1786 4567 et
1827 4513 1906 4568 si-

342 4606 701 4662 militudinem
734 4613 978 4660 nostram
1005 4600 1375 4668 ",ihomiuem
1418 4615 1538 4656 esse
1561 4600 1710 4665 dicit,
1744 4602 1909 4671 quid-

344 4701 473 4769 quid
506 4701 571 4752 ad
603 4699 893 4767 imaginem
923 4705 981 4753 et
1015 4694 1428 4750 similitudinem
1460 4692 1548 4747 Dei
1578 4693 1651 4746 sit
1678 4691 1910 4759 factum,

344 4792 647 4847 innumeris
687 4791 870 4847 hacin
902 4802 962 4845 re
1003 4800 1162 4844 utens
1211 4785 1499 4855 exemplis,
1529 4784 1665 4838 nihil
1705 4785 1908 4841 referre

347 4884 659 4953 Scripturae,
696 4883 968 4937 hominem
1015 4881 1163 4935 dicat
1190 4895 1258 4934 an
1293 4877 1544 4947 angelum
1580 4893 1592 4929 :
1622 4875 1688 4929 de
1717 4875 1909 4930 eodem

346 4976 494 5032 enim
543 4973 785 5046 subjecto
809 4973 1007 5029 alicubi
1040 4974 1164 5041 poni
1206 4970 1382 5042 angeli
1414 4979 1468 5025 et
1493 4968 1727 5023 hominis
1753 4984 1910 5022 voca-

349 5067 573 5134 bulum,
627 5066 1083 5138 quemadmodum
1138 5066 1191 5120 in
1249 5065 1425 5119 tribus
1475 5062 1578 5118 illis
1621 5061 1714 5128 qui
1768 5059 1909 5132 apud

418 5233 465 5266 ⁵³
496 5230 685 5285 Matth.
717 5244 851 5290 χχιι,
880 5182 991 5282 50.}
1043 5226 1090 5260 ³⁸
1119 5228 1287 5282 Exod.
1315 5241 1398 5287 ιιι,
1437 5225 1490 5285 6,
1531 5223 1620 5288 15.
1651 5225 1746 5287 l6;
1795 5239 1864 5280 ινα
1894 5223 1946 5277 5-

2086 4418 2281 4482 Ἄλλος
2328 4415 2386 4470 δέ
2435 4432 2557 4481 τις,
2624 4413 3111 4484 προσχρησάμενος
3168 4410 3276 4481 τῷ·
3345 4428 3365 4462 ι
3420 4408 3585 4480 Ποιή-

2017 4526 2198 4582 σωμεν
2243 4507 2529 4578 ἄνθρωπον
2573 4505 2692 4559 κατ’
2732 4503 2916 4558 εἰκόνα
2964 4504 3061 4557 καὶ
3089 4500 3348 4573 ὁμοίωσιν
3389 4499 3589 4570 ἡμετέο

2018 4619 2138 4676 ραν,
2192 4621 2210 4653 )
2250 4601 2359 4654 πᾶν
2394 4597 2455 4651 τὸ
2492 4599 2612 4651 κατ’
2654 4596 2837 4649 εἰκόνα
2882 4596 2977 4651 καὶ
3007 4594 3263 4666 ὁμοίωσιν
3298 4591 3587 4662 γενόμενον

2017 4693 2152 4748 Θεοῦ
2205 4690 2487 4763 ἄνθρωπον
2542 4685 2682 4742 εἶναί
2716 4705 2881 4759 φησι,
2930 4685 3146 4760 μυρίοις
3193 4684 3470 4756 χρώμενος
3506 4684 3587 4745 εἰς

2017 4784 2174 4840 τοῦτο
2218 4781 2675 4854 παραδείγμασιν,
2719 4779 2800 4832 ὅτι
2832 4779 2983 4833 οὐδὲν
3014 4775 3257 4851 διαφέρει
3293 4778 3360 4847 τῇ
3394 4776 3583 4846 Γραφῇ

2017 4877 2297 4948 ἄνθρωπον
2328 4875 2360 4947 ἦ
2393 4873 2620 4946 ἄγγελον
2650 4872 2843 4941 φάναι·
2877 4871 2970 4924 ἐπὶ
2996 4869 3105 4942 γὰρ
3132 4868 3226 4923 τοῦ
3257 4865 3425 4922 αὑτοῦ
3455 4866 3585 4920 ὐπο-

2017 4969 2268 5040 κειμένου
2291 4969 2351 5021 οὐ
2370 4970 2545 5020 κεῖται
2567 4964 2678 5037 (72)
2700 4966 2734 5037 ἡ
2758 4964 2985 5032 ἄγγελος
3010 4961 3104 5016 καὶ
3119 4960 3401 5031 ἄνθρωπος
3418 4974 3585 5030 προσ-

2016 5060 2246 5134 ηγορίαο
2311 5059 2498 5132 ὥσπερ
2575 5059 2667 5112 ἐπὶ
2724 5055 2833 5111 τῶν
2890 5054 3236 5121 ξενισθέντων
3301 5051 3451 5124 παρὰ
3507 5049 3585 5115 τῷ

2017 5224 2063 5256 ⁵⁸
2088 5223 2247 5280 Joan.
2284 5242 2330 5292 ι,
2363 5224 2418 5277 4.
2498 5222 2545 5255 ⁸⁸
2569 5219 2633 5274 ιν
2666 5219 2798 5291 Reg.
2838 5234 2901 5285 ιι,
2933 5217 3021 5274 14.
3112 5215 3157 5248 ⁸⁷
3183 5213 3391 5270 Iudith.
3425 5209 3579 5280 11,2.

349 5305 396 5337 ⁵⁸
420 5303 591 5357 Exod.
621 5316 704 5365 ιιι,
738 5300 826 5365 18;
863 5313 914 5365 ν,
946 5300 1010 5363 5;
1041 5313 1136 5362 vn,
1163 5297 1250 5363 l6;
1283 5314 1358 5365 ιι,
1387 5297 1439 5361 1,
1480 5296 1582 5360 15;
1609 5312 1662 5361 x,
1696 5296 1751 5349 5.
1829 5295 1875 5326 ⁵⁹

2028 5334 2038 5349 .
2064 5311 2102 5360 ι,
2127 5295 2217 5351 26.

424 5435 533 5507 (68)
568 5433 815 5489 Τούτων.
857 5431 931 5485 lta
965 5432 1135 5486 codex
1166 5430 1488 5486 Bodleianus
1512 5443 1528 5493 ;
1554 5424 1773 5497 Regius,
1807 5438 1919 5479 ma-

350 5504 421 5567 le,
438 5504 653 5558 τοῦτον.

424 5576 535 5635 (69)
565 5577 911 5643 Ἄνθρωποι.
953 5572 1093 5637 Lege
1122 5570 1445 5643 ἀνθρώποις.

428 5646 537 5701 (illi
576 5635 763 5697 Εἷνᾱι.
826 5646 918 5697 Sic
975 5635 1144 5695 codex
1198 5635 1550 5703 Bodleianus;
1619 5635 1817 5706 Regius
1867 5646 1915 5689 et

357 5714 698 5778 Dnrbcrinus,
737 5712 864 5783 εἷεν,
896 5712 1055 5769 male.

2088 5427 2202 5509 (71)
2231 5426 2426 5509 Ἔστι.
2462 5424 2539 5479 Ita
2567 5423 2735 5480 codex
2760 5420 3121 5488 Bodleianus;
3152 5417 3353 5488 Regius
3374 5424 3429 5469 et
3454 5413 3586 5468 Bar-

2016 5496 2259 5554 herinus.
2295 5496 2394 5549 ἔτι.

2089 5566 2199 5636 (72)
2237 5568 2320 5619 Οὐ
2350 5565 2553 5636 κεῖζαι.
2596 5563 2692 5636 vel
2725 5562 3009 5620 delendum
3056 5560 3139 5625 οὐ,
3185 5558 3268 5614 νει
3304 5555 3583 5627 legendum

2022 5638 2145 5701 ποῦ,
2176 5634 2251 5692 uti
2282 5638 2410 5706 legit
2435 5634 2744 5691 Ferrarius.
