3792 6146
127 325 223 379 iss
1251 329 1622 419 cannam.
1652 333 1718 389 IN
1755 332 1946 390 JOAN.
1985 333 2224 390 TOMUS
2262 332 2325 386 ιι.
3318 338 3420 396 isi

147 432 394 505 Ἀϐραὰμ
425 435 633 507 τριῶν,
676 437 772 493 καὶ
806 438 1111 510 γενομένων
1137 439 1194 493 ἐν
1225 441 1479 513 Σοδόμοις
1507 441 1621 508 δύο,
1652 460 1702 497 xc

1847 443 2124 498 Abraham
2170 443 2407 512 hospitio
2451 444 2605 499 fuere
2657 445 2868 514 excepti
2915 445 2983 510 ⁸ο,
3018 455 3072 499 et
3107 446 3160 500 in
3210 448 3422 505 duobus

137 530 189 579 ἐν
210 527 318 596 ὅλῳ
341 525 423 597 τῷ
455 529 648 600 εἱρμῷ
681 530 783 601 τῆς
815 531 1038 602 Γραφῆς
1065 531 1152 584 ὁτὲ
1180 533 1278 602 μὲν
1302 531 1495 602 ἄνδρες
1514 571 1529 597 ,
1573 533 1662 586 ότὲ
1684 533 1702 586 ξ

1848 532 1939 601 qui
1977 532 2229 603 Sodomis
2262 531 2481 587 fuerunt
2515 533 2579 597 ⁶¹,
2612 544 2667 590 et
2691 534 2744 588 in
2780 543 2891 589 tota
2927 534 3226 606 Scriptura:
3253 538 3418 605 serie,

136 619 358 688 ἄγγελοι
395 616 539 674 εἶναι
573 621 846 691 λέγονται.
897 621 1041 692 Πλὴν
1067 622 1096 674 6
1131 621 1291 676 τοῦτο
1321 623 1557 694 νομίζων
1603 627 1738 700 ὲρεῖ,

134 714 234 772 ὅτι,
263 711 462 786 ῶσπερ
487 713 647 786 παρὰ
678 716 791 778 τοῖς
815 713 1266 784 ὁμολογουμένοις
1293 713 1404 785 (75)
1432 715 1741 788 ἀνθρώποις

134 802 276 856 εἰσὶν
324 805 576 874 ἄγγελοι,
620 805 697 869 ὠς
731 807 760 859 6
805 805 1082 878 Ζαχαρίας
1120 804 1325 874 λέγων’
1389 827 1407 860 ι
1475 808 1740 878 Ἀγγελος

134 893 273 948 Θεοῦ
309 897 428 967 ἐγὼ
477 897 596 969 μεθ’
631 896 785 969 ὑμῶν
831 899 967 968 εἰμι,
1012 897 1161 966 λέγει
1190 898 1395 970 Κύριος
1437 901 1741 972 παντοκρά-

137 1006 285 1060 τωρ⁸
330 1009 351 1040 ι
393 990 490 1044 καὶ
517 991 547 1043 6
590 991 859 1060 Ἰωάννης,
900 991 1030 1062 περὶ
1058 984 1120 1043 οὗ
1149 993 1492 1063 γέγραπται*
1535 1011 1554 1045 ι
1607 994 1736 1047 Ἰδοὺ

138 1081 250 1149 ἐγὼ
269 1082 598 1136 ἀποστέλλω
620 1083 712 1135 τὸν
735 1082 963 1150 ἄγγελόν
987 1099 1090 1153 μου
1118 1084 1225 1155 πρὸ
1249 1083 1542 1155 προσώπου
1566 1102 1681 1149 σου,
1712 1104 1730 1136 ι

135 1175 315 1239 06m;
346 1177 444 1230 καὶ
474 1178 523 1228 oi
561 1175 655 1229 τοῦ
683 1175 818 1228 Θεοῦ
850 1174 1070 1244 ἄγγελοι
1103 1175 1254 1246 παρὰ
1290 1175 1350 1229 τὸ
1391 1175 1551 1248 ἔργον
1581 1176 1737 1230 τοῦτο

134 1268 568 1340 χρηματίζουσι,
615 1269 709 1322 καὶ
750 1269 810 1321 οὐ
851 1267 1006 1338 παρὰ
1045 1268 1145 1337 τὴν
1175 1266 1337 1336 φύσιν
1367 1267 1559 1339 ἄνδρες
1604 1269 1734 1340 κλη-

133 1360 348 1423 θέντες.
393 1361 506 1413 Kal.
545 1359 626 1412 ἔτι
668 1359 866 1431 μᾶλλον
898 1358 1372 1430 παραμυθήσεται,
1397 1361 1479 1413 ὅτι
1505 1361 1598 1414 ἐπὶ
1625 1361 1735 1415 τῶν

131 1452 478 1521 κρειττόνων
501 1451 782 1522 δυνάμεων
816 1450 886 1504 τὰ
913 1450 1153 1522 ὀνόματα
1181 1451 1301 1521 οὐχὶ
1333 1450 1546 1521 φύσεων
1580 1451 1734 1516 ζώων

132 1540 288 1592 ἐστὶν
325 1541 590 1610 ὀνόματα,
627 1539 761 1593 ἀλλὰ
800 1539 1026 1606 τάξεων,
1056 1533 1132 1594 ὧν
1155 1540 1251 1611 ἥδε
1289 1557 1375 1601 τις
1405 1541 1500 1595 καὶ
1525 1541 1619 1612 ἥδε
1649 1541 1735 1594 λο-

128 1633 266 1704 γικὴ
304 1633 472 1701 φύσις
498 1634 749 1703 τέτευχεν
784 1632 892 1686 ἀπὸ
913 1632 1049 1686 Θεοῦ
1070 1650 1085 1663 ο
1122 1632 1310 1704 θρόνος
1339 1631 1448 1704 γὰρ
1468 1634 1568 1687 οὐκ
1593 1629 1732 1698 εἶδος

129 1723 280 1786 ζὼου
328 1725 467 1794 (74),
501 1725 623 1778 οὐδὲ
665 1725 829 1796 ἁρχὴ,
861 1725 980 1778 οὐδὲ
1012 1725 1292 1796 κυριότης,
1329 1724 1451 1778 οὐδὲ
1489 1724 1729 1792 ἐξουσία,

1845 625 2143 696 aliquando
2172 625 2391 695 quidem
2424 625 2598 696 angeli
2627 667 2644 693 ,
2675 626 2967 697 aliquando
2997 643 3125 684 vero
3169 629 3420 686 homines

1841 732 1964 772 esse
1994 718 2270 772 dicuntur.
2304 717 2443 784 Quin
2475 721 2663 781 etiam,
2698 721 2793 789 qui
2825 720 2932 775 hoc
2961 719 3281 784 existimat,
3335 723 3418 775 di-

1839 818 1928 862 cet
1956 808 2098 877 quod
2133 818 2189 863 ut
2235 809 2481 866 homines
2512 811 2687 865 vocati
2719 823 2844 866 sunt
2874 813 3088 881 angeli,
3140 813 3280 882 apud
3309 829 3406 868 eos

1839 915 1974 968 quos
2002 900 2176 970 palam
2215 915 2440 957 cernere
2470 912 2551 957 est
2594 918 2715 958 esse
2745 903 3014 967 homines,
3050 905 3408 972 quemadmo-

1839 992 1967 1047 dum
2025 992 2325 1048 Zacharias
2356 995 2543 1048 dicens
2575 1013 2588 1049 :
2631 1013 2649 1046 ι
2687 994 2924 1064 Angelus
2973 994 3068 1049 Dei
3105 1011 3206 1066 ego
3238 997 3417 1050 vobis-

1838 1099 1962 1138 cum
2010 1100 2152 1152 sum,
2183 1086 2315 1139 dicit
2339 1086 2597 1141 Dominus
2620 1089 2962 1157 omnipotens
2991 1089 3035 1121 “
3072 1104 3087 1142 :
3131 1105 3152 1142 ι
3186 1088 3418 1144 etJoan-

1847 1190 1967 1240 nes,
1995 1176 2062 1230 de
2088 1192 2195 1245 quo
2228 1178 2489 1246 scriptum
2517 1187 2600 1231 est
2627 1179 2672 1209 ⁸³
2710 1196 2724 1233 :
2763 1198 2780 1230 ι
2817 1179 2953 1233 Ecce
2984 1194 3085 1250 ego
3130 1181 3286 1234 mitto
3311 1197 3412 1234 an-

1836 1266 2016 1336 gelum
2069 1282 2246 1321 meum
2282 1279 2408 1320 ante
2439 1267 2635 1321 faciem
2675 1277 2845 1334 tuam,
2892 1288 2910 1320 ι
2970 1269 3050 1324 sic
3101 1269 3263 1324 etiam
3319 1270 3412 1324 Dei

1835 1359 2009 1429 angeli
2044 1360 2149 1414 hoc
2179 1359 2447 1414 vocabulo
2481 1374 2874 1428 nuncupantur,
2902 1371 3124 1431 propter
3151 1361 3411 1427 oliicium,

1835 1461 1888 1504 et
1912 1466 2016 1505 non
2049 1459 2273 1520 propter
2297 1461 2549 1504 naturam
2584 1453 2756 1506 vocati
2788 1451 2910 1505 viri.
2939 1451 3208 1507 Praeterea
3239 1455 3412 1524 magis

1833 1541 1996 1597 etiam
2022 1542 2123 1596 hoc
2140 1543 2517 1597 corroborabit
2533 1545 2786 1612 quoniam
2810 1546 3024 1598 nomina
3045 1545 3096 1598 in
3115 1546 3408 1601 virtutibus

1833 1633 2308 1703 prmstantioribus
2359 1651 2466 1689 non
2523 1651 2844 1688 naturarum
2906 1637 3221 1690 animalium
3280 1651 3408 1693 sunt

1832 1726 2077 1793 nomina,
2127 1729 2222 1783 sed
2273 1727 2546 1792 ordinum,
2581 1743 2716 1798 quos
2745 1729 2860 1783 hate
2910 1739 2964 1784 et
3005 1729 3121 1786 haec
3171 1731 3407 1789 rationis

132 1816 278 1870 ἀλλὰ
323 1816 573 1888 ὀνόματα
633 1817 1012 1888 πραγμάτων,
1062 1819 1150 1885 ἐφ’
1195 1811 1270 1870 ὧν
1317 1817 1628 1889 ἐτάχθησαν
1689 1834 1702 1871 ι

1839 1833 2066 1889 compos
2115 1828 2308 1873 natura
2361 1818 2554 1873 sortita
2607 1820 2743 1874 sita
2795 1819 2948 1874 Deo:
2985 1821 3213 1878 thronus
3260 1825 3406 1878 enim

121 1908 272 1962 οὕτω
304 1911 869 1981 προσαγορευόμενοι,
897 1902 972 1963 ὧν
1003 1909 1065 1963 τὸ
1092 1909 1449 1980 ὑποκείμενον
1475 1910 1575 1961 οὐκ
1604 1907 1733 1962 ἄλλο

121 2000 174 2051 τί
197 2003 360 2054 ἔστιν
393 2002 429 2072 ἢ
456 2001 768 2072 ἄνθρωπος,
798 2003 892 2055 καὶ
919 2000 1000 2072 τῷ
1041 1999 1386 2071 ὑποκειμένῳ
1417 1998 1734 2070 συμϐέϐηκε

121 2090 184 2143 τὺ
215 2090 406 2162 θρόνῳ
435 2087 598 2155 εἶναι,
634 2093 668 2163 ἢ
703 2093 1002 2164 κυριότητι,
1034 2090 1067 2162 ἢ
1094 2091 1262 2162 ἀρχῇ,
1291 2090 1324 2161 ἢ
1355 2090 1592 2161 ἐξουσίᾳ.
1624 2089 1733 2143 Καὶ

123 2182 184 2234 ἐν
219 2182 310 2253 τῷ
365 2185 546 2255 Ἰησοῦ
581 2185 638 2238 δὲ
665 2185 742 2254 τῷ
776 2184 870 2237 τοῦ
901 2185 1059 2256 Ναυῆ
1100 2188 1274 2239 κεῖται
1304 2184 1398 2237 τό·
1445 2183 1623 2253 Ὠφθη
1655 2181 1734 2253 τῷ

136 2273 327 2344 Ἰησοῦ
354 2275 650 2347 ἄνθρωπος
689 2279 745 2329 ὲν
788 2275 1018 2348 Ἱεριχὼ,
1056 2276 1114 2340 ὃς
1146 2293 1338 2348 φησιν·
1381 2294 1399 2327 ι
1458 2273 1600 2344 Ἐγὼ
1630 2275 1732 2346 ἀρ-

124 2366 507 2437 χιστράτηγος
550 2369 756 2440 Κυρίου
799 2369 1081 2439 δυνάμεως
1121 2369 1240 2421 νυνὶ
1279 2367 1651 2439 παραγέγονα.
1706 2385 1725 2418 ι

128 2456 294 2509 Κατὰ
334 2456 501 2510 τοῦτο
539 2454 654 2524 οῦν,
703 2459 778 2522 ὡς
827 2461 939 2512 ἴσον
976 2459 1304 2530 δυνάμενον,
1341 2460 1637 2531 ἐκλήψεται
1671 2459 1733 2515 τὸ

129 2547 247 2614 φῶς
269 2547 384 2600 τῶν
415 2549 721 2621 ἀνθρώπων
751 2551 844 2604 καὶ
878 2551 994 2620 φῶς
1029 2552 1228 2614 παντὸς
1261 2551 1500 2620 λογικοῦ,
1533 2552 1732 2617 παντὸς

130 2639 353 2707 λογικοῦ
397 2641 478 2712 τῷ
510 2644 629 2695 κατ’
661 2644 843 2696 εἰκόνα
871 2643 965 2697 καὶ
1002 2644 1262 2714 ὁμοίωσιν
1290 2640 1430 2698 εἶναι
1468 2644 1605 2698 Θεοῦ
1633 2647 1730 2700 ἀν-

131 2731 356 2802 θρώπου
392 2735 772 2805 τυγχάνοντος.
821 2737 894 2788 Τὸ
931 2736 1060 2788 αὐτὸ
1094 2737 1343 2806 μέντοι-γέ
1382 2739 1498 2790 ἐστι
1525 2739 1732 2810 τριχῶς

128 2825 560 2898 ὀνομαζόμενον,
591 2828 720 2895 Φῶς
744 2829 861 2882 τῶν
889 2831 1236 2898 ἀνθρώπων,
1269 2832 1364 2884 καὶ
1390 2829 1728 2897 ἁπαξαπλῶς

131 2917 282 2984 Φῶς,
316 2921 417 2972 καὶ
447 2919 580 2986 Φῶς
623 2922 946 2987 ἀληθινόν·
983 2921 1098 2992 φῶς
1139 2923 1237 2992 μὲν
1265 2918 1360 2976 οὖν
1402 2923 1726 2994 ἀνθρώπων,

134 3008 272 3076 ἦτοι,
301 3011 385 3075 ὼς
417 3012 925 3084 προαποδέδεικται,
962 3014 1172 3078 οὐδενὸς
1204 3014 1506 3078 κωλύοντος
1534 3015 1594 3068 τὸ
1636 3017 1730 3069 ὲκ-

132 3101 434 3173 λαμϐἀνειν
472 3106 567 3160 καὶ
610 3106 814 3178 ἐτέρων
849 3107 998 3179 παρὰ
1035 3107 1126 3162 τὸν
1167 3106 1453 3179 ἄνθρωπον
1481 3103 1622 3161 εἶναι
1667 3106 1726 3160 τὸ

133 3197 269 3262 φῶς,
294 3196 329 3267 ἣ
363 3197 587 3252 πάντων
615 3199 725 3251 τῶν
751 3199 1003 3268 λογικῶν,
1027 3199 1114 3254 διὰ
1139 3200 1202 3254 τὸ
1231 3202 1354 3255 κατ’
1380 3200 1564 3255 εἰκόνα
1591 3199 1725 3254 Θεοῦ

133 3288 416 3354 γεγονέναι
445 3289 753 3361 ἀνθρώπων
781 3292 1152 3360 καλουμένων.

1839 1925 1943 1965 non
1971 1911 2182 1980 species
2222 1910 2473 1964 animalis
2499 1921 2602 1977 est,
2641 1927 2816 1983 neque
2843 1913 3201 1983 principatus,
3231 1929 3409 1983 neque

1835 2002 2151 2066 dominatio,
2204 2017 2380 2071 neque
2408 2013 2647 2071 petestas
2680 2003 2890 2072 species
2935 2015 3062 2058 sunt
3111 2006 3362 2062 animalis
3390 1989 3442 2073 ,’

1835 2093 1932 2147 sed
1972 2107 2153 2146 rerum
2199 2092 2418 2146 nomina
2448 2131 2463 2157 ,
2512 2094 2564 2146 in
2613 2094 2810 2162 quibus
2839 2093 3072 2148 ordinati
3111 2105 3276 2159 sunt,
3314 2098 3408 2166 qui

1834 2185 1914 2240 sic
1949 2183 2299 2255 appellantur
2327 2224 2342 2249 ,
2372 2200 2604 2256 quorum
2637 2186 2938 2255 subjectum
2974 2186 3107 2241 nihil
3143 2186 3289 2242 aliud
3313 2189 3409 2256 sit,

1832 2292 1994 2346 quam
2034 2278 2226 2342 homo,
2252 2276 2891 2347 cuisubjectocontingat
2925 2293 3047 2334 esse
3071 2280 3151 2335 vel
3184 2282 3407 2348 throno,

1834 2368 1918 2424 vel
1965 2369 2348 2435 dominationi,
2378 2368 2462 2424 vel
2494 2370 2824 2439 principatui
2847 2412 2862 2436 ,
2903 2373 2983 2426 vel
3029 2374 3304 2442 potestati.
3338 2374 3406 2428 Et

1836 2461 1888 2515 in
1920 2458 2045 2516 Jesu
2076 2460 2229 2516 Nave
2255 2462 2475 2531 ponitur
2516 2462 2675 2527 illud,
2707 2463 2864 2518 Visus
2896 2473 2978 2518 est
3013 2463 3138 2520 Jesu
3173 2465 3274 2534 ipsi
3304 2467 3406 2520 ho-

1831 2565 1922 2606 mo
1961 2551 2014 2606 in
2051 2550 2310 2616 Jericho,
2363 2552 2456 2621 qui
2508 2553 2726 2621 inquit:
2767 2570 2786 2603 ι
2824 2553 2936 2623 Ego
2986 2569 3105 2608 sum
3153 2557 3408 2626 princeps

1833 2643 2108 2699 exercitus
2134 2643 2392 2713 potentiae
2422 2643 2657 2706 Domini,
2707 2660 2849 2698 nunc
2874 2646 3079 2699 accessi
3123 2644 3190 2697 “.
3243 2664 3261 2697 ι
3306 2645 3407 2699 Se-

1833 2735 2069 2790 cundum
2111 2733 2216 2787 hoc
2245 2747 2374 2803 ergo
2403 2773 2420 2798 ,
2449 2743 2506 2786 ut
2536 2748 2691 2802 :eque
2715 2735 2920 2799 valens,
2952 2736 3406 2806 interpretabitur

1831 2825 2006 2882 lucem
2057 2826 2337 2881 hominum
2393 2825 2568 2879 lucem
2624 2828 2786 2880 etiam
2818 2842 2939 2881 esse
2969 2827 3266 2895 cujuslibet
3313 2829 3401 2898 qui

1832 2918 2060 2973 rationis
2091 2919 2162 2971 sit
2197 2931 2439 2986 compos,
2468 2918 2671 2987 quippe
2695 2920 2820 2987 quia
2851 2919 2919 2971 sit
2944 2919 3128 2986 homo,
3157 2920 3223 2972 ad
3257 2920 3398 2972 ima-

1830 3012 2008 3082 ginem
2047 3021 2103 3064 et
2158 3010 2576 3066 similitudinem
2634 3013 2750 3066 Dei.
2802 3012 2944 3066 Sane
2974 3013 3063 3064 lux
3097 3013 3210 3080 ipsa
3245 3012 3405 3065 trifa—

1832 3105 1968 3157 riam
2006 3102 2336 3167 nominatur,
2385 3101 2477 3154 tua:
2506 3103 2811 3167 hominum,
2845 3113 2899 3157 et
2938 3102 3258 3172 simpliciter
3285 3102 3401 3172 lux,

1834 3205 1889 3249 et
1915 3196 2008 3248 tua:
2046 3211 2188 3248 cera.
2225 3196 2402 3266 Atque
2451 3194 2543 3247 lux
2583 3195 2802 3263 quidem
2848 3206 2931 3248 est
2968 3195 3269 3258 hominum,
3320 3196 3402 3248 vel

1833 3287 1977 3356 quod
2005 3327 2021 3352 ,
2054 3293 2115 3339 ut
2152 3295 2278 3340 ante
2326 3296 2600 3342 ostensum
2644 3297 2727 3342 est
2752 3327 2766 3351 ,
2800 3287 2932 3340 nihil
2968 3273 3249 3356 prohibeat
3278 3301 3398 3340 eam

136 3380 441 3450 intelligere
471 3382 645 3437 lucem
695 3386 858 3439 etiam
892 3385 1120 3440 aliorum
1151 3393 1348 3455 praeter
1376 3386 1650 3440 hominem
1680 3397 1823 3448 esse,
1861 3381 1940 3434 vel
1977 3379 2120 3447 quod
2145 3393 2334 3434 omnes
2364 3380 2458 3450 qui
2490 3380 2716 3436 rationis
2738 3388 2863 3435 sunt
2897 3389 3194 3450 compotes,
3219 3379 3401 3435 homi-

147 3491 240 3531 nes
266 3488 557 3543 vocentur,
592 3479 716 3545 quia
752 3477 876 3532 facti
909 3481 1021 3532 sint
1047 3481 1113 3534 ad
1139 3479 1429 3551 imaginem
1462 3488 1516 3533 et
1545 3477 1954 3533 similitudinem
1987 3474 2100 3530 Dei.

218 3571 372 3622 Ἐπεὶ
426 3569 486 3622 δὲ
544 3568 661 3636 φῶς
723 3569 1059 3634 ἁπαξαπλῶς
1109 3570 1340 3625 ἐνταῦθα
1399 3572 1498 3642 μὲν
1531 3573 1559 3625 6
1601 3573 1715 3624 Σω-

137 3662 256 3732 τὴρ,
293 3664 354 3715 ὲν
373 3662 432 3714 δὲ
455 3663 520 3732 τῇ
550 3661 827 3733 Καθολικῇ
853 3662 945 3716 τοῦ
971 3661 1135 3716 αὐτοῦ
1165 3663 1411 3717 Ἰωάννου
1428 3663 1713 3734 Ἐπιστολῇ

134 3752 356 3820 λέγεται
394 3755 426 3807 6
458 3753 590 3818 Θεὸς
616 3750 756 3808 εἶναι
787 3754 922 3824 φῶς,
958 3757 986 3808 6
1026 3754 1124 3825 μέν
1162 3773 1243 3818 τις
1269 3755 1438 3808 οἴεται
1477 3755 1588 3826 (75)
1621 3755 1716 3808 καὶ

134 3846 382 3900 ἐντεῦθεν
427 3845 932 3908 κατασκευάζεσθαι
963 3849 1027 3918 τῇ
1071 3847 1228 3918 οὐσίᾳ
1260 3846 1334 3918 μὴ
1376 3847 1715 3918 διεστηκέναι

132 3937 222 3990 τοῦ
255 3937 388 3990 Υξοῦ
417 3937 512 3990 τὸν
538 3939 793 4009 Πατέραο
835 3939 863 3990 6
907 3938 965 3991 δέ
1001 3955 1085 4002 τις
1123 3939 1514 4010 ἀκριϐέστερον
1551 3940 1722 4011 τηρή-

134 4045 248 4092 truc.
275 4031 307 4082 6
345 4030 443 4081 καὶ
469 4029 786 4100 ὑγιέστερον
826 4029 1018 4097 λέγων,
1061 4031 1225 4100 φήσει
1255 4030 1317 4083 οὐ
1353 4029 1550 4083 ταύτὸν
1581 4024 1719 4084 εἶναι

131 4120 195 4174 τὸ
219 4124 411 4190 φαῖνον
445 4125 504 4175 ὲν
539 4125 604 4192 τῇ
641 4121 833 4193 σκοτίᾳ
869 4122 1003 4190 φῶς,
1040 4122 1134 4174 καὶ
1185 4122 1260 4192 μὴ
1305 4122 1722 4193 καταλαμϐανό-

136 4231 292 4283 μενον
343 4213 438 4267 ὑπ’
471 4214 663 4284 αὐτῆς,
711 4213 804 4266 καὶ
839 4213 902 4266 τὸ
946 4213 1081 4284 φῶς,
1121 4215 1179 4266 ὲν
1222 4208 1267 4282 ᾧ
1303 4213 1556 4284 οὐδαμῶς
1600 4215 1717 4267 ἐστι

134 4306 344 4359 σκοτία.
381 4305 456 4359 Τὸ
497 4305 598 4376 μὲν
622 4306 732 4377 γάρ
771 4307 958 4374 φαῖνον
985 4307 1042 4358 ὲν
1066 4307 1132 4376 τῇ
1161 4305 1349 4376 σκοτίᾳ
1381 4304 1516 4374 φῶς,
1550 4305 1716 4358 οἱονεὶ

133 4397 428 4468 ἐπέρχεται
481 4397 547 4468 τῇ
601 4396 808 4468 σκοτίᾳ·
855 4397 950 4450 καὶ
1003 4396 1330 4467 διωκόμενον
1375 4397 1469 4450 ὑπ’
1515 4397 1708 4467 αὐτῆς,

135 4490 250 4551 καὶ,
314 4490 381 4542 ἶν’
437 4489 613 4553 οὕτως
670 4488 830 4556 εἴπω,
889 4488 1370 4560 ἐπιϐουλευόμενον
1430 4489 1490 4542 οὐ
1542 4505 1712 4541 κατα-

134 4580 501 4652 λαμϐάνεταιο
545 4583 605 4636 τὸ
639 4584 696 4637 δὲ
755 4583 890 4653 φῶς,
943 4584 1002 4636 ὲν
1052 4577 1098 4651 ᾧ
1142 4581 1369 4652 οὐδεμία
1426 4581 1543 4634 ἐστὶ
1584 4597 1713 4634 σκο-

133 4675 245 4739 τία,
269 4674 399 4728 οὔτε
433 4677 611 4745 φαίνει
640 4679 700 4731 ἐν
841 4677 1050 4747 σκοτίᾳ,
1081 4676 1205 4728 οὐτε
1244 4674 1341 4746 τὴν
1381 4674 1555 4744 ἀρχὴν
1589 4673 1714 4727 διώ-

136 4785 290 4822 κεται
334 4769 428 4822 ὑπ’
477 4769 669 4838 αὐτῆς,
719 4769 805 4822 ἵνα
847 4769 943 4822 καὶ
992 4769 1070 4832 ὡς
1119 4766 1284 4820 νικῶν
1324 4767 1712 4837 ἀναγράφηται

205 4892 250 4922 ⁸⁸
270 4888 411 4944 Gen.
441 4907 597 4956 xvm,
619 4891 654 4944 2
676 4899 730 4962 et
753 4907 867 4962 seq.

137 4961 267 5016 an.
300 4978 395 5024 vn,
423 4962 510 5015 27.
605 4963 651 4993 ⁵⁸
681 4961 794 5015 Jos.
827 4956 881 5026 ν,
916 4962 1006 5024 15,
1038 4961 1126 5016 Η.
1209 4961 1253 4992 ⁸⁸
1284 4958 1302 5012 Ι
1332 4958 1490 5012 Joan.
1524 4974 1564 5021 ι,
1609 4956 1664 5011 5ζ

203 5058 314 5125 (75)
345 5058 572 5125 Ὥσπερ
631 5058 790 5125 παρὰ
837 5057 960 5122 τοῖς
1012 5054 1564 5125 ὁμολογουμένοιςε-
1597 5063 1704 5109 etc.

137 5123 556 5183 Observavimus
582 5123 744 5194 supra
773 5131 838 5181 ad
871 5123 1126 5196 Origenis
1153 5123 1278 5180 tom.
1307 5123 1385 5178 iul
1418 5125 1475 5178 in
1510 5123 1704 5196 Matth.

137 5215 292 5252 unum
354 5200 457 5251 hoc
515 5197 690 5252 fuisse
742 5213 808 5252 ex
859 5195 989 5263 ejus
1030 5197 1396 5267 dogmatibus,
1454 5195 1709 5250 homines

130 5280 348 5322 sanctos
386 5270 611 5333 angelos
639 5284 780 5322 esse.
821 5267 1086 5322 Hunnus.

201 5339 310 5409 (74)
341 5340 568 5407 Θρόνος
590 5337 702 5406 γὰρ
720 5341 832 5392 οὐκ
865 5333 1025 5404 εἶδος
1055 5335 1220 5409 (dimi,
1245 5345 1350 5409 etc.
1369 5334 1470 5409 “Ex
1494 5336 1598 5396 hoc
1625 5335 1705 5389 lo-
1739 5367 1760 5384 ο.

131 5405 299 5462 ωει
339 5405 770 5478 praecedentibus
812 5409 1019 5478 angelis
1076 5415 1143 5478 et,
1181 5405 1701 5478 hominibusdunam

132 5476 479 5546 eamdemque
533 5488 791 5533 naturam
860 5476 1075 5534 videtur
1121 5477 1393 5546 Origenes
1437 5476 1698 5530 tribuere.

137 5546 297 5616 Hujus
325 5544 486 5618 super
526 5564 590 5601 ea
633 5566 692 5602 re
723 5549 1026 5604 doctrinam
1079 5549 1197 5603 fuse
1230 5544 1304 5600 in
1358 5544 1696 5616 Origenianis

131 5621 496 5686 expendimus.
539 5618 616 5672 In.

201 5685 307 5761 (75)
348 5690 401 5743 '0
435 5691 554 5761 μέν
583 5708 676 5754 τις
701 5691 904 5761 οἴεται,
934 5697 1042 5745 etc.
1098 5687 1233 5742 llinc
1269 5699 1456 5738 ansam
1489 5685 1694 5761 calum-

137 5755 307 5815 niandi
341 5755 593 5829 Origenis
629 5761 796 5826 arripi
831 5760 1048 5812 minime
1096 5773 1250 5824 posse
1283 5765 1463 5829 monet
1498 5755 1691 5829 Ferra-

134 5836 274 5899 rius;
327 5826 455 5890 non
485 5833 633 5888 enim
685 5831 897 5886 Patrem
944 5829 1174 5896 ejusdem
1226 5840 1347 5884 esse
1375 5826 1690 5882 substantia:

1899 3567 2133 3638 7618.
2167 3567 2305 3634 Quia
2354 3581 2484 3620 vero
2513 3564 2601 3618 lux
2650 3565 2972 3632 simpliciter
3021 3565 3125 3619 hoc
3169 3563 3224 3617 in
3279 3561 3398 3618 loco

1830 3658 2091 3714 Servator
2115 3700 2130 3723 ,
2167 3660 2218 3714 in
2256 3659 2425 3727 ipsius
2455 3671 2584 3711 vero
2613 3656 2839 3710 Joannis
2872 3656 3150 3710 Catholica
3179 3655 3398 3724 Episto-

1826 3755 1874 3814 la
1905 3757 1972 3824 ⁸⁵,
2006 3757 2147 3812 Deus
2171 3755 2260 3810 lux
2294 3769 2413 3808 esse
2444 3753 2664 3816 dicitur,
2699 3751 2836 3805 alius
2862 3751 3078 3821 quidem
3111 3751 3394 3804 existimat

1824 3849 1988 3902 etiam
2017 3848 2142 3902 hinc
2173 3847 2397 3917 colligi,
2439 3846 2654 3901 Patrem
2688 3861 2716 3898 a
2757 3843 2898 3898 Filio
2928 3843 3232 3898 substantia
3282 3858 3388 3896 non

1817 3941 2055 3996 diﬂ‘erre.
2090 3940 2192 4008 Qui
2234 3955 2364 3994 vero
2394 3948 2450 3996 et
2496 3937 2812 4008 diligentius
2854 3935 3160 3991 observarit
3203 3945 3261 3991 et
3308 3951 3395 3988 re-

1821 4035 1960 4089 ctius
2009 4033 2220 4088 locutus
2265 4031 2449 4096 fuerit,
2481 4031 2623 4085 dicet
2651 4046 2755 4084 non
2791 4030 2928 4083 idem
2965 4044 3102 4094 esse,
3157 4028 3247 4082 lux
3277 4043 3398 4096 qme

1817 4126 1869 4180 in
1903 4123 2144 4179 tenebris
2178 4123 2354 4177 luceat
2376 4161 2392 4190 ,
2427 4121 2629 4174 abillis
2666 4135 2772 4174 non
2799 4119 3167 4189 apprehensa,
3201 4125 3256 4170 et
3300 4116 3392 4170 lux

1816 4217 1872 4272 in
1905 4233 2011 4286 qua
2064 4215 2482 4282 haudquaquam
2537 4213 2648 4267 sint
2700 4213 2960 4267 tenebrae.
3011 4209 3289 4278 Siquidem
3327 4221 3392 4259 ea

1819 4309 1912 4364 lux
1939 4324 2058 4379 quae
2094 4309 2146 4364 in
2184 4307 2426 4362 tenebris
2458 4307 2601 4362 lucet
2630 4346 2646 4372 ,
2678 4315 2934 4375 tanquam
2965 4302 3279 4374 supervenit
3311 4313 3392 4356 te-

1822 4402 2008 4456 nebris
2037 4419 2051 4469 ;
2090 4414 2324 4468 cumque
2359 4399 2426 4454 ab
2450 4399 2584 4468 ipsis
2605 4399 3032 4468 persecutionem
3059 4396 3262 4465 patitur
3281 4435 3296 4459 ,
3316 4407 3392 4457 et,

1820 4500 1878 4544 ut
1901 4492 1974 4546 ita
2014 4493 2216 4555 dicam,
2255 4489 2468 4544 insidiis
2499 4490 2724 4558 petitur,
2754 4504 2858 4543 non
2890 4487 3390 4557 comprehenditur.

1816 4584 1887 4638 At
1918 4583 2014 4638 lux
2047 4583 2099 4637 in
2133 4598 2236 4652 qua
2273 4583 2432 4638 nullae
2465 4591 2594 4638 sunt
2624 4583 2882 4643 tenebrae,
2917 4593 3094 4649 neque
3140 4579 3284 4633 lucet
3332 4580 3386 4632 in

1819 4675 2077 4738 tenebris,
2121 4689 2296 4742 neque
2341 4673 2450 4729 ullo
2483 4674 2644 4728 modo
2673 4673 2742 4727 ab
2775 4671 2906 4740 ipsis
2948 4671 3384 4739 persecutionem

1815 4768 2043 4836 patitur,
2066 4777 2125 4822 ut
2145 4783 2246 4823 ceu
2279 4768 2508 4823 vincens
2532 4765 2746 4840 publice
2778 4763 3109 4829 declaretur,
3139 4763 3284 4833 quod
3319 4768 3388 4818 ab

960 4891 1002 4922 ⁶¹
1040 4890 1172 4943 ihid.
1206 4904 1322 4947 xu.
1351 4888 1402 4940 i.
1485 4888 1530 4920 ⁶⁹
1563 4888 1702 4958 Agga

1851 4888 1934 4944 15.
2017 4889 2062 4922 ⁸³
2094 4889 2324 4945 Malach.
2355 4904 2438 4954 ut,
2473 4889 2534 4956 i;
2571 4887 2761 4943 Matth.
2789 4902 2864 4952 ιι,
2902 4885 3005 4952 1ος
3043 4883 3213 4940 Marc.
3245 4899 3288 4951 ι,
3317 4883 3386 4943 9.;

1814 5069 1876 5108 ac
1907 5053 2105 5108 Filium
2161 5067 2362 5122 negare
2415 5051 2506 5106 hic
2550 5051 2952 5122 Adamantium,
2984 5048 3148 5122 quod
3200 5045 3390 5122 multis

1815 5125 1931 5194 ipse
1966 5123 2167 5191 alioqui
2199 5118 2328 5177 locis
2363 5132 2550 5194 aperte
2571 5123 2758 5194 docet:
2794 5121 2888 5174 sed
2913 5118 3246 5194 inliCiari_cx
3283 5118 3384 5194 hoc

1809 5187 1930 5249 loco
1965 5196 2014 5250 id
2049 5187 2226 5260 colligi
2253 5187 2430 5260 posse.
2488 5193 2558 5246 At
2585 5191 2755 5245 lucem
2787 5201 2964 5245 tamen
3001 5204 3125 5260 quae
3154 5187 3301 5241 lucet
3322 5189 3383 5260 in

1813 5265 2073 5328 tenebris,
2123 5259 2401 5330 Christum
2439 5277 2634 5330 nempe
2680 5260 2779 5330 qui
2812 5263 2863 5312 in
2916 5259 3176 5312 mundum
3212 5259 3382 5323 venit,

1809 5344 1862 5388 et
1889 5344 2138 5388 naturam
2165 5328 2456 5387 humanam
2489 5328 2681 5395 induit,
2710 5345 2739 5382 a
2771 5329 2886 5384 lucc
2915 5329 3008 5385 illa
3031 5343 3152 5397 qua:
3183 5342 3288 5381 non
3327 5330 3378 5384 in

1812 5407 2048 5459 tenebris
2075 5405 2240 5467 lucet,
2288 5403 2451 5456 Patre
2482 5401 2766 5467 videlicet,
2812 5412 3029 5465 separat
3059 5409 3114 5451 et
3158 5398 3382 5451 inferio-

1805 5489 1918 5528 rem
1943 5475 2170 5540 statuit;
2207 5466 2284 5526 ait
2307 5474 2450 5527 enim
2479 5490 2492 5526 :
2527 5466 2596 5542 ᾯ
2623 5471 2679 5524 δὲ
2705 5470 2847 5542 λόγῳ
2870 5471 2908 5542 ὀμ
2922 5469 3109 5542 Πατὴρ
3133 5468 3230 5537 τῆς
3257 5467 3381 5542 ἀλη-

1803 5544 1952 5609 θείας
1982 5544 2113 5608 Θεὸς
2157 5538 2360 5596 πλείων
2387 5544 2503 5596 ἐστὶ
2532 5538 2624 5595 καὶ
2658 5539 2859 5611 μείζων
2884 5539 2915 5610 ἢ
2943 5538 3168 5611 ἀλήθεια
3186 5554 3198 5566 ο
3221 5539 3322 5611 καὶ
3348 5538 3379 5594 6

1802 5608 1989 5690 Πατὴρ
2017 5615 2092 5690 ῶν
2119 5615 2310 5690 σοφίας
2338 5614 2606 5690 ,κρείττων
2639 5608 2755 5690 ἐστὶ
2785 5611 2878 5690 xuii
2905 5608 3174 5690 διαφέρων
3214 5609 3375 5690 ﬁneq-

1803 5687 1918 5755 φὶα,
1942 5677 2141 5756 ”’τούτῳ
2181 5677 2437 5758 (ineptiis:
2477 5683 2573 5758 τοῦ
2614 5677 2751 5758 εἶναι
2789 5677 3374 5758 φῶςάληθινόνκνιιιρ

1801 5749 1852 5812 ct
1882 5749 2000 5828 qua:
2023 5749 2489 5825 scq'uuntu'r."Sed
2525 5755 2589 5810 de
2622 5754 2704 5808 his
2733 5754 2783 5806 in
2804 5749 3171 5820 'OriLenianis.
3209 5749 3287 5806 in.
