3792 6146
361 378 467 436 155

1822 363 2147 427 ORIGENIS

3505 347 3606 402 156

359 495 492 566 ipsis
515 489 968 564 persequentibus
993 502 1101 544 non
1137 485 1209 542 sit
1237 484 1594 556 apprehensa.
1628 477 1814 536 Tertio
1846 477 1928 534 di-

2088 473 2110 544 ζ)
2153 470 2228 544 μὴ
2266 464 2778 540 καταλαμϐάνεσθαι
2804 463 2894 516 ὑπ’
2923 459 3096 532 αὐτῆς
3120 455 3440 528 διωκούσης.
3470 455 3608 527 Τρί-

358 549 506 644 citur
531 587 646 643 haec
669 549 780 648 lux,
809 601 828 635 ι
861 582 955 636 lux
982 594 1110 634 vera
1151 579 1218 631 “.
1260 597 1280 631 ι
1323 575 1440 644 Qua
1471 573 1725 644 portione
1747 580 1931 627 autem

2088 583 2123 619 ιν
2169 559 2238 636 ἦν
2283 563 2346 616 τὸ
2399 559 2689 631 λεγόμενον
2721 555 2879 610 τοῦτο
2923 555 2985 607 τὸ
3018 552 3157 622 φῶς,
3211 570 3230 602 ι
3273 549 3390 618 φῶς
3425 549 3611 621 ἀληθι-

361 679 525 734 Pater
561 675 828 740 veritatis,
875 671 1018 729 Deus
1055 670 1288 741 amplior
1331 680 1391 724 et
1434 667 1610 737 major
1645 675 1727 722 est
1767 678 1932 734 quam

360 770 597 838 veritas;
623 777 679 824 et
711 765 875 821 Pater
903 777 1027 819 cum
1049 762 1120 816 sit
1146 761 1450 832 sapientiae,
1477 759 1674 815 melior
1712 765 1768 812 et
1796 770 1936 825 prae-

361 861 595 916 stantior
644 868 727 914 cst
753 854 1044 927 sapientia,
1084 853 1184 908 hac
1227 852 1392 906 etiam
1433 849 1686 921 portione
1713 853 1938 917 superat

362 954 538 1009 lucem
575 964 697 1006 esse
722 962 930 1004 veram.
977 945 1233 1015 Apertius
1271 953 1450 999 autem
1493 940 1715 995 Patrem
1765 947 1820 993 et
1852 935 1938 992 Fi-

361 1047 494 1103 lium
521 1046 656 1102 duas
682 1042 949 1099 exsistere
975 1040 1124 1095 luces
1172 1053 1269 1108 per
1293 1038 1412 1092 haec
1437 1075 1453 1098 ,
1495 1051 1524 1090 a
1553 1033 1756 1088 Davide
1795 1032 1936 1089 scie-

364 1153 487 1195 mus
532 1136 742 1208 psalmo
786 1133 978 1203 quinto
1021 1139 1078 1185 et
1126 1130 1408 1200 trigesimo
1435 1128 1504 1193 ‘7,
1535 1127 1794 1183 dicente:
1825 1144 1842 1176 ι
1881 1125 1935 1178 In

365 1230 571 1286 lumine
623 1238 717 1283 tuo
758 1225 1063 1281 videbimus
1112 1222 1314 1276 lumen.
1367 1240 1386 1273 ι
1438 1220 1637 1274 Eadem
1671 1232 1808 1274 sane
1845 1216 1939 1271 lux

367 1320 650 1376 hominum
683 1318 735 1372 in
778 1315 1019 1371 tenebris
1051 1314 1235 1368 lucens
1257 1353 1271 1378 ,
1314 1331 1335 1364 ι
1374 1311 1462 1366 lux
1491 1325 1618 1364 vera
1647 1349 1663 1372 ,
1702 1327 1721 1360 ι
1755 1308 1809 1362 in
1852 1323 1940 1362 se—

365 1411 662 1481 quentibus
689 1407 966 1477 Evangelii
1003 1406 1089 1460 lux
1113 1419 1233 1459 esse
1270 1403 1453 1457 mundi
1479 1401 1700 1462 dicitur,
1726 1399 1941 1454 dicente

364 1505 494 1561 Jesu
524 1502 570 1535 ⁸⁸
597 1517 612 1556 :
641 1519 660 1552 ‹
699 1500 811 1571 Ego
846 1513 967 1554 sum
1001 1497 1091 1550 lux
1118 1494 1328 1550 mundi.
1365 1514 1384 1548 ι
1413 1493 1594 1562 Quare
1624 1506 1798 1561 neque
1835 1491 1942 1546 hoc

367 1600 610 1649 sinamus
639 1607 745 1645 non
788 1590 1228 1644 animadversum
1259 1627 1276 1651 ,
1308 1600 1407 1640 cur
1432 1627 1446 1647 ,
1499 1599 1623 1639 cum
1673 1583 1943 1653 potuisset

368 1684 611 1740 scribere
641 1682 833 1750 :Quod
879 1681 1080 1736 factum
1116 1688 1199 1735 est
1249 1678 1303 1734 in
1337 1678 1456 1748 ipso
1485 1675 1577 1730 lux
1617 1685 1736 1729 erat
1766 1676 1943 1730 homi-

373 1790 529 1843 num,
555 1784 613 1830 et
639 1773 730 1829 lux
778 1773 1063 1828 hominum
1105 1771 1217 1825 vita
1247 1778 1387 1833 erat,
1426 1767 1758 1824 contrarium
1791 1769 1941 1822 lece-

2033 660 2143 716 νόν.
2183 678 2202 712 ι
2227 652 2300 729 ᾯ
2329 655 2384 710 δὲ
2407 655 2552 724 λόγῳ
2578 653 2606 706 ὁ
2633 648 2823 720 Πατὴρ
2856 646 2956 716 τῆς
2981 643 3238 716 ἀληθείας
3257 642 3389 705 Θεὸς
3412 641 3610 693 πλείων

2035 749 2152 803 ἐστί
2189 747 2283 801 καὶ
2329 744 2529 818 μείζων
2577 742 2610 813 ἢ
2653 738 2882 812 ἀλήθεια
2919 735 3064 808 (76)·
3103 735 3198 789 καὶ
3237 736 3266 788 ό
3305 732 3496 803 Πατὴρ
3536 729 3612 785 ὢν

2037 839 2230 910 σοφίας
2261 837 2524 911 κρείττων
2570 833 2688 887 έστί
2725 830 2822 886 καὶ
2867 827 3142 900 διαφέρων
3186 826 3221 898 ἢ
3271 823 3431 894 σοφία
3477 823 3612 893 (77),

2033 931 2209 1001 τούτῳ
2241 929 2497 1000 ὑπερέχει
2518 925 2616 979 τοῦ
2648 919 2788 977 εἷναι
2817 921 2934 990 φῶς
2967 918 3236 990 ἀληθινόν.
3269 917 3616 988 Παραστατι-

2037 1019 2275 1091 κώτερον
2306 1019 2364 1071 δὲ
2397 1016 2490 1071 δύο
2531 1015 2684 1086 φῶτα
2714 1013 2806 1067 τὸν
2838 1011 3063 1083 Πατέρα
3093 1009 3188 1062 κα)¹
3214 1008 3307 1062 τὸν
3341 1007 3468 1060 Υἰὺν
3504 1005 3617 1061 ἀπὸ

2036 1109 2130 1164 τοῦ
2161 1107 2322 1163 Δαυῖδ
2345 1107 2633 1177 τυγχάνειν
2663 1103 2751 1157 διὰ
2775 1101 2981 1156 τούτων
3017 1096 3298 1169 εἰσόμεθα,
3333 1098 3425 1151 ὅτε
3450 1096 3605 1168 φησὶι

2038 1203 2096 1255 ὲν
2127 1196 2432 1272 τριακοστῷ
2463 1196 2699 1267 πέμπτῳ
2721 1191 2922 1263 ψαλμῷ
2947 1209 2962 1222 ·
3011 1210 3030 1244 ι
3080 1191 3170 1244 Ἐν
3197 1189 3336 1260 φωτί
3363 1205 3457 1242 σου
3491 1185 3625 1259 ὀψό-

2042 1293 2181 1367 μεθα
2212 1290 2348 1362 φῶς.
2383 1311 2401 1342 ι
2428 1287 2606 1343 Ταύτὸ
2628 1287 2685 1341 δὲ
2718 1286 2848 1341 αὐτὸ
2870 1285 2930 1338 τὸ
2953 1285 3068 1356 φῶς
3091 1282 3202 1337 τῶν
3232 1280 3537 1354 ἀνθρώπων
3559 1279 3626 1335 τὸ

2039 1388 2099 1440 ὲν
2141 1387 2208 1457 τῇ
2263 1382 2453 1454 σκοτίᾳ
2486 1384 2692 1452 φαῖνον,
2729 1398 2748 1431 ι
2789 1378 2850 1431 τὸ
2881 1376 3133 1449 ἀληθινὸν
3161 1374 3300 1446 φῶς,
3343 1393 3362 1426 ›
3408 1374 3466 1427 ὲν
3505 1374 3623 1436 τοῖς

2040 1478 2166 1550 ἑξῆς
2200 1476 2292 1530 τοῦ
2325 1473 2654 1543 Εὐαγγελίου
2690 1471 2804 1541 φῶς
2829 1469 2922 1523 τοῦ
2967 1469 3172 1540 κόσμου
3206 1465 3623 1538 ἀναγορεύεται,

2042 1570 2344 1639 φάσκοντος
2385 1563 2580 1638 Ἰησοῦ·
2617 1583 2635 1616 ι
2678 1562 2820 1633 Ἐγώ
2843 1564 2959 1633 εἰμι
2985 1561 3046 1614 τὸ
3073 1559 3191 1630 φῶς
3212 1558 3306 1613 τοῦ
3333 1560 3567 1630 κόσμου.
3603 1575 3612 1582 ·

2042 1662 2176 1716 Οὐδὲ
2208 1658 2365 1714 τοῦτο
2389 1660 2446 1713 δὲ
2474 1657 2932 1730 ἀπαρασήμαντον
2967 1653 3237 1725 ἐάσωμεν,
3275 1653 3379 1714 ὅτι,
3408 1651 3604 1721 svos-.10.

2047 1753 2207 1824 μένου
2240 1749 2572 1824 γεγράφθαι·
2615 1750 2680 1802 ’Ὀ
2709 1748 2932 1816 γέγονεν
2970 1746 3028 1798 ὲν
3073 1743 3221 1816 αὐτῷ
3263 1743 3380 1813 φῶς
3414 1739 3482 1814 ἦν
3517 1742 3627 1796 τῶν

366 1869 464 1936 rit,
515 1879 834 1938 praeponens
901 1865 1069 1920 vitam
1117 1861 1230 1917 luci
1307 1859 1634 1922 hominum,
1692 1859 1944 1940 quamvis

2088 1842 2366 1915 νθρὼπων,
2422 1841 2517 1896 καί.
2559 1841 2619 1893 τὸ
2653 1839 2768 1909 φῶς
2807 1839 2917 1893 τῶν
2964 1836 3264 1909 ἀνθρώπων
3297 1835 3409 1907 ζωὴ
3443 1830 3535 1905 ἦν,
3569 1834 3633 1887 τὸ

367 1959 510 2015 idem
534 1958 607 2013 sit
641 1974 662 2009 ι
685 1956 795 2012 vita
822 1974 842 2008 ι
872 1964 930 2011 et
955 1973 974 2006 ‹
1000 1954 1092 2008 lux
1115 1951 1394 2008 hominum
1423 1951 1490 2016 θ’,
1523 1969 1542 2003 ι
1562 1961 1619 2006 et
1650 1949 1940 2004 dicendum

368 2049 514 2119 quod
551 2049 604 2103 in
639 2047 725 2103 his
767 2046 860 2118 qui
905 2044 1200 2117 participes
1226 2053 1353 2098 sunt
1382 2042 1529 2109 vitae,
1559 2056 1680 2112 qua:
1726 2052 1814 2098 est
1852 2040 1944 2096 lux

367 2139 674 2203 hominum,
709 2139 942 2209 primum
978 2137 1134 2193 nobis
1159 2144 1418 2192 occurrat
1441 2135 1590 2206 ipsos
1612 2135 1794 2190 vivere
1825 2134 1942 2189 vita

368 2231 534 2286 beata
580 2238 638 2286 et
679 2239 838 2286 antea
878 2230 1059 2295 dicta;
1109 2228 1304 2283 deinde
1344 2241 1440 2282 eos
1473 2226 1739 2282 illustrari
1774 2241 1946 2296 δευρ-

368 2332 610 2396 ponatur
631 2323 778 2381 enim
802 2322 988 2378 vivere
1012 2329 1261 2392 oportet,
1289 2328 1346 2374 ut
1377 2319 1566 2374 vivens
1611 2318 1946 2373 illuminatus

369 2417 507 2484 ﬁat;
554 2431 659 2473 nee
701 2429 1044 2488 consequens
1096 2413 1265 2470 fuisse
1308 2413 1602 2469 illuminari
1631 2428 1754 2468 eum
1783 2452 1800 2476 ,
1852 2414 1944 2483 qui

370 2509 610 2565 nondum
649 2509 957 2566 intellectus
1001 2507 1195 2564 fuisset
1241 2508 1449 2574 vivere,
1494 2515 1551 2563 et
1595 2507 1945 2578 superinduci

371 2601 757 2658 llluminationi
785 2602 961 2672 ipsum
993 2600 1197 2656 vivere.
1232 2598 1494 2668 Quamvis
1522 2599 1669 2654 enim
1703 2599 1848 2656 idem
1876 2600 1948 2656 sit

375 2710 398 2744 ι
437 2692 548 2748 vita
575 2711 595 2745 ι
637 2702 692 2749 et
725 2712 744 2745 ι
772 2692 863 2748 lux
894 2690 1199 2756 hominum,
1226 2709 1247 2744 ι
1276 2690 1742 2747 considerationes
1766 2701 1946 2746 tamen

371 2784 668 2840 secundum
703 2783 852 2838 aliud
878 2791 932 2838 et
954 2782 1102 2836 aliud
1130 2789 1442 2836 sumuntur.
1485 2779 1612 2837 Haec
1644 2781 1828 2850 itaque
1855 2782 1948 2836 lux

374 2875 654 2931 hominum
697 2875 896 2931 dicitur
922 2875 1087 2929 etiam
1137 2873 1229 2927 lux
1268 2873 1512 2944 gentium
1543 2873 1682 2941 apud
1710 2874 1948 2943 prophe-

377 2979 491 3023 tam
526 2965 718 3023 lsaiam
747 2967 814 3031 ⁷ο,
841 2965 998 3036 juxta
1049 2963 1179 3020 illud
1213 2983 1228 3018 :
1269 2981 1286 3016 ι
1318 2963 1456 3018 Ecce
1480 2963 1634 3031 posui
1667 2973 1718 3017 te
1771 2965 1825 3017 in
1867 2973 1950 3018 te-

373 3069 703 3116 stamentum
753 3059 860 3131 77
889 3057 1144 3130 generis,
1187 3055 1241 3111 in
1289 3055 1465 3111 lucem
1496 3056 1738 3126 gentium
1777 3070 1793 3110 :
1829 3075 1850 3110 ι
1897 3065 1953 3111 et

2045 1936 2310 1990 ἀνάπαλιν
2344 1934 2644 2005 πεποίηκε·
2703 1932 2998 2002 προτάσσει
3043 1929 3152 2002 γὰρ
3195 1928 3294 2000 τὴν
3326 1928 3472 1999 ζωὴν
3513 1926 3630 1998 (78)

2045 2027 2137 2081 τοῦ
2157 2027 2266 2079 τῶν
2283 2024 2584 2097 ἀνθρώπων
2605 2025 2804 2094 φωτὸς,
2829 2026 2876 2077 εἰ
2898 2025 2994 2078 καὶ
3024 2022 3220 2076 ταύτόν
3251 2022 3366 2074 ἐστι
3396 2019 3511 2092 ζωὴ
3536 2020 3635 2073 καὶ

2045 2116 2348 2191 ἀνθρώπων
2382 2116 2516 2187 φῶς,
2542 2117 2620 2190 τῷ
2649 2116 3004 2190 προαπαντᾷν
3029 2116 3178 2186 ἡμᾶς
3205 2115 3298 2167 ἐπὶ
3322 2112 3431 2166 τῶν
3471 2128 3636 2183 μετε-

2046 2212 2247 2283 χόντων
2274 2211 2372 2282 τῆς
2407 2210 2552 2282 ζωῆς
2584 2209 2959 2282 τυγχανούσης
2989 2208 3084 2261 καί⁹
3116 2207 3292 2277 φωτὸς
3326 2204 3639 2276 ἀνθρώπων

2046 2303 2107 2356 τὸ
2131 2305 2229 2375 ζῇν
2257 2303 2453 2366 αὐτοὺς
2479 2303 2577 2373 τὴν
2605 2300 3013 2374 προειρημένην
3040 2299 3190 2353 θείαν
3219 2296 3366 2369 ζωὴν
3395 2297 3550 2369 παρὰ
3573 2296 3638 2351 τὸ

2047 2396 2386 2466 πεφωτίσθαι
2403 2413 2416 2426 ·
2444 2394 2764 2449 ὑποκεῖσθαι
2794 2393 2904 2466 γὰρ
2931 2392 3092 2446 δεῖτὸ
3118 2389 3236 2464 ζῇν,
3263 2392 3329 2445 ἵν’
3352 2394 3381 2444 ὁ
3402 2388 3512 2454 ζῶν
3537 2406 3639 2443 περ

2049 2485 2387 2558 φωτισμένος
2419 2486 2670 2556 γένηται·
2706 2484 2805 2537 οὐκ
2844 2479 2914 2555 ἦν
2962 2482 3019 2536 δὲ
3051 2479 3344 2535 ἀκόλουθον
3393 2480 3638 2550 πεφωτί-

2051 2577 2176 2633 σθαι
2202 2577 2292 2631 τὸν
2323 2576 2548 2650 μηδέπω
2578 2576 2675 2648 ζῇν
2706 2592 2859 2648 νενοη
2871 2573 3048 2646 μένον,
3074 2573 3166 2627 καὶ
3188 2571 3526 2640 ἐπιγίνεσθαι
3557 2571 3638 2642 τῷ

2050 2667 2389 2740 πεφωτίσθαι
2412 2668 2472 2722 τὸ
2495 2666 2614 2739 ζῇν.
2637 2668 2702 2721 Εἰ
2722 2668 2829 2739 γὰρ
2851 2667 2944 2720 καὶ
2964 2665 3159 2719 ταύτόν
3179 2665 3326 2717 ἐστιν
3356 2682 3376 2714 ‹
3410 2665 3443 2734 ἡ
3468 2660 3588 2732 ζωὴ
3613 2681 3632 2714 ι

2050 2761 2143 2815 καὶ
2194 2780 2212 2813 ‹
2253 2761 2314 2814 τὸ
2340 2759 2456 2830 φῶς
2485 2759 2592 2814 τῶν
2624 2758 2944 2832 ἀνθρώπων,
2999 2777 3016 2809 ι
3053 2757 3166 2811 ἀλλ’
3199 2757 3260 2810 αϊ
3287 2772 3352 2826 γε
3397 2754 3639 2809 ἐπίνοιαι

2051 2853 2175 2907 καθ’
2209 2852 2394 2924 ἓτερον
2442 2851 2536 2905 καὶ
2567 2851 2753 2921 ἕτερον
2797 2849 2909 2921 (79)
2941 2848 3329 2920 λαμϐάνονται.
3369 2844 3543 2899 Τοῦτο
3581 2843 3638 2898 δὲ

2051 2945 2114 2999 τὸ
2139 2945 2255 3016 φῶς
2287 2944 2395 2998 τῶν
2424 2942 2728 3014 ἀνθρώπων
2759 2942 2852 2995 καί
2883 2941 2998 3011 φῶς
3022 2940 3189 2995 ἐθνῶν
3221 2937 3374 3010 παρὰ
3400 2937 3477 3008 τῷ
3511 2953 3642 3008 προ-

2054 3039 2202 3111 φήτῃ
2242 3037 2438 3107 Ἡσαΐᾳ
2461 3035 2678 3104 λέγεται
2704 3034 2844 3088 κατὰ
2867 3035 2947 3088 τό·
2987 3050 3006 3084 ι
3057 3033 3186 3087 Ἰδοὺ
3217 3030 3436 3085 τέθεικά
3466 3046 3527 3082 σε
3559 3031 3640 3095 εἰς

376 3152 628 3208 huicluci
657 3120 1093 3208 coniis-usvDavid
1125 3120 1177 3206 in
1224 3162 1381 3206 sexto
1412 3158 1468 3206 et
1497 3120 1759 3222 vigesimo
1809 3150 1950 3219 psal—

2089 3130 2320 3200 ιαθήκην
2367 3127 2556 3198 γένους
2576 3167 2590 3192 ,
2630 3127 2709 3190 εἰς
2759 3125 2876 3196 φῶς
2927 3123 3098 3178 ἐθνῶν
3116 3142 3130 3157 ο
3175 3145 3194 3176 ι
3227 3124 3322 3178 καὶ
3355 3123 3530 3192 τούτῳ
3561 3120 3641 3192 τῷ

2171 3223 2185 3241 \
2217 3239 2273 3241 ρο
2289 3238 2345 3241 --
2361 3221 2405 3241 .n
2422 3219 2448 3241 ‘.
2470 3237 2485 3241 -
2503 3220 2525 3241 Δ
2563 3222 2581 3241 Δ
2600 3219 2714 3241 ---μειβ
2735 3236 2799 3241 η..
2816 3236 2894 3241 _._-.
2923 3219 2978 3241 ὲ-.
3003 3219 3112 3241 -ι---
3125 3215 3227 3241 ...⁸.
3250 3216 3364 3241 2----
3381 3233 3391 3241 ι
3409 3214 3512 3241 ,ιλ-δ
3529 3214 3637 3241 .-Γι-

377 3257 469 3298 mo
489 3243 536 3274 “
562 3242 779 3312 inquit:
821 3259 842 3295 ι
888 3243 1149 3299 Dominus
1176 3241 1504 3298 illuminatio
1543 3255 1664 3297 mea
1718 3250 1776 3298 et
1805 3240 1951 3297 salus

378 3351 516 3403 mea,
541 3351 700 3408 quem
737 3335 980 3393 timebo?
1010 3359 1028 3392 ι

451 3499 538 3555 l9.
568 3497 715 3554 Sane
731 3498 798 3553 ad
815 3513 908 3554 eos
923 3498 1012 3568 qui
1040 3497 1246 3569 ﬁngunt
1263 3495 1566 3552 fabulosum
1585 3497 1652 3551 de
1664 3496 1880 3552 saeculis
1898 3497 1952 3551 in

379 3590 856 3662 coniugationibus
878 3599 1264 3653 commentum,
1283 3599 1340 3645 et
1368 3589 1689 3645 existimant
1708 3605 1738 3643 a
1772 3599 1955 3646 mente

380 3693 437 3740 et
473 3683 707 3740 veritate
740 3698 1078 3748 sermonem,
1103 3685 1382 3752 vitamque
1405 3681 1519 3751 jam
1552 3687 1681 3736 ante
1720 3681 1955 3737 emissos

382 3785 437 3831 et
459 3775 758 3846 productos
793 3773 988 3841 fuisse,
1020 3773 1165 3828 haud
1214 3773 1509 3828 absurdum
1541 3779 1625 3826 est
1663 3772 1793 3826 talia
1838 3787 1958 3828 mo-

381 3881 512 3922 vere
557 3867 742 3921 dubia.
778 3865 1062 3934 Quomodo
1098 3867 1243 3921 enim
1279 3867 1388 3920 vita
1440 3866 1735 3934 sermonis,
1765 3873 1825 3919 ut
1855 3865 1956 3936 ipsi

385 3959 629 4026 tradunt,
662 3958 860 4030 conjux
888 3972 1011 4015 esse
1039 3959 1205 4015 sumit
1237 3959 1290 4014 in
1325 3957 1524 4013 marito
1550 3957 1574 4011 ἰ
1601 3975 1620 4010 ι
1649 3957 1807 4025 Quod
1837 3957 1956 4012 l'ac-

384 4061 499 4107 tum
539 4061 625 4108 est
655 4071 676 4106 ι
714 4054 884 4120 enim,
927 4053 1123 4124 inquit,
1175 4071 1195 4104 ι
1230 4053 1283 4107 in
1316 4054 1436 4124 ipso
1475 4072 1494 4106 ι
1545 4051 1780 4124 (scilicet
1823 4068 1960 4122 prae-

383 4145 531 4201 dicto
553 4144 830 4213 sermone)
869 4163 887 4198 ι
921 4145 1038 4200 vita
1074 4155 1193 4202 erat
1223 4147 1292 4201 ⁷¹.
1332 4166 1352 4199 ι
1391 4145 1584 4201 Dicant
1624 4160 1754 4216 ergo
1804 4147 1961 4200 nobis

384 4238 655 4306 quomodo
675 4235 874 4306 conjux
894 4236 1164 4293 sermonis
1194 4236 1302 4291 vita
1328 4235 1470 4290 facta
1505 4237 1580 4292 sit
1603 4236 1656 4291 in
1682 4250 1959 4302 sermone,

387 4340 448 4386 et
479 4330 754 4402 quomodo
791 4330 908 4399 ipsa
959 4328 1066 4383 vita
1111 4328 1293 4399 potius
1320 4342 1484 4397 quam
1529 4342 1709 4382 sermo
1757 4327 1846 4381 lux
1889 4326 1963 4382 sit

2054 3223 2194 3294 φωτὶ
2211 3219 2485 3284 πεποιθὼς
2501 3220 2530 3272 ό
2553 3219 2714 3273 Δαυῖδ
2730 3236 2894 3290 φησιν
2921 3219 2978 3271 ἐν
3001 3215 3230 3287 εἰκοστῷ
3250 3216 3394 3287 ’ἑκτῳ
3409 3214 3637 3286 ψαλμῷ·

2059 3335 2078 3367 ι
2120 3313 2323 3386 Κύριος
2351 3311 2631 3383 φωτισμός
2663 3328 2787 3382 μου,
2818 3310 2914 3364 καὶ
2942 3311 3128 3382 σωτήρ
3161 3325 3283 3381 μου,
3317 3308 3439 3361 τίνα
3467 3307 3641 3381 φοϐη-

2056 3409 2292 3478 θήσομαι
2313 3423 2328 3472 ;
2378 3425 2397 3457 ι

2124 3499 2267 3570 Πρὸς
2299 3497 2356 3551 δὲ
2395 3497 2520 3561 τοὺς
2571 3495 2670 3566 τὴν
2719 3494 2848 3567 περί
2889 3491 3101 3548 αἰώνων
3143 3491 3252 3562 (80)
3299 3490 3646 3545 ἀναπλάσαν-

2053 3609 2155 3654 τας
2181 3592 2239 3643 ὲν
2279 3587 2562 3657 συζυγίαις
2598 3585 2943 3658 μυθολογίαν,
2972 3583 3066 3636 καὶ
3095 3583 3370 3654 οἰομένους
3406 3581 3515 3635 ὑπὸ
3550 3579 3643 3635 νοῦ

2055 3683 2151 3738 καὶ
2199 3681 2456 3752 ἀληθείας
2503 3676 2899 3750 προϐεϐλῆσθαι
2956 3675 3114 3743 λόγον
3166 3674 3263 3728 καὶ
3325 3672 3494 3746 ζωὴν,
3544 3673 3645 3727 οὐκ

2057 3774 2319 3831 ἀπίθανον
2351 3773 2444 3828 καὶ
2472 3770 2646 3826 ταῦτα
2675 3768 2974 3840 ἀπορῆσαι.
3019 3766 3144 3832 Πῶς
3175 3768 3285 3838 γὰρ
3319 3767 3353 3837 ἡ
3389 3767 3512 3819 κατ’
3547 3767 3646 3819 αὐ-

2058 3870 2184 3933 τοὺς
2227 3867 2458 3936 σύζυγος
2485 3865 2578 3918 τοῦ
2607 3863 2767 3931 λόγου
2809 3859 2923 3931 ζωὴ
2948 3858 3010 3912 τὸ
3037 3859 3316 3929 γεγονέναι
3343 3860 3400 3910 ὲν
3427 3857 3507 3928 τῷ
3548 3873 3645 3911 συ-

2060 3961 2209 4032 ζύγῳ
2259 3958 2564 4030 λαμϐάνει;
2615 3975 2633 4007 ι
2688 3958 2753 4009 Ὃ
2795 3955 2989 4024 γέγονε
3037 3972 3055 4004 ι
3100 3952 3230 4023 γὰρ,
3277 3950 3462 4022 φησὶν,
3525 3967 3546 4000 ι
3587 3951 3647 4002 ὲν

2059 4053 2209 4125 αὐτῷ
2239 4073 2258 4104 ι
2285 4050 2548 4124 (δηλονότι
2572 4049 2650 4120 τῷ
2682 4045 3066 4122 προειρημένῳ
3093 4044 3234 4116 λόγῳ
3306 4061 3325 4095 ι
3357 4041 3471 4113 ζωὴ
3496 4036 3589 4124 ἦν.
3623 4059 3643 4093 ι

2060 4144 2386 4213 Λεγέτωσαν
2413 4138 2506 4195 οὖν
2540 4143 2670 4211 ἡμῖν
2710 4139 2828 4202 πῶς
2861 4140 2896 4210 ἡ
2945 4137 3176 4206 σύζυγος
3207 4133 3301 4188 τοῦ
3331 4133 3493 4202 λόγου
3527 4131 3649 4204 ξωὴ

2060 4237 2281 4307 γέγονεν
2315 4237 2372 4288 ὲν
2413 4231 2489 4304 τῷ
2533 4233 2695 4302 λόγῳ,
2746 4232 2841 4284 καὶ
2879 4231 2997 4294 πῶς
3040 4227 3238 4300 μᾶλλον
3268 4225 3363 4280 τοῦ
3396 4225 3559 4295 λόγου
3609 4227 3646 4297 η

2064 4327 2177 4398 ζωὴ
2212 4326 2328 4396 φῶς
2358 4328 2473 4378 ἐστι
2503 4323 2611 4378 τῶν
2645 4321 2970 4395 ἀνθρώπων.
3002 4321 3164 4385 Εἰκὸς
3194 4319 3252 4373 δὲ
3281 4320 3409 4382 τοὺς
3439 4319 3652 4387 εὐγνω-

387 4424 688 4480 hominum.
715 4423 916 4480 Verum
953 4421 1232 4476 enimvero
1277 4418 1561 4491 probabile
1613 4429 1716 4487 est,
1752 4429 1811 4473 ut
1855 4418 1954 4472 viri

2088 4417 2424 4488 ιονεστέρους
2493 4417 2550 4468 ὲν
2613 4417 2730 4478 ταῖς
2797 4413 3086 4486 ζητήσεσιν
3150 4409 3648 4482 ἀνατρεπομένους,

389 4515 612 4572 meliore
655 4524 835 4571 mente
863 4514 1107 4586 praediti,
1158 4513 1249 4582 qui
1297 4511 1687 4581 quaestionibus
1734 4527 1953 4580 permo-

2088 4510 2372 4582 πληγέντας
2399 4507 2503 4561 ὑπὸ
2529 4505 2624 4560 τοῦ
2656 4505 3081 4577 ἑπαπορήματος
3107 4503 3218 4576 (81)
3247 4503 3652 4574 ἀντερωτήσειν

386 4617 580 4662 ventur
632 4608 974 4663 dubitatione
1009 4608 1113 4661 hac
1159 4605 1415 4676 perculsi,
1466 4619 1533 4660 ex
1587 4604 1818 4658 adverso
1857 4620 1954 4659 nos

2088 4605 2234 4676 λμᾶς,
2262 4603 2354 4656 καὶ
2383 4603 2576 4664 αὐτοὺς
2610 4598 2979 4670 θλιϐομένους,
3025 4597 3120 4651 ἐὰν
3164 4596 3239 4668 μὴ
3272 4595 3524 4667 εὕρωμεν
3561 4595 3652 4649 αἰ-

388 4700 750 4770 interrogenl,
801 4709 1160 4772 urgeantque,
1208 4698 1263 4753 ni
1318 4698 1688 4753 invenerimus
1737 4712 1954 4752 causam

2088 4699 2204 4763 :iav,
2235 4697 2300 4750 δι’
2329 4696 2396 4767 ἥν
2442 4695 2564 4765 οὐχ).
2598 4693 2755 4762 λόγος
2792 4691 3005 4763 εἴρηται
3033 4691 3095 4744 τὸ
3139 4690 3254 4760 φῶς
3297 4689 3405 4744 τῶν
3433 4686 3650 4758 ἀνθρὼ-

388 4805 487 4862 per
519 4808 682 4862 quam
714 4808 895 4849 sermo
936 4809 1047 4848 non
1079 4793 1151 4849 sit
1193 4793 1374 4847 dictus
1403 4791 1496 4844 lux
1532 4791 1832 4854 hominum,
1866 4788 1954 4843 sed

2088 4807 2204 4853 των,
2265 4787 2378 4842 ἀλλ’
2412 4789 2446 4858 ἡ
2487 4785 2751 4855 γενομένη
2795 4783 2854 4835 ὲν
2893 4781 2971 4852 τῷ
3017 4781 3160 4851 λόγῳ
3203 4781 3346 4852 ζωήο
3384 4780 3522 4852 πρὸς
3552 4778 3650 4843 οὒς

389 4889 498 4943 vita
523 4904 644 4957 qua:
673 4889 815 4943 facta
859 4898 942 4944 est
980 4889 1034 4943 in
1071 4902 1322 4944 sermone
1365 4887 1488 4955 ipso
1524 4903 1540 4952 ;
1575 4883 1774 4953 quibus
1835 4883 1954 4937 talia

2088 4880 2292 4936 τοιαῦτα
2342 4876 2815 4950 ἁποκρινούμεθα’
2867 4875 2989 4927 Ὅτι
3038 4872 3150 4946 ζωὴ
3181 4872 3430 4927 -ὲνταῦθα
3479 4873 3578 4944 οὐχ
3611 4875 3648 4944 ή

389 4979 886 5050 respondebimus:
913 4981 1080 5036 vitam
1123 4985 1228 5036 boc
1273 4980 1326 5034 in
1355 4979 1474 5034 loco
1505 4993 1611 5032 non
1642 4992 1762 5032 eam
1797 4976 1958 5030 intel-

389 5072 479 5141 ligi
511 5087 673 5143 quam
700 5073 1068 5128 communiter
1109 5075 1437 5146 participant
1457 5084 1512 5130 et
1535 5073 1767 5128 rationis
1797 5087 1960 5142 capa-

2068 4973 2222 5044 κοινὴ
2262 4969 2494 5039 λογικῶν
2525 4967 2618 5021 καὶ
2652 4963 2861 5032 ἀλόγων
2903 4961 3142 5030 λέγεται,
3177 4961 3290 5015 ἀλλ’
3325 4963 3358 5033 ὴ
3407 4963 3652 5030 ἐπιγινο-

2069 5067 2207 5140 μένη
2234 5064 2310 5136 τῷ
2345 5065 2403 5115 ὲν
2434 5062 2566 5132 ἡμῖν
2593 5053 3072 5128 συμπληρουμένῳ
3101 5053 3246 5125 λόγῳ
3269 5053 3368 5124 τῆς
3412 5050 3650 5123 μετοχῆς

463 5167 510 5198 ⁸⁸
530 5141 692 5221 ξίοιιη.
726 5183 768 5234 ι,
793 5165 848 5222 9.
923 5166 966 5199 ⁸⁷
997 5141 1150 5225 Vers.
1182 5170 1270 5226 10.
1305 5141 1322 5146 ⁷
1344 5169 1390 5201 ⁸⁸
1419 5167 1552 5223 ibid.
1580 5183 1698 5233 vm,
1727 5165 1816 5222 12.
1864 5141 1954 5218 7"}

2088 5200 2097 5217 .
2129 5178 2169 5227 ι,
2197 5161 2252 5214 4.
2315 5157 2361 5189 ⁶¹⁰
2388 5155 2520 5224 Cap.
2551 5165 2682 5214 xLu,
2708 5162 2852 5203 vers.
2881 5143 2939 5202 6.
3013 5146 3057 5178 τί
3092 5143 3246 5201 Vers.
3282 5148 3331 5199 t.
3411 5144 3456 5175 "
3486 5141 3646 5198 Joan.

539 5237 595 5292 4.

356 5254 431 5388 ,1,
458 5237 574 5404 (⁵76)
600 5325 891 5404 Μεζζωνιῆ
920 5327 1194 5404 ἀλήθειῇ
1259 5325 1352 5404 Sic
1382 5323 1576 5404 _t_:odex
1618 5322 1966 5388 Bodleianus,

393 5395 577 5468 recte}
614 5402 786 5455 codex
816 5395 1037 5470 Regius,
1069 5395 1272 5470 μείζων
1299 5395 1550 5468 ἀλήθεια.

465 5492 580 5566 (77)
611 5490 913 5566 Διαφέρων
937 5489 1217 5566 ἣησοφίρι.
1268 5488 1346 5542 Ita
1389 5485 1560 5542 codex
1606 5481 1970 5550 Bodleianus;

398 5553 620 5634 Regius,
647 5553 1014 5634 διαφέρων,’ᾗ
1041 5553 1225 5629 σοφία.

472 5655 586 5726 (78)
613 5655 784 5722 Ζωήν
817 5655 1001 5726 Ῠόεεει-
1033 5653 1086 5706 ἱη
1136 5650 1376 5726 editione
1409 5645 1697 5726 liuetiana,
1742 5646 1838 5702 sed
1881 5660 1976 5700 ex-

407 5721 515 5780 stat
547 5721 599 5779 in
624 5721 784 5780 codd.
816 5723 1114 5780 Bodleiano
1141 5731 1195 5777 et
1225 5721 1541 5776 Barherino.

476 5814 590 5886 (79)
625 5816 734 5869 Καὶ
763 5816 984 5885 ἕτερον.
1027 5814 1142 5873 Non
1182 5824 1457 5886 comparet
1486 5812 1539 5868 in
1566 5811 1803 5869 editione
1834 5809 1976 5866 lluc-

2071 5316 2239 5380 tiana,
2260 5312 2352 5369 sed
2376 5310 2685 5366 restituitur
2706 5326 2737 5366 e
2759 5310 2914 5366 codd.
2937 5308 3230 5363 Bodleiano
3257 5305 3646 5380 etBarberlno.

2139 5375 2254 5460 (80)
2289 5381 2443 5451 Πρὸς
2482 5381 2552 5436 δὲ
2584 5381 2727 5449 τοὺς
2770 5381 2887 5450 τὴν
2931 5380 3064 5448 περὶ
3095 5380 3486 5460 αἰώτςωνηιειε.
3538 5375 3648 5457 νας

2069 5446 2394 5512 ἰθιῖιίιιῖςηιοε
2418 5446 2757 5522 eorumque
2788 5446 3175 5522 coruscet—aneos
3230 5447 3470 5522 intellige
3495 5489 3514 5522 ,_
3555 5446 3648 5515 qui

2073 5529 2187 5583 haec
2237 5523 2474 5581 Eanum
2535 5517 2918 5596 τερατεύματα
2963 5535 3000 5596 _e
3051 5517 3347 5596 Platonicis
3410 5517 3549 5596 ideis
3591 5525 3652 5570 et

2073 5610 2358 5667 poetarum
2395 5586 2702 5652 Graecorum
2743 5586 3011 5662 theologia
3055 5591 3456 5645 conﬁnxerunt.
3506 5586 3650 5644 Hus-

2077 5684 2218 5724 TIUS.

2148 5736 2259 5808 (8|)
2299 5733 2799 5808 'Eaanopalyazog.
2830 5730 2920 5786 Sic
2951 5730 3123 5788 codex
3155 5727 3510 5797 Bodleianus;
3541 5725 3643 5784 edi-

2082 5803 2166 5866 tio'
2193 5803 2475 5875 lluetiana,
2510 5803 2958 5876 ὑπαπορήματος.
3111 5825 3124 5837 ·
