3792 6146
275 369 378 426 159

1718 368 2044 426 οιιιεΕΝιδ

3422 366 3521 425 160
3578 424 3584 429 ,

273 499 384 551 quo
413 486 595 545 vadat,
628 478 753 550 quia
790 476 1029 533 tenebrat
1054 487 1471 534 exc-amaverunt
1513 478 1686 549 ipsius
1714 496 1843 536 ocn-

1952 481 2144 539 πατεῖν
2176 478 2432 551 ἐμφαίνει
2462 477 2562 549 τὴν
2599 471 2806 547 ψεκτὴν
2849 473 3047 546 πρᾶξιν
3064 490 3080 507 ο
3114 473 3209 529 καὶ
3249 473 3312 528 τὺ
3346 461 3522 547 ’μισεῖν

278 579 383 641 los,
417 593 436 627 ι
472 574 739 643 siquidem
780 586 878 642 per
906 572 1334 627 ambulationem
1387 572 1440 626 in
1491 573 1731 629 tenebris
1763 575 1848 628 in-
1891 570 1895 574 ’

274 668 421 723 dicat
484 666 762 721 actionem
819 663 1257 734 vituperabilem.
1308 664 1449 733 Quin
1502 665 1669 720 etiam
1719 666 1847 721 odio

276 756 531 827 prosequi
577 754 807 810 fratrem
851 770 1036 819 suum,
1083 769 1267 811 nonne
1315 754 1500 825 lapsus
1538 764 1622 811 est
1669 757 1737 812 ab
1780 772 1845 814 ea

274 863 396 917 qua:
442 846 659 917 proprie
706 853 932 901 vocatur
975 844 1265 900 scientia?
1314 846 1469 913 Quod
1520 857 1703 902 autem
1749 849 1845 919 qui

276 940 492 1010 ignorat
520 938 725 1002 divina,
752 944 976 1007 propter
1002 936 1177 1005 ipsum
1222 937 1474 1006 ignorare
1505 936 1559 992 in
1605 940 1846 996 tenebris

274 1030 534 1095 ambulet,
572 1028 749 1098 inquit
775 1028 942 1083 David
969 1027 1054 1082 “:
1114 1046 1133 1080 ι
1169 1027 1286 1081 Non
1321 1038 1714 1099 cognoverunt,
1752 1044 1845 1085 ne-

273 1137 384 1189 que
438 1120 847 1186 intellexerunt,
893 1119 946 1174 in
984 1119 1225 1175 tenebris
1278 1119 1582 1175 ambulant.
1632 1139 1650 1172 ι
1707 1119 1844 1178 lllud

272 1225 405 1265 vero
434 1211 689 1273 observa,
713 1224 783 1264 an
816 1209 1020 1265 idcirco
1042 1209 1259 1265 dicatur
1276 1210 1361 1266 δίε
1395 1227 1416 1263 ι
1453 1211 1592 1266 Deus
1614 1211 1703 1267 lux
1735 1219 1844 1277 est,

272 1311 325 1357 et
356 1301 593 1358 tenebrae
620 1303 674 1356 in
708 1316 777 1357 eo
806 1316 872 1357 ne
897 1316 1020 1358 una:
1046 1301 1267 1370 quidem
1304 1310 1452 1365 sunt,
1505 1323 1524 1356 ι
1568 1317 1675 1358 non
1715 1303 1845 1373 quia

275 1408 395 1447 una!
417 1393 526 1447 sint
551 1393 808 1456 tenebrm,
836 1393 932 1449 sed
961 1392 1044 1447 vel
1070 1402 1294 1464 propter
1331 1409 1501 1464 genus
1523 1394 1721 1465 duplex
1764 1404 1847 1451 te-

273 1486 590 1546 nehrarum,
626 1488 710 1539 vel
740 1484 907 1539 etiam
935 1501 1061 1554 quta
1086 1500 1425 1556 unaquaeque
1446 1487 1663 1557 species
1695 1498 1846 1543 tene-

273 1574 497 1629 brarum
543 1575 742 1630 multas
782 1577 979 1630 habeat
1026 1590 1227 1645 pravas
1269 1580 1534 1644 actiones,
1581 1589 1638 1635 et
1677 1579 1844 1635 multa

273 1666 408 1719 falsa
437 1666 710 1737 dogmata,
744 1665 929 1736 plures
961 1678 1091 1723 sunt
1125 1670 1383 1732 tenebrae,
1423 1686 1657 1741 quarum
1698 1671 1843 1727 nulla

271 1758 324 1812 in
356 1758 468 1815 Deo
498 1770 603 1815 est.
639 1759 827 1830 Neque
870 1759 1016 1815 enim
1048 1761 1267 1835 dictum
1315 1760 1509 1819 fuisset
1549 1763 1618 1817 de
1659 1769 1848 1818 sancto

1948 572 2004 625 δὲ
2029 572 2120 626 τὸν
2140 570 2369 640 ἀδελφὸν
2394 569 2583 633 αὐτοῦ,
2603 569 2665 623 οὐ
2687 569 2785 641 τῆς
2810 567 3011 638 κυρίως
3027 567 3189 622 καλου
3198 567 3363 640 μένης
3390 568 3521 638 γνὼ-

1947 666 2089 730 σεώς
2109 666 2256 719 ἐστιν
2286 663 2632 736 ἀπόπτωμα;
2663 663 2784 717 Ὅτι
2805 661 2862 715 δὲ
2891 662 2985 715 καὶ
3012 663 3041 714 6
3068 658 3280 730 ἀγνοῶν
3308 660 3376 714 τὰ
3407 661 3524 716 θεῖα

1948 758 2070 810 κατ’
2103 753 2237 809 αὐτὸ
2257 754 2321 808 τὸ
2353 754 2568 822 ἀγνοεῖν
2612 754 2671 807 ὲν
2703 751 2884 806 σκότει
2914 751 3315 823 διαπορεύεται,
3363 753 3524 823 φησὶν

1945 853 1975 905 6
2006 848 2201 904 Δαυῖδ·
2249 866 2269 900 ι
2324 848 2440 902 Οὐκ
2483 846 2749 916 ἔγνωσαν,
2787 845 2907 901 οὐδὲ
2953 845 3215 916 συνῆκαν,
3258 846 3315 898 ὲν
3347 845 3525 899 σκότει

1944 939 2375 1011 διαπορεύονται.
2420 956 2438 989 ι
2486 935 2811 1008 Ἐπίστησον
2841 934 2897 989 δὲ
2933 934 3042 1006 τῷο
3096 954 3116 987 ι
3161 936 3221 989 Ὁ
3248 934 3380 999 Θεὸς
3412 934 3527 1005 φῶς

1947 1035 2084 1097 ἐστι,
2118 1032 2211 1086 καὶ
2240 1030 2430 1085 σκοτία
2454 1031 2511 1084 ὲν
2544 1027 2694 1099 αὐτῷ
2714 1028 2814 1083 οὐκ
2851 1019 3013 1082 ἔστιν⁴
3034 1028 3280 1100 οὐδεμία,
3314 1047 3333 1080 ›
3366 1029 3415 1080 εἰ
3455 1027 3526 1100 μὴ

1945 1122 2038 1176 διὰ
2069 1121 2224 1176 τοῦτο
2259 1121 2474 1190 λέγεται
2517 1117 2596 1190 τῷ
2640 1116 2781 1172 εἶναι
2834 1117 2910 1189 μὴ
2958 1117 3086 1189 μίαν
3139 1116 3375 1181 σκοτίαν,
3413 1115 3528 1169 ἀλλ’

1946 1216 2065 1287 ἦτοι
2098 1215 2186 1269 διὰ
2218 1214 2280 1268 τὸ
2319 1213 2536 1284 γενικὸν
2573 1212 2686 1274 δύο,
2729 1212 2763 1283 ἢ
2796 1211 2892 1265 καὶ
2932 1210 3019 1264 διὰ
3045 1210 3106 1264 τὸ
3136 1208 3257 1263 καθ’
3296 1209 3523 1262 ἕκαστον

1944 1308 2089 1362 τῶν.
2116 1306 2297 1361 ίδικῶν
2356 1305 2558 1370 πολλὰς
2595 1301 2739 1359 εἶναι
2789 1303 3020 1376 πράξεις
3077 1302 3376 1376 μοχθηρὰς,
3433 1302 3528 1356 καὶ

1948 1398 2117 1453 πολλὰ
2154 1399 2399 1471 δόγματα
2424 1397 2615 1469 ψευδῆ,
2641 1396 2833 1451 πολλαί
2863 1399 2969 1450 εἰσι
2998 1396 3229 1460 σκοτίαι,
3264 1388 3338 1448 ὧν
3378 1395 3529 1447 οὐδε-

1950 1489 2050 1562 μία
2076 1491 2133 1543 ὲν
2166 1489 2243 1560 τῷ
2265 1489 2385 1560 Θεῷ
2417 1491 2585 1552 ἐστιν,
2615 1487 2717 1542 οὐκ
2740 1488 2806 1542 ἂν
2830 1485 3112 1557 λεχθέντος
3140 1486 3231 1539 ἐπὶ
3253 1485 3345 1539 τοῦ
3368 1486 3529 1554 ἁγίου

1946 1580 1975 1633 ὅ
2006 1596 2169 1651 φησιν
2213 1580 2242 1632 6
2284 1579 2495 1651 Σωτὴρ,
2545 1579 2641 1632 τό·
2693 1597 2713 1630 ‹
2762 1578 2951 1649 Ὑμεῖς
3002 1579 3125 1630 ἐστε
3167 1577 3228 1631 τὸ
3270 1578 3385 1648 φῶς
3436 1577 3532 1630 τοῦ

1948 1672 2176 1744 κόσμου,
2235 1692 2254 1725 ι
2290 1674 2371 1727 ὅτι
2415 1671 2532 1744 φῶς
2562 1673 2689 1725 νὲστι
2741 1669 2835 1725 τοῦ
2888 1669 3093 1741 κόσμου
3143 1670 3173 1723 ό
3217 1670 3393 1741 ἅγιος,
3437 1687 3510 1724 κα

1951 1764 2141 1817 σκοτία
2174 1763 2274 1817 οὐκ
2302 1763 2446 1817 ἔστιν
2479 1764 2536 1817 ἐν
2567 1761 2716 1835 αὐτῷ
2741 1762 2984 1833 οὐδεμία.

270 1852 414 1922 quod
442 1851 527 1906 alt‘
548 1851 799 1908 Salvator
834 1853 922 1911 ⁸³ι
961 1872 981 1907 ι
1013 1852 1123 1911 Vos
1155 1854 1290 1909 estis
1331 1854 1425 1908 lux
1472 1854 1682 1920 mundi,
1716 1873 1736 1907 ι
1776 1858 2030 1925 quoniam
2059 1857 2146 1910 lux
2189 1856 2373 1910 mundi
2423 1864 2507 1912 est
2542 1868 2783 1921 sanctus,
2819 1872 2839 1906 ι
2873 1865 2926 1910 et
2950 1855 3187 1910 tenebrae
3221 1855 3275 1910 in
3309 1870 3375 1910 eo
3424 1869 3532 1912 non
3583 1845 3586 1849 ’

271 1955 399 2002 sunt
432 1945 554 2000 ulla:
578 1946 648 2001 “.
682 1966 702 2000 ι

342 2038 434 2095 2i.
469 2039 705 2095 Proinde
733 2048 940 2110 qureret
966 2040 1166 2111 aliquis
1194 2056 1210 2094 :
1240 2038 1297 2095 Si
1324 2040 1394 2095 de
1418 2038 1582 2095 Patre
1610 2040 1843 2110 positum

2017 2039 2250 2110 Ζητήσει
2272 2037 2330 2092 δέ
2364 2053 2480 2102 τις⁸
2518 2038 2581 2092 Εί
2619 2037 2712 2090 ἐπὶ
2746 2036 2840 2091 τοῦ
2880 2035 3095 2108 Πατρδς
3142 2034 3399 2089 τέτακται
3431 2032 3532 2087 τόδ

271 2141 355 2189 est
391 2134 539 2204 quod
593 2134 832 2189 tenebrae
874 2132 1034 2188 nullae
1058 2134 1171 2189 sint
1208 2132 1262 2187 in
1297 2146 1387 2198 eo,
1431 2133 1705 2204 quomodo
1743 2148 1843 2189 ceu

274 2240 385 2279 rem
409 2225 671 2279 eximiam
704 2234 759 2280 et
783 2226 1112 2295 prmcipuam
1144 2223 1256 2295 79
1302 2224 1407 2280 hoc
1446 2225 1502 2279 in
1546 2224 1666 2295 ipso
1695 2224 1843 2278 dice-

278 2333 396 2372 mus
428 2331 574 2381 esse,
607 2331 730 2370 cum
761 2318 828 2370 de
860 2310 1151 2370 Servatore
1194 2330 1411 2386 quoque
1449 2316 1661 2371 dicatur
1698 2316 1843 2385 quod

273 2405 499 2461 omnino
527 2406 598 2461 sit
620 2406 985 2476 impeccabilis
1004 2405 1068 2473 ⁸⁸,
1101 2405 1176 2461 ita
1197 2412 1261 2461 ut
1287 2419 1413 2460 eum
1443 2405 1688 2461 dicamus
1717 2419 1839 2459 esse

274 2496 449 2553 lucem
479 2497 536 2552 in
571 2513 675 2566 qua
723 2499 885 2552 nullae
928 2498 1040 2553 sint
1090 2499 1369 2554 tenebrae?
1411 2499 1492 2554 Ex
1534 2508 1688 2568 parte
1734 2497 1839 2553 ita-

271 2598 379 2654 que
424 2582 785 2638 differentiam
838 2583 893 2637 in
932 2583 1307 2654 superioribus
1348 2586 1706 2647 ostendimus.
1749 2586 1845 2640 At-

274 2690 381 2743 que
413 2676 713 2730 etiamnum
745 2674 855 2730 illis
886 2674 1151 2731 audacius
1175 2676 1462 2740 addemus,
1486 2676 1535 2732 si
1562 2675 1845 2733 Christum

273 2780 382 2820 non
436 2775 827 2835 agnoscentem
867 2779 1151 2836 peccatum
1193 2768 1326 2824 fecit
1360 2767 1524 2823 Pater
1561 2783 1660 2837 pro
1692 2768 1848 2824 nobis

272 2866 578 2925 peccatum,
607 2857 652 2912 si
678 2857 829 2924 fecit,
854 2862 1100 2927 inquam,
1131 2860 1276 2915 Deus
1318 2859 1408 2915 ille
1441 2858 1718 2915 Christum
1748 2873 1849 2929 pro

274 2949 431 3005 nobis
459 2959 764 3020 peccatum,
796 2952 901 3007 dici
934 2968 1044 3009 non
1083 2968 1243 3024 posse
1275 2954 1344 3009 de
1381 2967 1472 3019 eo,
1514 2972 1536 3005 ι
1581 2951 1848 3008 Tenebrae

272 3040 326 3094 in
360 3055 427 3097 eo
454 3056 560 3096 non
591 3052 718 3097 sunt
744 3042 869 3097 ulla;
902 3041 972 3096 ⁸⁸.
1007 3063 1027 3096 ι
1071 3044 1334 3111 Quamvis
1354 3042 1499 3098 enim
1534 3058 1556 3093 ι
1604 3042 1660 3095 in
1694 3040 1849 3097 simi-

269 3130 554 3187 litudinem
583 3135 771 3190 carnis
809 3134 1019 3205 peccati
1056 3133 1170 3205 (8‘5)
1212 3133 1318 3206 [de
1358 3143 1585 3204 peccato
1620 3132 1850 3188 damna-

270 3225 352 3278 vit
397 3222 557 3281 Jesus
598 3236 903 3296 peccatum,
954 3246 975 3280 ι
1019 3227 1162 3298 quod
1203 3225 1623 3285 similitudinem
1664 3224 1850 3280 carnis

273 3322 478 3390 peccati
512 3322 801 3393 assumpsit
826 3321 922 3395 ",]
965 3322 1111 3378 haud
1149 3332 1328 3377 tamen
1371 3320 1596 3377 omnino
1637 3320 1755 3374 haec
1780 3318 1848 3373 de

1947 2126 2145 2181 Σκοτία
2171 2128 2272 2182 οὐκ
2302 2126 2447 2180 ἐστιν
2475 2127 2533 2180 ὲν
2558 2124 2708 2198 αὐτῷ
2738 2125 2983 2197 οὐδεμία,
3020 2124 3140 2190 πῶς
3163 2125 3223 2180 τὺ
3250 2124 3536 2196 ἐξαίρετον

1945 2218 2176 2290 ἐροῦμεν
2195 2213 2334 2272 εἶναι
2353 2220 2412 2273 ὲν
2430 2217 2599 2290 αὐτῷ,
2619 2218 2797 2289 πάντη
2813 2218 3194 2289 ἀναμάρτητον
3208 2217 3302 2271 καὶ
3320 2217 3411 2270 τὸν
3424 2216 3540 2271 Σω-

1944 2311 2089 2383 τῆρα
2104 2312 2370 2374 νοοῦντες,
2394 2309 2534 2364 ὥστε
2557 2311 2800 2383 καὶπερὶ
2825 2309 2988 2365 αὐτοῦ
3005 2310 3070 2364 ἂν
3088 2312 3280 2373 είπεῖν,
3304 2310 3385 2363 ὄτι
3414 2309 3538 2379 φῶς

1947 2402 2083 2465 ἐστι,
2101 2402 2197 2456 καὶ
2208 2401 2395 2455 σκοτία
2409 2403 2510 2455 οὐκ
2521 2401 2666 2456 ἔστιν
2679 2403 2738 2454 ὲν
2754 2401 2901 2473 αὐτῷ
2916 2401 3035 2454 οὐδε
3042 2400 3160 2471 μία;
3177 2400 3310 2453 Ἀπὸ
3329 2400 3537 2473 μέρους

1950 2494 2048 2565 μὲν
2072 2490 2166 2548 οὖν
2191 2495 2248 2550 ὲν
2270 2497 2383 2559 τοῖς
2406 2494 2664 2567 ἀνωτέρω
2678 2494 2776 2568 τὴν
2792 2494 3054 2566 διαφορὰν
3073 2494 3316 2566 παρεστή
3325 2509 3504 2564 σαμεν
3522 2509 3539 2523 ·

1944 2585 2341 2658 τολμηρότερόν
2371 2603 2433 2639 τε
2469 2585 2551 2641 ἔτι
2584 2586 2817 2651 ἐκείνοις
2860 2587 2954 2639 καὶ
2984 2586 3080 2641 νῦν
3128 2585 3535 2658 προσθήσομεν,

1947 2677 2050 2742 ὅτι,
2080 2679 2128 2731 εί
2159 2677 2251 2732 τὸν
2282 2678 2355 2749 μὴ
2389 2677 2586 2747 γνόντα
2632 2677 2910 2750 ἁμαρτίαν
2953 2677 3095 2750 ὑπὲρ
3141 2678 3296 2750 ἡμῶν
3353 2679 3539 2750 ἀμαρ-

1948 2768 2069 2822 τίαν
2093 2768 2317 2840 ἐποίησε
2360 2768 2453 2824 τὸν
2496 2768 2752 2839 Χριστὸν,
2783 2769 2831 2822 εί
2879 2766 3134 2840 ἐποίησεν
3179 2768 3340 2823 αὐτὸν
3391 2768 3540 2841 ὑπὲρ

1949 2861 1983 2932 ἡ
1991 2859 2107 2931 μῶν
2127 2860 2399 2932 ἁμαρτίαν
2420 2861 2449 2915 ό
2476 2859 2630 2925 Θεὸς,
2666 2860 2767 2914 οὐκ
2798 2858 2866 2914 ἂν
2890 2858 3105 2914 δύναιτο
3123 2859 3376 2929 λέγεσθαι
3401 2858 3539 2932 περὶ

1950 2950 2115 3006 αὐτοῦ
2138 2968 2151 2982 ·
2181 2971 2201 3003 ι
2244 2952 2441 3007 Σκοτία
2474 2952 2534 3006 ὲν
2571 2950 2718 3023 αὐτῷ
2775 2952 2878 3005 οὐκ
2906 2950 3051 3006 ἐστιν
3079 2951 3324 3023 οὐδεμία.
3359 2971 3378 3003 ι
3406 2950 3538 3007 Κᾶν

1948 3045 2059 3118 γὰρ
2094 3065 2113 3098 ι
2156 3046 2214 3099 ὲν
2235 3043 2539 3116 ὁμοιώματι
2566 3044 2768 3118 σαρκὸς
2798 3044 3073 3117 ἁμαρτίας
3102 3044 3230 3117 περ)⁹
3257 3044 3540 3117 ἁμαρτίας

1950 3137 2287 3208 κατακρίνας
2312 3138 2558 3211 τυγχάνῃ
2587 3156 2605 3189 ι
2635 3138 2664 3189 ό
2698 3135 2907 3208 Ἰησοῦς
2944 3157 2963 3190 ‹
2988 3137 3087 3210 τὴν
3109 3136 3383 3210 ἁμαρτίαν
3406 3157 3425 3189 ι
3452 3136 3540 3209 τῷ

1948 3230 2009 3284 τὺ
2037 3231 2292 3302 ὁμοίωμα
2305 3230 2406 3302 τῆς
2429 3231 2632 3302 σαρκὸς
2656 3230 2932 3301 ἁμαρτίας
2948 3230 3318 3301 ἀνειληφέναι,
3345 3229 3541 3285 οὐκέτι

1948 3323 2062 3390 ἕξει
2089 3323 2269 3394 πάντη
2304 3323 2474 3392 ὑγιῶς
2514 3322 2784 3394 λεγόμενα
2819 3323 2948 3395 περὶ
2984 3322 3170 3388 αὐτοῦ,
3218 3324 3300 3377 ὅτι
3342 3323 3541 3377 σκοτία

270 3428 337 3467 co
373 3422 522 3468 recte
566 3392 840 3479 dicentur,
879 3392 1092 3470 scilicet
1120 3413 1266 3484 quod
1295 3411 1456 3469 nulla;
1493 3411 1731 3466 tenebm
1762 3408 1843 3462 in-

1948 3416 2009 3471 ὲν
2040 3415 2187 3487 αὐτῷ
2212 3392 2313 3471 οὐκ
2339 3414 2487 3471 ἐστιν
2509 3392 2754 3486 οὐδεμία.
2780 3392 3170 3487 Προσθήσομεν
3191 3414 3236 3468 δ’
3264 3416 3345 3469 ὅτι
3371 3415 3539 3480 αὐτὸς

270 3506 381 3560 sint
421 3508 583 3562 ineo.
625 3507 904 3562 Addemus
944 3514 1125 3561 autem
1173 3520 1296 3559 eum
1343 3503 1692 3558 inﬁrmitates
1746 3516 1847 3557 no-

271 3611 414 3656 stras
443 3609 493 3656 et
529 3601 748 3656 morbos
769 3599 1152 3668 assumpsisse,
1177 3607 1233 3653 et
1274 3597 1469 3652 anima:
1495 3595 1848 3652 inﬁrmitates

269 3703 321 3746 et
349 3694 569 3748 morbos
588 3693 794 3750 occulti
828 3692 1010 3748 cordis
1044 3690 1216 3746 nostri
1241 3689 1497 3754 hominis,
1530 3702 1669 3758 quas
1694 3686 1848 3745 inﬁr-

272 3786 491 3841 mitates
522 3786 849 3857 morbosque
883 3788 1011 3854 quia
1043 3800 1073 3839 a
1104 3783 1260 3839 nobis
1307 3783 1614 3848 sustulerit,
1646 3780 1848 3837 dicitur

270 3879 410 3946 apud
430 3877 754 3934 Zachariam
784 3879 1027 3933 animam
1062 3876 1408 3947 pertristem,
1440 3874 1849 3944 perturbatam-

273 3984 383 4039 que
436 3969 642 4026 habere
688 3979 854 4040 atque
898 3971 1147 4026 vestibus
1187 3967 1426 4023 sordidis
1475 3966 1696 4023 indutus
1740 3965 1789 3999 ⁸⁸
1825 3982 1844 4034 ;

269 4060 472 4129 quibus
499 4060 759 4130 quoniam
790 4061 1075 4115 cxuendus
1097 4067 1234 4121 erat,
1270 4058 1526 4115 dicuntur
1551 4072 1676 4114 esse
1714 4071 1847 4128 pec-

270 4162 416 4205 cata.
442 4148 738 4222 Snbjungit
760 4166 893 4222 ergo
922 4151 1116 4205 eodem
1148 4151 1202 4205 in
1236 4149 1359 4205 loco
1395 4150 1482 4204 °’:
1521 4168 1539 4202 ι
1569 4150 1708 4206 Ecce
1747 4163 1848 4219 ego

269 4241 469 4296 abstuli
506 4253 737 4311 peccata
765 4249 858 4296 tua
887 4256 906 4308 ;
944 4260 963 4294 ι
1000 4241 1231 4296 eoenim
1259 4240 1404 4309 quod
1438 4240 1553 4310 ipse
1578 4241 1849 4309 receperit

270 4334 324 4387 in
366 4332 601 4404 seipsum
633 4333 817 4404 populi
853 4332 1195 4390 credentium
1232 4341 1480 4404 peccata,
1527 4331 1849 4401 frequenter

268 4425 488 4496 inquit:
542 4444 562 4478 ι
603 4425 785 4498 Longe
832 4440 863 4481 a
910 4424 1092 4482 salute
1138 4440 1260 4482 mea
1302 4423 1469 4481 verba
1518 4423 1844 4479 delictorum

271 4532 516 4573 meorum
562 4520 651 4584 “;
715 4538 735 4573 ›
792 4526 894 4576 et:
927 4535 949 4571 ι
999 4515 1082 4572 Tu
1124 4516 1426 4588 cognovisti
1475 4515 1845 4584 insipientiam

268 4625 468 4678 meam,
501 4620 556 4669 et
581 4614 781 4669 delicta
812 4627 935 4668 mea
964 4626 996 4668 ι
1035 4620 1092 4668 te
1120 4626 1227 4666 non
1257 4618 1387 4666 sunt
1417 4608 1844 4665 abscondita".t

1946 3506 2046 3573 τὰς
2076 3505 2356 3571 ἀσθενείας
2383 3505 2543 3578 ήμιῖιν
2562 3504 2744 3570 ἔλαϐε,
2779 3506 2870 3560 καὶ
2904 3505 3005 3569 τὰς
3033 3505 3222 3569 νόσους
3236 3504 3534 3571 ἐϐάστασε,

1944 3600 2040 3654 καὶ
2072 3598 2360 3662 ἀσθενείας
2407 3597 2509 3661 τὰς
2539 3597 2642 3669 τῆς
2686 3597 2888 3669 ψυχῆς,
2932 3597 3025 3651 καὶ
3050 3598 3239 3660 νόσους
3289 3596 3392 3660 τὰς
3436 3594 3536 3649 τοῦ

1946 3688 2190 3760 κρυπτοῦ
2235 3689 2338 3761 τῆς
2369 3688 2596 3760 καρδίας
2631 3687 2789 3759 ήμῶν
2837 3686 3150 3759 ἀνθρώπου,
3174 3687 3243 3740 δι’
3275 3686 3342 3751 ἀς
3369 3685 3538 3740 ἀσθε-

1945 3780 2096 3846 νείας
2122 3781 2217 3834 καὶ
2249 3781 2437 3845 νόσους
2462 3780 2742 3852 βαστάσας
2766 3781 2937 3844 αὐτὰς
2968 3782 3062 3850 ἀφ’
3098 3779 3276 3852 ἡμῶν,
3309 3778 3538 3851 περίλυ-

1950 3888 2053 3927 πον
2086 3871 2234 3943 έχειν
2261 3872 2360 3944 τὴν
2391 3873 2570 3946 ψυχὴν
2589 3872 2844 3944 ὁμολογεῖ
2864 3872 2958 3926 καὶ
2979 3870 3414 3944 τεταραγμένην,
3438 3870 3538 3924 καὶ

1948 3963 2169 4036 ῥυπαρά
2190 3962 2380 4035 ἱμάτια
2402 3963 2712 4018 ἐνδεδύσθαι
2739 3963 2890 4036 παρὰ
2915 3961 2994 4035 τῷ
3037 3961 3285 4034 Ζαχαρία
3333 3960 3539 4030 ἀναγέ-

1946 4069 2186 4125 γραπται
2211 4071 2224 4085 ⁸
2259 4055 2404 4126 ἀπερ
2447 4057 2529 4108 ὅτι
2565 4054 2852 4108 ἐκδύεσθαι
2895 4052 3108 4125 ἔμελλε,
3141 4052 3360 4121 λέγεται
3389 4046 3535 4105 εἶναι

1948 4148 2340 4218 ἁμαρτήματα.
2389 4145 2669 4218 Ἐπιφέρει
2699 4144 2831 4215 γοῦν
2856 4147 3003 4199 ὲκεί’
3040 4163 3060 4196 ι
3115 4144 3245 4198 Ἰδοὺ
3270 4144 3535 4216 ἀφῄρηκα

1946 4239 2044 4303 τὰς
2078 4238 2354 4311 ἁμαρτίας
2376 4255 2468 4291 σου
2490 4255 2503 4268 ·
2549 4256 2568 4290 ι
2596 4238 2685 4293 διὰ
2712 4238 2823 4310 γὰρ
2844 4237 2904 4290 τὸ
2933 4236 3226 4291 ἀναλαϐεῖν
3270 4236 3432 4290 αὐτὸν
3465 4237 3536 4290 τά

1945 4328 2040 4382 τοῦ
2074 4326 2204 4382 λαοῦ
2249 4328 2357 4383 τῶν
2387 4328 2747 4383 πιστευόντων
2790 4328 2870 4391 είς
2915 4326 3086 4382 αὐτὸν
3131 4327 3531 4398 ἁμαρτήματα,

1948 4418 2218 4491 πολλαχοῦ
2259 4436 2421 4492 φησι·
2462 4439 2481 4471 ι
2514 4419 2751 4493 Μακράν
2781 4418 2888 4474 ἀπὸ
2909 4419 3010 4491 τῆς
3041 4420 3314 4492 σωτηρίας
3345 4435 3447 4491 μου
3480 4420 3531 4473 οἱ

1945 4510 2094 4581 λόγοι
2126 4511 2234 4565 τῶν
2272 4513 2735 4584 παραπτωμάτων
2764 4529 2865 4584 μου
2885 4529 2901 4545 ο
2953 4531 2972 4564 ι
3011 4511 3105 4565 καί
3124 4528 3137 4541 ο
3175 4531 3194 4564 ι
3242 4512 3314 4565 Σὺ
3347 4511 3525 4581 ἔγνως

1946 4602 2044 4676 τὴν
2071 4602 2393 4675 ’ἀφροσύνην
2434 4620 2557 4677 μου,
2606 4604 2702 4659 καὶ
2748 4607 2803 4658 αί
2849 4602 3219 4676 πλημμέλειαί
3268 4621 3370 4675 μου
3417 4602 3532 4657 ἀπὸ

267 4703 379 4759 Nec
404 4719 530 4759 vero
554 4706 862 4775 suspicetur
897 4719 997 4759 nos
1031 4702 1320 4773 quisquam
1348 4702 1464 4759 haec
1487 4701 1696 4769 dicere,
1731 4702 1839 4757 mi-

1950 4695 2043 4750 σοῦ
2066 4696 2166 4750 οὐκ
2196 4695 2527 4769 ὲκρύϐησαν.
2565 4714 2588 4751 ι
2624 4696 2825 4769 Μηδεὶς
2850 4697 2896 4750 δ’
2925 4698 3072 4768 ἡμᾶς
3099 4696 3532 4767 ὑπολαμϐανέτω

268 4810 371 4848 nus
400 4795 490 4864 pie
519 4794 794 4850 Christum
835 4793 931 4850 Dei
977 4791 1243 4849 colentes.
1291 4789 1427 4845 Nam
1474 4804 1584 4858 qua
1627 4789 1843 4845 ratione

268 4887 418 4942 solus
450 4885 616 4941 Pater
661 4887 826 4942 habet
864 4883 1358 4949 immortalitatem,
1402 4882 1534 4953 quia
1579 4881 1844 4937 Dominus

269 4988 457 5035 noster
507 4977 803 5051 [omnium
862 4989 1112 5032 nostrum
1163 4971 1428 5046 nomine]
1480 4983 1713 5028 mortem
1771 4972 1842 5027 ob

266 5086 511 5126 amorem
533 5085 661 5141 erga
692 5083 862 5137 genus
886 5070 1186 5124 humanum
1215 5067 1524 5138 pertulerit,
1549 5066 1654 5121 hac
1674 5064 1841 5122 Pater

266 5164 416 5220 solus
464 5164 629 5219 habet
667 5174 727 5218 ut
762 5164 816 5218 in
860 5163 981 5232 ipso
1022 5160 1184 5217 nulla
1228 5160 1338 5218 sint
1391 5162 1671 5223 tenebrae:
1714 5173 1841 5215 cum

264 5259 538 5324 Christus,
589 5268 650 5312 ut
694 5256 949 5312 homines
978 5253 1248 5312 beneﬁcio
1283 5252 1551 5321 alliceret,
1584 5251 1841 5311 tenebras

269 5363 488 5408 nostras
518 5353 572 5406 in
605 5351 847 5419 seipsum
879 5348 1168 5418 receperit,
1198 5355 1258 5402 ut
1288 5350 1529 5418 potentia
1560 5358 1660 5399 sua
1692 5359 1842 5399 mor-

270 5455 375 5498 tem
416 5455 660 5501 nostram
688 5443 917 5509 deleret,
942 5440 1349 5511 expelleretque
1391 5438 1700 5494 animarum
1741 5452 1840 5491 no-

338 5559 382 5590 ⁸·
417 5559 558 5616 Psal.
592 5577 779 5624 nul,
816 5559 870 5617 5.
972 5558 1019 5590 ⁸³
1050 5556 1068 5611 1
1095 5555 1254 5612 Joan.
1288 5571 1327 5619 ι,
1354 5556 1408 5611 5.

270 5614 484 5718 ἕλιξι-
517 5614 557 5718 ιέ
594 5614 1006 5718 ἷξέδῖῖωεξ·
1044 5645 1090 5718 ιο
1140 5629 1193 5718 5;

295 5698 314 5724 °
348 5699 481 5754 ibid.
512 5702 565 5755 4.
641 5705 686 5736 θ’
717 5702 859 5759 Psal.
896 5716 1010 5766 χιιι,
1044 5699 1099 5756 2.
1177 5699 1221 5732 ⁹¹
1253 5698 1399 5756 Psal.
1433 5698 1696 5764 va1tt,6.

1511 5554 1556 5587 ⁸³
1581 5552 1769 5607 Matth.
1811 5569 1866 5616 ν,
1904 5555 1991 5611 14,

1302 5616 1347 5660 έ⁷
1386 5627 1541 5682 Rom.
1579 5640 1695 5687 vm,
1724 5622 1789 5690 5;
1838 5624 1938 5679 lsa.
1983 5643 2100 5695 LIII,
2153 5636 2205 5694 4,
2245 5628 2315 5690 5;
2360 5625 2546 5681 Matth.
2601 5640 2718 5692 vm,
2771 5623 2859 5677 l7.
2953 5621 2998 5654 ⁸⁸
3043 5619 3207 5675 Zach.
3255 5630 3341 5687 ιιι,
3374 5618 3432 5683 ὅ,
3465 5616 3519 5675 4.

1948 4789 2124 4845 ταῦτα
2153 4791 2336 4858 λέγειν
2365 4790 2700 4855 ἀσεϐοῦντας
2729 4791 2809 4855 εἰς
2841 4790 2932 4844 τὸν
2972 4790 3212 4862 Χριστὸν
3233 4789 3326 4844 τοῦ
3365 4789 3526 4843 Θεοῦ.

1949 4879 2020 4958 Ὦ
2048 4884 2157 4956 γὰρ
2181 4886 2368 4959 λάγφὸ
2388 4885 2577 4957 Πατὴρ
2613 4885 2771 4956 μόνος
2800 4883 2913 4955 ἔχει
2945 4883 3262 4948 ἀθανασίαν,
3291 4881 3389 4935 τοῦ
3419 4882 3532 4934 Κυ-

1951 4978 2067 5051 ρίου
2092 4978 2249 5050 ήμῶν
2268 4977 2357 5031 διὰ
2388 4976 2794 5049 φιλανθρωπίαν
2823 4975 3051 5031 θάνατον
3075 4975 3166 5028 τὸν
3196 4974 3338 5047 ὑπὲρ
3367 4973 3529 5046 ἡμῶν

1947 5067 2320 5138 ἀνειληφότος,
2353 5066 2529 5137 τούτῳ
2566 5069 2595 5119 6
2636 5065 2826 5138 Πατὴρ
2862 5064 2974 5136 ἔχει
3008 5064 3168 5135 μόνος
3198 5063 3288 5116 τό·
3330 5063 3528 5117 Σκοτία

1949 5158 2178 5230 ἐναύτῷ
2196 5162 2298 5213 οὐκ
2326 5159 2469 5213 ἔστιν
2495 5157 2739 5230 οὐδεμία,
2762 5157 2856 5212 τοῦ
2882 5155 3115 5231 Χριστοῦ
3144 5155 3231 5210 διὰ
3254 5155 3353 5226 τὴν
3390 5156 3528 5226 πρὸς

1948 5250 2269 5325 ἀνθρώπους
2296 5250 2611 5324 εὐεργεσίαν
2638 5252 2725 5320 ἐφ’
2758 5250 2921 5305 αὐτὸν
2968 5248 3067 5313 τὰς
3097 5247 3257 5319 ἡμῶν
3302 5248 3525 5310 σκοτίας

1945 5345 2393 5416 ἀναδεδεγμένου,
2454 5345 2542 5398 ἵνα
2589 5345 2655 5415 τῇ
2693 5342 2918 5413 δυνάμει
2974 5340 3140 5395 αὐτοῦ
3198 5340 3522 5412 καταργήσῃ

1946 5438 2099 5509 ἡμῶν
2127 5438 2218 5492 τὸν
2248 5437 2497 5502 θάνατον,
2552 5439 2646 5491 καὶ
2699 5436 2998 5508 ὲξαφανίσῃ
3045 5434 3107 5487 τὸ
3149 5435 3208 5488 ὲν
3253 5435 3321 5503 τῇ
3375 5431 3518 5503 ψυχῇ

2101 5556 2148 5588 ⁸⁵
2175 5557 2188 5609 |
2212 5555 2372 5611 Joatt.
2413 5571 2450 5616 ι,
2479 5554 2532 5610 5.
2639 5553 2684 5585 ⁸⁸
2715 5552 2817 5605 lsa.
2857 5566 2975 5607 LIII.
3015 5548 3079 5609 9;
3113 5545 3274 5601 IPctr
3328 5562 3389 5609 τι,
3418 5544 3518 5609 22;

346 5812 458 5882 (83)
499 5813 621 5870 llaec
650 5831 678 5870 a
704 5816 956 5877 Ferrario
986 5819 1349 5891 praetermissa
1380 5831 1409 5874 e
1445 5814 1695 5875 Pcrionio
1736 5810 2119 5883 supplevimus.
