3792 6146
235 347 332 401 l6!

1344 345 1702 403 COMMENT.
1747 345 1810 398 IN
1851 345 2042 400 JOAN.
2085 342 2328 400 TUMUS
2365 343 2427 400 II.

3417 352 3520 406 162

234 465 390 538 ἡμῶν
419 463 640 528 σκότος,
677 465 765 517 ἵνα
794 464 1050 537 πληρωθῇ
1082 465 1142 519 τὸ
1169 467 1314 540 παρὰ
1346 467 1422 538 τῷ
1465 469 1695 538 Ἡσαΐᾳ·
1731 489 1748 518 ι
1774 469 1811 523 ἰ

1967 480 2172 520 Irat'ltllt
2213 468 2501 528 tenebras,
2554 466 2819 520 nimirum
2876 475 2938 521 ut
2999 467 3324 538 impleretur
3387 469 3518 526 illud

238 559 364 623 λαὸς
394 560 424 612 ὁ
457 557 778 630 καθήμενος
811 561 869 612 ὲν
903 560 1091 632 σκοτίᾳ
1125 561 1240 629 φῶς
1264 557 1371 614 εἶδε
1397 561 1560 631 μέγα.
1601 581 1618 613 ι
1658 560 1830 615 Τοῦτο

237 654 294 707 δὲ
322 652 383 706 τὸ
406 652 547 721 φῶς,
574 653 603 705 ὃ
632 653 857 722 γέγονεν
883 655 941 706 ὲν
980 654 1058 724 τῷ
1084 655 1246 726 λόγῳ.
1273 657 1540 726 τυγχάνον
1569 657 1664 710 καὶ
1691 655 1831 728 ζωὴ,

240 748 421 816 φαίνει
452 746 512 798 ὲν
541 748 610 816 τῇ
651 746 843 818 σκοτία
868 745 975 800 τῶν
1017 747 1204 818 ψυχῶν
1237 747 1414 818 ἡμῶν,
1456 749 1549 802 καὶ
1585 749 1832 822 ἐπιδεδή-

242 853 418 907 μηκεν
457 837 592 889 ὅπου
633 837 682 889 οἱ
718 837 1160 910 κοσμοκράτορες
1203 838 1298 892 τοῦ
1339 839 1564 903 σκότους
1613 839 1827 904 τούτου,

238 930 437 992 οἵτινες
463 929 552 982 διὰ
576 929 668 982 τοῦ
707 929 960 984 παλαίειν
989 929 1067 1002 τῷ
1098 931 1206 986 τῶν
1245 931 1549 1005 ἀνθρώπων
1577 933 1724 1002 γένει
1747 934 1827 1006 τῷ

241 1022 416 1090 σκόη)
455 1023 689 1090 ὑπάγειν
739 1022 1100 1092 ἀγωνίζονται
1154 1024 1280 1088 τοὺς
1327 1026 1404 1096 μὴ
1445 1027 1612 1080 παντὶ
1639 1027 1828 1097 τρόπῳ

241 1115 588 1184 ἱσταμένους,
627 1116 769 1187 ὑπὲρ
799 1115 893 1168 τοῦ
922 1117 1120 1181 αὐτοὺς
1164 1119 1612 1190 πεφωτισμένους
1647 1119 1827 1188 φωτὸς

239 1208 582 1277 χρηματίσαι
617 1207 787 1270 υίούς.
823 1208 931 1261 Καὶ
964 1211 1150 1277 φαῖνον
1184 1211 1242 1262 ἐν
1271 1213 1337 1282 τῇ
1372 1211 1559 1282 σκοτίᾳ
1586 1211 1744 1265 τοῦτο
1764 1212 1824 1264 τὸ

239 1298 356 1367 φῶς
384 1296 640 1351 διώκεται
675 1299 773 1370 μὲν
797 1300 887 1352 ὑπ’
921 1299 1113 1370 αὐτῆς,
1138 1302 1200 1354 ού
1233 1301 1712 1372 καταλαμϐάνεται
1741 1301 1818 1355 δέ.

1935 558 2086 612 Isaia:
2118 557 2207 609 ⁹²ι
2245 577 2262 608 ι
2316 557 2557 627 Populus
2597 559 2688 626 qui
2737 559 2964 614 sedebat
3005 561 3058 614 in
3107 563 3346 619 tenebris
3389 564 3522 618 vidit

1935 651 2108 704 lucem
2147 663 2417 716 magnam.
2457 670 2475 703 ι
2515 650 2641 706 llaec
2675 653 2857 722 itaque
2890 652 2979 706 lux
3009 668 3130 722 qua!
3161 654 3306 709 facta
3337 666 3424 710 est
3465 657 3518 710 in

1935 757 2208 807 sermone,
2262 741 2537 798 exsistens
2578 746 2744 798 etiam
2794 745 2928 811 vita,
2977 745 3124 800 lucet
3173 746 3227 800 in
3278 747 3520 802 tenebris

1934 837 2241 891 animarum
2290 847 2599 893 nostrarum
2655 855 2668 892 :
2721 849 2776 892 et
2821 853 2887 891 eo
2927 842 3166 893 accessit
3218 839 3309 893 ubi
3360 848 3519 896 erant

1937 928 2126 984 mundi
2155 937 2399 985 rectores
2441 930 2792 985 tenebrarum
2826 929 3091 1002 [saeculi]
3130 930 3289 1002 hujus
3315 933 3384 998 ’³,
3419 933 3514 1002 qui

1936 1021 2066 1090 quia
2108 1036 2232 1076 cum
2277 1035 2479 1091 genere
2525 1022 2765 1077 humano
2805 1021 3108 1087 luctentur,
3154 1024 3206 1076 in
3260 1025 3516 1080 tenebras

1936 1112 2207 1166 adducere
2235 1126 2331 1168 eos
2357 1113 2692 1168 contendunt
2725 1114 2818 1183 qui
2852 1129 2955 1183 pro
2983 1114 3127 1169 virili
3163 1131 3268 1170 non
3303 1117 3514 1172 instant

1934 1215 1992 1258 ut
2020 1204 2305 1259 illuminati
2340 1208 2390 1259 in
2425 1206 2658 1261 ﬁliorum
2709 1207 2844 1261 lucis
2889 1222 3120 1262 numero
3163 1218 3508 1267 censeantur.

1931 1294 2050 1350 Jam
2079 1312 2210 1352 vero
2239 1300 2403 1352 etiam
2445 1298 2560 1353 haec
2607 1298 2700 1352 lux
2739 1297 2930 1354 lucens
2963 1298 3017 1354 in
3060 1299 3302 1355 tenebris
3329 1315 3516 1371 perse-

239 1395 518 1447 Cttlimtctn
550 1393 754 1461 patitur
781 1395 997 1462 quidem
1035 1412 1061 1444 a
1107 1396 1365 1458 tenebris,
1403 1397 1498 1448 sed
1540 1413 1647 1452 non
1690 1390 2140 1463 apprehenditur.

322 1485 450 1536 Ἐὰν
512 1485 570 1538 δέ
625 1503 707 1550 τις
761 1488 960 1561 νομίσῃ
999 1487 1062 1542 τὸ
1117 1487 1192 1560 μὴ
1236 1489 1620 1560 γεγραμμένον
1672 1490 1821 1560 ἡμᾶς

247 1577 623 1648 προστιθέναι,
655 1579 717 1632 τὸ
744 1579 1037 1634 διώκεσθαι
1063 1581 1124 1634 τὸ
1159 1582 1274 1652 φῶς
1302 1583 1407 1636 ὑπὸ
1434 1581 1532 1652 τῆς
1577 1581 1819 1646 σκοτίας,

2001 1485 2114 1555 80
2141 1485 2234 1540 22.
2261 1485 2414 1551 Quod
2465 1485 2511 1540 si
2555 1485 2676 1553 quis
2699 1494 2852 1553 putet
2881 1499 2982 1540 nos
3008 1485 3210 1540 addere
3235 1486 3376 1555 quod
3405 1500 3511 1540 non

1931 1578 2001 1632 sit
2034 1577 2325 1648 scriptum,
2357 1591 2551 1646 nempe
2575 1577 2716 1646 quod
2751 1577 2990 1632 tenebrae
3018 1577 3194 1632 lucem
3227 1579 3514 1648 insequan-

236 1667 505 1731 ἀκουέτω,
540 1669 621 1721 ὅτι
648 1669 708 1722 τό
733 1687 745 1699 ·
787 1689 804 1721 ι
849 1671 912 1723 Ἦ
942 1671 1129 1723 σκοτία
1176 1672 1309 1725 αὐτὸ
1353 1674 1412 1725 οὐ
1465 1671 1753 1735 κατέλαϐε,
1800 1691 1811 1723 ι

1963 1687 2043 1735 ur,
2080 1672 2267 1726 audiat
2305 1670 2509 1724 frustra
2542 1669 2673 1724 illud
2706 1670 2834 1736 dici,
2879 1674 3020 1740 quod
3065 1691 3084 1722 ι
3124 1673 3359 1728 tenebrte
3389 1687 3510 1726 eam

238 1758 498 1829 μηδαμοῦ
529 1760 630 1830 τῆς
659 1761 880 1826 σκοτίας
902 1761 1170 1832 διωξάσης
1205 1764 1264 1816 τὸ
1294 1764 1430 1832 φῶς,
1465 1767 1640 1837 μάτην
1671 1765 1824 1834 λέγε-

234 1869 346 1907 ται.
393 1855 484 1916 Ὠς
521 1855 578 1908 δὲ
619 1855 803 1924 έχουσι
855 1855 979 1909 νοῦν
1012 1855 1330 1920 ἐκδέξασθαι
1367 1857 1662 1929 δυνάμενον
1693 1859 1823 1912 ἀκο-

233 1941 444 2007 λούθως
470 1946 584 2008 τοῖς
605 1946 1015 2017 γεγραμμένοις
1040 1945 1110 1999 τὰ
1134 1946 1465 2017 νομιζόμενα
1499 1949 1822 2017 παραλελεῖ-

233 2035 395 2106 φθαι,
443 2036 680 2108 ἔγραψεν
725 2038 754 2090 ό
790 2038 1043 2108 Ἰωάννης
1091 2038 1152 2091 τό
1179 2057 1231 2092 σε
1253 2041 1315 2093 Ἢ
1349 2038 1538 2093 σκοτία
1584 2041 1717 2093 αὐτὸ
1755 2041 1817 2092 οὐ

232 2127 663 2183 κατέλαϐεν.ιΕί
692 2128 802 2200 γὰρ
824 2129 885 2182 οὐ
913 2129 1204 2193 κατέλαϐε,
1255 2129 1494 2195 διώξασα
1546 2131 1605 2184 οὐ
1655 2131 1820 2184 κατέ-

232 2219 366 2273 λαϐε
386 2235 399 2248 ·
426 2220 522 2272 καὶ
549 2219 630 2272 ὅτι
660 2219 878 2286 ἐδίωξεν
904 2221 937 2290 ἡ
970 2220 1162 2272 σκοτία
1191 2221 1252 2272 τὸ
1289 2220 1428 2290 φῶς,
1451 2221 1611 2291 δῆλον
1657 2221 1721 2276 ἔκ
1758 2240 1818 2276 τε

232 2310 311 2370 ὧν
344 2317 615 2372 πέπονθεν
649 2321 678 2373 ό
701 2320 917 2390 Σωτὴρ,
951 2319 1046 2373 καὶ
1086 2322 1136 2372 οἱ
1188 2320 1625 2392 παραδεξάμενοι
1653 2322 1818 2376 αὐτοῦ

231 2409 302 2460 τὰ
338 2408 661 2479 μαθήματα,
690 2409 759 2462 τὰ
776 2410 882 2463 ἰδία
906 2409 1092 2473 τέκνα,
1117 2411 1217 2480 τῆς
1248 2411 1467 2474 σκοτίας
1491 2413 1821 2484 ἐνεργούσης

233 2501 379 2554 κατὰ
403 2499 512 2552 τῶν
553 2502 684 2554 υἱῶν
711 2501 804 2555 τοῦ
845 2502 1043 2570 φωτὸς,
1076 2503 1169 2555 καὶ
1203 2500 1558 2574 βουληθείσης
1583 2505 1819 2559 ἀποδιῶ-

234 2592 318 2658 ξαι
345 2593 455 2646 άπὸ
488 2592 596 2647 τῶν
629 2593 932 2666 ἀνθρώπων
974 2594 1069 2648 τοῦ
1107 2596 1304 2664 φωτός.
1348 2595 1487 2649 Ἀλλ’
1533 2597 1674 2662 ἐπεὶ,
1725 2598 1820 2652 ἐὰν

231 2686 369 2748 Θεὸς
402 2685 545 2756 ὑπὲρ
586 2685 768 2757 ἡμῶν,
821 2687 1014 2751 οὐδεὶς,
1052 2687 1156 2740 κᾶν
1202 2687 1478 2759 βούληται,
1531 2689 1820 2763 δυνήσεται

232 2775 358 2829 καθ’
383 2772 562 2846 ἡμῶν,
589 2777 698 2848 ὅσῳ
715 2778 937 2840 ἑαυτοὺς
961 2778 1301 2841 ὲταπείνουν,
1332 2780 1571 2852 τοσούτῳ
1602 2781 1821 2848 πλείους

229 2868 498 2940 ιγίνοντο,
523 2871 618 2924 καὶ
649 2871 942 2941 κατίσχυον
976 2872 1181 2943 σφῶρα
1216 2873 1440 2945 σφόδρα.
1482 2876 1658 2947 Διχῶς
1688 2877 1744 2930 δὲ
1785 2879 1818 2948 ἡ

231 2962 428 3016 σκοτία
456 2962 519 3015 τὸ
551 2961 666 3031 φῶς
695 2963 758 3015 οὐ
795 2964 1153 3033 κατείληφενο
1184 2965 1218 3035 ἢ
1249 2965 1455 3037 σφόδρα
1477 2968 1645 3021 αὐτοῦ
1683 2970 1821 3022 ἀπο-

1933 1779 2040 1818 non
2089 1763 2572 1834 appreltenderunt
2621 1765 2688 1824 νδ.
2725 1782 2745 1815 ι
2797 1763 2841 1817 si
2885 1778 3228 1834 nequaquam
3275 1763 3514 1820 tenebrze

1936 1853 2112 1908 lucem
2136 1863 2264 1908 sunt
2281 1863 2602 1922 persecutia.
2632 1852 2808 1907 Veluti
2834 1863 3014 1909 autem
3040 1863 3222 1910 mente
3247 1855 3510 1924 pmditis,

1928 1961 2025 2016 per
2064 1961 2230 2014 quam
2278 1944 2582 2015 intelligere
2632 1954 2857 2014 possent
2901 1947 3289 2016 consequentia
3325 1963 3506 2004 rerum

1929 2039 2262 2108 scriptarum
2296 2052 2415 2106 qua:
2447 2045 2771 2108 putarentur
2797 2038 3018 2101 omissa,
3049 2039 3244 2094 scribit
3264 2037 3503 2095 Joannes

1932 2131 2185 2186 tenebras
2229 2129 2404 2184 lucem
2447 2143 2553 2184 non
2605 2129 3053 2200 apprehendisse.
3104 2129 3238 2185 Nam
3295 2131 3342 2186 si
3395 2146 3503 2186 non

1927 2222 2428 2292 apprehenderunt,
2460 2230 2766 2292 persecutae
2814 2237 2922 2276 non
2970 2222 3452 2292 apprehenderunt
3489 2241 3506 2290 ;

1928 2315 2188 2386 quodque
2216 2313 2391 2370 lucem
2431 2315 2672 2370 tenebrae
2700 2325 3004 2384 persecutae
3034 2315 3263 2382 fuerint,
3291 2317 3506 2388 perspi-

1928 2424 2088 2464 cuum
2114 2415 2218 2469 est.
2258 2417 2368 2462 tum
2399 2423 2465 2464 ex
2507 2409 2594 2463 his
2628 2423 2752 2477 quae
2785 2408 3052 2463 Servator
3081 2423 3374 2478 perpessus
3400 2421 3505 2471 est.

1932 2510 2044 2555 tum
2083 2499 2248 2556 etiam
2287 2500 2362 2554 illi
2401 2500 2492 2570 qui
2525 2500 2670 2555 illius
2700 2499 3039 2568 disciplinam
3064 2514 3417 2572 exceperunt,
3455 2513 3509 2556 et

1929 2591 2100 2645 secuti
2138 2599 2291 2656 sunt,
2321 2589 2544 2660 genuini
2578 2588 2750 2657 ipsius
2781 2588 2902 2654 lilii,
2943 2589 3183 2644 tenebris
3230 2590 3503 2657 operanti-

1931 2683 2030 2738 bus
2085 2683 2346 2737 adversus
2391 2681 2529 2736 lucis
2575 2679 2714 2735 ﬁlios
2756 2690 2812 2735 et
2847 2679 3035 2752 fugare
3078 2681 3380 2736 volentibus
3425 2682 3503 2734 ln-

1928 2790 2046 2831 cem
2066 2773 2135 2828 ab
2164 2773 2495 2828 hominibus.
2519 2773 2590 2827 At
2607 2772 2866 2842 quoniam
2888 2773 2932 2826 si
2960 2771 3102 2827 Deus
3123 2787 3222 2841 pro
3247 2771 3406 2826 nobis
3429 2771 3499 2835 ”,

1931 2867 2129 2932 nullus,
2161 2866 2378 2920 etiamsi
2415 2865 2568 2930 velit,
2600 2865 2798 2934 poterit
2827 2863 3035 2934 aliquid
3063 2865 3352 2918 adversum
3385 2879 3505 2928 nos,

1929 2970 2136 3030 quanto
2187 2957 2362 3027 magis
2404 2957 2616 3026 seipsos
2681 2956 3069 3020 ltumiliabant,
3117 2964 3270 3010 tanto
3321 2954 3506 3024 plures

229 3053 556 3124 λειπομένη,
589 3055 683 3109 καὶ
713 3054 802 3108 διὰ
834 3054 931 3125 τὴν
965 3055 1102 3108 ἰδίαν
1130 3055 1441 3129 βραδύτητα
1489 3062 1555 3130 τῇ
1599 3061 1811 3134 ὀξύτητι

1963 3051 2270 3106 xsistebant
2297 3049 2780 3120 pracvalcbantque
2809 3050 3096 3105 admodum
3130 3049 3304 3104 valde.
3333 3048 3506 3105 Porro

228 3148 327 3201 καὶ
362 3145 630 3217 ταχύτητι
670 3147 765 3198 τοῦ
811 3146 1012 3218 δρόμου
1059 3146 1154 3199 τοῦ
1201 3147 1400 3216 φωτὸς,
1431 3150 1549 3202 οὐδὲ
1593 3151 1733 3206 κατά
1759 3153 1811 3206 τὲ

1968 3145 2141 3200 uobus
2172 3142 2347 3197 modis
2375 3142 2614 3196 tenebrae
2636 3156 2744 3196 non
2772 3141 3249 3211 appreltenderunt
3277 3142 3456 3196 lucent
3487 3159 3502 3196 :

229 3240 402 3292 ποσὸν
424 3239 905 3310 παρακολουθῆσαι
923 3238 1196 3310 δυναμένη
1213 3257 1226 3270 ·
1255 3239 1288 3310 ἢ
1316 3241 1489 3294 εἵπου
1510 3244 1811 3316 ἐνεδρεῦσαι

1966 3237 2014 3291 el
2051 3236 2178 3306 quia
2209 3234 2300 3288 lux
2326 3247 2424 3289 eas
2455 3233 2617 3303 longo
2662 3233 2948 3288 intervallo
2981 3241 3104 3302 post
3139 3248 3199 3289 se
3235 3234 3507 3304 relinque-

229 3330 560 3400 βεϐούληται
593 3330 654 3382 τὸ
699 3330 814 3399 φῶς
847 3330 944 3401 τὴν
969 3331 1214 3394 σκοτίαν,
1239 3334 1332 3385 καὶ
1359 3335 1478 3386 κατ’
1509 3337 1811 3408 οἰκονομίαν

1963 3337 2034 3393 et,
2063 3336 2121 3382 ut
2159 3341 2323 3398 quam
2355 3324 2640 3380 celeritate
2675 3325 3104 3394 pernicitateque
3131 3339 3328 3380 cursus
3367 3341 3508 3394 prae.

229 3422 574 3492 παρέμεινεν
603 3421 980 3492 ἐπερχομένην
1023 3423 1193 3493 αὐτὴν
1231 3424 1501 3491 ὲγγίσασα
1546 3428 1578 3498 ἡ
1631 3429 1811 3482 σκοτία

1963 3429 2191 3488 tantem,
2220 3419 2291 3476 ob
2324 3419 2601 3490 propriam
2632 3417 2948 3472 tarditatem
2974 3416 3104 3487 ipsae
3132 3417 3394 3485 tenebrae,
3437 3432 3506 3472 ne

227 3514 326 3568 τοῦ
355 3515 536 3582 φωτὸς
557 3513 868 3583 ἠφανίζετο.
901 3513 1047 3585 Πλὴν
1078 3514 1356 3586 ἑκατέρως
1394 3516 1504 3589 (84)
1550 3520 1582 3589 ὴ
1632 3521 1811 3575 σκοτία

1963 3523 2080 3568 txta
2134 3511 2499 3582 quantitatem
2549 3509 2789 3580 quidem,
2847 3509 3066 3578 assequi
3127 3519 3370 3580 possent,
3418 3511 3504 3565 vel

229 3602 293 3655 ού
328 3603 599 3656 κατέλαϐε
623 3603 682 3656 τὸ
705 3602 840 3673 φῶς.

1928 3607 2057 3677 quia
2081 3603 2254 3659 sicubi
2282 3603 2518 3660 tenebrae
2549 3603 2654 3658 luci
2690 3603 2914 3658 insidias
2949 3610 3165 3657 struere
3207 3603 3504 3665 voluerint,

228 3705 404 3764 atque
427 3707 581 3751 certo
601 3699 836 3763 quodam
863 3696 1117 3763 consilio,
1139 3707 1195 3752 et
1216 3713 1313 3768 per
1335 3699 1793 3768 dispensationem
1822 3698 2271 3770 supervenientes
2299 3695 2447 3766 ipsas
2477 3695 2568 3749 lux
2600 3696 3022 3764 exspectaverit,
3062 3709 3184 3750 mox
3217 3705 3382 3763 atque
3400 3695 3506 3749 luci

228 3792 822 3862 appropinquavcl'ittl,
853 3803 1212 3848 evanescunt.
1240 3794 1494 3850 Attamen
1521 3807 1754 3865 utroque
1783 3796 1944 3851 modo
1977 3791 2220 3848 tenebrat
2252 3790 2430 3845 lucem
2460 3804 2568 3844 non
2601 3791 3102 3858 apprehenderunt.
3389 3772 3394 3779 ’

319 3889 646 3954 Ἀναγκαῖον
673 3886 729 3938 δὲ
753 3888 811 3940 έν
841 3889 1052 3952 τούτοις
1077 3889 1228 3958 ἡμᾶς
1260 3888 1588 3959 γενομένους
1630 3891 1824 3961 ἐπιση-

231 3978 472 4052 μειῶσαι
499 3978 632 4048 (85),
655 3979 738 4032 ὃτι
766 3980 827 4032 οὐ
857 3981 1095 4044 πάντως,
1127 3980 1183 4033 εἴ
1203 3998 1304 4034 που
1335 3980 1660 4052 ὀνομάζεται
1695 3983 1822 4036 σκό-

228 4089 346 4135 τος,
380 4073 479 4128 ἐπὶ
505 4071 585 4142 τῷ
613 4071 815 4143 χείρονι
847 4072 1215 4143 λαμϐάνεται·
1253 4073 1366 4126 ἐσθ’
1401 4075 1490 4128 ὅτε
1521 4075 1577 4128 δὲ
1606 4076 1700 4130 καὶ
1730 4077 1824 4130 ἐπὶ

227 4165 314 4235 τῷ
346 4166 621 4235 κρείττονι
652 4165 1066 4236 ἀναγέγραπται
1088 4184 1101 4196 ·
1134 4167 1273 4237 ὅπερ
1297 4167 1346 4218 οἱ
1370 4167 1667 4238 ἑτερόδοξοι
1708 4167 1823 4241 (86)

233 4257 313 4327 μὴ
342 4257 800 4327 διαστειλάμενοι,
833 4258 1222 4330 δυσφημότατα
1251 4259 1381 4330 περὶ
1423 4260 1516 4312 τοῦ
1549 4263 1820 4333 Δημιουρ-

227 4348 334 4416 γοῦ
377 4349 629 4419 δόγματα
645 4349 1100 4421 παραδεξάμενοι,
1127 4351 1444 4422 ἀπέστησαν
1470 4353 1658 4417 αὑτοῦ,
1690 4355 1820 4408 ἀνα-

229 4443 526 4511 πλασμασι
581 4440 765 4512 μύθων
815 4443 1040 4506 ἑαυτοὺς
1091 4443 1497 4509 ὲπιδεδωκότες.
1536 4446 1660 4510 Πῶς
1701 4444 1817 4509 οὖν,

1999 3888 2092 3943 23.
2122 3887 2358 3942 Necesse
2387 3896 2569 3939 autem
2599 3894 2682 3938 est
2717 3898 2814 3938 nos
2853 3883 2906 3937 in
2953 3884 3040 3938 his
3069 3893 3357 3940 versantes
3405 3883 3506 3940 ad-

1926 3988 2144 4046 notare,
2175 3993 2306 4043 non,
2332 3976 2508 4032 sicubi
2541 3978 2780 4031 tenebrae
2819 3977 3196 4039 nominentur,
3241 3991 3366 4031 mox
3409 3990 3506 4031 eas

1927 4076 1982 4130 in
2013 4073 2254 4145 peiorem
2285 4079 2497 4143 partem
2533 4070 2701 4134 sumi,
2743 4083 2930 4125 verum
2965 4068 3313 4139 Scripturam
3340 4069 3506 4123 etiam

1924 4165 1978 4220 in
2027 4166 2226 4220 bonam
2259 4170 2468 4233 partem
2511 4159 2803 4230 aliquoties
2855 4158 2956 4213 bas
3003 4159 3302 4228 accipere:
3355 4158 3502 4226 quod

1923 4259 2014 4328 qui
2061 4257 2278 4312 diversa
2327 4271 2356 4310 a
2391 4254 2549 4310 nobis
2583 4253 2846 4318 sentiunt,
2885 4266 2992 4306 non
3020 4251 3344 4315 dividentes,
3379 4251 3505 4305 bor-

1927 4350 2094 4405 renda
2142 4349 2211 4404 de
2255 4348 2443 4402 mundi
2475 4345 2684 4417 Opiﬁce
2734 4347 2982 4414 dogmata
3019 4344 3392 4411 admittentes,
3434 4344 3506 4398 ab

1929 4445 2048 4515 ipso
2083 4452 2449 4507 recesserunt,
2481 4442 2693 4511 seipsos
2733 4440 3006 4508 ﬁgmentis
3045 4438 3350 4494 fabularum
3405 4440 3508 4494 ad-

231 4537 330 4587 καὶ
360 4534 518 4596 πότε,
556 4534 649 4586 καὶ
681 4533 776 4586 ἐπὶ
805 4535 900 4587 τοῦ
930 4534 1238 4605 κρείττονος
1263 4537 1323 4590 τὸ
1345 4537 1516 4608 ὄνομα
1551 4539 1646 4592 τοῦ
1691 4541 1811 4594 σκό.

1970 4539 2195 4592 icentes.
2253 4535 2542 4602 Quomodo
2590 4548 2748 4606 ergo,
2795 4541 2852 4586 et
2893 4532 3135 4602 quando,
3175 4541 3233 4586 et
3267 4545 3396 4586 num
3449 4532 3503 4586 in

231 4643 363 4689 τους
418 4625 932 4697 παραλαμϐάνεται,
997 4627 1388 4698 παραδεικτέον
1425 4630 1548 4702 ήδη.
1600 4632 1818 4698 Σκότος,

231 4720 462 4787 γνόφος,
499 4718 695 4771 θύελλα
737 4720 796 4771 ὲν
841 4720 907 4788 τῇ
948 4718 1143 4790 Ἐξόδῳ
1197 4721 1327 4792 περὶ
1373 4722 1465 4775 τὸν
1501 4723 1634 4777 Θεὸν
1680 4722 1820 4780 εἶναι

232 4809 481 4878 λέγεται,
516 4809 610 4862 καὶ
631 4809 689 4862 ὲν
712 4808 790 4880 τῷ
825 4809 887 4873 ιζ’
915 4809 1114 4880 ψαλμῷ
1133 4827 1146 4841 ·
1188 4829 1207 4862 ι
1252 4811 1310 4864 ὐ
1337 4812 1470 4876 Θεὸς
1506 4814 1657 4870 ἔθετο
1689 4819 1816 4872 σκό-

230 4919 327 4966 τος
352 4902 685 4974 ἀποκρυφὴν
707 4902 894 4967 αὑτοῦ,
927 4901 1111 4973 κύκλῳ
1140 4904 1306 4958 αὐτοῦ
1337 4907 1370 4976 ἡ
1410 4909 1583 4979 σκηνὴ
1617 4910 1783 4965 αὐτοῦ
1803 4929 1816 4942 ⁸

231 4994 519 5050 σκοτεινὸν
571 4993 714 5065 ὕδωρ
744 4995 804 5046 έν
834 4995 1084 5064 νεφέλαις
1116 4995 1328 5067 ἀέρων·
1378 5018 1397 5049 ι
1444 4999 1539 5052 ἐὰν
1585 5000 1694 5071 γάρ
1734 5019 1821 5066 τις

229 5088 554 5158 κατανοήσῃ
603 5086 665 5139 τὸ
718 5085 922 5156 πλῆθος
963 5087 1073 5140 τῶν
1101 5088 1232 5158 περὶ
1273 5086 1408 5142 Θεοῦ
1451 5089 1822 5162 θεωρημάτων

233 5180 333 5232 καὶ
361 5178 638 5246 γνώσεως,
690 5178 930 5248 ἄληπτον
962 5177 1231 5248 τυγχάνον
1279 5180 1602 5255 ἀνθρωπίνῃ
1635 5183 1818 5253 φύσει,

232 5273 384 5341 τάχα
428 5271 487 5324 δὲ
532 5271 627 5324 καὶ
669 5271 877 5342 ἑτέροις
926 5271 1080 5344 παρὰ
1126 5273 1360 5344 Χριστὸν
1410 5275 1504 5329 καὶ
1548 5276 1611 5330 τὸ
1665 5277 1820 5347 ἆγιον

233 5361 469 5432 Πνεῦμα
508 5364 775 5431 γενητοῖς,
823 5363 1027 5415 εἵσεται
1075 5362 1191 5427 πῶς
1231 5365 1360 5436 περὶ
1410 5365 1501 5418 τὸν
1533 5366 1666 5420 Θεόν
1704 5367 1820 5420 ἐστι

365 5500 410 5573 ξ’
442 5502 543 5556 lsa.
574 5517 654 5564 ιι,
681 5501 737 5556 2.
847 5502 893 5534 ³³
915 5503 1122 5573 Ephes.
1154 5519 1206 5556 γι
1226 5544 1240 5566 ,
1277 5505 1360 5560 12.

255 5567 305 5603 ³⁵⁷
346 5569 497 5628 Vers.
539 5573 626 5628 12.

317 5713 447 5782 (84)
486 5712 660 5780 Πλὴν
705 5707 1016 5782 ἑκατέρως.
1068 5704 1160 5782 Sic
1216 5703 1384 5756 codex
1442 5699 1810 5763 Bodleianus;

245 5775 411 5837 etlilitt
432 5775 730 5836 ἸΙηι-Ιιίίιητὶ.
758 5778 901 5852 Πλὴν
929 5775 1209 5852 έκῖοτέρῳο,
1312 5841 1346 5852 ..
1407 5841 1437 5852 ..
1479 5841 1490 5852 .
1752 5838 1783 5852 --

327 5855 431 5915 (ὅδ’)
480 5839 958 5919 Ἑπισημειὼάαι.
1002 5839 1277 5900 lla-codex
1311 5841 1668 5904 Bodleianus;
1700 5839 1814 5893 edie-

1467 5503 1513 5535 “
1538 5503 1690 5559 Ioan.
1725 5519 1769 5566 ι,
1798 5502 1852 5557 5.

1931 4631 2210 4686 meliorem
2241 4639 2458 4699 partem
2487 4629 2839 4684 tenebrarum
2868 4640 3068 4682 nomen
3095 4633 3366 4691 sumatur,
3391 4625 3504 4692 jam

1928 4735 2015 4779 est
2055 4722 2476 4778 ostendendum.
2529 4720 2810 4786 Tenebrae,
2858 4720 3032 4774 nubes
3081 4719 3408 4788 nimbusque
3449 4719 3504 4773 in

1925 4817 2120 4872 Exodo
2161 4816 2209 4847 "
2243 4815 2391 4869 circa
2425 4813 2594 4868 Deum
2635 4827 2760 4869 esse
2787 4812 3067 4877 dicuntur,
3109 4820 3166 4866 et
3201 4811 3256 4865 in
3295 4809 3506 4878 psalmo

1931 4909 2143 4963 decimo
2173 4908 2406 4978 septimo
2429 4907 2475 4944 ⁸⁷
2506 4923 2520 4960 :
2556 4906 2704 4961 Deus
2740 4923 2759 4957 ι
2795 4904 2978 4974 posuit
3010 4903 3274 4960 tenebras
3304 4903 3504 4959 latibu-

1928 5001 2038 5053 lum
2076 5014 2260 5065 suum,
2293 4999 2346 5053 in
2372 4999 2610 5057 circuitu
2640 4997 2759 5068 ejus
2791 4997 3209 5052 tabernaculum
3238 4995 3361 5065 ejus
3384 5012 3400 5051 :
3427 5005 3506 5051 te-

1929 5094 2160 5147 nebrosa
2196 5107 2337 5163 aqua
2369 5092 2423 5146 in
2453 5093 2694 5147 nubibus
2715 5091 2900 5145 aeris:
2933 5109 2952 5142 ι
2984 5091 3030 5145 si
3053 5091 3202 5146 enim
3225 5091 3351 5160 quis
3373 5103 3506 5145 cou-

1925 5181 2252 5237 sideraverit
2296 5180 2705 5237 multitudinem
2758 5179 3278 5250 eontemplationum
3313 5187 3370 5234 et
3405 5189 3506 5231 co-

1928 5273 2188 5344 gnitionis
2217 5274 2284 5328 de
2319 5273 2452 5338 Deo,
2487 5288 2654 5344 quam
2691 5273 2929 5327 humana
2979 5279 3179 5326 natura
3220 5271 3504 5340 percipere

1929 5375 2184 5434 nequeat,
2219 5365 2455 5421 fortasse
2497 5375 2682 5420 autem
2733 5380 2833 5421 nec
2867 5364 2964 5420 alii
2995 5365 3089 5436 qui
3137 5362 3309 5434 geniti
3350 5369 3502 5426 sunt,

1959 5502 2007 5534 "
2034 5501 2191 5557 Rom.
2229 5517 2360 5566 vnt,
2395 5500 2482 5554 3i.
2593 5503 2640 5536 ⁸⁸
2673 5503 2840 5558 Exod.
2887 5515 3011 5566 xtx,
3049 5494 3374 5570 9,16;n,
3403 5501 3498 5563 21.

1932 5697 2008 5752 ιίο
2040 5696 2238 5768 Ilttelii,
2267 5697 2722 5768 ἐπισημειῶσθαι.

1993 5767 2107 5834 (86)
2150 5767 2328 5833 Ὅπερ
2376 5767 2448 5820 of
2475 5769 2832 5835 ἑτερόδοξοι,
2859 5781 2966 5826 etc.
3001 5771 3362 5832 Valentiniani
3416 5777 3500 5836 ni-

1923 5837 2144 5904 ntirutn,
2175 5835 2502 5892 Ceruoniani
2533 5849 2586 5893 et
2618 5838 2968 5897 Marcionitze.
