3792 6146
305 352 413 409 165

1776 344 2116 403 ORIGENIS’

3470 341 3579 398 {66

315 479 512 542 praeter
539 467 818 527 Christum
860 475 917 522 et
965 465 1229 538 Spirimm
1263 473 1537 532 sanctum,
1572 465 1710 521 sciet
1749 479 1883 534 quo-

2034 465 2210 529 κότος,
2229 463 2370 518 κατὰ
2391 462 2453 516 τὸ
2473 459 2783 532 ἀγνοεῖσθαι
2806 460 2896 515 τὸν
2920 462 3042 516 κατ’
3067 459 3225 526 ἀξίαν
3251 462 3382 534 περὶ
3405 462 3578 518 αὑτοῦ

310 581 436 621 nam
463 573 625 634 pacto
675 562 820 618 circa
882 562 1051 616 Deum
1103 560 1214 615 sint
1257 561 1498 616 tenebras
1539 576 1555 624 ;
1602 567 1890 630 propterea

309 657 455 728 quod
515 655 661 711 nulla
729 655 1128 724 quantumlibet
1176 656 1430 725 copiosa,
1487 662 1654 722 atque
1699 661 1891 706 ornata

308 749 491 803 oratio
520 747 796 818 explicare
830 748 1038 813 valeat,
1069 759 1133 800 ac
1164 760 1233 800 ne
1270 746 1409 800 sciat
1452 743 1667 814 quidem
1698 757 1765 796 ex
1804 740 1888 796 di-

310 841 516 910 gnitate
546 839 717 908 ipsius
747 838 864 903 Dei,
895 841 949 893 in
979 839 1179 909 quibus
1214 837 1456 893 tenebris
1488 835 1736 906 posuerit
1767 833 1890 887 lati-

309 929 496 987 bulum
533 947 712 996 suum,
762 930 855 1000 qui
896 931 996 985 hoc
1042 927 1194 994 fecit,
1224 941 1288 982 eo
1315 929 1422 998 81
1473 927 1616 996 quod
1662 941 1783 996 qua:
1825 924 1893 981 de

310 1024 431 1095 ipso
481 1033 628 1089 sunt,
687 1023 1031 1092 ignorentur,
1075 1019 1528 1091 imperceptibilia
1576 1034 1700 1073 cum
1754 1019 1888 1072 sint.

308 1113 464 1182 Quod
498 1113 542 1168 si
575 1113 700 1183 quis
733 1112 1106 1181 hujuscemodi
1155 1111 1600 1180 expositionibus
1642 1108 1892 1164 olfende-

311 1219 423 1272 tur,
470 1206 516 1262 is
570 1206 624 1260 in
684 1205 1014 1259 sententiam
1072 1213 1317 1259 nostram
1371 1203 1575 1265 veniat,
1623 1201 1892 1258 adductus

311 1308 426 1352 tum
479 1312 510 1352 a
565 1295 871 1352 tenebrosis
924 1294 1306 1362 sermonibus,
1365 1304 1477 1348 tum
1532 1310 1562 1348 a
1619 1293 1890 1349 thesauris

311 1393 528 1448 Christo
553 1392 693 1447 datis
734 1407 764 1446 a
800 1393 928 1455 Deo,
971 1389 1300 1453 tenebrosis,
1338 1387 1572 1443 occultis
1614 1399 1670 1442 et
1702 1388 1891 1442 invisi-

311 1485 558 1540 bilibus:
605 1499 708 1540 nec
764 1484 911 1538 enim
968 1482 1114 1536 aliud
1159 1482 1354 1553 opinor
1397 1495 1522 1536 esse
1571 1484 1889 1537 tenebrosos

315 1579 601 1632 thesauros
627 1592 723 1647 per
747 1575 1025 1632 Christum
1073 1574 1455 1630 manifestatos
1497 1591 1511 1628 :
1552 1592 1571 1625 ι
1611 1573 1889 1630 Tenebras

312 1669 491 1739 posuit
523 1667 665 1721 Dens
701 1666 985 1721 latibulum
1019 1679 1175 1720 suum
1200 1664 1272 1726 ⁸⁸,
1307 1680 1326 1715 ι
1357 1672 1455 1718 et:
1497 1681 1516 1714 ι
1554 1661 1790 1718 Sanctus
1815 1662 1890 1716 in-

307 1761 516 1831 telliget
559 1758 900 1830 parabolam,
948 1765 1005 1813 et
1053 1757 1349 1812 obscurum
1397 1769 1705 1810 sermonem
1740 1754 1812 1807 ⁸³.
1862 1772 1880 1806 ι

315 1854 518 1912 Verum
545 1853 829 1909 considera
859 1867 987 1906 num
1019 1851 1089 1905 ob
1117 1850 1220 1904 hoc
1260 1848 1406 1903 dicat
1434 1849 1699 1902 Servator
1726 1846 1890 1902 disci-
1921 1824 1963 1880 Β

311 1970 454 2040 pulis
483 1970 595 2024 suis
625 1970 641 2000 ¹
671 1986 686 2021 :
728 1987 746 2019 ι
779 1966 988 2020 Idcirco
1013 1980 1131 2036 quae
1158 1965 1212 2019 in
1243 1963 1486 2018 tenebris
1520 1962 1776 2024 audistis,
1807 1962 1892 2015 di-

311 2062 420 2117 cite
447 2061 501 2114 in
532 2060 670 2114 luce.
707 2077 726 2108 ι
767 2057 988 2112 Tradita
1017 2055 1160 2110 enim
1203 2051 1338 2124 ipsis
1369 2051 1649 2123 mysteria,
1673 2049 1891 2120 cognitu

310 2152 548 2209 dilIicilia
581 2162 636 2205 et
663 2151 919 2210 obscura,
948 2149 1001 2202 in
1035 2147 1156 2202 loco
1189 2155 1428 2212 secreto,
1457 2153 1512 2199 et
1541 2160 1646 2198 non
1682 2142 1736 2196 in
1779 2142 1889 2195 l're-

312 2244 498 2314 quenti
537 2242 834 2306 auditorio,
875 2239 1031 2309 jubet
1065 2254 1159 2294 eos
1191 2237 1551 2300 illuminatos,
1592 2244 1648 2289 et
1682 2233 1753 2288 ob
1787 2233 1891 2288 hoc

311 2338 484 2392 dictos
515 2349 638 2390 esse
668 2334 722 2388 in
755 2334 900 2397 luce,
923 2331 1176 2387 omnibus
1205 2329 1297 2399 qui
1348 2328 1439 2382 lux
1491 2326 1718 2388 fuerint,
1752 2341 1892 2378 nun-

311 2431 472 2485 tiare.
508 2426 908 2484 Admirabilius
930 2435 1111 2478 autem
1135 2423 1392 2493 quiddam
1415 2420 1611 2475 addam
1644 2418 1709 2472 de
1741 2427 1892 2472 tene-

311 2522 429 2576 bris
457 2520 724 2585 laudatis,
757 2533 951 2587 nempe
991 2518 1091 2572 has
1118 2515 1383 2570 festinare
1409 2512 1474 2567 ad
1513 2512 1709 2574 lucem,
1739 2523 1892 2564 eam-

1997 555 2251 610 πλούσιον
2272 555 2450 622 λόγον,
2478 555 2540 607 ἐν
2560 546 2605 621 ᾧ
2628 553 2806 623 σκότῳ
2834 551 2986 606 ἔθετο
3014 552 3179 606 αὑτοῦ
3209 553 3308 624 τὴν
3329 555 3579 624 ἀποκρυ-

1994 644 2101 717 φὴν
2153 644 2232 716 τῷ
2277 644 2349 698 τὰ
2395 644 2526 716 περὶ
2573 641 2736 696 αύτοῦ
2771 642 3104 711 ἀγνοεῖσθαι,
3126 641 3386 715 ἀχώρητα
3419 643 3574 708 ὄντα,

1990 737 2148 792 τοῦτο
2170 735 2507 809 πεποιηκώς.
2545 735 2670 790 Ἐἀν
2702 735 2760 790 δέ
2782 753 2864 799 τις
2895 737 3014 798 ταῖς
3039 735 3317 800 τοιαύταις
3337 733 3580 808 προσκό-

1993 849 2102 904 πτῃ
2132 831 2402 900 ἐκδοχαίς,
2438 825 2802 900 προσαγέσθω
2817 827 2926 880 ἀπό
2954 843 3014 880 τε
3046 826 3154 879 τῶν
3178 826 3467 880 σκοτεινῶν
3485 823 3578 879 λό-

1992 943 2104 996 γων
2143 925 2236 979 καὶ
2264 924 2372 978 τῶν
2392 922 2685 994 διδομένων
2722 920 2829 974 ὑπὸ
2860 919 2996 973 Θεοῦ
3022 918 3246 992 Χριστῷ
3283 917 3578 990 θησαυρῶν

1994 1017 2309 1082 σκοτεινῶν,
2343 1015 2697 1088 ἀποκρύφων,
2723 1013 3005 1085 ἀοράτων·
3050 1014 3150 1067 οὐκ
3189 1011 3318 1066 ἄλλο
3373 1012 3480 1084 γάρ
3519 1028 3579 1064 τι

1992 1109 2234 1182 ἡγοῦμαι
2263 1105 2400 1163 εἶναι
2425 1108 2553 1170 τοὺς
2583 1105 2889 1168 σκοτεινοὺς
2931 1103 3237 1176 θησαυροὺς
3268 1107 3325 1158 ἐν
3353 1101 3578 1176 Χριστῷ

1991 1200 2546 1273 ἀποκαλυπτομένους
2570 1216 2583 1229 ·
2620 1217 2639 1251 ι
2697 1197 2772 1251 Τὸ
2805 1196 2996 1260 σκότος
3020 1196 3170 1250 ἔθετο
3201 1198 3230 1250 6
3270 1195 3402 1260 Θεὸς
3433 1197 3577 1249 ἀπο-

1991 1295 2204 1367 κρυφὴν
2232 1291 2447 1356 ἑαυτοῦ,
2491 1310 2508 1343 ι
2550 1289 2676 1343 καί·
2723 1307 2742 1339 ι
2788 1289 2849 1340 '0
2883 1287 3035 1354 ἆγιος
3056 1289 3237 1359 νοήσει
3260 1285 3577 1359 παραϐολὴν

1990 1387 2086 1440 καὶ
2124 1385 2395 1439 σκοτεινὸν
2441 1386 2619 1454 λόγον.
2661 1403 2680 1436 ι
2721 1383 3047 1452 Ἐπίσκεψαι
3091 1379 3148 1433 δὲ
3192 1383 3240 1433 εί
3271 1379 3360 1433 διὰ
3407 1378 3576 1432 τοῦτό

1991 1497 2156 1551 φησιν
2179 1481 2206 1532 6
2235 1478 2425 1550 Σωτὴρ
2447 1479 2558 1541 τοῖς
2584 1476 2851 1548 μαθηταῖς
2866 1492 2910 1526 ⁸(
2935 1465 3162 1528 Ἀνθ’ὧν
3185 1473 3283 1526 ὅσα
3299 1471 3574 1543 ἠκούσατε

1991 1575 2048 1626 ἐν
2072 1575 2138 1643 τῇ
2162 1570 2372 1641 σκοτίᾳ,
2397 1568 2587 1621 εἴπατε
2611 1572 2668 1620 ἐν
2694 1567 2770 1638 τῷ
2804 1567 2962 1637 φωτί.
3001 1585 3018 1617 ι
3054 1565 3136 1619 Τά
3171 1565 3278 1636 γὰρ
3307 1565 3364 1616 ἐν
3396 1564 3576 1633 ἀπορ-

2000 1666 2149 1737 ρήτῳ
2182 1663 2276 1717 καλ⁵
2313 1662 2388 1733 μὴ
2420 1661 2640 1733 ἐπηκόῳ
2670 1660 2878 1713 πολλῶν
2906 1659 3221 1728 δύσγνωστα
3265 1656 3360 1710 καὶ
3385 1656 3575 1726 ἀσαφῆ

1992 1755 2175 1818 αὐτοῖς
2219 1750 2629 1822 παραδεδομένα
2683 1750 2960 1821 μυστήρια
3003 1747 3334 1819 προστάσσει
3377 1745 3579 1806 αὐτοὺς

1993 1848 2412 1921 φωτιζομένους,
2451 1846 2546 1900 καὶ
2605 1845 2692 1899 διὰ
2747 1845 2907 1898 τοῦτο
2959 1841 3285 1914 λεγομένους
3331 1835 3471 1893 εἶναι
3515 1840 3578 1892 ἐν

1995 1944 2135 2015 φωτί¹
2167 1940 2535 2010 ἀπαγγέλλειν
2570 1939 2734 1994 παντὶ
2760 1937 2838 2009 τῷ
2869 1935 3141 2007 γινομένῳ
3175 1933 3330 2004 φωτί.
3385 1933 3578 2002 Παρα-

1993 2034 2268 2106 δοξότερον
2293 2033 2338 2087 δ’
2371 2032 2436 2087 ἂν
2462 2032 2553 2084 ἐπὶ
2589 2029 2684 2082 τοῦ
2719 2026 3110 2097 ἐπαινουμένου
3147 2024 3371 2086 σκότους
3402 2023 3580 2075 εἴποι-

1999 2143 2082 2197 μι,
2115 2126 2196 2178 ὅτι
2222 2123 2382 2178 τοῦτο
2412 2120 2632 2176 σπεύδει
2665 2118 2759 2172 ἐπὶ
2790 2118 2851 2170 τὸ
2878 2116 3014 2186 φῶς,
3039 2115 3135 2168 καὶ
3167 2111 3578 2183 καταλαμϐάνει.

1997 2219 2150 2282 αὐτὸ,
2179 2218 2274 2272 καὶ
2297 2214 2506 2286 γίνεταί
2534 2230 2686 2277 ποτε,
2719 2211 2808 2265 διὰ
2831 2211 2890 2264 τὸ
2919 2207 3229 2278 ἀγνοεῖσθαι
3257 2207 3467 2268 σκότος,
3494 2203 3578 2274 τῷ

2002 2313 2076 2384 μὴ
2099 2313 2298 2384 ὁρῶντι
2319 2310 2429 2382 (87)
2459 2307 2556 2378 τὴν
2588 2305 2815 2376 δύναμιν
2841 2303 3028 2365 αὐτοῦ,
3056 2300 3197 2354 οὕτω
3230 2297 3571 2371 μεταϐάλλον

1997 2408 2138 2462 ὥστε
2169 2407 2259 2459 τὸν
2303 2401 2658 2476 μεμαθηκότα
2691 2395 3090 2468 ἀποφαίνεσθαι
3131 2391 3413 2462 γεγονέναι
3457 2387 3579 2460 φῶς

1996 2505 2056 2558 τὸ
2079 2497 2319 2571 γνωσθέν
2346 2511 2477 2549 ποτε
2509 2492 2752 2562 ὑπάρχον
2775 2489 2922 2559 αύτῷ
2953 2487 3160 2547 σκότος.

307 2628 414 2683 que
448 2576 1074 2684 appreltendere,'alqtte
1119 2625 1240 2680 quae
1272 2607 1398 2664 olim
1444 2605 1682 2661 fuissent
1727 2605 1987 2666 tenebrae,
2022 2613 2128 2652 non
2162 2589 2470 2661 dispicienti
2511 2587 2617 2640 vim
2644 2586 2908 2684 ipsarum,
2942 2595 3008 2684 eo
3029 2579 3180 2684 quod.
3211 2576 3576 2684 ignoraretur,

307 2660 392 2759 :ic
419 2660 720 2767 im'mutari,
750 2709 813 2755 ut
835 2715 957 2754 cum
973 2660 1032 2754 is
1065 2660 1344 2752 ad'corum
1387 2696 1670 2750 scientiam
1701 2692 2012 2766 pervenerit
2041 2703 2160 2759 qua:
2188 2681 2474 2755 ignorabat
2500 2676 2767 2741 enuntiet,
2796 2687 2917 2743 qua:
2958 2669 3210 2726 didicerit
3263 2665 3433 2720 luisse
3467 2660 3578 2718 sibi

308 2792 602 2863 aliquando
635 2791 908 2854 tenebras,
943 2804 1088 2844 nunc
1119 2798 1300 2842 autem
1331 2787 1525 2842 lucem.

378 2883 470 2938 Ἡ.
499 2880 629 2935 Fuit
653 2881 807 2935 homo
827 2881 1016 2934 minus
1043 2898 1075 2933 a
1106 2878 1238 2944 Deo,
1262 2893 1452 2932 nomen
1478 2875 1558 2930 illi
1579 2874 1817 2929 Joannes
1839 2875 1881 2929 ’.

2074 2867 2336 2939 Ἐγένετο
2385 2861 2694 2929 ἅνθρωπος
2733 2851 3188 2922 ἀπεσταλμένος
3215 2849 3373 2918 παρὰ
3399 2846 3578 2902 Θεοῦ,

307 2975 632 3033 Accuratius
669 2972 868 3042 aliquis
914 2971 1228 3042 intelligens
1271 2985 1458 3024 vocem
1507 2970 1698 3022 missus
1723 2966 1883 3036 (quo-

2034 2977 2181 3032 νομιι
2222 2955 2383 3022 αὐτῷ
2437 2951 2732 3018 Ἰωάνα-ης.
2775 2943 3186 3018 Ἀκριόέστερόν
3241 2958 3324 3005 τις
3359 2939 3578 2994 ἀκούων

309 3169 394 3216 ret
425 3159 569 3214 unde
601 3157 844 3213 Joannes
879 3157 951 3212 sit
979 3156 1180 3211 missus
1220 3164 1276 3210 et
1309 3170 1439 3224 quo.
1485 3153 1618 3209 Cum
1657 3168 1786 3208 vero
1819 3153 1887 3207 li-

309 3260 475 3321 queat
521 3264 651 3320 quo,
707 3248 967 3304 nimirum
1027 3246 1179 3316 juxta
1239 3247 1571 3311 historiam,
1624 3245 1768 3314 quod
1819 3245 1886 3299 ad

309 3341 476 3397 Israel
503 3351 560 3395 et
587 3339 654 3394 ad
685 3339 932 3393 volentes
964 3352 1089 3391 eum
1121 3336 1320 3391 audire
1359 3336 1410 3389 in
1461 3349 1646 3389 eremo
1690 3331 1888 3387 ludam

310 3441 768 3496 commorantem,
817 3441 873 3484 et
913 3428 1054 3498 apud
1103 3425 1393 3482 Iordanem
1450 3424 1670 3478 ﬂuvium
1714 3423 1890 3492 bapti-

311 3533 527 3580 zantem
551 3523 723 3594 (juxta
748 3535 878 3575 vero
903 3519 1170 3575 rationem
1198 3515 1633 3588 profundiorem,
1662 3516 1715 3569 in
1741 3530 1890 3569 mun-

311 3619 461 3682 dum,
489 3614 846 3686 intelligendo
877 3629 973 3684 per
1005 3611 1268 3667 mundum
1326 3610 1504 3664 locum
1545 3609 1688 3664 hunc
1717 3618 1888 3663 terre-

314 3721 486 3766 strem
536 3709 627 3763 ubi
683 3718 813 3763 sum
859 3707 1154 3776 homines),
1184 3704 1424 3773 iuquiret
1463 3718 1699 3774 quonam
1731 3711 1888 3771 pacto

311 3802 576 3874 particula
619 3802 761 3857 unde
794 3797 1181 3857 sumi‘debeat.
1225 3797 1411 3867 Itaque
1451 3797 1654 3852 diutius
1693 3796 1888 3850 dictio~

312 3910 435 3952 nem
465 3895 810 3957 examinans,
853 3893 998 3949 forte
1027 3893 1194 3947 etiam
1219 3891 1680 3958 ennntiabitquod
1699 3905 1890 3958 quem-

310 3989 604 4044 admodum
653 3988 720 4042 de
763 3987 936 4040 Adam
967 3985 1228 4055 scriptum
1275 3993 1380 4048 est,
1411 3984 1552 4055 quod
1597 4000 1616 4034 ι
1647 3981 1890 4037 emiserit

312 4094 435 4134 eum
471 4077 734 4133 Dominus
785 4077 930 4132 Deus
974 4089 1004 4130 e
1051 4074 1302 4145 paradiso
1331 4072 1647 4142 voluptatis,
1691 4079 1748 4124 nt
1795 4084 1891 4124 co-

312 4173 448 4226 leret
477 4179 706 4234 terram,
731 4184 762 4222 e
797 4183 904 4237 qua
933 4176 1184 4235 sumptus
1215 4165 1394 4219 fuerat
1414 4165 1460 4229 ³,
1499 4184 1519 4218 ι
1559 4165 1631 4219 ita
1652 4161 1889 4218 Joannes

317 4265 518 4316 missus
551 4259 720 4314 fuerit
745 4257 829 4312 vel
861 4273 891 4312 e
915 4257 1076 4324 cmlo,
1105 4256 1188 4310 vel
1215 4271 1244 4310 e
1275 4255 1552 4325 paradiso,
1580 4256 1664 4310 vel
1687 4272 1753 4309 ex
1782 4255 1887 4307 alia

193 3076 200 3092 '
309 3069 458 3125 niam
484 3066 576 3138 qui
605 3064 863 3130 mittitur,
893 3064 1144 3119 alicunde
1164 3073 1218 3117 et
1241 3063 1424 3131 aliquo
1457 3061 1711 3132 mittitur)
1739 3075 1883 3132 quaa-

2034 3053 2081 3110 ›ὖ
2105 3093 2120 3118 ,
2173 3043 2630 3116 ἀπεσταλμένος
2685 3038 2896 3110 (ἐπειδὴ
2928 3040 2957 3091 6
3000 3032 3408 3105 ἀπεσταλμένος
3467 3048 3574 3138 aco-

1995 3147 2087 3202 θὲν
2139 3144 2244 3196 ποὺ
2297 3133 2761 3204 ἀποστέλλεται),
2812 3130 3035 3201 ζητήσει
3093 3125 3256 3181 πόθεν
3307 3125 3337 3177 ὁ
3392 3121 3578 3176 Ἰωάν-

1993 3257 2091 3313 νης
2146 3233 2425 3302 ἀπεστάλη
2478 3229 2573 3284 καὶ⁷
2621 3225 2746 3280 ποῦ.
2795 3220 3011 3292 Σαφοῦς
3061 3220 3106 3273 δ’
3134 3218 3288 3280 ὄντος
3307 3214 3402 3268 τοῦ
3443 3212 3573 3279 πού,

1994 3305 2134 3384 κατὰ
2182 3324 2281 3396 μὲν
2314 3323 2414 3394 τὴν
2463 3317 2727 3390 ἱστορίαν,
2759 3314 2843 3368 ὅτι
2895 3310 3036 3383 πρὸς
3074 3309 3166 3363 τὸν
3206 3307 3444 3379 Ἰσραὴλ,
3477 3305 3577 3360 καὶ

1992 3422 2120 3483 τοὺς
2157 3414 2514 3488 βουλομένους
2551 3407 2717 3464 αὐτοῦ
2767 3404 2986 3462 ἀκούειν
3032 3404 3090 3456 ἐν
3137 3403 3203 3472 τῇ
3245 3400 3437 3471 ἐρήμῳ
3471 3398 3578 3468 τῆς

2006 3507 2263 3569 Ἰουδαίας
2287 3500 2674 3572 διατρίϐοντος,
2699 3496 2795 3551 καὶ
2827 3493 2978 3566 παρά
3008 3491 3088 3563 τῷ
3124 3490 3362 3562 Ἰορδάνῃ
3403 3504 3576 3541 ποτα-

1999 3600 2084 3672 μῷ
2116 3596 2470 3670 βαπτίζοντος
2506 3589 2671 3662 (κατά
2706 3587 2764 3640 δὲ
2813 3583 3108 3656 βαθύτερον
3155 3579 3332 3648 λόγον,
3360 3579 3441 3632 ὃτι
3493 3579 3578 3641 εἰς

1991 3669 2084 3748 τὸν
2116 3669 2340 3761 κόσμον,
2367 3687 2573 3756 κόσμου
2600 3676 3010 3751 λαμϐανομένου
3035 3672 3130 3727 τοῦ
3153 3671 3433 3761 περιγείου
3476 3669 3575 3761 τό-

1996 3801 2146 3848 που,ι
2176 3759 2304 3835 ἔνθα
2355 3777 2492 3830 εἰσὶν
2523 3773 2633 3845 (88)
2675 3765 2995 3841 ἄνθρωποι),
3047 3763 3292 3829 ἐξετάσει
3327 3760 3444 3824 πῶς
3487 3759 3576 3812 δεῖ

1993 3871 2290 3946 λαμϐάνειν
2322 3867 2402 3933 τὸ,
2435 3867 2641 3919 πόθεν.
2691 3857 3000 3913 Ἐπιπλεῖον
3036 3855 3093 3908 δὲ
3125 3851 3430 3925 βασανίζων
3470 3849 3575 3946 τήν

1997 3936 2162 4031 λέξιν,
2207 3959 2346 4030 τάχα
2383 3956 2479 4009 καὶ
2516 3948 2898 4020 ἀποφαίνεται,
2949 3947 3054 4012 ὅτι,
3111 3943 3300 4013 ὥσπερ
3340 3942 3435 3993 ἐπὶ
3474 3936 3574 3992 τοῦ

2007 4055 2179 4126 Ἀδάμ
2203 4052 2542 4122 γέγραπται·
2579 4063 2598 4096 ι
2639 4041 2748 4095 Καὶ
2775 4035 3149 4106 ἐξαπέστειλεν
3177 4032 3338 4087 αὐτὸν
3367 4031 3574 4103 Κύριος

1995 4151 2024 4203 6
2048 4120 2181 4209 Θεδς
2211 4120 2277 4196 ἐκ
2311 4120 2408 4194 τοῦ
2448 4132 2779 4208 παραδείσου
2815 4130 2918 4200 τῆς
2964 4125 3196 4198 τρυφῆς,
3241 4120 3575 4195 ἐργάζεσθαι

1993 4239 2093 4312 τὴν
2128 4236 2254 4306 γῆν,
2293 4231 2353 4297 ἐξ
2388 4225 2456 4301 ἧς
2486 4211 2714 4298 ἐπήφθη,
2760 4241 2779 4275 ι
2815 4220 2958 4274 οὕτω
2988 4216 3084 4270 και
3113 4217 3159 4312 ό-
3183 4214 3442 4312 Ἰωάννης.
3460 4211 3573 4283 (89)

2726 4313 2858 4387 (90),
2892 4311 2926 4383 ή
2971 4312 3037 4363 ἐκ
3067 4306 3162 4362 τοῦ
3212 4305 3569 4378 παραδείσου,

312 4356 486 4418 parte,
524 4345 777 4402 alicunde
803 4345 1048 4410 tandem,
1087 4343 1153 4399 ad
1195 4316 1338 4398 hunc
1383 4360 1546 4413 super
1571 4355 1766 4399 terram
1811 4343 1883 4396 lo-

2036 4328 2275 4398 πεστάλη
2305 4325 2339 4396 ἢ
2371 4321 2432 4387 ἐξ
2463 4316 2690 4390 ούρανοῦ

313 4396 486 4418 .----τ,
526 4396 774 4402 --η---η
1321 4396 1332 4398 -

308 4453 432 4493 cum
459 4455 475 4505 ;
508 4446 566 4493 et
610 4438 813 4492 missus
857 4435 1050 4500 fuerit,
1097 4451 1117 4486 ι
1150 4443 1208 4488 ιιι
1238 4442 1532 4488 testaretur
1567 4435 1631 4487 de
1655 4433 1773 4487 lure
1794 4432 1837 4485 ⁸.
1863 4451 1882 4485 ι

2057 4423 2180 4476 ὅθεν
2212 4396 2411 4490 δήποτε
2438 4410 2702 4484 ἑτέρωθεν
2734 4405 2887 4478 παρὰ
2909 4402 3020 4474 (9|)
3048 4401 3140 4454 τὸν
3175 4399 3270 4453 ἐπὶ
3296 4397 3401 4467 γῆς
3441 4396 3571 4505 τοῦ-ξ

313 4527 488 4582 liabet
556 4536 737 4582 autem
802 4541 906 4581 non
999 4526 1455 4581 contemnendam
1525 4522 1883 4590 objectionem

2034 4532 2078 4568 ιν
2127 4487 2321 4565 τόπον·
2367 4506 2464 4560 καὶ
2515 4498 2816 4569 ἀπεστάλη,
2855 4513 2876 4544 ι
2930 4494 3020 4590 ἵνα
3074 4491 3394 4590 μαρτυρήσῃ
3441 4487 3574 4590 περὶ

308 4635 489 4676 sermo
531 4620 642 4686 hic,
688 4619 945 4690 quoniam
973 4618 1239 4690 scriptum
1289 4618 1361 4674 sit
1404 4616 1545 4686 apud
1591 4615 1784 4670 Isaiam
1815 4617 1883 4669 ἐ

2034 4605 2083 4659 >ῦ
2110 4602 2307 4672 φωτός.
2347 4616 2366 4651 ι
2413 4597 2568 4666 Ἔχει
2599 4591 2656 4646 δὲ
2683 4585 3063 4658 ἀνθυποφοράν
3085 4584 3186 4637 οὐκ
3232 4578 3573 4649 εὐκαταφρό-

314 4673 911 4780 ι-ὀυειιιῄιιιίιιίπηξθι
945 4713 1069 4782 quis
1086 4673 1217 4767 ribit
1249 4673 1317 4767 ad
1355 4673 1611 4781 populum
1644 4709 1790 4762 hunc
1814 4707 1838 4760 ἲ
1859 4724 1878 4759 ι

2034 4711 2148 4770 ητον
2175 4697 2204 4749 6
2236 4692 2416 4761 λόγος,
2455 4687 2580 4742 ἐπεὶ
2631 4683 2726 4738 καὶ
2779 4679 2931 4752 παρὰ
2989 4675 3187 4746 Ἡσαΐᾳ
3223 4673 3568 4743 γέγραπταιο

311 4813 366 4860 et
401 4805 734 4874 respondens
768 4763 1033 4874 propheta
1062 4803 1243 4872 inquit
1279 4803 1301 4834 ⁸
1345 4763 1598 4857 :rt'Ecce
1626 4815 1746 4869 ego,
1774 4799 1883 4869 82

2043 4763 2178 4843 Τίνα
2211 4782 2537 4847 ἀποστείλω,
2575 4779 2668 4834 καὶ
2687 4775 2770 4839 τίς
2801 4770 3131 4844 πορεύσεται
3161 4767 3298 4839 πρὸς
3321 4765 3413 4818 τὸν
3441 4763 3572 4818 λαὸν

311 4899 468 4953 mitte
496 4911 602 4951 me.
647 4913 666 4949 ι
705 4895 860 4950 Dicet
891 4898 1037 4951 enim
1074 4898 1164 4966 qui
1201 4893 1584 4950 adversabitur
1610 4891 1737 4947 huic

2034 4882 2210 4947 ιῦτονς
2261 4897 2280 4932 ι
2325 4879 2414 4931 ὅτε
2466 4869 2898 4942 ἀποκρινόμενος
2947 4865 2977 4918 6
3021 4860 3322 4966 προφήτης.
3365 4856 3567 4966 φησίν·

309 4949 660 5058 sane}...
715 4949 1035 5058 profundior
1085 4949 1362 5058 apparet,
1422 4949 1882 5055 quemadmodum

2063 4975 2216 5040 Ἰδοὺ,
2251 4972 2368 5043 εἰμὶ
2397 4967 2528 5039 ἐγὼ,
2554 4959 2872 5019 ἀπόστειλόν
2899 4974 2989 5029 με.
3022 4974 3042 5008 ι
3095 4953 3240 5023 Ἐρεῖ
3265 4949 3375 5021 γὰρ
3400 4951 3428 5002 6
3460 4950 3570 5001 ἐνι-

307 5083 474 5139 lsaias
505 5082 703 5136 missus
734 5090 837 5144 est,
871 5096 979 5135 non
1013 5079 1082 5136 ab
1109 5079 1217 5134 alio
1260 5079 1381 5134 loco
1426 5078 1494 5133 ad
1542 5079 1690 5132 hunc
1728 5091 1885 5130 mun-

309 5179 458 5240 dum,
505 5173 599 5229 sed
654 5183 943 5243 postquam
981 5171 1130 5227 .vidit
1174 5171 1460 5227 Dominum
1507 5170 1782 5226 sedentem
1827 5168 1880 5222 in

1994 5072 2256 5142 στάμενος
2308 5041 2376 5135 τῇ
2432 5057 2706 5133 βαθυτέρᾳ
2753 5047 3130 5142 ἐμφαινομένη
3187 5041 3568 5142 ὑπονοίᾳ,.ὃτι,

1991 5135 2178 5234 ὥσπερ
2225 5164 2255 5214 6
2293 5157 2521 5218 Ἡσαΐας
2556 5147 2858 5217 ἀπεστάλη,
2891 5142 3012 5214 οὐχὶ
3049 5141 3145 5210 ἀφ’
3181 5138 3370 5208 ἐτέρου
3403 5135 3569 5189 τόπου

375 5296 419 5327 ’⁸
449 5289 592 5345 Psal.
621 5306 753 5354 xvn,
783 5289 871 5344 12.
935 5287 982 5320 ”
1006 5287 1166 5344 Prov.
1202 5305 1244 5354 ι,
1267 5287 1322 5343 6.
1403 5285 1421 5317 ⁸
1451 5285 1638 5341 Matth.
1671 5301 1726 5350 x,
1753 5282 1845 5337 27.

2036 5297 2124 5334 an.
2155 5296 2194 5344 ι,
2217 5278 2270 5332 6.
2348 5275 2369 5306 ³
2395 5273 2531 5330 Gen.
2564 5262 2768 5333 ut,‘25.
2841 5259 2864 5291 ⁸
2887 5258 3046 5314 Joan.
3076 5271 3118 5325 ι,
3146 5254 3194 5308 7.
3277 5251 3451 5321 'Cap.
3488 5265 3565 5317 vr,

307 5379 446 5420 vers.
479 5363 533 5417 8.
607 5361 633 5394 ⁸
658 5361 790 5416 ibid.

375 5463 490 5531 (87)
531 5458 622 5527 Τῷ
640 5457 728 5527 μὴ
757 5452 1017 5531 δρῶντι...
1034 5451 1128 5506 Sic
1175 5449 1346 5507 codex
1375 5446 1733 5509 Bodleianus;
1766 5442 1883 5496 edi-

309 5522 894 5596 ιίοἨιιΘΙίιιιιξιίτδ-μὴ
918 5522 1134 5596 ὁρῶντι·
1166 5589 1183 5596 _
1350 5587 1366 5596 ,
1390 5587 1404 5596 ,
1457 5585 1496 5596 _
1563 5584 1575 5596 .
1664 5581 1677 5594 .

377 5584 746 5671 «88)’Τόποὐ,
777 5584 923 5671 ἐῶθὶι
951 5584 1427 5671 ὲὶσίῃηιιιι-οοιξὰ.
1457 5584 1787 5671 Barberintis
1826 5587 1885 5671 et

309 5650 674 5735 an‘Jté’iaﬁtk’i
695 5650 834 5724 male
861 5681 991 5722 vero
1022 5663 1191 5719 editio
1221 5658 1480 5716 Huetiana
1513 5658 1566 5710 in
1609 5663 1756 5708 textu
1778 5691 1792 5717 ,
1823 5650 1884 5702 τὸ

311 5739 414 5792 ποῦ
451 5741 608 5794 εἰσίν.

1991 5442 2195 5493 miuum
2227 5432 2522 5490 sanctitate
2553 5428 2819 5486 nobilium
2860 5425 3006 5494 ipsos
3028 5433 3168 5494 esse
3212 5415 3455 5490 angelos,
3507 5425 3569 5470 ut

1987 5491 2120 5563 alias
2150 5521 2292 5575 saepe
2323 5504 2480 5575 nobis
2505 5503 2853 5575 observatum
2880 5491 2990 5575 est.
3027 5491 3290 5575 libertus.

2060 5554 2291 5648 [6οῖηῇ
2306 5554 2683 5648 adpare?
2715 5568 2807 5648 Sic
2835 5564 3003 5648 codex
3027 5561 3414 5643 ~Bodleiauus;
3458 5554 3563 5610 Be-

1987 5632 2108 5719 gius
2135 5632 2190 5702 et
2219 5632 2566 5719 Βητυξξι-ῂζιιε,
2595 5643 2706 5719 εζτε
2734 5637 2802 5719 ἐξ
2827 5632 3076 5719 ρύρανοῢ.

2059 5695 2190 5788 ᾧιῖ
2209 5695 2409 5788 ﬁth—al.
2424 5695 2709 5770 suam.
2733 5695 3088 5772 Bédle'ianus;
3117 5700 3321 5772 Regius
3343 5705 3401 5754 et
3428 5695 3555 5751 Bar-

386 5785 705 5877 tVSSll'tliirw
738 5809 836 5860 καὶ
867 5810 902 5862 ό
940 5803 1246 5877 Ἰωάικξιςῃς,
1261 5809 1366 5877 etc.
1400 5796 1688 5877 Hominum
1737 5791 1883 5877 enim

2034 5785 2233 5858 ei'inus,
2265 5785 2413 5856 περί.

313 5863 521 5933 animas
551 5880 616 5934 de
646 5878 785 5934 coelo
821 5879 927 5945 peti
956 5863 1507 5940 crediditOrigeues;
1548 5875 1602 5921 at
1634 5864 1754 5921 illas
1783 5863 1886 5918 ho-
