3792 6146
171 331 268 388 165

1279 338 1636 396 COMMENT.
1677 339 1745 394 IN
1779 340 1972 398 JOAN.
2013 340 2251 399 TOMUS
2289 341 2356 398 ll.

3347 351 3450 407 166

171 454 319 526 παρά
342 453 436 509 τὸν
461 455 683 529 κόσμον
708 460 918 523 τοῦτον,
940 460 1075 516 ἀλλά
1099 463 1237 532 μετὰ
1266 464 1328 515 τὸ
1355 464 1658 533 ἑωρακέναι
1679 464 1732 517 τὸ

1876 465 2073 521 throno
2099 465 2319 521 excelso
2349 475 2406 522 et
2442 464 2589 522 elato
2612 467 2657 533 ',
2688 475 2747 522 ιιι
2791 466 2861 522 ad
2908 468 3164 539 populum
3193 469 3444 528 diceret:

175 546 374 617 Κύριον
406 548 730 619 καθήμενον
759 552 853 605 ἐπὶ
887 552 1077 624 θρόνου
1120 553 1324 626 ὑψηλοῦ
1371 555 1466 607 καὶ
1511 556 1763 626 ἐπῃρμέ-

172 654 285 703 νου,
325 637 460 710 πρὸς
488 639 585 691 τὸν
607 639 761 704 λαὸν,
797 641 882 695 ἵνα
905 642 1030 712 εἴπῃ
1051 659 1064 671 ·
1089 660 1107 693 ι
1152 643 1312 713 Ἀκοῇ
1343 642 1633 706 ἀκούσετε,
1667 642 1761 696 καὶ

178 730 238 783 ού
267 731 345 801 μὴ
385 731 614 800 συνῆτε,
643 753 662 784 ι
699 721 796 786 καὶ
822 734 889 787 τά
923 732 1084 804 ἑξῆς·
1117 733 1259 788 οὓτω
1287 735 1381 788 καὶ
1413 737 1442 788 6
1483 736 1758 806 Ἰωάννης,

173 823 545 895 σιωπωμένης
592 824 696 894 τῆς
727 824 902 896 ἀρχῆς
948 825 1047 896 τῆς
1087 826 1416 903 ἀποστολῆς,
1467 826 1761 896 ἀναλογίαν

172 915 406 986 ἐχούσης
439 915 580 986 πρὸς
609 916 708 986 τὴν
734 916 1039 988 ἀποστολὴν
1067 917 1162 970 τοῦ
1203 917 1446 984 Ἡσαΐου,
1498 921 1762 975 ἀποστέλ-

170 1003 320 1058 λεται
351 1004 648 1074 βαπτίζειν
693 1006 788 1059 καὶ
829 1005 1140 1076 ἑτοιμάζειν
1185 1008 1374 1079 Κυρίῳ
1423 1008 1550 1064 λαὸν
1594 1029 1758 1066 κατε-

173 1099 569 1168 σκευασμένον,
605 1099 699 1150 καὶ
732 1102 1027 1170 μαρτυρεῖν
1082 1101 1211 1171 περὶ
1242 1101 1336 1154 τοῦ
1381 1103 1577 1173 φωτός.
1621 1104 1759 1157 Τού-

170 1205 278 1241 των
297 1189 342 1241 δ⁹
367 1189 544 1253 οῦτως
565 1190 864 1261 λεχθέντων
898 1192 964 1244 ἂν
1006 1193 1142 1265 πρὸς
1193 1194 1284 1248 τὸν
1330 1196 1546 1266 πρῶτον
1600 1198 1758 1266 λόγον

168 1279 355 1343 λύσεις
391 1280 644 1335 τοιαῦται
675 1282 1036 1352 προσάγονται
1071 1284 1185 1355 (9‘2)
1217 1286 1612 1353 συγκατάθεσιν
1634 1291 1758 1342 ἐπι-

172 1370 463 1441 σπώμεναι
501 1373 637 1442 πρὸς
663 1372 724 1425 τὸ
756 1374 883 1445 περὶ
924 1376 1169 1429 Ἰωάννου
1211 1376 1508 1449 βαθύτερον
1563 1381 1756 1433 ὑπονο-

166 1462 436 1533 ούμενον·
489 1465 863 1537 αύτόθεν,μὲν
909 1468 1265 1540 ἐπιφέρεταιο
1321 1491 1337 1522 ι
1386 1466 1552 1536 Οὗτος
1595 1468 1758 1544 ἦλθεν

169 1558 250 1620 εἰς
275 1559 611 1630 μαρτυρίαν,
649 1561 734 1614 ἵνα
759 1562 1086 1634 μαρτυρήσῃ
1108 1563 1238 1635 περὶ
1272 1563 1365 1616 τοῦ
1393 1564 1570 1633 φωτός
1593 1581 1606 1595 ο
1655 1585 1674 1616 ι
1709 1567 1757 1618 εἰ

170 1649 276 1721 γὰρ
297 1647 458 1722 ἦλθε,
492 1653 655 1707 ποθὲν
680 1650 830 1725 ἦλθε.
861 1655 970 1708 Καὶ
1017 1654 1235 1708 λεκτέον
1269 1655 1406 1726 πρὸς
1434 1657 1525 1710 τὸν
1552 1658 1758 1712 δυσπα-

174 1741 543 1812 ραδεκτοῦντα
563 1745 626 1799 τὸ
656 1748 714 1799 ἐν
746 1749 858 1810 τοῖς
891 1746 1016 1818 ἑξῆς
1042 1747 1147 1800 ὑπὸ
1185 1748 1431 1803 Ἰωάννου
1465 1749 1756 1820 λεγόμενον

168 1834 258 1886 ἐπὶ
280 1834 360 1905 τῷ
395 1837 701 1906 ἑωρακέναι
728 1837 790 1890 τὸ
818 1817 1041 1909 Πνεῦμα
1068 1838 1128 1892 τὸ
1154 1839 1308 1907 ἆγιον
1324 1840 1399 1904 ὠς
1427 1817 1756 1912 περιστερὰν
1788 1817 1830 1872 Β

164 1927 572 1999 κατερχόμενον
600 1930 692 1982 ἐπὶ
721 1928 810 1982 τὸν
842 1930 1069 2002 Σωτῆρα
1089 1947 1102 1960 ·
1141 1932 1274 2002 φησὶ
1299 1931 1435 2003 γάρ’
1463 1949 1482 1984 ι
1525 1931 1586 1986 ’0
1615 1933 1756 2003 πέμ-

156 2022 270 2092 ψας
303 2041 376 2094 με
412 2023 697 2093 βαπτίζειν
729 2024 840 2095 (95)
867 2027 925 2078 έν
952 2024 1030 2096 τῷ
1066 2024 1242 2089 ῦδατι,
1281 2027 1487 2091 ἐκεῖνός
1532 2044 1621 2098 μοι
1674 2023 1754 2080 εἷ-

159 2132 295 2169 πεν·
345 2117 464 2185 Ἐφ’
517 2117 575 2171 ὃν
634 2117 701 2170 ἂν
756 2116 871 2190 ἴδῃς
922 2117 984 2170 τὸ
1021 2117 1248 2189 Πνεῦμα
1292 2119 1619 2173 καταϐαῖνον
1659 2121 1754 2173 καὶ

161 2207 329 2278 μένον
357 2208 449 2261 ἐπ’
466 2208 651 2273 αὐτὸν,
683 2201 840 2272 οὗτός
872 2211 1021 2263 ἐστιν
1042 2211 1072 2262 6
1093 2209 1370 2282 βαπτίζων
1395 2212 1454 2265 ὲν
1474 2213 1755 2282 Πνεύματι

158 2303 308 2374 ἁγίῳ
362 2302 461 2357 καὶ
498 2302 652 2375 πυρί.
693 2322 712 2355 ι
748 2304 888 2357 Πότε
941 2305 1049 2377 γὰρ
1092 2304 1315 2376 πέμψας
1361 2305 1505 2359 τοῦτ’
1555 2306 1754 2360 ἐνετεί-

160 2394 332 2460 λατος
410 2395 549 2449 Ἀλλ’
601 2395 752 2460 εἰκὸς
820 2396 1211 2468 ἀποκρίνεσθαι
1263 2398 1398 2472 πρὸς
1441 2398 1502 2451 τὸ
1561 2400 1753 2470 πύσμα

158 2484 344 2549 τοῦτο,
393 2486 479 2540 ὅτι
526 2488 615 2541 ὅτε
672 2487 872 2560 δήποτε
927 2487 1172 2560 ἔπεμπεν
1221 2490 1316 2543 ἐπὶ
1369 2490 1430 2544 τὸ
1483 2489 1752 2563 ἄρξασθαι

163 2575 482 2646 βαπτίζειν,
506 2578 629 2632 τότε
659 2580 848 2634 τοῦτον
868 2580 959 2634 τὸν
980 2581 1134 2651 λόγον
1157 2577 1312 2638 εἶπεν
1334 2583 1363 2636 6
1393 2582 1751 2656 χρηματίζων

160 2668 302 2742 πρὸς
328 2670 520 2726 αὐτόν.
555 2673 677 2726 Ἔτι
702 2673 759 2726 δὲ
807 2672 1316 2746 έκπληκτικώτερον
1358 2675 1496 2746 πρὸς
1532 2675 1593 2729 τὸ
1637 2675 1754 2729 ἑτέ-

160 2760 345 2834 ρωθέν
401 2762 569 2817 ποθεν
599 2765 938 2820 ἀπεστάλθαι
975 2766 1068 2820 τὸν
1114 2767 1368 2838 Ἰωάννην
1402 2767 1751 2840 ὲνσωματού-

162 2869 352 2922 μενον,
380 2853 642 2909 ὑπόθεσιν
673 2856 773 2909 οὐκ
794 2856 962 2928 ἄλλην
983 2857 1085 2928 τῆς
1106 2859 1186 2922 είς
1205 2857 1296 2912 τὸν
1317 2857 1430 2930 βίον
1458 2859 1752 2932 ἐπιδημίας

159 2944 387 3016 ἔχοντος
414 2946 592 3020 (94)ἢ
631 2966 651 3000 ι
696 2949 793 3020 τὴν
826 2950 957 3022 περὶ
989 2951 1084 3005 τοῦ
1122 2951 1301 3021 φωτὸς
1353 2953 1680 3024 μαρτυρίαν,
1725 2973 1745 3007 ι

155 3037 220 3092 τὺ
243 3037 573 3108 Πνεύματος
592 3039 749 3109 ἁγίου
780 3040 1086 3113 πλησθῆναι
1115 3041 1194 3096 ἔτι
1224 3044 1290 3096 ὲκ
1317 3042 1524 3108 κοιλίας
1546 3044 1750 3117 μητρὸς

154 3131 358 3225 αῦτοῦ,
389 3131 686 3225 λεγόμενον
713 3132 823 3225 ὑπδ
856 3133 1116 3206 Γαϐριὴλ,
1149 3133 1638 3206 εὐαγγελιζομένου
1672 3135 1750 3208 τῷ
1776 3163 1823 3225 C

157 3223 260 3294 μὲν
282 3225 542 3297 Ζαχαρία
577 3224 676 3295 τὴν
711 3224 958 3278 Ἰωάννου
1008 3225 1242 3294 γένεσιν,
1298 3229 1363 3298 τῇ
1413 3227 1472 3281 δὲ
1517 3229 1752 3300 Μαριάμ

153 3315 256 3388 τήν
279 3316 381 3371 τοῦ
422 3318 673 3390 Σωτῆρος
699 3319 856 3390 ἡμῶν
887 3321 945 3373 έν
972 3319 1280 3390 ἀνθρώποις
1297 3320 1618 3392 ἐπιδημίανι
1657 3324 1752 3377 καὶ

153 3408 254 3464 τόο
298 3427 320 3460 ι
373 3410 510 3462 Ἰδοὺ
549 3409 657 3482 γὰρ
681 3410 758 3475 ὡς
790 3411 1007 3478 ἐγένετο
1048 3413 1080 3483 ή
1116 3411 1268 3484 φωνὴ
1314 3411 1410 3466 τοῦ
1459 3413 1750 3483 ἀσπασμοῦ

152 3503 238 3565 εις
265 3500 341 3554 τὰ
367 3495 489 3555 ὦτά
511 3518 637 3575 μου,
665 3501 991 3574 ἐσκίρτησεν
1021 3504 1080 3558 έν
1108 3503 1425 3572 ἀγαλλιάσει
1453 3506 1514 3558 τὸ
1553 3506 1751 3577 βρέφος

155 3593 219 3646 ὲν
245 3596 315 3664 τῇ
341 3592 527 3664 κοιλίᾳ
565 3611 687 3664 μου.
730 3612 751 3645 ι
783 3593 874 3664 Τῷ
901 3593 1012 3666 γὰρ
1039 3594 1295 3666 τηροῦντι
1341 3596 1403 3648 τὸ
1433 3596 1597 3668 μηδὲν
1637 3596 1753 3650 ἀδί-

154 3703 295 3751 κως,
339 3685 481 3757 μηδὲ
515 3685 660 3741 κατὰ
692 3687 1005 3758 συντυχίαν,
1051 3687 1086 3760 ἢ
1138 3688 1523 3761 ἀποκλήρωσιν
1555 3692 1748 3754 ποιεῖν,

151 3779 466 3847 ἀναγκαῖον
523 3777 930 3850 παραδέξασθαι
1002 3781 1382 3853 πρεσϐυτέραν
1431 3775 1598 3836 οὖσαν
1651 3781 1751 3853 τὴν

165 3869 430 3925 Ἰωάννου
461 3869 639 3940 ψυχὴν
663 3869 757 3923 τοῦ
793 3869 1064 3941 σώματος,
1095 3873 1189 3926 καὶ
1216 3872 1482 3947 πρότερον
1507 3871 1752 3942 ὑφεστῶ-

155 3980 261 4017 σαν
314 3961 646 4030 πεπέμφθαι
695 3961 788 4013 ἐπὶ
818 3962 1097 4018 διακονίαν
1139 3963 1241 4034 τῆς
1287 3964 1415 4036 περὶ
1448 3965 1543 4018 τοῦ
1573 3967 1751 4036 φωτὸς

155 4052 499 4126 μαρτυρίας.
550 4053 693 4124 Πρὸς
736 4052 948 4119 τούτοις
975 4054 1031 4108 δὲ
1073 4054 1134 4108 οὐ
1169 4057 1608 4128 καταφρονητέον
1655 4058 1751 4111 καὶ

149 4148 274 4211 τοῦ,
302 4165 324 4199 ι
373 4137 550 4210 Οὗτός
585 4149 736 4200 ἐστιν
781 4147 968 4212 Ἠλίας
993 4150 1022 4202 ὁ
1059 4147 1266 4220 μέλλων
1296 4148 1407 4220 (95)
1437 4148 1742 4220 ἔρχεσθαι.»

165 4239 298 4293 Ἐὰν
338 4239 402 4292 δὲ
445 4241 625 4312 κρατῇ
675 4241 704 4293 6
756 4241 986 4295 καθόλου
1037 4243 1167 4312 περὶ
1219 4243 1398 4313 ψυχῆς
1464 4243 1642 4312 λόγος,
1674 4245 1751 4308 ὼς

147 4332 213 4384 οὐ
249 4331 709 4402 συνεσπαρμένης
738 4331 818 4402 τῷ
849 4330 1079 4404 σώματι,
1121 4333 1256 4386 ἀλλά
1287 4334 1394 4406 πρὸ
1427 4333 1592 4387 αὐτοῦ
1617 4352 1750 4404 τυγ-

151 4421 458 4494 χανούσης,
493 4422 589 4476 aut
613 4422 702 4476 διὰ
735 4423 984 4488 ποικίλας
1009 4423 1186 4487 αἰτίας
1228 4425 1554 4497 ἐνδυομένης
1586 4426 1748 4498 σαρκὶ

1870 575 1889 609 ι
1923 556 2126 611 Auditu
2157 558 2416 622 audietis,
2436 567 2492 613 et
2527 575 2634 614 non
2664 559 2982 630 intelligetis
3007 561 3052 624 ⁸,
3079 580 3099 614 ι
3127 570 3182 618 et
3210 577 3330 632 qua:
3358 578 3447 620 se-

1863 657 2149 718 quuntur;
2183 650 2257 704 ita
2296 651 2462 705 etiarn
2503 649 2768 706 Joannem
2800 652 3132 722 (suppresso
3171 655 3443 727 principio

1864 742 2168 809 missionis,
2206 741 2516 813 analogiam
2549 753 2604 798 et
2640 743 2906 799 rationem
2938 745 3192 802 habentis
3217 748 3284 803 ad
3314 749 3445 804 mis-

1862 833 2074 888 sionem
2109 831 2303 905 lsaize)
2340 835 2485 889 mitti
2517 835 2584 890 ad
2621 835 3008 906 baptizandum
3038 846 3094 892 et
3124 852 3440 907 praeparan-

1862 925 1990 980 dum
2016 926 2247 981 Domino
2277 927 2534 998 populum
2566 928 2914 995 instructum,
2949 940 3004 985 et
3035 929 3102 984 ad
3141 931 3443 988 testiﬁcan-
3499 999 3505 1004 ,

1863 1016 1997 1070 dum
2034 1017 2102 1072 de
2135 1017 2256 1074 luce
2284 1018 2325 1071 ’.
2360 1017 2456 1073 llis
2489 1021 2565 1074 ita
2596 1019 2760 1076 dictis
2788 1019 2854 1074 ad
2893 1019 3122 1090 primam
3172 1022 3440 1078 rationem

1861 1108 2160 1165 solutiones
2210 1109 2346 1164 tales
2375 1111 2742 1177 adducuntur,
2776 1126 3062 1167 assensum
3096 1113 3440 1170 attrahentes

1860 1201 1928 1254 ad
1963 1201 2015 1254 id
2049 1202 2192 1270 quod
2224 1201 2292 1256 de
2323 1200 2532 1258 Joanne
2568 1203 2890 1272 profundius
2921 1206 3292 1275 excogitatum
3322 1217 3435 1272 est;

1859 1308 1925 1348 ex
1953 1295 2145 1349 eodem
2183 1295 2328 1349 enim
2381 1295 2500 1350 loco
2553 1296 2894 1368 subiungitur
2931 1315 2947 1352 :
3003 1317 3022 1350 ι
3061 1297 3160 1353 Hic
3195 1299 3340 1354 venit
3369 1300 3438 1355 ad

1864 1389 2285 1455 testiﬁcandum,
2320 1401 2378 1446 ut
2413 1399 2708 1445 testaretur
2751 1393 2818 1446 de
2847 1391 2966 1447 luce
3017 1393 3096 1456 ¹⁰;
3144 1412 3164 1444 ι
3213 1393 3258 1446 si
3290 1393 3437 1448 enim

1859 1483 2028 1547 venit,
2055 1483 2306 1538 alicunde
2353 1484 2522 1538 venit.
2568 1483 2862 1538 Dicendum
2909 1485 3072 1539 etiam
3107 1494 3191 1539 est
3228 1485 3304 1538 illi
3338 1484 3435 1554 qui

1859 1585 2083 1642 gravate
2111 1573 2353 1628 admittit
2404 1573 2457 1627 id
2499 1575 2644 1643 quod
2677 1573 2730 1627 in
2765 1575 3119 1643 sequentibus
3165 1591 3194 1628 a
3225 1573 3436 1631 Joanne

1860 1665 2083 1728 dicitur,
2117 1677 2406 1732 postquam
2443 1665 2578 1718 vidit
2607 1663 2870 1733 Spiritum
2927 1674 3177 1719 sanctum
3209 1665 3440 1722 descen-

1859 1761 2076 1812 dentem
2107 1773 2208 1813 ceu
2238 1757 2544 1813 columbam
2590 1771 2755 1826 super
2793 1755 3088 1814 Servatore
3128 1757 3212 1824 “;
3259 1756 3440 1827 inquit

1859 1847 2005 1902 enim
2035 1848 2114 1901 “z
2153 1865 2172 1899 ι
2211 1846 2314 1914 Qui
2344 1847 2492 1903 misit
2520 1862 2606 1902 me
2645 1847 2714 1902 ad
2749 1848 3141 1918 baptizandum
3179 1847 3232 1903 in
3269 1861 3433 1918 aqua,

1857 1937 1952 1993 ille
1977 1939 2108 1993 mihi
2139 1939 2274 1993 dixit
2305 1957 2318 1992 :
2351 1938 2528 2008 Super
2571 1954 2733 2008 quem
2781 1941 2986 1996 videris
3024 1939 3293 2010 Spiritum
3340 1940 3438 1995 de-

1857 2030 2206 2084 scendentem
2257 2039 2312 2083 et
2366 2038 2674 2084 manentem
2724 2045 2888 2100 super
2930 2046 3076 2094 eum,
3111 2030 3198 2084 hic
3226 2039 3310 2085 est
3341 2030 3436 2100 qui

1855 2120 2095 2188 baptizat
2124 2121 2175 2174 in
2209 2119 2416 2190 Spiritu
2449 2131 2642 2177 sancto
2676 2129 2731 2176 et
2779 2122 2914 2193 igni.
2956 2140 2975 2174 ι
3011 2120 3241 2188 Quando
3287 2124 3435 2177 enim

1855 2211 1946 2266 ille
1979 2213 2070 2282 qui
2105 2213 2253 2268 misit
2281 2213 2385 2269 hoc
2432 2213 2738 2284 prazcepit?
2777 2217 2849 2268 At
2890 2213 3168 2286 probabile
3213 2227 3299 2271 est
3342 2230 3432 2269 re-

1855 2320 2180 2374 sponsurum
2211 2305 2280 2360 ad
2315 2305 2798 2376 interrogationem
2847 2305 3012 2371 hanc,
3059 2320 3184 2362 eum
3231 2308 3322 2378 qui
3365 2307 3434 2363 ad

1853 2394 2118 2452 Joannem
2147 2395 2496 2467 loquebatur,
2517 2407 2631 2450 tum
2668 2397 2785 2452 haec
2812 2398 2978 2452 verba
3008 2397 3210 2453 dixisse
3231 2399 3279 2452 ei
3305 2412 3432 2452 cum

1852 2503 1976 2542 eum
2010 2489 2249 2543 mitteret
2275 2497 2334 2542 ut
2366 2488 2647 2560 baptizare
2669 2488 2957 2559 inciperet.
2984 2489 3179 2545 Adhuc
3208 2489 3273 2544 ad
3306 2505 3434 2559 pro-

1855 2579 2090 2634 bandum
2146 2579 2292 2650 quod
2344 2580 2600 2635 alicunde
2649 2595 2717 2634 ex
2771 2579 2882 2635 alio
2933 2579 3052 2635 loco
3101 2580 3307 2634 missus
3360 2580 3436 2635 sit

1853 2671 2116 2738 Joannes,
2145 2673 2238 2744 qui
2267 2687 2463 2742 corpus
2493 2671 2743 2739 assumit,
2773 2686 2992 2727 causam
3019 2686 3124 2726 non
3152 2672 3312 2726 aliam
3339 2671 3436 2725 ad-

1854 2775 2048 2821 ventus
2091 2766 2174 2820 sui
2208 2765 2261 2820 in
2304 2763 2468 2818 vitam
2503 2764 2730 2828 habens,
2763 2779 2925 2833 quam
2975 2781 2994 2816 ι
3032 2772 3091 2817 ιιι
3137 2773 3434 2818 testaretur

1853 2859 1922 2914 de
1941 2857 2062 2913 luce
2087 2856 2153 2922 “,
2180 2874 2200 2908 ι
2226 2855 2450 2924 majoris
2474 2855 2732 2926 ponderis
2756 2864 2838 2911 est
2867 2855 3015 2926 quod
3049 2856 3290 2927 repletus
3319 2855 3433 2925 Spi-

1854 2949 1963 3004 ritu
2003 2958 2191 3004 sancto
2239 2949 2419 3004 adhuc
2469 2963 2537 3003 ex
2589 2957 2745 3002 utero
2793 2948 2985 3002 matris
3014 2962 3127 3002 suae
3175 2947 3431 3003 dicitura

1851 3041 2131 3108 Gabriele,
2183 3041 2276 3112 qui
2318 3041 2592 3096 nuntiavit
2637 3040 2916 3096 Zachariae
2965 3041 3186 3111 quidem
3245 3049 3431 3096 ortum

1852 3132 2098 3201 Joannis,
2125 3132 2308 3189 Mariae
2340 3141 2522 3188 autem
2543 3131 2854 3187 Servatoris
2883 3132 3055 3187 nostri
3083 3132 3227 3186 inter
3254 3131 3431 3186 homi-

1853 3241 1950 3282 nes
1987 3226 2278 3282 adventum
2309 3225 2394 3291 “;
2425 3234 2479 3279 et
2510 3223 2640 3278 illud
2676 3223 2845 3278 etiam
2883 3240 2899 3279 :
2947 3242 2968 3276 ι
3021 3223 3162 3278 Ecce
3192 3224 3338 3278 enim
3372 3233 3432 3279 ut

1851 3318 1993 3374 facta
2027 3329 2113 3374 est
2137 3333 2241 3375 vox
2279 3316 2632 3374 salutationis
2661 3325 2767 3370 tute
2798 3316 2850 3370 in
2881 3315 3107 3370 auribus
3135 3318 3290 3381 meis,
3331 3332 3430 3373 ex-

1851 3411 2074 3467 sultavit
2102 3411 2156 3467 in
2188 3410 2390 3482 gaudio
2424 3409 2609 3465 infans
2631 3410 2684 3464 in
2716 3419 2876 3463 utero
2903 3423 3026 3463 meo
3053 3407 3118 3462 ¹⁸.
3147 3426 3168 3460 ι
3199 3405 3430 3463 Proinde

1851 3505 1942 3574 qui
1974 3512 2132 3558 cavet
2181 3517 2252 3557 ne
2281 3503 2586 3573 quidquam
2636 3499 2722 3556 vel
2772 3500 2994 3569 injuste,
3031 3499 3114 3554 vel
3144 3514 3298 3568 casu,
3347 3498 3429 3552 vcl

1852 3597 2064 3667 privata
2097 3595 2375 3652 electione
2403 3593 2601 3661 faciat,
2635 3593 2999 3662 antiquiorem
3035 3607 3156 3647 esse
3202 3591 3430 3648 Joannis

1851 3689 2091 3746 animam
2109 3703 2273 3758 quam
2299 3702 2496 3758 corpus
2524 3687 2782 3741 admittat
2809 3699 3032 3740 necesse
3054 3694 3158 3748 est,
3185 3694 3239 3739 et
3267 3692 3428 3740 antea

1850 3783 2236 3837 subsistentem
2265 3781 2488 3835 missam
2514 3778 2681 3834 fuisse
2707 3778 2774 3833 ad
2791 3777 3156 3832 ministerium
3189 3778 3428 3834 testandi

1849 3874 1916 3928 de
1939 3874 2082 3932 luce.
2107 3874 2188 3928 Ad
2217 3879 2332 3929 tuaac
2365 3873 2506 3927 haud
2555 3872 2630 3926 ita
2661 3869 3120 3927 contemnendum
3154 3880 3238 3925 est
3260 3870 3428 3926 etiam

1851 3966 1982 4024 illud
2009 3985 2024 4021 :
2061 3983 2080 4016 ι
2119 3965 2218 4020 Hic
2253 3974 2337 4020 est
2370 3964 2514 4018 Elias
2542 3962 2633 4033 qui
2661 3972 2928 4018 venturus
2957 3970 3042 4016 est
3066 3960 3131 4016 ".
3159 3980 3179 4016 ι
3205 3961 3359 4030 Quod
3381 3961 3429 4018 si

1849 4058 2202 4130 praevaluerit
2239 4056 2567 4112 universalis
2597 4056 2663 4112 de
2693 4055 2876 4110 anima
2915 4054 3126 4124 opinio,
3169 4064 3429 4126 tanquam

1845 4150 1955 4223 83
1985 4165 2104 4219 quae
2137 4164 2261 4205 cum
2311 4162 2542 4218 corpore
2591 4148 2799 4216 pariter
2843 4161 2948 4202 non
2977 4148 3299 4211 seminetur,
3329 4146 3426 4201 sed

1847 4252 1971 4297 ante
2001 4245 2174 4312 ipsum
2211 4241 2464 4306 exsistat,
2489 4241 2558 4296 ob
2593 4241 2884 4309 variasque
2905 4253 3099 4295 causas
3125 4253 3346 4294 carnem
3371 4245 3429 4294 et

1847 4334 2161 4402 sanguinein
2206 4333 2416 4400 induat,
2463 4331 2764 4403 particula,
2797 4349 2816 4384 ι
2851 4329 3051 4386 missus
3079 4344 3110 4384 a
3145 4329 3252 4385 Deo
3294 4327 3360 4395 ",
3401 4348 3424 4385 ι

1847 4442 1954 4482 non
1983 4426 2252 4480 videbitur
2296 4424 2530 4495 amplius
2567 4425 2734 4488 dicta,
2779 4437 2878 4479 ceu
2909 4438 2998 4478 res
3035 4423 3280 4494 quaedam
3312 4421 3430 4477 exi-

153 4514 253 4568 καὶ
297 4514 628 4585 αῖματι,ίτό’
660 4531 680 4566 ι
719 4515 1129 4588 ἀπεσταλμένος
1163 4516 1269 4570 ὑπὸ
1298 4516 1454 4583 Θεοῦ,
1494 4537 1512 4568 ι
1565 4519 1732 4572 οὐκέτι

1869 4519 1960 4573 nia
2003 4517 2071 4571 de
2104 4515 2334 4572 Joanne.
2373 4516 2561 4588 Itaque
2612 4514 2858 4572 omnium
2909 4514 3220 4586 pessimus,
3265 4513 3429 4568 homo

149 4607 305 4673 δόξει
349 4607 628 4678 ἐξαίρετον
675 4605 815 4663 εἶναι
862 4609 992 4680 περὶ
1031 4610 1277 4665 Ἰωάννου
1321 4610 1628 4682 λεγόμενον.
1691 4612 1749 4666 'O

150 4700 294 4771 γοῦν
323 4701 544 4753 πάντων
573 4701 852 4763 κάκιστος,
883 4701 914 4753 6
948 4699 1233 4773 ἄνθρωπος
1262 4700 1362 4769 τῆς
1392 4700 1682 4770 ἁμαρτίας,
1721 4702 1751 4754 6

150 4791 278 4854 θεὸς
311 4790 415 4861 τῆς
451 4789 748 4856 ἀπωλείας,
796 4790 1016 4860 λέγεται
1058 4790 1210 4862 παρὰ
1258 4790 1338 4862 τῷ
1383 4789 1579 4862 Παύλῳ
1611 4791 1750 4862 πέμ-

151 4884 364 4940 πεσθαι
388 4885 496 4938 ὑπὸ
514 4885 610 4938 τοῦ
631 4885 768 4938 Θεοῦ
787 4901 802 4916 ο
836 4905 854 4935 ι
877 4884 978 4938 Διά
998 4885 1155 4938 τοῦτο
1174 4885 1304 4955 γὰρ,
1335 4903 1353 4935 ι
1382 4885 1536 4956 φησὶ,
1567 4903 1586 4936 ι
1607 4885 1750 4956 πέμ-

153 4995 252 5031 πει
277 4978 467 5040 αὐτοῖς
494 4979 522 5031 6
549 4977 682 5041 Θεὸς
709 4977 989 5050 ἐνέργειαν
1019 4976 1229 5046 πλάνης
1263 4977 1342 5040 εἰς
1373 4975 1434 5030 τὸ
1460 4975 1750 5030 πιστεῦσαι

151 5069 357 5132 αὐτοὺς
385 5068 467 5139 τῷ
490 5067 694 5138 ψεύδει,
726 5069 812 5122 ἵνα
845 5068 1076 5140 κριθῶσι
1108 5068 1309 5132 πάντες
1334 5070 1382 5121 οἱ
1424 5067 1497 5140 μὴ
1521 5070 1744 5124 πιστεύ-

155 5178 359 5226 σαντες
389 5164 458 5234 τῇ
511 5162 759 5235 ἀληθείᾳ,
807 5162 925 5217 ἀλλ’
954 5162 1344 5234 εὐδοκήσαντες
1389 5165 1455 5234 τῇ
1485 5161 1687 5233 ἀδικίᾳ.
1717 5180 1737 5212 ι

151 5253 230 5306 Τὸ
260 5251 317 5306 δὲ
347 5252 582 5325 ζητηθὲν
611 5255 716 5326 ὅρα
754 5254 804 5308 εἰ
853 5252 1022 5318 οὕτως
1054 5252 1212 5312 λῦσαι
1253 5252 1612 5324 δυνησόμεθα,
1638 5253 1740 5318 ὅτι,

1851 4609 2084 4680 peccati,
2127 4607 2268 4663 illius
2321 4606 2642 4678 perditionis
2690 4605 2892 4662 dicitur
2939 4603 3082 4674 apud
3129 4600 3356 4657 Paulum
3383 4601 3428 4633 ¹⁸

1851 4701 1992 4756 mitti
2027 4717 2057 4754 a
2084 4700 2196 4756 Deo
2229 4718 2244 4756 :
2285 4718 2304 4751 ι
2342 4699 2572 4770 Propter
2617 4700 2722 4754 hoc
2748 4697 2916 4764 enim,
2945 4715 2965 4750 ι
2995 4696 3192 4767 inquit,
3239 4715 3260 4749 ι
3306 4695 3429 4750 mit-

1850 4793 1918 4849 tit
1951 4793 2058 4848 illis
2085 4793 2226 4848 Deus
2251 4792 2521 4848 actionem
2571 4789 2799 4858 erroris,
2839 4799 2901 4844 ut
2946 4789 3174 4846 credant
3203 4788 3429 4844 menda-

1851 4887 1937 4941 cio
1969 4906 1981 4940 τ
2008 4895 2068 4939 ιιι
2098 4883 2412 4954 iudicentur
2450 4892 2716 4955 quotquot
2768 4882 2987 4937 veritati
3031 4895 3142 4936 non
3172 4881 3425 4948 credunt,

1849 4975 1946 5030 sed
1974 4975 2078 5031 sibi
2127 4975 2468 5044 complacent
2519 4975 2573 5030 in
2637 4973 2927 5045 injustitia.
2963 4991 2984 5026 ι
3019 4974 3091 5028 At
3144 4971 3270 5028 vide
3292 4986 3424 5027 num

1850 5069 1994 5124 hanc
2043 5068 2398 5138 quaestionem
2458 5069 2539 5125 sic
2605 5069 2820 5124 solvere
2860 5067 3164 5138 possimus,
3229 5079 3426 5136 nempe

1852 5159 2020 5230 quod,
2045 5161 2503 5232 quemadmodum
2550 5162 2873 5232 simpliciter
2925 5161 3106 5217 omnis
3133 5160 3319 5223 homo,
3356 5173 3424 5215 eo

1852 5255 1996 5323 quod
2012 5243 2236 5310 creatus
2265 5254 2390 5310 sita
2430 5255 2562 5321 Deo,
2593 5254 2757 5310 homo
2801 5261 2886 5310 est
2915 5253 3051 5320 Dei;
3105 5254 3199 5308 sed
3241 5251 3424 5308 nullus

225 5392 252 5423 ⁷
278 5390 401 5445 Isni.
431 5409 505 5456 VI,
541 5392 596 5447 1.
683 5391 705 5424 ⁸
737 5392 867 5446 iltitl.
900 5391 951 5448 9.
1030 5392 1052 5424 ⁹
1083 5392 1213 5448 Luc.
1250 5408 1287 5455 Ι,
1320 5393 1409 5446 17.
1491 5392 1534 5423 ¹⁰
1557 5389 1715 5446 Joan.

1940 5388 1983 5420 η
2011 5387 2138 5443 ibid.
2174 5387 2264 5442 52.
2347 5389 2390 5421 “
2415 5387 2550 5444 ibid.
2586 5387 2676 5442 35.
2758 5388 2803 5420 "
2835 5387 2968 5445 ibid.
3000 5385 3053 5441 7.
3133 5382 3179 5417 “
3204 5383 3339 5440 Luc.
3375 5397 3416 5448 1,

154 5463 251 5528 I3,
283 5464 367 5527 15,
395 5463 487 5517 52.
567 5463 612 5500 ³⁸
641 5462 774 5518 ibid.
809 5463 899 5517 44.
977 5464 1021 5496 ⁸⁸
1045 5463 1237 5518 Matth.
1273 5478 1352 5525 XI.
1381 5462 1468 5518 14.
1548 5462 1590 5494 ³⁷
1618 5459 1732 5516 Joat

1869 5458 1922 5515 6.
2001 5459 2046 5501 ‘8
2068 5459 2113 5514 ll
2142 5457 2334 5516 Thess.
2370 5474 2433 5526 tt,
2473 5458 2674 5526 l0,ll.

249 5608 343 5674 92)
419 5606 1048 5679 Hpaodrormt._l)eest
1083 5607 1136 5661 in
1175 5606 1418 5679 editione
1443 5603 1731 5679 liuetiana,

280 5676 589 5735 restituitur
613 5676 646 5732 ε
674 5678 832 5733 codd.
864 5677 1161 5732 Barberino
1186 5689 1241 5730 et
1272 5676 1610 5731 Bodleiano"

236 5749 343 5819 (95)
383 5748 712 5809 Βαπτίζειν.
748 5747 841 5804 Sic
868 5750 1035 5804 codex
1067 5747 1420 5812 Bodleianus;
1453 5745 1655 5816 Regius
1678 5752 1734 5803 et

158 5820 510 5888 Barberiuus,
540 5819 821 5892 βαπτίσαι.

1940 5604 2030 5676 94)
2075 5607 2378 5676 Ἐχοντοςο
2410 5603 2716 5676 Legendum
2751 5605 2966 5676 videtur
2987 5603 3200 5673 ἔχοντα.

1933 5671 2257 5744 θόῥιοῦτός
2301 5671 2547 5746 sum};
2586 5677 2795 5746 ulla;
2822 5671 3148 5746 misum
3199 5671 3305 5746 Sic_
3337 5678 3414 5727 te-

2008 5743 2071 5802 in
2106 5749 2296 5838 codice
2329 5745 2652 5812 Bodleiano;
2693 5748 2746 5801 in
2775 5743 2943 5816 Regio
2979 5751 3159 5802 autem
3189 5755 3243 5801 et
3275 5743 3410 5800 Bar-

1913 5832 2051 5875 rtno.
2075 5817 2242 5875 Ουτός
2271 5819 2417 5872 ἐστιν
2446 5817 2474 5871 6
2501 5814 2675 5875 λόγος.

1913 5819 2051 5888 rino,
2075 5813 2242 5882 Οὗτός
2271 5819 2417 5872 ἐστιν
2446 5817 2474 5871 6
2501 5814 2675 5886 λόγος.
