3766 6142
454 345 556 400 167

1919 338 1984 394 01

2113 337 2194 393 ΪΝΙ
2203 339 2242 394 S
3584 355 3602 406 ‘l
3615 359 3672 410 (:8

451 459 610 512 homo
639 465 721 511 est
751 457 870 523 Dei,
909 455 1013 511 nisi
1045 458 1136 525 qni
1167 457 1274 512 Deo
1313 457 1472 512 fuerit
1507 458 1790 522 addictus,
1823 473 1980 527 quem

2127 456 2312 529 ῶσπερ
2376 457 2738 527 ἁπλούστερον
2797 460 2903 521 πᾶς
2955 459 3236 531 ἄνθρωπος
3281 463 3355 533 τῷ
3402 465 3502 519 ὑπό
3551 469 3673 524 Θεοῦ

448 548 737 602 admodum
771 549 916 604 Elias
954 557 1009 604 et
1058 551 1149 618 qui
1207 552 1259 603 in
1306 548 1602 618 Scripturis
1651 550 2023 604 inscribuntur

446 640 694 694 homines
749 639 874 707 Dei;
929 641 1002 695 ita
1045 642 1149 695 dici
1197 655 1354 711 posse
1400 643 1762 697 communiter
1803 657 2020 696 omnem

446 731 721 786 hominem
751 747 781 786 a
810 735 918 788 Deo
955 734 1176 787 missmn
1229 748 1379 798 esse;
1426 734 1643 802 pr0prie
1689 743 1868 787 autem
1914 746 2020 786 non

445 821 609 876 alium
643 837 674 876 a
709 821 817 877 Deo
843 823 980 876 mitti
1030 837 1192 891 quam
1241 824 1332 892 qui
1376 823 1444 877 ad
1496 823 1854 879 ministerium
1881 823 2022 877 divi-

449 931 578 970 num
619 924 674 970 et
717 917 782 970 ad
833 916 1142 970 obeundam
1196 915 1417 970 humani
1469 915 1682 986 generis
1707 915 1934 970 salutem
1967 915 2019 969 in

446 1006 616 1060 vitam
642 1005 940 1060 advenerit.
983 1004 1346 1072 Quamobrem
1397 1020 1503 1058 non
1528 1005 1838 1060 invenimus
1875 1007 2020 1074 quod

446 1099 732 1168 quisquam
767 1097 1017 1150 mittatur
1045 1112 1074 1150 a
1096 1096 1229 1160 Deo,
1259 1097 1518 1167 positum,
1551 1097 1653 1152 nisi
1683 1099 1749 1153 de
1776 1097 1979 1151 sanctis
2004 1113 2017 1150 :

443 1191 512 1244 de
542 1189 679 1245 Isaia
727 1192 970 1261 quidem,
1007 1200 1068 1245 ut
1098 1201 1255 1245 antea
1302 1191 1712 1262 proposuimus;
1773 1191 1838 1244 de
1863 1187 2020 1244 Jere-

448 1281 552 1335 mia
576 1297 707 1336 vero
732 1299 744 1333 :
778 1301 796 1332 r
828 1283 907 1336 Ad
940 1297 1151 1346 omnes,
1179 1283 1244 1335 ad
1265 1297 1399 1351 quos
1430 1281 1629 1337 misero
1657 1291 1726 1344 te,
1746 1281 1850 1336 ibis
1877 1281 1966 1340 ‘3';
1995 1299 2013 1332 ι

445 1377 512 1428 de
544 1374 794 1429 Ezechiel
824 1374 986 1429 etiam
1019 1390 1032 1426 :
1075 1393 1093 1425 ι
1134 1375 1276 1429 Ecce
1315 1389 1416 1446 ego
1449 1375 1603 1430 mitto
1649 1383 1701 1429 te
1733 1375 1797 1428 ad
1832 1383 2018 1444 gentes

445 1465 698 1529 rebelles,
734 1476 789 1519 et
814 1467 1121 1520 incredulas
1155 1466 1284 1520 mihi
1315 1467 1379 1521 “.
1419 1486 1438 1518 ›
1471 1467 1738 1522 Caeterum
1772 1466 1914 1520 haud
1946 1465 2016 1518 ita

443 1557 511 1610 ad
538 1558 869 1625 propositum
923 1567 1135 1627 sumpta
1188 1557 1356 1612 fuisse
1400 1557 1727 1611 videbuntur
1773 1556 2014 1624 exempla

444 1647 743 1709 missionis,
779 1663 903 1701 cum
929 1663 1028 1702 nos
1069 1663 1380 1718 quaeramus
1411 1648 1478 1702 de
1519 1647 1774 1701 missione
1799 1661 1920 1715 quae
1957 1647 2017 1700 fit

441 1737 506 1790 ad
541 1736 679 1792 hanc
712 1738 903 1801 vitam,
955 1747 1011 1793 et
1046 1738 1134 1792 illa
1170 1754 1274 1792 non
1324 1749 1511 1808 aperte
1560 1739 1746 1792 dicant
1775 1739 2010 1806 aliquem

2123 546 2367 600 ἐκτίσθαι
2393 546 2677 617 ἄνθρωπός
2702 549 2815 599 ἐστι
2841 546 2933 600 τοῦ
2961 549 3116 611 Θεοῦ,
3141 550 3257 602 ἀλλ’
3279 552 3337 604 οὐ
3370 557 3674 624 χρηματίζει

2123 640 2231 700 πᾶς
2259 637 2544 709 ἅνθρωπος
2569 637 2726 701 Θεοῦ,
2759 638 2791 709 ἢ
2823 639 2980 709 μόνος
3029 641 3058 692 ὁ
3085 640 3204 711 Θεῷ
3236 642 3591 715 ἀνακείμενος,
3621 650 3675 703 ὃν

2119 731 2318 800 τρόπον
2359 728 2544 792 Ἠλίας
2591 731 2684 783 καὶ
2727 731 2774 783 oi
2818 732 2874 782 ἐν
2909 735 3028 795 ταῖς
3072 733 3112 784 Γ
3118 735 3311 804 ραφαῖς
3355 736 3678 813 ἀναγεγραμ.

2125 825 2278 894 μένοι
2329 821 2604 894 ἄνθρωποι
2646 822 2802 886 Θεοῦ,
2853 823 3026 888 οὕτως
3069 825 3292 879 δύναται
3325 829 3461 882 κατὰ
3495 833 3584 900 μὲν
3619 836 3676 890 τδ

2121 914 2427 985 κοινότερον
2475 914 2582 976 πᾶς
2629 913 2916 985 ἄνθρωπος
2965 916 3304 972 ἀπεστάλθαι
3360 922 3503 992 παρά
3551 924 3674 979 Θεοῦ

2120 1004 2270 1076 (96)·
2307 1005 2512 1078 κυρίως
2535 1005 2592 1058 δὲ
2621 1005 2871 1074 λέγεσθαι
2904 1008 3239 1064 ἀπεστάλθαι
3273 1011 3376 1066 ὑπὸ
3417 1013 3542 1068 Θεοῦ
3576 1019 3674 1090 (97)

2118 1098 2218 1152 οὐκ
2253 1096 2410 1160 ἀλλος
2438 1096 2472 1167 ἦ
2513 1099 2542 1151 ὁ
2574 1097 2664 1150 ἐπὶ
2696 1097 2940 1172 διακονίᾳ
2979 1101 3100 1175 θείᾳ.
3128 1104 3222 1157 καὶ
3259 1103 3560 1180 λειτουργίᾳ
3586 1126 3676 1162 σω-

2119 1190 2314 1261 τηρίας
2341 1189 2532 1256 γένους
2570 1187 2870 1260 ἀνθρώπων
2897 1193 3176 1265 ἐπιδημῶν
3203 1194 3282 1265 τῷ
3315 1195 3430 1266 βίῳ.
3474 1199 3578 1268 Οὐχ
3604 1200 3675 1251 εὖ·

2121 1295 2286 1349 ρομεν
2333 1279 2466 1347 γοῦν
2513 1279 2576 1332 τὸ
2620 1281 3042 1337 ἀποστέλλεσθαι
3082 1285 3190 1338 ἀπὸ
3237 1286 3370 1340 Θεοῦ
3415 1289 3499 1340 ἐπ’
3531 1290 3672 1343 ἀλλον

2116 1384 2210 1420 του
2245 1368 2278 1439 ἢ
2311 1369 2418 1422 τῶν
2442 1370 2610 1438 ἁγίων
2645 1372 2895 1442 κείμενον
2919 1391 2932 1404 ο
2963 1375 3054 1427 ἐπὶ
3085 1377 3182 1446 μὲν
3212 1378 3304 1430 τοῦ
3351 1379 3580 1444 Ἡσαΐου,
3607 1383 3673 1446 ὡς

2117 1461 2572 1533 προπαρεθέμεθα
2599 1480 2613 1494 ·
2643 1464 2734 1516 ἐπὶ
2769 1465 2826 1517 δέ
2857 1466 2950 1518 τοῦ
2992 1468 3253 1540 Ἱερεμίου
3279 1488 3290 1500 ·
3337 1491 3355 1522 r
3376 1473 3514 1544 Πρὸς
3551 1475 3671 1529 πάν-

2114 1571 2214 1618 τας
2240 1553 2332 1618 οὒς
2363 1555 2458 1608 ἐὰν
2493 1555 2860 1620 ἐξαποστείλω
2891 1575 2972 1623 σε,
3018 1562 3259 1636 πορεύσῃ
3278 1580 3290 1592 ·
3321 1583 3338 1613 ι
3391 1567 3479 1618 ἐπὶ
3508 1567 3560 1619 δὲ
3589 1571 3669 1622 τοῦ

2127 1646 2384 1718 Ἰεζεκιήλ
2407 1663 2420 1677 °
2484 1665 2502 1697 ι
2527 1647 2657 1700 Ἰδοὺ
2703 1647 2811 1717 ἐγὼ
2839 1650 3152 1706 ἀποστέλλω
3188 1671 3246 1706 σε
3279 1656 3414 1726 πρὸς
3459 1657 3578 1728 ἔθνη
3611 1661 3670 1715 τὰ

2114 1735 2482 1808 ἀφεστηκότα,
2509 1735 2603 1789 καὶ
2631 1736 3006 1809 ἀπιστήσαντά
3033 1742 3141 1813 (98)
3172 1762 3279 1814 μοι.
3308 1763 3325 1796 ι
3369 1746 3514 1812 Δόξει
3542 1748 3592 1801 δὲ
3616 1752 3667 1802 οὐ

439 1829 795 1882 exsistentem
849 1838 1001 1883 extra
1061 1830 1200 1884 hanc
1249 1830 1416 1884 vitam
1475 1829 1699 1884 missum
1750 1828 1916 1884 fuisse
1958 1831 1984 1882 il

2116 1827 2252 1898 πρὸς
2280 1827 2342 1880 τὸ
2373 1827 2732 1898 προκείμενον
2780 1809 3146 1902 παρειλῆφθαι
3171 1809 3240 1888 τὰ
3275 1809 3674 1910 παραδείγματα

439 1921 582 1976 hanc
631 1923 820 1980 vitam.
867 1925 1123 1976 Attamen
1170 1924 1250 1978 sic
1293 1926 1457 1978 etiam
1510 1922 1642 1976 nihil
1682 1933 1765 1977 est
1787 1922 2005 1976 absurdi

437 2016 742 2071 orationem
795 2016 1093 2069 transferre
1132 2017 1199 2070 ad
1245 2016 1296 2069 id
1339 2017 1406 2069 de
1451 2029 1557 2084 quo
1603 2015 1924 2084 quaerimus,
1966 2014 2012 2069 si

439 2107 686 2160 dicamus
733 2108 877 2176 quod
920 2117 978 2160 ut
1021 2106 1166 2160 solos
1197 2108 1544 2184 sanctostde
1599 2106 1795 2174 quibus
1844 2106 2008 2159 locuti

437 2212 644 2265 sumus,
694 2202 910 2254 mittere
961 2199 1159 2253 dicitur
1201 2199 1362 2262 Deus,
1417 2199 1496 2253 sic
1539 2199 1704 2253 etiam
1739 2199 1806 2253 de
1828 2199 2013 2254 bisin-

439 2289 792 2360 telligendum
827 2305 946 2345 esse
975 2290 1065 2360 qui
1094 2291 1163 2344 ad
1195 2291 1360 2344 vitam
1393 2293 1701 2344 mittuntur.

2112 1919 2210 1989 τῆς
2242 1919 2545 1990 ἀποστολῆς
2571 1921 2670 1992 τῆς
2693 1923 2772 1984 εἰς
2794 1922 2885 1975 τὸν
2915 1923 3026 1994 βίον
3053 1927 3410 2000 ζητουμένης,
3463 1933 3671 1985 ἀποστο-

2109 2009 2207 2081 λὴν
2230 2011 2456 2080 λέγοντα
2484 2014 2546 2065 οὐ
2571 2015 2793 2085 γυμνῶς
2829 2018 2926 2088 τὴν
2958 2017 3154 2083 ἔξωθεν
3178 2022 3270 2075 τοῦ
3302 2022 3417 2092 βίου
3469 2026 3558 2078 ἐπὶ
3591 2027 3671 2079 τὸν

2112 2101 2248 2172 βίον.
2306 2103 2453 2175 Πλὴν
2484 2105 2579 2158 καὶ
2621 2105 2793 2168 οὕτως
2839 2109 2938 2160 οὐκ
2983 2111 3243 2165 ἀπίθανον
3293 2115 3547 2184 μετάγειν
3591 2118 3670 2170 τὸν

2109 2194 2265 2263 λόγον
2294 2195 2388 2248 ἐπὶ
2419 2195 2479 2249 τὸ
2524 2195 2777 2267 ζητηθὲν,
2814 2199 3108 2268 φάσκοντα,
3147 2203 3248 2266 ὅτι,
3278 2203 3466 2276 ὥσπερ
3496 2207 3672 2276 μόνους

2109 2288 2238 2351 τοὺς
2281 2287 2490 2355 ἁγίους,
2521 2289 2606 2357 ἐφ’
2633 2281 2709 2343 ὧν
2758 2291 3126 2362 παρεθέμεθα,
3156 2295 3506 2350 ἀποστέλλειν
3535 2297 3669 2366 λέγε-

433 2399 530 2437 ται
555 2384 582 2436 ὁ
605 2382 760 2446 Θεὸς,
790 2382 964 2446 οὕτως
993 2382 1088 2436 καὶ
1120 2382 1212 2435 ἐπὶ
1241 2381 1351 2436 τῶν
1395 2385 1475 2446 είς
1499 2383 1588 2435 τὸν
1615 2381 1729 2452 βίον
1763 2381 2240 2452 ἀποστελλομένων
2264 2381 2568 2438 ἐκδεκτέον.

500 2475 591 2528 9.5.
621 2475 688 2528 Et
715 2476 970 2544 quoniam
998 2476 1222 2530 omnino
1256 2477 1305 2528 iu
1334 2473 1562 2530 Joannis
1601 2489 1852 2529 sermone
1882 2489 2002 2527 ver-

430 2581 639 2632 samur,
683 2566 852 2636 ipsius
907 2568 1220 2622 missionem
1277 2566 1685 2635 investigantes,
1745 2580 1850 2618 non
1904 2565 2006 2617 im-

430 2668 661 2727 portune
702 2659 1008 2726 opinionem
1064 2667 1323 2724 nostram,
1363 2672 1522 2726 quam
1565 2659 1632 2712 de
1679 2657 1794 2726 ipso
1833 2657 2003 2710 habe-

431 2767 575 2819 mus,
600 2766 986 2820 proponemus.
1017 2751 1279 2819 Quoniam
1319 2754 1466 2806 enim
1506 2751 1734 2821 legimus
1766 2751 1998 2820 prephe-

431 2843 560 2896 tiam
591 2845 659 2898 de
701 2845 820 2915 ipso
846 2844 892 2876 ’°
921 2860 938 2898 :
966 2862 986 2896 ι
1026 2845 1164 2898 Ecce
1191 2858 1292 2914 ego
1331 2843 1485 2897 mitto
1529 2839 1780 2911 augelmn
1826 2854 2004 2895 meum

428 2943 554 2989 ante
593 2933 790 2989 faciem
845 2945 1011 3000 tuam,
1045 2935 1137 3005 qui
1170 2934 1498 3004 praeparabit
1536 2935 1682 2987 viam
1711 2941 1855 2986 tuam
1881 2940 2007 2987 ante

428 3038 500 3095 te,
546 3047 565 3080 ι
604 3029 928 3084 adnotamus
959 3042 1084 3081 num
1120 3023 1260 3082 forte
1297 3039 1436 3080 unus
1469 3034 1781 3080 sanctorum
1841 3037 2008 3093 ange-

2182 2473 2292 2526 Ka‘t
2335 2473 2460 2526 ἐπεὶ
2505 2473 2843 2540 ἁπαξαπλῶς
2886 2478 2944 2530 ἐν
2990 2476 3070 2548 τῷ
3117 2478 3246 2548 περὶ
3288 2479 3382 2532 τοῦ
3446 2481 3668 2534 Ἰωάννου

2111 2565 2279 2635 ἐσμὲν
2335 2565 2498 2636 λόγῳ,
2545 2565 2830 2638 ζητοῦντες
2873 2569 3037 2622 αὑτοῦ
3084 2568 3180 2641 τὴν
3229 2571 3550 2643 ἀποστολὴν,
3580 2574 3668 2625 οὐκ

2112 2657 2357 2729 ἀκαίρως
2398 2658 2652 2712 ὑπόνοιαν
2701 2660 2994 2731 ἡμετέραν,
3025 2661 3092 2731 ἢν
3122 2662 3250 2732 περὶ
3279 2662 3445 2716 αὐτοῦ
3476 2664 3667 2734 ἔχομεν,

2109 2749 2512 2822 προσθήσομεν.
2562 2751 2708 2804 Ἐπεὶ
2729 2751 2837 2823 γὰρ
2863 2753 3177 2824 ἀνέγνωμεν
3206 2754 3333 2826 περὶ
3362 2755 3522 2807 αὑτοῦ
3550 2773 3665 2827 προσ

2107 2841 2335 2912 φητείαν
2357 2859 2372 2872 ·
2423 2859 2442 2893 t
2466 2843 2596 2896 Ἰδοὺ
2643 2842 2756 2912 ἐγὼ
2796 2845 3110 2897 ἀποστέλλω
3155 2845 3247 2898 τὸν
3304 2846 3536 2914 ἄγγελόν
3583 2863 3668 2918 μου

2105 2933 2213 3005 πρὸ
2257 2933 2548 3005 προσώπου
2597 2952 2714 3001 σου,
2763 2937 2824 3000 ὃς
2870 2939 3268 2992 κατασκευάσει
3309 2940 3415 3009 τὴν
3452 2939 3564 2993 ὀδόν
3588 2955 3666 2992 σου

2105 3025 2414 3098 ἔμπροσθέν
2473 3044 2587 3093 σου,
2614 3047 2632 3080 ι
2688 3029 2986 3099 ἐφίσταμεν
3038 3030 3247 3100 μήποτε
3290 3025 3374 3094 εἷς
3419 3031 3528 3085 τῶν
3571 3031 3667 3101 (99)

426 3119 599 3174 lorum
633 3120 924 3184 exsistens,
951 3134 1258 3190 prazcursor
1291 3119 1358 3172 ad
1408 3117 1773 3172 ministerium
1815 3116 1982 3170 demit

2113 3119 2282 3186 ἀγίων
2329 3119 2574 3187 ἀγγέλων
2617 3119 2899 3190 τυγχάνων
2925 3121 3018 3174 ἐπὶ
3051 3121 3364 3194 λειτουργίᾳ
3403 3122 3666 3193 καταπέμ-

426 3223 571 3268 tatur
605 3213 919 3268 Servaloris
949 3215 1141 3268 nostri.
1175 3214 1243 3267 Et
1285 3212 1482 3266 mirum
1512 3212 1758 3280 profecto
1786 3219 1870 3265 est
1918 3209 2002 3264 ni-

426 3305 524 3371 hil,
575 3304 782 3360 Christi
834 3304 1188 3375 Prirnogeniti
1235 3302 1350 3375 84
1390 3305 1568 3358 omnis
1605 3311 1898 3366 creaturae,
1930 3304 2002 3356 ob

423 3413 664 3453 amorem
699 3414 823 3468 erga
877 3399 1126 3453 homines
1152 3399 1446 3464 incarnati,
1495 3397 1839 3452 aemulatores
1882 3396 2001 3450 imi-

422 3499 740 3560 tatoresque
785 3490 995 3558 aliquos
1037 3491 1338 3554 exstitisse,
1397 3489 1597 3558 quibus
1632 3489 1788 3544 dulce
1837 3488 2001 3542 fuerit

419 3587 469 3640 ei
503 3584 820 3654 benignitati
853 3599 1016 3655 quam
1048 3584 1101 3637 in
1133 3583 1282 3653 ipsos
1312 3583 1666 3648 ostendisset,
1712 3582 1995 3649 inservire,

419 3679 611 3732 eadem
667 3678 914 3748 corporis
965 3675 1342 3732 similitudine.
1393 3675 1499 3730 Sed
1554 3690 1842 3744 quemnam
1888 3688 1997 3730 non

422 3780 664 3824 moveret
723 3768 1006 3824 exsultans
1049 3767 1103 3822 in
1147 3757 1359 3836 gaudio'
1400 3767 1579 3822 adhuc
1625 3766 1894 3821 exsistens
1939 3765 1993 3819 in

421 3871 574 3917 utero
615 3859 832 3933 [matris
885 3859 1020 3932 suae]
1065 3859 1291 3930 perinde
1331 3872 1396 3914 ac
1438 3873 1778 3913 comnmnem
1823 3856 1996 3912 homi-

421 3969 550 4008 num
585 3965 832 4006 naturam
867 3951 1177 4007 excellens?
1204 3950 1356 4018 Quod
1381 3950 1424 4005 si
1451 3951 1574 4020 quis
1607 3949 1853 4004 admittat
1875 3965 1995 4018 pre-

423 4045 690 4100 cationem
739 4043 935 4114 Joseph
984 4046 1302 4115 inscriptam
1343 4045 1397 4098 in
1424 4044 1510 4098 his
1539 4043 1692 4098 libris
1725 4041 1816 4112 qui
1853 4041 1994 4110 apud

421 4137 676 4194 Hebraeos
708 4138 962 4193 dicuntur
990 4136 1305 4208 apocryphi,
1331 4150 1455 4190 mox
1482 4135 1586 4189 hoc
1607 4134 1800 4204 dogma
1829 4133 1991 4188 etiam

421 4241 605 4301 aperte
639 4232 840 4286 dictum
892 4231 1018 4284 inde
1055 4240 1375 4298 sumpturus
1427 4239 1552 4284 est:
1584 4227 1808 4298 perinde
1835 4225 1990 4296 quasi

419 4324 508 4392 qui
559 4339 588 4377 a
640 4322 907 4392 principio
954 4320 1213 4376 eximium
1259 4319 1465 4390 aliquid
1515 4333 1629 4388 prae
1680 4317 1992 4373 hominibus

418 4416 740 4477 habuerunt,
769 4413 928 4484 longe
963 4413 1218 4466 meliores
1252 4413 1467 4468 caeteris
1495 4408 1816 4475 animabus,
1864 4422 1988 4461 cum

2109 3229 2266 3264 πεται
2293 3209 2388 3265 τοῦ
2416 3212 2663 3283 Σωτῆρος
2691 3212 2847 3282 ἡμῶν
2872 3214 3199 3285 πρόδρομος.
3240 3216 3352 3268 Καὶ
3382 3217 3531 3270 οὐδὲν
3557 3211 3667 3269 θαυ-

2110 3304 2333 3377 μαστὸν,
2364 3305 2459 3358 τοῦ
2499 3304 2852 3375 Πρωτοτόκου
2882 3306 3062 3376 πάσης
3083 3307 3312 3372 κτίσεως
3338 3309 3665 3378 ἐνσωματουο

2109 3398 2271 3469 μένου
2299 3395 2442 3452 κατά
2473 3395 2901 3468 φιλανθρωπίαν,
2943 3396 3190 3469 ζηλωτάς
3220 3415 3375 3462 τινας
3401 3400 3494 3452 καὶ
3523 3416 3666 3470 μιμη-

2104 3489 2203 3552 τὰς
2251 3486 2534 3557 γεγονέναι
2583 3487 2837 3558 Χριστοῦ,
2898 3488 3288 3560 ἀγαπήσαντας
3331 3489 3392 3544 τὸ
3450 3489 3536 3543 διὰ
3583 3489 3664 3543 τοῦ

2103 3580 2288 3650 ὁμοίου
2316 3577 2410 3632 τοῦ
2450 3577 2698 3648 σώματος
2737 3578 3080 3650 ὑπηρετῆσαι
3111 3584 3176 3652 τῇ
3211 3582 3291 3645 είς
3318 3582 3515 3644 αὐτοὺς
3544 3597 3664 3652 χρη-

2105 3672 2320 3742 στότητι
2353 3669 2453 3742 (1).
2495 3671 2629 3723 Τίνα
2654 3671 2698 3724 δ’
2722 3671 2822 3724 οὐκ
2843 3670 2910 3724 ἂν
2929 3673 3146 3743 κινήσαι
3172 3671 3409 3744 σκιρτῶν
3435 3674 3494 3726 ἐν
3515 3671 3664 3742 ἀγαλ-

2101 3761 2276 3817 λιάσει
2301 3762 2380 3818 ἔτι
2415 3765 2474 3817 ἐν
2506 3765 2571 3834 τῇ
2601 3763 2775 3835 κοιλίᾳ
2801 3765 3102 3834 τυγχάνων,
3133 3765 3210 3828 ὡς
3237 3765 3338 3836 τὴν
3362 3767 3544 3838 κοινὴν
3569 3766 3664 3818 τῶι

2099 3852 2402 3926 ἀνθρώπων
2425 3853 2743 3925 ὑπερπαίων
2769 3854 2963 3923 φύσιν;
2998 3855 3060 3908 Ei
3088 3855 3144 3909 δέ
3162 3872 3246 3919 τις
3280 3857 3562 3927 προσίεται
3584 3857 3664 3908 καὶ

2099 3945 2208 3999 τῶν
2237 3947 2366 4018 παρ’
2409 3945 2683 4018 Ἑϐραίοις
2724 3949 3038 4018 φερομένων
3064 3947 3399 4019 ἀποκρύφων
3430 3950 3528 4020 τὴν
3557 3950 3664 4001 ἐπι-

2100 4039 2452 4110 γραφομένην
2495 4039 2692 4111 Ἰωσὴφ
2741 4039 3067 4111 προσευχὴν,
3110 4040 3370 4113 ἀντικρυς
3419 4039 3572 4094 τοῦτο
3611 4039 3664 4090 τὸ

2098 4131 2276 4202 δόγμα
2307 4133 2402 4186 καὶ
2428 4131 2614 4201 σαφῶς
2633 4131 2919 4202 εἰρημένον
2948 4131 3154 4185 ἐκεῖθεν
3179 4131 3438 4204 λήψεταιο
3466 4131 3542 4195 ὡς
3566 4131 3662 4200 ἀρα

2098 4225 2149 4276 οἱ
2179 4224 2415 4295 ἀρχῆθεν
2447 4223 2724 4295 ἐξαίρετόν
2745 4240 2799 4276 τι
2836 4225 3126 4295 ἐσχηκότες
3153 4223 3303 4296 παρά
3335 4223 3659 4295 ἀνθρώπους.

2099 4315 2280 4387 πολλῷ
2309 4316 2591 4388 κρείττους
2623 4316 2982 4388 τυγχάνοντες
3003 4316 3112 4378 τῶν
3131 4315 3332 4370 λοιπῶν
3354 4315 3542 4386 ψυχῶν
3568 4315 3663 4368 ἀπὸ

2098 4408 2193 4462 τοῦ
2224 4405 2362 4462 εἶναι
2394 4408 2614 4478 ἀγγελοι
2639 4409 2732 4462 ἐπὶ
2756 4409 2856 4481 τὴν
2888 4408 3236 4480 ἀνθρωπίνην
3265 4408 3662 4480 καταϐεϐήκασι

418 4509 592 4578 angeli
633 4517 836 4573 essent,
861 4508 926 4560 ad
951 4507 1251 4561 humanam
1305 4503 1691 4558 descenderint
1721 4510 1984 4552 naturam.

2113 4501 2278 4570 ρύσιν.
2317 4499 2456 4571 Φησὶ
2503 4499 2633 4568 γοῦν
2683 4501 2712 4552 ὁ
2753 4500 2944 4554 Ἰακώὸ
2971 4519 2984 4532 ο
3045 4520 3064 4552 ‹
3089 4501 3146 4555 '0
3173 4502 3280 4572 γὰρ
3319 4501 3496 4556 λαλῶν
3540 4501 3662 4571 πρὸς

419 4599 594 4668 lnquit
623 4614 752 4669 ergo
776 4597 942 4654 Jacob
977 4615 993 4653 :
1029 4615 1048 4650 ι
1078 4598 1190 4667 Ego
1227 4597 1321 4666 qui
1359 4595 1426 4650 ad
1457 4608 1554 4647 vos
1576 4592 1790 4661 loquor,
1821 4589 1989 4645 Iacob

419 4703 559 4754 sum,
593 4699 649 4742 et
668 4688 860 4752 Israel,
891 4687 1119 4756 angelus
1143 4686 1234 4740 Dei
1257 4698 1378 4739 sum
1403 4698 1524 4754 ego,
1551 4689 1606 4736 et
1625 4680 1852 4750 spiritus
1881 4679 1991 4748 pri-

419 4779 646 4845 marius,
697 4787 754 4834 et
800 4779 1111 4842 Abraham,
1165 4785 1222 4832 et
1271 4774 1423 4832 Isaac
1465 4782 1592 4828 ante
1635 4787 1799 4828 omne
1852 4784 1990 4840 Opus

489 4983 555 5016 "'
583 4981 694 5038 Jer.
725 4997 766 5050 ι,
800 4981 854 5037 7.
929 4983 974 5014 ¹⁹
1007 4981 1204 5040 Ezech.
1237 4997 1299 5048 ιι,
1333 4979 1392 5036 '5.
1467 4980 1513 5012 '°
1545 4977 1770 5033 Malach-
1805 4992 1888 5040 Ill.
1920 4978 1972 5030 ί·

490 5187 602 5250 (96)
643 5188 812 5255 Παρὰ
839 5185 1006 5242 Θεοῦ.
1037 5185 1148 5255 Sic
1174 5185 1344 5240 codex
1383 5183 1743 5251 Bodleianus;
1788 5181 1986 5251 Regius

416 5273 468 5315 ct
501 5254 845 5315 Barberinus.
879 5257 986 5311 ἀπὸ
1016 5254 1172 5308 Θεοῦ.

484 5331 599 5395 (υῖ)
649 5328 786 5381 Ὑπὸ
821 5326 989 5382 Θεοῦ.
1033 5327 1110 5379 Ita
1154 5326 1326 5381 codex
1377 5322 1740 5382 Bodleianus:
1787 5321 1985 5392 Regius

417 5414 467 5456 et
499 5401 848 5458 Barberinus,
875 5398 982 5451 ἀπὸ
1011 5395 1168 5449 Θεοῦ.

489 5470 600 5541 (98)
653 5469 1118 5541 ῘΑπιστήσαντα.
1154 5467 1229 5541 Ita
1275 5467 1445 5521 codex
1489 5462 1841 5528 Bodleianus;
1878 5463 1982 5517 lte-

422 5538 539 5610 gins
563 5538 616 5592 et
652 5539 1000 5598 liarberinus,
1028 5538 1433 5610 ἀποστήσαντα.

489 5611 598 5678 (99)
647 5610 1009 5680 Ἐρίσταμεν
1033 5601 1266 5680 μήποτε
1291 5601 1378 5680 εἷς
1416 5602 1550 5670 τῶν,
1577 5612 1683 5658 etc.
1711 5601 1828 5657 Jam
1860 5611 1984 5680 ante

424 5673 727 5746 Origenem’
757 5690 812 5733 et
865 5673 1156 5735 vetustiora
1224 5677 1455 5746 Origene
1506 5686 1748 5742 tempora
1801 5673 1983 5746 utttltis

427 5744 738 5818 persuasum
788 5751 954 5806 fuisse
1006 5749 1194 5805 scribit
1247 5744 1478 5817 Cyrillus
1545 5760 1653 5801 nou
1708 5744 1983 5799 hominem

2101 4594 2266 4664 ὑμᾶς,
2301 4591 2412 4662 ἐγὼ
2451 4592 2665 4656 Ἰακὼϐ,
2699 4593 2795 4646 καὶ
2839 4593 3073 4665 Ἰσραὴλ,
3119 4593 3347 4663 ἄγγελος
3391 4593 3527 4647 Θεοῦ
3559 4594 3661 4662 εἰμι

2098 4686 2228 4756 ἐγὼ,
2257 4687 2351 4740 καὶ
2381 4686 2598 4758 πνεῦμα
2623 4687 2866 4758 ἀρχικὸν,
2904 4687 2998 4740 καὶ
3038 4685 3308 4758 Ἀϐραάμ,
3351 4687 3449 4740 καὶ
3493 4685 3663 4739 Ἰσαὰκ

2096 4775 2531 4847 προεκτίσθησαν
2577 4775 2683 4846 πρὸ
2711 4776 2909 4839 παντὸς
2936 4775 3118 4848 ἔργου.
3172 4776 3314 4847 Ἐγὼ
3341 4777 3401 4832 δὲ
3442 4773 3656 4830 Ἰακώϐ,

2095 5179 2266 5234 fuisse
2306 5176 2568 5233 Joannem
2601 5173 2924 5244 Baptistam,
2967 5174 3062 5230 sed
3093 5173 3366 5244 angelum.
3399 5173 3534 5228 lluic
3574 5189 3659 5228 au-

2095 5258 2202 5305 tem
2243 5248 2496 5316 Origenis
2527 5247 2645 5316 loco
2691 5253 3118 5316 consentaneum
3159 5247 3386 5299 alterum
3438 5245 3657 5297 vidimus

2094 5331 2242 5374 torno
2287 5315 2359 5371 ιιιὶ
2403 5319 2458 5370 in
2492 5315 2827 5370 Malthwum.
2876 5315 3101 5368 Homilia
3142 5330 3356 5384 quoque
3401 5315 3567 5382 prima
3610 5316 3657 5365 ἱιι

2095 5389 2421 5442 Ezechiele":
2476 5387 2699 5457 angelos
2752 5385 2923 5457 tradit
2975 5385 3330 5457 Atlatltaitttius
3392 5385 3655 5457 Christum

2095 5460 2369 5513 imitantes
2403 5458 2466 5510 ad
2513 5453 2670 5524 opem
2722 5456 3037 5510 hominibus
3083 5454 3356 5511 ferendam
3414 5456 3481 5508 de
3529 5453 3656 5508 cudo

2091 5531 2438 5585 descendere.
2470 5527 2732 5584 Hunnus.

2165 5599 2240 5670 (l)
2265 5600 2392 5676 __Elc_
2425 5599 2650 5676 αὐτοὺς
2684 5596 3063 5676 χρηστότητι.
3099 5594 3188 5676 Sic
3214 5595 3385 5676 codex
3422 5591 3655 5676 Bodleia:

2093 5663 2232 5732 nusf
2265 5663 2464 5738 Regius
2508 5680 2563 5724 et
2612 5663 2973 5733 Ba't‘berinus,
3017 5668 3096 5729 εἰς
3145 5664 3465 5735 ἀνθρώπους
3494 5663 3650 5717 αὐτοῦ

2093 5739 2436 5815 χρηστότητι.
