3766 6142
122 317 205 376 ιον

1235 317 1588 376 COMMENT.
1627 314 1921 372 lN-JOAN.
1959 315 2196 373 TOMUS
2232 316 2293 370 ll.

3285 316 3392 372 170

130 450 155 497 δ
192 439 406 512 κληθεὶς
442 442 674 509 (2)1322)
722 443 1022 516 ἀνθρώπων
1068 443 1284 508 Ἰακὼϐ,
1336 445 1398 496 τὸ
1446 443 1503 497 δὲ
1553 442 1686 513 ὄνομ

1892 441 1995 494 eati
2027 441 2261 495 fuerunt.
2300 441 2408 510 Ego
2434 449 2610 492 autem
2638 437 2806 494 Jacob
2826 478 2840 502 ,
2874 447 3098 494 vocatus
3123 439 3191 494 ah
3218 439 3415 493 Ιιοιιιίοι

139 553 222 607 μου
261 534 506 606 Ἰσραὴλ,
538 538 568 589 ὁ
594 536 824 608 κληθεὶς
853 537 956 590 ὑπὸ
980 535 1115 589 Θεοῦ
1154 533 1388 606 Ἰσραὴλ,
1419 535 1559 606 ἀνὴρ
1583 533 1723 604 ὁρῶν

137 629 282 692 Θεὸν,
313 629 393 683 ὅτι
427 627 543 697 ἐγὼ
597 630 946 701 πρωτόγονος
974 629 1173 692 παντὸς
1225 627 1364 692 ζὼου
1417 627 1724 698 ζωουμένου

141 722 239 775 ὑπὸ
283 719 435 774 Θεοῦ.
463 740 481 771 ι
535 722 650 774 Καὶ
685 721 970 792 ἐπιφέρει·
1014 720 1196 788 «Ἐγὼ
1244 720 1301 772 δὲ
1344 721 1432 773 ὅτε
1475 722 1725 791 ἠρχόμην

139 816 241 868 ἀπὸ
272 813 702 884 Μεσοποταμίας
721 815 818 885 τῆς
847 812 1063 884 Συρίας,
1098 812 1320 882 ἐξῆλθεν
1345 813 1550 884 Οὐριὴλ
1575 814 1602 865 ὁ
1628 814 1726 880 ἄγ-

138 905 287 973 γελος
311 903 404 957 τοῦ
438 905 599 970 Θεοῦ,
628 905 724 958 καὶ
756 901 929 967 εἶπεν,
964 905 1320 976 ὅτι-Κατέϐην
1354 905 1446 958 ἐπὶ
1475 905 1573 976 τὴν
1598 903 1722 972 γῆν,

138 1001 224 1052 καὶ
254 1000 652 1068 κατεσκήνωσα
685 1000 742 1051 ὲν
788 995 1094 1070 ἀνθρώποις
1113 1014 1125 1027 ⁸
1179 997 1273 1050 καὶ
1304 997 1384 1050 ὅτι
1412 995 1612 1066 ἐκλήθη
1649 994 1724 1066 (3)

137 1097 360 1164 ὀνόματι
395 1093 616 1155 Ἰακὼϐ,
658 1091 919 1164 ἐζήλωσε,
976 1093 1072 1146 καὶ¹
1121 1094 1428 1164 ὲμαχέσατό
1475 1110 1584 1164 μοι,
1633 1095 1728 1147 καὶ

135 1186 364 1240 ἑπάλαιε
396 1184 534 1256 πρὸς
572 1185 659 1254 μὲ,
688 1185 862 1254 λέγων
889 1186 1246 1256 προτερήσειν
1279 1185 1463 1239 ἐπάνω
1486 1183 1580 1238 τοῦ
1609 1185 1724 1238 ὀνό-

134 1293 304 1347 ματος
335 1296 444 1345 μου
479 1273 538 1327 τὸ
573 1274 743 1345 ϐνομα
786 1273 971 1340 αὑτοῦ,
1005 1275 1100 1329 καὶ
1131 1274 1226 1328 τοῦ
1261 1275 1366 1348 πρὸ
1392 1275 1592 1339 παντὸς
1623 1277 1726 1345 ἀγ·-

127 1368 315 1435 γέλου.
353 1367 467 1422 Καὶ
495 1363 624 1420 εἶπα
655 1365 803 1438 αὑτῴ
824 1368 884 1421 τὸ
914 1367 1088 1438 ϐνομα
1113 1367 1299 1433 αὑτοῦ,
1333 1369 1429 1422 καὶ
1461 1368 1623 1432 πόσος
1649 1368 1724 1438 (4)

126 1458 277 1510 ἐστὶν
312 1459 374 1510 ὲν
421 1460 561 1521 υἱοῖς
591 1457 750 1511 Θεοῦ.
803 1459 937 1529 Οὐχὶ
987 1459 1051 1512 σὺ
1097 1457 1302 1530 Οὐριὴλ
1343 1458 1527 1527 ὄγδοος
1564 1457 1723 1528 ἐμοῦ,

125 1549 286 1619 κάγὼ
355 1551 577 1622 Ἰσραὴλ
637 1550 976 1624 ἀρχάγγελος
1033 1551 1316 1622 δυνάμεως
1363 1549 1568 1621 Κυρίου
1625 1550 1722 1622 (5),

121 1643 222 1698 καὶ
255 1643 678 1715 ἀρχιχιλίαρχός
709 1645 824 1715 εἰμι
859 1645 917 1697 ἐν
956 1644 1094 1708 υίοῖς
1124 1643 1259 1697 Θεοῦ
1280 1661 1295 1710 ;
1320 1644 1456 1714 Οὐχὶ
1480 1643 1591 1713 ἐγὼ
1629 1644 1728 1697 Ἰσ-

124 1737 267 1808 ραὴλ
296 1739 328 1790 ὁ
372 1738 436 1790 ὲν
485 1736 762 1808 προσώπῳ
811 1735 947 1791 Θεοῦ
999 1737 1313 1811 λειτουργὸς
1360 1738 1596 1809 πρῶτος,
1633 1739 1727 1792 καὶ

123 1828 559 1899 ἑπεκαλεσάμην
591 1831 650 1882 ἐν
679 1828 904 1899 ὀνόματι
932 1827 1182 1899 ἀσϐέστῳ
1211 1828 1302 1882 τὸν
1347 1827 1478 1881 Θεόν
1532 1845 1632 1899 μου
1655 1847 1669 1894 ;
1696 1848 1715 1880 ι

121 1922 284 1986 Εἰκὸς
305 1921 424 1993 γὰρ
451 1920 658 1975 τούτων
685 1920 898 1992 άληθῶς
919 1921 1025 1974 ὑπὸ
1044 1920 1139 1974 τοῦ
1177 1920 1370 1975 Ἰακὼϐ
1393 1920 1719 1991 λεγομένων,

123 2015 216 2068 καὶ
245 2014 343 2068 διὰ
370 2015 534 2068 τοῦτο
563 2014 1089 2087 ἀναγεγραμμένων,
1138 2014 1231 2067 καὶ
1255 2013 1316 2066 τό
1336 2030 1348 2042 ·
1386 2033 1404 2064 ι
1429 2015 1514 2066 Ἐν
1547 2014 1722 2085 κοιλίᾳ

122 2109 420 2178 ἐπτέρνισε
453 2106 546 2160 τὸν
589 2106 818 2176 ἀδελφὸν
849 2105 1036 2170 αὐτοῦ,
1065 2125 1083 2157 ι
1134 2104 1368 2168 συνετῶς
1417 2107 1715 2174 γεγονέναι.

136 2201 472 2272 Ἐπίστησον
519 2200 578 2254 δὲ
605 2203 655 2253 εί
685 2200 746 2252 τὸ
771 2199 1054 2270 διαϐόητον
1099 2200 1227 2270 περὶ
1272 2198 1464 2253 Ἰακὼϐ
1497 2199 1592 2253 καὶ
1630 2201 1722 2253 Ἦ-

127 2293 226 2348 σαῦ
258 2294 488 2365 ζήτημα
517 2292 670 2346 λύσιν
699 2292 834 2363 εχει·
877 2294 998 2346 ἐπεὶ
1037 2312 1055 2342 ι
1080 2292 1302 2364 μηδέπω
1333 2292 1720 2362 γεννηθέντων,

63 2401 67 2406 ·
128 2387 265 2457 μηδὲ
291 2387 621 2459 πραξάντων
664 2403 718 2438 τι
744 2385 947 2454 ἀγαθὸν
976 2386 1009 2458 ἢ
1039 2384 1262 2455 φαῦλον,
1293 2385 1380 2439 ἵνα.
1424 2387 1457 2455 ὴ
1493 2385 1611 2438 κατ’
1635 2386 1724 2438 ὲκ-

124 2481 295 2552 λογὴν
329 2480 591 2553 πρόθεσις
622 2478 717 2532 τοῦ
749 2478 882 2532 Θεοῦ
942 2479 1099 2552 μένῃ,
1144 2479 1244 2532 οὐκ
1271 2477 1332 2543 ἐξ
1378 2478 1574 2550 ἔργων,
1607 2478 1722 2531 ἀλλ’

129 2577 193 2627 ὲκ
216 2572 316 2626 τοῦ
365 2571 660 2634 καλοῦντος
694 2570 920 2643 ἐρρήθη,
969 2571 1149 2631 ὃτιιὉ
1203 2569 1402 2642 μείζων
1447 2569 1722 2623 δουλεύσει

127 2668 206 2736 τῷ
229 2667 508 2728 ἐλάσσονι,
557 2665 808 2735 καθάπερ
835 2664 1178 2735 γέγραπται·
1223 2662 1326 2716 Τὺν
1370 2661 1561 2717 Ἰακὼϐ
1590 2663 1726 2732 ἠγά-

127 2776 308 2828 πησα,
338 2757 433 2809 τὸν
461 2756 520 2808 δὲ
580 2755 748 2809 Ἡσαῦ
791 2755 1048 2827 ἐμίσησα.
1088 2754 1152 2809 Τί
1178 2749 1270 2808 οῦν
1320 2754 1587 2824 έροῦμεν;
1633 2753 1724 2823 Μὴ

127 2850 320 2906 ἀδικία
352 2848 508 2920 παρὰ
528 2846 606 2918 τῷ
629 2847 783 2918 Θεῷ;
815 2846 910 2919 Μὴ
939 2847 1146 2916 γένοιτο
1165 2847 1178 2900 l
1199 2868 1218 2899 ι
1242 2848 1424 2917 Μήπω
1454 2845 1511 2898 δὲ
1542 2862 1725 2916 γεννη-

128 2944 359 3007 θέντων,
403 2941 538 3013 μηδὲ
587 2938 909 3012 πραξάντων
941 2957 992 2992 τι
1025 2938 1227 3007 ἀγαθὸν
1273 2939 1306 3010 ἢ
1342 2937 1564 3006 φαῦλον,
1595 2937 1660 2990 ἵν’
1687 2936 1724 3009 ἡ

127 3039 253 3090 κατ’
280 3036 514 3106 ἐκλογὴν
539 3033 797 3105 πρόθεσις
825 3031 920 3086 τοῦ
947 3029 1082 3085 Θεοῦ
1119 3031 1275 3102 μένῃ,
1308 3031 1408 3084 οὐκ
1438 3030 1500 3095 ἐξ
1526 3029 1722 3102 ἔργων,

127 3129 245 3182 ἀλλ’
283 3131 350 3182 ὲκ
371 3126 469 3181 τοῦ
496 3125 632 3180 Θεοῦ
666 3123 957 3188 καλοῦντος
1002 3123 1242 3196 ἐρρήθηο
1274 3123 1335 3175 οὐ
1364 3122 1726 3194 κατατρεχόν-
1751 3150 1795 3210 C

128 3241 241 3276 των
271 3217 367 3276 οὖν
389 3219 551 3291 ἡμῶν
604 3217 678 3289 (6)
725 3217 818 3270 ἐπὶ
843 3217 912 3272 τὰ
945 3216 1051 3288 πρὸ
1075 3215 1168 3270 τοῦ
1199 3215 1313 3286 βίου
1344 3215 1532 3270 τούτου
1559 3215 1718 3285 ἔργα,

129 3315 253 3378 πῶς
282 3312 490 3383 ἀληθὲς
519 3311 580 3365 τὸ
610 3309 685 3381 μὴ
709 3307 849 3364 εἶναι
874 3308 1056 3380 ἄδικον
1085 3308 1238 3380 παρὰ
1263 3307 1404 3377 Θεῷ,
1422 3305 1515 3360 τοῦ
1540 3305 1722 3378 μείζο-

132 3427 220 3472 νος
267 3407 613 3470 δουλεύοντος
657 3405 735 3475 τῷ
781 3403 1024 3458 ἐλάττονι
1074 3402 1171 3456 καὶ
1218 3402 1542 3472 μισουμένου
1593 3403 1720 3474 πρὶν

133 3501 362 3570 ποιῆσαι
390 3497 462 3551 τὰ
495 3498 620 3564 ἄξια
647 3496 743 3550 τοῦ
770 3493 1039 3549 δουλεύειν
1065 3491 1160 3546 καὶ
1184 3491 1254 3546 τὰ
1278 3492 1402 3558 ἀξια
1424 3490 1519 3545 τοῦ
1553 3494 1724 3562 μισεῖ-

138 3593 299 3656 σθαι;
367 3590 492 3644 Ἐπὶ
525 3590 708 3643 πλεῖον
762 3587 820 3641 δὲ
886 3583 1266 3657 παρεξέϐημεν
1313 3583 1720 3656 παραλαϐόντες

135 3685 222 3738 τὸν
267 3684 399 3755 περὶ
434 3680 627 3735 Ἰακὼϐ
675 3680 852 3748 λόγον,
901 3679 995 3732 καὶ
1026 3675 1432 3747 μαρτυράμενοι
1469 3677 1598 3746 ἡμῖν
1622 3676 1723 3728 οὐκ

136 3776 613 3849 εὐκαταερρόνητον
666 3771 904 3844 Γραφὴν,
957 3770 1043 3824 ἵνα
1099 3767 1489 3838 πιστικώτερον
1527 3769 1556 3820 ὁ
1593 3767 1722 3838 περὶ

149 3872 396 3925 Ἰωάννου
431 3868 659 3938 γένηται
685 3865 860 3934 λόγος,
894 3859 1319 3925 κατασκευάζων
1350 3859 1532 3924 αὐτὸν,
1577 3859 1720 3914 κατὰ

137 3963 230 4033 τὴν
262 3960 361 4014 τοῦ
404 3961 630 4014 Ἡσαΐου
657 3956 840 4028 φωνὴν
874 3954 975 4028 (7),
1005 3953 1234 4022 ἄγγελον
1260 3953 1387 4006 ὄντα
1416 3954 1472 4005 ἐν
1507 3952 1719 4022 σώματι

137 4056 419 4124 γεγονέναι
445 4053 586 4124 ὑπὲρ
617 4050 713 4104 τοῦ
739 4049 1082 4122 μαρτυρῆσαι
1107 4045 1187 4117 τῷ
1211 4046 1368 4116 φωτί.
1407 4045 1518 4098 Καὶ
1547 4044 1718 4097 ταῦτα

138 4154 234 4223 μὲν
266 4152 400 4221 mp).
441 4149 688 4202 Ἰωάννου
726 4145 818 4199 τοῦ
847 4143 1156 4217 ἀνθρώπου.

1833 533 1989 586 nibus
2012 531 2198 598 Jacoh,
2239 547 2433 586 nomen
2465 546 2597 585 vero
2647 544 2820 583 meum
2869 528 3059 597 Israel,
3096 530 3186 600 qui
3234 545 3400 586 vocor

1827 625 1990 680 Israel
2019 642 2046 678 a
2085 625 2212 687 Deo,
2243 625 2324 678 vir
2381 623 2568 676 videns
2622 623 2809 687 Deum,
2854 622 3113 690 quoniam
3159 638 3258 692 ego
3287 621 3401 692 pri-

1830 719 2138 787 mogenilus
2188 717 2366 772 omnis
2411 717 2703 771 animantis
2747 732 2776 768 a
2821 715 2930 770 Deo
2975 716 3221 770 animati.
3286 735 3305 769 ι
3334 715 3399 771 Ει

1827 809 2098 880 subjungit
2135 829 2148 864 :
2185 830 2201 860 ι
2235 810 2369 865 Cum
2419 825 2544 864 vero
2572 825 2672 878 ego
2716 810 2990 866 venissem
3023 824 3052 861 a
3091 807 3400 879 Mesopota-

1828 903 1934 956 mia
1960 903 2152 972 Syriae,
2188 903 2356 956 exivit
2385 901 2532 957 Uriei
2560 901 2788 970 angelus
2824 901 2915 954 Dei
2937 941 2951 962 .
2981 910 3035 955 et
3064 901 3195 955 dicit
3226 917 3284 956 se
3307 905 3399 958 de-

1829 995 2104 1049 scendisse
2139 995 2204 1047 ad
2239 1003 2464 1056 terram,
2488 1003 2542 1047 et
2579 993 2851 1048 habitasse
2875 992 3016 1048 inter
3039 992 3304 1056 htmiincs,
3345 1004 3401 1047 et

1827 1087 1971 1155 quod
2001 1095 2221 1140 vocatus
2268 1085 2463 1140 fuissvt
2510 1085 2728 1140 nomine
2771 1083 2971 1150 Jacob,
3006 1085 3402 1155 minulatusqnc

1827 1186 1932 1239 est,
1962 1184 2016 1230 et
2060 1177 2326 1243 pugnavit
2368 1191 2599 1240 mecum,
2652 1185 2706 1231 et
2745 1176 2986 1230 luctatus
3012 1187 3116 1241 est,
3151 1179 3280 1232 mihi
3319 1179 3402 1232 di-

1827 1283 1990 1332 cens,
2031 1284 2187 1324 suum
2237 1284 2436 1324 nomen
2485 1268 2689 1336 primas
2735 1270 2940 1324 habere
2985 1285 3150 1339 supra
3203 1287 3399 1328 nomen

1828 1373 2029 1424 meum,
2075 1368 2128 1414 et
2167 1369 2293 1413 ante
2336 1373 2554 1413 onmem
2605 1359 2879 1430 angelum.
2952 1359 3402 1432 Interrogavique

1826 1466 1950 1506 eum
1981 1453 2046 1506 de
2081 1451 2298 1507 nomine
2328 1463 2521 1514 suo,et
2554 1463 2750 1521 quotus
2779 1462 2923 1508 esset
2948 1455 3091 1510 inter
3123 1455 3259 1510 filios
3282 1457 3397 1514 Dei.

1827 1544 2013 1603 Nonne
2045 1555 2100 1599 ιιι
2145 1559 2205 1599 es
2237 1543 2383 1600 Uriel
2427 1555 2657 1600 octavus
2684 1561 2714 1600 a
2749 1561 2852 1609 me,
2902 1558 2957 1601 et
2979 1563 3079 1618 ego
3109 1547 3276 1605 Israel
3309 1567 3397 1604 ar-

1827 1634 2120 1703 changelus
2166 1633 2423 1702 potentia:
2465 1634 2702 1700 Domini,
2749 1645 2806 1690 et
2848 1637 3105 1707 princeps
3148 1641 3400 1696 tribunus

1830 1726 2056 1780 militum
2096 1727 2240 1779 inter
2275 1707 2412 1778 filios
2451 1725 2580 1778 Dei?
2620 1724 2813 1782 Nonne
2859 1743 2958 1798 ego
3011 1729 3174 1785 Israel
3202 1732 3253 1786 in
3277 1747 3402 1800 per-

1829 1829 1962 1870 sona
2032 1814 2126 1868 Dei
2193 1814 2441 1868 minister
2482 1815 2712 1882 primus,
2764 1828 2819 1872 et
2885 1819 3133 1875 invocavi
3179 1825 3403 1878 nomine

1831 1906 2259 1978 incxstinguibili
2307 1907 2474 1962 Deum
2503 1910 2719 1963 meum?
2759 1929 2778 1962 ι
2811 1911 3100 1968 Probabile
3141 1914 3286 1969 enim
3319 1927 3404 1970 est

1832 1997 1916 2051 his
1956 2013 1984 2050 a
2020 1995 2186 2052 Jacob
2230 2012 2353 2053 vere
2397 1999 2582 2065 dictis,
2614 2009 2669 2054 et.
2710 2000 2782 2055 ob
2831 2001 2934 2057 hoc
2966 2003 3205 2072 scriptis,
3236 2005 3401 2059 etiam

1833 2089 1961 2142 illml
1993 2105 2006 2140 :
2043 2108 2061 2140 ‹
2095 2088 2150 2142 ιιι
2199 2099 2356 2145 utero
2398 2091 2768 2160 supplantavit
2816 2091 3040 2147 fratrem
3084 2110 3238 2149 suum
3264 2095 3331 2162 ²¹,
3375 2116 3397 2149 ι

1832 2181 2128 2249 prudenter
2153 2179 2355 2235 factum
2391 2180 2574 2236 fuisse.
2604 2180 2815 2252 Inspice
2845 2200 2971 2238 vero
3003 2202 3128 2238 num
3161 2186 3405 2242 celeber-

1833 2274 1967 2326 rima
1993 2273 2218 2340 quaestio
2245 2274 2310 2327 de
2343 2272 2513 2330 Jacob
2542 2285 2597 2330 et.
2633 2274 2774 2330 Esau
2830 2277 3150 2332 solutionem
3184 2278 3401 2348 habeat,

1833 2367 2264 2436 quandoquidem
2309 2387 2329 2420 ‹
2360 2371 2598 2423 nondum
2641 2370 2782 2424 natis
2810 2371 3012 2438 pueris,
3046 2386 3170 2425 cum
3228 2389 3405 2443 neque

1831 2457 1955 2511 boni
2000 2457 2274 2527 quidpiam
2307 2456 2565 2512 fecissent
2612 2474 2787 2529 neque
2813 2459 2965 2524 mali,
3017 2465 3400 2519 ulsecuudum

1831 2550 2154 2604 electionem
2180 2550 2518 2620 pr0positum
2552 2551 2644 2604 Dei
2673 2562 2939 2617 maneret,
2969 2569 3076 2607 non
3125 2569 3193 2609 ex
3223 2560 3404 2625 operi-

1833 2642 1954 2706 bus,
1979 2641 2076 2696 sed
2099 2656 2165 2695 ex
2203 2651 2431 2695 vocante
2466 2640 2672 2696 dictum
2716 2651 2800 2698 est
2849 2643 2925 2697 illi
2957 2661 2970 2698 :
2998 2642 3166 2712 Major
3203 2649 3407 2703 serviet

1833 2733 2049 2798 minori,
2075 2733 2214 2788 sicut
2245 2733 2507 2801 scriptum
2547 2743 2631 2788 est
2657 2751 2669 2786 :
2695 2733 2866 2789 Jacob
2897 2735 3082 2802 dilexi,
3109 2739 3252 2794 Esau
3274 2757 3405 2798 vero

1833 2825 1956 2879 odio
1987 2823 2171 2880 habui.
2221 2824 2359 2892 Quid
2413 2825 2583 2895 igitur
2629 2825 2909 2881 dicemus?
2969 2826 3105 2881 Num
3142 2829 3404 2899 iniustitia

1833 2927 1918 2971 est
1943 2917 2079 2984 apud
2106 2914 2316 2971 Deum?
2341 2917 2496 2972 Absit
2528 2916 2609 2970 ιιι
2670 2935 2690 2970 ›
2722 2915 2827 2989 [(9)
2849 2916 2958 2988 85
2991 2918 3046 2973 Si
3071 2931 3248 2976 autem
3277 2938 3402 2979 cum

1835 3010 2068 3063 nondum
2093 3009 2203 3063 nati
2234 3008 2486 3072 fuissent,
2507 3019 2600 3062 aut
2621 3007 2830 3078 aliquid
2863 3011 2990 3064 boni
3014 3012 3274 3082 egissent,
3310 3027 3404 3072 aut

1835 3103 1997 3167 mali,
2027 3113 2086 3157 ut
2115 3102 2411 3158 secundum
2440 3101 2762 3157 electionem
2796 3104 3130 3173 propositum
3167 3106 3257 3162 Dei
3289 3126 3406 3163 ma-

1832 3208 2006 3259 neret,
2032 3213 2136 3249 non
2176 3210 2244 3250 ex
2274 3193 2549 3264 Operibus,
2586 3195 2681 3250 sed
2705 3212 2769 3249 ex
2797 3207 3026 3252 vocante
3054 3197 3166 3253 Deo
3196 3200 3398 3254 dictum

1829 3301 1910 3346 est
1928 3288 1970 3362 ,ι
2006 3304 2110 3344 non
2142 3286 2553 3342 recurrentibus
2585 3301 2715 3358 ergo
2755 3289 2914 3344 nobis
2950 3291 3018 3344 ad
3058 3305 3220 3360 opera
3255 3293 3399 3349 hanc

1829 3386 1999 3439 vitam
2042 3381 2425 3452 prrecedentia,
2469 3381 2739 3449 quomodo
2783 3396 2972 3436 verum
3001 3384 3129 3451 erit,
3179 3384 3395 3454 injusti-

1834 3479 1964 3532 tiam
2001 3491 2106 3529 non
2131 3489 2250 3529 esse
2279 3476 2420 3542 apud
2457 3471 2649 3534 Deum,
2671 3474 2719 3534 si
2746 3474 2918 3544 major
2948 3477 3145 3531 minori
3169 3478 3400 3542 serviat,

1831 3571 1955 3626 odio
1998 3569 2244 3632 habitus,
2284 3576 2574 3636 antequam
2620 3567 2782 3638 digna
2823 3568 2908 3623 vel
2960 3571 3256 3636 servitute,
3319 3571 3404 3625 vel

1830 3665 1955 3718 odio
1982 3661 2182 3716 faciat?
2233 3659 2337 3716 Sed
2367 3659 2529 3715 latius
2574 3659 2808 3731 digressi
2856 3676 3043 3716 sumus
3090 3678 3396 3718 sermonem

1828 3753 1996 3809 Jacob
2023 3761 2383 3817 assumeutes,
2418 3759 2472 3806 et
2502 3751 2838 3807 adducentes
2875 3751 3032 3806 nobis
3065 3754 3118 3806 in
3154 3755 3398 3808 testimo-

1830 3847 1977 3899 nium
2004 3845 2337 3915 Scripturam
2363 3845 2504 3900 haud
2540 3843 2612 3897 ita
2654 3841 2810 3898 facile
2834 3846 3314 3910 contemnendam,
3339 3857 3400 3900 ut.

1826 3938 2201 3992 confirmatior
2231 3939 2297 3992 de
2317 3935 2527 3991 Joanne
2556 3936 2737 3992 oratio.
2770 3951 2830 3990 ea
2866 3945 3031 4001 esset,
3054 3952 3175 4005 quae
3201 3939 3401 3990 astruit

1825 4045 1948 4084 eum
2004 4030 2252 4098 angelum
2281 4030 2656 4093 exsislentcm,
2690 4028 2846 4098 juxta
2887 4028 3038 4082 Isaia:
3068 4044 3288 4092 vocem,
3343 4031 3398 4083 in

1827 4137 2059 4192 corpore
2088 4122 2373 4177 advenisse
2424 4121 2837 4178 testiﬁcaturum
2869 4121 2937 4175 de
2963 4120 3101 4176 luce.
3128 4119 3232 4175 Sed
3270 4123 3403 4176 hac-

1730 4221 1799 4275 'D
1831 4224 1990 4267 tenus
2028 4213 2094 4266 de
2118 4212 2326 4268 Joanne
2354 4214 2590 4267 homine.

201 4340 298 4395 26.
343 4336 616 4406 ’ῐιγοῦμαι
644 4334 722 4397 δὲ,
747 4335 849 4396 ὅτι,
882 4331 1070 4402 ὥσπερ
1096 4332 1156 4383 ἐν
1177 4330 1309 4400 ἡμῖν
1335 4327 1485 4398 φωνὴ
1517 4327 1610 4380 καὶ
1637 4325 1721 4377 λό-

135 4451 229 4503 γος
256 4432 599 4501 διαφέρουσι,
631 4425 930 4496 δυναμένης
971 4421 1216 4494 μέντοιγέ
1249 4437 1380 4475 ποτε
1407 4419 1591 4488 φωνῆς
1622 4419 1721 4489 τῆς

138 4526 311 4597 μηδὲν
364 4521 737 4594 σημαινούσης
789 4517 864 4586 (8)
915 4513 1284 4587 προφέρεσθαι
1329 4513 1498 4583 χωρὶς
1539 4511 1719 4580 λόγου,

132 4621 249 4673 οἴου
284 4635 347 4671 τε
376 4616 434 4669 δὲ
469 4616 618 4677 ὄντος
649 4613 743 4666 καί
769 4611 926 4678 λόγου
959 4608 1124 4679 χωρὶς
1155 4605 1234 4675 τῷ
1277 4604 1353 4675 νῷ
1385 4603 1723 4672 ἀπαγγέλλε-

135 4712 266 4764 σθαι
293 4709 500 4777 φωνῆς,
525 4706 619 4774 (ὡς
637 4704 772 4758 ἐπὰν
794 4703 851 4754 ὲν
885 4702 1098 4763 ἑαυτοῖς
1124 4695 1550 4767 διεξοδεύωμεν,)
1579 4695 1722 4749 οὕτω

131 4803 231 4859 τοῦ
261 4802 538 4872 Σωτῆρος,
571 4799 711 4853 κατά
758 4813 878 4850 τινα
904 4794 1166 4857 ἐπίνοιαν,
1203 4791 1352 4854 ὄντος
1382 4789 1563 4857 λόγου,
1605 4789 1721 4843 δια-

209 4946 253 4976 ³¹
282 4942 415 4998 Osc.
445 4957 543 5002 xit,
573 4941 628 4994 ὖ.
703 4939 746 4970 ²²
783 4938 939 4992 Rom.
980 4951 1057 5001 ix,
1082 4935 1137 4987 ll
1168 4941 1222 4987 et
1250 4947 1365 4986 sea.

208 5058 290 5125 (2)
345 5057 399 5108 Ὀ
441 5054 706 5125 κληθείς.
733 5051 841 5125 Sic
873 5049 1053 5125 codex
1100 5047 1462 5112 Bodleianus;
1512 5045 1712 5115 Regius

134 5141 192 5185 et
217 5121 573 5182 Barherinus.
603 5124 664 5176 ού
698 5121 934 5193 κληθείς.

210 5199 292 5270 (5)
348 5194 742 5270 Examina
787 5185 958 5246 codex
1007 5189 1358 5255 Bodleianus;
1409 5185 1610 5257 Regius
1656 5195 1711 5242 et

135 5264 786 5338 Βαιιίετὶιιιιε,ὲκλήθην.
851 5333 862 5338 _
998 5330 1036 5338 “
1409 5327 1446 5338 “
1525 5327 1537 5338 ,

208 5341 288 5409 (4)
339 5327 561 5402 Πόσος.
616 5327 732 5409 _Sic'
764 5333 935 5388 codex
998 5330 1358 5394 Bodleianus;
1409 5327 1610 5398 Regius
1660 5336 1713 5380 et

135 5407 791 5479 Βεῖῦετίυιιθπρῶτοςολ
900 5471 910 5479 _
1104 5474 1149 5479 __
1233 5471 1244 5479 ,
1367 5469 1382 5479 .
1474 5467 1512 5479 ,η

209 5480 290 5550 (5)
341 5467 730 5550 Aptari-713.10g
761 5471 1067 5550 δυγᾴμεως
1095 5469 1442 5550 Κυρίουηιιιι
1462 5467 1714 5550 [Bodleia-

137 5539 244 5606 nus
271 5539 331 5604 et
372 5539 736 5612 amemus;
771 5539 939 5598 edi-tio
990 5542 1252 5597 liuetiana
1274 5579 1289 5604 ,
1338 5539 1709 5611 ἀρχάγγελος,

133 5621 435 5699 δυγᾴμευος
465 5618 696 5690 Κυρίου.
781 5687 793 5699 ¹
1031 5678 1058 5699 τ
1151 5683 1164 5699 ,
1229 5679 1296 5699 ..η
1514 5681 1551 5699 η

207 5681 289 5762 (ϐ)
332 5681 949 5762 Οὺξκαὶατρεχόντων
989 5681 1102 5762 ρῦ-ν·
1131 5681 1318 5760 ἡμῶν,
1362 5692 1464 5762 etc:
1513 5681 1712 5762 Eadem

139 5753 308 5816 docet
351 5760 610 5831 Origenes
645 5753 827 5831 lib.m_
869 5754 1007 5831 Περὶ
1039 5753 1259 5831 ἀρχῶζ,
1281 5766 1411 5831 _cap.
1445 5753 1495 5815 l,
1528 5759 1582 5805 et.
1611 5765 1710 5804 ca-

141 5836 251 5902 plte
281 5822 518 5900 ejusde'm
547 5829 673 5883 libri
704 5828 889 5881 tertio.
922 5825 1077 5877 llunc
1108 5825 1160 5878 iu
1201 5822 1434 5892 Origene
1464 5835 1709 5878 errorem

463 5925 636 5987 Pyra
652 5938 739 5981 ιι..
778 5921 895 5983 Gn.
929 5920 1095 5981 XIV.

1901 4305 1990 4360 26.
2029 4306 2280 4359 Arbitror
2328 4321 2456 4360 vero
2506 4321 2644 4375 ego,
2701 4305 3152 4375 quemadmodum
3201 4321 3300 4360 vox
3344 4317 3400 4361 et

1830 4413 2007 4453 sermo
2037 4399 2176 4471 apud
2227 4414 2326 4452 nos
2366 4397 2644 4462 diﬂerunt,
2680 4415 2800 4450 cum
2844 4398 3113 4452 interdum
3158 4397 3394 4468 proferri

1827 4492 2000 4562 possit
2028 4507 2126 4546 vox
2155 4491 2290 4545 nihil
2318 4491 2631 4559 significans
2653 4491 2859 4559 absque
2885 4505 3161 4552 sermone,
3187 4490 3398 4544 itidem-

1825 4600 1930 4651 que
1980 4598 2160 4639 sermo
2211 4583 2417 4653 absque
2454 4597 2586 4636 voce
2636 4581 2939 4636 renuntiari
3001 4581 3170 4650 possit
3225 4585 3395 4636 menti

1826 4677 2012 4747 (veluti
2042 4693 2165 4732 cum
2195 4677 2329 4731 intra
2363 4692 2460 4731 nos
2489 4676 2633 4746 ipsos
2667 4673 3069 4745 discurrimus),
3118 4675 3187 4727 ita
3228 4671 3398 4729 Joan-

1823 4785 1946 4824 nem
1980 4772 2165 4836 etiam,
2199 4770 2359 4834 veluti
2391 4785 2581 4826 vocem
2615 4770 2970 4824 exsistentcm
3002 4768 3068 4821 ad
3103 4783 3391 4837 compara-

1817 5045 2033 5099 damnat
2079 5046 2409 5114 Epiphanius
2442 5047 2637 5099 limes.
2667 5047 2812 5104 LXIV,
2846 5056 2964 5110 cap.
2995 5041 3051 5107 θ,
3077 5051 3130 5094 et
3162 5042 3251 5096 alii
3279 5058 3293 5096 :
3326 5044 3391 5097 de

1818 5132 1989 5182 eoque
2019 5118 2195 5182 agitur
2221 5118 2271 5168 in
2311 5115 2671 5182 Oriq‘enianis.

1888 5176 1963 5256 (Ἴ)
1992 5176 2153 5239 Κὰτὰ
2181 5185 2294 5253 τὴν
2311 5176 2685 5256 τοῦἹΙσαΐρυ
2707 5183 2934 5252 φωνήν.
2962 5183 3119 5256 Juxta
3140 5183 3314 5256 Marci
3352 5201 3390 5256 t_.

1816 5257 1871 5321 2,
1897 5253 2056 5325 quasi
2109 5258 2259 5310 locus
2305 5258 2408 5311 iste
2457 5256 2547 5323 qui
2597 5255 2874 5325 Malaehiee
2915 5267 2996 5308 est
3035 5271 3048 5307 :
3092 5253 3225 5325 Ἰδοὺ
3276 5253 3390 5322 ἐγὼ

1818 5323 2131 5379 ἀποστέλλω
2163 5327 2253 5380 τὸν
2285 5327 2513 5395 ἄγγελόν
2549 5344 2670 5397 μου,
2699 5323 2766 5376 ad
2794 5324 3044 5397 ls_aia_m_:t
3088 5323 3269 5397 Marco
3307 5341 3394 5397 re;

1820 5401 2061 5461 feratur,
2112 5413 2214 5450 non
2271 5393 2504 5467 sequens
2544 5393 2662 5463 ille,
2715 5395 2866 5466 φωνὴ
2926 5393 3156 5464 βοῶντος
3207 5396 3266 5446 ὲν
3318 5395 3388 5467 τῇ

1821 5469 2030 5540 ἐρήμῳ.
2068 5467 2328 5523 “UETIUS.

1892 5533 2444 5607 (’8)’Σημαινούσης.
2479 5537 2568 5590 Sic
2595 5535 2764 5590 codex
2799 5534 3154 5599 Bodleianus;
3193 5533 3391 5604 Regius

1817 5621 1870 5663 et
1907 5611 2255 5674 Barherinus,
2286 5607 2712 5678 συμϐαινούσης.

1890 5682 1966 5750 (9)
2007 5679 2129 5734 llaec
2170 5694 2205 5750 a7
2257 5674 2508 5750 Fer'rario
2545 5674 2904 5747 praetermissa
2957 5691 3018 5731 ex
3060 5674 3389 5746 interpretato

1822 5749 1969 5806 tione
1996 5749 2232 5806 l'et'ionii
2271 5749 2658 5819 supplcvimus.

3072 5905 3111 5964 6
