3766 6142
407 309 507 366 ΓΗ

1879 290 2200 356 ORIGENIS

3547 299 3642 356 {73

405 418 604 488 tionem
625 425 855 493 Christi,
887 425 980 496 qui
1018 412 1196 480 sermo
1229 430 1333 491 est,
1359 420 1583 480 diﬁ'erre
1603 438 1632 478 a
1658 420 1976 487 Servatore,

2098 425 2239 495 ρέρει
2264 420 2358 475 καὶ
2385 418 2574 472 τούτου
2599 417 2628 470 6
2673 413 2943 484 Ἰωάννης,
2977 412 3054 476 ὡς
3085 411 3221 484 πρὸς
3251 412 3348 485 τὴν
3372 413 3641 486 ἀναλογίαν

401 529 493 599 qui
524 528 682 596 juxta
716 520 1008 593 quamdam
1036 517 1531 573 considerationem
1563 532 1742 573 sermo
1776 527 1878 574 est.
1901 519 1979 571 Ad

400 622 506 675 hoc
540 625 721 672 autem
761 628 848 669 me
875 612 1073 668 invitat
1113 614 1227 681 ipse
1259 609 1521 674 Joannes,
1568 610 1822 680 quisnam
1863 619 1981 663 tau-

400 710 522 762 dem
553 715 699 763 esset
736 706 803 761 ad
834 706 1236 774 interrogantes
1269 703 1608 774 respondens
1641 720 1655 756 :
1690 721 1709 755 ‹
1742 700 1851 775 Ego
1874 718 1979 758 vox

392 794 690 850 'clamantis
723 794 777 848 in
813 794 1070 849 deserto:
1116 791 1312 848 Parate
1339 794 1484 848 viam
1524 791 1762 858 Domini,
1802 802 1980 849 rectas

403 891 567 946 facite
619 887 844 945 semitas
888 884 1005 955 ejus
1046 885 1112 938 ’³.
1153 904 1172 937 ι
1212 885 1279 940 Ει
1322 886 1558 942 fortasse
1603 896 1826 956 propter
1878 886 1981 941 hoc

403 985 713 1045 incredulus
741 981 1033 1038 Zacharias
1061 981 1116 1035 in
1146 991 1267 1034 ortu
1305 981 1454 1035 vocis
1491 994 1613 1049 qua:
1645 982 1982 1034 demonstrat

405 1094 712 1140 sermonem
764 1075 881 1139 Dei,
926 1073 1128 1128 amittit
1176 1086 1390 1137 vocem,
1445 1086 1668 1128 sumens
1708 1086 1854 1137 eam,
1892 1084 1982 1123 na-

405 1186 588 1233 scente
623 1187 778 1239 voce,
802 1186 923 1244 qua:
944 1180 1027 1227 est
1052 1182 1358 1241 prtecursor
1380 1165 1670 1222 sermonis.
1693 1164 1809 1219 Vox
1832 1162 1977 1218 enim

404 1271 629 1326 auribus
671 1265 1009 1338 percipiatur
1047 1269 1302 1333 Oportet,
1346 1267 1406 1313 ut
1451 1265 1635 1328 postea
1683 1270 1836 1311 mens
1879 1257 1980 1310 de—

401 1373 764 1422 monstratum
820 1377 851 1415 a
910 1371 1043 1413 voce
1112 1367 1418 1410 sermonem
1482 1351 1734 1421 excipere
1781 1348 1979 1402 valeat.

404 1459 612 1517 Idcirco
639 1458 802 1513 etiam
834 1454 995 1523 paulo
1022 1449 1298 1520 antiquior
1351 1445 1571 1502 Christo
1599 1452 1680 1499 est
1714 1443 1976 1506 Joannes,

404 1555 547 1625 quod
576 1551 644 1606 ad
678 1559 858 1605 ortum
891 1546 1129 1619 pertinet
1163 1559 1177 1595 :
1210 1557 1400 1598 vocem
1433 1540 1580 1596 enim
1611 1547 1742 1594 ante
1767 1551 1978 1593 sermo-

406 1665 529 1705 nem
558 1646 870 1716 recipimus.
928 1642 1279 1697 Demonstrat
1305 1637 1472 1691 etiam
1499 1634 1778 1690 Christum
1814 1629 1981 1686 Joan-

2083 518 2175 573 τοῦ
2210 512 2444 589 Χριστοῦ
2479 510 2839 582 τυγχάνοντος
2870 506 3030 574 λόγου
3068 506 3220 578 φωνὴ
3249 506 3342 561 ὢν.
3392 508 3505 562 Ἐπὶ
3531 511 3634 566 τοῦ-

2081 628 2143 665 το
2169 610 2225 663 δέ
2259 625 2325 681 με
2354 604 2707 679 προκαλεῖται
2738 599 2901 662 αὐτὸς
2950 600 2979 651 6
3023 596 3294 668 Ἰωάννης,
3346 598 3486 663 ὅστις
3525 603 3641 656 ποτὶ

2085 703 2168 774 εἴη
2196 700 2330 774 πρὸς
2358 696 2486 759 τοὺς
2518 689 2954 762 πυνθανομένους
2986 688 3441 760 ἀποκρινόμενος.
3474 710 3492 741 ι
3513 691 3640 760 Ἐγὼ

2083 793 2235 866 φωνὴ
2273 789 2505 863 βοῶντος
2546 787 2604 840 ὲν
2635 788 2701 857 τῇ
2758 784 2983 855 ἐρήμῳ·
3025 781 3379 852 Ἑτοιμάσατε
3419 781 3510 854 τὴν
3538 782 3644 838 ὁδὸν

2082 887 2311 959 Κυρίου,
2347 880 2562 944 εὐθείας
2608 880 2813 933 ποιεῖτε
2864 878 2963 942 τὰς
3013 875 3237 949 τρίϐους
3288 874 3507 928 αὐτοῦ.)
3544 878 3644 933 Καὶ

2080 980 2223 1050 τάχα
2268 976 2358 1031 διὰ
2397 974 2556 1028 τοῦτο
2606 973 2917 1045 ἀπιστήσας
2955 972 2991 1024 ὁ,
3036 969 3312 1041 Ζαχαρίας
3353 971 3418 1040 τῇ
3452 968 3643 1037 γενέσει

2081 1075 2179 1145 τῆς
2201 1067 2551 1138 δεικνυούσης
2577 1066 2669 1120 τὸν
2698 1065 2854 1134 λόγον
2881 1062 2975 1119 τοῦ
3005 1062 3139 1117 Θεοῦ
3177 1063 3380 1134 φωνῆς,
3407 1061 3646 1116 ἀπόλλυσι

2080 1167 2185 1239 τὴν
2209 1163 2412 1234 φωνὴν,
2446 1159 2740 1231 λαμϐάνων
2783 1157 2954 1228 αὐτὴν
2983 1156 3072 1210 ὅτε
3102 1155 3356 1224 γεννᾶται
3387 1155 3415 1208 6
3441 1154 3647 1227 πρόδρο-

2086 1274 2184 1329 μος
2216 1254 2309 1308 τοῦ
2362 1252 2519 1322 λόγου
2555 1251 2728 1321 φωνή.
2780 1247 3170 1303 Ἐνωτίσασθαι
3202 1245 3311 1318 γὰρ
3353 1245 3432 1298 δεῖ
3461 1247 3645 1318 φωνὴν,

2080 1353 2170 1405 ἵνα
2200 1349 2337 1422 μετὰ
2367 1347 2537 1401 ταῦτα
2565 1347 2594 1399 6
2620 1340 2746 1406 νοῦς
2788 1342 2877 1396 τὸν
2912 1340 3260 1411 δεικνύμενον
3292 1338 3396 1391 ὑπὸ
3425 1340 3521 1410 τῆς
3550 1356 3647 1407 φω-

2080 1446 2177 1516 νῆς
2203 1443 2359 1512 λόγον
2390 1437 2643 1504 δέξασθαι
2675 1433 2899 1506 δυνηθῇ.
2952 1434 3154 1503 Διόπερ
3182 1431 3277 1485 καὶ
3317 1428 3478 1500 ὀλίγῳ
3529 1446 3647 1502 πρε-

2084 1536 2344 1607 σϐύτερος
2376 1531 2522 1586 κατὰ
2548 1530 2610 1582 τὸ
2635 1526 2889 1597 γενέσθαι
2920 1526 2949 1578 6
2990 1523 3243 1593 Ἰωάννης
3271 1521 3390 1575 ἐστὶ
3417 1519 3507 1573 τοῦ
3530 1521 3648 1591 Χρι-

2084 1628 2210 1684 στοῦ
2230 1647 2243 1659 ·
2280 1625 2466 1697 φωνῆς
2494 1624 2604 1693 γὰρ
2630 1621 2736 1693 πρὸ
2756 1619 2916 1688 λόγου
2942 1612 3468 1689 ἀντιλαμϐανόμεθα.
3504 1611 3648 1665 Ἀλλά

408 1756 523 1807 nes,
554 1740 679 1809 quia
714 1748 849 1792 voce
879 1735 1286 1789 demonstratur
1333 1742 1550 1791 sermo;
1598 1735 1762 1795 atque
1813 1724 1976 1779 etiam

2098 1722 2178 1776 ιαὶ
2201 1720 2439 1775 δείκνυσι
2465 1716 2556 1770 τὸν
2584 1712 2817 1786 Χριστὸν
2843 1713 2871 1765 6
2898 1709 3171 1779 ‘Iwawqc°
3203 1708 3354 1778 φωνῇ
3388 1704 3492 1775 γὰρ
3519 1721 3644 1776 παρ-

407 1782 719 1903 ὺεῃίἰέθιυτ
747 1826 997 1884 Christus
1024 1839 1053 1879 a
1081 1821 1310 1885 Joanne,
1344 1820 1552 1875 fatente
1593 1832 1654 1873 se
1674 1782 1829 1885 lopus
1880 1816 1976 1869 ha-

2098 1817 2298 1869 ἰσταται
2348 1815 2376 1866 ὀ
2416 1810 2573 1879 λόγος
2596 1825 2609 1839 ’
2639 1782 2797 1860 τάλλὰ
2838 1805 2935 1858 καὶ
2978 1798 3298 1873 βαπτίζεται
3338 1798 3444 1852 ὑπὸ
3480 1782 3657 1851 Ἰωάνέ

406 1926 537 1981 bere
568 1930 628 1977 ut
659 1920 727 1975 ab
756 1919 874 1987 ipso
913 1914 1243 1986 baptizetur,
1286 1910 1413 1981 quia
1447 1924 1628 1964 sermo
1665 1906 1982 1976 puriﬁcatur

409 2033 438 2070 a
463 2028 597 2069 voce
626 2015 773 2067 inter
819 2006 1090 2069 homines,
1124 2019 1247 2059 eum
1293 2010 1485 2056 natura
1536 2013 1722 2055 vocem
1762 2013 1979 2053 omnem

408 2102 800 2174 signiﬁcantem
861 2093 1112 2166 puriﬂcet
1194 2106 1399 2147 sermo.
1469 2089 1807 2160 Prorsusque
1855 2104 1980 2143 cum

406 2196 640 2254 Joannes
668 2190 946 2247 Christum
988 2186 1248 2250 ostendit,
1286 2185 1448 2240 homo
1500 2183 1670 2239 Deum
1715 2178 1980 2247 ostendit,

408 2302 463 2347 et
492 2289 839 2344 Servatorem
876 2283 1275 2352 incorporeum,
1310 2289 1366 2334 et
1408 2294 1509 2334 vox
1541 2289 1872 2333 sermonem.

391 2519 398 2534 ,
478 2464 964 2539 8627.Utautem
994 2460 1051 2516 in
1062 2460 1226 2516 rebus
1249 2456 1434 2513 multis
1449 2453 1728 2509 nominum
1746 2448 1972 2506 eviden-

411 2564 484 2618 tia
510 2570 592 2617 est
622 2559 787 2624 utilis,
822 2557 900 2613 sic
926 2557 1029 2611 hoc
1049 2568 1264 2625 quoque
1293 2552 1349 2605 in
1377 2548 1497 2605 loco
1511 2546 1644 2601 utile
1660 2543 1764 2599 erit
1788 2541 1974 2598 videre

397 2654 543 2726 quid
584 2649 870 2707 Zacharias
897 2648 1096 2719 quidve
1121 2646 1356 2703 Joannes
1385 2639 1713 2713 signiﬁcent.
1756 2631 1972 2689 Etenim

411 2746 637 2818 perinde
658 2760 722 2799 ac
749 2744 793 2799 si
819 2751 963 2798 esset
989 2740 1181 2810 aliquis
1208 2754 1320 2793 non
1340 2733 1795 2795 contemnendus,
1825 2725 1975 2800 quod

412 2840 481 2894 ad
496 2838 729 2893 nominis
743 2836 1069 2906 positionem
1080 2832 1293 2895 attinet,
1312 2828 1524 2901 cognati
1542 2843 1573 2896 q
1583 2824 1760 2879 uidem
1777 2822 1978 2876 Zacha-

412 2932 546 2986 riam
558 2928 936 3001 appellandum
950 2934 1175 2980 censent
1189 2923 1254 2989 ",
1271 2922 1349 2977 rei
1366 2920 1604 2976 novitate
1619 2915 1836 2979 turbati,
1850 2912 1978 2984 quia

414 3024 578 3079 vellet
601 3031 728 3074 eum
749 3019 1025 3074 Elisabeth
1053 3016 1315 3072 Joannem
1341 3011 1613 3083 appellare
1634 3024 1791 3085 :rcum
1815 3021 1973 3062 vero:

422 3136 441 3168 ι
478 3114 716 3170 Joannes
737 3111 842 3166 erit
871 3109 946 3164 illi
979 3123 1206 3169 nomen.
1232 3127 1250 3158 ι
1278 3103 1563 3160 Zacharias
1592 3102 1920 3171 scripsisset,
1942 3114 1975 3154 a
2011 3141 2053 3199 α

415 3208 644 3263 molesto
672 3202 888 3259 silentio
923 3204 1202 3259 liberatur.
1222 3200 1539 3255 Invenimus
1559 3212 1687 3267 ergo
1718 3198 1773 3251 in
1803 3196 1978 3252 Inter-

408 3300 717 3372 pretatione
731 3296 1009 3352 nominum
1021 3295 1328 3358 Joannes,et
1339 3291 1644 3347 invenimus
1658 3288 1977 3358 particulam

415 3393 536 3459 Joa,
568 3405 811 3446 seorsum
840 3396 1134 3458 sumptam,
1166 3386 1283 3441 sine
1324 3401 1432 3450 nes,
1458 3383 1604 3453 quod
1632 3381 1773 3437 idem
1797 3381 1979 3435 valere

411 3494 669 3555 putamus
687 3492 851 3553 atque
863 3481 1114 3545 Joannes;
1136 3478 1391 3550 quoniam
1418 3477 1520 3531 alia
1535 3490 1750 3546 quoque
1764 3473 1977 3528 Novum

418 3580 844 3634 lnstrumentum
861 3574 1207 3630 Hebrzeorum
1228 3571 1449 3627 nomina
1465 3568 1648 3625 Graece
1662 3564 1976 3632 reddiderit,

420 3673 594 3728 forma
644 3671 828 3729 Graeca
877 3667 1240 3739 pronuntians
1286 3664 1423 3735 ipsa,
1456 3661 1627 3719 veluti
1655 3642 1761 3731 pro
1788 3657 1977 3723 Jacob,

420 3765 711 3830 Iacobum;
747 3779 847 3834 pro
875 3761 1129 3832 Symeon,
1171 3757 1466 3813 Simonem.
1500 3756 1668 3810 Porro
1693 3754 1980 3809 Zacharias

421 3857 673 3912 memoria
704 3870 824 3911 esse
847 3854 1076 3908 dicitur:
1103 3849 1383 3906 Elisabeth
1404 3862 1534 3903 vero
1562 3846 1660 3900 Dei
1686 3843 1981 3914 meijusju-

421 3949 666 4012 randum,
697 3946 782 3999 vel
807 3946 902 4000 Dei
949 3945 1050 3998 mei
1078 3943 1374 4010 septimum.
1413 3940 1492 3994 Ex
1526 3938 1784 3994 memoria
1821 3936 1983 4009 igitur

421 4042 491 4096 de
527 4042 656 4103 Deo,
687 4038 836 4106 juxta
863 4036 1244 4106 jusjurandum
1293 4032 1390 4088 Dei
1433 4030 1627 4096 nostri,
1654 4028 1799 4100 quod
1824 4028 1982 4099 jura-

421 4131 499 4185 vit
533 4130 601 4184 ad
638 4137 821 4198 patres
844 4127 909 4191 ",
934 4127 1147 4199 genitus
1195 4132 1279 4180 est
1321 4124 1557 4179 Joannes
1587 4123 1711 4193 (hoc
1740 4129 1823 4175 est
1854 4136 1982 4190 gra-

422 4226 496 4278 tia
512 4240 544 4278 a
570 4222 694 4292 Deo)
713 4234 1020 4292 praeparans
1044 4218 1271 4274 Domino
1286 4216 1545 4289 populum
1572 4215 1895 4269 instructum
1911 4213 1977 4276 ’⁸,

420 4332 544 4372 cum
587 4315 759 4370 Vetus
805 4314 1271 4376 Instrumentum,
1332 4310 1477 4381 quod
1529 4316 1613 4364 est
1667 4305 1981 4363 sabbatismi

427 4409 754 4472 extremitas,
788 4405 1130 4478 pervenisset
1157 4404 1226 4460 ad
1254 4403 1439 4459 ﬁnem.
1472 4401 1654 4468 Quare
1682 4398 1828 4471 gigni
1865 4410 1981 4451 non

2083 1922 2172 1959 νου
2217 1907 2246 1958 6
2297 1901 2552 1974 Χριστὸς,
2585 1895 2973 1971 ὁμολογοῦντος
3003 1892 3118 1965 (10)
3166 1891 3359 1965 χρείαν
3387 1889 3524 1961 ἔχειν
3566 1889 3657 1943 ὑπῖ

2084 1996 2249 2052 αὐτοῦ
2279 1993 2669 2067 βαπτισθῆναιο
2723 1986 3031 2060 ἀνθρώποις
3065 1984 3176 2056 γὰρ
3213 1983 3319 2037 61:6
3354 1981 3531 2052 φωνῆς
3561 1996 3649 2034 κα-

2085 2088 2330 2160 θαίρεται
2361 2085 2539 2153 λόγος,
2573 2085 2640 2153 τῇ
2678 2079 2841 2150 φύσει
2872 2075 2966 2131 τοῦ
2997 2075 3157 2144 λόγου
3183 2072 3531 2144 καθαίροντος
3553 2071 3647 2124 πᾶ-

2086 2198 2183 2235 σαν
2229 2179 2326 2250 τὴν
2380 2176 2746 2248 σημαίνουσαν
2793 2170 2995 2241 φωνήν.
3060 2168 3173 2221 Καὶ
3207 2162 3542 2232 ἁπαξαπλῶς
3569 2164 3648 2216 ὅτε

2097 2273 2348 2341 Ἰωάννης
2378 2270 2469 2322 τὸν
2493 2266 2732 2338 Χριστὸν
2772 2263 3066 2324 δείκνυσιν,
3092 2259 3379 2330 ἄνθρωπος
3405 2256 3530 2310 Θεὸν
3552 2255 3648 2309 δείο

2085 2385 2261 2428 κνυσι.
2279 2369 2374 2422 καὶ
2394 2365 2623 2435 Σωτῆρα
2640 2362 2730 2417 τὸν
2752 2360 3063 2431 ἀσώματον,
3087 2357 3181 2410 καὶ
3205 2354 3361 2426 φωνὴ
3379 2353 3469 2407 τὸν
3486 2352 3645 2422 λόγον.

2154 2459 2245 2513 27.
2278 2457 2564 2529 Χρήσιμον
2607 2454 2651 2507 δ’
2687 2452 2753 2509 ἂν
2797 2448 2884 2525 ἦν,
2915 2450 3105 2522 ὥσπερ
3132 2450 3225 2502 ἐπὶ
3252 2445 3464 2501 πολλῶν
3494 2448 3526 2517 ἡ
3553 2444 3649 2517 τῶν

2084 2553 2362 2625 ὀνομάτων
2405 2550 2672 2622 ἐνέργεια,
2697 2546 2840 2601 οὕτω
2867 2547 2983 2610 καὶ,
3031 2545 3126 2597 ἐπὶ
3156 2540 3250 2596 τοῦ
3280 2542 3451 2595 τόπου
3476 2538 3647 2593 τούτου

2085 2646 2144 2700 τὸ
2191 2646 2317 2699 ἰδεῖν
2349 2643 2378 2697 ὅ
2423 2660 2474 2695 τι
2511 2639 2762 2712 σημαίνει
2815 2641 2843 2691 6
2888 2635 3141 2707 Ἰωάννης
3174 2634 3269 2687 καὶ
3310 2634 3342 2685 6
3375 2630 3646 2703 Ζαχαρίας.

2084 2739 2196 2794 Καὶ
2225 2738 2334 2809 γὰρ
2380 2735 2455 2799 ὡς
2488 2734 2639 2797 ὀντος
2666 2732 2810 2795 τινὸς
2851 2730 2952 2784 οὐκ
2996 2726 3495 2797 εὐκαταφρονήτου,
3526 2722 3650 2777 κατὰ

2082 2830 2184 2902 τὴν
2213 2828 2302 2882 τοῦ
2350 2827 2612 2898 ὀνόματος
2643 2822 2878 2890 θέσιν,οί
2929 2819 3029 2893 μὲν
3081 2820 3368 2889 συγγενεῖς
3397 2815 3650 2887 Ζαχαρίαν

2086 2922 2247 2977 αὐτὸν
2273 2919 2552 2975 καλεῖσθαι
2610 2916 2908 2988 βούλονται,
2959 2912 3288 2983 ξενιζόμενοι
3314 2910 3409 2963 ἐπὶ
3437 2909 3513 2980 τῷ
3545 2906 3651 2978 βού-

2085 3016 2272 3072 λεσθαι
2313 3014 2412 3086 τὴν
2454 3010 2733 3067 Ἐλισάϐετ
2779 3007 3033 3077 Ἰωάννην
3082 3005 3243 3059 αὐτὸν
3284 3002 3597 3075 ὀνομάζειν*
3625 3002 3652 3054 6

2086 3111 2143 3164 δὲ
2170 3107 2442 3179 Ζαχαρίας
2473 3103 2690 3176 γράψας
2726 3101 2820 3155 τό·
2857 3118 2877 3152 ι
2901 3098 3153 3169 Ἰωάννης
3182 3096 3340 3150 ἔσται
3371 3095 3535 3166 ὄνομα
3564 3093 3650 3147 αὖ·

2087 3202 2184 3273 τῷ,
2211 3220 2229 3253 ι
2279 3196 2571 3253 ἀπολύεται
2615 3195 2715 3266 τῆς
2744 3193 3005 3247 ἐπιπόνου
3038 3193 3264 3261 σιωπῆς.
3302 3188 3546 3259 Εὖρομεν
3565 3183 3653 3238 τοί·

2089 3312 2181 3350 νυν
2213 3294 2270 3346 ὲν
2300 3293 2365 3363 τῇ
2402 3287 2699 3360 Ἐρμηνείᾳ
2728 3286 2836 3339 τῶν
2852 3283 3130 3356 ὀνομάτων
3146 3281 3280 3354 (Η),
3308 3299 3329 3332 ‹
3352 3280 3607 3350 Ἰωάννης,
3625 3293 3646 3330 ι

2088 3388 2168 3453 τὸ,
2194 3406 2212 3438 t
2261 3386 2413 3450 Ἰωὰ,
2461 3404 2479 3435 ι
2526 3383 2696 3454 χωρὶς
2735 3378 2853 3445 τοῦ,
2907 3399 2926 3430 ι
2975 3396 3097 3449 νης,
3125 3396 3144 3429 ι
3194 3373 3651 3454 μεταλαμϐανόμε-

2089 3452 2176 3535 νον
2205 3480 2339 3553 (12),
2373 3480 2511 3549 ὅπερ
2527 3452 2722 3532 ταῦτὺν
2748 3472 2973 3545 οἰόμεθα
3001 3466 3255 3542 εἶναιτῷ,
3287 3489 3307 3523 ι
3331 3452 3644 3539 Ἰωάννηςύ

2088 3574 2210 3628 ἐπεὶ
2254 3573 2349 3627 καὶ
2392 3570 2526 3626 ἄλλα
2557 3572 2590 3640 ή
2638 3567 2815 3638 Καινὴ
2847 3565 3090 3636 Διαθήκη
3136 3561 3407 3636 Ἐϐραίων
3433 3559 3651 3630 ὀνόματα

2089 3665 2415 3738 ἐξελλήνισε,
2446 3648 2753 3736 χαρακτῆρι
2783 3658 2921 3714 αὐτὰ
2951 3655 3180 3711 εἰποῦσα
3225 3652 3537 3726 Ἑλληνικῷ,
3565 3650 3650 3704 ὥσ-

2089 3775 2196 3830 περ
2238 3757 2329 3811 ἐπὶ
2373 3754 2589 3820 Ἰακὼϐ,
2659 3751 2935 3815 Ἰάκωϐον,
2993 3750 3087 3805 καὶ
3136 3747 3229 3802 ὲπὶ
3277 3745 3519 3817 Συμεὼν,
3570 3743 3650 3795 Σί-
3720 3764 3725 3769 -

2093 3866 2248 3920 μωνα
2274 3847 2403 3920 (15).
2429 3844 2702 3917 Ζαχαρίας
2724 3843 2781 3898 δὲ
2810 3862 2828 3894 ι
2858 3843 3045 3914 μνήμη
3077 3858 3095 3891 ι
3117 3833 3257 3892 εἶναι
3277 3837 3527 3907 λέγεται·
3549 3836 3579 3905 ή
3603 3834 3652 3886 δὲ

2102 3941 2380 3996 Ἐλισάϐετ
2433 3960 2451 3991 ι
2481 3939 2615 3993 Θεοῦ
2655 3955 2755 4009 μου
2801 3938 2982 4007 ὅρκος,
3008 3952 3026 3986 ι
3065 3933 3099 4004 ἦ
3157 3951 3176 3984 ι
3199 3930 3336 3985 Θεοῦ
3388 3948 3487 4002 μου
3518 3928 3651 3981 ’ἐϐδο-

2093 4051 2210 4106 μον.
2243 4053 2262 4086 ι
2313 4031 2444 4085 Ἀπὸ
2471 4030 2606 4085 Θεοῦ
2639 4030 2697 4083 δὲ
2725 4028 2884 4101 χάρις
2914 4030 2979 4082 ἐκ
3010 4026 3110 4096 τῆς
3136 4025 3265 4096 περὶ
3285 4024 3421 4078 Θεοῦ
3452 4024 3651 4096 μνήμης

2090 4125 2232 4180 κατὰ
2260 4125 2352 4178 τὸν
2381 4122 2477 4176 τοῦ
2516 4121 2652 4176 Θεοῦ
2685 4119 2841 4193 ήμῶν
2866 4120 3028 4191 ὅρκον
3059 4118 3149 4170 τὸν
3184 4117 3313 4190 περὶ
3347 4118 3478 4190 τοὺς¹
3504 4114 3653 4169 πατέ-

2092 4236 2190 4290 ρας
2211 4216 2440 4288 ὲγενήθη
2468 4216 2497 4268 6
2528 4208 3126 4284 Ἰωάννης,’ὲτοιμάζων
3158 4210 3352 4282 Κυρίῳ
3384 4208 3507 4262 λαὸν
3535 4196 3651 4261 κατ-

2090 4307 2537 4379 εσκευασμένον,
2568 4305 2660 4359 ἐπὶ
2720 4305 2863 4371 τέλει
2916 4304 3024 4373 τῆς
3075 4303 3321 4366 Παλαιᾶς
3372 4299 3651 4372 γενομένης

2090 4399 2386 4472 Διαθήκης,
2419 4400 2454 4471 ἦ
2507 4400 2624 4454 ἐστι
2671 4398 2783 4469 (14)
2825 4396 3196 4469 σαϐϐατισμοῦ
3246 4396 3508 4468 κορωνίς·
3533 4392 3595 4448 δι’
3623 4388 3653 4446 6

490 4605 537 4637 ’³
559 4602 712 4660 Joan.
751 4616 793 4668 ι,
819 4598 910 4654 25.
982 4594 1029 4627 ’⁸
1056 4592 1188 4649 Luc.
1224 4604 1267 4656 ι,
1292 4588 1359 4646 59
1390 4596 1446 4645 et
1476 4601 1593 4657 seq.
1670 4585 1713 4616 ’⁸
1746 4582 1877 4639 ibid.
1930 4582 1976 4635 71

2098 4581 2144 4614 ”
2187 4579 2319 4636 ibid.
2370 4579 2458 4635 Π.

492 4788 603 4860 (10)
628 4781 1110 4860 Ὀέιολοτοῦνζοᾳ
1134 4773 1442 4860 Legengum
1461 4763 1983 4860 videtur_6gglpztiiy.

493 4838 541 4931 ii
555 4838 602 4929 ii
640 4838 917 4931 ὲῖῧρὸμὲειί
932 4838 1139 4931 τοίνῦν
1163 4838 1243 4902 έττ
1254 4838 1989 4931 -EﬁIE-DH'EE’E‘JF’ﬁﬂfﬂ'

417 4906 1062 5005 pd‘z'léi-féﬁlfisgrpua.
1095 4922 1205 5005 hoc
1249 4906 1407 5005 titulo
1439 4906 1786 5005 'gcr‘ipferat‘
1808 4906 1985 5005 Phlilo.

423 4977 778 5069 ﬁBba'a'utgih
803 4977 857 5069 in
871 4977 874 4978 ν
887 4990 1443 5069 veteri_Testamento
1471 4977 1594 5053 ipse
1608 4987 1812 5069 egerat,
1846 4977 1986 5069 idem

422 5047 967 5128 iii—Novoiiactitavit
996 5061 1276 5130 Origenes,
1310 5047 1573 5130 suumque
1607 5047 1988 5130 libr-ultrlihro

425 5117 669 5197 libi-Ionis
702 5117 989 5204 'a'djnnxit,
1036 5117 1199 5200 atque
1233 5117 1392 5196 hujus
1422 5117 1604 5196 op’eris
1651 5118 1742 5174 hic
1778 5117 1991 5170 videtur

427 5209 758 5269 meminisse.
790 5204 1054 5258 Hunnus.

496 5257 968 5351 δέλτ’ᾖ-,ιλιωῲ
996 5291 1011 5322 ι
1035 5268 1210 5339 χωρὶς
1224 5264 1352 5347 τοῦ,
1377 5282 1395 5312 1
1424 5257 1989 5351 [{EEtflflﬂng-

424 5328 705 5423 rdjlééo},
729 5328 854 5423 elc._
877 5328 992 5423 [δίοή
1035 5328 1209 5423 'r'tu'nc:
1242 5328 1763 5423 prittittltt'O‘ri'genis
1803 5329 1855 5381 iu
1884 5328 1989 5423 He:

427 5398 991 5486 iiutileritiam
1030 5398 1500 5486 ίξῖἒβτβδὲηδὴωδ·
1543 5398 1808 5486 gommfs’
1848 5398 1992 5486 (ΨΜ

818 5466 854 5538 νυ
897 5491 1007 5571 pri.
1041 5466 1292 5546 Plerique
1339 5490 1406 5530 ex
1442 5479 1563 5532 mm
1600 5466 1828 5579 prmﬁxo
1873 5467 1985 5519 for-

429 5557 632 5639 matum
665 5557 992 5649 putant,'ut
1027 5569 1131 5623 alia
1182 5567 1439 5649 pleraque
1475 5576 1590 5631 per,
1620 5557 1729 5649 -10,
1754 5557 1987 5640 .incepta

430 5629 819 5706 "in
855 5629 962 5713 quo
1009 5654 1141 5713 sane
1183 5629 1488 5713 falluntur?
1515 5629 1823 5713 sunt‘enim
1868 5642 1989 5681 ser-

428 5699 688 5783 ὑίἰὲέῗέῐ
719 5699 967 5771 nominis
1007 5708 1363 5783 fortnatrices
1393 5703 1605 5783 Πείρεω.
1653 5699 1807 5766 Quod
1854 5711 1983 5783 γει-ο

431 5766 1017 5858 hiE'inmi'e'5fmém
1051 5795 1171 5837 esse
1203 5775 1392 5834 scribit
1429 5766 1689 5844 Origenes
1736 5785 1797 5825 ac
1838 5766 1972 5827 Joa.

2094 4765 2147 4821 id
2175 4774 2259 4821 est
2300 4772 2446 4833 mm,
2487 4763 2607 4819 sine
2638 4779 2748 4826 nes,
2782 4762 3078 4820 addidisset
3119 4760 3339 4825 saltem,
3378 4759 3495 4814 sine
3530 4766 3642 4844 pri,

2093 4855 2430 4910 tolerabilius
2464 4862 2629 4916 esset,
2667 4855 2916 4922 quamvis
2959 4866 3113 4921 aeque
3159 4866 3196 4922 a_
3223 4848 3644 4922 veroalienmn;

2097 4927 2147 4979 id
2195 4926 2337 4980 enim
2393 4925 2647 4978 dixerunt
2687 4918 2820 4987 'alii,
2872 4918 3199 4976 item‘docti
3240 4936 3255 4972 :
3301 4918 3647 4989 Hieronymus

2095 5006 2245 5064 puta,
2275 4995 2348 5048 De
2380 4995 2629 5064 nominib.
2659 4993 2819 5046 Hebr.
2843 5001 2899 5046 et
2917 4994 2976 5064 in
3003 4989 3195 5064 Matth.
3222 4989 3355 5043 Cum
3384 4986 3647 5064 sulijungit

2094 5058 2334 5135 quoque,
2366 5063 2639 5144 Ζαχαρίας
2672 5065 2858 5134 μνήμη
2891 5058 3028 5115 εἶναι
3068 5058 3306 5142 λέγεται,
3342 5060 3539 5139 addere
3565 5058 3648 5109 de-

2096 5137 2291 5198 bebat,
2335 5134 2492 5188 Θεου.
2525 5135 2654 5198 Qum
2713 5144 2890 5186 tamen
2937 5133 3005 5184 ah
3058 5130 3180 5184 alus
3244 5136 3469 5198 accepta
3502 5127 3643 5198 mira

2097 5146 2291 5199 behat,
2335 5146 2492 5188 Θεου.
2525 5146 2654 5198 Quae
2713 5146 2890 5186 tamen
2937 5146 3005 5184 an
3058 5146 3180 5184 ams
3244 5146 3469 5199 accepta
3516 5146 3643 5180 uura

2097 5206 2299 5260 rectius
2343 5204 2629 5272 esposuit:
2660 5202 2766 5256 ἀπὸ
2794 5200 2929 5255 Θεοῦ
2973 5200 3030 5254 δὲ
3056 5200 3249 5272 χάρις,
3270 5200 3446 5267 inquit
3449 5196 3648 5272 _(id_est

2095 5273 2350 5357 Juannes)
2389 5266 2458 5357 εκ
2478 5274 2587 5357 ὶτῆς
2616 5273 2748 5357 περι
2775 5272 2909 5357 Θεοῦ
2945 5266 3165 5357 μνήμης
3215 5270 3293 5357 (id
3317 5277 3405 5357 est
3435 5266 3641 5357 ‘chha-
3670 5286 3693 5311 t-

2093 5346 2245 5486 3933))
2274 5335 2415 5469 κὲἷὰ
2442 5335 2841 5467 Isti-1068306
2876 5335 3232 5414 ήμῶν”ὅρκον
3257 5340 3332 5411 (id
3368 5346 3455 5394 est
3483 5335 3642 5391 Elisa-

2154 5456 2160 5465 .
2206 5434 2221 5469 1
2254 5456 2268 5475 ο
2387 5455 2401 5469 ο
2506 5452 2520 5467 ο

2615 5483 2794 5554 codex
2823 5481 3150 5539 Bodleianus
3174 5478 3428 5550 Σιμῶνας
3458 5473 3643 5546 Regius

2093 5568 2146 5613 et
2165 5553 2236 5610 Ba
2247 5553 2514 5617 rberinns,
2546 5553 2749 5617 Σιμών.
3374 5570 3377 5573 ·

2166 5571 2514 5617 uaruermns,
2547 5571 2607 5606 lat
2654 5571 2749 5608 ων.
3374 5571 3377 5573 ·

2166 5626 2395 5709 (ωτι
2433 5626 2583 5709 ἐςτι;
2615 5571 2690 5679 ria
2738 5622 2911 5682 codex
2957 5620 3315 5687 Bodleianus;
3357 5616 3556 5687 Regius
3592 5616 3646 5671 el

2092 5694 2443 5764 Barhe'riuus,
2480 5696 2513 5766 ἦ
2554 5694 2653 5748 ἔτι.
