3766 6142
198 355 293 415 1⁵15

1303 358 1662 417 COMMENT.
1703 358 1767 414 IN
1801 357 1996 417 JOAN.
2036 357 2274 416 TOMUS
2305 358 2367 414 ll.

3368 357 3468 411 178

203 482 258 538 οὐ
284 481 513 539 δύναται
558 487 898 557 γεγενῆσθαι
943 486 1051 540 ἀπὸ
1093 485 1192 556 τῆς
1224 482 1512 555 ἑϐδομάδος
1535 482 1628 536 τοῦ
1656 480 1773 536 Θεοί

1918 480 2067 535 ιοιυίι
2117 480 2186 535 ab
2217 477 2556 544 hebdomada
2603 478 2697 534 Dei
2734 478 2904 533 nostri
2959 479 3194 550 requies,
3224 493 3346 549 quae
3385 491 3472 535 ezt

204 574 378 647 ἡμῶν.
411 575 514 648 τὴν
566 578 712 649 μετά
737 580 800 632 τὸ
845 578 1111 632 σάϐϐατον
1143 577 1452 631 ἀνάπαυσιν
1482 575 1574 628 τοῦ
1606 574 1791 644 Σωτῆ-

215 686 300 740 po;
342 669 501 740 ἡμῶν
557 669 702 724 κατά
750 669 850 742 τὴν
882 669 1186 724 ἀνάπαυσιν
1234 665 1399 720 αὑτοῦ
1441 664 1796 736 ἐμποιοῦντος

209 765 316 826 τοῖς
351 762 702 835 συμμόρφοις
728 762 806 834 τῷ
835 761 1049 834 θανάτῳ
1076 758 1240 814 αὐτοῦ
1261 757 1664 830 γεγενημένοις,
1699 758 1794 810 καὶ

208 855 292 909 διὰ
321 854 482 908 τοῦτο
511 855 625 926 (15)
653 857 748 909 καὶ
776 857 876 927 τῆς
905 854 1275 917 ἀναστάσεως.

273 943 364 996 ‘28.
387 938 579 1009 Οὗτος
605 939 794 1013 ἦλθεν
820 947 907 1008 εις
926 943 1403 1012 μαρτυρίανιῖνα
1424 943 1784 1016 μαρτυρήσῃ

205 1039 336 1107 περὶ
364 1037 473 1092 τοῦ
499 1037 713 1107 φωτὸς,
735 1038 836 1090 ἵνα
854 1035 1076 1101 πάντες
1094 1036 1465 1089 πιστεύσωσι
1487 1036 1560 1090 δι’
1579 1037 1765 1093 αὐτοῦ
1778 1080 1791 1092 .

203 1133 323 1187 Τῶν
355 1132 679 1203 ἑτεροδόξων
715 1130 825 1201 (16)
855 1131 1000 1194 τινὲς
1043 1128 1321 1182 πιστεύειν
1369 1129 1672 1200 φάσκοντες
1708 1134 1788 1196 εἰς

201 1226 294 1279 τὸν
340 1226 603 1297 Χριστὸν,
637 1225 732 1278 καὶ⁹
763 1223 850 1278 διὰ
891 1223 952 1276 τὸ
997 1222 1364 1276 ἀναπλάσσειν
1405 1222 1593 1295 ἕτερον
1637 1225 1787 1297 παρά

203 1318 295 1373 τὸν
323 1321 398 1389 Δη
409 1316 687 1389 μιουργὸν,
710 1316 786 1379 ὡς
810 1314 1098 1370 ἀκόλουθον
1125 1313 1328 1378 αὐτοῖς,
1356 1315 1417 1368 οὗ
1441 1316 1788 1386 προσιέμενοι

203 1405 303 1475 τὴν
344 1405 642 1476 ἐπιδημίαν
685 1403 850 1457 αὑτοῦ
911 1403 1015 1458 ὑπὸ
1048 1403 1156 1457 τῶν
1196 1403 1491 1476 προφητῶν
1549 1421 1792 1475 προκατ-

207 1494 476 1565 ηγγέλθαι
515 1533 532 1560 ,
606 1493 934 1564 ἀνατρέπειν
1010 1490 1309 1563 πειρῶνται
1376 1490 1477 1555 τάς
1538 1491 1626 1547 διὰ
1683 1493 1792 1546 τῶν

205 1585 504 1656 προφητῶν
546 1585 677 1655 περὶ
729 1581 966 1654 Χριστοῦ
1013 1582 1344 1655 μαρτυρίας,
1387 1583 1689 1653 φάσκοντες
1716 1584 1790 1655 μὴ

202 1678 408 1732 δεῖσθαι
469 1677 763 1750 μαρτύρων
808 1677 901 1730 τὸν
955 1676 1084 1730 Υἱὸν
1125 1676 1218 1730 τοῦ
1270 1675 1428 1741 Θεοῦ,
1483 1676 1674 1749 ἔχοντα
1731 1676 1793 1728 τὸ

201 1769 298 1824 τοῦ
386 1767 744 1822 πιστεύεσθαι
827 1767 976 1835 ἄξιον
1032 1768 1089 1822 ἐν
1164 1786 1225 1822 τε
1299 1764 1382 1833 οἷς
1463 1769 1791 1840 κατήγγειλε

1898 580 2018 643 post
2063 570 2348 626 sabbatum
2398 583 2414 622 :
2455 568 2710 623 nimirum
2779 568 2891 623 Deo
2950 567 3239 623 Scrvatore
3283 578 3471 623 nostro

1897 679 2017 718 eam
2047 663 2398 731 ingenerante
2424 661 2719 717 secundum
2749 661 2989 730 requiem
3022 675 3175 715 suam
3215 659 3267 714 in
3290 660 3469 724 nobis.

1897 756 1988 826 qui
2029 754 2159 811 facti
2198 770 2386 812 sumus
2417 757 2578 811 morti
2608 755 2778 825 ipsius
2811 752 3142 818 conlormes,
3175 761 3231 810 et
3262 753 3469 810 idcirco

1897 847 2062 901 etiam
2094 846 2482 903 resurrectioni
2511 846 2576 900 ³⁷.
3033 913 3039 918 _

1965 939 2059 994 28.
2091 939 2196 994 Hic
2226 941 2365 995 venit
2398 940 2454 993 in
2486 939 2862 1002 testimonium,
2907 949 2962 992 ut
3011 938 3383 1007 testiﬁcaretur
3406 938 3471 992 de

1896 1033 2031 1098 luce,
2063 1041 2120 1086 ut
2170 1049 2348 1087 omnes
2389 1033 2654 1087 crederent
2698 1048 2792 1102 per
2841 1033 3012 1101 ipsum
3037 1031 3105 1085 ’⁸.
3139 1031 3367 1098 Quidam
3399 1045 3468 1085 ex

1897 1124 1983 1179 his
2019 1125 2110 1195 qui
2159 1125 2228 1180 ab
2271 1124 2527 1180 Ecclesiae
2579 1124 2813 1179 decretis
2843 1124 3192 1191 dissentiunt,
3244 1125 3470 1179 credere

1897 1231 1957 1271 se
1984 1216 2228 1272 dicentes
2251 1217 2304 1272 in
2335 1216 2633 1283 Christum,
2661 1225 2716 1271 et
2751 1230 2815 1272 eo
2854 1216 2998 1286 quod
3047 1216 3252 1286 ﬁngant
3301 1217 3468 1270 Deum

1896 1310 2062 1364 alium
2115 1311 2392 1366 diversum
2429 1326 2459 1366 a
2496 1310 2681 1365 mundi
2707 1310 3085 1376 Fabricatore,
3118 1322 3178 1365 ut
3222 1319 3308 1365 est
3338 1308 3470 1377 ipsis

1895 1415 2256 1470 consequens,
2309 1416 2418 1454 non
2461 1399 2812 1454 admittentes
2865 1401 3158 1455 adventum
3215 1400 3387 1470 ipsius
3436 1415 3466 1452 a

1896 1492 2171 1563 praphetis
2211 1493 2632 1563 praenuntiatum
2667 1491 2856 1558 fuisse,
2907 1492 3226 1547 subvertere
3258 1507 3466 1547 conan-

1899 1595 1986 1640 tur
2014 1586 2403 1658 prophetarum
2461 1587 2775 1644 testimonia
2827 1588 2893 1642 de
2949 1586 3188 1654 Christo,
3228 1586 3470 1642 dicentes

1895 1695 2035 1749 Optls
2084 1696 2189 1736 non
2243 1696 2366 1738 esse
2422 1682 2656 1737 testibus
2715 1681 2856 1737 Filio
2889 1682 3032 1738 Dei:
3091 1691 3149 1737 ut
3185 1682 3276 1752 qui
3307 1683 3466 1738 tidem

1895 1772 1997 1827 sibi
2052 1774 2394 1838 conciliaret,
2449 1783 2562 1828 tum
2599 1787 2666 1828 ex
2713 1774 3051 1830 salutaribus
3099 1774 3465 1839 sermonibus,

199 1860 502 1930 σωτηρίοις
554 1859 758 1928 λύγοις,
819 1859 1099 1932 δυνάμεως
1157 1860 1628 1933 πεπληρωμένοις,
1694 1863 1773 1914 κα“

1918 1880 2027 1935 mos
2074 1865 2448 1931 denuntiabat.
2487 1868 2728 1936 potentia
2785 1867 2981 1938 plenis,
3035 1879 3148 1923 tum
3182 1883 3249 1924 ex
3279 1867 3466 1938 prodi-

195 1954 254 2006 ὲν
340 1952 653 2022 τεραστίοις
739 1952 942 2026 ἔργοις,
1024 1955 1254 2009 αὐτόθεν
1341 1954 1788 2026 καταπλήξασθαι

196 2047 356 2101 πάνθ’
398 2045 641 2100 ὁντινοῦν
687 2047 1034 2119 δυναμένοις·
1081 2049 1178 2101 καί
1226 2065 1408 2118 φασιν·
1445 2049 1509 2102 Εἰ
1546 2048 1788 2118 Μωῦσῆς

193 2141 561 2195 πεπίστευται
607 2138 698 2193 διά
751 2140 842 2194 τὸν
878 2139 1035 2210 λόγον
1091 2141 1185 2195 καὶ
1234 2142 1336 2205 τὰς
1388 2141 1681 2212 δυνάμεις,
1725 2142 1786 2194 ού

189 2230 406 2302 δεηθεὶς
461 2231 752 2306 μαρτύρων
786 2233 892 2303 πρὸ
945 2233 1113 2288 αὐτοῦ
1162 2251 1325 2286 τινων
1363 2234 1526 2288 αὐτὸν
1577 2249 1785 2302 καταγ-

189 2327 518 2395 γειλάντων,
556 2326 692 2380 ἀλλὰ
735 2326 830 2379 καὶ
862 2327 1094 2392 ἕκαστος
1135 2326 1245 2380 τῶν
1287 2328 1582 2400 προφητῶν
1616 2343 1788 2398 παρε-

188 2419 360 2490 δέχθη
391 2420 500 2472 ὑπὸ
525 2419 620 2473 τοῦ
659 2419 813 2485 λαοῦ,
842 2420 917 2484 ὡς
943 2420 1050 2474 ἀπὸ
1082 2419 1217 2474 Θεοῦ
1262 2420 1593 2484 ἀποσταλείς
1613 2436 1627 2451 ·
1659 2420 1782 2483 πῶς

187 2513 314 2584 οὐχὶ
348 2513 554 2583 μᾶλλον
586 2513 864 2577 Μωῦσέως
894 2513 989 2567 καὶ
1026 2513 1135 2567 τῶν
1186 2513 1484 2586 προφητῶν
1511 2513 1785 2586 διαφέρων

187 2605 421 2659 δύναται
479 2607 650 2678 χωρὶς
703 2604 996 2678 προφητῶν
1055 2605 1476 2677 μαρτυρούντων
1532 2605 1602 2659 τά
1654 2607 1784 2676 περὶ

186 2697 356 2752 αὐτοῦ
401 2697 598 2751 ἀνῦσαι
631 2697 660 2750 ὃ
695 2697 965 2769 βούλεται,
997 2699 1093 2751 καὶ
1125 2697 1401 2769 ὠφελῆσαι
1440 2697 1502 2752 τὺ
1541 2697 1652 2752 τῶν
1691 2699 1785 2751 ἀν-

187 2789 433 2862 θρώπων
480 2790 668 2860 γένος;
714 2790 1018 2861 Παρέλκειν
1045 2785 1136 2844 οῦν
1167 2789 1460 2844 οἴονταιτὸ
1501 2791 1605 2844 ὑπὸ
1647 2809 1780 2863 προ-

186 2884 382 2955 φητῶν
440 2885 607 2939 αὐτὸν
665 2882 981 2955 νομίζεσθαι
1053 2883 1566 2954 προκατηγγέλθαι,
1622 2884 1782 2938 τοῦτο

185 2977 802 3051 πραγματευσαμένων,
840 2975 914 3040 ὡς
945 2976 1149 3030 εῐτωιεν
1185 2975 1250 3030 ἂν
1283 2977 1502 3043 ἐκεῖνοι,
1535 2973 1642 3030 τῶν
1682 2975 1780 3047 τὴν

187 3072 492 3142 καινότητα
521 3071 620 3141 τῆς
655 3069 906 3141 θεότητος
937 3068 1342 3140 παραδέξασθαι
1371 3071 1498 3131 τοὺς
1539 3071 1619 3132 είς
1646 3069 1781 3141 Χρι-

188 3165 318 3218 στὸν
360 3162 718 3226 πιστεύοντας
755 3163 815 3215 οὐ
853 3162 1207 3233 βουλομένων,
1245 3160 1381 3215 ἀλλά
1412 3160 1506 3214 ἐπὶ
1539 3161 1631 3214 τὸν
1681 3163 1780 3214 αύ-

186 3259 280 3310 τὺν
313 3256 656 3324 καταντῆσαι
713 3254 866 3317 Θεὸν,
897 3254 958 3308 ὃν
1005 3255 1100 3308 καὶ
1152 3252 1260 3324 πρὸ
1303 3251 1479 3323 Ἰησοῦ
1541 3253 1781 3325 Μωῡσῆς

186 3350 287 3402 καὶ
311 3351 362 3401 οἱ
391 3347 670 3418 προφῆται
706 3345 971 3411 ἐδίδαξαν.
998 3344 1230 3400 Λεκτέον
1257 3339 1351 3397 οῦν
1392 3344 1527 3414 πρὸς
1560 3344 1779 3407 αὐτοὺς,

187 3441 293 3504 ὅτι,
340 3438 554 3493 πολλῶν
594 3439 782 3493 αἰτίων
827 3437 1136 3509 δυναμένων
1191 3435 1444 3505 γενέσθαι
1481 3435 1781 3507 προκαλου-

192 3533 375 3604 μένων
401 3533 482 3594 si;
506 3531 566 3585 τὸ
607 3529 906 3593 πιστεύειν,
935 3525 1106 3581 ὲνίοτέ
1139 3542 1301 3579 τινων
1339 3526 1448 3579 ἀπὸ
1479 3525 1639 3596 τῆσδε
1678 3523 1778 3596 μὲν

190 3627 292 3696 τῆς
340 3623 674 3689 ἀποδείξεως
719 3622 780 3676 οὐ
827 3618 1244 3693 πληττομένων,
1292 3617 1400 3670 ἀπὸ
1452 3618 1645 3688 ἑτέρας
1698 3616 1779 3682 δὲ,

189 3718 337 3789 ἔχειν
375 3717 471 3770 τὸν
511 3716 645 3769 Θεὸν
676 3714 926 3777 πλείονας
969 3711 1227 3785 ἀφορμὰς
1278 3710 1586 3782 ἀνθρώποις
1641 3726 1782 3781 παρ-

189 3818 361 3889 έχειν,
390 3818 506 3871 ’ἵνα
553 3814 898 3887 παραδεχθῇ,
943 3814 1026 3867 ὅτι
1059 3813 1194 3876 Θεὸς
1224 3814 1252 3865 ό
1293 3811 1434 3882 ὑπὲρ
1484 3810 1663 3864 πάντα
1711 3807 1780 3862 τὰ

189 3910 398 3980 γενητά
464 3906 905 3980 ὲνηνθρώπησεν.
957 3904 1234 3976 Ἐναργῶς
1287 3902 1416 3973 γοῦν
1451 3901 1595 3956 ἔστιν
1653 3901 1780 3954 ἰδεῖν

189 4020 345 4066 τινας
371 4004 436 4055 ὲκ
457 4001 567 4054 τῶν
593 3997 946 4072 προφητικῶν
969 3997 1326 4069 προρρήσεων
1355 3995 1434 4058 είς
1462 3993 1780 4065 θαυμασμὸν

187 4096 283 4150 τοῦ
313 4092 557 4166 Χριστοῦ
590 4093 702 4164 (17)
733 4091 1079 4164 ἐρχομένους,
1113 4088 1656 4162 καταπληττομένους
1680 4087 1780 4157 τὴν

188 4189 300 4243 τῶν
335 4187 611 4242 τοσούτων
661 4185 770 4258 πρὸ
823 4184 988 4239 αὑτοῦ
1036 4181 1330 4255 προφητῶν
1383 4179 1586 4251 φωνὴν,
1629 4196 1776 4232 συνι-

189 4282 399 4335 στᾶσαν
428 4279 594 4332 τόπον
619 4277 883 4347 γενέσεως
904 4273 1090 4339 αὐτοῦ,
1115 4274 1210 4328 καὶ
1238 4272 1422 4345 χώραν
1447 4271 1774 4342 ἀνατροφῆς,

188 4375 286 4428 καὶ
344 4374 499 4443 ἰσχὺν
571 4368 952 4432 διδασκαλίας,
999 4363 1282 4436 δυνάμεων
1347 4381 1408 4417 τε
1459 4363 1776 4435 θαυμασίων

189 4467 416 4537 ποίησιν
455 4464 550 4518 καὶ
583 4461 751 4525 πάθος
791 4458 1128 4530 ἀνθρώπινον
1161 4454 1266 4510 ὑπὸ
1294 4456 1644 4518 ἀναστάσεως
1679 4471 1778 4507 κα-

1889 1958 2053 2026 giosis
2091 1967 2145 2012 et
2198 1957 2536 2015 admirandis
2587 1959 2864 2028 operibus,
2925 1975 3044 2029 quae
3085 1961 3171 2016 vel
3232 1960 3468 2030 quem“-
3533 1986 3550 2002 .

1887 2048 1978 2101 het
2004 2061 2068 2100 ex
2102 2061 2162 2102 se
2205 2057 2510 2117 perterrere
2537 2057 2818 2118 poterant;
2853 2059 2908 2105 et
2930 2051 3117 2105 dicunt
3147 2066 3160 2102 :
3199 2049 3258 2105 Si
3289 2050 3463 2121 Moysi

1887 2139 1998 2210 87
2037 2141 2225 2196 habita
2297 2140 2400 2195 fuit
2445 2140 2598 2205 ﬁdes,
2645 2142 2915 2197 sertnonis
2966 2142 3298 2214 virtutisque
3343 2158 3469 2212 gra-

1891 2233 1984 2296 tia,
2017 2232 2184 2288 nullis
2211 2233 2430 2301 praeviis
2476 2233 2708 2289 testibus
2733 2237 2825 2304 qui
2858 2235 3034 2304 ipsum
3067 2235 3463 2290 annuntiarent

1886 2325 2088 2394 egenti,
2124 2336 2288 2392 atque
2321 2327 2485 2382 etiam
2531 2327 2921 2396 prophetarum
2969 2329 3346 2398 unusquisque
3375 2342 3466 2382 re-

1886 2425 2076 2487 ceptus
2110 2431 2138 2470 a
2176 2417 2372 2488 populo
2397 2417 2520 2484 fuit,
2551 2418 2716 2472 veluti
2739 2433 2770 2473 a
2809 2420 2916 2474 Deo
2938 2419 3157 2485 missus,
3189 2424 3466 2492 quomodo

1887 2506 2071 2579 Moyse
2122 2517 2284 2578 atque
2332 2509 2613 2580 prophetis
2670 2510 3016 2580 praestantior
3076 2526 3184 2566 non
3264 2515 3466 2582 poterit

1887 2598 2090 2667 absque
2103 2598 2379 2669 prophetis
2392 2599 2457 2654 de
2470 2598 2647 2667 seipso
2668 2598 3084 2656 testiﬁcantibus
3100 2601 3312 2658 facilius
3322 2605 3466 2673 quod

1885 2689 2013 2743 velit
2049 2691 2312 2760 perlicere
2343 2700 2399 2746 et
2432 2691 2712 2747 hominum
2749 2693 2934 2763 generi
2962 2694 3278 2765 adjumento
3304 2695 3468 2751 esse?

1865 2780 2229 2852 ‘Superlluum
2252 2797 2384 2852 ergo
2413 2797 2536 2838 esse
2566 2784 2720 2839 aiunt
2755 2785 3098 2850 existimare,
3129 2801 3159 2840 a
3183 2787 3461 2857 pr0phetis

1885 2890 2006 2930 eum
2057 2877 2482 2943 praenuntiatum
2541 2877 2731 2943 fuisse,
2766 2879 2860 2948 qui
2894 2880 2961 2934 de
3011 2880 3115 2934 hoc
3141 2879 3290 2934 anxii
3323 2879 3462 2935 fuis-

1884 2975 2029 3031 sent,
2055 2967 2130 3032 si,
2163 2977 2220 3021 ut
2247 2967 2321 3022 illi
2355 2968 2623 3034 dicerent,
2669 2969 2978 3025 noluissent
3015 2971 3320 3027 divinitatis
3361 2989 3462 3027 no-

1881 3061 2103 3116 vitatem
2130 3061 2340 3116 admitti
2369 3077 2397 3115 a
2425 3063 2779 3118 credentibus
2806 3063 2858 3117 in
2893 3063 3197 3130 Christum,
3239 3067 3333 3120 sed
3366 3081 3464 3124 eos

1882 3153 2170 3222 pervenire
2201 3154 2267 3207 ad
2299 3155 2472 3222 ipsum
2506 3154 2674 3209 Deum
2696 3195 2711 3218 ,
2734 3171 2896 3224 quem
2929 3156 3092 3212 etiam
3123 3167 3249 3213 ante
3269 3156 3456 3214 Jesunt

1885 3244 2100 3316 Moyses
2120 3254 2176 3300 et
2197 3247 2473 3316 prophetae
2498 3247 2831 3303 docuissent.
2857 3247 3216 3316 Quamobrem
3245 3265 3465 3320 respon-

1883 3338 2120 3394 dendum
2143 3350 2232 3407 est
2255 3340 2360 3395 illis
2378 3338 2520 3409 quod
2553 3340 2734 3397 multa:
2761 3356 2940 3398 causa:
2959 3355 3080 3398 esse
3103 3358 3226 3398 cum
3242 3355 3462 3414 possent

1885 3443 2005 3498 quae
2034 3431 2102 3486 ad
2137 3431 2466 3486 credendum
2516 3431 2828 3500 invitarent,
2872 3443 2928 3491 et
2950 3433 3220 3490 interdum
3245 3436 3460 3506 aliquos

1890 3524 1980 3592 qui
2022 3523 2090 3579 ab
2120 3539 2225 3578 una
2264 3523 2654 3580 miraculorum
2698 3525 3163 3582 demonstratione
3192 3543 3296 3584 non
3335 3545 3458 3598 per-

1884 3614 2234 3679 cellerentur,
2248 3616 2318 3672 ab
2335 3617 2440 3672 alia
2461 3617 2925 3674 demonstratione
2946 3620 3274 3690 permoveri,
3297 3636 3463 3690 posse

1888 3709 2052 3764 Deum
2089 3707 2400 3779 complures
2427 3724 2622 3764 causas
2649 3710 2962 3766 hominibus
2992 3713 3234 3781 praebere
3269 3724 3328 3769 ut
3357 3719 3456 3769 ad-

1885 3800 2107 3856 mittant
2131 3800 2326 3868 Deum,
2375 3803 2469 3873 qui
2509 3811 2592 3858 est
2627 3817 2790 3873 super
2819 3806 3001 3860 omnia
3035 3808 3240 3876 genita,
3268 3808 3461 3863 huma-

1885 3909 2009 3947 nam
2053 3895 2418 3966 assumpsisse
2458 3906 2736 3950 naturam.
2786 3895 2943 3952 Unde
2986 3899 3147 3953 etiam
3175 3900 3460 3956 evidenter

1881 4000 2106 4042 cernere
2147 3997 2234 4041 est
2275 3988 2566 4043 nonnullos
2607 4005 2676 4043 ex
2717 3990 3050 4061 propheticis
3085 3992 3367 4049 vaticiniis
3401 3995 3455 4050 in

1882 4077 2298 4134 admirationem
2332 4079 2536 4136 Christi
2574 4082 2781 4148 venire,
2818 4092 2896 4138 tot
2923 4085 3331 4155 prophetarum,
3359 4088 3454 4158 qui

1881 4177 2010 4224 ante
2035 4169 2207 4239 ipsum
2233 4171 2472 4237 fuerunt,
2501 4174 2780 4243 perculsos
2801 4190 2934 4231 voce
2959 4176 3270 4232 stabiliente
3297 4181 3455 4249 quid-

1880 4258 2008 4328 quid
2038 4260 2106 4314 ad
2139 4260 2315 4315 locum
2345 4263 2583 4332 pertinet
2611 4263 2664 4318 in
2694 4279 2803 4334 quo
2834 4265 3051 4335 genitus
3078 4265 3212 4332 fuit,
3246 4278 3302 4324 et
3331 4282 3451 4324 eam

1881 4354 2048 4408 etiam
2077 4355 2354 4425 regionem
2382 4354 2438 4409 in
2468 4371 2573 4426 qua
2597 4357 2872 4412 enutritus
2897 4358 3021 4424 fuit,
3053 4368 3109 4413 et
3131 4360 3242 4413 vim
3283 4361 3452 4431 ipsius

1881 4448 2166 4514 doctrinae,
2196 4457 2251 4502 et
2284 4462 2464 4502 rerum
2513 4448 2908 4504 admirabilium
2957 4451 3351 4519 Operationem,
3388 4471 3453 4509 ac

187 4534 546 4624 ταλυόμενον.
589 4551 698 4604 Καὶ
742 4549 900 4604 τοῦτο
929 4549 985 4602 δὲ
1017 4545 1397 4609 ἐπισκεπτέον,
1445 4545 1527 4598 ὅτι
1575 4547 1630 4597 αἱ
1677 4545 1773 4614 μὲν

1921 4539 2121 4610 enique
2168 4539 2474 4609 passionem
2523 4540 2810 4594 humanam
2851 4555 2881 4593 a
2927 4543 3331 4600 resurrectione
3360 4547 3453 4600 de-

189 4645 472 4716 τεράστιοι
514 4644 770 4714 δυνάμεις
798 4642 925 4705 τοὺς
971 4639 1113 4694 κατά
1155 4638 1247 4692 τὸν
1279 4636 1465 4710 χρόνον
1503 4635 1598 4688 τοῦ
1644 4636 1778 4706 Χρι-

193 4734 328 4790 στοῦ
389 4731 714 4804 γενομένους
779 4727 1168 4802 προκαλεῖσθαι
1232 4725 1322 4778 ἐπὶ
1388 4722 1450 4776 τὸ
1501 4721 1776 4776 πιστεύειν

191 4828 483 4883 ἐδύναντο·
515 4825 614 4878 οὐκ
646 4823 848 4890 ἔσωζον
875 4822 932 4875 δὲ
961 4820 1024 4874 τὸ
1054 4816 1352 4891 έμφατικὸν
1384 4814 1520 4886 μετά
1552 4813 1776 4885 χρόνους

192 4919 473 4982 πλείονας,
508 4917 607 4988 ἤδη
651 4917 747 4971 καὶ
799 4914 997 4986 μύθους
1039 4908 1179 4965 εἶναι
1221 4907 1609 4980 ὑπονοηθείσας
1641 4905 1775 4976 (l8).

192 5014 390 5068 Πλεῖον
417 5011 526 5083 γάρ
551 5010 658 5064 τῶν
683 5008 803 5062 τότε
823 5005 1132 5077 γενομένων
1155 5002 1435 5072 δυνάμεων
1467 5000 1640 5070 ἰσχύει
1662 4996 1772 5068 (19)

193 5106 336 5178 πρὸς
380 5102 552 5158 πειθὼ
601 5105 634 5173 ὴ
677 5101 773 5155 νῦν
825 5095 1286 5166 συνεξεταζομένη
1344 5094 1463 5156 ταῖς
1513 5089 1772 5160 δυνάμεσι

191 5197 525 5270 προφητεία,
567 5193 823 5256 κάκείνας
858 5187 1198 5246 ἀπιστεῖσθαι
1227 5185 1333 5238 ὑπὸ
1376 5183 1482 5238 τῶν
1513 5179 1775 5254 ἐρευνῶν-

189 5306 304 5343 των
336 5287 505 5350 αὐτὰς
548 5286 850 5340 κωλύουσα.
890 5283 1044 5354 Τάχα
1079 5281 1136 5335 δὲ
1169 5279 1225 5332 αἱ
1257 5273 1589 5349 προφητικαὶ
1633 5289 1774 5344 μαρ-

191 5383 379 5455 τυρίαι
421 5383 482 5436 οὐ
536 5383 696 5454 μόνον
734 5377 1069 5452 κηρύσσουσι
1124 5371 1356 5446 Χριστὸν
1401 5368 1770 5440 ἐλευσόμενον,

263 5479 311 5512 ³³
333 5477 490 5535 Rom.
520 5494 596 5541 vt,
628 5478 685 5533 5.
761 5476 809 5508 ³⁸
831 5473 986 5530 Joan.
1015 5490 1055 5537 ι,
1087 5472 1141 5526 7.

267 5573 383 5645 (l5)
419 5570 655 5645 Καὶγδιᾲ
695 5566 897 5645 τοῦτοἶ
940 5565 1032 5645 Ita.
1057 5565 1228 5620 codex
1261 5560 1618 5626 Bodleianus;
1661 5556 1770 5611 (Re-

189 5635 398 5718 gitise't
428 5639 910 5718 Camerinum-{tat
942 5635 1121 5718 τοῦτο.
1182 5705 1224 5718 ﬁ
1263 5704 1278 5718 _
1357 5703 1391 5718 Α,

265 5713 377 5785 (16)
420 5714 542 5767 τῶν
565 5707 934 5785 ἑτεροδόξων
953 5706 1146 5785 farao.
1182 5704 1565 5785 Valentiniani.

263 5771 375 5855 (1Ὶῇ
410 5771 697 5854 Χριστοῧ.
730 5771 912 5855 Codex
953 5771 1296 5855 Qodleiantts,
1323 5771 1552 5855 ιςυρίου.

257 5838 376 5932 (ιεὶ
423 5838 914 5924 Ῠπονοηθείσας.
971 5838 1292 5920 Legendum
1348 5838 1728 5915 ὑπονοηθεῖσαι
1749 5873 1765 5903 ,

1884 4642 2174 4687 structam.
2192 4630 2331 4698 Quin
2359 4632 2462 4686 hoc
2480 4645 2693 4702 quoque
2722 4631 3170 4688 considerandum
3197 4644 3280 4690 est
3306 4639 3452 4707 quod

1882 4725 2202 4793 prodigiosa:
2231 4734 2287 4779 et
2326 4725 2656 4779 admiranda:
2683 4724 2959 4793 potentiae,
2989 4739 3082 4782 eos
3105 4727 3325 4796 quidem
3358 4729 3452 4798 qui

1883 4819 2094 4874 Domini
2140 4827 2302 4874 aetate
2352 4817 2726 4882 exstitissent,
2785 4817 3022 4872 invitare
3083 4829 3336 4889 poterant
3382 4822 3450 4877 ad

1881 4909 2235 4976 credendum,
2275 4917 2332 4963 at
2372 4922 2478 4962 non
2509 4918 2823 4962 servassent
2850 4917 2971 4978 post
2997 4909 3166 4964 multa
3207 4918 3449 4981 tempora

1882 5003 2188 5057 evidentem
2216 5000 2760 5065 demonstrationem,
2810 5015 2932 5054 cum
2971 5015 3049 5055 eae
3093 5016 3308 5072 quoque
3330 5003 3442 5074 jam

1882 5107 1980 5162 pro
2007 5092 2209 5148 fabulis
2236 5105 2376 5163 pene
2402 5091 2726 5146 habeantur.
2763 5089 2892 5146 Plus
2915 5093 3060 5147 enim
3092 5095 3351 5162 potentiis
3381 5111 3449 5151 ac

1885 5181 2162 5237 miraculis
2215 5182 2363 5236 illius
2413 5181 2673 5251 temporis
2713 5181 2886 5251 potuit
2917 5183 2982 5236 ad
3013 5185 3443 5250 persuadendum

1882 5273 2163 5344 prophetia
2185 5312 2200 5338 ,
2234 5287 2356 5344 qua:
2384 5287 2527 5328 nunc
2554 5287 2675 5328 cum
2704 5273 2967 5343 potentiis
3012 5274 3144 5344 ipsis
3185 5284 3240 5330 et
3275 5277 3446 5331 mira-

1879 5366 2016 5423 culis
2061 5367 2383 5439 expenditur
2420 5375 2476 5422 et
2513 5375 2885 5436 comparatur,
2942 5365 3275 5423 conﬁrmans
3318 5384 3446 5439 pro-

1880 5568 2006 5608 nam
2043 5550 2094 5606 id
2137 5549 2381 5623 postulat
2434 5549 2800 5623 grammaticae
2843 5551 3002 5617 ratio,
3048 5566 3212 5623 quam
3259 5559 3440 5607 tamen

1882 5623 2101 5690 negligit
2133 5620 2420 5689 aliquando
2453 5620 2734 5690 Origenes.
3065 5620 3081 5623 ⁷
3181 5672 3185 5677 .

1980 5692 2349 5764 19)ί’1σχπξει.
2385 5691 2478 5747 Sic
2523 5691 2691 5750 codex
2731 5691 3087 5760 Bodleianus;
3133 5691 3335 5764 Regius
3387 5707 3442 5750 et

1875 5761 2226 5832 Barberinus,
2256 5761 2416 5834 ῐσχει.
