3766 6142
338 371 443 428 175

1782 347 2108 407 ΟΜΟΕΝΙΒ

3487 341 3587 399 176

335 492 532 562 phetiae
564 486 930 556 indagatorcs,
972 486 1032 535 ut
1064 476 1225 533 ﬁdem
1252 475 1485 530 habeant
1520 470 1630 527 illis
1652 469 1912 541 potentiis

2112 464 2137 519 ὲ
2202 460 2348 517 τοῦθ’
2412 462 2561 533 ἡμᾶς
2628 460 2982 524 διδάσκουσι,
3045 459 3140 511 καὶ
3200 458 3327 512 ἄλλο
3405 460 3586 524 οὐδὲν,

338 560 661 652 prodigiosis
687 585 742 630 et
771 571 1123 628 admirandis.
1147 567 1405 623 Fortasse
1425 578 1557 619 vero
1591 560 1910 631 prophetica

337 672 645 731 testimonia
679 684 788 724 non
826 674 1037 723 tantum
1073 660 1375 733 praedicant
1408 656 1689 719 Christum
1722 662 1913 708 ventu-

337 780 480 829 rum,
530 764 633 818 hoc
679 775 780 816 nos
857 760 1142 818 docentes,
1194 762 1252 808 et
1285 750 1424 806 nihil
1468 757 1771 819 praeterea,
1816 747 1912 802 sed

338 856 564 912 multam
595 851 944 921 theologiam,
973 855 1030 902 et
1057 842 1330 914 quomodo
1365 854 1485 897 sese
1522 839 1725 893 habeat
1752 838 1915 892 Pater

340 950 405 1003 ad
430 947 653 1007 Filium.
698 943 982 1011 Filiusque
1015 938 1083 993 ad
1106 936 1328 992 Patrem
1349 975 1365 1000 ,
1393 933 1604 989 discere
1645 930 1773 985 licet
1805 944 1911 984 non

337 1044 519 1098 minus
568 1054 636 1096 ex
666 1038 754 1093 his
783 1049 904 1106 qua:
957 1034 1236 1105 propheta
1263 1031 1330 1085 de
1362 1029 1483 1098 ipso
1516 1025 1916 1081 annuntiarunt

339 1148 503 1206 quam
527 1133 597 1187 ab
627 1127 890 1201 apostolis
912 1121 1381 1196 magniﬁcentiam
1413 1117 1539 1173 Filii
1571 1118 1667 1173 Dei
1692 1130 1917 1171 narran-

340 1228 508 1282 tibus.
543 1223 661 1279 Jam
694 1235 826 1276 vero
858 1219 1024 1285 etiam
1057 1215 1152 1286 qui
1190 1229 1359 1269 ausus
1390 1211 1581 1274 fuerit,
1613 1211 1723 1265 tale
1749 1208 1915 1278 quid-
1950 1215 1959 1225 ‘

340 1322 464 1373 dam
488 1322 669 1389 potest
697 1324 900 1386 praeter
939 1314 1056 1367 haec
1083 1311 1299 1376 dicere,
1340 1321 1537 1378 nempe
1565 1305 1779 1375 aliquos
1801 1300 1919 1372 88

336 1412 540 1468 Christi
582 1410 863 1483 μάρτυρας
897 1406 1025 1479 [hoc
1063 1413 1147 1458 est
1189 1399 1406 1473 testes],
1457 1414 1525 1455 eo
1566 1396 1711 1470 quod
1760 1394 1919 1450 testi-

342 1509 575 1565 licentnr
606 1508 669 1562 de
701 1503 819 1568 illo,
863 1504 1072 1558 honore
1110 1498 1415 1564 ltonestari,
1456 1496 1542 1551 cui
1570 1504 1750 1548 tamen
1782 1489 1919 1545 nihil

344 1614 566 1670 prorsus
601 1595 981 1670 gratificentur
1012 1600 1235 1662 propter
1263 1591 1437 1660 ipsam
1475 1583 1918 1642 testiﬁcationem

341 1691 407 1747 de
448 1689 588 1744 Filio
633 1687 751 1751 Dei,
803 1694 863 1739 ut
924 1697 1119 1738 omnes
1168 1681 1371 1736 fassuri
1417 1685 1544 1733 sunt
1599 1677 1669 1730 de
1709 1672 1796 1728 his
1824 1670 1918 1740 qui

344 1782 564 1853 proprie
589 1779 791 1836 Christi
827 1776 1182 1832 nominantur
1206 1780 1498 1841 martyres.
1529 1766 1667 1836 Quid
1717 1764 1918 1853 mirum

342 1837 510 1944 igitur
540 1871 583 1927 si
607 1866 1066 1939 quemadmodum
1104 1862 1258 1917 multi
1284 1837 1488 1917 Christi
1543 1856 1791 1929 germani
1833 1852 1918 1906 di-
1949 1837 1992 1893 Β

341 1964 531 2034 scipuli
565 1960 909 2017 cohonestati
973 1958 1160 2022 luere,
1200 1953 1445 2023 eo-qnod
1476 1958 1663 2006 essent
1711 1946 1916 2003 Christi

344 2055 644 2125 μάρτυρες,
675 2052 747 2106 ita
787 2049 953 2104 etiam
1000 2048 1281 2117 prophetat
1307 2053 1669 2117 agnoscentes
1717 2042 1916 2112 ipsum,

342 2146 397 2200 id
438 2141 682 2198 muneris
712 2155 743 2194 a
786 2140 897 2194 Deo
935 2136 1252 2207 acceperint
1280 2145 1340 2189 ut
1371 2150 1495 2189 eum
1527 2133 1914 2204 praecinerent,

345 2236 606 2290 docentes
640 2245 745 2285 non
778 2228 951 2283 solum
992 2226 1120 2296 quid
1162 2224 1267 2280 illis
1294 2226 1383 2294 qui
1416 2235 1538 2293 post
1570 2223 1770 2278 Christi
1823 2221 1920 2275 ad-

345 2335 565 2380 ventum
598 2321 765 2376 futuri
798 2329 957 2374 erant
985 2317 1328 2373 sentiendum
1360 2315 1503 2371 foret
1533 2316 1600 2369 tle
1631 2313 1770 2368 Filio
1802 2313 1918 2380 Dei,

342 2433 534 2473 verum
578 2416 742 2471 etiam
793 2413 922 2484 quid
979 2411 1086 2466 illis
1134 2409 1229 2479 qui
1279 2407 1654 2478 superioribus
1700 2405 1920 2461 saeculis

346 2509 537 2565 erant?
566 2505 1032 2576 Quemadmodum
1065 2503 1211 2558 enim
1234 2504 1363 2571 «qui
1399 2517 1505 2556 non
1537 2501 1759 2571 agnovit
1780 2514 1922 2554 nunc

347 2601 568 2666 Filium,
601 2612 779 2669 neque
808 2597 1023 2652 Patrem
1056 2596 1224 2650 habet
1253 2594 1324 2661 ⁸⁸,
1361 2613 1381 2647 ι
1412 2594 1492 2649 sic
1527 2596 1693 2649 etiam
1725 2593 1793 2647 de
1828 2607 1922 2647 su-

347 2693 658 2750 perioribus
683 2689 900 2746 sacculis
923 2687 1382 2744 considerandum
1414 2694 1519 2741 est.
1557 2684 1921 2751 Quamobrem

355 2806 373 2839 ι
410 2785 683 2840 Abraham
720 2779 1040 2844 exsultavit,
1084 2787 1145 2833 ut
1180 2779 1392 2833 videret
1431 2779 1571 2833 diem
1602 2777 1825 2842 Christi,
1867 2786 1925 2833 et

347 2878 506 2943 vidit,
529 2887 583 2931 et
614 2876 835 2946 gavisus
862 2883 948 2927 est
970 2873 1038 2928 ³⁸.
1064 2892 1082 2924 ι
1109 2872 1350 2927 Chorum
1375 2885 1505 2941 ergo
1533 2871 1921 2939 prophetarqu

350 2972 585 3024 maxima
616 2966 928 3035 vnltgratia
954 2965 1190 3034 privare,
1222 2963 1473 3033 quisquis
1507 2962 1742 3016 noluerit
1761 2975 1924 3029 opor-

354 3077 471 3118 lere
515 3076 610 3116 eos
638 3062 705 3113 de
736 3058 957 3113 ChriSto
989 3057 1203 3110 testari.
1235 3055 1376 3122 Quid
1418 3055 1564 3108 enim
1595 3053 1743 3107 aliud
1773 3067 1926 3122 aeque

2017 557 2153 613 ἀλλὰ
2185 555 2298 628 (20)
2343 555 2542 627 πολλὴν
2580 552 2880 623 θεολογίαν,
2909 552 3092 623 σχέσιν
3121 570 3180 606 τε
3209 552 3419 624 Πατρὺς
3460 555 3590 626 πρὸς

2016 651 2165 714 Υἱὸν,
2193 649 2290 704 καὶ
2319 648 2450 703 Υἱοῦ
2478 648 2615 720 πρὸς
2655 648 2876 719 Πατέρα
2901 648 3018 701 ἐστι
3049 647 3263 719 μαθεῖν,
3309 648 3410 702 οὐκ
3451 649 3592 705 ἔλατο

2013 761 2105 798 τον
2136 742 2247 797 ἀπὺ
2272 740 2383 796 τῶν
2412 739 2707 813 προφητῶν
2732 740 2800 793 δι’
2820 733 2897 794 ὧν
2938 739 3337 809 ἀπαγγέλλουσι
3365 740 3435 793 τὰ
3468 744 3593 816 περὶ

2014 837 2201 902 αὐτοῦ,
2232 836 2266 908 ἢ
2307 835 2416 890 ἀπὸ
2456 834 2565 889 τῶν
2609 833 2921 888 ἀποστόλων
2959 833 3331 905 διηγουμένων
3361 835 3461 906 τὴν
3507 852 3595 906 με-

2014 929 2342 998 γαλειότητα
2370 925 2466 980 τοῦ
2498 923 2629 978 Υἱοῦ
2668 925 2763 978 τοῦ
2806 924 2965 980 Θεοῦ.
2995 927 3118 980 Ἔτι
3160 926 3271 997 (21)
3307 926 3363 980 δὲ
3402 926 3597 999 τολμή-

2018 1040 2187 1077 σαντα
2220 1024 2313 1077 καὶ
2344 1021 2514 1093 χωρὶς
2547 1019 2753 1074 τούτων
2784 1019 3026 1074 τοιοῦτόν
3052 1038 3105 1074 τι
3140 1021 3335 1084 εἰπεῖν,
3369 1022 3450 1075 ὅτι
3494 1022 3597 1075 είσὶ

2020 1114 2260 1186 Χριστοῦ
2303 1114 2581 1186 μάρτυρες
2620 1112 2699 1184 τῷ
2760 1116 3055 1184 μαρτυρεῖν
3118 1114 3246 1185 περὶ
3299 1114 3463 1168 αὑτοῦ
3511 1131 3596 1168 κο-

2021 1206 2344 1277 σμούμενοι,
2370 1205 2466 1260 καὶ
2489 1205 2552 1258 οὐ
2577 1206 2796 1268 πάντως
2831 1205 3024 1277 ἐκείνῳ
3066 1224 3119 1259 τι
3146 1205 3235 1259 διὰ
3269 1205 3364 1260 τοῦ
3405 1223 3602 1278 μαρτυο

2022 1304 2133 1373 ρεῖν
2181 1302 2311 1374 περὶ¹
2353 1300 2451 1353 τοῦ
2484 1298 2617 1353 Υἱοῦ
2665 1298 2760 1354 τοῦ
2805 1298 2942 1353 Θεοῦ
2988 1298 3498 1372 καταχαριζόμενοι,
3528 1300 3601 1364 ὡς

2017 1393 2411 1465 ὁμολογήσαιεν
2465 1390 2533 1445 ἂν
2579 1391 2781 1454 πάντες
2828 1392 2960 1464 περὶ
2998 1391 3107 1444 τῶν
3157 1391 3303 1456 ίδίως
3342 1389 3604 1463 ὀνομαζο-

2024 1485 2201 1556 μένων
2263 1483 2555 1556 μαρτύρων
2596 1482 2857 1556 Χριστοῦ.
2905 1483 2971 1536 Τί
3014 1479 3109 1537 οὖν
3160 1482 3494 1555 θαυμαστὸν,
3527 1484 3604 1549 εί,

2018 1577 2209 1649 ὥσπερ
2260 1575 2651 1648 ὲκοσμήθησαν
2696 1575 2775 1648 τῷ
2837 1575 3114 1650 μάρτυρες
3168 1573 3308 1631 εἷναι
3368 1576 3603 1650 Χριστώ

2021 1672 2206 1726 πολλοὶ
2252 1669 2363 1726 τῶν
2410 1670 2649 1742 γνησίων
2712 1670 2953 1743 Χριστοῦ
3007 1671 3287 1743 μαθητῶν,
3339 1671 3514 1736 οὕτως
3555 1670 3607 1724 οί

2022 1766 2299 1836 προφῆται
2353 1762 2415 1815 τὸ
2477 1761 2941 1833 προκαταγγεῖλαι
2997 1761 3261 1833 Χριστὸν,
3318 1762 3608 1832 νοήσαντες

2027 1858 2215 1922 αὐτὸν,
2241 1856 2415 1930 δῶρον
2443 1857 2549 1910 ὑπὸ
2570 1855 2707 1910 Θεοῦ
2742 1855 3022 1927 εἰλήφασι,
3047 1854 3392 1919 διδάσκοντες
3418 1854 3481 1908 οὐ
3515 1853 3609 1925 μό-

2021 1966 2109 2003 νον
2137 1949 2267 2013 τοὺς
2298 1948 2438 2020 μετὰ
2464 1950 2564 2021 τὴν
2592 1947 2831 2021 Χριστοῦ
2877 1947 3173 2020 ἐπιδημίαν
3199 1948 3237 2002 ἃ
3270 1947 3353 2002 δεῖ
3393 1949 3609 2020 φρονεῖν

2022 2043 2151 2115 περὶ
2180 2042 2275 2097 τοῦ
2302 2041 2434 2096 Υίοῦ
2457 2041 2552 2095 τοῦ
2590 2041 2750 2105 Θεοῦ,
2779 2040 2915 2094 ἀλλὰ.
2956 2041 3053 2095 καὶ
3083 2040 3212 2104 τοὺς
3230 2040 3289 2094 ὲν
3316 2040 3609 2112 προτέραις

2022 2137 2246 2191 ἐκείνων
2269 2138 2519 2206 γενεαῖς;
2548 2135 2757 2206 ’Ὠσπερ
2791 2153 2813 2187 ι
2850 2134 2879 2188 6
2929 2134 3003 2207 μὴ
3047 2132 3308 2204 ἐγνωκὼς
3351 2134 3445 2187 τὸν
3484 2133 3611 2188 Υἱὸν

2021 2229 2136 2296 νῦν,
2159 2230 2278 2285 οὐδὲ
2304 2230 2395 2283 τὸν
2421 2229 2640 2302 Πατέρα
2671 2229 2805 2300 ἔχει,
2835 2247 2855 2281 ι
2881 2226 3024 2281 οὓτω
3059 2227 3157 2281 καὶ
3191 2227 3461 2300 πρότερον
3491 2243 3613 2297 νοη-

2021 2325 2163 2379 τέον.
2204 2323 2405 2395 Διόπερ
2432 2342 2451 2374 ι
2493 2322 2744 2397 ’Λϐραάμ
2795 2318 3188 2391 ⁴ἠγαλλιάσατο,
3241 2320 3330 2375 ἵνα
3387 2320 3474 2393 ῑδῃ
3514 2320 3611 2391 τὴν

2029 2437 2048 2470 t
2074 2418 2288 2490 ἡμέραν
2308 2437 2327 2470 ι
2361 2416 2620 2489 Χριστοῦ,
2645 2435 2663 2468 t
2687 2416 2781 2470 καὶ
2815 2411 2943 2480 εἶδε,
2974 2416 3070 2470 καὶ
3097 2414 3325 2487 ἐχάρη.»
3363 2414 3614 2468 Ἀποστε-

2026 2512 2139 2580 ρείν
2169 2511 2349 2564 τοίνυν
2396 2508 2643 2579 βούλεται
2672 2508 2764 2561 τὸν
2796 2508 2956 2579 χορὸν
2988 2507 3098 2561 τῶν
3130 2507 3428 2579 προφητῶν
3454 2506 3612 2579 χάριν

2021 2603 2121 2675 τὴν
2150 2603 2413 2674 μεγίστην
2438 2604 2468 2655 6
2493 2600 2814 2673 βουλόμενος
2836 2601 3034 2665 αὐτοὺς
3065 2601 3141 2673 μὴ
3174 2601 3284 2655 δεῖν
3316 2602 3616 2674 μαρτυρεῖν

2025 2697 2153 2768 περὶ
2201 2694 2469 2768 Χριστοῦ·
2517 2694 2571 2748 τί
2627 2696 2737 2767 γὰρ
2774 2693 2842 2748 ἂν
2894 2696 2990 2749 καὶ
3034 2697 3069 2768 ἠ
3113 2688 3422 2768 προφητεία
3467 2699 3503 2768 ή
3555 2694 3615 2761 ἐξ

2026 2789 2313 2854 ἐπιπνοίας
2373 2788 2531 2858 ἁγίου
2597 2787 2919 2857 Πνεύματος
2976 2783 3092 2860 εἶχε
3157 2787 3504 2861 τηλικοῦτον,
3566 2790 3615 2842 εί

2026 2881 2337 2954 ὐπεξῄρητο
2381 2881 2550 2952 αὐτῆς
2591 2882 2662 2935 τὰ
2710 2881 2840 2952 περὶ
2880 2880 2979 2951 τῆς
3023 2881 3231 2954 Κυρίου
3266 2880 3426 2953 ἡμῶν
3471 2883 3615 2935 οίκο-

2026 2974 2248 3044 νομίας;
2289 2973 2376 3036 Ὠς
2419 2971 2530 3044 γὰρ
2576 2974 2610 3043 ἡ
2654 2972 2935 3026 θεοσέϐεια
2989 2973 3325 3046 κεκόσμηται
3376 2973 3490 3026 τῶν
3530 2974 3617 3028 διὰ

2032 3065 2249 3137 μεσίτου
2274 3066 2370 3120 καὶ
2406 3064 2710 3137 ἀρχιερέως
2743 3065 2838 3118 καὶ
2870 3066 3228 3138 Παρακλήτου
3262 3066 3359 3121 καὶ
3389 3068 3616 3135 ἐπιστη-

353 3155 630 3210 escellens
664 3151 893 3206 habebit
920 3148 1207 3220 prophetia
1250 3163 1318 3201 ex
1364 3147 1721 3216 inspiratione
1753 3145 1922 3215 Spiri-

2112 3157 2274 3221 νικῶς
2325 3157 2780 3228 προσερχομένων
2832 3156 2912 3228 τῷ
2966 3157 3075 3211 τῶν
3124 3157 3259 3212 ὅλων
3305 3157 3448 3229 Θεῷ,
3484 3158 3619 3212 m-

352 3258 440 3303 ‘us
490 3248 690 3310 sancti,
725 3247 770 3298 si
827 3242 897 3298 ab
942 3257 1006 3296 ea
1055 3241 1416 3295 detrahantur
1463 3254 1585 3309 qua
1613 3239 1681 3293 ad
1715 3237 1928 3293 Domini

354 3342 525 3397 nostri
559 3337 1022 3408 dispensationem
1050 3332 1321 3387 attinent?
1356 3331 1428 3387 Ut
1455 3336 1602 3387 enim
1628 3346 1814 3386 eorum
1838 3332 1932 3400 qui

353 3435 532 3506 perite
584 3434 652 3487 ad
709 3431 874 3485 Deum
926 3428 1308 3483 universorum
1351 3441 1449 3497 per
1493 3427 1848 3481 mediatorem
1876 3435 1933 3481 et

352 3541 625 3583 summum
678 3525 1017 3582 sacerdotem
1068 3534 1125 3578 et
1173 3521 1518 3577 Paracletum
1568 3519 1930 3585 accesserint,

354 3625 527 3694 pietas
574 3624 714 3679 bene
756 3622 1010 3676 ordinata
1046 3628 1153 3684 est,
1185 3615 1526 3673 deelinatura
1562 3614 1791 3683 alioqui,
1824 3612 1932 3667 nisi

354 3733 450 3789 per
498 3716 703 3771 ostium
747 3716 873 3784 quis
920 3714 1200 3783 ingressus
1242 3709 1411 3765 fuerit
1457 3708 1525 3763 ad
1574 3706 1815 3770 Patrem,
1853 3706 1935 3762 sic

353 3811 520 3865 etiam
558 3807 738 3863 cultus
770 3807 1123 3876 antiquorum
1163 3810 1380 3873 patrum
1428 3801 1666 3865 divinus,
1700 3808 1812 3854 tum
1847 3799 1935 3854 in-

358 3903 677 3972 telligentia,
707 3911 819 3955 tum
852 3900 977 3964 (ide,
1007 3908 1119 3953 tum
1145 3897 1381 3966 denique
1413 3894 1618 3950 Christi
1646 3902 1933 3964 exspecta-

357 3998 508 4051 tione
535 4010 694 4050 sacer
722 4002 844 4048 erat
873 4005 928 4047 et
958 3991 1096 4061 apud
1119 3990 1289 4044 Deum
1321 3988 1559 4043 charos:
1589 3986 1934 4058 quandoqui-

359 4089 482 4143 dem
515 4086 932 4141 observavimus
953 4084 1117 4137 etiant
1151 4083 1320 4138 Deum
1361 4096 1420 4135 se
1454 4079 1712 4152 μάρτυρα
1748 4079 1930 4146 fateri,

358 4184 655 4237 obsecrans
685 4191 876 4232 omnes
908 4184 968 4230 ut
996 4175 1232 4243 idipsum
1257 4176 1323 4229 de
1338 4175 1554 4230 Christo
1576 4174 1742 4229 etiam
1768 4188 1937 4229 enun-

360 4276 497 4331 tient
536 4295 546 4328 :
585 4285 780 4339 nempe
808 4278 867 4322 ιιι
897 4269 1006 4323 sint
1026 4267 1111 4321 sui
1141 4276 1198 4321 et
1223 4266 1422 4322 Christi
1450 4269 1775 4332 imitatores,
1808 4267 1934 4322 dum

362 4362 728 4422 testimonium
781 4361 850 4414 de
881 4374 946 4414 eo
981 4357 1227 4428 praebent
1267 4357 1468 4428 quibus
1524 4360 1811 4416 testatione
1852 4368 1938 4416 est

358 4473 528 4529 opus;
560 4450 737 4525 inquit
760 4453 905 4509 enim
936 4468 991 4507 ιι
1025 4452 1217 4508 Estote
1245 4452 1378 4507 mihi
1411 4461 1617 4518 testes;
1646 4463 1702 4508 et
1730 4467 1834 4524 ego
1860 4464 1939 4509 te-

2035 3250 2205 3316 ζουσα
2247 3250 2314 3305 ἂν
2346 3253 2395 3304 εί
2426 3251 2502 3323 μὴ
2545 3251 2635 3306 διὰ
2678 3251 2779 3323 τῆς
2825 3251 2996 3325 θύρας
3022 3261 3128 3316 ’τις
3162 3252 3305 3326 εἰσίῃ
3334 3252 3489 3329 ,πρὸς
3528 3251 3621 3307 τδν

2035 3342 2273 3415 Πατέρα’
2308 3342 2484 3407 οὕτως
2507 3343 2605 3396 καὶ
2633 3345 2668 3413 ἡ
2690 3342 2803 3397 τῶν
2838 3343 3006 3398 πάλαι
3033 3342 3311 3396 θεοσέϐεια
3340 3346 3410 3415 τῇ
3439 3343 3622 3414 νοήσει

2034 3435 2129 3489 καὶ
2162 3435 2341 3489 πίστει
2374 3437 2469 3489 καὶ
2492 3436 2791 3508 προσδοκίᾳ
2818 3434 3056 3504 Χριστοῦ
3085 3436 3205 3508 ίερά
3226 3431 3317 3508 ἦν,
3350 3437 3451 3490 καὶ
3470 3435 3621 3508 παρὰ

2034 3528 2153 3600 Θεῷ
2174 3528 2465 3600 ἀποδεκτή’
2487 3530 2611 3583 ἐπεὶ
2629 3531 3043 3602 τετηρήκαμεν,
3070 3529 3154 3583 ὃτι
3180 3531 3211 3583 6
3237 3529 3371 3593 Θεὸς
3409 3529 3620 3601 μάρτυς

2035 3616 2175 3676 εἶναι
2215 3620 2488 3692 ὁμολογεῖ,
2521 3621 2616 3675 καὶ
2647 3620 2898 3694 περὶτοῦ
2932 3619 3171 3692 Χριστοῦ
3212 3620 3275 3674 τὸ
3322 3622 3459 3675 αὐτὸ
3490 3622 3622 3676 ἀπο-

2036 3715 2323 3785 φαίνεσθαι
2340 3715 2549 3778 πάντας
2566 3714 2659 3768 ἐπὶ
2685 3715 2748 3769 τὸ
2773 3713 3017 3786 μιμητὰς
3042 3715 3239 3779 αὐτοὺς
3253 3714 3389 3786 (21⁸)
3415 3712 3620 3769 καὶτοῦ

2035 3810 2081 3862 Χ
2089 3809 2272 3881 ριστοῦ
2284 3807 2538 3878 γενέσθαι
2550 3808 2901 3881 παρακαλῶν,
2916 3809 3057 3864 κατά
3068 3808 3130 3863 τὺ
3146 3826 3182 3880 μ
3190 3809 3444 3880 αρτυρεῖν
3456 3805 3621 3862 αὐτοῦ

2034 3894 2116 3965 οἷς
2136 3900 2242 3973 χρὴ
2271 3902 2566 3972 μαρτυρεῖν
2582 3916 2594 3930 ⁸
2615 3901 2749 3972 φησὶ
2770 3902 2896 3973 γάρ·
2920 3919 2938 3952 ι
2964 3901 3191 3955 Γένεσθέ
3217 3915 3306 3971 μοι
3325 3899 3622 3971 μάρτυρες,

2036 3994 2193 4063 κάγὼ
2218 3993 2448 4066 μάρτυς,
2477 3993 2625 4062 λέγει
2650 3993 2853 4064 Κύριος
2873 3995 2902 4047 6
2920 3992 3079 4058 Θεόςο
3101 3994 3196 4046 καὶ
3239 3994 3269 4045 6
3292 3996 3423 4057 παῖς
3442 4011 3546 4064 μου
3565 3993 3624 4045 ὃν

2036 4084 2389 4157 ἐξελεξάμην.
2405 4086 2548 4148 »Πᾶς
2566 4085 2623 4138 δὲ
2643 4084 2671 4137 ό
2695 4083 2990 4156 μαρτυρῶν
3008 4082 3119 4154 (22)
3144 4087 3209 4156 τῇ
3231 4084 3483 4156 ἀληθείᾳ,
3515 4084 3624 4137 εἴτε

2036 4177 2214 4247 λόγοις
2237 4180 2346 4233 εἴτε
2370 4177 2574 4250 ἔργοις,
2599 4179 2709 4232 εἴτε
2734 4179 2882 4239 ὅπως
2912 4178 3043 4231 ποτὲ
3069 4178 3239 4250 ταύτῃ
3279 4179 3623 4250 παριστάμε-

2037 4289 2125 4336 νος
2147 4312 2162 4336 ,
2212 4272 2422 4344 μάρτυς
2456 4271 2696 4341 εὐλόγως
2739 4272 2806 4326 ἂν
2844 4270 3206 4344 χρηματίζοιο
3242 4271 3358 4324 ἀλλ’
3392 4272 3494 4343 ήδη
3530 4287 3623 4324 κυ-

2040 4367 2173 4439 ρίως
2196 4365 2308 4438 (25)
2326 4365 2387 4419 τὸ
2409 4366 2508 4437 τῆς
2534 4365 2894 4437 ἀδελφότητος
2928 4365 3069 4431 ἔθος,
3103 4365 3474 4434 ἐκπλαγέντες
3508 4366 3621 4420 διὰ-

2038 4458 2190 4511 θεσιν
2231 4456 2340 4511 τῶν
2388 4457 2495 4521 ἕως
2547 4457 2776 4512 θανάτου
2819 4459 3246 4531 ἀγωνισαμένων
3297 4460 3439 4532 ὑπὲρ
3488 4460 3622 4531 ἀλη-

359 4553 482 4616 stis,
528 4550 660 4604 dicit
685 4547 946 4601 Dominus
976 4546 1134 4613 Deus,
1176 4554 1233 4600 et
1263 4559 1451 4600 servus
1475 4559 1637 4615 quem
1666 4546 1802 4616 elegi
1830 4547 1929 4601 ἰ.»

2112 4548 2194 4611 ίας
2242 4549 2277 4619 ἢ
2327 4548 2610 4620 ἀνδρείας,
2663 4551 2869 4622 κυρίως
2909 4552 3103 4622 μόνους
3154 4551 3437 4624 μάρτυρας
3486 4552 3620 4605 ῶνόο

361 4640 623 4710 Quisquis
645 4645 821 4691 autem
860 4635 1188 4691 testiﬁcatur
1223 4635 1294 4689 de
1317 4635 1567 4702 veritate,
1596 4645 1709 4688 tum
1750 4636 1936 4691 verbis

367 4745 480 4789 tum
527 4728 808 4801 operibus,
845 4728 1342 4798 quomodocunque
1373 4726 1569 4782 favens
1599 4727 1697 4794 illi,
1740 4728 1786 4784 is
1811 4728 1938 4798 jure

363 4825 522 4881 testis
559 4825 821 4880 dicendus
864 4832 980 4888 est;
1018 4822 1113 4877 sed
1150 4822 1262 4890 iam
1302 4819 1522 4890 proprie
1562 4821 1700 4890 apud
1738 4821 1937 4877 fratres

363 4933 550 4976 eorum
573 4916 770 4973 all‘ectu
795 4916 1101 4988 perculsos,
1141 4915 1233 4984 qui
1260 4915 1326 4969 ad
1359 4922 1592 4969 mortem
1623 4928 1798 4985 usque
1826 4929 1936 4983 pro

363 5014 600 5069 veritate
628 5018 682 5066 et
708 5010 1025 5065 fortitudine
1048 5009 1394 5064 decertarunt
1416 5047 1432 5072 ,
1480 5008 1817 5064 consuetudo
1854 5009 1938 5062 in-

363 5108 533 5165 valuit
555 5115 620 5162 ut
642 5105 785 5160 solos
811 5118 905 5158 eos
928 5110 1200 5171 martyres
1233 5098 1583 5168 appellarent,
1608 5100 1697 5169 qui
1721 5099 1941 5170 sangui-

434 5204 481 5238 ²⁹
506 5203 525 5259 1
550 5202 704 5259 Joan.
740 5220 802 5268 tt,
831 5200 926 5255 25.
987 5198 1031 5229 ³ο
1054 5197 1210 5253 Joan.
1236 5213 1356 5263 vm,
1378 5196 1468 5253 56.
1533 5197 1575 5228 "
1607 5198 1712 5253 lsa.
1744 5213 1900 5266 sunt,
1928 5200 2017 5256 10.

435 5324 549 5399 (20)
579 5322 695 5399 _Kal
742 5320 899 5399 άλλο
944 5315 1144 5383 οὐδὲν,
1196 5315 1387 5382 ἀλλά,
1416 5327 1523 5372 etc.
1568 5315 1703 5372 Cod.
1742 5315 1943 5387 Regius

364 5391 471 5453 non
505 5391 668 5449 liabet
703 5391 875 5445 οὐδέν.
941 5400 948 5408 ’
1628 5454 1635 5455 7

441 5466 554 5537 (ει)
598 5465 739 5537 Ἔτι.
777 5459 1086 5537 Legendnm
1125 5457 1302 5537 :Ec’tt.
1642 5536 1649 5537 ί
1687 5522 1694 5531 ,

438 5526 576 5605 (21³)
628 5534 790 5605 Forte
837 5526 942 5598 leg.
994 5526 1179 5593 αὐτοῦ,
1228 5540 1284 5584 et
1339 5543 1481 5593 mox,
1532 5536 1655 5598 post
1687 5526 1940 5600 ’δμαρτυ-

362 5608 515 5678 ρεῖις,
534 5604 754 5678 αὐτούς.
774 5605 957 5678 ΑΕΟΙῘΓ.

442 5676 553 5745 (‘22)
590 5667 722 5742 Πᾶς
762 5673 831 5727 δὲ
879 5676 910 5726 ό
952 5668 1290 5745 μᾳρτυρῷν,
1331 5678 1437 5723 etc.
1486 5667 1598 5745 liae
1644 5673 1937 5745 notatione

371 5740 702 5798 vocabulum
725 5757 926 5814 martyr
954 5740 996 5814 Et
1021 5742 1354 5796 Tertulliano
1399 5749 1452 5795 et
1494 5740 1764 5814 Cypriane
1822 5742 1935 5798 fre-

374 5823 601 5884 quenter
632 5811 943 5882 usurpatur.
973 5812 1269 5869 Donatista:
1305 5824 1436 5865 vero
1467 5811 1754 5868 violentam
1793 5829 1936 5869 mor-

2046 4657 2225 4712 μασαν
2268 4641 2396 4705 τοὺς
2427 4645 2495 4714 τῇ
2526 4642 2748 4714 ὲκχύσει
2779 4642 2873 4696 τοῦ
2914 4645 3123 4697 ἑαυτῶν
3151 4645 3382 4715 αἵματος
3415 4663 3624 4716 μαρτυ-

2045 4734 2320 4804 ρήσαντας
2363 4733 2442 4806 τῷ
2489 4735 2588 4807 τῆς
2642 4735 2950 4800 θεοσεϐείας
3006 4737 3321 4809 μυστηρίῳ’
3371 4738 3470 4791 τοῦ
3517 4739 3625 4792 Σω-

2042 4827 2206 4898 τῆρος
2248 4828 2425 4882 πάντα
2455 4830 2546 4883 τὸν
2583 4829 2962 4903 μαρτυροῦντα
2991 4833 3104 4895 τοῖς
3128 4834 3257 4904 περὶ
3291 4832 3459 4886 αὐτοῦ
3494 4849 3625 4886 κατ-

2040 4920 2491 4992 αγγελλομένοις,
2541 4927 2824 4996 μάρτυρας
2877 4925 3234 4996 ὀνομάζοντος
3257 4943 3272 4956 ο
3321 4927 3458 4998 φησὶ
3495 4928 3625 4998 γοῦν

2042 5012 2558 5085 ἀντιλαμϐανόμενος
2608 5020 2721 5080 τοῖς
2784 5017 3103 5082 ἀποστόλοις
3128 5035 3141 5047 ·
3195 5038 3214 5070 ι
3245 5018 3476 5074 Ἔσεσθέ
3526 5038 3625 5092 μου

2045 5108 2324 5183 μάρτυρες
2365 5111 2422 5165 ἐν
2451 5129 2511 5165 τε
2548 5114 2933 5187 Ἰερουσαλὴμ,
2965 5117 3059 5169 καὶ
3102 5119 3161 5171 ὲν
3199 5114 3349 5190 πάσῃ
3388 5122 3460 5191 τῇ
3502 5119 3629 5173 ’1ου-

2053 5330 2160 5376 tem
2218 5339 2281 5378 ac
2343 5321 2721 5398 voluntariam
2766 5327 3081 5398 martyrium
3131 5329 3521 5398 appellabant;
3568 5342 3623 5389 et
3647 5334 3673 5357 "

2050 5401 2340 5473 postquam
2372 5394 2624 5473 saginati
2641 5396 2725 5448 vel
2758 5397 2861 5451 sibi
2907 5394 3053 5473 latus
3099 5394 3230 5454 ense
3260 5394 3623 5473 Aperi-gerant,

2049 5465 2133 5516 vel
2170 5464 2362 5545 laqueo
2390 5465 2567 5531 gulam
2597 5464 2900 5535 fregerant,
2928 5471 3014 5545 vel
3038 5484 3098 5523 se
3125 5484 3189 5523 ex
3222 5464 3336 5527 alio
3359 5464 3618 5527 deorsum

2049 5541 2550 5614 praecipitaverant,
2583 5544 2694 5614 l_n_nt
2731 5552 2861 5614 vero
2912 5541 3018 5614 sibi
3056 5555 3318 5596 coronam
3367 5545 3621 5614 martyrii

2050 5605 2359 5673 impositum
2400 5605 2465 5658 iri
2524 5606 2949 5663 arbitrabantur.
2994 5611 3201 5665 Auctor
3245 5623 3328 5667 est
3369 5605 3621 5669 Tlteo'do-

2045 5685 2202 5748 retus_
2228 5675 2323 5748 lib.
2351 5673 2638 5748 religet.
2672 5675 2829 5748 Fab..
2869 5693 2989 5748 cap.
3011 5682 3064 5734 ti.
3102 5682 3366 5739 "UETIUS.

2112 5744 2228 5825 (.25)
2272 5745 2578 5827 3A41’ﬁ8n
2628 5747 2864 5827 κυρίως,
2906 5744 3013 5807 etc.
3056 5751 3200 5808 Idem
3255 5755 3416 5810 habet
3474 5754 3615 5810 intra

2044 5811 2306 5886 Origenes
2341 5818 2395 5872 in
2426 5811 2624 5872 lamin.
2654 5811 2770 5887 xt'tt,
2799 5811 2889 5877 Ξί.
