3766 6142
178 431 279 487 ΓΠ
1327 447 1686 506 COMMENT.
1725 447 1793 504 IN
1825 448 2020 506 JOAN.
2059 449 2297 509 TOMUS
2329 453 2394 509 ll.
2958 470 2964 476 ‘
3393 457 3493 514 178

181 553 340 626 δαίᾳ,
389 558 499 612 καὶ
558 561 859 637 Σαμαρείᾳ
908 568 1000 621 κα)⁵
1033 567 1138 634 ἕως
1186 571 1417 642 ἐσχάτου
1476 574 1575 644 τῆς
1627 575 1750 646 γῆς.

1920 578 1994 632 uis
2046 579 2137 634 sui
2191 570 2456 634 eﬂ'usione
2520 577 2743 649 pietatis
2796 578 3060 649 mysiterio
3120 578 3491 639 testimonium

192 650 352 704 Ἔστι.
398 650 462 704 δὲ
503 653 716 729 ὥσπερ
763 660 792 711 6
825 659 1119 732 καθαρθεὶς
1179 663 1379 735 λεπρὸς
1408 666 1470 720 τὸ
1514 685 1761 739 προστετι

1920 672 2294 740 perhiberent.
2332 671 2597 726 Servatur
2625 671 2773 725 enim
2799 673 2965 726 etiam
3012 672 3260 727 nominat
3302 689 3493 730 omnes

196 745 397 816 γμένον
414 748 532 802 ὑπὸ
561 752 850 818 Μωῡσέως
870 756 1161 829 προσάγων
1184 757 1378 830 δῶρον,
1402 763 1482 822 είς
1505 761 1761 835 μαρτύριι

1920 763 2290 818 testimonium
2341 766 2647 833 praebentes
2678 763 2766 831 iis,
2794 778 2915 833 qua:
2958 765 3027 819 de
3065 779 3126 821 se
3164 768 3494 822 annuntian-

204 838 360 893 τοῦτο
389 841 571 895 ποιῶν
619 847 735 908 τοῖς
768 846 842 918 μὴ
890 847 1245 903 πιστεύσασιν
1285 852 1368 915 είς
1412 852 1504 905 τὸν
1549 855 1804 925 Χριστὸν,

1914 865 2026 920 tur,
2067 858 2379 929 μάρτυρας,
2414 872 2535 912 cum
2574 858 2626 912 in
2661 858 2858 913 emtum
2901 859 3235 930 reciperetur
3262 862 3491 919 dicendo

210 931 377 998 οὕτως
407 936 492 1000 είς
524 938 831 1017 μαρτύριον
856 943 971 1006 τοῖς
997 942 1247 1009 ἀπίστοις
1272 946 1322 998 οἱ
1356 945 1634 1021 μάρτυρες
1673 965 1761 1020 μαγ

1920 950 2177 1020 apostolis
2211 950 2257 982 ³³
2290 970 2304 1006 :
2339 968 2358 1001 ι
2391 949 2559 1005 Eritis
2585 949 2714 1004 mihi
2742 959 2909 1005 testes
2932 960 3046 1004 tum
3071 953 3126 1006 in
3160 950 3488 1018 Jerusalem,

210 1027 457 1099 τυροῦσι,
504 1032 602 1084 καὶ
637 1032 841 1098 πάντες
880 1035 929 1087 οἱ
970 1035 1138 1106 ἅγιοι,
1178 1031 1254 1093 ὧν
1289 1039 1497 1111 λάμπει
1547 1041 1617 1094 τὰ
1668 1041 1805 1113 ἔργα

209 1118 521 1189 ἔμπροσθεν
549 1122 659 1177 τῶν
689 1124 992 1197 ἀνθρώπων
1011 1146 1025 1160 ο
1054 1129 1424 1186 πολιτεύονται
1449 1134 1560 1206 γὰρ
1590 1137 1805 1208 παρρη-

211 1212 529 1280 σιαζόμενοι
568 1218 627 1271 ἐν
662 1216 742 1289 τῷ
782 1220 1005 1293 σταυρῷ
1035 1224 1131 1277 τοῦ
1160 1226 1420 1298 Χριστοῦ,
1455 1229 1550 1282 καὶ
1592 1245 1801 1301 μαρτυ-

209 1303 439 1375 ροῦντες
467 1309 596 1380 περὶ
621 1308 718 1363 τοῦ
748 1311 1004 1383 ἀληθινοῦ
1034 1318 1233 1386 φωτός.

1915 1049 2029 1094 tum
2066 1042 2120 1095 in
2152 1041 2300 1095 omni
2323 1040 2505 1097 Judaea
2525 1081 2541 1106 ,
2569 1049 2624 1096 et
2667 1041 2782 1112 89
2827 1040 3106 1105 Samaria,
3135 1051 3191 1097 et
3219 1057 3391 1114 usque
3417 1044 3487 1101 ad

1910 1134 2160 1188 ultimum
2186 1144 2367 1190 terrae.
2394 1154 2414 1186 ι
2449 1134 2716 1191 Utautem
2738 1136 2983 1204 leprosus
3014 1135 3104 1190 ille
3123 1135 3171 1168 ³³
3196 1137 3491 1192 mundatus

1910 1242 2108 1282 munus
2144 1226 2308 1282 oﬂ‘ert
2336 1243 2366 1281 a
2402 1226 2589 1299 Moyse
2618 1238 2972 1297 praeceptum,
3009 1229 3076 1283 ad
3114 1228 3486 1284 testimonium

1908 1320 2014 1376 hoc
2061 1321 2275 1375 faciens
2318 1321 2385 1375 iis
2413 1321 2507 1389 qui
2551 1320 2604 1374 in
2645 1320 2922 1375 Chrisutm
2958 1322 3199 1376 nondum
3234 1320 3487 1376 credide—

212 1405 375 1462 runt,
422 1398 506 1454 sic
543 1401 613 1454 ad
660 1403 1032 1460 testimonium
1073 1407 1406 1466 aﬂ'erendum
1455 1412 1798 1479 inﬁdelibus,
1843 1421 1953 1468 tum
1998 1423 2304 1484 martyres,
2347 1424 2458 1467 tum
2504 1413 2679 1469 saneti
2717 1414 2898 1468 caeteri
2941 1413 3321 1477 testiﬁcantur,
3351 1428 3489 1483 quo—

209 1502 334 1541 rum
363 1504 530 1561 opera
564 1507 752 1549 coram
782 1496 1096 1557 hominibus
1129 1502 1307 1560 lucent
1341 1505 1406 1560 ³⁵.
1465 1507 1640 1564 Vitam
1680 1507 1825 1564 enim
1873 1510 2096 1580 degunt,
2138 1509 2188 1562 in
2231 1510 2434 1565 Christi
2474 1524 2638 1565 cruce
2681 1523 2949 1564 summam
2991 1508 3245 1565 liduciam
3283 1510 3488 1566 haben-

211 1588 297 1635 tes
328 1591 383 1636 et
411 1583 779 1642 testiﬁcantes
800 1589 867 1645 de
894 1606 1017 1644 vera
1054 1593 1197 1651 luce.

277 1674 372 1767 29.
392 1676 505 1731 Καὶ
527 1679 782 1753 Ἰωάννης
804 1684 984 1739 τοίνυν
1002 1681 1187 1758 ἦλθεν,
1207 1688 1294 1744 ἵνα
1323 1694 1648 1767 μαρτυρήσῃ
1671 1694 1800 1765 περὶ

204 1765 303 1819 τοῦ
334 1771 536 1837 φωτὸς,
564 1771 625 1837 ὃς
658 1776 949 1847 μαρτυρῶν
982 1780 1222 1851 κέκραγε
1253 1783 1459 1853 λέγων’
1493 1805 1510 1837 ι
1535 1787 1592 1840 '0
1620 1765 1800 1841 όπίσω

208 1876 313 1929 μου
345 1861 655 1950 έρχόμενος
701 1865 1012 1941 ἔμπροσθέν
1047 1890 1148 1944 μου
1190 1875 1433 1945 γέγονεν,
1463 1878 1545 1931 ὅτι
1586 1878 1801 1950 πρῶτός

1975 1690 2069 1746 29.
2112 1689 2179 1744 Et
2219 1687 2458 1744 Joannes
2497 1702 2628 1759 ergo
2677 1689 2845 1755 venit,
2886 1696 2947 1742 ut
3002 1672 3388 1743 testiﬁcaretur
3419 1690 3486 1745 de

1892 1782 2028 1838 'luce
2053 1782 2167 1844 illa,
2193 1782 2284 1851 qui
2319 1781 2618 1836 testiiicans
2663 1780 2923 1836 clamavit
2974 1783 3162 1837 dicens
3190 1782 3237 1815 ³⁸
3273 1800 3289 1840 :
3324 1803 3345 1836 ι
3377 1784 3487 1851 Qui

1906 1883 2026 1944 post
2067 1888 2154 1928 me
2187 1872 2358 1936 venit,
2401 1881 2537 1926 ante
2585 1887 2673 1926 me
2718 1872 2903 1928 factus
2940 1883 3045 1939 est,
3085 1875 3215 1942 quia
3242 1890 3330 1931 me
3364 1890 3485 1931 erat

208 1947 439 2061 μομρῖψ·
480 1954 562 2008 ὅτι
586 1958 652 2010 ὲκ
683 1959 777 2013 τοῦ
808 1960 1172 2035 πληρώματος
1194 1967 1358 2022 αὐτοῦ
1399 1971 1561 2041 ἡμεῖς
1600 1947 1761 2027 πάντε

1920 1965 2264 2027 honoratior,
2304 1964 2568 2034 quoniam
2602 1978 2668 2019 ex
2711 1963 3050 2035 plenitudine
3085 1965 3201 2035 ejus
3235 1981 3334 2022 nos
3365 1982 3486 2022 Olli--

206 2041 500 2116 ἐλάϐομεν,
548 2049 643 2103 καὶ
673 2052 834 2123 χάριν
870 2053 991 2107 ἀντὶ
1031 2057 1285 2130 χάριτος·
1335 2060 1417 2115 ὅτι
1445 2063 1475 2115 ό
1517 2061 1682 2134 νόμος
1709 2063 1798 2119 διὰ

204 2134 491 2202 Μωῦσέως
539 2140 717 2213 ἐδόθη,
748 2145 782 2215 ἠ
826 2145 987 2218 χάρις
1033 2149 1128 2202 καὶ
1160 2152 1193 2221 ή
1225 2150 1455 2223 ἀλήθεια
1496 2152 1585 2207 διὰ
1621 2153 1796 2225 Ἰησοῦ

204 2226 450 2298 Χριστοῦ
496 2233 734 2302 ἐγένετο.
777 2237 910 2292 Θεὸν
965 2240 1142 2306 οὐδεὶς
1198 2242 1411 2316 ἑώρακε
1466 2243 1716 2299 πώποτε·
1769 2248 1798 2301 6

201 2319 518 2394 Μονογενὴς
549 2324 682 2391 Θεὸς
723 2330 754 2382 6
799 2329 875 2383 ὢν
916 2333 998 2397 εἰς
1040 2333 1132 2386 τὸν
1182 2335 1382 2389 κόλπον
1423 2336 1518 2391 τοῦ
1550 2338 1794 2410 Πατρδς,

201 2412 412 2478 ἐκεῖνος
462 2415 791 2489 ἐξηγήσατο.
821 2442 841 2476 ι
885 2424 1003 2489 Πᾶς
1062 2426 1196 2495 γοῦν
1245 2423 1400 2493 οὗτος
1444 2429 1473 2483 6
1521 2428 1677 2499 λόγος
1732 2433 1797 2486 ἐκ

200 2504 501 2577 προσώπου
530 2510 627 2564 τοῦ
661 2512 971 2571 Βαπτιστοῦ
1021 2521 1433 2593 μαρτυροῦντος*
1464 2524 1544 2597 τῷ
1571 2525 1795 2598 Χριστῷ

200 2598 450 2671 εἴρηται,
498 2603 636 2678 ὅπερ
682 2606 934 2665 λανθάνει
977 2614 1130 2680 τινὰς
1183 2598 1465 2688 οἰομένους
1510 2620 1619 2674 ἀπὸ
1658 2619 1789 2674 τοῦ’

205 2710 225 2742 ι
268 2692 366 2747 Ἐκ
400 2695 498 2749 τοῦ
533 2696 902 2772 πληρώματος
944 2706 1113 2760 αὐτοῦ
1160 2710 1321 2780 ήμεῖς
1358 2711 1560 2777 πάντες
1600 2711 1793 2766 ἐλάϐο-

201 2801 324 2877 μεν,
347 2805 367 2836 ι
396 2787 504 2852 ἕως
534 2788 657 2843 τοῦ·
699 2811 719 2844 ι
743 2793 979 2860 Ἐκεῖνος
1005 2797 1334 2872 ἐξηγήσατο,
1361 2821 1380 2853 ι
1405 2803 1470 2856 ἐκ
1499 2802 1596 2856 τοῦ
1632 2821 1796 2877 προσ-

197 2876 351 2930 ώπου
407 2880 659 2938 Ἰωάννου
700 2885 798 2940 τοῦ
850 2887 1150 2944 ἀποστόλου
1201 2892 1476 2962 λέγεσθαι.
1526 2876 1685 2967 Πρὸς
1724 2899 1791 2969 τῇ

196 2973 580 3063 προειρημένῃ
608 2977 666 3030 δὲ
699 2976 793 3031 τοῦ
826 2978 1133 3036 Βαπτιστοῦ
1170 2986 1445 3058 μαρτυρίᾳ
1491 2987 1793 3063 (ἀρχομένη

194 3062 308 3118 ἀπὸ
338 3064 466 3117 τοῦ·
511 3086 530 3117 ι
565 3068 624 3120 '0
660 3069 837 3125 ὀπίσω
867 3090 967 3140 μου
999 3076 1292 3147 ἐρχόμενος
1338 3079 1644 3151 ἔμπροσθέν
1689 3062 1791 3151 μου

192 3156 409 3251 γέγονε,
429 3180 450 3210 ι
483 3161 577 3214 καὶ
604 3160 846 3237 ληγούσῃ
875 3166 954 3230 εἰς
978 3168 1038 3220 τό
1057 3184 1071 3197 ·
1095 3188 1113 3219 ι
1138 3171 1376 3237 Ἐκεῖνος
1403 3173 1789 3251 έξηγήσατο,›)

194 3249 293 3343 καὶ
342 3249 487 3322 αῦτη
530 3254 565 3325 ή
601 3256 876 3325 μαρτυρία
906 3259 1054 3313 ἐστὶν
1104 3261 1351 3318 Ἰωάννου
1406 3268 1522 3338 μετ’
1570 3249 1786 3343 ἐκείνην

1902 2073 2000 2113 nes
2030 2058 2365 2128 accepimus,
2398 2065 2453 2111 et
2476 2058 2710 2127 gratiam
2741 2072 2838 2127 pro
2870 2059 3045 2126 gratia
3067 2075 3083 2111 :
3105 2058 3363 2129 quoniam
3396 2059 3483 2114 lex

1900 2166 2004 2220 per
2035 2149 2278 2222 Moysem
2313 2150 2440 2205 data
2471 2161 2588 2216 est;
2621 2152 2796 2220 gratia
2829 2159 3013 2205 autem
3058 2160 3115 2206 et
3144 2152 3358 2206 veritas
3387 2166 3484 2221 per

1892 2240 2082 2297 'Jesum
2119 2242 2396 2296 Christum
2443 2241 2587 2296 laeta
2638 2252 2744 2298 est.
2784 2243 2951 2298 Deum
2993 2254 3157 2298 nemo
3201 2242 3338 2297 vidit
3382 2258 3483 2297 un-

1891 2350 2064 2407 quam
2094 2356 2107 2391 :
2142 2334 2465 2404 Unigenitus
2487 2336 2578 2404 qui
2608 2343 2694 2390 est
2729 2335 2782 2388 in
2821 2334 2942 2389 sinu
2971 2333 3171 2402 Patris,
3197 2334 3289 2391 ille
3317 2349 3483 2391 enar-

1900 2429 2061 2484 ravit.
2098 2448 2118 2483 ι
2153 2430 2290 2484 Tota
2335 2444 2471 2499 ergo
2513 2430 2629 2483 haec
2658 2430 2834 2484 oratio
2860 2443 2926 2483 ex
2960 2428 3220 2500 Baptista:
3245 2445 3480 2500 persona

1899 2522 2157 2577 testantis
2188 2523 2255 2577 de
2282 2521 2509 2578 Christo
2536 2523 2683 2577 dicta
2714 2533 2819 2587 est,
2850 2522 2903 2577 id
2937 2524 3082 2592 quod
3116 2522 3314 2579 multos
3348 2522 3482 2580 latet

1898 2615 2192 2684 opinantes
2222 2616 2290 2671 ab
2317 2616 2427 2670 illis
2458 2617 2658 2681 verbis,
2695 2634 2715 2668 ι
2755 2630 2823 2671 ex
2854 2615 3192 2685 plenitudine
3235 2617 3354 2686 ejus
3380 2629 3479 2671 nos

1896 2722 2085 2762 omnes
2114 2707 2443 2777 accepimus,
2465 2725 2484 2758 δ
2508 2721 2679 2775 usque
2708 2706 2776 2760 ad
2819 2706 2931 2769 illa,
2963 2725 2981 2757 ι
3020 2705 3109 2762 ille
3140 2707 3470 2773 enarravit”

1896 2811 1959 2852 ex
1984 2798 2214 2855 Joannis
2234 2799 2461 2868 apostoli
2479 2813 2709 2867 persona
2729 2798 2872 2854 dicta
2896 2798 3084 2853 fuisse.
3109 2799 3316 2853 Praeter
3343 2809 3475 2853 ante

1892 2888 2097 2945 dictum
2131 2904 2259 2944 vero
2285 2889 2540 2958 Baptista:
2592 2887 2963 2944 testimonium
2997 2888 3163 2961 (quod
3194 2889 3383 2957 incipit
3406 2890 3474 2942 ab

1882 2982 2001 3039 ‘illis
2034 2985 2252 3040 verbis:
2280 3003 2299 3036 ι
2330 2984 2429 3052 Qui
2447 2992 2673 3055 postme
2687 2986 2999 3051 venit,ante
3016 3000 3101 3039 me
3120 2985 3297 3039 factus
3318 2994 3422 3048 est,
3448 3001 3468 3034 ι

1891 3085 1947 3131 et
1973 3078 2172 3132 desinit
2208 3079 2261 3131 in
2292 3078 2380 3132 illa
2411 3078 2608 3143 verba,
2633 3094 2653 3129 ι
2683 3078 2776 3135 ille
2805 3081 3088 3136 enarravit
3111 3077 3335 3151 t)etiam
3370 3080 3474 3134 hoc

1892 3181 1977 3225 est
2031 3170 2400 3225 testimoniunt
2457 3170 2684 3227 Joannis
2754 3183 2882 3244 post
2936 3172 3067 3227 illud
3125 3172 3468 3236 secundum,

1891 3265 2111 3332 quando
2141 3264 2208 3318 ad
2240 3278 2335 3320 eos
2360 3265 2451 3335 qui
2481 3265 2750 3321 miserunt
2774 3281 2843 3320 ex
2870 3264 3261 3336 Hierosolymis
3279 3279 3467 3320 sacer-

192 3340 455 3434 δευτέρα,
488 3347 577 3398 ὄτε
625 3346 765 3419 πρὸς
810 3350 938 3414 τοὺς
986 3353 1415 3423 ἀποστείλαντας
1460 3358 1521 3425 ἐξ
1565 3340 1761 3434 Ἱεροσο

1920 3357 2048 3412 lotes
2100 3364 2152 3410 et
2180 3356 2394 3413 Levitas
2426 3356 2619 3429 (Judzei
2658 3372 2851 3428 nempe
2883 3359 3148 3414 miserunt
3177 3357 3341 3428 illos),
3383 3356 3469 3412 fa-

190 3431 382 3502 λύμων
416 3434 587 3505 ἱερεῖς
631 3437 728 3490 καὶ
776 3439 1037 3509 Λευίτας,
1088 3444 1355 3500 Ἰουδαίων
1402 3449 1601 3514 αὐτοὺς
1637 3431 1761 3507 ’ἀπο

1920 3457 2059 3516 etur,
2095 3463 2201 3503 non
2241 3464 2448 3519 negans
2481 3464 2668 3506 verum
2699 3452 2844 3520 quod
2894 3452 3008 3520 ipse
3041 3466 3147 3506 non
3184 3462 3332 3507 esset
3377 3452 3469 3507 ille

194 3526 546 3594 στειλάντων,
581 3532 835 3602 ὁμολογεῖ
863 3537 965 3589 οὐκ
1006 3538 1339 3612 ἀρνούμενος
1371 3543 1430 3596 τὸ
1461 3544 1677 3617 ἀληθὲς,
1708 3547 1761 3600 ώ‹

1920 3539 2159 3609 lhristus,
2189 3556 2362 3613 neque
2388 3543 2557 3609 Elias,
2589 3558 2767 3614 neque
2787 3546 3047 3616 propheta
3078 3546 3189 3608 ille,
3207 3546 3300 3599 sed
3322 3563 3341 3597 ι
3361 3561 3465 3601 vox

190 3617 297 3688 ἄρα
335 3621 438 3673 οὐκ
490 3622 654 3687 αὐτὸς
705 3624 790 3698 εἴη
822 3627 850 3679 ό
882 3630 1135 3702 Χριστὸς,
1186 3633 1308 3687 οὐδὲ
1344 3635 1548 3702 Ἠλίας,
1583 3639 1706 3691 οὐδὲ
1749 3642 1779 3694 6

191 3712 507 3801 προφήτης,
546 3715 685 3770 ἀλλὰ
718 3735 738 3769 ι
765 3721 915 3793 φωνὴ
957 3712 1190 3793 βοῶντος
1221 3726 1280 3780 έν
1307 3730 1374 3799 τῇ
1419 3729 1614 3801 ἐρήμῳ
1634 3747 1649 3762 '
1686 3732 1784 3786 Εὐ-

188 3800 387 3859 Θύνατε
431 3805 535 3871 τὴν
582 3808 702 3864 ὁδὸν
757 3813 996 3885 Κυρίου,
1049 3816 1233 3882 καθὼς
1283 3816 1433 3873 εἶπεν
1479 3822 1709 3889 Ἡσαΐας
1752 3829 1782 3880 6

187 3901 503 3968 προφήτης.
525 3918 545 3951 ι
580 3901 737 3956 Μετὰ
766 3903 824 3958 δὲ
853 3905 1026 3961 ταῦτα
1057 3907 1192 3979 άλλη
1235 3913 1511 3985 μαρτυρία
1549 3914 1644 3969 τοῦ
1684 3918 1783 3972 αὐ-

182 3987 279 4082 τοῦ
311 3990 624 4082 Βαπτιστοῦ
647 3995 777 4067 περὶ
805 3998 1038 4070 Χριστοῦ
1065 4002 1203 4064 ἐστι,
1232 4003 1332 4075 τὴν
1364 4009 1780 4082 προηγουμένην

181 4080 356 4136 αὑτοῦ
390 4084 693 4142 ὑπόστασιν
719 4088 833 4160 (24)
872 4090 954 4145 ἔτι
980 4091 1325 4161 διδάσκουσα,
1359 4097 1653 4170 διήκουσαν
1687 4080 1779 4157 ea

180 4176 370 4231 πάντα
400 4179 494 4233 τὸν
525 4181 747 4253 κόσμον,
782 4183 925 4238 κατὰ
950 4185 1048 4250 τάς
1078 4186 1260 4260 ψυχὰς
1287 4188 1389 4255 τὰς
1419 4191 1664 4262 λογικὰς,
1688 4195 1778 4249 ὅτε

181 4271 357 4342 φησί·
400 4289 419 4323 ι
450 4272 630 4337 Μέσος
664 4273 817 4346 ὑμῶν
856 4276 1107 4350 ἕστηκεν,
1144 4280 1203 4334 ὃν
1242 4282 1401 4353 ὑμεῖς
1433 4284 1534 4338 οὐκ
1574 4284 1779 4352 οἴδατε,

174 4361 366 4417 ὀπίσω
419 4381 524 4434 μου
568 4365 882 4437 ἐρχόμενος,
926 4364 988 4424 οῦ
1033 4373 1135 4430 οὐκ
1173 4373 1297 4445 είμὶ
1334 4373 1483 4442 ἄξιος
1529 4376 1640 4448 ἐγὼ
1689 4380 1777 4435 ἵνα

175 4454 337 4509 λύσω
371 4455 542 4510 αὑτοῦ
568 4456 658 4510 τὸν
689 4458 889 4529 ἱμάντα
922 4462 1017 4516 τοῦ
1062 4464 1427 4538 ὑποδήματος.
1459 4487 1478 4520 ι
1513 4469 1626 4524 Καὶ
1656 4471 1776 4526 ἐπί-

177 4546 390 4617 σκεψαι
422 4547 471 4600 εί
497 4546 585 4601 διά
616 4547 679 4602 τὸ
712 4550 771 4605 ὲν
808 4551 961 4623 μέσῳ
990 4552 1085 4606 τοῦ
1121 4556 1324 4620 παντὸς
1357 4552 1496 4612 εἶναι
1524 4557 1774 4630 σώματος

173 4639 283 4711 τὴν
328 4640 579 4713 καρδίαν,
617 4642 675 4695 ὲν
714 4641 771 4696 δὲ
802 4645 868 4715 τῇ
915 4646 1112 4718 καρδίᾳ
1140 4647 1203 4701 τὸ
1249 4650 1571 4721 ἡγεμονικὸν
1623 4652 1768 4721 (25),

1884 3633 2176 3706 clamantis
2206 3635 2258 3690 in
2294 3637 2513 3693 diserto
2543 3655 2557 3692 :
2591 3637 2818 3709 Dirigite
2866 3639 3007 3692 viam
3046 3637 3287 3703 Domini,
3322 3639 3467 3695 sicut

1883 3727 2021 3782 dixit
2045 3726 2210 3785 lsaias
2236 3731 2501 3799 propheta
2536 3729 2635 3786 ³⁸.»
2663 3729 2788 3786 Post
2812 3732 2927 3785 haec
2953 3746 3083 3784 vero
3114 3730 3257 3785 aliud
3293 3731 3464 3801 ipsius

1883 3817 2140 3888 Baptista:
2176 3823 2245 3876 de
2287 3821 2504 3877 Christo
2548 3823 2922 3877 testimonium
2966 3833 3084 3887 est,
3128 3824 3268 3894 quod
3304 3825 3465 3880 docet

1882 3910 2048 3967 etiam
2070 3912 2240 3982 ipsius
2261 3914 2590 3983 praecipuam
2616 3914 2951 3987 hypostasim
2989 3917 3377 3987 pervadentem
3403 3918 3458 3972 in

1881 4015 2099 4056 omnem
2129 4003 2385 4056 mundum
2416 4016 2643 4074 propter
2673 4005 2887 4060 animas
2921 4007 3147 4062 rationis
3199 4021 3458 4078 capaces,

1881 4108 2005 4148 cum
2049 4094 2295 4166 inquit"
2325 4110 2340 4149 :
2371 4113 2391 4147 ι
2422 4096 2478 4151 In
2531 4097 2715 4153 medio
2762 4100 2931 4154 vestri
2968 4109 3097 4164 stat,
3148 4116 3311 4172 quem
3362 4116 3460 4158 vos

1883 4185 2127 4251 nescitis,
2166 4186 2257 4256 qui
2295 4196 2416 4256 post
2450 4204 2536 4244 me
2566 4192 2746 4256 venit,
2763 4190 2920 4261 cujus
2948 4207 3053 4247 non
3091 4208 3212 4249 sum
3242 4210 3345 4266 ego
3373 4195 3461 4249 di-

1878 4291 2042 4345 gnus,
2073 4288 2133 4332 ut
2161 4279 2365 4333 solvam
2412 4280 2706 4350 corrigiam
2739 4283 3097 4339 calceamenti
3155 4286 3296 4357 ejus.
3338 4306 3358 4340 ι
3388 4288 3459 4340 At

1878 4371 2183 4437 considera,
2215 4387 2343 4426 nom
2370 4373 2495 4443 quia
2519 4387 2617 4427 cor
2643 4375 2697 4428 in
2730 4374 2909 4431 medio
2948 4377 3116 4433 totius
3156 4380 3230 4434 sit
3268 4393 3457 4449 corpo-

1878 4465 1976 4527 ris,
2007 4463 2172 4533 inque
2195 4464 2361 4519 corde
2381 4464 2575 4521 animae
2607 4467 2971 4538 principatus,
3001 4469 3135 4524 illud
3166 4472 3311 4542 quod
3339 4472 3448 4528 ait:

1882 4573 1902 4605 ι
1936 4553 1992 4609 1η
2026 4556 2206 4611 medio
2236 4558 2406 4612 vestri
2439 4567 2583 4623 stat,
2627 4574 2787 4628 quem
2818 4575 2913 4617 vos
2941 4564 3183 4631 nescitis,
3230 4587 3248 4620 ι
3287 4565 3452 4621 intel-

1877 4648 1966 4719 iigi
1990 4651 2161 4719 possit
2188 4653 2466 4720 ratio'qua:
2487 4652 2539 4707 in
2567 4668 2893 4725 unoquoque
2918 4665 3022 4714 est.
3047 4656 3306 4723 Quartum
3324 4673 3452 4714 vero

173 4733 280 4785 καὶ
312 4733 409 4787 τὸν
442 4735 500 4788 ὲν
528 4733 744 4807 ἑκάστῳ
777 4713 952 4805 λόγον,
985 4713 1208 4794 δύναται
1237 4713 1472 4797 νοεῖσθαι
1499 4746 1560 4798 τό
1581 4762 1593 4775 °
1665 4713 1761 4801 Μέἐ

1920 4743 2099 4797 munis
2130 4744 2195 4797 de
2217 4743 2437 4799 Christo
2457 4754 2540 4800 est
2570 4749 2937 4804 testimonium
2965 4750 3257 4806 humanam
3277 4752 3452 4821 ipsius

172 4842 275 4888 σος
321 4826 478 4897 ὑμῶν
510 4827 761 4899 ἕστηκεν,
802 4828 861 4883 ὃν
895 4831 1052 4902 ὑμεῖς
1084 4834 1185 4888 οὐκ
1226 4835 1427 4890 οἴδατε.
1455 4856 1474 4888 ι
1527 4838 1771 4911 Τετάρτη

167 4916 233 4970 δὲ
267 4917 413 4989 πρὸς
458 4920 669 4986 τούτοις
718 4925 992 4998 μαρτυρία
1041 4926 1290 4981 Ἰωάννου
1347 4928 1474 5000 περὶ
1529 4930 1768 5002 Χριστοῦ

168 5003 283 5074 ἥδη
331 5004 514 5060 καὶτὸ
561 5008 903 5081 ἀνθρώπινον
945 5013 1119 5067 αὐτοῦ
1148 5014 1319 5079 πάθος
1349 5017 1764 5089 ὑπογράφουσα,

167 5098 267 5151 ὅτε
300 5097 480 5167 λέγει·
518 5119 549 5153 «ι
573 5101 676 5155 Ἴδε
720 5104 750 5157 ό
789 5104 983 5176 Ἀμνὸς
1031 5106 1127 5160 τοῦ
1175 5107 1335 5172 Θεοῦ,
1377 5110 1405 5161 6
1440 5108 1612 5181 αἴρων
1664 5111 1763 5184 τὴν

169 5192 457 5264 ἁμαρτίαν
511 5194 606 5248 τοῦ
662 5196 888 5270 κόσμου.
940 5194 1107 5266 Οὗτός
1158 5203 1306 5255 ἐστιν
1362 5202 1493 5275 περὶ
1535 5197 1595 5259 οὗ
1648 5204 1759 5274 ἐγὼ

167 5278 352 5346 εἷπον,
397 5284 480 5338 ὃτι
525 5286 729 5341 Ὀπίσω
764 5307 864 5360 μου
917 5290 1135 5362 ἔρχεται
1168 5291 1327 5365 ἀνὴρ,
1358 5293 1416 5356 ὃς
1450 5292 1758 5366 ἔμπροσθέν

169 5391 285 5444 μου
325 5372 575 5444 γέγονεν.
613 5375 696 5430 ὅτι
745 5376 961 5450 πρῶτός
1010 5396 1113 5452 μου
1138 5376 1227 5452 ἦν’
1271 5381 1429 5452 κάγὼ
1470 5383 1570 5437 οὐκ
1611 5383 1758 5456 ᾔδειν

1871 4835 2037 4887 etiam
2107 4837 2418 4905 passionem
2473 4837 2585 4907 jam
2650 4842 3003 4910 describens,
3067 4860 3192 4900 cum
3246 4848 3381 4904 dicit
3429 4867 3446 4904 :

1873 4942 1894 4977 ι
1928 4924 2070 4981 Ecce
2101 4928 2291 4998 Agnus
2324 4928 2418 4985 ille
2455 4932 2573 4999 Dei,
2606 4935 2699 5003 qui
2730 4934 2870 4990 tollit
2916 4948 3203 5005 peccaturo
3233 4940 3445 4996 mundi.

1863 5015 1983 5087 90
2023 5016 2123 5072 Hic
2154 5029 2239 5073 est
2265 5020 2333 5076 de
2363 5036 2470 5090 quo
2498 5023 2746 5080 dicebam
2789 5043 2807 5084 :
2853 5026 2987 5084 Post
3031 5044 3120 5085 me
3160 5031 3311 5086 venit
3338 5031 3445 5095 vir,

1862 5112 1953 5179 qui
1989 5120 2117 5165 ante
2149 5126 2236 5167 me
2275 5112 2506 5179 exstitit,
2537 5115 2664 5184 quia
2706 5118 3030 5176 honoratior
3064 5138 3156 5178 me
3185 5133 3347 5179 erat:
3390 5133 3446 5179 et

1864 5216 1966 5273 ego
1987 5203 2293 5259 nesciebam
2313 5219 2438 5260 eum
2461 5208 2587 5263 :sed
2619 5218 2677 5264 ut
2694 5212 3018 5269 manifestus
3049 5215 3206 5271 ﬁeret
3230 5214 3440 5281 lsraeli,

1864 5303 2153 5364 propterea
2194 5296 2317 5351 veni
2363 5313 2491 5368 ego,
2534 5301 2585 5354 in
2631 5318 2771 5375 aqua
2829 5305 3118 5376 baptizans
3145 5307 3213 5361 ⁸⁸.
3255 5326 3277 5360 ›
3314 5306 3435 5363 Jatn

1865 5386 2113 5456 quintum
2150 5388 2521 5446 testimonium
2554 5392 2872 5466 inscriptum
2897 5399 3056 5455 estin
3077 5399 3262 5455 verbis
3287 5398 3426 5455 illis:

242 5466 292 5499 ³²
308 5467 434 5522 Act.
462 5483 504 5534 ι,
521 5469 576 5526 8.
617 5469 664 5503 ³⁸
687 5470 879 5530 Matth.
906 5489 1021 5542 vnt,
1040 5475 1098 5530 4.
1139 5475 1185 5508 ³⁸
1210 5476 1404 5532 Matth.
1425 5494 1477 5546 v,
1503 5478 1593 5536 16.
1652 5479 1761 5536 ³⁵1(

1920 5482 2149 5550 ,15-18.
2187 5483 2492 5541 “ibid.2'5.
2533 5488 2953 5558 ‘7ibid.26,27.
2994 5495 3039 5528 ³⁸
3063 5495 3196 5553 ibid.
3225 5495 3421 5554 29-51.

238 5558 359 5630 (34)
403 5559 523 5630 Τὴν
550 5566 1013 5643 προηγουμένην
1036 5567 1223 5643 αὐτοῦ
1240 5571 1605 5643 ὑπόστασιν,
1632 5585 1740 5633 etc.

162 5628 301 5706 [hic
337 5628 448 5706 quo
470 5628 636 5706 sensu
669 5628 988 5706 accipienda
1032 5641 1164 5706 sint,
1200 5642 1465 5700 tradimus
1511 5647 1568 5701 in
1590 5628 1743 5703 ’ἀνί-ἶ

156 5702 434 5771 θεηίαηὲε,
470 5704 563 5760 lib.
588 5720 653 5762 tt.
693 5704 958 5763 Hunnus.

238 5770 362 5854 (ὓ)
413 5772 511 5854 Ἑν
545 5774 616 5854 δὲ
657 5774 737 5845 τῇ
766 5779 983 5854 καρδίᾳ
1023 5778 1092 5834 τὸ
1136 5781 1510 5854 ἡγεμονικόν.
1550 5785 1674 5842 Haec
1710 5802 1744 5844 e

159 5848 366 5906 Stoica
397 5852 593 5924 schola
626 5852 862 5924 arripuit
882 5848 1198 5924 prigenesf
1231 5848 1503 5910 Laertius’
1531 5857 1585 5912 in
1635 5858 1738 5913 Ze-

154 5936 312 5980 none
336 5940 355 5979 :
394 5920 827 5997 Ἠγεμονικὺεῐδὲ
854 5920 1153 5995 εἷναίφασι
1184 5925 1245 5980 τδ
1275 5924 1611 5998 κυριώτατον
1639 5929 1740 6002 τῆς

1846 5575 2046 5663 Ἇχῆςε
2076 5569 2208 5663 {ac}:
2232 5578 2287 5631 αί
2310 5581 2609 5663 ,φαντασίαι
2642 5584 2736 5637 καὶ
2757 5587 2816 5663 αἱ
2841 5588 3010 5663 ὁρμοξὶ
3039 5587 3299 5663 γίνονται,
3322 5592 3434 5663 καὶ.

1851 5646 2265 5737 ὃθξνέμὸᾂελόγος
2297 5646 2715 5737 άναπέμπεταιι,
2753 5646 3079 5737 ὅπερἐῐνᾳί
3111 5646 3183 5716 ἐν’

1856 5738 1876 5773 ι
1904 5716 2274 5799 Principatum
2299 5716 2492 5799 autem
2508 5737 2627 5799 esse
2659 5716 3201 5799 dicunt'praecipuam
3232 5716 3430 5791 anima:

1850 5800 2095 5871 partem,
2147 5789 2202 5845 in
2250 5805 2356 5871 qua
2408 5789 2920 5871 imaginationes‘ét
2979 5789 3250 5871 appetitus
3307 5789 3427 5862 for;

1851 5869 2091 5990 inanem:
2135 5872 2191 5918 et
2226 5864 2367 5929 unde
2407 5865 2550 5921 ratio
2593 5864 3266 5949 proiiciaciturféumque
3303 5890 3426 5934 esse

1851 5947 1962 5988 HIC
2002 5947 2028 5988 ι·
2065 5951 2165 5990 ιε.»

1850 5947 1904 5987 Ill
1933 5944 2121 5990 corde.
2140 5951 2165 5987 ι
