3766 6142
356 337 472 399 ’179

1819 342 2140 403 ORlGENlS

3488 357 3576 415 180

367 474 395 513 c
439 457 558 516 Vidi
590 457 854 532 Spiritum
902 461 1324 522 descendentem
1377 465 1519 523 sicut
1564 468 1904 525 columbamt

2030 469 2193 523 αὐτόν
2215 484 2227 500 δ
2281 468 2397 523 ἀλλ’
2445 468 2532 525 ἴνα
2584 467 2876 541 φανερωθῇ
2910 467 2989 541 τῷ
3033 467 3269 541 Ἰσραὴλ,
3314 469 3399 525 διὰ
3439 476 3576 531 τοῦτο

364 548 530 616 coelo,
580 560 637 607 et
684 552 889 609 mansit
932 567 1099 624 super
1123 570 1271 615 eum.
1303 556 1370 613 Et
1397 573 1500 628 ego
1536 575 1639 615 non
1669 576 1928 618 noveram

369 656 493 697 eum
525 661 541 697 :
570 644 665 699 sed
703 644 798 715 qui
834 645 988 702 misit
1028 662 1114 702 me
1160 649 1229 704 ad
1269 650 1652 722 baptizandum
1686 654 1739 708 in
1769 668 1929 724 aqua,

359 733 454 791 ille
497 737 630 792 mihi
675 739 814 794 dixit
843 758 859 795 :
892 739 1072 811 Super
1097 756 1258 811 quem
1297 744 1503 800 videris
1537 745 1796 816 Spiritum
1834 749 1928 803 de-

357 825 706 883 scendentem
740 839 797 884 et
831 840 1142 887 manentem
1182 848 1349 904 super
1389 851 1536 904 eum,
1584 838 1674 894 hic
1709 848 1794 895 est
1835 840 1928 910 qui

358 916 597 986 baptizat
626 920 678 975 in
709 921 917 991 Spiritu
953 932 1168 980 sancto.
1207 925 1272 980 Et
1307 942 1410 998 ego
1435 929 1568 996 vidi,
1595 937 1649 984 et
1676 931 1930 988 testiﬁca-

360 1014 446 1062 tus
466 1025 608 1078 sum,
638 1012 781 1068 hunc
800 1027 921 1069 esse
948 1012 1145 1069 Filium
1180 1015 1276 1071 Dei
1293 1016 1363 1073 ³⁸.
1396 1037 1416 1071 ι
1449 1018 1621 1076 Porro
1647 1024 1927 1091 sextajam

360 1100 481 1157 vice
510 1102 880 1161 testimonium
908 1105 1158 1178 perhibet
1187 1106 1406 1165 Christo
1440 1110 1493 1165 in
1523 1111 1733 1168 duobus
1760 1113 1926 1170 disci-

357 1191 497 1260 pulis
518 1193 760 1252 Joannes
781 1236 796 1263 ,
836 1211 961 1254 cum
999 1217 1019 1250 ι
1053 1199 1280 1256 intuitus
1310 1199 1493 1258 Jesum
1532 1203 1925 1271 ambulantem,

357 1283 539 1354 inquit
569 1305 584 1342 :
615 1287 758 1345 Ecce
781 1289 972 1361 Agnus
994 1291 1086 1347 ille
1112 1292 1206 1349 Dei
1223 1293 1322 1351 “.t
1345 1295 1472 1351 Post
1504 1297 1650 1366 quod
1681 1297 1928 1353 testimo-

364 1376 514 1432 nium
553 1393 675 1434 cum
702 1383 984 1438 audissent
1014 1387 1122 1441 duo
1164 1385 1413 1458 discipuli
1441 1388 1730 1458 Joannem,
1770 1406 1925 1447 secu-

354 1468 505 1538 tique
540 1469 770 1528 fuissent
808 1472 1018 1543 Jesum,
1047 1495 1068 1530 t
1098 1492 1396 1536 conversus
1415 1479 1593 1547 Jesus,
1628 1492 1682 1537 et
1709 1485 1926 1554 conspi-

330 1571 505 1617 catus
533 1563 669 1621 duos
705 1577 1015 1638 sequentes,
1036 1571 1330 1642 respondet
1347 1573 1535 1631 dicens
1555 1590 1574 1626 :
1601 1573 1739 1643 Quid
1770 1591 1924 1647 quas-

350 1651 474 1708 ritis
489 1652 570 1708 “i
607 1674 625 1708 ι
657 1655 726 1712 Ει
750 1658 1003 1717 fortassis
1034 1678 1145 1718 non
1179 1663 1383 1721 frustra
1407 1675 1530 1737 post
1562 1682 1654 1724 sex
1679 1669 1925 1724 testimo-

350 1746 440 1802 nia
493 1759 674 1805 cessat
708 1750 951 1811 Joannes
996 1756 1304 1824 testiﬁcari,
1356 1767 1411 1814 et
1449 1758 1607 1815 Jesus
1638 1760 1843 1829 profert
1866 1761 1918 1816 in

351 1842 620 1909 septimo:
646 1863 666 1896 ι
693 1844 835 1913 Quid
855 1848 1169 1917 quaeritis?»
1193 1848 1290 1906 His
1321 1850 1542 1920 insuper
1571 1853 1662 1920 qui
1695 1851 1920 1909 Joannis

348 1932 661 1989 testimonio
699 1936 865 2003 adiuti
903 1937 1132 2006 fuerint,
1164 1954 1271 1996 vox
1299 1950 1383 1998 est
1412 1942 1502 1997 illa
1535 1944 1765 2007 decens,
1799 1960 1919 2015 quae

345 2022 612 2089 praedicat
660 2024 935 2083 Christum
972 2031 1316 2099 magistrum,
1337 2040 1392 2088 et
1422 2031 1626 2089 fatetur
1651 2034 1772 2089 Filii
1823 2036 1915 2090 Dei

345 2114 728 2172 domunculam
784 2111 982 2190 cupere
1022 2136 1081 2177 se
1134 2123 1358 2180 intueri.
1401 2124 1536 2180 Nam
1572 2127 1759 2184 dicunt
1788 2128 1864 2183 illi
1899 2144 1914 2181 :

346 2226 368 2257 ε
405 2204 599 2271 Rahbi,
622 2209 767 2279 quod
795 2212 999 2268 dicitur
1019 2230 1083 2270 ex
1116 2215 1591 2287 interpretatione,
1627 2219 1914 2292 Magister,

343 2299 433 2354 ubi
465 2316 655 2357 manes
670 2302 783 2358 “‘h
803 2305 1138 2376 thuoniam
1163 2307 1381 2365 «Omnis
1413 2311 1505 2379 qui
1533 2316 1746 2380 quaerit,
1770 2313 1917 2369 inve-

343 2391 427 2445 nit
450 2389 517 2459 “,
548 2411 568 2445 ι
600 2396 966 2464 quaerentibus
984 2396 1208 2455 Joannis
1223 2400 1507 2471 discipulis
1526 2400 1651 2459 Jesu
1679 2406 1910 2461 mansio-

339 2497 492 2552 nem,
522 2501 653 2542 eam.
675 2491 912 2545 ostendit
957 2492 1090 2563 ipsis
1130 2492 1290 2549 Jesus
1321 2496 1547 2553 dicens:
1591 2517 1610 2550 ε
1649 2499 1839 2555 Venite
1858 2508 1915 2555 et

337 2576 518 2634 videte
535 2579 618 2648 “;
661 2599 680 2633 ι
707 2581 957 2639 fortassis
981 2601 1079 2656 per
1110 2602 1320 2653 vocem,
1349 2607 1368 2641 ι
1394 2592 1596 2655 venite,
1626 2611 1647 2645 ι
1679 2593 1913 2650 invitans

334 2686 434 2726 eos
448 2671 515 2726 ad
538 2687 657 2728 eam
675 2676 1027 2746 philosophia
1051 2690 1258 2750 partem
1275 2697 1396 2751 quae
1417 2684 1469 2737 in
1494 2699 1673 2740 rerum
1695 2686 1912 2744 actione

333 2774 623 2833 versatur;
660 2784 758 2837 per
792 2786 977 2827 vocem
1010 2788 1141 2829 vero
1168 2792 1187 2826 ι
1224 2776 1423 2842 videte,
1451 2795 1470 2828 ι
1497 2780 1910 2850 contemplatio-

335 2868 464 2910 nem
504 2857 767 2925 praeclare
799 2859 944 2916 facta
987 2873 1332 2931 sequentem,
1383 2868 1607 2923 omnino
1634 2868 1720 2926 his
1767 2870 1909 2927 futu-

334 2964 450 3004 ram
481 2952 573 3022 qui
605 2952 896 3021 voluerint,
937 2955 1253 3028 designans,
1283 2959 1637 3015 exsisteutem
1676 2962 1728 3016 in
1775 2962 1907 3019 Jesu

334 3042 645 3100 mansione.
692 3047 765 3102 At
805 3050 897 3118 qui
941 3052 1273 3120 quaesieram
1315 3052 1405 3107 ubi
1441 3066 1686 3111 maneret
1725 3054 1904 3125 Jesus,

2031 557 2193 633 ἦλθον
2225 560 2335 630 ἐγὼ
2374 562 2434 618 ὲν
2468 561 2618 616 ὕδατι
2661 562 2958 633 βαπτίζων,
2986 582 3005 615 ι
3048 563 3156 617 Καὶ
3205 561 3418 637 πέμπτη
3452 584 3573 642 μαρ-

2028 653 2189 726 τυρία
2216 654 2630 727 ἀναγέγραπται
2664 655 2809 709 κατά
2828 656 2890 709 τό
2908 672 2922 687 ο
2955 675 2973 708 ‹
2999 655 3275 728 Τεθέαμαι
3298 655 3356 709 τὸ
3380 658 3577 731 Πνεῦμα

2037 744 2359 798 καταϐαῖνον
2392 744 2468 808 ὠς
2501 744 2828 817 περιστεράν
2873 744 2934 811 ἐξ
2977 745 3231 819 οὐρανοῦ,
3271 748 3364 800 καὶ⁹
3392 747 3577 818 ἔμεινεν

2029 834 2115 886 ἐπ’
2151 835 2331 889 αὐτόν.
2367 833 2538 904 Κάγὼ
2582 835 2683 890 οὐκ
2728 836 2874 908 ᾔδειν
2916 836 3113 891 αὐτόν·
3154 835 3268 890 ἀλλ’
3300 838 3328 890 ὁ
3380 838 3577 911 πέμψας

2032 943 2101 996 με
2133 924 2412 997 βαπτίζειν
2454 929 2512 981 ὲν
2546 926 2732 992 ὕδατι,
2778 928 2982 992 ἐκεῖνός
3041 944 3133 999 μοι
3181 923 3360 982 εἶπεν
3398 930 3501 1002 Ἐφ’
3526 935 3577 989 ὃν

2027 1015 2096 1071 ἂν
2124 1018 2239 1092 ἴδῃς
2270 1018 2333 1072 τὸ
2358 1018 2581 1090 Πνεῦμα
2614 1012 2961 1083 καταϐαῖνον,
2990 1020 3085 1073 καὶ
3114 1020 3275 1091 μένον
3308 1021 3391 1074 ἐπ’
3412 1024 3580 1090 αὐτὸν,

2011 1103 2181 1173 ὀὗτός
2228 1113 2375 1164 ἐστιν
2405 1112 2435 1164 6
2480 1110 2754 1182 βαπτίζων
2797 1115 2854 1167 ἐν
2902 1111 3178 1183 Πνεύματι
3234 1112 3392 1184 ἁγίῳ.
3427 1117 3582 1185 Κάγὼ

2028 1198 2270 1271 ἑώρακα,
2310 1201 2407 1255 καὶ
2443 1201 2879 1274 μεμαρτύρηκα,
2929 1202 3011 1255 ὅτι
3056 1195 3210 1266 οὗτός
3241 1205 3385 1255 ἐστιν
3410 1206 3437 1258 6
3469 1206 3582 1270 Υίδς

2024 1289 2118 1343 τοῦ
2152 1290 2308 1346 Θεοῦ.
2330 1309 2350 1344 ι
2391 1292 2586 1346 Ἕκτον
2623 1291 2682 1345 δὲ
2724 1294 2990 1364 μαρτυρεί
3019 1291 3098 1362 τῷ
3132 1291 3352 1363 Χριστῷ
3382 1294 3470 1347 ἐπὶ
3499 1296 3585 1348 δύο

2028 1382 2285 1453 μαθητῶν
2334 1385 2364 1438 6
2400 1384 2686 1457 Ἰωάννης,
2733 1384 2851 1447 ὅτε,
2906 1402 2926 1433 ι
2965 1383 3242 1454 ἐμϐλέψας
3297 1383 3375 1455 τῷ
3423 1385 3581 1456 Ἰησοῦ

2025 1476 2435 1548 περιπατοῦντι,
2465 1477 2639 1547 λέγει·
2667 1478 2775 1531 Ἴδε
2806 1480 2834 1531 6
2864 1477 3061 1548 Ἀμνδς
3094 1475 3188 1530 τοῦ
3222 1476 3376 1531 Θεοῦ.
3401 1496 3419 1530 t
3457 1478 3585 1532 Μεθ’

2024 1566 2091 1638 ἢν
2133 1569 2439 1641 μαρτυρίαν
2490 1568 2838 1623 ἀκουσάντων
2894 1567 3001 1622 τῶν
3049 1566 3143 1620 δύο
3195 1566 3450 1639 μαθητῶν
3499 1567 3586 1622 τοῦ

2038 1663 2305 1726 Ἰωάννου,
2332 1661 2426 1715 καὶ
2455 1660 2931 1733 ἀκολουθησάντων
2955 1660 3033 1731 τῷ
3061 1658 3256 1732 Ἰησοῦ,
3295 1678 3313 1711 ι
3340 1663 3591 1731 στραφεὶς

2021 1757 2052 1809 6
2088 1752 2295 1826 Ἰησοῦς
2314 1793 2331 1816 ,
2360 1755 2455 1807 καὶ
2501 1753 2834 1824 θεασάμενος
2860 1755 2985 1817 τοὺς
3013 1752 3107 1807 δύο
3136 1751 3586 1819 ἀκολουθοῦντας,

1949 1817 1994 1873 Β
2024 1817 2373 1920 ἀποκρίνεται
2434 1844 2642 1915 λέγων’
2678 1817 2764 1898 ’Τί
2822 1844 3067 1917 ζητεῖτες
3097 1864 3117 1897 ι
3174 1846 3284 1898 Καὶ
3338 1845 3478 1916 τάχα

2022 1938 2201 2009 μάτην
2232 1938 2370 2008 μετά
2398 1935 2461 2003 ἒξ
2504 1938 2808 2012 μαρτυρίας
2859 1937 3090 1991 παύεται
3136 1937 3236 2008 μὲν
3275 1939 3305 1991 ὁ
3340 1937 3590 2008 Ἰωάννης

2023 2030 2347 2103 μαρτυρῶν·
2397 2031 2604 2103 Ἰησοῦς
2653 2032 2709 2086 δὲ
2760 2031 2900 2085 κατά
2944 2030 3006 2084 τὸ
3050 2030 3278 2101 ἕϐδομον
3324 2030 3594 2102 προτείνει

2016 2122 2107 2175 τό·
2148 2141 2167 2173 ‹
2193 2122 2257 2175 Τί
2299 2122 2593 2193 (mei-cep
2636 2122 2929 2194 Πρέπουσα
2974 2120 3030 2174 δὲ
3080 2120 3457 2191 ὠφελημένοις
3492 2120 3592 2174 ὑπὸ

2016 2213 2116 2285 τῆς
2160 2214 2406 2268 Ἰωάννου
2441 2215 2746 2288 μαρτυρίας
2783 2214 2817 2284 ἡ
2852 2211 3003 2284 φωνὴ
3047 2209 3463 2282 άναγορεύουσα
3507 2210 3597 2276 τὸν

2016 2308 2249 2378 Χριστὸν
2288 2306 2621 2374 διδάσκαλον,
2665 2308 2760 2361 καὶ
2795 2304 3131 2378 ὁμολογοῦσα
3168 2303 3230 2356 1:6
3274 2302 3596 2374 οἰκητήριον

2016 2398 2200 2452 ποθεῖν
2246 2399 2541 2454 θεάσασθαι
2589 2399 2684 2453 τοῦ
2743 2398 2872 2452 Υίοῦ
2928 2397 3022 2452 τοῦ
3081 2394 3253 2450 Θεοῦ·
3306 2396 3448 2465 φασὶ
3493 2395 3598 2465 γὰρ

2013 2490 2193 2561 αὐτῷ·
2248 2510 2268 2543 ι
2302 2490 2521 2555 Ῥαϐὅὶ,
2556 2490 2584 2546 ὃ
2632 2491 2849 2561 λέγεται
2906 2488 3476 2563 μεθερμηνευόμενον,
3522 2487 3598 2539 δι-

2011 2583 2267 2649 δάσκαλε,
2312 2583 2414 2637 ποῦ
2471 2584 2684 2656 μένεις;
2730 2604 2748 2636 ι
2797 2585 2905 2638 Καὶ
2957 2584 3076 2637 ἐπεὶ
3127 2602 3146 2634 ι
3175 2583 3294 2645 Πᾶς
3335 2580 3366 2631 ὁ
3419 2579 3601 2651 ζητῶν

2010 2676 2271 2748 εὑρίσκει,
2299 2696 2316 2728 ι
2353 2676 2619 2748 ζητήσασι
2649 2677 2747 2747 τὴν
2787 2675 2959 2747 Ἰησοῦ
2996 2675 3160 2747 μονὴν
3188 2676 3305 2738 τοῖς
3346 2672 3599 2727 Ἰωάννου

2014 2767 2280 2840 μαθηταῖς
2307 2768 2648 2823 ὑποδείκνυσι
2675 2768 2846 2837 λέγων
2879 2768 3089 2830 αὐτοῖς’
3117 2785 3136 2819 ι
3167 2764 3473 2837 Ἔρχεσθε,
3509 2766 3605 2816 καὶ

2008 2859 2281 2930 ὕφεσθε-ι
2340 2861 2481 2933 τάχα
2530 2861 2617 2916 διὰ
2665 2860 2760 2915 τοῦ
2821 2858 2941 2932 μὲν,
3007 2857 3301 2932 «ἔρχεσθε,
3330 2876 3352 2910 ι
3402 2855 3503 2909 ἐπὶ
3541 2853 3605 2908 τὺ

2009 2954 2309 3025 πρακτικὸν
2330 2956 2526 3020 αὐτοὺς
2549 2946 2903 3027 παρακαλῶν’
2932 2951 3021 3006 διὰ
3047 2952 3105 3005 δὲ
3133 2949 3249 3015 τοῦ,
3282 2969 3303 3001 ι
3334 2947 3601 3020 Magaba,»

2007 3046 2104 3119 τὴν
2137 3047 2532 3101 ἀκολουθοῦσαν
2561 3050 2628 3119 τῇ
2659 3045 2991 3120 κατορθώσει
3024 3044 3135 3098 τῶν
3164 3041 3437 3116 πράξεων
3468 3040 3607 3094 θεω-

332 3137 535 3205 quiquo
560 3140 735 3194 secuti
770 3156 833 3195 ac
858 3143 1163 3212 conspicati
1204 3145 1522 3215 magistrum
1552 3145 1790 3212 fuerant,
1820 3150 1904 3206 de-

2029 3137 2134 3191 ›ίαν
2175 3137 2392 3202 πάντως
2422 3137 2641 3190 ἔσεσθαι
2676 3140 2790 3201 τοῖς
2837 3134 3179 3207 βουλομένοις
3219 3130 3606 3203 ὑπογράφων,

335 3226 709 3286 liberaverunt
754 3233 896 3302 apud
946 3233 1130 3290 Jesum
1181 3251 1502 3306 permanere
1544 3247 1710 3295 totam
1754 3241 1901 3295 illam

228 3386 230 3389 _
332 3322 499 3388 tliem,
531 3338 771 3395 cumque
823 3325 962 3382 Filio
1003 3327 1095 3382 Dei
1134 3330 1360 3384 morati.
1392 3332 1591 3386 Verum
1622 3333 1902 3390 enimvero

327 3426 456 3468 cum
478 3416 837 3474 decennarius
867 3436 1128 3477 numerus
1155 3422 1479 3479 observatos
1495 3425 1566 3480 sit
1588 3435 1901 3493 utsanctus,

331 3520 457 3559 cum
488 3509 745 3579 mysteria
781 3525 897 3565 non
916 3527 1082 3582 parva
1117 3512 1289 3569 fuisse
1325 3513 1468 3570 facta
1494 3516 1547 3569 in
1576 3517 1902 3574 decennario

330 3611 559 3654 numero
603 3600 999 3669 inscribantur,
1049 3605 1461 3679 intelligendum
1509 3619 1592 3665 est
1640 3626 1746 3665 non
1782 3610 1899 3665 fru-

327 3698 441 3743 stra
478 3691 529 3746 in
560 3692 852 3765 Evangelia
883 3696 1146 3753 decimam
1190 3699 1413 3755 inscribi
1458 3700 1649 3755 horam
1676 3700 1744 3769 “,
1774 3717 1897 3757 cum

329 3779 579 3854 discipuli
603 3783 832 3842 Joannis
858 3788 999 3857 apud
1027 3787 1210 3845 Jesum
1242 3792 1537 3858 divertnnt,
1570 3807 1638 3848 ex
1669 3808 1897 3862 quorum

329 3886 558 3928 numero
594 3885 712 3930 erat
748 3876 994 3936 Andreas
1034 3879 1205 3936 frater
1246 3881 1488 3937 Simonis
1533 3882 1681 3938 Petri
1705 3882 1773 3951 “,
1805 3884 1897 3952 qui

329 3966 457 4018 dum
500 3977 742 4022 maneret
776 3971 917 4040 apud
951 3971 1160 4039 Jesum,
1200 3974 1443 4043 adjutus,
1480 3976 1707 4032 invento
1730 3976 1900 4032 fratre

325 4073 427 4115 suo
471 4059 695 4117 Simone
719 4062 763 4094 ⁸⁷
806 4062 984 4132 (forte
1031 4067 1176 4120 enim
1229 4079 1383 4122 antea
1426 4084 1546 4141 nor;
1580 4069 1896 4139 invenerat)

323 4150 580 4210 Messium
602 4169 662 4211 se
692 4158 970 4214 invenisse
1011 4160 1182 4228 inquit
1217 4178 1232 4217 :
1263 4180 1282 4212 ι
1317 4161 1460 4231 quod
1502 4170 1606 4227 est,
1639 4162 1684 4217 si
1728 4162 1897 4217 inter-

323 4246 579 4313 preteris,
631 4246 904 4305 Christus.
946 4270 967 4304 ι
1006 4251 1273 4318 Quoniam
1307 4256 1456 4308 enim
1505 4272 1525 4304 ι
1562 4256 1653 4324 qui
1703 4256 1899 4325 quazrit

324 4338 535 4394 invenit
553 4338 625 4406 ⁸⁸,
654 4359 675 4394 ι
699 4342 992 4411 quaesierat
1021 4353 1207 4398 autem
1237 4344 1327 4399 ubi
1347 4355 1591 4400 maneret
1620 4343 1808 4411 Jesus;
1841 4354 1896 4401 et

323 4443 566 4495 secutus,
594 4449 717 4488 cum
755 4436 1121 4506 perspexisset
1155 4437 1273 4506 eius
1305 4438 1664 4502 mansionem,
1711 4447 1896 4493 manet

2005 3229 2295 3300 γινομένην
2324 3231 2383 3283 ὲν
2414 3231 2481 3301 τῇ
2510 3228 2604 3282 τοῦ
2649 3227 2823 3300 Ἰησοῦ
2858 3230 3012 3299 μονῇ.
3055 3224 3368 3299 Προῦκειτο
3400 3223 3465 3277 δὲ
3492 3225 3608 3283 τοῖς

2005 3319 2270 3391 ζητήσασι
2300 3317 2402 3372 ποῦ
2439 3322 2587 3391 μένει
2618 3320 2647 3372 6
2690 3316 2917 3391 Ἰησοῦς,
2959 3308 3375 3387 ἀκολουθήσασι
3408 3312 3496 3384 τῷ
3528 3311 3612 3364 δι-

2001 3410 2276 3482 δασκάλῳ,
2311 3413 2406 3467 καὶ
2454 3411 2842 3478 θεασαμένοις,
2878 3413 3213 3483 παραμεῖναι
3244 3408 3337 3480 τῷ
3395 3405 3609 3479 Ἰησοῦν

2002 3505 2096 3558 καὶ
2141 3505 2238 3575 τὴν
2269 3504 2481 3577 ἡμέραν
2530 3505 2741 3575 ἐκείνην
2783 3504 3155 3575 συνδιατρίψαι
3196 3501 3280 3573 τῷ
3338 3500 3469 3572 Υἱῷ
3516 3498 3614 3552 τοῦ

2001 3595 2156 3650 Θεοῦ.
2196 3597 2347 3651 Ἐπεὶ
2391 3596 2448 3650 δὲ
2493 3598 2522 3650 6
2578 3597 2802 3662 δέκατος
2854 3596 3085 3670 ἀριθμὸς
3148 3595 3478 3666 τετήρηται
3534 3591 3613 3654 ὡς

2002 3688 2156 3757 ἅγιος
2210 3688 2344 3761 (26),
2391 3689 2493 3743 οὐκ
2548 3689 2744 3757 ὀλίγων
2809 3687 3124 3761 μυστηρίων
3168 3689 3227 3740 ὲν
3283 3688 3363 3757 τῇ
3419 3682 3618 3738 δεκάδι

2000 3780 2484 3851 ἀναγραφομένων,
2518 3782 2799 3850 γεγονέναι
2828 3780 3044 3851 νοητέον
3073 3779 3134 3833 οὐ
3176 3778 3375 3850 μάτην
3409 3778 3515 3831 καὶ
3557 3777 3619 3827 ἐν

1998 3872 2076 3942 τῷ
2117 3872 2431 3945 Εὐαγγελίῳ
2459 3873 2555 3946 τὴν
2588 3873 2820 3946 δεκάτην
2852 3871 3265 3945 ἀναγράφεσθαι
3314 3869 3488 3943 ὥραν
3518 3868 3623 3938 τῆς

1998 3961 2107 4015 τῶν
2141 3963 2386 4017 Ἰωάννου
2419 3964 2676 4035 μαθητῶν
2716 3962 2867 4036 παρὰ
2907 3962 2987 4034 τῷ
3020 3961 3194 4032 Ἰησοῦ
3222 3960 3621 4030 καταγωγῆς,

1996 4049 2072 4109 ὧν
2115 4055 2368 4129 Ἀνδρέας
2397 4059 2427 4111 6
2465 4056 2690 4127 ἁδελφὸς
2723 4057 2964 4128 Σίμωνος
3006 4055 3216 4127 Πέτρου
3271 4051 3380 4126 ἦν,
3420 4056 3623 4117 ὅστις,

1996 4145 2298 4219 ὠφεληθεὶς
2324 4150 2382 4202 ἐν
2407 4148 2483 4220 τῷ
2514 4149 3034 4223 παραμεμενηκέναι
3057 4147 3136 4219 τῷ
3172 4147 3396 4218 Ἰησοῦ,
3432 4144 3624 4218 εὑρὼν

1995 4239 2086 4293 τὸν
2116 4240 2341 4310 ἀδελφὺν
2380 4240 2471 4295 τὸν
2515 4240 2643 4296 ἴδιον
2677 4241 2916 4313 Σίμωνα,
2951 4240 3110 4312 (τάχα
3157 4238 3276 4311 γὰρ
3327 4239 3628 4312 πρότερον

1996 4333 2094 4403 οὐχ
2135 4329 2394 4403 εὓρητοσ)
2453 4331 2616 4403 φησὶν
2662 4333 2956 4404 εὑρηκέναι
3006 4333 3097 4386 τὸν
3154 4333 3476 4398 Μεσσίαν,
3541 4351 3562 4382 ι
3596 4332 3628 4385 ὃ

1997 4425 2112 4477 ἐστι
2165 4422 2701 4495 μεθερμηνευόμενον
2757 4425 3056 4496 Χριστός.»
3101 4424 3260 4477 Ἐπεὶ
3318 4424 3494 4495 γὰρ,
3551 4425 3633 4478 «ὁ

320 4520 466 4588 apud
501 4520 790 4579 Dominqu
827 4545 846 4577 ι
885 4525 1096 4582 decima
1139 4528 1271 4582 hora
1300 4527 1372 4593 ",
1413 4546 1433 4579 ι
1476 4537 1530 4581 et
1562 4526 1773 4582 invenit
1799 4527 1893 4583 Dei

2029 4514 2175 4587 ητῶν
2207 4515 2472 4587 εὑρίσκει,
2500 4535 2518 4568 ι
2563 4516 2795 4588 ἐζήτησε
2836 4516 2895 4570 δὲ
2941 4516 3042 4569 ποῦ
3076 4515 3227 4587 μένει
3278 4518 3315 4569 ὁ
3360 4514 3628 4589 Ἰησοῦς,

318 4610 539 4679 Filium,
570 4613 892 4672 Sermonem
922 4618 1153 4686 scilicet,
1180 4628 1237 4675 et
1280 4619 1386 4691 91
1444 4620 1789 4690 sapientiam,
1841 4630 1897 4676 et

2029 4610 2094 4665 ιαὶ
2127 4609 2516 4682 ἀκολουθήσας,
2547 4609 2827 4681 θεωρήσας
2863 4606 3029 4661 αὐτοῦ
3057 4608 3155 4680 τὴν
3188 4607 3416 4680 μονὴν,
3448 4626 3637 4680 παρα-

320 4703 532 4774 regitur
562 4706 633 4761 ab
661 4707 816 4775 ipso;
851 4710 990 4767 hanc
1017 4709 1087 4767 ob
1115 4726 1337 4767 causam
1377 4712 1592 4782 inquit:
1630 4731 1650 4765 ι
1690 4714 1895 4769 Iuveni-

322 4796 723 4853 musMessiam
764 4801 812 4833 '°
846 4815 863 4855 :
902 4825 922 4854 ι
956 4819 1075 4874 qum
1100 4819 1202 4859 vox
1251 4821 1285 4861 a
1328 4807 1523 4875 quovis
1553 4806 1656 4861 dici
1693 4806 1894 4877 poterit

320 4890 415 4959 qui
448 4889 720 4948 invenerit
752 4893 847 4948 Dei
878 4895 1197 4953 Sermonem
1233 4911 1290 4954 et
1322 4900 1417 4970 qui
1461 4900 1529 4953 ab
1561 4898 1732 4970 ipsius
1757 4899 1892 4954 clivi-

317 4982 493 5037 nitate
523 4984 750 5050 regitur.
807 4984 1064 5042 Fructum
1115 5003 1244 5044 vero
1292 5005 1418 5046 mox
1463 4989 1621 5044 oﬂert
1672 4987 1889 5055 Christo

316 5075 545 5131 fratrem
585 5076 867 5133 Simonem
903 5079 945 5110 ⁵³
973 5094 986 5129 :
1016 5095 1177 5150 quem
1211 5092 1272 5136 ut
1317 5097 1543 5137 munere
1585 5080 1743 5136 Jesus
1775 5082 1889 5135 sin-

316 5167 1004 5239 gulari.remuneraretur,
1039 5173 1095 5227 itt
1140 5172 1316 5242 ipsum
1370 5174 1601 5228 intuitus
1628 5181 1734 5237 est,
1792 5185 1889 5241 per

2001 4703 2153 4774 μένει
2190 4702 2269 4775 τῷ
2299 4704 2489 4774 Κυρίῳ
2520 4721 2538 4754 ι
2560 4704 2616 4755 ἐν
2650 4706 2717 4775 τῇ
2747 4701 2950 4776 δεκάτῃ
2981 4701 3152 4774 ῶρᾳμ
3191 4701 3304 4754 καὶ
3357 4702 3634 4774 εὑρίσκει

1996 4795 2086 4850 τὸν
2111 4795 2239 4849 Υίὸν
2271 4795 2366 4849 τοῦ
2397 4793 2556 4859 Θεοῦ,
2585 4794 2678 4848 τὸν
2723 4794 2913 4864 Λόγον,
2954 4794 3047 4847 καὶ
3078 4792 3176 4861 τὴν
3220 4793 3488 4861 σοφίαν,
3529 4791 3636 4863 βα-

1996 4889 2266 4944 σιλεύεται
2300 4891 2358 4944 δὲ
2397 4891 2487 4943 ὑπ’
2511 4888 2674 4944 αὑτοῦ
2693 4905 2707 4919 ο
2737 4888 2823 4942 διὰ
2850 4886 3006 4941 τοῦτό
3037 4903 3225 4955 φησιν’
3270 4906 3295 4939 ‹
3338 4888 3639 4959 Εὑρήκα-

1998 5000 2098 5054 μεν
2130 4981 2221 5036 τδν
2253 4982 2516 5036 Μεσσίαν.
2544 5002 2562 5033 ι
2599 4980 2747 5053 Δῦτη
2783 4981 2840 5034 δὲ
2872 4982 2906 5053 ἡ
2939 4980 3089 5052 φωνὴ
3121 4979 3232 5033 ὑπὸ
3297 4982 3544 5047 παντὸς
3571 4981 3644 5037 ἂν

1994 5073 2205 5143 λέγοιτο
2247 5073 2435 5127 τοῦτον
2467 5073 2560 5127 τοῦ
2603 5074 2738 5127 Θεοῦ
2773 5074 2943 5144 Λόγον
2971 5074 3308 5146 εὑρηκότος,
3358 5078 3476 5132 καὶ
3526 5076 3645 5132 ὑπὸ

1994 5169 2093 5239 τῆς
2142 5166 2415 5238 θειότητος
2469 5166 2633 5222 αὐτοῦ
2704 5167 3143 5238 βασιλευομένου.
3191 5169 3479 5243 Κοιρπὺν
3541 5171 3650 5227 καὶ

389 5260 625 5335 νειοειη.
664 5263 703 5335 t.
734 5263 926 5335 δεδι.
1001 5265 1046 5298 ιο
1076 5265 1209 5321 ibid.
1256 5265 1345 5325 55.
1391 5266 1480 5321 56.
1546 5265 1593 5297 ιι
1634 5266 1766 5320 ibid.
1795 5266 1886 5333 37.

2092 5262 2294 5335 ‘ﬁibitl,
2330 5262 2447 5335 58._
2507 5262 2790 5335 “irrlilatth.
2834 5279 2932 5327 VII,
2972 5263 3025 5317 8.
3059 5333 3067 5335 ᾗ
3100 5261 3147 5295 ιδ
3190 5262 3392 5320 Joan.
3452 5283 3498 5335 ι,
3542 5267 3644 5323 39.

369 5332 416 5366 “
446 5333 577 5389 ibid.
658 5334 704 5365 “
736 5334 866 5388 ibid.
899 5334 992 5391 40.
1068 5336 1112 5367 ⁴⁷
1151 5334 1286 5392 ibid.
1318 5336 1411 5391 41.
1486 5335 1532 5369 ⁸⁸
1561 5335 1749 5390 Matth.
1786 5352 1882 5401 vn,

2041 5335 2086 5367 δ’
2115 5333 2275 5390 Joan.
2318 5348 2356 5399 l,
2388 5333 2478 5389 59.
2555 5334 2602 5367 “
2630 5334 2761 5389 ibid.
2787 5350 2826 5398 ι,
2865 5335 2952 5389 41.
3028 5333 3073 5366 ⁸¹
3103 5334 3242 5389 ibid.
3278 5336 3402 5393 42.

390 5425 503 5499 (26)
542 5427 806 5497 Origenes
834 5428 970 5482 intra
1005 5438 1136 5484 tom.
1180 5446 1237 5486 κ.
1270 5427 1420 5499 11.50
1446 5427 1624 5482 medio
1656 5427 1883 5499 εΤαῦτα

315 5496 375 5550 δέ
389 5496 498 5585 ,μοι
524 5500 584 5578 ὲν
610 5496 753 5583 ἀρχῇ
781 5499 874 5552 τοῦ
902 5498 1138 5585 ῥεκάτου
1162 5500 1333 5585 τόμου
1365 5497 1581 5585 λέγεται
1612 5498 1749 5570 πρὸς
1798 5499 1882 5561 σὲ,

316 5566 587 5652 πολλαχοῦ
631 5566 828 5691 ὁρῶντι
866 5571 965 5657 τῆς
1004 5566 1245 5642 Γραφῆξ
1280 5566 1882 5655 διαφερούσῃςπρονο-

321 5652 453 5695 μιας
496 5655 654 5695 τετυγ
688 5656 755 5694 τα
796 5639 886 5694 τὸν
929 5641 1062 5695 οέκα
1103 5641 1356 5695 ἀριθμόν.
1400 5640 1531 5695 Item
1580 5654 1635 5694 tn
1679 5640 1881 5695 Catena

319 5639 453 5757 ἕίας
496 5639 755 5718 τετυχότα
796 5639 886 5694 τὸν
923 5639 1062 5696 δέκα
1103 5639 1356 5714 ἀριθμόν.
1400 5639 1531 5695 Item
1580 5639 1635 5694 in
1679 5639 1881 5695 catena

373 5706 659 5784 Inslertana
690 5711 747 5762 in
775 5710 1005 5790 lerant,
1021 5712 1087 5767 ad
1126 5728 1247 5783 cap.
1273 5727 1453 5790 xxx",
1481 5710 1756 5790 versu”,
1787 5715 1882 5790 tle-

321 5775 535 5828 Itarium
578 5792 859 5835 numerum
914 5775 1436 5855 origettes'cékstov
1480 5782 1573 5835 καὶ
1621 5778 1759 5834 Θεοῦ
1803 5783 1879 5834 οἰ-

1990 5429 2138 5484 κεῖον
2173 5441 2292 5482 esse
2333 5427 2486 5480 dicit.
2521 5425 2584 5480 Et
2622 5426 2676 5480 in
2718 5425 2820 5480 alia
2855 5424 3038 5495 Regia:
3074 5425 3487 5486 Bibliotheca:
3526 5429 3649 5485 Cn-

1994 5511 2113 5576 lena
2149 5498 2206 5576 in
2246 5496 2680 5576 Prophetqshad
2728 5497 2926 5576 Ezeclt.
2953 5497 3183 5576 Atv,_10:
3239 5500 3392 5576 Οὐδ
3450 5501 3652 5576 ἐχρῆν

1988 5568 2103 5645 γάρ
2134 5567 2223 5621 τὸν
2262 5567 2789 5645 οὖτωςᾼάκάθαρτον
2836 5565 3266 5645 ρρωθησόμενον
3306 5565 3552 5645 ﬁmo?
3582 5565 3656 5645 ἑν

1988 5586 2103 5693 γαρ
2134 5586 2223 5621 τον
2262 5586 2433 5631 ουτως
2481 5586 2789 5638 ακαυαρτον
2836 5586 3266 5649 ρρωυησομενον
3327 5586 3535 5653 mpm-av
3581 5586 3656 5654 ἓν

1988 5643 2060 5713 άγ
2084 5656 2138 5713 ῳ,
2175 5637 2698 5713 παραλαμβάνεσθαι
2740 5639 3263 5713 άριθμῳηρποῖος-
3297 5639 3386 5713 δᾷη
3452 5646 3490 5697 ὁ
3539 5660 3657 5712 της

1987 5693 2226 5784 δέκάδος,
2255 5693 2350 5784 ita}
2377 5693 2688 5784 ἑβδομάδος,
2714 5693 2807 5784 κειὶ
2827 5693 3139 5784 fatigatam,
3165 5693 3285 5765 κᾶὶ
3318 5693 3653 5784 sirm;

1998 5782 2091 5835 καί
2118 5778 2261 5846 τινες
2282 5778 2390 5835 τῶν
2416 5779 2615 5851 ὁμοίων
2645 5778 2912 5853 ἀριθμῶν.
