3766 6142
148 389 233 446 1M

1255 390 1608 449 COMMENT.
1640 389 1706 446 IN
1737 387 1928 444 JOAN.
1965 385 2202 442 TOMUS
2235 382 2299 438 ll.

3306 371 3409 427 182

158 505 335 570 εὐθέως
376 507 658 578 προσάγει
694 509 790 562 τὸν
818 508 1043 578 ἀδελφὸν
1081 507 1157 581 τῷ
1197 509 1439 580 Χριστῷ,
1463 503 1741 580 ᾦΣίμωνι

1913 522 1993 559 ιιιιι
2027 503 2280 557 intuitum
2311 496 2593 553 declarans
2621 510 2679 551 se
2707 492 2947 549 Simonis
2969 503 3403 560 curam'uerere,

161 596 437 668 ἐχαρίσατο
479 598 510 649 6
562 599 784 670 Ἰησοῦς
824 599 886 652 τὸ
920 599 1184 671 ἐμϐλέψαι
1224 599 1404 672 αὐτῷ,
1441 601 1576 673 ὅπερ
1623 599 1739 673 ἐστὶ

165 690 243 746 διὰ
264 690 354 744 τοῦ
385 690 666 762 ἐμϐλέψαι
695 694 1067 764 ἐπισκοπῆσαι
1096 695 1192 746 καὶ
1223 694 1454 762 φωτίσαι
1480 692 1645 748 αὑτοῦ
1682 693 1742 747 τὺ

166 784 480 855 ἡγεμονικόν
498 802 513 816 ·
542 786 640 840 καὶ
665 786 950 859 δεδύνηται
980 786 1068 840 διὰ
1092 788 1154 841 τὸ
1178 786 1567 858 ἐμϐεὸλεφέναι
1595 786 1742 857 αὐτῷ

165 878 252 930 τὸν
283 877 495 948 Ἰησοῦν
535 880 565 932 6
596 879 784 950 Σίμων
829 878 1218 950 βεϐαιωθῆναι,
1255 879 1396 934 ὥστε
1434 880 1528 934 τοῦ
1578 880 1741 953 ἔργου

162 968 257 1039 τῆς
301 969 655 1040 βεδαιὸτητος
686 971 780 1024 καὶ
812 971 914 1042 τῆς
946 971 1306 1043 στερρότητος
1334 970 1621 1044 ἐπώνυμος
1651 989 1747 1042 γε-

162 1058 368 1125 νέσθαι,
394 1062 494 1114 καὶ
522 1060 791 1133 κληθῆναι
820 1062 1051 1133 Πέτρος.

229 1151 319 1206 50.
367 1151 509 1204 Ἀλλ’
552 1153 670 1224 ἐρεῖ
696 1169 780 1216 τις
799 1192 813 1217 ,
841 1153 895 1206 τί
923 1152 1123 1223 δήποτε
1154 1153 1514 1225 προκειμένου
1555 1153 1745 1225 διηγῆ-

166 1242 361 1298 σασθαι
384 1244 466 1297 τόδ
509 1264 529 1295 ι
562 1239 731 1308 Οὗτος
751 1241 915 1316 ἦλθεν
948 1247 1028 1310 είς
1055 1247 1381 1318 μαρτυρίαν,
1414 1247 1501 1300 ἵνα
1536 1265 1743 1318 μαρτυ-

167 1339 307 1409 ρήσῃ
335 1337 466 1408 περὶ
487 1336 582 1391 τοῦ
613 1337 808 1407 φωτὸς,
840 1356 859 1390 ι
886 1337 1062 1392 πάντα
1081 1339 1253 1393 ταῦτα
1272 1339 1742 1411 διεξεληλύθαμεν;

165 1428 397 1481 Λεκτέον
426 1427 516 1493 δὲ,
545 1428 626 1481 ὅτι
654 1428 762 1481 ἔδει
804 1429 1154 1501 παραστῆσαι
1186 1429 1284 1495 τὰς
1319 1432 1625 1503 μαρτυρίας
1650 1429 1743 1483 τοῦ

178 1519 425 1573 Ἰωάννου
453 1519 554 1585 τάς
582 1521 710 1593 περὶ
738 1519 833 1574 τοῦ
868 1522 1043 1591 φωτὸς
1065 1562 1082 1587 ,
1113 1523 1209 1576 καὶ
1251 1523 1349 1595 τὴν
1382 1522 1533 1587 τάξιν
1567 1523 1746 1578 αὐτῶν

164 1610 460 1676 ἐκθέσθαι,
509 1612 612 1684 τήν
649 1630 711 1666 τε
761 1613 1204 1686 ἀκολουθήσασαν
1243 1610 1324 1680 οἷς
1369 1617 1747 1688 ἐμαρτύρησεν

164 1702 466 1771 ὠφέλειαν,
500 1704 798 1777 γενομένην
829 1705 970 1760 κατά
1013 1706 1113 1777 τὴν
1153 1706 1397 1761 Ἰωάννου
1443 1707 1746 1780 μαρτυρίαν

166 1794 272 1846 ἀπὸ
298 1792 394 1847 τοῦ
441 1794 620 1866 Ἰησοῦ
640 1837 655 1861 ,
691 1796 780 1850 ἶνα
811 1797 872 1851 τὸ
899 1798 1164 1871 ἀνύσιμον
1188 1800 1287 1869 τῆς
1328 1800 1576 1854 Ἰωάννου
1611 1817 1750 1872 μαρ-

162 1884 355 1957 τυρίας
384 1884 624 1958 δηλωθῇ.
661 1888 773 1942 Καὶ
798 1889 905 1960 πρὸ
951 1890 1060 1944 τῶν
1085 1890 1318 1945 ἐνταῦθα
1343 1891 1401 1945 δὲ
1431 1891 1742 1964 μαρτυρῶν

165 1977 200 2045 ή
231 1976 385 2046 ὲντῇ
423 1975 741 2044 ἀγαλλιάσει
776 1978 1060 2051 σκίρτησις
1101 1980 1194 2035 τοῦ
1235 1981 1541 2035 Βαπτιστοῦ
1576 1983 1635 2036 ὲν
1676 1985 1743 2054 τῇ

164 2064 341 2136 κοιλίᾳ
364 2065 470 2136 τῆς
511 2067 790 2122 Ἐλισάὸετ
828 2071 921 2123 ἐπὶ
955 2069 1033 2142 τῷ
1070 2071 1346 2143 ἀσπασμῷ
1389 2072 1488 2143 τῆς
1530 2073 1747 2145 Μαρίας

164 2157 443 2228 μαρτυρία
462 2159 593 2229 περὶ
620 2160 855 2231 Χριστοῦ
881 2157 969 2234 ἦν,
1000 2162 1400 2235 μαρτυροῦντος
1420 2167 1486 2236 τῇ
1513 2164 1745 2236 θειότητι

162 2248 265 2319 τῆς
313 2248 633 2322 συλλήψεως
667 2253 763 2306 καὶ
802 2254 1068 2322 γενέσεως
1110 2255 1295 2310 αὐτοῦ.
1341 2258 1451 2310 Καὶ
1495 2257 1548 2310 τί
1594 2259 1743 2330 γάρ;

164 2340 236 2392 Ἦ
264 2341 543 2412 πανταχοῦ
570 2343 781 2415 μάρτυς
808 2344 902 2400 καὶ
932 2346 1234 2418 πρόδρομος
1262 2349 1354 2402 τοῦ
1397 2350 1570 2420 Ἰησοῦ
1600 2354 1746 2404 ἐστιν

162 2432 191 2483 6
230 2432 508 2505 Ἰωάννης,
552 2436 955 2507 προλαμϐάνων
996 2439 1097 2511 τὴν
1147 2440 1362 2509 γένεσιν
1403 2443 1568 2497 αὐτοῦ
1592 2484 1608 2507 ,
1651 2446 1747 2498 καὶ

162 2523 272 2594 πρὸ
308 2524 494 2593 ὀλίγαι
524 2526 617 2579 τοῦ
663 2527 891 2583 θανάτου
928 2531 1288 2605 ἀποθνήσκων
1335 2534 1428 2588 τοῦ
1475 2536 1601 2589 Υἱοῦ
1651 2538 1745 2591 τοῦ

162 2614 296 2669 Θεοῦ
312 2657 329 2681 ,
363 2617 451 2672 ἵνα
487 2619 562 2690 μή
596 2620 757 2692 μόνον
799 2626 911 2687 τοῖς
949 2625 1007 2677 ἐν
1054 2625 1306 2694 γενέσει,
1354 2627 1490 2683 ἀλλά
1514 2631 1609 2683 καὶ
1635 2634 1747 2694 τοῖς

164 2708 511 2778 προσδοκῶσι
529 2712 629 2784 τὴν
647 2713 736 2767 διά
756 2716 992 2789 Χριστοῦ
1015 2718 1125 2771 ἀπὸ
1147 2718 1378 2774 θανάτου
1411 2721 1742 2794 ἐλευθερίαν,

164 2799 273 2869 πρὸ
300 2798 399 2854 τοῦ
429 2802 671 2874 Χριστοῦ
703 2806 1008 2879 ἐπιδημῶν,
1040 2809 1314 2880 πανταχοῦ
1344 2811 1608 2886 ὲτοιμάσῃ
1637 2816 1748 2867 Κυ-

170 2891 281 2961 ρίῳ
313 2891 447 2947 λαὸν
487 2898 1020 2969 κατεσκευασμένονο
1064 2892 1255 2970 φθάνει
1293 2901 1350 2955 δὲ
1385 2903 1479 2956 καὶ
1523 2905 1614 2957 ἐπὶ
1649 2905 1747 2977 τὴν

166 2983 424 3057 δευτέραν
448 2987 688 3058 Χριστοῦ
717 2991 1039 3063 παρουσίαν,
1065 2993 1159 3047 καὶ
1185 2993 1484 3067 θειοτέραν,
1502 2999 1536 3068 ή
1572 2997 1749 3051 Ἰωάν-

167 3094 257 3130 νου
292 3080 594 3152 μαρτυρία.
633 3101 654 3133 ι
686 3083 751 3136 Ei
776 3084 884 3156 γὰρ
924 3084 1125 3154 θέλετε,
1155 3088 1308 3160 φησὶ,
1343 3088 1618 3157 δέξασθαι,
1650 3090 1750 3143 αὗ-

164 3171 256 3276 τός
282 3172 460 3276 ἐστιν.
484 3172 670 3276 Ἠλίας
709 3178 738 3229 ὁ
782 3177 990 3276 μέλλων
1026 3179 1300 3252 ἔρχεσθαι.
1371 3183 1429 3237 '0
1469 3183 1606 3255 ἔχων
1631 3179 1747 3240 ὦτα
1774 3217 1817 3276 C

164 3261 407 3330 ἀκούειν,
434 3265 703 3322 ἀκουέτω.
743 3288 762 3320 ι
799 3268 979 3343 Οὔσης
1010 3271 1067 3325 δὲ
1102 3274 1277 3346 ἀρχῆς
1317 3277 1374 3330 ἐν
1490 3278 1519 3331 6
1550 3278 1744 3348 Λόγος,

167 3354 382 3423 (ἥντινα
413 3357 607 3427 σοφίαν
634 3355 773 3413 εἶναι
814 3362 925 3416 ἀπὸ
961 3363 1070 3417 τῶν
1110 3366 1423 3438 Παροιμιῶν
1463 3369 1747 3437 ἀπεδείξα-

168 3446 327 3539 ο)
348 3446 505 3513 ὄντος
533 3448 591 3503 δὲ
619 3451 713 3505 καὶ
742 3452 837 3506 τοῦ
864 3454 1059 3524 Λόγου,
1088 3460 1385 3539 γενομένης
1407 3478 1466 3514 τε
1490 3462 1548 3514 ἐν
1576 3464 1750 3535 τούτῳ

167 3533 334 3607 ζωῆς,
358 3539 463 3611 τῆς
509 3557 571 3594 τε
622 3542 768 3615 ζωῆς
794 3547 1165 3619 τυγχανούσης
1203 3533 1380 3618 φωτός
1428 3533 1749 3624 ἀνθρώπων,

166 3625 319 3699 ζητῶ
348 3631 405 3683 τί
436 3629 637 3702 δήποτε
687 3636 717 3687 ό
746 3636 1036 3708 γενόμενος
1089 3659 1107 3691 t
1147 3641 1452 3715 ἄνθρωπος,
1482 3645 1755 3700 ἀπεσταλ-

170 3721 511 3795 μένοςοπαρά
533 3725 692 3792 Θεοῦ,
724 3722 770 3797 ᾧ
808 3730 978 3803 ὄνομα
1016 3733 1289 3807 Ἰωάννης,
1323 3732 1487 3808 ἦλθεν
1507 3740 1588 3803 είς
1616 3756 1755 3811 μαρ-

168 3813 395 3921 τιίρίαν,
432 3815 539 3921 ’ἵνα
591 3822 916 3921 μαρτυρήσῃ
959 3826 1089 3896 περὶ
1131 3825 1224 3879 τοῦ
1253 3829 1430 3896 φωτός
1465 3846 1479 3895 ;
1517 3849 1537 3881 ι
1575 3829 1676 3884 Διά
1706 3829 1757 3883 τί

170 3907 265 3959 οὖν
297 3907 401 3979 οὐχ
432 3907 520 3963 ἴνα
555 3914 877 3985 μαρτυρήσῃ
908 3917 1037 3988 περὶ
1068 3917 1166 3989 τῆς
1189 3918 1355 3989 ζωῆς,
1379 3920 1412 3990 ἢ
1438 3921 1523 3975 ἵνα
1548 3939 1757 3994 μαρτυ-

174 4000 323 4073 ρήσῃ
354 4002 486 4072 περὶ
524 4001 621 4055 τοῦ
654 4004 828 4073 Λόγου
852 4046 868 4071 ,
907 4006 940 4078 ἢ
984 4009 1111 4079 περὶ
1142 4009 1243 4080 τῆς
1278 4010 1472 4082 ἀρχῆς,
1505 4013 1539 4084 ἢ
1571 4015 1760 4078 ὁποίας

169 4090 376 4162 δήποτε
402 4094 573 4165 ἄλλης
599 4096 843 4163 ἐπινοίας
883 4099 978 4153 τοῦ
1009 4102 1246 4174 Χριστοῦ
1281 4119 1295 4167 ;
1343 4104 1667 4176 Ἐπίσκεψαι
1702 4107 1760 4160 δὲ

1842 599 2041 653 animae
2071 595 2216 649 illius
2259 600 2421 661 parte
2454 587 2905 658 praestantissima
2949 584 3220 638 illustrata
3262 596 3278 634 :
3314 593 3410 649 po-

1841 691 2053 761 tuitque
2085 687 2297 750 Simon,
2330 698 2398 738 eo
2431 678 2788 752 quod‘Jesus
2842 678 2893 731 in
2948 676 3125 745 ipsum
3179 673 3408 728 intuitus

1842 792 1946 844 est,
1975 791 2214 846 eousque
2259 771 2515 838 stabiliri,
2553 779 2611 824 ut
2645 771 2712 823 ab
2739 782 2903 837 opere
2928 764 3107 819 stabili
3146 763 3411 833 ﬁrmaque

1843 884 2141 943 cognomen
2179 865 2422 922 traheret
2447 872 2499 918 et
2527 870 2821 916 vocaretur
2849 856 3066 911 Petrus.

1913 1139 2004 1194 50.
2029 1135 2136 1192 Sed
2177 1135 2420 1191 dicturus
2464 1140 2549 1187 est
2577 1129 2794 1199 aliqms,
2837 1142 2934 1181 cur
2966 1126 3180 1180 tandem
3213 1137 3414 1191 propu-

1845 1232 1947 1286 sita
1996 1230 2148 1286 nobis
2186 1225 2633 1297 interpretatione
2668 1222 2956 1276 verborum
2994 1233 3221 1273 eorum:
3257 1235 3277 1269 ι
3318 1217 3418 1271 Hic

1845 1326 1997 1380 venit
2050 1321 2115 1377 ad
2171 1317 2574 1376 testiﬁcandum
2599 1355 2613 1381 ,
2650 1324 2712 1370 ut
2745 1312 3136 1368 testiﬁcaretur
3176 1311 3243 1366 de
3294 1310 3418 1365 luce

1847 1417 1937 1472 illa
1965 1416 2064 1479 δ’,ι
2091 1414 2275 1470 omnia
2323 1412 2440 1466 haac
2489 1404 2957 1464 transcurrimus?
2984 1406 3053 1459 At
3086 1402 3371 1459 dicendum
3397 1441 3414 1469 ,

1849 1521 2075 1563 necesse
2128 1505 2301 1560 fuisse
2343 1501 2566 1573 Joannis
2598 1496 2909 1554 testimonia
2944 1496 3010 1550 de
3051 1495 3171 1549 luce
3200 1493 3289 1548 illa
3320 1494 3418 1548 de-

1828 1607 2155 1654 .monstrare
2176 1596 2530 1663 ordinemque
2567 1604 2755 1646 eorum
2781 1601 3053 1659 exponere
3084 1605 3097 1640 :
3123 1595 3290 1655 atque
3317 1586 3419 1641 uti.

1850 1690 2056 1745 litatem
2081 1688 2206 1758 quae
2235 1688 2479 1743 insecuta
2523 1685 2687 1740 fuerit
2722 1699 2819 1739 eos
2847 1683 2985 1751 apud
3019 1694 3159 1750 quos
3188 1687 3421 1734 testatus

1851 1777 2065 1841 fuisset,
2103 1776 2303 1831 factam
2334 1783 2457 1846 post
2492 1769 2716 1828 Joannis
2743 1770 3110 1827 testimonium
3139 1785 3166 1820 a
3195 1766 3343 1834 Jesu,
3365 1775 3422 1821 ut

1780 1856 1822 1911 Β
1852 1869 2112 1940 perfectio
2143 1866 2438 1924 testimonii
2460 1864 2686 1920 Joannis
2713 1863 3106 1935 declararetur.
3125 1859 3265 1927 Quin
3294 1868 3422 1913 ante

1856 1966 1973 2020 haec
2010 1962 2315 2031 testimonia
2347 1959 2601 2029 Baptistae
2642 1955 2940 2013 exsultatio
2980 1969 3093 2025 prae
3137 1953 3335 2023 gaudio
3367 1954 3421 2005 in

1855 2054 2324 2123 uteroElisabeth
2370 2060 2590 2121 propter
2616 2049 2800 2104 Mariae
2831 2047 3239 2125 salutationem,
3276 2044 3423 2117 testi-

1855 2150 2093 2205 monium
2124 2148 2225 2203 fuit
2260 2148 2327 2202 de
2351 2146 2589 2208 Christo,
2625 2141 2952 2198 testiﬁcante
2982 2139 3224 2208 Baptista
3249 2138 3315 2192 de
3336 2136 3424 2191 di-

1854 2243 2082 2296 vinitate
2118 2238 2490 2308 conceptionis
2527 2246 2581 2292 et
2613 2243 2767 2291 ortus
2796 2232 3022 2289 Christi.
3045 2229 3183 2298 Quid
3233 2228 3425 2300 plura?

1857 2334 1949 2390 Vel
1971 2334 2168 2403 ubique
2193 2330 2347 2387 testis
2364 2342 2417 2386 et
2439 2342 2743 2400 prazcursor
2759 2326 2886 2382 Jesu
2907 2335 2990 2380 est
3003 2322 3242 2379 Joannes
3271 2331 3428 2376 ante-

1856 2436 2071 2481 vertens
2106 2426 2250 2480 illius
2271 2433 2470 2485 ortum,
2502 2432 2557 2477 et
2580 2420 2737 2491 paulo
2762 2429 2890 2474 ante
2920 2427 3149 2473 mortem
3171 2414 3295 2470 Filii
3333 2415 3426 2468 Dei

1857 2519 2113 2583 moriens,
2132 2526 2191 2570 ut
2224 2532 2330 2570 non
2359 2512 2834 2577 solum'ad'vivos,
2852 2516 3120 2565 verumet
3148 2508 3215 2563 ad
3242 2520 3432 2576 exspe-

1854 2620 2063 2667 ctantes
2080 2610 2380 2664 libertatem
2400 2622 2426 2660 a
2447 2615 2619 2662 morte
2637 2620 2730 2676 per
2742 2604 3016 2661 Christum
3030 2601 3286 2667 futuram,
3303 2606 3431 2654 ante

1854 2702 2129 2758 Christum
2158 2702 2479 2766 adveniens,
2511 2699 2711 2768 ubique
2745 2697 2970 2752 Domino
3002 2703 3222 2765 pararet
3261 2707 3432 2764 popu-

1856 2798 1966 2851 lum
1994 2793 2408 2859 instrnctum”;
2436 2793 2692 2863 pertingit
2722 2800 2902 2845 autem
2933 2804 3100 2860 usque
3133 2789 3198 2842 ad
3228 2802 3431 2842 secun—

1856 2892 2007 2954 dum,
2035 2903 2269 2957 eumque
2308 2888 2627 2942 diviniorem
2650 2925 2666 2951 ,
2694 2885 2907 2941 Christi
2932 2885 3224 2938 adventum
3264 2878 3433 2936 Joan-
3494 2950 3503 2958 ο

1857 2985 1940 3039 nis
1976 2981 2367 3038 testimonium.
2406 2998 2425 3031 ι
2466 2979 2523 3034 Si
2554 2979 2700 3034 enim
2743 2976 2927 3041 vultis,
2968 2975 3141 3043 inquit
3166 2973 3235 3038 “,
3281 2972 3430 3027 reci-

1856 3090 2022 3146 pere,
2101 3074 2215 3144 ipse
2288 3081 2372 3127 est
2448 3070 2632 3137 Elias,
2699 3068 2796 3139 qui
2856 3078 3118 3123 venturus
3165 3076 3267 3121 est.
3325 3064 3432 3132 Qui

1856 3169 2016 3224 habet
2063 3179 2223 3221 aures
2263 3162 2536 3228 audiendi,
2579 3161 2779 3217 audiat.
2823 3178 2845 3211 ι
2876 3158 3142 3215 Caeterum
3188 3171 3309 3212 cum
3362 3156 3435 3209 sit

1849 3260 2171 3333 principium
2216 3258 2268 3313 in
2306 3272 2412 3327 quo
2434 3263 2518 3310 est
2537 3255 2728 3310 Sermo
2745 3252 2913 3324 (quod
2954 3248 3272 3320 sapientiam
3312 3262 3434 3303 esse

1851 3370 1917 3409 ex
1947 3353 2364 3409 Proverbiorum
2410 3348 2546 3403 libro
2585 3342 2972 3415 ostendimus),
3001 3354 3232 3411 cumque
3269 3340 3433 3395 etiam

1852 3449 1924 3503 sit
1962 3445 2192 3507 Sermo,
2232 3449 2393 3511 atque
2442 3438 2553 3492 vita
2606 3439 2659 3490 in
2714 3436 2818 3491 hoc
2876 3435 3061 3497 facta,
3120 3446 3185 3487 ac
3239 3430 3435 3485 deinde

1853 3539 1962 3593 vita
1980 3537 2052 3591 sit
2073 3535 2162 3589 lux
2184 3533 2480 3599 hominum,
2500 3544 2683 3599 quaero
2698 3518 2797 3582 cur
2825 3527 3060 3592 tandem,
3081 3540 3200 3580 cum
3224 3541 3244 3575 ι
3268 3524 3434 3578 homo

1856 3631 2053 3685 missus
2078 3642 2109 3681 a
2151 3627 2282 3693 Deo,
2317 3625 2405 3679 cui
2451 3636 2649 3678 nomen
2678 3628 2796 3674 erat
2823 3616 3082 3682 Joannes,
3126 3614 3339 3670 venerit
3364 3614 3432 3668 ad

1860 3719 2278 3785 testiﬁcandum,
2296 3726 2355 3771 ut
2377 3714 2760 3771 testiﬁcaretur
2786 3713 2853 3767 de
2883 3710 3125 3774 luce",».r
3143 3722 3249 3763 non
3269 3706 3430 3762 etiam

1858 3814 2068 3871 venerit
2104 3821 2163 3866 ut
2201 3810 2588 3866 testiﬁcaretur
2618 3807 2685 3860 de
2716 3804 2860 3872 vita,
2890 3802 2978 3858 vel
3008 3810 3065 3854 ut
3112 3799 3433 3855 testiﬁcare-

1859 3916 1950 3962 tur
1983 3905 2049 3960 de
2080 3902 2362 3964 Sermone,
2394 3899 2479 3953 vel
2508 3899 2574 3951 de
2603 3896 2890 3965 principio,
2911 3893 2992 3946 vel
3020 3894 3089 3967 de
3111 3902 3434 3960 quacunque

1860 3999 1966 4054 alia
1993 3994 2428 4052 consideratione
2473 3989 2675 4045 Christi
2708 3989 2734 4041 ἓ
2762 3987 2995 4042 Proinde
3027 3982 3310 4039 considera
3341 3995 3434 4046 an,

1862 4091 2117 4160 quoniam
2156 4106 2174 4140 ι
2204 4086 2435 4157 populus
2465 4084 2556 4154 qui
2601 4082 2823 4140 sedebat
2849 4081 2902 4135 in
2953 4077 3215 4143 tenebris,
3243 4075 3440 4128 viderit

167 4187 217 4238 εί
233 4184 461 4258 μὴ(26⁶)
481 4203 500 4236 ι
517 4184 547 4235 ὁ
563 4183 698 4250 λαὸς
717 4168 1131 4264 ὀκαθήμενοςηέν
1149 4195 1329 4268 σκότῳ
1340 4196 1454 4269 φῶς
1463 4192 1569 4252 εἶδε
1582 4168 1743 4269 μέγα,

1913 4198 2038 4240 cem
2096 4195 2348 4252 magnam
2375 4177 2445 4245 “,
2482 4197 2502 4229 ι
2536 4186 2592 4232 et
2622 4177 2878 4247 quoniam
2918 4192 2936 4225 ι
2972 4173 3064 4226 lux
3107 4171 3160 4225 in
3195 4168 3437 4223 tenebris

166 4278 268 4332 καὶ
283 4279 414 4332 ἐπεὶ
442 4297 463 4331 ι
482 4279 547 4333 τὸ
573 4281 690 4350 φῶς
711 4283 769 4336 ἐν
794 4286 859 4356 τῇ
888 4285 1077 4358 σκοτίᾳ
1108 4288 1311 4358 φαίνει,
1336 4307 1355 4341 ι
1379 4288 1454 4362 μὴ
1479 4293 1759 4365 καταλαμ-

163 4368 473 4442 ϐανόμενον
505 4372 599 4426 ὑπ’
630 4372 823 4445 αὐτῆς,
852 4378 902 4429 οἱ
932 4379 991 4431 ὲν
1016 4378 1193 4451 σκότῳ
1229 4382 1588 4451 τυγχάνοντες
1619 4382 1762 4436 δέον-

160 4480 259 4518 ται
286 4464 489 4532 φωτὸς,
519 4466 803 4522 τουτέστιν
815 4468 868 4521 οί
889 4469 1186 4540 ἄνθρωποι.
1203 4472 1275 4526 EE
1293 4472 1400 4545 γὰρ
1427 4473 1489 4527 τὸ
1515 4473 1631 4544 φῶς
1654 4474 1783 4530 τῶν·

1863 4276 2006 4332 lucet
2039 4294 2059 4327 ι
2101 4289 2208 4329 non
2255 4271 2590 4342 deprehensa
2618 4269 2687 4324 ab
2714 4269 2849 4340 ipsis
2882 4265 3119 4322 tenebris
3136 4263 3205 4330 υτ,
3240 4260 3316 4316 illi
3341 4262 3435 4330 qui

1864 4377 1992 4425 sunt
2022 4369 2078 4424 in
2110 4364 2380 4429 tenebris,
2412 4378 2606 4432 nempe
2656 4361 2938 4425 homines,
2970 4357 3090 4412 luce
3139 4355 3434 4424 indigeant.

1865 4465 2001 4518 Nam
2034 4462 2080 4517 si
2113 4460 2207 4514 lux
2238 4458 2516 4513 hominum
2543 4456 2596 4510 in
2624 4453 2863 4509 tenebris
2888 4453 3052 4516 lucet,
3082 4449 3192 4520 92
3222 4448 3438 4518 quando

158 4555 480 4629 ἀνθρώπων
512 4559 570 4612 ἐν
600 4561 666 4631 τῇ
702 4560 891 4633 σκοτίᾳ
920 4563 1129 4632 φαίνει,
1174 4540 1580 4637 ένθατούδαμιῦς
1606 4568 1745 4641 ἐνέρ-

1913 4554 2013 4609 ulla
2038 4552 2260 4610 omnino
2298 4549 2643 4605 tenebrarum
2688 4545 2933 4616 operatio
2965 4543 3089 4607 erit,
3133 4552 3262 4596 tunc
3302 4540 3439 4593 alias

160 4665 298 4718 γεια
319 4651 543 4715 σκοτίας
563 4648 823 4723 τυγχάνει
842 4694 856 4718 ,
883 4656 1085 4728 ἐτέρων
1117 4657 1369 4712 ἐπινοιῶν
1395 4660 1489 4714 τοῦ
1520 4662 1757 4734 Χριστοῦ

160 4744 613 4815 κοινωνήσομεν,
661 4745 756 4801 νῦν
800 4749 1004 4820 κυρίως
1044 4749 1151 4804 καὶ·
1181 4750 1323 4805 κατὰ
1349 4751 1410 4805 τὸ
1448 4753 1671 4825 ἀκριϐὲς
1696 4754 1757 4807 οὐ

165 4838 506 4907 μετέχοντες
529 4837 730 4893 αὐτῶν.
761 4839 887 4905 Πῶς
920 4840 1030 4913 γάρ
1061 4843 1361 4915 μετέχομεν
1400 4844 1565 4916 ζωῆς,
1596 4846 1646 4898 οί
1679 4845 1759 4900 ἔτι

157 4928 231 4981 τὸ
264 4928 433 5001 σῶμα
452 4928 550 4983 τοῦ
577 4929 804 4985 θανάτου
832 4935 1206 5006 περικείμενοι
1242 4952 1258 5000 ;
1293 4955 1312 4987 ι
1333 4929 1431 4988 Ὧν
1457 4939 1490 5006 ή
1526 4935 1640 5007 ζωὴ
1665 4937 1757 4991 κέ-

159 5038 420 5092 κρυπται
467 5023 566 5076 σὺν
614 5022 696 5094 τῷ
730 5025 950 5097 Χριστῷ
1000 5027 1057 5080 ἐν
1095 5026 1179 5099 τῷ
1197 5026 1359 5098 Θεῷ;
1398 5029 1564 5082 Ὅταν
1596 5028 1704 5100 γὰρ
1730 5029 1757 5082 6

158 5113 414 5184 Χριστὸς
444 5114 757 5187 φανερωθῇ,
782 5117 816 5186 ή
849 5115 962 5186 ζωὴ
988 5118 1163 5190 ήμῶν,
1197 5120 1317 5173 τότε
1346 5119 1442 5177 καὶ
1467 5121 1632 5190 ἡμεῖς
1660 5121 1758 5175 σὺν

159 5210 327 5282 αὐτῷ
350 5210 855 5283 φανερωθησόμεθα
879 5214 937 5266 ἐν
968 5213 1115 5287 δόξῃ.
1153 5234 1172 5266 ι
1205 5215 1318 5286 Οὐχ
1348 5211 1460 5269 οἷόν
1482 5231 1542 5266 τε
1573 5209 1667 5269 οὖν
1689 5210 1760 5287 ἦν

157 5303 267 5358 τὸν
296 5300 526 5359 ἐλθόντα
561 5306 909 5377 μαρτυρῆσαι
957 5308 1086 5379 περὶ
1129 5308 1227 5379 τῆς
1266 5306 1414 5379 ζωῆς
1440 5308 1543 5379 τῆς
1586 5307 1667 5362 ἔτι
1697 5308 1765 5364 ἂν

161 5396 566 5468 κρυπτομένης
600 5397 701 5451 σὺν
726 5396 805 5469 τῷ
835 5396 1057 5471 Χριστῷ
1093 5402 1151 5453 ἐν
1176 5399 1254 5472 τῷ
1288 5401 1426 5472 Θεῷ.
1470 5400 1609 5455 Ἀλλ’
1643 5400 1765 5455 οὐδὲ

158 5483 343 5560 ἦλθεν
368 5491 449 5552 είς
473 5488 804 5561 μαρτυρίαν,
823 5490 908 5544 ἵνα
942 5493 1275 5564 μαρτυρήσῃ
1295 5490 1542 5564 περὶτοῦ
1567 5492 1764 5561 Λόγου,

1868 4644 2071 4701 Christi
2130 4640 2596 4698 considerationes
2643 4636 3121 4707 participabimus,
3174 4647 3297 4688 cum
3332 4631 3438 4685 mi-

1869 4738 2014 4793 nime
2060 4736 2213 4806 ipsas
2248 4732 2469 4805 proprie
2513 4746 2692 4795 nunc,
2731 4739 2785 4783 et
2832 4737 2985 4783 certo
3029 4724 3437 4797 participemus.

1868 4831 2003 4886 Nam
2044 4828 2315 4901 quomodo
2360 4828 2482 4882 vitae
2519 4825 2813 4896 participes
2861 4836 3069 4887 sumus,
3121 4821 3216 4890 qui
3263 4820 3442 4877 adhuc

1868 4937 2098 4993 corpore
2129 4923 2232 4977 hoc
2259 4918 2476 4976 mortali
2522 4915 2971 4973 ctrcumdamur?
3006 4931 3024 4965 ι
3056 4913 3296 4980 Quorum
3332 4914 3440 4967 vita

1865 5016 2181 5072 abscondita
2210 5022 2294 5069 est
2319 5027 2423 5067 una
2448 5026 2571 5067 cum
2604 5010 2822 5066 Christo
2847 5009 2898 5062 in
2950 5007 3060 5063 Deo
3087 5009 3110 5060 ί
3135 5008 3268 5063 Cum
3297 5007 3446 5061 enim

1868 5107 2121 5164 Christus
2173 5105 2487 5176 apparuerit
2533 5105 2641 5157 vita
2694 5110 2903 5165 nostra,
2935 5112 3060 5156 tunc
3087 5110 3143 5155 et
3184 5114 3280 5153 nos
3308 5114 3441 5152 cum-

1867 5198 1985 5269 ipso
2030 5196 2413 5268 apparebimus
2438 5197 2490 5251 in
2521 5196 2691 5267 gloria
2727 5194 2794 5248 ⁸⁸.
2834 5214 2853 5247 ι
2894 5192 3066 5247 Homo
3094 5206 3226 5262 ergo
3266 5189 3443 5245 nullus

1865 5293 1959 5362 qui
2009 5292 2271 5357 venisset,
2307 5290 2586 5346 testiﬁcari
2638 5297 2852 5359 poterat
2882 5288 2949 5344 de
2987 5287 3096 5341 vita
3142 5286 3443 5342 etiamnum

1864 5400 1987 5441 cum
2013 5383 2232 5441 Christo
2256 5384 2574 5439 abscondita
2600 5382 2654 5437 in
2688 5382 2817 5439 Deo.
2859 5381 2966 5437 Sed
2992 5393 3165 5448 neque
3196 5376 3342 5431 venit
3375 5374 3446 5430 ad

1869 5479 2293 5545 testiﬁcandum,
2323 5486 2381 5531 ut
2433 5476 2819 5531 testiﬁcaretur
2878 5473 2946 5527 de
2985 5472 3290 5527 Sermone:
3323 5468 3444 5525 δοες

162 5581 354 5650 Λάγον
376 5582 537 5654 ήμῶν
554 5581 824 5637 νοούντων
851 5581 943 5637 τὸν
966 5585 1024 5636 ἐν
1047 5583 1188 5655 ἀρχῇ
1210 5584 1348 5655 πρὸς
1370 5584 1461 5636 τὸν
1491 5584 1644 5650 Θεὸν,
1675 5601 1745 5638 κα

1913 5589 2087 5630 tonent
2139 5569 2611 5629 considerantibus
2666 5568 2821 5623 nobis
2875 5568 2929 5621 in
2976 5564 3238 5635 principio
3299 5564 3443 5633 apud

246 5697 298 5729 ⁸³
314 5694 469 5751 Joan.
487 5693 542 5761 l,
559 5694 614 5751 7.
692 5692 740 5735 '-’
755 5691 889 5752 Luc.
914 5709 955 5760 ι,
976 5693 1062 5749 17.
1138 5693 1387 5752 l“Matth.
1404 5711 1481 5761 ιι,
1502 5695 1588 5762 14,
1609 5696 1695 5753 15.

1913 5695 2153 5762 οη.ι,6.
2229 5687 2879 5757 “lsa.tx,2;Matth.tv,
2908 5684 2993 5740 16.
3072 5680 3447 5750 "Joan.t,5.

168 5768 434 5823 “Culus.
471 5783 532 5823 tu
553 5805 570 5832 ,
599 5767 661 5831 5,
688 5764 748 5820 4.

254 5855 395 5933 (26')
428 5857 595 5931 Legit
616 5856 895 5926 interpres
911 5851 973 5925 ,εὶ
991 5849 1101 5922 μὴ,
1138 5849 1268 5907 ἐπεὶ
1300 5853 1334 5906 ό
1358 5853 1525 5920 λαὸς,
1557 5869 1610 5908 κ.
1642 5869 1690 5907 τ.
1730 5850 1745 5906 J

1913 5880 1980 5921 lT.
