3766 6142
417 356 512 420 185

1877 368 2199 426 ORIGENIS

3539 369 3633 424 184

406 482 575 540 Deum
603 484 671 553 ",
702 492 758 541 et
783 483 952 540 Deum
995 484 1310 543 Sermonem
1345 484 1367 541 ι’
1400 500 1563 558 super
1600 497 1798 543 terram
1831 488 1945 543 enir

2085 487 2212 541 Θεὸν
2239 485 2442 557 Λόγον·
2478 485 2571 540 ἐπὶ
2599 486 2700 557 γῆς
2729 483 2837 554 γὰρ
2856 485 2884 536 ό
2908 484 3077 552 Λόγος
3107 481 3242 555 σὰρξ
3271 482 3499 553 ἐγένετο.
3532 484 3635 539 Καὶ

380 580 601 634 Sermo
630 578 811 635 factus
845 589 930 636 est
976 596 1106 636 caro
1136 581 1205 636 σθ.
1235 581 1299 636 Et
1358 580 1550 637 fuisset
1608 582 1974 637 testimonium

397 672 677 743 (quamvis
728 675 1053 744 quibusdam
1104 676 1383 732 videretur
1430 690 1553 730 esse
1590 677 1657 730 de
1690 675 1973 745 Sermone)

401 766 622 835 proprie
667 765 954 822 dicendum
981 769 1046 823 de
1085 767 1347 823 Sermone
1381 768 1470 837 qui
1502 768 1674 823 factus
1703 778 1789 823 est
1822 781 1970 827 caro,

399 872 509 913 non
539 861 810 915 autem-de
836 860 1100 915 Sermone
1132 861 1222 914 Dei
1240 879 1262 922 ος
1290 875 1460 932 quare
1484 875 1599 914 non
1620 861 1769 914 venit
1807 870 1865 916 nt
1890 869 1972 914 te-

398 951 731 1006 stiﬁcaretur
761 951 829 1007 de
865 951 1150 1006 Sermone.
1184 950 1468 1017 Quomodo
1510 951 1625 1004 ﬁeri
1669 965 1796 1004 vero
1823 959 1976 1020 pote-

396 1054 484 1097 rat
520 1043 887 1099 testimonium
917 1044 985 1098 de
1015 1044 1280 1114 sapientia
1305 1058 1438 1114 pure
1466 1042 1754 1112 lucideque
1780 1057 1968 1097 verum

399 1149 507 1189 non
537 1132 971 1206 dispicientibus,
998 1132 1211 1189 etiamsi
1229 1129 1609 1188 existimarent
1634 1149 1692 1188 se
1711 1122 1972 1201 agnosce-

394 1241 478 1292 re,
506 1229 598 1283 sed
625 1228 975 1283 cernentibus
998 1242 1096 1297 per
1126 1226 1399 1297 speculum
1422 1235 1476 1281 et
1501 1226 1554 1279 in
1579 1227 1864 1296 aenigmate
1885 1224 1971 1278 ιιι

358 1352 363 1357 -
394 1318 629 1374 Proinde
658 1318 943 1387 probabile
977 1328 1059 1373 est
1093 1316 1353 1380 futurum,
1415 1325 1472 1369 ut
1509 1325 1635 1370 ante
1671 1315 1968 1371 secundum

380 1419 446 1466 et
477 1409 800 1467 diviniorem
831 1409 1029 1466 Christi
1060 1411 1371 1464 adventum“
1394 1408 1575 1463 veniat
1602 1405 1839 1461 Joannes
1875 1415 1970 1461 aut

389 1504 537 1562 Elias
589 1506 656 1560 ad
708 1505 1108 1560 testificandum
1157 1504 1224 1559 de
1268 1503 1379 1557 vita
1405 1500 1965 1571 ,-paulolantequam

387 1587 639 1650 Christus
670 1595 1102 1650 inanil'i-standus
1143 1597 1215 1649 sit
1250 1596 1360 1648 vita
1400 1604 1608 1655 nostra,
1638 1604 1709 1648 'ac
1750 1602 1861 1647 tum
1900 1594 1967 1648 de

388 1686 651 1743 Sermone
674 1687 1014 1743 testiﬁcaturi
1044 1684 1557 1757 sititosteitsuriqiie
1593 1685 1961 1740 testimonium

386 1782 454 1834 de
471 1779 762 1849 sapientia.
781 1779 1132 1850 lndagatione
1164 1789 1342 1835 autem
1356 1791 1554 1853 egetan
1569 1783 1622 1839 in
1643 1794 1964 1851 unaquaque

384 1843 821 1927 consideratione
866 1843 942 1926 de
981 1872 1200 1927 Christo
1245 1843 1556 1927 testilicatio
1607 1843 1833 1927 Joannis
1875 1843 1963 1940 sit
1993 1843 2035 1900 Β

381 1963 549 2018 veluti
578 1966 903 2036 prat'cursor.
939 1963 1064 2019 llaec
1083 1963 1299 2034 quidem
1328 1963 1382 2018 in
1421 1963 1549 2018 illud
1577 1977 1593 2017 :
1629 1982 1650 2015 ι
1681 1962 1779 2018 Hic
1808 1963 1961 2018 venit

382 2057 450 2111 ad
485 2055 910 2123 testiﬁcandum,
943 2065 1000 2111 ut
1031 2056 1416 2112 testiﬁcaretur
1444 2057 1510 2112 de
1529 2057 1651 2113 luce
1665 2058 1770 2113 θ’.»
1794 2057 1956 2112 Dein-

371 2155 509 2218 'ceps
537 2164 664 2204 vero
693 2149 1152 2205 considerandum
1181 2153 1266 2207 εει
1295 2154 1423 2221 quid
1476 2149 1834 2206 commentari
1863 2150 1958 2203 de-

376 2240 606 2297 beamus
631 2242 683 2296 in
704 2242 831 2297 illud
858 2258 872 2294 :
898 2259 917 2294 ι
948 2240 1221 2299 Utomnes
1244 2243 1531 2299 crederent
1552 2256 1648 2311 per
1681 2241 1828 2296 illum
1861 2240 1959 2298 “.i

2074 574 2143 651 ἦν
2170 579 2236 634 ἂν
2268 579 2560 651 μαρτυρία,
2589 578 2659 649 (εί
2681 578 2774 630 καὶ
2802 576 2975 629 ἐδόκει
3008 573 3246 644 γίνεσθαι
3273 576 3400 646 περὶ
3429 575 3519 629 τοῦ
3543 578 3636 630 Δό-

2074 674 2218 742 γου,)
2245 672 2451 743 κυρίως
2486 670 2553 723 ἂν
2579 668 3018 739 λεχθησομένηή
3066 668 3194 738 περὶ¹
3224 667 3395 737 Λόγου
3433 670 3637 740 γενομέ-

2073 781 2166 818 νου
2195 763 2396 836 σαρκὸς
2418 805 2434 829 ,
2478 761 2599 833 οὐχὶ
2632 762 2690 814 δὲ
2722 761 2896 829 Λόγου
2929 758 3083 813 Θεοῦ·
3134 759 3323 831 διόπερ
3353 760 3452 813 οὑκ
3483 757 3636 832 ἦλθεν

2050 856 2160 910 ιῖνα
2207 856 2531 928 μαρτυρήσῃ
2579 854 2707 925 περὶ
2749 853 2842 907 τοῦ
2890 850 3083 923 Λόγοσ.
3126 852 3252 917 Πῶς
3287 853 3343 906 δὲ
3379 854 3636 925 μαρτυρία

2044 948 2280 1018 ἐγίνετο
2309 947 2440 1019 (2'1).
2466 945 2713 1016 γίνεσθαι
2744 945 2871 1017 περὶ
2896 945 3003 1023 τῆς
3030 944 3222 1014 σοφίας
3237 947 3393 1009 θτοῖς,
3441 944 3538 999 κᾶν
3558 946 3637 999 δο-

2072 1041 2241 1094 κῶσιν
2266 1040 2580 1109 ἐγνωκέναι,
2598 1039 2659 1092 οὑ
2690 1038 2750 1092 τὸ
2779 1037 3035 1109 καθαρῶς
3055 1037 3256 1109 ἀληθὲς
3274 1037 3636 1107 κατανοοῦσιν,

2044 1131 2206 1185 -ἀλλὰ
2241 1130 2494 1201 βλέπουσι
2525 1130 2590 1183 δι’
2616 1130 2883 1201 ἐσόπτρου
2911 1129 3007 1182 καὶ
3040 1131 3098 1181 ὲν
3129 1128 3411 1199 αἰνίγματι
3436 1146 3450 1194 ;
3484 1130 3634 1195 Εῐκδς

2074 1222 2320 1294 μέντοιγε
2353 1222 2458 1293 πρὸ
2481 1222 2579 1286 τῆς
2613 1221 2875 1293 δευτέρας
2903 1221 3015 1292 (28)
3059 1221 3153 1279 καὶ
3188 1219 3470 1292 θειοτέρας
3514 1223 3639 1294 Χρι-

2071 1313 2197 1368 στοῦ
2223 1314 2517 1386 ἐπιδημίας
2542 1314 2858 1368 ἐλεύσεσθαι
2891 1314 3305 1386 μαρτυρήσοντα
3344 1314 3437 1367 τὸν
3472 1315 3640 1369 Ἰωάν·

2067 1424 2185 1479 νην,
2231 1407 2265 1479 ἢ
2310 1409 2492 1461 Ἠλίαν
2536 1409 2666 1480 περὶ
2705 1407 2883 1478 ζωῆς,
2925 1406 3032 1478 πρὸ
3069 1407 3251 1476 ὀλίγου
3291 1407 3382 1460 τὸν
3416 1407 3640 1479 Χριστὸν

2068 1499 2549 1571 φανερωθήσεσθαι
2569 1500 2669 1569 τὴν
2695 1497 2839 1570 ζωὴν
2868 1501 2900 1569 ή
2908 1498 3025 1569 μῶν
3049 1515 3062 1528 ·
3094 1498 3188 1552 καὶ
3213 1498 3333 1551 τότε
3364 1500 3639 1570 μαρτυρή-

2068 1609 2181 1646 σειν
2206 1591 2335 1666 περὶ
2360 1591 2456 1644 τοῦ
2487 1591 2682 1660 Λόγου,
2714 1591 3087 1661 παραστήσειν
3111 1607 3168 1644 τε
3194 1591 3254 1643 τὸ
3279 1591 3409 1662 περὶ
3434 1591 3532 1660 τῆς
3560 1607 3640 1643 σο-

2067 1684 2196 1755 φίας
2227 1683 2544 1758 μαρτύριον.
2582 1683 2823 1737 Βασάνου
2855 1681 2913 1735 δὲ
2939 1681 3111 1735 δεῖται
3145 1684 3194 1735 εἰ
3222 1682 3427 1735 ἔνεστιν
3460 1676 3569 1734 οἷον
3607 1684 3637 1753 ἡ

2076 1776 2325 1830 Ἰωάννου
2360 1775 2634 1847 μαρτυρία
2664 1774 2969 1846 πρόδρομος
3003 1774 3206 1845 ἑκάστῃ
3247 1774 3356 1828 τῶν
3391 1772 3488 1826 τοῦ
3518 1771 3639 1844 Χρι-

2067 1868 2194 1924 στοῦ
2228 1868 2497 1923 ἐπινοιῶν.
2539 1867 2725 1922 Ταῦτα
2753 1867 2852 1939 μὲν
2883 1868 2965 1930 εἰς
2994 1867 3083 1920 τό·
3126 1885 3144 1918 ι
3176 1861 3341 1929 Οὗτος
3378 1860 3542 1937 ἦλθεν
3567 1866 3640 1930 είς

2069 1962 2393 2037 μαρτυρίαν,
2424 1963 2513 2016 ἵνα
2544 1963 2869 2034 μαρτυρήσῃ
2902 1961 3031 2033 περὶ
3062 1958 3156 2013 τοῦ
3188 1960 3385 2029 φωτός.
3430 1977 3451 2010 ι
3490 1958 3640 2027 Ἑξῆς

2065 2056 2123 2110 δὲ
2152 2055 2510 2110 ἐπισκεπτέον
2541 2054 2594 2107 τί
2633 2054 2715 2107 δεῖ
2753 2056 2895 2107 νοεῖν
2929 2054 3011 2117 είς
3050 2052 3303 2106 τό·σ”1να
3330 2049 3533 2114 πάντες
3558 2066 3641 2103 πμ

2067 2148 2332 2203 στεύσωσι
2363 2147 2429 2204 δι’
2452 2146 2638 2201 αὑτοῦ.
2656 2171 2674 2205 ι

486 2495 581 2553 EX
617 2496 854 2556 EODEM
886 2499 1078 2560 TOMO
1109 2500 1177 2571 ll,
1218 2502 1403 2560 APUD
1427 2502 1836 2563 PAMPHILUM
1874 2505 2264 2564 MARTYREM
2302 2505 2373 2562 IN
2410 2503 2783 2562 APOLOGIA
2821 2502 2963 2561 PRO
3003 2499 3341 2561 ORIGENE
3388 2499 3528 2575 (‘29).

364 2712 373 2718 _
453 2639 785 2712 Unigenitus
801 2658 933 2713 ergo
959 2645 1102 2701 Deus
1129 2645 1381 2702 Salvator
1415 2658 1603 2703 noster
1624 2649 1770 2704 solus
1792 2665 1821 2703 a
1855 2648 1954 2704 Pa—

366 2742 466 2809 tre
486 2748 794 2806 generatus,
829 2724 1020 2792 natura
1050 2750 1106 2794 et
1146 2755 1255 2795 non
1300 2741 1591 2810 adoptione
1624 2741 1796 2797 Filius
1838 2753 1953 2805 est;

366 2839 538 2903 natus
580 2841 759 2886 autem
805 2846 870 2886 ex
903 2832 1021 2902 ipsa
1065 2832 1247 2888 Patris
1288 2841 1490 2900 mente,
1522 2833 1666 2888 sicut
1707 2833 1957 2890 voluntas

373 2940 442 2979 ex
478 2910 679 2979 mente.
722 2924 841 2979 Non
886 2912 1031 2980 enim
1063 2926 1357 2983 divisibilis
1392 2938 1475 2982 est
1519 2927 1699 2984 divina
1738 2938 1952 2992 natura,

373 3018 429 3072 id
453 3027 540 3093 est
559 3016 780 3087 ingeniti
798 3002 1079 3083 Pa‘ir‘iw
1104 3029 1359 3088 putemus
1383 3021 1467 3075 vel
1482 3021 1748 3078 divisione
1763 3020 1845 3075 vel
1862 3020 1961 3075 im-

372 3108 679 3189 minutione
718 3110 1037 3187 substantiae
1064 3114 1184 3184 ejus
1218 3113 1409 3168 Filium
1438 3130 1560 3171 esse
1590 3115 1953 3187 progenitum.

373 3198 482 3258 Sed
499 3205 807 3270 sivemens,
830 3205 947 3261 sive
975 3219 1093 3272 cor,
1120 3216 1214 3262 aut
1241 3222 1433 3264 sensus
1459 3208 1524 3264 de
1559 3209 1666 3264 Deo
1695 3208 1958 3265 dicendus

2061 2661 2162 2717 est,
2212 2651 2552 2707 indiscussns
2583 2663 2930 2720 permanens,
2960 2664 3180 2720 germen
3235 2646 3525 2718 proferens
3550 2662 3637 2702 vo.

2062 2745 2307 2811 luntatis,
2338 2746 2513 2801 factus
2541 2756 2625 2801 est
2674 2743 2836 2799 Verbi
2885 2742 3083 2807 Pater;
3118 2743 3262 2812 quod
3316 2741 3554 2796 Verbum
3586 2740 3636 2794 in

2061 2837 2185 2894 sinu
2226 2837 2405 2893 Patris
2444 2838 2824 2907 requiescens,
2856 2836 3147 2891 annuntiat
3182 2852 3203 2886 ι
3241 2833 3433 2897 Deum,
3480 2848 3636 2902 quem

2063 2944 2223 2987 nemo
2247 2929 2381 2986 vidit
2414 2944 2653 3000 unquam
2668 2929 2768 2998 “,i
2788 2938 2843 2984 et
2863 2928 3073 2983 revelat
3098 2926 3338 2990 Patrem,
3360 2940 3522 2995 quem
3550 2939 3641 2979 ne-

2063 3038 2154 3079 mo
2185 3024 2438 3094 cognovit
2458 3023 2560 3077 nisi
2594 3023 2711 3091 ipse
2749 3021 2898 3077 solus
2921 3023 2987 3086 ⁸⁸,
3017 3020 3101 3076 his
3124 3019 3262 3091 quos
3287 3019 3355 3075 ad
3378 3034 3504 3074 eum
3540 3017 3633 3071 Pa-

2060 3125 2142 3171 ter
2169 3114 2407 3171 cmlestis
2437 3113 2726 3169 attraxerit
2764 3113 2831 3169 °'.

370 3406 422 3460 Ε
454 3404 744 3474 ρυΑιιΤο
774 3404 978 3461 ΤΟΜΟ
999 3405 1086 3461 ΙΝ
1131 3405 1630 3463 ΕγΑΝσΕιιυιι
1683 3406 1955 3465 SECUN-
1980 3418 2024 3474 C
2079 3409 2177 3461 ΕΚ
2203 3407 2347 3462 ΤΟΥ
2367 3403 2744 3459 ἸῈΤΑΡΤΟΥ
2770 3402 3017 3455 ΤΟΜΟΥ
3038 3401 3176 3454 ΊῺΝ
3196 3402 3315 3454 ΕΙΣ
3352 3402 3439 3455 ΤΟ
3462 3403 3638 3455 ΚΑΤΑ

805 3497 971 3554 DUM
999 3498 1390 3557 JOANNEM.

785 3594 984 3649 Tribus
1012 3610 1042 3648 a
1078 3593 1347 3662 principio
1371 3594 1536 3651 foliis.

437 3686 549 3760 93
578 3687 628 3742 l.
657 3686 760 3756 Qui
809 3686 1003 3741 dividit
1033 3685 1174 3754 apud
1206 3699 1266 3740 se
1293 3700 1504 3750 vocem,
1540 3695 1595 3742 et
1624 3686 1948 3758 significata,

369 3788 425 3836 et
454 3795 559 3844 res,
585 3795 683 3849 pro
720 3779 918 3849 quibus
947 3779 1199 3832 notiones
1224 3787 1519 3848 ponuntur,
1546 3795 1652 3834 non
1687 3780 1951 3853 impinget

370 3873 438 3926 ad
472 3871 839 3927 soloecismum
870 3871 1040 3937 vocis,
1075 3885 1199 3926 cum
1234 3882 1609 3939 perscrutatus
1642 3886 1730 3928 res
1751 3875 1949 3943 quibus

300 4036 303 4039 γ
368 3963 741 4032 significandis
769 3977 931 4017 voces
955 3962 1306 4027 adhibentur,
1327 3977 1489 4017 sanas
1515 3972 1569 4018 et
1597 3966 1834 4035 integras
1864 3966 1949 4020 in-

367 4057 624 4124 venerit;
666 4054 901 4109 maxime
940 4068 1071 4109 vero
1096 4069 1219 4109 cum
1249 4058 1608 4123 proﬁteantur
1640 4056 1743 4110 viri
1769 4057 1945 4112 sancti

366 4163 675 4204 sermonem
723 4162 881 4201 suum
912 4162 933 4198 ι
978 4153 1035 4201 et
1070 4145 1444 4215 praeconium,
1484 4161 1590 4201 non
1636 4146 1689 4201 in
1723 4164 1946 4218 persna-

366 4243 524 4296 sione
558 4239 839 4310 sapientiae
874 4236 1187 4299 verborum.
1225 4238 1318 4293 sed
1374 4238 1426 4292 in
1478 4239 1944 4297 demonstratione

366 4333 594 4403 spiritus
622 4343 677 4387 et
704 4331 988 4402 potestatis
1027 4349 1049 4384 ι
1081 4345 1202 4387 esse
1226 4329 1292 4384 ".

2605 3494 2927 3549 ΙΩΑΝΜΙΝ
2960 3491 3094 3562 (so).

2413 3585 2567 3643 Μετὰ
2600 3586 2726 3658 τρία
2756 3583 2929 3655 φύλλα
2955 3584 3054 3654 τῆς
3086 3582 3285 3655 ἀρχῆς.

2131 3687 2182 3741 1.
2215 3687 2274 3740 '0
2297 3682 2518 3757 διαιρῶν
2544 3681 2671 3756 παρ’
2693 3678 2868 3751 ἑαυτῷ
2888 3678 3093 3750 φωνὴν,
3117 3677 3211 3732 καὶ
3243 3677 3636 3749 σημαινόμενα,

2060 3780 2155 3834 καὶ
2182 3778 2482 3850 πράγματα
2503 3815 2519 3840 ,
2561 3773 2684 3829 καθ’
2729 3767 2804 3827 ὧν
2837 3774 3014 3826 κεῖται
3043 3770 3113 3825 τὰ
3140 3770 3546 3842 σημαινόμενα,
3576 3770 3634 3823 οὑ

2030 3871 2356 3945 ¹προσκόιιιιει
2383 3870 2462 3943 τῷ
2493 3869 2599 3924 τῶν
2630 3866 2822 3937 φωνῶν
2855 3862 3203 3936 σολοικισμῷ,
3237 3863 3377 3917 ἐπὰν
3402 3862 3637 3930 ἐρευνῶν

2056 3963 2281 4036 εὑρίσκῃ
2310 3962 2420 4031 (51)
2448 3959 2518 4014 τὰ
2541 3959 2860 4033 πράγματα,
2879 3955 3003 4010 καθ’
3031 3948 3106 4008 ὧν
3127 3957 3333 4008 κεῖνται
3363 3955 3421 4008 αἱ
3441 3954 3635 4023 φωναὶ,

2056 4057 2213 4128 ὑγιῆ·
2245 4056 2340 4110 καὶ
2370 4054 2603 4125 μάλιστα
2629 4051 2769 4105 ἐπὰν
2807 4046 3144 4121 ὁμολογῶσιν
3178 4047 3228 4101 οἱ
3266 4047 3413 4115 ἅγιοι
3443 4045 3635 4118 ἄνδρες

2056 4151 2145 4204 τόν
2167 4149 2322 4219 λόγον
2349 4146 2526 4203 αὐτῶν
2560 4165 2579 4197 ‹
2617 4144 2714 4199 καὶ
2736 4143 2796 4198 τὸ
2827 4139 3228 4215 κήρυγμα,οὑκ
3258 4140 3318 4192 ὲν
3349 4139 3531 4193 πειθοί
3550 4155 3638 4192 σοι

2051 4242 2177 4311 φίας
2203 4239 2312 4294 τῶν
2334 4239 2508 4307 λόγων
2533 4237 2668 4310 (52),
2691 4235 2805 4290 ἀλλ’
2821 4235 2881 4289 ὲν
2907 4230 3180 4300 ἀποδείξει
3209 4230 3524 4303 πνεύματος
3542 4231 3635 4286 καὶ

2053 4333 2355 4402 δυνάμεως.
2373 4355 2391 4387 ι

439 4448 485 4480 ⁸⁸
507 4444 725 4510 learnt,
760 4445 810 4499 l.
889 4444 936 4476 °°
965 4444 1094 4515 ibid.
1132 4445 1221 4499 M.
1295 4444 1339 4476 “
1378 4442 1399 4499 Ι
1436 4444 1562 4501 Cor.
1604 4461 1728 4509 xm,
1761 4446 1849 4501 l2.
1940 4451 1945 4476 ⁴

2085 4464 2173 4501 an.
2209 4463 2249 4515 ι,
2286 4445 2341 4501 7.
2424 4444 2469 4477 ⁸³
2499 4443 2632 4500 ibid.
2710 4442 2756 4476 "‘
2791 4441 2923 4497 ibid.
2965 4440 3053 4495 i8.
3131 4439 3178 4472 ⁸⁵
3201 4438 3388 4495 Matth.
3421 4455 3503 4507 ιι,
3542 4439 3630 4497 27.

365 4516 413 4550 “
432 4518 685 4582 Joan.v1,
713 4516 804 4570 44.
880 4516 924 4549 θ’
958 4515 975 4567 Ι
1005 4514 1132 4572 Cor.
1165 4532 1227 4581 ιι,
1252 4516 1317 4585 ,4.

438 4638 551 4712 (27)
591 4640 875 4712 Ἐγίνετο.
906 4638 1050 4709 Lege
1070 4637 1311 4712 ἐδύνατο.

432 4706 553 4781 (28)
579 4706 760 4778 Εἰκὸς
798 4706 1231 4781 μέντοὶγεκπρὸ
1281 4706 1393 4775 τῆς
1445 4706 1752 4781 δευτέρας.
1812 4707 1943 4762 Vide

365 4779 486 4852 quin
513 4798 673 4851 supra
712 4786 778 4835 ad
801 4779 1023 4835 Comm.
1046 4782 1105 4834 in
1155 4779 1349 4834 Matth.
1380 4793 1490 4832 xvn
1521 4794 1687 4849 super
1712 4779 1811 4832 hoc
1848 4793 1942 4831 ar-

366 4864 624 4927 gumento
657 4856 946 4927 ohservata
983 4858 1131 4905 sunt.

435 4923 548 4998 (29)
583 4925 758 4977 Hocce
787 4923 1197 4998 __I'ragmenttttt_t,
1233 4919 1377 4988 quod
1432 4933 1464 4998 εξ
1504 4917 1746 4973 secundo
1799 4927 1945 4971 tomo

362 4989 747 5064 depromptum
782 4994 975 5064 fertur,
1011 4990 1198 5045 nullibi
1237 5001 1415 5043 tamen
1450 4989 1502 5043 in
1551 5004 1618 5042 eo
1665 4999 1810 5064 tonio
1833 5004 1944 5064 .ιέ-

360 5058 542 5136 peries
566 5058 761 5136 {unde
792 5063 874 5117 vel
896 5065 1288 5136 detruncatnm
1317 5076 1439 5113 eum
1469 5075 1588 5136 esse
1614 5058 1944 5136 concluden-

362 5129 489 5189 ilnm
509 5145 615 5196 est,
640 5135 723 5187 vel
755 5133 1145 5203 suspicandum
1177 5129 1707 5203 fragmentumistud
1738 5144 1769 5183 e
1798 5138 1943 5203 tonio

362 5208 557 5277 quinto
590 5219 711 5259 esse
744 5199 1177 5277 ιιεξιιὶιοιιιριιιιιι,Δ
1199 5199 1757 5277 ιιιιοιριιιιιιιοιιιιιιι-ει
1810 5199 1938 5252 illud

362 5268 507 5347 quod
551 5292 615 5328 ex
669 5268 860 5347 eodem
906 5268 1053 5347 tonio
1096 5270 1235 5323 intra
1262 5268 1588 5347 alii-rimus.
1651 5270 1714 5347 Et
1750 5284 1939 5347 revera

363 5338 510 5401 i'dem
538 5353 623 5400 est
664 5345 947 5410 utriusque
985 5340 1275 5405 l'raqmenti
1315 5339 1551 5401 initium,
1584 5340 1770 5410 eadem
1826 5338 1939 5393 fere

359 5422 560 5478 verba;
589 5414 685 5469 sed
713 5430 835 5466 cum
865 5409 1016 5482 prius
1044 5411 1330 5482 Pamphilo
1363 5409 1698 5482 probantium
1729 5410 1936 5462 incum-

362 5485 518 5540 beret
552 5501 620 5540 ex
664 5484 771 5539 Deo
802 5478 962 5537 l’atrc
986 5482 1160 5554 (juxta
1195 5480 1511 5554 Qrigcnem)
1560 5478 1761 5554 Filium
1813 5494 1937 5554 esse

365 5566 581 5622 natum,
616 5565 674 5610 et
709 5555 870 5608 unius
896 5550 1018 5608 esse
1050 5566 1174 5605 cum
1210 5550 1374 5604 Patre
1425 5550 1766 5613 substantiae,
1799 5550 1939 5604 alie-

367 5641 495 5677 num
545 5641 676 5681 vero
741 5640 769 5677 a
826 5624 1146 5678 substantiis
1199 5630 1597 5683 creaturarum,
1651 5628 1935 5689 postquam

369 5696 507 5747 dixit
537 5713 551 5748 :
592 5714 610 5745 ι
647 5694 966 5763 Unigenitus
991 5691 1453 5763 FilinsSaivator
1475 5703 1694 5751 ‘noster,
1722 5706 1812 5757 qui
1846 5705 1932 5763 io-

369 5764 453 5815 lns
484 5781 547 5817 ex
580 5764 741 5817 Patre
764 5762 930 5817 natus
979 5774 1082 5831 est,
1113 5762 1259 5815 solus
1296 5771 1488 5814 natura
1535 5770 1590 5813 et
1641 5776 1747 5814 non
1807 5762 1939 5813 ado-

370 5835 552 5900 ptione
596 5832 761 5887 Filius
788 5847 889 5900 ρει,
927 5854 943 5885 ι
980 5835 1169 5889 relicto
1219 5832 1455 5902 quodam
1512 5831 1824 5897 intervallo,
1872 5832 1938 5886 ad

1978 4641 2023 4696 D
2054 4636 2375 4703 posteriora,
2406 4650 2527 4703 qute
2558 4636 2624 4688 ad
2656 4650 2769 4689 rem
2810 4636 3146 4702 probandam
3188 4636 3487 4704 pertinent,
3525 4645 3632 4691 sla-

2055 4710 2147 4776 tiin
2184 4706 2528 4776 progreditur
2562 4707 2646 4760 his
2675 4707 2857 4760 verbis
2888 4722 2902 4757 :
2941 4725 2958 4757 ι
3004 4705 3136 4760 Item
3166 4707 3217 4760 in
3249 4707 3444 4763 eodem
3473 4709 3629 4763 libro.

2052 4774 2206 4849 Unus
2235 4774 2375 4849 ergo
2423 4786 2530 4849 est.
2579 4796 2598 4828 ι
2635 4787 2743 4849 etc.
2785 4776 2947 4829 Paulo
2969 4787 3100 4849 post
3127 4792 3276 4843 vero,
3318 4789 3377 4831 ιιι
3431 4782 3627 4849 probet

2050 4862 2114 4900 ex
2156 4846 2390 4916 Origene
2427 4846 2620 4900 Filium
2654 4847 2742 4900 Dei
2780 4862 2875 4913 per
2909 4848 3271 4915 prolationem
3303 4846 3493 4902 natnin
3525 4865 3629 4902 non

2048 4932 2191 4981 esse,
2221 4918 2361 4969 idem
2394 4918 2560 4971 hocce
2593 4916 2805 4969 initium
2842 4919 3086 4978 resumit,
3115 4918 3273 4982 cuius
3289 4928 3628 4980 contextum,

2050 5002 2214 5059 quem
2246 4987 2333 5040 hic
2363 4988 2704 5059 exhibemus.
2740 4989 2826 5040 ubi
2860 5002 2926 5041 ea
2959 4991 3025 5041 de
3051 5003 3110 5042 re
3134 4991 3334 5057 agitur,
3371 4992 3442 5043 ad
3468 4990 3629 5044 linem

2054 5057 2228 5127 usque
2279 5057 2611 5110 transcribit.
2651 5058 2853 5112 Deinde
2892 5060 3143 5125 quamvis
3193 5060 3337 5113 nulla
3385 5063 3630 5116 auctori-

2053 5137 2158 5192 tas,
2191 5128 2348 5181 ιιιιιιξι³
2377 5130 2650 5181 variantes
2680 5127 2943 5182 lectiones
2973 5131 3305 5184 admoneant
3332 5140 3543 5184 tomum
3586 5146 3625 5185 ιι

2050 5213 2151 5266 pro
2179 5206 2326 5269 tomo
2348 5212 2379 5249 v
2404 5199 2634 5266 positum
2670 5212 2790 5252 esse
2821 5200 2871 5252 in
2904 5199 3156 5269 Apologia
3186 5199 3485 5268 Pamphili,
3519 5201 3631 5255 Ru-

2050 5268 2194 5338 ﬁnus
2223 5268 2338 5337 ipse
2391 5268 2551 5333 hujus
2580 5270 2846 5336 interpres
2878 5269 3038 5323 facile
3082 5271 3257 5338 potuit
3290 5272 3494 5337 decipi.
3549 5273 3628 5325 Ex

2047 5337 2227 5410 littera
2256 5338 2401 5392 enim
2428 5339 2490 5410 ΔΠ
2515 5339 2660 5410 unde
2686 5340 2907 5407 quintus
2937 5337 3193 5410 numerus
3223 5341 3364 5410 apud
3394 5341 3624 5396 Graecos

2047 5409 2393 5476 exprimitur,
2421 5406 2583 5463 facile
2615 5411 2676 5462 tit
2703 5406 2987 5482 :numerus
3016 5409 3078 5475 ll,
3104 5413 3149 5463 si
3184 5406 3329 5482 lin-ea
3367 5412 3627 5482 superius

2048 5489 2357 5534 transversa
2388 5489 2480 5533 aut
2510 5495 2614 5533 non
2648 5480 2959 5534 advertatur
2988 5491 3082 5534 aut
3113 5481 3381 5536 deleatur.

2114 5547 2226 5621 (50)
2263 5549 2378 5624 Ἐλι⁸
2396 5549 2834 5624 τρῦλτετάρτου,
2861 5561 2967 5606 etc.
2992 5550 3186 5607 Exstat
3214 5555 3318 5608 hoc
3346 5551 3628 5624 fragmen-

2041 5619 2156 5673 tum
2197 5634 2316 5687 cap.
2352 5620 2387 5673 4
2419 5619 2754 5675 Ρὴὶίοεοιὸω.

2022 5702 2027 5703 ί
2114 5690 2227 5767 (ξι)
2252 5691 2542 5767 Ερρισκῄῃῃ.
2568 5692 2662 5745 Sic
2696 5705 2851 5767 mss.;
2878 5691 3013 5767 libb.
3045 5691 3197 5767 editi,
3226 5695 3496 5767 εὑρίσκει.

2044 5761 2228 5885 Μῷἓ)
2282 5761 2408 5816 Τῶν
2455 5764 2672 5831 λόγων.
2712 5761 3023 5831 chcndum
3072 5761 3460 5822 videtnr'eivat
3512 5763 3623 5823 τῶν

2064 5868 2073 5884 ι
2109 5849 2237 5885 πίων.

2064 5849 2237 5902 .ογων.
