3766 6142
303 279 405 336 187

1727 269 2052 330 ORIGENIS

3475 272 3590 332 188

303 408 511 456 trusum
559 405 615 453 et
669 395 829 452 nobis
883 395 1062 451 adhuc
1114 397 1406 450 obscurum
1458 393 1741 463 proposita
1787 392 1878 446 illa

2025 387 2315 460 ρυμμένον,
2338 388 2432 441 καὶ
2459 387 2539 440 ἔτι
2564 389 2693 460 ἡμῖν
2711 388 2894 461 ἀσαφῆ
2917 391 2950 462 ἡ
2981 390 3125 456 λέξις
3149 393 3183 462 ἡ
3213 394 3589 466 προκειμένη,

302 491 611 549 Salomonis
648 489 815 546 habet
858 488 1130 544 sententia
1156 528 1171 554 ,
1204 495 1531 558 praeceptum
1583 485 1633 539 id
1668 485 1882 555 penitus

300 585 684 656 perfregimus,
704 583 797 654 qui
825 597 930 639 non
955 581 1200 638 cavimus
1230 596 1298 636 ne
1331 579 1534 637 mullos
1556 578 1726 634 libros
1754 593 1884 634 con-

303 678 610 732 ticeremus.

300 766 525 830 Deinde,
561 775 832 834 postquam
863 765 996 820 dixit
1025 762 1340 887 {Origenes}
1363 779 1418 816 se
1443 761 1712 816 volumina
1751 777 1883 830 qua-

371 849 493 887 tuor
520 837 573 887 in
604 853 770 887 nausa
814 837 1022 887 annae
1045 837 1085 887 ii
1128 837 1279 887 verba
1324 834 1640 887 absolvisse.
1683 831 1880 887 adiun-

371 849 493 891 tuor
520 833 573 891 in
601 833 770 907 pauca
814 833 1085 906 Evangelii
1128 837 1279 890 verba
1316 833 1640 897 absolvisse,
1683 833 1880 900 adjun-

370 910 467 977 git.

370 1000 423 1053 2.
453 999 726 1065 Quantum
755 997 898 1051 enim
931 1010 994 1051 ex
1020 996 1137 1065 ipsa
1164 995 1404 1050 dictione
1440 995 1714 1066 conjicere
1735 995 1878 1065 licet,

303 1093 409 1147 duo
439 1091 816 1161 signiticantnr
849 1089 935 1144 his
967 1089 1146 1144 verbis
1176 1105 1191 1142 :
1216 1106 1235 1140 ι
1266 1086 1368 1142 Fili
1397 1088 1638 1153 mi,cave
1663 1090 1879 1144 utmul-

302 1193 384 1238 tos
411 1182 581 1237 libros
615 1180 917 1247 conficias;
965 1199 983 1231 ι
1020 1179 1255 1249 primum
1311 1179 1565 1249 quidem,
1603 1194 1708 1235 non
1757 1195 1881 1235 esse

303 1275 581 1330 habendos
621 1272 820 1328 multos
869 1272 1058 1339 libros,
1083 1271 1339 1338 alterum,
1374 1286 1481 1325 non
1527 1285 1648 1328 esse
1682 1272 1881 1329 multos

299 1367 701 1437 componendas
733 1384 747 1421 :
779 1375 834 1422 et
857 1366 957 1421 nisi
988 1366 1247 1435 primum,
1281 1364 1440 1432 plane
1463 1365 1760 1421 secundum
1792 1382 1806 1427 ;
1833 1367 1879 1422 si

300 1473 430 1512 vero
459 1459 754 1513 secundum
806 1473 912 1512 non
958 1456 1192 1526 primum
1221 1456 1483 1509 omnino:
1519 1465 1878 1526 praeterquam

300 1550 442 1618 quod
467 1549 722 1620 utrinque
755 1549 935 1603 doceri
971 1549 1221 1603 videmur
1260 1562 1366 1602 non
1415 1561 1537 1602 esse
1569 1548 1879 1618 complures

301 1641 469 1696 libros
506 1641 889 1696 conficiendos.
923 1640 1174 1695 Poteram
1209 1648 1389 1694 autem
1418 1639 1482 1694 ad
1515 1640 1568 1694 id
1605 1645 1749 1710 quod
1780 1655 1877 1694 no-

1983 481 2242 551 ἄντικρυς
2270 480 2734 553 παραϐεϐήκαμεν
2764 482 2863 555 τὴν
2893 483 3132 557 ἐντολὴν,
3161 485 3236 556 μὴ
3264 486 3588 558 φυλαξάμεο

1984 589 2064 626 νοι
2088 572 2310 644 ποιῆσαι
2346 571 2528 641 βιϐλία
2555 571 2745 627 πολλά.

1977 751 2154 816 Εἶτα,
2197 752 2414 818 εἰπὼν,
2439 752 2520 819 ὡς
2555 755 2642 820 είς
2679 754 2853 824 ὀλίγα
2889 755 2996 809 τοῦ
3025 758 3397 828 Εὐάγγελίου
3417 756 3590 827 ῥητὰ

2079 844 2370 915 τέσσαρες
2401 843 2561 912 αὑτῷ
2582 845 2959 916 διηνύθησαν
2979 850 3166 918 τόμοι,
3189 849 3481 920 ἐπιφέρει.

2053 996 2109 1051 2.
2149 998 2312 1052 Ὅσον
2341 996 2450 1069 γὰρ
2482 996 2576 1050 ἐπὶ
2604 999 2669 1068 τῇ
2697 995 2840 1062 λέξει
2872 996 2966 1052 δύο
2997 999 3322 1070 σημαίνεται
3355 1002 3423 1055 ἐκ
3442 1001 3547 1055 τοῦ
3569 1019 3583 1032 ·

1990 1109 2007 1141 ι
2046 1089 2148 1142 Υἱέ
2179 1107 2280 1161 μου
2305 1131 2319 1154 ,
2351 1087 2583 1159 φύλαξαι
2621 1089 2713 1142 τοῦ
2745 1090 2966 1160 ποιῆσαι
2999 1089 3175 1160 βιϐλία
3209 1091 3415 1145 πολλά·
3461 1113 3480 1144 ι
3529 1093 3589 1144 ἒν

1986 1181 2106 1252 μὲν,
2133 1182 2215 1234 ὅτι
2248 1181 2308 1234 ού
2343 1181 2424 1233 δεῖ
2464 1179 2770 1251 κεκτῆσθαι
2814 1180 2995 1249 βιϐλία
3029 1181 3198 1234 πολλά
3222 1199 3234 1212 ·
3271 1183 3464 1254 ἕτερον
3498 1183 3582 1246 δὲ,

1981 1275 2143 1328 ὅτιού
2181 1274 2262 1326 δεῖ
2295 1271 2552 1339 συντάξαι
2584 1271 2765 1343 βιϐλία
2800 1272 2969 1326 πολλά
2989 1289 3000 1302 ·
3038 1273 3132 1326 καὶ
3165 1276 3212 1326 εί
3247 1273 3322 1344 μὴ
3343 1274 3405 1326 τὸ
3435 1273 3589 1344 πρῶο

1982 1381 2094 1429 τον,
2137 1364 2356 1428 πάντως
2380 1364 2441 1417 τὸ
2474 1362 2753 1435 δεύτερον·
2787 1366 2835 1417 εί
2865 1363 2921 1416 δὲ
2953 1363 3014 1416 τὸ
3048 1365 3319 1436 δεύτερον,
3345 1366 3409 1418 ού
3443 1366 3588 1418 πάν-

1979 1475 2088 1521 τως
2119 1456 2182 1510 τὸ
2211 1456 2428 1530 πρῶτον
2451 1473 2464 1486 ⁸
2499 1455 2638 1526 πλὴν
2669 1455 3006 1527 ἑκατέρωθεν
3039 1456 3260 1527 δόξομεν
3292 1457 3402 1528 (59)
3437 1473 3587 1526 μειν-⁸

1983 1549 2166 1604 Θάνειν
2197 1549 2270 1621 μὴ
2304 1549 2413 1603 δεῖν
2447 1551 2622 1603 ποιεῖν
2649 1547 2829 1618 βιϐλία
2860 1549 3102 1602 πλείονα.
3148 1549 3466 1620 Ἠδυνάμην
3499 1547 3584 1613 δὲ,

1983 1644 2120 1716 πρὸς
2165 1644 2226 1697 τὸ
2254 1643 2349 1697 νῦν
2383 1645 2512 1714 ἡμῖν
2554 1643 2950 1706 ὑποπεπτωκὸς
2993 1642 3303 1713 ἱστάμενος,
3342 1644 3565 1695 ἐπιστεῖ

300 1731 384 1785 his
412 1731 513 1786 sub
545 1731 717 1786 aciem
765 1731 1032 1786 sermonis
1070 1730 1248 1798 venit,
1299 1731 1699 1796 adhaerescens,
1729 1733 1796 1786 ad
1827 1741 1878 1788 te

2025 1737 2066 1789 ιί
2103 1753 2184 1790 σοι
2224 1735 2300 1800 ὡς
2347 1734 2642 1801 ἀπολογίαν
2678 1734 2738 1788 τὸ
2774 1736 2968 1807 ῥητόν·
3020 1735 3112 1788 καὶ¹
3151 1735 3586 1798 κατασκευάσας

300 1820 595 1894 Scriptura:
627 1824 828 1879 dictum
857 1823 1224 1880 excusationis
1252 1823 1370 1879 loco
1403 1824 1642 1891 mittere,
1673 1833 1728 1877 et
1748 1839 1878 1878 con-

300 1915 516 1968 ﬁrmata
546 1929 603 1968 re
623 1929 689 1969 ex
722 1928 789 1968 eo
817 1913 961 1983 quod
985 1926 1160 1981 neque
1187 1912 1362 1966 sancti
1398 1912 1686 1978 multorum
1717 1915 1880 1968 libro-

301 2022 418 2060 rum
446 2005 823 2074 compositioni
847 2005 1174 2069 studuerint,
1196 2004 1444 2059 desinere
1471 2004 1724 2071 deinceps
1752 2005 1879 2058 sub-

296 2099 530 2170 jungere
573 2098 1000 2154 commentarios
1043 2099 1198 2165 juxta
1235 2096 1412 2152 ftedns
1460 2097 1601 2151 inter
1640 2096 1748 2167 95
1781 2113 1879 2151 nos

300 2190 492 2245 initum
529 2189 595 2243 ad
648 2198 699 2244 te
740 2188 1218 2254 transmittendos;
1247 2198 1300 2240 et
1327 2196 1380 2240 tu
1418 2186 1651 2242 fortasse
1679 2187 1766 2242 illo
1793 2187 1877 2241 di-

299 2290 388 2335 cto
418 2279 714 2351 Scriptura:
758 2291 1062 2335 commutus
1091 2279 1142 2333 id
1179 2279 1308 2333 mihi
1339 2279 1392 2332 in
1437 2289 1710 2346 posterum
1741 2293 1877 2334 con-

299 2384 597 2438 cessisses:
631 2383 724 2436 sed
749 2383 1004 2451 quoniam
1034 2380 1334 2449 Scriptura:
1375 2393 1494 2434 cum
1526 2390 1673 2432 recta
1699 2386 1879 2433 mente

299 2485 355 2530 et
384 2474 720 2530 conscientia
747 2472 1084 2528 excutienda:
1115 2481 1269 2536 sunt,
1296 2486 1395 2526 nec
1423 2481 1625 2525 temere
1647 2472 1877 2541 gauden-

299 2566 426 2621 dum
452 2566 610 2636 quasi
659 2579 754 2619 eas
779 2564 1050 2634 intelligas
1077 2579 1142 2618 ex
1181 2579 1245 2618 eo
1273 2561 1416 2630 quod
1457 2561 1655 2616 nudam
1687 2562 1880 2616 dictio-

302 2675 426 2713 nem
462 2660 794 2727 perceperis,
825 2673 940 2712 rem
994 2671 1100 2710 non
1149 2655 1378 2725 prolato,
1421 2667 1540 2719 nec,
1571 2670 1691 2724 quae
1744 2654 1875 2708 mihi

298 2751 516 2804 videtur
570 2747 896 2817 suﬂragari,
947 2745 1321 2800 defensionem
1381 2745 1580 2810 aliero,
1635 2759 1740 2814 qua
1801 2744 1878 2798 uti

299 2853 491 2898 contra
523 2858 608 2897 me
648 2843 844 2912 possis,
878 2841 920 2894 si
951 2850 1145 2908 praeter
1169 2848 1384 2907 pactum
1430 2838 1632 2908 aliquid
1669 2837 1875 2892 fecero.

299 2939 378 2988 Ac
406 2935 638 3003 primum
663 2933 902 3001 quidem,
934 2933 1151 3001 quando
1175 2931 1334 2987 dictis
1359 2931 1466 2985 illis
1492 2929 1720 2998 historia
1747 2943 1880 2982 con-

300 3025 504 3080 sentire
532 3023 766 3088 videtur,
799 3037 921 3076 cum
957 3037 1115 3076 nemo
1153 3032 1467 3076 sanctorum
1506 3020 1688 3090 plures
1728 3033 1879 3072 com-

302 3117 596 3172 mentarios
643 3116 898 3180 ediderit,
954 3130 1054 3170 nec
1105 3115 1290 3169 multis
1353 3113 1506 3168 libris
1567 3127 1727 3168 sensa
1780 3127 1877 3166 sua

299 3210 634 3281 exposuerit,
661 3210 728 3264 de
777 3209 878 3263 hoc
919 3207 1304 3278 diSputandum
1350 3216 1455 3262 est.
1486 3206 1586 3274 Qui
1619 3219 1749 3260 vero
1789 3219 1877 3258 re-

300 3302 601 3372 prehendet
639 3302 781 3371 quod
819 3301 885 3354 ad
928 3301 1083 3369 plura
1123 3299 1409 3354 scribenda
1445 3312 1532 3352 me
1573 3296 1878 3364 accingam,

299 3392 562 3465 Moysem,
586 3392 746 3448 talem
770 3407 834 3448 ac
853 3401 1062 3448 tantum
1085 3391 1284 3457 virum,
1301 3391 1539 3462 quinque
1552 3387 1697 3445 solos
1716 3385 1884 3443 libros

303 3485 592 3545 reliouisse
618 3488 784 3544 dicet.

1979 1828 2042 1881 τὸ
2075 1829 2328 1898 πρᾶγμα,
2353 1830 2416 1880 ἐκ
2446 1827 2540 1880 τοῦ
2574 1827 2709 1899 μηδέ
2741 1830 2868 1892 τοὺς
2893 1829 3082 1897 ἁγίους
3112 1828 3319 1882 πολλῶν
3352 1827 3586 1898 βιϐλίων

1983 1918 2296 1984 συντάξεσιν
2327 1919 2702 1990 ἐσχολακέναι,
2731 1919 3044 1974 παύσασθαι
3074 1921 3208 1992 πρὸς
3231 1921 3290 1973 τὸ
3324 1917 3456 1990 ἐξῆς
3483 1917 3584 1972 τοῦ

1980 2013 2121 2064 κατὰ
2160 2011 2258 2075 τὰς
2307 2010 2581 2083 συνθήκας
2630 2012 2696 2076 ἃς
2730 2012 3108 2084 ἐποιησάμεθα
3140 2014 3276 2085 πρὸς
3306 2012 3584 2084 ἀλλήλους

1981 2103 2339 2173 ὑπαγορεύειν
2363 2103 2434 2156 τὰ
2465 2103 2996 2176 διαπεμφθησόμενά
3028 2123 3139 2158 σοι’
3176 2106 3272 2158 καὶ
3309 2107 3458 2174 τάχα
3491 2105 3582 2169 σὺ,

1979 2194 2209 2267 πληγεὶς
2238 2196 2459 2269 ὑπὸτῆς
2481 2197 2698 2264 λέξεως,
2727 2185 2866 2270 πρδς
2894 2199 2955 2251 τὸ
2983 2198 3110 2271 ἑξῆς
3149 2199 3213 2253 ἂν
3242 2201 3373 2271 ἡμῖν
3419 2198 3584 2264 ξυνε-

1978 2287 2269 2360 χώρησας’
2313 2289 2426 2343 ἀλλ’
2463 2291 2585 2344 ἐπεὶ
2635 2291 2734 2362 τὴν
2773 2291 2995 2362 Γραφὴν
3025 2291 3134 2363 (40)
3187 2291 3583 2354 εὐσυνειδότως

1978 2381 2060 2435 δεῖ
2093 2381 2394 2449 ἐξετάζειν,
2426 2384 2502 2456 μὴ
2530 2384 2818 2456 προπετῶς
2849 2385 3027 2456 ἐαυτῷ
3072 2385 3581 2456 καταχαριζόμενον

1979 2475 2042 2528 τὸ
2079 2477 2426 2546 νενοηκέναι,
2475 2479 2539 2530 ἐκ
2579 2475 2672 2530 τοῦ
2709 2476 2872 2549 ψιλὴν
2915 2476 3012 2548 τὴν
3035 2477 3180 2543 λέξιν
3208 2476 3577 2547 ἐξειληφέναι,

1978 2568 2078 2638 οὐχ
2107 2568 2383 2638 ὑπομένω,
2410 2568 2485 2640 μὴ
2518 2567 2616 2640 τὴν
2642 2569 2973 2640 φαινομένην
3014 2587 3102 2640 μοι
3150 2569 3290 2640 ὑπὲρ
3329 2568 3577 2639 ἐμαυτοῦ

1981 2666 2297 2736 ἀπολογίαν,
2401 2668 2630 2738 χρήσαιο
2658 2666 2723 2721 ἂν
2755 2668 2876 2720 κατ’
2905 2666 3128 2736 ἐμοῦ,εἰ
3151 2665 3303 2738 παρὰ
3318 2666 3417 2728 τὰς
3451 2682 3581 2719 συν-

1979 2759 2154 2830 θήκας
2183 2763 2470 2832 ποιήσαιμι
2501 2760 2838 2832 παρατιθείς.
2897 2761 3004 2814 Καὶ
3045 2759 3262 2831 πρῶτόν
3301 2777 3399 2828 γε,
3453 2759 3580 2813 ἐπεὶ

1981 2852 2218 2923 δοκεῖτῇ
2253 2851 2395 2916 λέξει
2437 2851 2820 2924 συναγορεύειν
2857 2854 2890 2922 ἡ
2931 2852 3159 2922 ἱστορία,
3205 2851 3420 2914 οὐδενὸς
3465 2850 3578 2903 τῶν

1981 2943 2154 3011 ἁγίων
2192 2942 2550 3006 ἐκδεδωκότος
2585 2943 2866 3007 συντάξεις
2911 2943 3193 3007 πλείονας,
3226 2943 3320 2996 καὶ
3351 2943 3408 2995 ἐν
3446 2943 3578 2995 πολ-

1980 3033 2099 3099 λαῖς
2127 3034 2328 3105 βίϐλοις
2354 3035 2448 3088 τὸν
2470 3032 2594 3089 νοῦν
2618 3032 2784 3087 αὑτοῦ
2819 3033 3190 3104 ἐκτιθεμένου,
3223 3033 3353 3106 περὶ
3379 3033 3576 3086 τούτου

1986 3127 2224 3180 λεκτέον.
2278 3127 2334 3180 Ὁ
2375 3127 2431 3180 δὲ
2470 3125 2717 3194 ἐγκαλῶν
2755 3143 2843 3196 μοι
2894 3127 2973 3188 είς
3017 3124 3266 3192 σύνταξιν
3310 3123 3576 3178 πλειόνων

1988 3218 2293 3291 ἐρχομένῳ,
2337 3219 2429 3272 τὸν
2459 3216 2774 3288 τηλικοῦτον
2801 3217 3037 3271 Μωῦσέα
3063 3219 3223 3289 φήσει
3260 3217 3373 3291 (41)
3409 3217 3576 3272 πέντε

1991 3313 2158 3385 μόνας
2181 3311 2396 3382 βίϐλους
2424 3311 2890 3366 καταλελοιπέναι.

834 3734 927 3790 EX
958 3733 1192 3793 EODEM
1223 3733 1417 3792 TOMO
1448 3733 1711 3802 QUINTO
1749 3735 2406 3795 COMMENTARIORUM
2439 3735 2508 3793 IN
2539 3735 2858 3794 JOANNEM
2897 3736 3032 3808 (ιε).

1533 3853 1825 3923 Interprete
1863 3853 2092 3908 Henrico
2134 3852 2364 3910 Valesio.

371 3975 426 4030 5.
486 3975 537 4030 is
594 3988 724 4027 vero
773 3987 935 4042 quem
994 3973 1136 4028 Deus
1183 3973 1438 4029 idoneum
1489 3970 1747 4039 reddidit,
1785 3971 1878 4042 qui

301 4068 436 4125 Novi
467 4066 802 4123 Testamenti
834 4065 1084 4120 minister
1113 4075 1280 4127 esset,
1316 4080 1424 4121 non
1455 4064 1636 4119 littera
1667 4073 1724 4118 et
1758 4077 1882 4118 ver-

303 4162 386 4217 bis
407 4171 587 4228 tenus,
615 4161 711 4216 sed
737 4159 962 4230 spiritus
985 4159 1200 4230 (ipsius,
1223 4158 1421 4212 Paulus
1440 4158 1667 4224 scilicet,
1695 4157 1786 4226 qui
1813 4157 1881 4210 ab

304 4253 702 4325 Hierosolymis
745 4262 800 4309 et
827 4252 1076 4306 finitimis
1105 4251 1238 4306 locis
1286 4265 1458 4320 usque
1496 4250 1562 4304 ad
1603 4249 1880 4319 Illyricum

301 4349 656 4420 Evangelium
687 4345 1004 4417 adimplevit
1048 4344 1116 4411 ⁷⁵,
1170 4359 1279 4398 non
1325 4343 1584 4398 omnibus
1620 4339 1884 4395 Ecclesiis

303 4457 441 4513 quas
473 4442 742 4497 docuerat
795 4439 1033 4512 scripsit,
1089 4440 1183 4492 sed
1227 4448 1282 4492 et
1332 4437 1398 4492 iis
1427 4436 1626 4506 quibus
1667 4434 1887 4502 scripsit

305 4546 511 4603 paucas
548 4532 836 4586 admodum
888 4531 1059 4586 lineas
1110 4529 1361 4585 exaravit
1435 4528 1629 4582 Petrus
1681 4536 1884 4590 autem,

304 4625 392 4680 cui
430 4632 683 4693 tanquam
721 4621 1076 4676 fundamento
1110 4629 1484 4690 superstructa
1515 4628 1600 4674 est
1639 4617 1887 4672 Ecclesia

304 4716 531 4782 Christi,
583 4717 843 4770 adversus
882 4729 1047 4783 quam
1080 4729 1181 4769 nec
1210 4714 1340 4783 ipsa:
1365 4712 1662 4768 inferorum
1715 4719 1886 4780 portae

305 4806 667 4878 praevaliturze
699 4816 826 4861 sunt
867 4806 937 4872 ",
976 4821 1140 4860 unam
1183 4806 1448 4861 duntaxat
1481 4805 1725 4858 omnium
1755 4817 1887 4858 con-

306 4913 472 4952 sensu
541 4905 816 4966 receptam
876 4896 1095 4966 reliquit
1143 4894 1454 4965 epistolam.
1515 4892 1888 4949 Concedamus

379 5015 427 5047 ⁷⁸
457 5014 618 5070 Rom.
639 5029 733 5077 xv,
754 5012 842 5067 i9.
921 5013 969 5047 ⁷⁸
994 5011 1186 5068 Matth.
1216 5027 1328 5079 xvn,
1360 5011 1448 5071 18.

399 5129 494 5197 39)
514 5128 799 5197 Δόξομεν.
839 5125 1021 5181 Codex
1049 5127 1264 5181 Thuan.
1290 5125 1557 5197 δείξομεν.

358 5196 497 5286 ’(40)
556 5196 675 5269 Τὴν
713 5197 988 5268 Γραφήν.
1040 5198 1256 5254 Thuan.
1307 5196 1520 5264 codex,
1579 5197 1686 5252 τῶν
1745 5196 1887 5268 Γρα-

351 5291 426 5328 ων
433 5312 447 5326 ο

309 5291 496 5416 φυξῖι)
525 5340 642 5396 Τόν
669 5336 1025 5416 τηλικαῦτρν
1046 5339 1302 5416 Μωῦσέα
1341 5338 1550 5410 φήσει.
1579 5336 1694 5391 Hoc
1719 5337 1884 5416 etiam

313 5407 660 5484 argumento,
696 5407 1043 5484 p‘rmteralia,
1084 5407 1653 5484 probarepossnmus
1682 5407 1888 5484 altern-

317 5477 460 5538 trtim
487 5500 517 5539 e
539 5477 963 5538 Commentariis
998 5481 1052 5535 in
1075 5478 1180 5534 Job
1216 5477 1435 5549 Origeni
1481 5478 1640 5547 vulgo
1669 5477 1891 5531 tributis

315 5555 717 5624 supposititium
747 5566 1046 5624 esseLcum
1075 5551 1354 5624 posterius
1380 5565 1409 5604 a
1433 5549 1688 5624 Perionio
1721 5549 1891 5602 inter-

318 5618 586 5694 psetatum
619 5624 856 5694 Moysem
880 5618 1236 5694 librum—Jobi
1251 5619 1559 5688 scripsisse,
1583 5622 1734 5688 prius
1763 5632 1892 5672 vero

317 5693 573 5748 behraice
594 5694 927 5749 convertisse
951 5693 1163 5747 doceat.
1198 5693 1466 5748 Husrtus.

388 5761 505 5832 (42)
532 5761 766 5818 Exhibet
797 5764 964 5821 hocce
1012 5764 1376 5836 fragmentum
1434 5759 1700 5818 Eusebius
1746 5758 1888 5814 Hist.

1974 5684 1975 5687 η
2001 5614 2344 5684 ἐσπουδάσθη
2367 5614 2630 5695 ,Ιῖραφῶψ
2660 5632 2679 5667 ι

2057 3971 2111 4024 5.
2161 3971 2218 4024 '0
2248 3972 2305 4026 δὲ
2335 3972 2623 4036 ίκανωθεὶς
2646 3973 2891 4035 διάκονος
2927 3969 3182 4041 γενέσθαι
3209 3969 3311 4042 τῆς
3357 3973 3572 4045 Καινῆς

1988 4064 2284 4136 Διαθήκης,
2333 4067 2395 4118 οὺ
2431 4065 2759 4136 γράμματος
2799 4064 2934 4118 ἀλλὰ
2970 4064 3296 4135 πνεύματος,
3333 4065 3568 4131 Παῦλος,

1988 4159 2017 4209 ὁ
2046 4158 2425 4229 πεπληρωκὼς
2455 4158 2516 4212 τὸ
2544 4158 2876 4227 Εὑαγγέλιον
2904 4158 3012 4212 ἀπὸ
3052 4153 3434 4230 Ἰερουσαλὴμ,
3471 4161 3566 4213 καὶ

1990 4250 2176 4322 κύκλῳ
2212 4251 2373 4322 μέχρι
2420 4250 2516 4305 τοῦ
2569 4249 2884 4322 Ἰλλυρικοῦ,
2930 4250 3055 4304 οὐδὲ
3085 4251 3289 4314 πάσαις
3331 4251 3570 4323 ἔγραψεν

1990 4337 2078 4407 αἷς
2100 4343 2336 4410 ἐδίδαξεν
2364 4343 2733 4415 Ἐκκλησίαις·
2753 4343 2889 4397 ἀλλὰ
2917 4344 3010 4396 καὶ
3044 4338 3133 4408 αἷς
3166 4342 3425 4416 ἔγραψεν,
3461 4344 3572 4397 ὀλί-

1990 4449 2118 4502 γους
2152 4433 2364 4503 στίχους
2397 4432 2696 4485 ἐπέστειλε.
2728 4433 2934 4505 Πέτρος
2965 4434 3021 4486 δέ
3057 4434 3142 4503 ἐφ’
3190 4428 3234 4502 ᾧ
3267 4433 3568 4505 οἰκοδομεῖ-

1988 4529 2139 4597 ταιή
2176 4525 2413 4598 Χριστοῦ
2468 4525 2788 4597 Ἐκκλησία,
2818 4520 2887 4597 ἦς
2923 4525 3090 4580 πύλαι
3135 4526 3262 4598 ᾅδου
3309 4526 3368 4578 οὐ
3410 4543 3569 4578 κατι·

1992 4618 2272 4691 σχύσουσι,
2308 4621 2438 4690 μίαν
2465 4619 2754 4693 ἐπιστολὴν
2780 4618 3217 4690 ὁμολογουμένην
3253 4617 3567 4672 καταλέλοι-

1993 4729 2114 4767 πεν.
2152 4714 2332 4766 Ἔστω
2358 4713 2414 4768 δὲ
2441 4714 2533 4768 καὶ
2560 4713 2815 4786 δευτέραν
2837 4711 2971 4783 (45)·
3010 4710 3408 4782 ἀμφιϐάλλεται
3437 4713 3565 4784 γάρ.

1993 4803 2059 4856 Τί
2101 4802 2183 4856 δεῖ
2223 4803 2351 4874 περὶ
2384 4803 2479 4857 τοῦ
2526 4804 2889 4866 άναπεσόντος
2926 4801 3106 4870 λέγειν
3148 4803 3242 4855 ἐπὶ
3273 4802 3334 4855 τὸ
3371 4803 3566 4872 στῆθος

1997 4893 2092 4949 τοῦ
2137 4895 2332 4966 Ἰησοῦ,
2371 4896 2619 4950 Ἰωάννου
2644 4912 2659 4960 ;
2691 4897 2786 4958 ⁸ος
2816 4893 3146 4964 Εὐαγγέλιον
3177 4893 3236 4947 ἓν
3259 4893 3568 4948 καταλέλοι-

1993 5123 2176 5179 eccles.
2219 5121 2313 5175 lib.
2349 5137 2422 5184 Vt,
2455 5136 2504 5176 c.
2529 5120 2623 5175 25.

2065 5192 2179 5263 (45)
2220 5193 2417 5245 Ἔστω
2447 5191 2526 5263 δέ
2549 5191 2982 5263 καὶνδευτέρως,
3019 5198 3128 5245 etc.
3161 5188 3295 5263 Eam
3331 5187 3564 5263 admittit

1993 5259 2254 5334 Origenes
2279 5263 2464 5316 homil.
2495 5260 2527 5313 7
2559 5263 2611 5314 in
2639 5262 2799 5316 Josue
2825 5278 2844 5316 :
2885 5279 2902 5311 ι
2940 5261 3134 5334 Petrus
3169 5261 3332 5334 etiam
3353 5259 3564 5334 duabus

1997 5327 2360 5404 Epistolarum
2393 5347 2612 5404 suarth
2636 5340 2891 5404 personat
2917 5332 3080 5404 tubis.
3116 5349 3134 5381 ι
3164 5329 3436 5404 Eusebius
3469 5327 3559 5404 lib.

1996 5399 2054 5460 Ili
2096 5403 2262 5465 Hist”
2289 5419 2410 5465 cap.
2437 5403 2471 5457 3
2499 5419 2511 5454 :
2538 5399 2650 5467 Τὴν
2681 5403 2738 5456 δέ
2783 5401 3088 5472 φερομένην
3118 5399 3284 5472 αὐτοῦ
3312 5399 3560 5470 (Πέτρου)

1998 5475 2254 5546 δευτέραν
2291 5475 2391 5546 ούκ
2435 5472 2747 5546 ἐνδιάοηκον
2793 5467 2892 5543 μέν
2919 5467 3058 5546 εἶναι
3107 5467 3557 5546 παρειλήφαμεν

1999 5488 2254 5546 δευτέραν
2291 5488 2391 5526 ουκ
2435 5488 2747 5542 ενοιαυηκον
2793 5488 2892 5543 μεν
2919 5488 3058 5525 ειναι
3107 5488 3557 5594 παρειλήφαμὶν·

1999 5548 2150 5623 ϐμως
2265 5543 2479 5623 πολλοῖς
2511 5544 2778 5623 χρήσιμος
2802 5545 3066 5611 φανεῖσα,-
3087 5559 3184 5612 μετ
3239 5540 3359 5623 ’τῶν
3392 5541 3428 5593 ά
3472 5555 3564 5623 now

2717 5613 2846 5678 Quae
2892 5629 3020 5666 vero
3049 5610 3284 5666 secunda
3329 5610 3560 5679 appella-

2003 5697 2112 5748 tur,
2143 5701 2262 5740 eam
2287 5679 2519 5754 quidem
2541 5685 2684 5737 inter
2721 5697 2906 5737 sacros
2946 5681 3082 5754 Novi
3114 5679 3560 5754 Testamenti_li:

2002 5757 2130 5812 bros
2159 5749 2386 5828 positam
2425 5769 2529 5810 non
2557 5769 2677 5811 esse
2707 5769 2734 5808 a
2768 5753 3076 5825 majoribus
3094 5750 3426 5823 accepimus.
3459 5749 3558 5806 Sed
