3766 6142
141 298 247 358 ιω

1277 279 1635 369 conatur.
1676 313 1744 369 lN
1781 312 1972 374 JOAN.
2009 317 2248 377 TOMUS
2280 317 2350 376 ιι.

3340 313 3444 370 190

148 433 272 485 πεν,
309 419 598 492 ὁμολογῶν
630 419 904 480 δύνασθαι
933 425 1173 480 τοσαῦτα
1203 429 1472 501 ποιήσειν,
1502 430 1539 485 ἃ
1567 431 1690 485 οὐδὲ

1942 453 2001 493 ro
2031 447 2087 494 et
2119 439 2413 495 secundam
2461 435 2580 507 ejus
2606 449 2728 494 esse
2759 449 2776 492 :
2804 436 2872 492 de
2897 435 3003 492 ltac
3034 432 3179 491 enim
3211 431 3443 501 ambigi-

151 515 359 586 ιιόσμος
386 514 641 586 χωρῆσαι
667 518 913 572 ἐδύνατο.
954 518 1201 592 Ἔγραψε
1230 521 1286 574 δὲ
1324 525 1417 576 καὶ
1449 523 1548 596 τὴν
1596 526 1756 580 Ἀπο-

153 608 418 677 κάλυψιν,
459 608 782 675 κελευσθεὶς
827 611 1126 682 σιωπῆσαι,
1175 614 1268 666 καὶ
1310 615 1386 686 μὴ
1419 615 1629 688 γράψαι
1653 617 1754 682 τὰς

147 701 262 754 τῶν
291 701 440 754 ἑπτὰ
481 701 726 775 βροντῶν
765 705 968 773 φωνάς.
997 706 1372 760 Καταλέλοιπε
1405 707 1462 761 δὲ
1506 709 1600 762 καὶ
1632 712 1754 765 ἐπι-

151 792 356 864 στολὴν
403 793 546 847 πάνυ
586 794 784 863 ὀλίγων
819 797 1036 867 στίχων·
1069 796 1210 850 ἔστω
1239 797 1295 850 δὲ
1337 799 1430 851 καὶ
1470 797 1750 874 δευτέραν,

147 886 247 938 καὶ
277 887 498 957 τρίτην·
545 887 668 939 ἐπεὶ
692 888 753 940 οὐ
787 888 989 952 πάντες
1014 889 1149 958 φασὶ
1174 890 1433 961 γνησίους
1467 887 1603 945 εῖναι
1639 893 1752 963 (44)

145 978 391 1042 ταύτας.
427 979 577 1051 Πλὴν
609 981 709 1034 οὐκ
740 981 846 1034 εἰσὶ
872 981 1069 1052 στίχων
1096 981 1404 1053 ἀμφότεραι
1434 983 1646 1038 ἑκατόν.

1862 535 1969 582 tur.
2016 528 2136 584 .latn
2183 545 2312 585 vero
2361 529 2492 601 quid
2541 529 2832 585 dicendum
2879 537 2962 584 est
2996 527 3062 583 de
3118 541 3185 582 eo
3249 525 3339 594 qui
3388 525 3441 578 in

1861 621 1981 676 sinu
2008 621 2209 678 Christi
2245 624 2492 678 recubuit
2520 624 2588 689 "",
2619 623 2830 679 Joanne
2852 622 2876 676 ?
2897 621 2996 689 Qui
3029 619 3243 690 quidem
3277 633 3443 672 unum

1862 713 2087 784 reliquit
2115 715 2488 786 Evangelium,
2527 717 2744 772 tametsi
2772 715 3011 770 fateatur
3046 722 3123 768 tot
3168 727 3230 768 se
3275 711 3444 766 libros

1861 806 2107 862 scribere
2159 809 2402 876 potuisse
2453 818 2587 878 quot
2647 822 2748 863 nec
2792 807 2943 862 orbis
3002 804 3116 874 ipse
3173 809 3442 856 terrarum

1860 905 2042 962 posset
2063 899 2354 954 continere
2377 900 2442 954 ⁷⁸.
2472 900 2708 970 Scripsit
2727 909 2985 970 prtetcrea
3013 895 3441 958 lievelationem,

1854 985 2038 1057 jussus
2073 989 2261 1055 silere,
2296 1007 2398 1048 nec
2430 1002 2641 1064 septem
2674 992 2974 1048 tonitruum
3021 1004 3182 1044 voces
3205 986 3444 1058 perscri-

150 1075 289 1127 bere
329 1073 400 1126 "’.
451 1073 686 1144 Scripsit
735 1074 899 1128 etiam
939 1073 1227 1143 epistolam
1263 1075 1552 1130 admodum
1596 1073 1835 1130 brevem.
1885 1076 1993 1133 Sed
2025 1083 2408 1148 concedamus,
2459 1085 2505 1139 si
2538 1083 2740 1154 placet,
2795 1091 2852 1138 et
2886 1081 3178 1136 secundam
3227 1085 3280 1133 et
3332 1084 3444 1129 ter-

152 1167 293 1219 tiam
339 1165 534 1219 abillo
571 1168 803 1236 scriptas
841 1181 994 1230 esse;
1039 1180 1216 1236 neque
1246 1167 1390 1223 enim
1430 1168 1528 1224 bas
1565 1168 1830 1238 genuinas
1875 1169 2021 1228 illius
2062 1189 2183 1232 esse
2234 1190 2424 1232 omnes
2477 1175 2848 1233 consentiunt.
2887 1173 3075 1229 Amba:
3131 1183 3308 1227 tamen
3353 1170 3439 1225 vix

149 1267 384 1312 rentum
416 1273 610 1314 versus
631 1261 934 1315 continent.

151 1367 336 1435 Εἶτα,
383 1374 960 1444 ἀπαριθμησὰμενος
999 1376 1310 1445 προφήτας
1351 1377 1452 1432 καὶ
1497 1379 1757 1441 ἀποστό-

435 1445 611 1514 όλίγα
639 1445 920 1512 ἑκάστου,
944 1447 981 1516 ἢ
1013 1446 1157 1501 οὐδὲ
1193 1449 1368 1518 ὀλίγα
1389 1448 1752 1519 γράψαντος,

257 1533 288 1565 ’δ
397 1532 470 1568 ει.

1861 1380 1973 1456 96
1995 1383 2218 1466 Deinde,
2249 1388 2516 1468 prophetis
2555 1394 2603 1440 et
2629 1381 2880 1468 apostolis
2917 1377 3273 1468 enumeratis,
3305 1391 3442 1468 quit-q-

1933 1472 2048 1508 rum
2084 1458 2282 1535 singuli
2320 1473 2510 1523 pauca,
2558 1459 2648 1510 sed
2697 1469 2860 1526 neque
2901 1467 3071 1524 pauca
3119 1461 3442 1516 conscripse-

1932 1537 2078 1590 runt,
2105 1528 2256 1580 addtt
2284 1525 2630 1600 [θύρασι]

1406 1615 1701 1682 Interprote
1736 1620 1950 1679 Joanne
1982 1623 2204 1679 Tarino.

231 1702 289 1755 4.
362 1704 523 1756 Μετά
551 1705 724 1759 ταῦτα
773 1706 1007 1778 ίλιγγιᾷν
1055 1726 1146 1780 μοι
1179 1708 1470 1781 ἐπέρχεται
1502 1713 1713 1767 σκοτοδι

1934 1719 1976 1772 ι.
2006 1717 2121 1787 (45)
2145 1716 2334 1772 Haereo
2359 1715 2552 1772 deimle
2597 1729 2660 1770 ac
2689 1711 3046 1780 caligantibus
3071 1706 3240 1764 oculis
3269 1705 3438 1760 verti-

157 1794 376 1861 νιῶντι,
442 1799 517 1867 μὴ
579 1799 687 1868 ἄρα
737 1799 1048 1871 πειθαρχῶν
1103 1819 1184 1856 σοι
1229 1803 1329 1856 οὐκ
1379 1805 1755 1878 ὲπειθάρχησα

156 1887 309 1956 Θεῷ,
340 1888 464 1940 οὐδὲ
503 1889 633 1953 τοὺς
675 1890 861 1958 ἁγίους
895 1893 1278 1966 έμιμησάμην’
1315 1896 1364 1948 εί
1401 1896 1475 1968 μὴ
1517 1899 1753 1968 σφάλλο-

163 1998 265 2049 μαι
294 1981 481 2034 τοίνυν
520 1983 740 2054 ἐμαυτῷ
778 1985 1157 2057 συναγορεύων
1186 1986 1274 2042 διὰ
1307 1989 1369 2042 τὸ
1405 1991 1548 2044 πάνυ
1576 2009 1637 2046 σε
1669 2011 1756 2063 φι-

161 2074 304 2136 λεῖν,
336 2076 432 2128 καὶ
479 2077 537 2128 ὲν
584 2077 774 2148 μηδενὶ
831 2078 1036 2133 ἐθέλειν
1090 2079 1306 2148 λυπεῖν,
1353 2082 1611 2149 τοιαύτας
1667 2087 1758 2140 εὖ·

164 2169 344 2240 ρξςκω
403 2169 484 2232 είς
552 2168 726 2224 ταῦτα
792 2171 1109 2241 ἀπολογίας.
1166 2175 1281 2245 Πρὸ
1346 2176 1563 2231 πάντων
1611 2195 1754 2251 παρ-

163 2261 406 2331 εθέμεθα
502 2262 563 2316 τὸ
645 2264 710 2317 ὲκ
781 2263 876 2318 τοῦ
975 2266 1406 2338 Ἐκκλησιαστοῢ
1485 2270 1755 2340 λέγοντοςο

170 2375 188 2404 ι
223 2355 322 2406 Υξέ
377 2373 503 2424 μου,
561 2355 794 2425 φύλαξαι
840 2358 934 2412 τοῦ
981 2360 1203 2430 ποιῆσαι
1263 2361 1445 2432 βιϐλία
1509 2365 1699 2421 πολλά.
1734 2387 1753 2419 ι

164 2445 356 2517 Τούτῳ
391 2447 846 2518 ἁντιπαραϐάλλω
879 2451 943 2503 ἐκ
974 2449 1082 2506 τῶν
1113 2453 1430 2524 Παροιμιῶν
1457 2455 1551 2509 τοῦ
1594 2457 1759 2512 αὐτοῦ

169 2539 524 2610 Σολομῶντος
569 2541 751 2613 ῥητὸν,
789 2543 817 2596 ὃ
849 2559 1034 2614 φησιν·
1086 2564 1104 2596 ι
1158 2547 1252 2599 Ἐκ
1302 2546 1626 2618 πολυλογίας
1661 2551 1762 2605 οὐκ

169 2637 415 2710 ἐκφεύξῃ
468 2639 774 2709 ἁμαρτίαν·
813 2639 1130 2711 φειδόμενος
1163 2640 1219 2694 δὲ
1268 2643 1491 2712 χειλέων
1541 2646 1760 2716 νοήμων

63 2735 66 2737 “
165 2729 288 2804 ἕπῃ.
315 2750 353 2782 ξ»
391 2731 506 2785 Καὶ
538 2732 688 2804 ζητῶ
720 2735 767 2786 εξ
828 2733 891 2786 τὺ
935 2734 1300 2787 ὀποιαποτοῦν
1359 2735 1538 2805 λέγειν
1591 2738 1761 2792 πολλὰ

166 2829 491 2899 πολυλογεῖν
541 2833 684 2897 ἐστι,
731 2831 836 2886 κᾶν
867 2832 1000 2901 ἅγιά
1039 2850 1123 2896 τις
1180 2835 1275 2887 καὶ
1324 2835 1568 2905 σωτήρια
1627 2833 1760 2906 λέγῃ

1854 1812 1978 1882 gine
2008 1818 2202 1875 aestuo,
2228 1825 2293 1863 ne
2317 1808 2414 1864 tibi
2441 1809 2824 1876 obtemperans
2845 1819 2952 1859 non
2981 1801 3275 1857 obedierim
3305 1799 3437 1858 Deo.

1856 1919 2034 1975 neque
2088 1913 2311 1958 sanctos
2380 1901 2483 1955 sim
2554 1899 2802 1954 imitatus
2838 1915 2853 1952 :
2888 1898 2991 1953 nisi
3049 1896 3160 1965 jam
3219 1902 3440 1964 propter

1854 1993 2256 2049 vehementiam
2300 1990 2508 2046 amoris
2559 1991 2611 2045 in
2670 2001 2722 2044 te
2774 1991 2904 2054 mei,
2962 1990 3216 2059 quodque
3270 1986 3436 2041 nolim

1856 2088 2121 2145 molestiae
2141 2086 2438 2157 quidquam
2471 2099 2498 2138 a
2541 2099 2628 2139 me
2665 2083 2761 2138 tibi
2795 2082 2978 2137 aﬂ'erri
3003 2121 3020 2149 ,
3061 2097 3185 2137 erro
3228 2081 3340 2149 ipse
3381 2080 3436 2133 in

1857 2185 1964 2240 boc
1998 2199 2133 2239 mea:
2160 2197 2343 2239 causa:
2373 2178 2701 2252 patrocinio,
2753 2187 2810 2232 et
2851 2179 3014 2233 hasce
3059 2176 3440 2232 excusationes

1857 2275 2263 2330 comminiscor.
2287 2274 2429 2328 Ante
2453 2270 2631 2328 omnia
2658 2271 3035 2341 proposuimus
3065 2269 3117 2323 id
3150 2283 3217 2323 ex
3249 2267 3436 2322 Eccle-

1858 2370 2024 2424 siaste
2066 2370 2342 2425 docente:
2388 2385 2408 2420 ι
2436 2365 2536 2422 Fili
2587 2366 2683 2430 mi,
2743 2379 2874 2420 cave
2926 2373 2984 2416 ut
3035 2361 3235 2416 mullos
3266 2361 3437 2415 libros

1859 2475 2150 2532 componas
2183 2461 2295 2517 ⁸ο.»
2347 2458 2483 2515 Huic
2523 2473 2787 2528 compono
2829 2473 2893 2512 ex
2945 2456 3255 2512 Proverbiis
3283 2456 3438 2525 ejus-

1860 2557 1981 2611 dem
2041 2554 2348 2610 Salomonis
2393 2553 2598 2609 dictum
2648 2553 2750 2609 hoc
2783 2567 2799 2605 :
2838 2569 2858 2603 ι
2893 2551 2935 2605 Ε
2971 2549 3139 2604 multo
3185 2561 3438 2604 sermone

1860 2663 1966 2702 non
2019 2645 2246 2718 eli‘ugies
2300 2655 2624 2715 peccatum;
2673 2643 2716 2698 si
2777 2658 2970 2715 parcas
3023 2652 3202 2696 autem
3256 2641 3435 2705 labiis,

1860 2740 2076 2810 sapiens
2103 2739 2212 2795 eris
2236 2740 2336 2796 θ’.»
2376 2738 2440 2794 Ει
2462 2753 2644 2808 quaero
2669 2753 2736 2792 an
2762 2735 3247 2808 quomodocunque
3267 2733 3435 2787 multa

1863 2831 2064 2894 dicere,
2102 2829 2400 2899 loquacitas
2424 2828 2516 2896 sit,
2553 2829 2804 2898 quamvis
2835 2835 3023 2882 sancta
3052 2827 3175 2897 quis
3206 2833 3261 2880 et
3287 2824 3435 2879 salu-

165 2923 342 2976 πολλά
383 2923 519 2995 (46).
558 2926 621 2978 Ei
652 2925 762 2996 γὰρ
792 2924 940 2978 τοῦθ’
972 2925 1147 2990 οὕτως
1178 2926 1314 2997 ἔχει,
1347 2927 1440 2980 καὶ
1475 2927 1718 2996 πολυλογι

1934 2922 1998 2975 ria
2023 2920 2169 2975 dicat
2193 2919 2357 2972 multa
2381 2937 2394 2973 :
2419 2918 2462 2972 si
2487 2918 2629 2974 enim
2657 2916 2730 2970 ita
2750 2931 2808 2972 se
2838 2931 2924 2971 res
2952 2913 3132 2977 habet,
3156 2921 3211 2967 et
3237 2911 3434 2979 loquax

163 3016 194 3067 ὁ
220 3013 396 3068 πολλὰ
427 3013 642 3079 διεξιὼν
665 3014 935 3087 ὠφέλιμα,
956 3016 1118 3080 αὐτὸς
1151 3035 1170 3067 ι
1193 3018 1221 3068 ὁ
1241 3017 1491 3088 Σολομὼν
1517 3037 1533 3068 ι
1552 3017 1652 3070 οὐκ
1669 3021 1761 3072 ὲκ-

167 3107 413 3175 πέφευγε
443 3106 542 3178 τὴν
572 3107 871 3178 ἁμαρτίαν,
893 3107 1130 3180 λαλήσας
1163 3125 1181 3158 t
1207 3110 1358 3180 τρεῖς
1383 3109 1626 3179 χιλιάδας
1657 3127 1760 3163 πα·-

170 3199 443 3271 ραϐολῶν,
470 3200 565 3252 καὶ⁸
588 3200 734 3271 ᾠδάς
766 3203 1228 3272 πεντακισχιλίας,
1265 3205 1359 3257 καὶ
1385 3204 1512 3274 περὶ
1537 3202 1644 3256 τῶν
1671 3201 1760 3270 ξύ-

168 3291 276 3345 λων
310 3292 422 3346 ἀπὸ
449 3292 550 3361 τῆς
583 3292 780 3366 κέδρου
813 3295 911 3366 τῆς
941 3297 999 3350 ὲν
1029 3296 1108 3366 τῷ
1133 3296 1372 3367 Λιϐάνῳ,
1407 3297 1501 3350 καὶ
1530 3296 1636 3360 ἕως
1662 3295 1760 3366 τῆς

174 3382 430 3436 ὑσσώπου
464 3385 563 3455 τῆς
598 3386 1042 3457 ἐκπορευομένης
1073 3386 1162 3440 διὰ
1202 3387 1410 3458 τοίχουο
1447 3386 1526 3439 ἔτι
1569 3387 1626 3439 δὲ
1665 3387 1761 3440 καὶ

174 3475 302 3546 περὶ
335 3474 448 3529 τῶν
481 3475 717 3547 κτηνῶν,
748 3477 844 3530 καὶ
887 3478 1016 3549 περὶ
1047 3476 1155 3532 τῶν
1185 3478 1468 3542 πετεινῶν,
1505 3479 1600 3532 καὶ
1633 3478 1761 3551 περὶ

173 3567 279 3620 τῶν
309 3567 583 3640 ἑρπετῶν,
614 3569 710 3622 καὶ
749 3569 879 3639 περὶ
902 3569 1010 3623 τῶν
1046 3569 1264 3640 ἰχθύων.
1305 3590 1325 3623 ι
1363 3571 1490 3634 Πῶς
1522 3571 1631 3643 γὰρ
1671 3571 1762 3625 δύ-

174 3678 331 3715 ναται
363 3659 719 3714 διδασκαλίαν
747 3661 929 3715 ἀνύειν
951 3679 1035 3727 τις
1067 3664 1237 3734 χωρὶς
1264 3663 1371 3734 τῆς
1391 3662 1760 3734 ἁπλούστερον

172 3753 475 3824 νοουμένης
523 3753 866 3824 πολυλογίας,
914 3756 1008 3808 καὶ
1055 3757 1224 3827 αὐτῆς
1267 3755 1368 3827 τῆς
1408 3753 1609 3826 Σοφίας
1654 3773 1759 3825 φα-

177 3846 415 3915 σκούσης
445 3849 556 3910 τοῖς
577 3847 990 3918 ἀπολλυμένοις·
1025 3867 1044 3902 ι
1089 3849 1382 3914 Ἐξέτεινον
1400 3848 1591 3917 λόγους
1623 3848 1757 3920 (47),

176 3940 269 3993 καὶ
296 3941 359 3992 οὐ
394 3941 720 4013 προσείχετε
747 3958 761 4007 ;
806 3961 825 3993 ι
866 3943 924 3996 '0
965 3942 1022 3995 δὲ
1051 3941 1264 4006 Παῦλος
1294 3942 1543 4012 φαίνεται
1576 3943 1759 3995 διατε-

173 4030 278 4085 λῶν
323 4031 498 4086 ἒωθεν
541 4031 702 4104 μέχρι
738 4018 1091 4104 μεσονυδξτίου
1125 4034 1184 4086 ἐν
1221 4033 1300 4104 τῷ
1341 4033 1632 4099 διδάσκειν,
1671 4036 1760 4088 ὅτε

175 4124 265 4177 καὶ
303 4125 564 4196 Εὔτυχος,
596 4126 1038 4198 καταφερόμενος
1062 4126 1234 4197 ύπνῳ,
1268 4126 1596 4180 καταπεσὼν
1631 4129 1758 4182 ὲτά-

176 4215 304 4285 ραξε
333 4217 463 4280 τοὺς
492 4215 812 4283 ἀκούοντας,
836 4217 912 4282 ὼς
940 4215 1238 4288 τεθνηκώς.
1269 4217 1332 4270 Ei
1354 4217 1532 4270 τοίνυν
1562 4217 1761 4290 ἀληθὲς

171 4307 252 4360 τό’
280 4327 299 4359 ι
337 4309 434 4361 Ἐκ
461 4308 788 4377 πολυλογίας
813 4309 913 4362 ούκ
931 4309 1170 4381 ἐκφεύξῃ
1188 4309 1490 4379 ἁμαρτίαν,
1520 4329 1538 4360 ι
1563 4309 1760 4380 ἀληθὲς

1863 3021 1946 3068 est
1970 3013 2061 3082 qui
2091 3011 2258 3066 multa
2296 3012 2549 3066 edisserit
2577 3011 2760 3076 utilia,
2792 3019 2939 3066 certe
2964 3022 3066 3062 nec
3090 3007 3207 3076 ipse
3240 3021 3259 3056 t
3284 3003 3439 3058 Salo-

1866 3119 2031 3160 mom
2067 3113 2344 3174 peccatum
2375 3103 2592 3173 effugit,
2631 3103 2725 3173 qui
2779 3120 2798 3153 ι
2831 3111 2912 3156 ter
2956 3099 3104 3155 mille
3151 3097 3441 3168 parabolas

1863 3199 2070 3265 eli‘udit,
2103 3198 2439 3254 canticorum
2471 3197 2714 3265 quinque
2735 3193 2920 3257 millia,
2951 3191 3104 3247 etde
3127 3191 3437 3254 arboribus,

1862 3311 1892 3349 a
1951 3294 2114 3348 cedro
2143 3290 2330 3346 Libani
2364 3289 2430 3342 ad
2466 3288 2784 3359 hysSOputu,
2823 3300 2944 3356 qua:
2985 3285 3098 3339 exit
3127 3297 3158 3338 e
3193 3285 3436 3353 pariete;

1862 3394 2128 3457 praeterea
2168 3393 2224 3438 et
2269 3382 2337 3435 de
2382 3379 2856 3452 quadrupedibus,
2899 3379 2966 3434 de
3005 3377 3334 3440 volucribus,
3373 3375 3440 3430 de

1866 3479 2166 3548 reptilibus,
2195 3477 2341 3532 etde
2367 3474 2610 3546 piscibus
2644 3473 2748 3526 ⁸³.»
2795 3472 3075 3540 Quomodo
3115 3471 3260 3526 enim
3317 3484 3439 3538 per-

1865 3573 2006 3628 fecte
2051 3571 2250 3626 docere
2306 3570 2430 3639 quis
2475 3575 2650 3637 potest
2699 3568 2815 3622 sine
2846 3566 2936 3620 illa
2987 3563 3128 3618 unde
3162 3560 3436 3618 intellecta

1861 3664 2216 3734 loquacitate,
2244 3678 2370 3718 cum
2401 3672 2457 3718 et
2485 3664 2596 3730 ipsa
2629 3659 2907 3731 Sapientia
2933 3658 3078 3713 dicat
3108 3654 3335 3726 perditis
3363 3652 3434 3707 “'2

1867 3774 1886 3807 ι
1917 3754 2288 3810 Extendcbatn
2358 3767 2666 3813 sermones,
2733 3759 2790 3804 et
2833 3765 2938 3805 non
2986 3745 3379 3801 attendebatis?
3415 3763 3434 3794 ι

1860 3846 2084 3901 Paulum
2145 3855 2328 3900 autem
2385 3845 2453 3900 ab
2497 3854 2620 3899 ortu
2669 3844 2800 3898 solis
2839 3842 2908 3896 ad
2956 3840 3186 3894 mediam
3224 3847 3438 3891 noctem

1862 3936 2078 3990 assidue
2137 3935 2389 3990 docuisse
2447 3935 2664 4006 planum
2717 3942 2843 3998 est,
2898 3947 3021 3988 cunt
3067 3941 3122 3986 et
3164 3930 3440 4002 Eutychus

1861 4038 2088 4100 urgente
2107 4043 2298 4084 somno
2325 4028 2574 4082 deorsum
2603 4029 2888 4097 prolapsus
2918 4024 3196 4078 audientes
3221 4033 3441 4076 contur-

1860 4123 2032 4189 bavit,
2065 4132 2250 4193 utpote
2280 4133 2525 4175 mortuus
2553 4120 2623 4176 “.
2682 4121 2738 4176 Si
2785 4121 2930 4175 enim
2975 4134 3162 4172 verum
3186 4125 3270 4171 est
3301 4134 3315 4171 :
3353 4135 3372 4167 ι
3398 4115 3440 4169 Ε

1863 4213 2030 4268 ιηιιΙιο
2052 4229 2302 4269 sermone
2329 4229 2436 4269 non
2463 4213 2685 4283 ell'ngies
2706 4222 2983 4283 peccatum
3015 4210 3084 4276 ⁸⁸,
3109 4229 3128 4262 ι
3165 4217 3219 4262 et
3253 4222 3438 4262 verum

1861 4315 1943 4360 est
1977 4321 2081 4360 non
2118 4320 2375 4376 peccasse
2408 4304 2753 4360 Salomonem
2797 4305 2889 4373 qui
2922 4303 3090 4357 multa
3142 4303 3208 4356 de
3252 4315 3442 4369 supra-

172 4400 230 4455 δὲ
262 4401 358 4454 καὶ
390 4401 452 4454 τὸ
487 4401 562 4473 μὴ
595 4402 976 4474 ἡμαρτηκέναι
1002 4401 1172 4455 πολλά
1204 4402 1332 4473 περὶ
1361 4401 1468 4455 τῶν
1501 4419 1718 4474 προειρτ

1934 4402 2018 4456 :tis
2044 4400 2326 4467 disseruit,
2369 4414 2547 4470 neque
2583 4397 2812 4453 Paulum
2837 4436 2853 4462 ,
2898 4397 2988 4466 qui
3031 4407 3334 4450 sermonem
3373 4389 3441 4443 ad

241 4542 288 4574 ⁷⁷
313 4541 476 4596 Joau.
512 4559 624 4605 xxi,
661 4540 752 4595 9.0.
826 4542 874 4574 ⁷⁸
905 4541 1035 4595 ibid.
1067 4541 1157 4595 25.
1229 4542 1274 4574 "
1301 4541 1470 4612 Apoc.
1499 4557 1550 4606 κ,
1577 4540 1634 4598 4.
1709 4542 1718 4573 ⁸

1934 4561 1966 4599 ι.
1993 4560 2093 4612 xn,
2126 4544 2214 4602 12.
2291 4545 2334 4577 ⁸⁸
2369 4543 2530 4600 Prov.
2554 4559 2611 4610 ι,
2647 4543 2734 4599 19.
2798 4541 2846 4574 ³³
2877 4541 2939 4596 ill
2964 4541 3096 4610 Reg.
3137 4557 3212 4610 tv,
3234 4542 3325 4607 32,
3350 4541 3440 4598 53.

171 4611 218 4645 ⁸³
248 4611 409 4667 Prov.
441 4630 484 4677 t,
507 4613 600 4667 24.
673 4612 722 4645 ⁸⁸
747 4615 866 4667 Act.
905 4628 996 4678 xx,
1024 4612 1074 4676 7,
1105 4614 1158 4669 9.
1235 4613 1282 4644 "
1309 4610 1470 4666 Prov.
1501 4627 1536 4665 x
1583 4613 1669 4668 l9.

173 4763 355 4809 tamen
389 4768 517 4808 cum
547 4751 699 4806 utilis
733 4766 856 4807 esse
877 4751 1158 4806 videretur
1185 4749 1626 4820 quamplurimis,
1651 4765 1758 4806 una

177 4841 300 4879 cum
325 4823 556 4893 reliquis
581 4838 754 4893 sacrge
782 4822 1082 4893 Scriptura:
1122 4821 1277 4876 libris
1310 4822 1555 4893 studiose
1589 4820 1752 4893 lecti-

176 4908 287 4950 tata
313 4891 464 4958 esui
473 4903 524 4948 et
547 4909 670 4962 cap.
698 4891 769 4948 25
805 4911 818 4945 :
847 4891 968 4947 Τῶν
995 4891 1052 4944 δὲ
1073 4891 1532 4962 ἀντιλεγομένων,
1563 4891 1761 4962 γνωρί-

177 4985 291 5039 μων
312 4966 358 5019 δ’
391 4963 487 5020 οὖν
511 4960 627 5026 τοῖς
643 4963 903 5048 πολλοῖς,
933 4965 980 5084 Pl
1007 4960 1279 5033 λεγομένη
1314 4960 1568 5014 Ἰακώϐου
1600 4960 1760 5084 φέρε-

177 5054 285 5084 ται-
333 5038 430 5084 καὶ
480 5038 513 5084 ἠ
557 5035 745 5084 Ἰουδα.
774 5035 807 5084 ἧ
841 5051 901 5084 τε
985 5033 1143 5084 έτοου
1199 5032 1426 5084 δευτέρα
1477 5032 1667 5084 ὲπιστο
1702 5032 1757 5084 'h.

177 5032 285 5102 ται,
333 5038 430 5091 καὶ
480 5038 514 5107 ἡ
543 5035 745 5107 -Ίούδα,
769 5035 809 5107 ᾔ
841 5051 909 5107 τεΔ
935 5032 1149 5107 Πέτρου
1199 5032 1442 5107 δευτέρα-
1477 5032 1757 5107 ὲπιστοζὴ,

177 5054 285 5102 ται,
333 5050 430 5091 και
480 5050 514 5107 η
562 5050 745 5097 ἰουοα,
774 5050 809 5104 η
841 5051 901 5086 τε
936 5050 1143 5104 ιιετρου
1199 5050 1426 5155 οευτείαα
1477 5050 1755 5104 επιστολη,

175 5109 270 5163 καὶ
296 5109 332 5178 ή
361 5105 736 5178 ὀνομαζομένη
763 5105 986 5178 δευτέρα
1014 5105 1109 5158 καὶ
1137 5103 1292 5176 τρίτη
1329 5103 1343 5124 ’
1369 5103 1590 5178 ωάννου.
1628 5121 1647 5154 ι
1677 5103 1755 5157 Ex

178 5181 245 5236 iis
268 5173 398 5234 vero
422 5173 546 5248 quae
579 5173 632 5248 in
668 5173 891 5248 dubium
918 5173 1341 5248 revocantum}
1368 5173 1550 5227 multis
1569 5180 1753 5248 tamen

179 5241 600 5304 commenforari
646 5247 916 5311 videmus,
955 5254 1041 5300 est
1089 5243 1332 5314 Epistola
1382 5259 1504 5312 quae
1528 5241 1754 5314 _dicitttr

175 5319 384 5380 Jacobi.
439 5329 494 5375 et
531 5333 653 5387 quae
703 5310 981 5387 .ludar,'et
1031 5310 1264 5372 secunda
1302 5310 1473 5381 Petri,
1521 5310 1748 5370 Joannis

177 5389 303 5446 item
331 5391 501 5444 altera
533 5385 589 5444 et
616 5391 800 5443 tertia.
846 5408 864 5438 ι
901 5385 1168 5443 Hunnus.

247 5460 356 5530 (μ)
403 5459 568 5515 Ἐπεὶ
615 5461 728 5530 οὐχ
755 5458 978 5530 πάντες
1039 5456 1530 5530 φασὶηιγ-νηονίους
1574 5450 1752 5511 εἶναι.

177 5527 445 5602 Origenes
464 5531 658 5586 homil.
696 5529 730 5582 7
754 5531 809 5602 in
849 5529 965 5584 los.
991 5546 1012 5582 :
1041 5548 1058 5580 ι
1089 5527 1632 5602 Addit_niltilotnittus
1657 5531 1753 5581 ad-

185 5598 300 5657 buc'
318 5613 373 5656 et
419 5600 662 5656 Joannes
695 5601 820 5654 tuba
865 5614 1065 5655 canere
1099 5613 1196 5668 per
1238 5598 1508 5666 Epistolas
1536 5612 1685 5668 suas,
1726 5617 1746 5652 ι

185 5683 238 5728 et
270 5673 526 5728 Eusebius
558 5674 679 5728 loco
711 5671 955 5739 proxime
992 5671 1234 5724 laudato.
1267 5669 1344 5724 lo.

256 5742 366 5813 (ιδ)
398 5742 472 5796 Ex
503 5758 624 5810 cap.
655 5738 721 5813 5:
742 5738 1073 5813 Pltilocalite.

257 5808 368 5887 (ιὸ)
409 5813 537 5871 Κᾶν
569 5808 710 5886 ἅγιά
765 5829 854 5881 τις
905 5811 1004 5868 καὶ
1031 5809 1295 5883 σωτήρια
1342 5808 1491 5884 λέγῃ
1530 5809 1748 5869 πολλοὶ.

1871 4750 1996 4806 llarc
2044 4751 2239 4806 desunt
2288 4750 2341 4804 in
2387 4749 2575 4804 codice
2634 4747 2823 4819 Regio,
2861 4746 2957 4802 sed
3016 4744 3379 4800 restituuntur
3411 4760 3443 4801 e

1867 4823 2054 4878 codice
2085 4821 2299 4875 Tlman.

1937 4892 2050 4963 (47)
2097 4890 2433 4963 Ἐξέτεινον
2470 4890 2711 4959 λόγους.
2737 4888 2792 4963 ld_
2827 4888 2994 4944 secuti
3025 4895 3153 4941 sunt
3178 4887 3358 4963 _Sy_rus
3384 4895 3441 4940 et

1865 4956 2064 5018 Arabs.
2125 4961 2338 5030 Reliqui
2403 4956 2730 5030 interpretes
2780 4960 3062 5030 legerunt,
3113 4956 3275 5030 χεῖρὰ
3310 4974 3435 5029 μου,

1869 5035 2010 5102 quod
2038 5031 2103 5086 ad
2132 5035 2268 5086 idem
2297 5033 2511 5096 recidit,
2540 5047 2665 5102 nam
2692 5031 2782 5102 qui
2814 5031 2985 5102 verba
3025 5030 3217 5102 facturi
3259 5038 3436 5102 erant,

1870 5099 2031 5158 titanu
2068 5103 2167 5157 sibi
2202 5104 2533 5156 audientiam
2584 5101 2879 5154 faciebant.
2933 5100 3026 5154 Sic
3075 5099 3275 5153 Paulus
3307 5099 3435 5156 Act.

1862 5190 1984 5240 xm,
2010 5173 2077 5229 16
2101 5192 2115 5229 :
2146 5173 2494 5238 Κατασείσας
2513 5174 2580 5245 τῇ
2599 5172 2742 5243 χειρὶ
2760 5168 2934 5225 εἶπεν
2951 5169 3169 5226 etPers.
3187 5179 3360 5242 satyr.
3381 5168 3437 5224 ιε

1965 5286 2094 5352 Fert
2127 5288 2334 5342 animus
2373 5286 2564 5341 calida:
2609 5285 2802 5356 fecisse
2833 5285 3050 5342 silentia
3086 5283 3257 5339 turba:

1969 5357 2257 5429 Majertate
2305 5375 2618 5415 manus...“

1857 5430 1926 5488 Et
1945 5429 2127 5486 Caesar
2149 5431 2290 5499 apud
2317 5429 2451 5485 Luc.
2486 5447 2502 5484 :

2365 5537 2382 5553 .
2412 5538 2428 5554 .
2462 5540 2478 5556 .
2511 5538 2526 5554 .
2562 5539 2578 5555 .
2619 5498 2926 5555 Tumultum
3023 5505 3026 5509 ’

1963 5571 2269 5638 Composuit
2294 5570 2442 5626 vultu
2467 5571 2762 5642 dextraque
2798 5570 3012 5626 silentia
3039 5565 3226 5636 iussit.

1860 5665 1998 5720 lluic
2033 5663 2404 5719 observationi
2440 5664 2545 5717 hoc
2575 5665 2736 5728 adde,
2787 5662 3238 5730 signiﬁcationem
3285 5660 3433 5716 illam

1857 5737 2059 5792 erectis
2083 5735 2416 5804 primoribus
2446 5734 2632 5804 digitis
2665 5735 2860 5798 tribtts,
2902 5734 3124 5801 pollice,
3160 5732 3342 5788 indice
3379 5741 3435 5786 ct

1859 5809 2061 5877 tucdio,
2101 5805 2377 5864 conclusis
2409 5806 2586 5864 medio
2624 5818 2681 5862 et
2721 5804 3019 5863 auriculari
3050 5805 3165 5865 tieri
3192 5804 3428 5862 solitam.
