3766 6142
331 311 426 368 191

1797 306 2118 365 ORIGENIS

3474 315 3598 373 Ιθί

333 431 562 488 mediam
593 438 808 486 noctem
840 426 1118 500 produxit,
1159 429 1505 498 quaerendum
1549 440 1632 487 est
1674 445 1797 501 qua:

2119 448 2186 484 ων
2208 431 2298 486 τὸν
2333 430 2653 502 Σολομῶντα
2686 429 3122 499 ἀπαγγείλαντα,
3155 430 3289 502 μηδὲ
3315 431 3410 486 τὸν
3440 432 3606 487 Παῦ-

331 521 671 592 loqnacitas;
706 521 834 581 inde
865 522 1218 590 transgressis
1245 519 1537 581 videndum
1570 532 1654 577 est
1683 523 1904 591 quinam

329 614 437 671 sint
463 613 615 668 multi
645 612 792 669 libri.
822 610 940 665 Jatn
971 613 1150 667 omnis
1197 612 1286 666 Dei
1323 611 1514 667 Sermo
1542 614 1632 682 qui
1668 614 1720 668 in
1756 615 1907 683 prin-

327 706 610 775 cipioerat
635 706 774 774 apud
804 705 968 759 Deum
1001 702 1071 770 ⁸⁸,
1108 719 1212 759 non
1235 715 1317 757 est
1353 705 1775 776 multiloquium,
1800 721 1905 760 non

329 812 648 862 sermones;
680 812 860 851 sermo
882 795 1026 851 enim
1054 809 1140 851 est
1164 813 1302 851 unus
1332 813 1396 852 ex
1417 798 1599 853 multis
1623 800 1908 855 sententiis

328 888 684 958 compositus,
739 887 846 957 97
891 902 1121 956 quarum
1169 888 1422 958 quaslibet
1456 905 1583 959 pars
1622 898 1708 944 est
1746 891 1908 945 totius

328 981 621 1036 sermonis.
653 979 756 1046 Qui
786 995 916 1034 vero
937 991 1091 1035 extra
1119 981 1265 1035 hunc
1298 980 1614 1050 pollicemur
1644 996 1704 1037 se
1730 983 1907 1038 conti-

329 1087 460 1129 nere
489 1072 877 1142 digressionem
904 1073 1382 1143 etexpositionetn
1427 1075 1719 1141 quamlibet
1747 1115 1763 1141 ,
1803 1074 1903 1129 etsi

329 1164 482 1234 quasi
514 1165 579 1218 de
618 1164 846 1219 veritate
868 1179 1148 1219 sermones
1178 1165 1307 1229 sint,
1340 1180 1538 1220 novum
1568 1182 1635 1219 ac
1663 1167 1906 1223 insolens

329 1256 476 1318 dico,
510 1254 686 1307 nullus
722 1254 962 1323 ipsorum
990 1268 1175 1309 sermo
1202 1264 1285 1309 est
1306 1295 1320 1317 ,
1346 1256 1440 1308 sed
1473 1256 1668 1326 singuli
1696 1273 1905 1312 sermo-

212 1362 219 1377 '
331 1361 464 1413 nes;
497 1345 684 1400 nullibi
729 1345 874 1398 enim
908 1344 1087 1397 unitas
1136 1352 1238 1419 est,
1297 1344 1488 1399 nullibi
1526 1356 1824 1402 concentus
1853 1356 1910 1405 et

331 1454 499 1492 unum
535 1455 550 1493 :
586 1436 677 1491 sed
738 1437 882 1507 quod
938 1436 1188 1491 distracti
1233 1435 1344 1491 sint
1387 1432 1599 1506 sibique
1644 1448 1906 1510 pugnent,

331 1535 514 1587 unitas
545 1532 653 1587 illis
697 1532 897 1600 periit,
927 1541 981 1586 et
1010 1528 1295 1597 factisunt
1320 1531 1557 1595 numeri,
1591 1542 1649 1586 et
1679 1529 1909 1587 fortasse

331 1624 547 1679 numeri
598 1624 818 1678 inﬁniti.
885 1624 1075 1693 Itaque
1120 1634 1490 1695 congruenter
1537 1625 1625 1681 his
1657 1625 1908 1692 dicimus,

330 1717 423 1787 qui
474 1733 503 1771 a
547 1716 732 1779 divino
762 1718 913 1773 cultu
944 1717 1183 1773 alienum
1215 1717 1485 1789 quidlibet
1510 1718 1663 1782 dicit,
1715 1717 1906 1788 loqua-

2005 523 2096 576 λον
2139 524 2541 595 παρατείναντα
2592 523 2754 594 μέχρι
2788 524 3161 594 μεσονυκτίου·
3195 523 3461 596 ζητητέον
3502 524 3602 588 τίς

2007 619 2041 688 ἠ
2074 614 2389 684 πολυλογία,
2430 614 2686 669 κάκεῖθεν
2728 614 3060 685 μεταϐατέον
3089 616 3183 668 ἐπὶ
3210 615 3272 669 τὸ
3303 616 3434 670 ἰδεῖν
3466 617 3606 670 τίνα

2005 709 2077 762 τὰ
2119 707 2288 762 πολλὰ
2324 707 2525 778 βιϐλία.
2566 709 2627 762 '0
2660 710 2769 771 πᾶς
2795 707 2860 779 δὴ
2890 707 2986 762 τοῦ
3019 707 3154 761 Θεοῦ
3188 708 3361 777 Λόγος
3398 708 3539 780 (48),
3570 713 3609 763 ὁ

2007 799 2066 853 ἐν
2090 799 2232 871 ἀρχῇ
2265 798 2403 870 πρὸς
2424 798 2514 852 τὸν
2537 797 2691 876 Θεὸν,
2718 799 2778 851 οὐ
2807 797 3101 868 πολυλογία
3126 799 3295 864 ἐστὶν,
3327 802 3388 854 οὐ
3414 801 3606 869 λόγοιο

2007 888 2163 960 λόγος
2201 890 2309 963 γὰρ
2351 885 2432 954 εἷς
2476 888 2749 954 συνεστὼς
2781 893 2847 944 ἐκ
2891 890 3153 954 πλειόνων
3190 891 3604 964 θεωρημάτων,

2008 975 2084 1036 ὧν
2146 983 2376 1036 ἕκαστον
2446 982 2711 1054 θεώρημα
2775 983 2940 1054 μέρος
2993 984 3113 1037 ἐστὶ
3178 985 3273 1039 τοῦ
3323 985 3447 1040 ὅλου
3500 985 3607 1039 λό-

2007 1091 2127 1145 γου.
2172 1079 2235 1130 Οἱ
2294 1076 2352 1130 δὲ
2391 1075 2497 1142 ἔξω
2537 1078 2729 1131 τούτου
2770 1078 3235 1149 ἐπαγγελλόμενοι
3301 1081 3603 1151 περιέχειν

2006 1170 2236 1238 διέξοδον
2283 1171 2378 1225 καὶ
2412 1171 2750 1242 ἀπαγγελίαν
2781 1173 2970 1227 ὁποίαν
3009 1173 3231 1244 δήποτε,
3281 1176 3329 1227 εί
3377 1175 3474 1227 καὶ
3512 1174 3605 1236 ὡς

2008 1265 2136 1337 περὶ
2162 1264 2420 1337 ἀληθείας
2449 1267 2554 1319 εἰσὶ
2586 1265 2754 1336 λόγοι,
2782 1266 2876 1320 καὶ
2906 1264 3339 1338 παραδοξότερόν
3367 1284 3431 1336 γε
3455 1265 3606 1338 ἐρῶ,

2007 1357 2183 1422 οὐδεὶς
2213 1358 2392 1411 αὐτῶν
2417 1357 2594 1426 λόγος,
2621 1357 2733 1411 ἀλλ’
2760 1356 2981 1413 ἕκαστοι
3006 1359 3172 1427 λόγοι.
3198 1358 3449 1429 Οὑδαμοῦ
3482 1358 3612 1430 γὰρ

2007 1452 2065 1520 ἡ,
2091 1448 2278 1522 μονὰς,
2314 1450 2407 1504 καὶ
2449 1448 2687 1519 οὐδαμοῦ
2727 1450 2789 1502 τὸ
2830 1448 3143 1520 σύμφωνον,
3178 1451 3273 1504 καὶ
3314 1451 3409 1503 ἐν·
3448 1450 3605 1503 ἀλλά

2009 1542 2163 1615 παρὰ
2192 1542 2252 1595 τὸ
2282 1541 2601 1595 διεσπᾶσθαι
2630 1542 2723 1594 καὶ
2751 1541 3022 1613 μάχεσθαι
3048 1542 3110 1595 τὸ
3143 1543 3200 1594 ἓν
3235 1542 3330 1595 ἀπ’
3363 1543 3607 1595 ἐκείνων

2009 1632 2277 1698 ἀπώλετο,
2311 1633 2405 1685 καὶ
2445 1632 2735 1702 γεγόνασιν
2775 1632 3019 1703 ἀριθμοὶ,
3063 1633 3157 1686 καὶ
3189 1632 3331 1703 τάχα
3365 1631 3613 1705 ἀριθμοὶ

2010 1723 2248 1796 ἄπειροι.
2275 1725 2435 1777 ’Ὥστε
2461 1724 2601 1778 κατὰ
2624 1723 2764 1777 τοῦτ’
2786 1723 2851 1778 ἂν
2870 1726 3020 1795 ἡμᾶς
3041 1726 3238 1788 εἰπεῖν,
3266 1725 3349 1778 ὅτι
3377 1727 3406 1777 ὁ
3434 1724 3611 1793 φθεγ-

330 1823 447 1862 ccm
472 1822 629 1875 esse;
666 1808 757 1878 qui
784 1824 916 1864 vero
947 1809 1079 1865 dicit
1113 1825 1235 1880 quae
1258 1826 1385 1866 vera
1417 1820 1564 1875 sunt,
1591 1812 1693 1867 etsi
1729 1828 1817 1868 om

2124 1839 2241 1886 ενος
2269 1821 2298 1874 ὃ
2328 1821 2525 1892 δήποτε
2554 1820 2653 1891 τῆς
2695 1819 3006 1883 θεοσεϐείας
3050 1818 3330 1890 ἀλλότριον
3364 1818 3610 1871 πολυλο-

330 1900 528 1955 dixerit
554 1901 801 1971 nihilque
828 1901 1024 1971 reliqui
1052 1902 1263 1967 fecerit,
1297 1918 1460 1958 unum
1484 1917 1704 1973 semper
1727 1903 1863 1959 dicit
1893 1923 1907 1958 :

330 2006 510 2060 neque
552 1993 604 2047 in
651 1992 1004 2063 loquacitatis
1052 1995 1246 2049 vitium
1282 1995 1528 2050 incidunt
1571 1995 1785 2062 sancti,
1817 1997 1910 2067 qui

330 2097 553 2154 scopum
585 2083 789 2139 habent
813 2085 973 2140 unius
998 2087 1267 2141 sermonis
1310 2100 1526 2156 semper
1552 2088 1909 2158 propositum.

334 2174 391 2233 Si
427 2177 594 2249 igitur
639 2177 1045 2247 multiloquium
1090 2180 1378 2250 praeceptis
1413 2179 1764 2249 dijudicatur,
1803 2197 1912 2239 non

331 2283 462 2325 vero
515 2284 744 2325 numero
806 2268 1106 2324 dictionum
1136 2312 1152 2338 ,
1210 2271 1333 2326 vide
1381 2286 1448 2327 an
1495 2272 1571 2326 ita
1620 2272 1911 2342 possimus,

333 2376 498 2416 unum
532 2376 651 2417 esse
673 2360 870 2416 librum
902 2377 1097 2417 omnes
1145 2376 1332 2417 sacros
1365 2363 1588 2428 dicere,
1632 2372 1685 2418 et
1712 2364 1912 2419 multos

332 2454 524 2523 libros,
548 2455 641 2525 qui
680 2462 835 2510 extra
868 2454 966 2510 bos
996 2463 1141 2509 sunt.
1177 2453 1281 2510 Sed
1307 2455 1565 2524 quoniam
1598 2456 1912 2512 testimonio

330 2548 464 2603 mihi
499 2562 636 2619 opus
666 2557 750 2604 est
777 2562 807 2602 a
834 2548 1016 2603 divina
1056 2548 1368 2616 Scriptura,
1400 2550 1674 2618 perpende
1700 2564 1827 2603 num
1858 2548 1912 2603 id

332 2638 561 2694 miriﬁce
614 2653 887 2710 exponere
954 2655 1198 2711 queam,
1278 2640 1369 2696 ubi
1439 2641 1783 2697 constituero
1842 2643 1911 2696 de

335 2732 561 2790 Christo
608 2732 902 2795 secundum
932 2748 1067 2798 nos,
1115 2748 1221 2788 non
1268 2735 1322 2788 in
1365 2749 1473 2789 uno
1499 2733 1764 2803 scriptmn
1791 2746 1912 2789 esse

336 2829 499 2895 libro,
532 2831 577 2886 si
609 2832 885 2887 communi
915 2846 1077 2887 sensu
1109 2846 1297 2886 sacros
1320 2832 1492 2887 libros
1525 2831 1907 2902 intelligamus;

334 2922 596 2992 scriptum
623 2932 707 2979 est
741 2925 886 2979 enim
914 2924 967 2977 in
993 2924 1233 2993 quinque
1263 2924 1418 2978 libris
1449 2923 1668 2996 Moysis,
1707 2924 1910 2978 dictum

334 3026 423 3071 est
454 3017 506 3070 in
540 3015 767 3086 singulis
804 3017 1103 3086 prophetis,
1136 3017 1187 3069 in
1230 3015 1479 3083 Psalmis,
1501 3028 1554 3070 et
1583 3015 1828 3081 omnino,
1856 3025 1914 3070 ut

335 3105 451 3175 ipse
475 3104 737 3159 Servator
779 3107 894 3170 ait,
944 3105 996 3160 in
1046 3104 1256 3159 cunctis
1296 3103 1619 3172 Scripturis,
1656 3102 1724 3155 ad
1774 3116 1912 3170 quas

2013 1916 2131 1983 γεῖ·
2161 1916 2190 1967 ό
2221 1914 2280 1967 δὲ
2306 1912 2481 1981 λέγων
2509 1912 2578 1966 τά
2600 1912 2700 1983 τῆς
2720 1911 2998 1984 ἀληθείας,
3022 1910 3125 1965 κᾶν
3158 1909 3288 1983 εἴπῃ
3315 1910 3385 1964 τὰ
3414 1911 3613 1964 πάντα

2012 2005 2089 2070 ὡς
2138 2004 2306 2076 μηδὲν
2347 2003 2698 2075 παραλιπεῖν,
2737 2004 2834 2058 ἕνα
2868 2004 2955 2057 ἀεὶ
2983 2003 3133 2073 λέγει
3175 2003 3354 2073 λόγον·
3396 2003 3495 2056 καὶ
3536 2005 3610 2057 οὐ

2013 2095 2401 2166 πολυλογοῦσιν
2431 2098 2481 2150 οἱ
2527 2096 2671 2166 ἆγιοι
2714 2094 2811 2149 τοῦ
2845 2095 3047 2150 σκοποῦ
3076 2094 3170 2148 τοῦ
3204 2096 3350 2150 κατά
3380 2095 3474 2149 τὸν
3502 2098 3613 2151 ἕνα

2014 2189 2264 2260 ἐχόμενοι
2299 2189 2477 2258 λόγον.
2515 2188 2579 2242 El
2622 2187 2865 2259 τοίνυνή
2914 2187 3212 2258 πολυλογία
3246 2190 3312 2242 ἐκ
3355 2189 3468 2243 τῶν
3509 2190 3612 2243 δο-

2011 2281 2236 2353 γμάτων
2269 2280 2533 2351 κρίνεται,
2563 2280 2658 2333 κα)⁵
2684 2279 2784 2333 οὐκ
2810 2281 2875 2333 ἐκ
2897 2279 2996 2351 τῆς
3021 2278 3132 2333 τῶν
3158 2278 3373 2332 πολλῶν
3390 2279 3611 2345 λέξεων

2010 2370 2374 2440 ἀπαγγελίας,
2424 2374 2527 2442 ὅρα
2570 2370 2619 2423 εί
2662 2368 2806 2423 οὕτω
2851 2370 3128 2442 δυνάμεθα
3176 2372 3235 2425 ἓν
3276 2371 3483 2443 βιϐλίον
3527 2372 3609 2424 τὰ

2012 2462 2190 2516 πάντα
2233 2460 2368 2530 ἅγια
2398 2463 2593 2526 εἰπεῖν,
2625 2459 2797 2513 πολλὰ
2825 2461 2883 2515 δὲ
2920 2461 2990 2514 τὰ
3033 2460 3138 2526 ἔξω
3169 2459 3397 2518 τούτων.
3451 2460 3607 2514 Ἀλλ’

2011 2555 2133 2608 ἐπεὶ
2170 2551 2468 2625 μαρτυρίου
2517 2569 2607 2623 μοι
2645 2551 2727 2605 δεῖ
2751 2551 2846 2605 τοῦ
2888 2552 2996 2607 ἀπὸ
3019 2553 3119 2623 τῆς
3159 2552 3313 2617 θείας
3346 2553 3606 2626 Γῳφῆς,

2013 2645 2312 2716 ἐπίσκεψαι
2346 2646 2396 2698 εί
2424 2643 2842 2715 πληκτικώτατα
2867 2644 3102 2717 δύναμαι
3132 2645 3292 2699 τοῦτο
3316 2647 3614 2720 παραστῆ-

2014 2756 2127 2804 σαι,
2174 2737 2613 2803 κατασκευάσας,
2666 2737 2749 2790 ὅτι
2796 2737 2923 2808 περὶ⁸
2975 2738 3213 2810 Χριστοῦ
3269 2737 3391 2791 καθ’
3450 2740 3611 2809 ἡμᾶς

2011 2832 2112 2884 οὐκ
2138 2832 2195 2884 ἐν
2227 2831 2309 2885 ἐν).
2335 2829 2648 2901 γέγραπται
2680 2827 2870 2900 βιϐλίῳ
2892 2831 3198 2899 κοινότερον
3231 2832 3264 2900 ἡ
3275 2830 3393 2900 μῶν
3420 2831 3491 2883 τὰ
3520 2830 3608 2899 βι-

2013 2920 2137 2975 ϐλία
2165 2922 2447 2976 νοούντων,
2471 2920 2782 2992 Γέγραπται
2805 2919 2914 2991 γὰρ
2936 2920 3029 2973 καὶ
3044 2922 3101 2974 ἐν
3127 2922 3192 2991 τῇ
3213 2919 3604 2990 Πεντατεύχῳ·

2015 3015 2231 3086 εἴρηται
2262 2994 2447 3066 δὲκαὶ
2485 3013 2543 3066 ἐν
2575 3004 2790 3083 ἑκάστῳ
2811 3010 2920 3064 τῶν
2945 3011 3263 3083 προφητῶν,
3288 3012 3384 3065 καὶ
3406 3013 3466 3064 ἐν
3490 3015 3611 3074 τοῖς

2015 3105 2287 3177 Ψαλμοῖς,
2322 3106 2417 3159 καὶ
2452 3105 2812 3172 ἁπαξαπλῶς,
2847 3104 2924 3169 ῶς
2948 3122 3113 3176 φησιν
3140 3104 3303 3169 αὐτὸς
3329 3106 3358 3158 ὁ
3386 3105 3607 3176 Σωτὴρ,

335 3196 624 3251 remittens
653 3209 775 3256 nos,
831 3196 963 3249 dicit
1001 3196 1048 3227 ⁸⁷
1080 3211 1095 3249 :
1140 3212 1159 3244 ι
1188 3192 1524 3248 Scrutamini
1566 3191 1822 3261 Scriptur:

2125 3198 2315 3261 πάσαις
2364 3200 2485 3261 ταῖς
2530 3198 2794 3270 Γραφαῖς,
2830 3197 2914 3265 ἐφ’
2961 3196 3028 3261 ἃς
3073 3197 3417 3267 ἀναπέμπων
3455 3198 3612 3268 ἡμᾶς

335 3288 463 3357 quia
496 3303 589 3343 vos
617 3289 819 3356 putatis
849 3288 903 3342 in
938 3288 1069 3358 ipsis
1092 3287 1259 3342 vitam
1288 3297 1548 3341 aeternam
1577 3284 1800 3341 habere.
1851 3285 1920 3340 Et

337 3379 444 3436 illa:
475 3391 601 3435 sunt
633 3397 753 3451 qua:
800 3379 1173 3436 testimonium
1215 3378 1503 3449 perhibent
1531 3379 1597 3433 de
1639 3393 1745 3434 me.
1782 3396 1802 3428 ι
1859 3375 1916 3431 Si

337 3489 440 3528 nos
463 3473 628 3543 igitur
657 3472 970 3527 remittitad
1003 3469 1317 3539 Scripturas
1349 3480 1604 3538 tanquam
1639 3468 1706 3523 de
1729 3483 1788 3523 se
1814 3476 1921 3522 tes-

337 3565 626 3620 timonium
672 3564 1042 3633 perhibentes,
1079 3577 1185 3616 non
1221 3562 1288 3616 ad
1328 3561 1472 3617 hanc
1498 3574 1598 3615 nos
1628 3559 1824 3625 mittit,
1852 3561 1920 3614 ad

339 3656 489 3711 illam
521 3674 629 3713 nou
657 3658 807 3718 item,
838 3659 933 3711 sed
963 3658 1029 3711 ad
1056 3669 1249 3710 onmes
1280 3670 1399 3723 quae
1433 3655 1501 3710 de
1532 3654 1649 3723 ipso
1680 3669 1921 3724 pronun-

343 3752 504 3814 tiant,
525 3765 664 3820 quas
690 3750 743 3804 in
765 3748 996 3805 Psalmis
1016 3756 1182 3817 caput
1201 3747 1321 3801 libri
1346 3746 1609 3817 appellat,
1636 3747 1821 3802 dicens
1837 3747 1920 3800 Im:

347 3861 366 3894 ι
400 3840 457 3896 ln
490 3842 664 3913 capite
688 3840 809 3896 libri
836 3841 1094 3910 scriptum
1118 3848 1202 3894 est
1226 3839 1293 3893 de
1327 3854 1432 3893 me.
1460 3858 1478 3890 ι
1513 3839 1614 3905 Qui
1643 3839 1789 3894 enim
1821 3840 1925 3896 hoc

344 3936 488 3992 nude
508 3935 640 3991 velit
674 3934 924 4004 accipere
963 3955 977 3990 :
1025 3951 1044 3987 ι
1076 3931 1133 3986 lu
1167 3931 1346 4001 capite
1382 3930 1505 3985 libri
1548 3932 1809 4000 scriptum
1841 3941 1927 3987 est

344 4029 415 4083 de
445 4041 583 4091 me,»
612 4028 678 4082 de
698 4041 807 4081 uno
835 4027 1018 4095 aliquo
1046 4039 1236 4081 eorum
1264 4026 1355 4096 qui
1398 4023 1449 4078 id
1480 4024 1623 4095 quod
1654 4026 1722 4079 ad
1751 4024 1924 4093 ipsum

345 4120 589 4192 pertinet
613 4121 918 4180 continent,
938 4116 1178 4173 declaret
1195 4132 1301 4187 qua
1331 4116 1539 4171 ratione
1563 4116 1705 4170 hunc
1728 4114 1924 4170 librum

2023 3307 2186 3361 φησιν
2216 3306 2230 3319 ’
2280 3308 2300 3341 ι
2344 3291 2634 3360 Ἐρευνᾶτε
2673 3290 2772 3353 τὰς
2804 3290 2843 3343 Γ
2850 3289 3046 3361 ραφὰς,
3091 3290 3172 3343 ὅτι
3206 3291 3366 3360 ὑμεῖς
3396 3290 3613 3343 δοκεῖτε

2022 3385 2080 3437 ἐν
2108 3383 2299 3446 αὐταῖς
2329 3381 2475 3454 ζωὴν
2522 3382 2740 3436 αἰώνιον
2783 3381 2951 3453 ἔχειν.
2990 3382 3101 3435 Καὶ
3131 3382 3336 3435 ἐκεῖναί
3382 3383 3523 3434 εἰσιν
3551 3384 3610 3435 αἱ

2025 3471 2401 3545 μαρτυροῦσαι
2427 3472 2554 3545 περὶ
2576 3471 2732 3544 ἐμοῦ.
2765 3492 2783 3524 ι
2811 3475 2875 3526 Εἰ
2907 3472 3085 3527 τοίνυν
3107 3473 3428 3543 ἀναπέμπει
3459 3474 3613 3543 ἡμᾶς

2021 3563 2115 3616 ἐπὶ
2166 3562 2268 3627 τὰς
2298 3561 2521 3634 Γραφὰς
2567 3563 2641 3625 ὼς
2674 3565 3058 3635 μαρτυρούσας
3099 3564 3230 3634 περὶ
3266 3562 3459 3628 αὐτοῦ,
3509 3566 3614 3617 οὐκ

2024 3660 2118 3712 ἐπὶ
2160 3659 2319 3731 τήνδε
2360 3658 2461 3731 μὲν
2505 3659 2736 3729 πέμπει,
2771 3658 2863 3711 ἐπὶ
2903 3657 3063 3729 τήνδε
3109 3658 3168 3710 δὲ
3204 3657 3300 3711 οῦ·
3347 3658 3466 3712 ἀλλ’
3517 3660 3612 3713 ἐπὶ

2025 3752 2205 3817 πάσας
2225 3751 2324 3815 τὰς
2346 3750 2691 3821 ἀπαγγελλού
2700 3767 2796 3814 σας
2817 3750 2945 3821 περὶ
2959 3748 3123 3802 αὐτοῦ
3152 3748 3379 3813 ἅστινας
3411 3750 3472 3801 ἐν
3498 3751 3614 3812 τοῖς

2024 3842 2275 3913 Ψαλμοῖς
2313 3840 2579 3911 κεφαλίδα
2637 3838 2893 3910 ὀνομάζει
2938 3836 3143 3909 βιϐλίου
3199 3836 3397 3907 λέγων·
3451 3855 3471 3888 ι
3520 3837 3612 3890 Ἐν

2027 3933 2274 4004 κεφαλίδι
2320 3932 2524 4005 βιϐλίου
2574 3931 2889 4004 γέγραπται
2917 3929 3056 4002 -περὶ
3111 3928 3268 4000 ἐμοῦ.
3303 3949 3321 3982 ι
3388 3930 3449 3983 '0
3500 3929 3615 4000 γὰρ

2027 4027 2214 4092 ἁπλῶς
2273 4025 2444 4080 θέλων
2516 4024 2768 4079 ἐκλαϐεῖν
2824 4007 2907 4077 τό·
2956 4042 2992 4081 ,ι
3072 4022 3165 4075 Ἐν
3218 4020 3469 4091 κεφαλίδι
3535 4020 3617 4092 βι-

2027 4122 2178 4177 ϐλίου
2204 4122 2516 4192 γέγραπται
2563 4118 2693 4190 περὶ
2732 4115 2888 4188 ἐμοῦ,
2927 4134 2944 4167 ι
2983 4116 3076 4169 ἐπὶ
3114 4115 3227 4169 οἴου
3256 4114 3459 4185 δήποτε
3493 4112 3617 4176 ἐνὸς

349 4215 509 4270 alteri
548 4211 852 4281 anteponit.
882 4209 989 4265 Sed
1022 4225 1088 4264 ne
1116 4213 1238 4280 quis
1269 4208 1547 4264 existimet
1580 4222 1679 4263 nos
1718 4208 1833 4262 dict

2129 4231 2138 4264 ο
2172 4213 2538 4285 περιεχόντων
2569 4211 2637 4265 τὰ
2676 4210 2806 4281 περὶ
2848 4207 3014 4265 αὑτοῦ
3039 4206 3174 4279 (49),
3216 4204 3616 4275 ἀπαγγελλέτω

348 4308 480 4385 illud
507 4307 573 4361 ad
605 4306 802 4361 librum
846 4303 1183 4359 Psalmorum
1229 4301 1452 4365 referre,
1493 4302 1833 4371 respondend

2127 4325 2134 4359 ι
2177 4305 2322 4377 λόγῳ
2367 4304 2528 4376 τήνδε
2556 4302 2654 4374 τὴν
2693 4301 2872 4373 βίϐλον
2920 4301 3111 4372 ἐτέρας
3146 4297 3449 4369 προκρίνει.
3497 4298 3614 4349 Ἵνα

346 4410 433 4456 est
462 4401 562 4468 illi,
590 4398 695 4455 dici
724 4390 1033 4468 oportuisse
1058 4417 1070 4451 :
1115 4415 1133 4446 ι
1164 4397 1218 4451 In
1251 4397 1355 4451 boc
1385 4396 1522 4451 libro
1552 4396 1812 4464 scriptum

2127 4417 2137 4450 l
2175 4396 2249 4469 μὴ
2271 4394 2631 4468 ὑπολαμϐάνῃ
2653 4412 2738 4457 τις
2763 4395 2848 4446 ἐπ’
2883 4392 3052 4462 αὐτὴν
3083 4392 3182 4462 τὴν
3211 4389 3320 4444 τῶν
3360 4388 3614 4460 Ψαλμῶν

349 4493 546 4551 deme.
588 4512 607 4545 ι
659 4492 810 4545 Nunc
861 4501 1040 4544 autem
1089 4497 1247 4543 vocat
1290 4486 1473 4541 omnia
1530 4502 1695 4541 uumn
1745 4501 1836 4557 cap

2126 4489 2214 4543 λον
2243 4488 2533 4558 ἀναφέρειν
2561 4488 2707 4558 ἡμᾶς
2740 4487 2831 4538 τὸν
2856 4484 3036 4553 λόγον,
3064 4484 3284 4537 λεκτέον
3332 4483 3471 4555 πρὸς
3513 4483 3610 4536 αῦ-

347 4586 492 4654 quod
515 4586 567 4639 in
600 4600 766 4639 unum
803 4594 966 4655 caput
1010 4583 1301 4651 colligatur
1342 4581 1431 4648 qui
1467 4581 1532 4634 de
1571 4580 1686 4649 ipso
1716 4579 1783 4634 ad
1829 4596 1834 4632 1

2128 4624 2142 4648 ,
2173 4583 2255 4636 ὅτι
2301 4581 2471 4653 ἐχρῆν
2504 4578 2777 4649 είρῆσθαν
2828 4596 2847 4629 ι
2890 4578 2978 4630 Ἐν
3008 4576 3184 4649 ταύτῃ
3207 4578 3274 4646 τῇ
3313 4574 3481 4645 βίϐλῳ
3525 4576 3615 4646 γέ-

348 4690 532 4733 sermo
589 4677 856 4749 pervenit.
892 4674 1079 4742 Quid?
1113 4673 1314 4728 vidisse
1351 4674 1396 4705 ⁸⁵⁵
1433 4672 1695 4728 Joannem
1728 4671 1832 4725 libr

2126 4692 2279 4729 ιπτατ
2315 4675 2442 4744 περὶ
2476 4673 2631 4744 ἐμοῦ.
2669 4691 2688 4724 ι
2731 4671 2844 4724 Νῦν
2886 4671 2943 4723 δέ
2976 4687 3107 4741 φησι
3138 4669 3315 4722 πάντα
3356 4668 3487 4738 μίαν
3518 4686 3613 4722 κε-

349 4768 611 4837 scriptum
650 4769 795 4823 intus
827 4779 882 4823 et
910 4768 1067 4832 foris,
1108 4775 1162 4821 et
1184 4767 1552 4836 obsignatum,
1575 4779 1735 4833 quem
1768 4779 1834 4818 nc

2124 4769 2252 4833 U651,
2299 4766 2377 4839 τῷ
2419 4762 2973 4834 ἀνακεφαλαιοῦσθαι-
3010 4761 3098 4816 τὸν
3145 4761 3274 4832 περὶ
3320 4759 3489 4813 αὑτοῦ
3535 4762 3611 4823 εἰ,⁵

350 4871 566 4931 poterat
601 4862 804 4931 legere,
841 4877 1017 4932 neque
1069 4861 1282 4916 solvere
1321 4859 1600 4931 signacula
1647 4859 1786 4928 ejus,
1821 4876 1837 4912 l

2127 4860 2181 4923 ῖς
2207 4856 2499 4930 ἐληλυθότα
2525 4854 2682 4923 λόγον
2727 4853 2807 4915 εἰς
2835 4851 2915 4905 ἓν.
2958 4850 3023 4902 Τί
3065 4849 3157 4914 δέ;
3186 4847 3281 4901 καὶ
3308 4846 3368 4899 τὸ
3408 4845 3614 4916 βιϐλίον

348 4954 436 5012 leo
468 4956 533 5011 de
558 4958 699 5011 tribu
748 4955 908 5019 Juda,
959 4956 1107 5011 radix
1161 4955 1352 5022 David,
1388 4973 1407 5007 ι
1428 4954 1518 5023 qui
1548 4951 1708 5008 habet
1733 4951 1835 5008 clat

2129 4950 2309 5005 ιᾶσθαι
2333 4946 2721 5019 γεγραμμένον
2755 4943 2862 4998 ὑπὸ
2883 4943 2978 4997 τοῦ
3019 4941 3266 4995 Ἰωάννου
3298 4936 3616 5010 ἔμπροσθεν

421 5072 469 5105 ⁸⁸
493 5068 650 5128 Joan.
676 5087 693 5127 ι
715 5110 731 5137 ,
766 5071 818 5125 l.
895 5071 940 5104 ⁸⁷
972 5070 1108 5125 ibid.
1143 5085 1194 5137 ν,
1231 5069 1322 5126 '59.
1396 5068 1443 5101 ⁸⁸
1470 5067 1614 5122 Psal.
1639 5082 1833 5132 χχχιχ,
1864 5065 1908 5121 8.

1015 5071 1108 5125 ιίιί.
1143 5085 1194 5137 v,
1231 5069 1322 5126 '59.
1396 5068 1443 5101 ⁸⁸
1470 5067 1614 5122 Psal.
1639 5082 1833 5132 χχχιχ,
1864 5065 1916 5121 8.
1992 5064 2039 5098 ⁸⁸
2078 5066 2249 5133 Apoc.
2272 5079 2326 5127 ιν,
2360 5064 2414 5117 1.
2448 5062 2502 5115 4.

350 5167 465 5223 lloc
491 5173 669 5238 gestu
700 5179 824 5238 cum
866 5164 1131 5238 pOpuInm
1188 5163 1599 5238 alloqnerentnr
1655 5160 1920 5238 episcopi,
2029 5158 2163 5238 Θεδν
2193 5154 2661 5238 λέγεταικΕειάοηι
2687 5149 2997 5238 ququn
3016 5163 3170 5238 oram
3191 5146 3612 5238 stuegginterpre:

349 5221 540 5293 eodem
572 5236 671 5305 ipsi
708 5221 1100 5290 liened'icébaut
1146 5250 1177 5289 e
1204 5221 1550 5305 salu'tatorio,
1581 5221 1826 5301 qui'mos
1849 5221 1923 5284 'ad
2032 5221 2677 5305 sationisGe_n_ebrartlns
2706 5222 2956 5305 exhibuit
2980 5221 3183 5305 Latine
3199 5221 3612 5305 itaconltlersaj

352 5287 1169 5374 inieci-temporaidetlttcttisest.
1196 5287 1458 5359 "UETIUS.
1537 5287 1550 5298 ’
1598 5287 1617 5301 ³
1729 5371 1763 5374 _
1823 5372 1832 5374 Α
2037 5319 2056 5351 ι
2099 5299 2335 5374 Verbum
2363 5296 2456 5374 llic
2502 5294 2598 5349 Dei
2647 5293 2942 5374 essentiale
2979 5305 3047 5374 ne
3083 5287 3614 5374 intelligas‘gexlpers

422 5355 1545 5449 (ῑέῑτᾶτεέᾱ-δὴ’“έςξῡ“⁷έεεδῖςιςξς,ρς,
1572 5380 1696 5449 ‘_etc.
1727 5371 1909 5426 εεάρηι

2129 5386 2176 5449 ιιι
2237 5369 2473 5449 partium
2523 5375 2632 5448 est,
2681 5359 3184 5449 tatttlttatnuoetts),

352 5428 948 5514 liabeb'at—Petatiianu's
977 5447 1069 5500 ille
1093 5428 1265 5501 codex
1294 5428 1644 5514 Holn'iie'usis,
1680 5457 1798 5514 qme
1833 5458 1951 5514 ιιι-ο
2032 5442 2177 5510 quod
2226 5428 2292 5514 de
2348 5437 2464 5507 ipso
2519 5434 2731 5514 exsistit
2778 5428 2808 5486 ε
2842 5430 3009 5486 variis
3061 5428 3613 5514 contemplationibus

354 5498 1118 5586 ilhizééﬁitivii”Tantus,ea;
1138 5498 1453 5586 nimirum;
1490 5498 1661 5586 Λόγον
1698 5498 1934 5586 ἐνταῦθα
2042 5498 2424 5586 compositum,
2454 5508 2596 5586 quod
2636 5504 2806 5586 etiam
2851 5517 2973 5558 cum
3002 5514 3217 5586 ,ιιι-ιονιξ
3264 5498 3607 5586 ξιιοᾷιιοιιιρηθ

354 5567 710 5659 assistat;
739 5567 1368 5659 πεδιάδα-κίονες,
1402 5567 1633 5659 (ἅμερα
1663 5582 1773 5654 γὰρ
1794 5584 1841 5659 ιε

2177 5567 2553 5659 ἰηιιιιίοειιιεξὶιι
2578 5575 2845 5646 principio
2876 5571 3018 5642 apud
3036 5567 3221 5625 'Deum
3263 5567 3438 5624 fuisse
3471 5567 3607 5623 dici-

356 5652 894 5732 Υος,ᾗΘεός’)ἀλλὰ
923 5658 1016 5732 τὸν
1049 5644 1371 5732 περὶῌαὺτόῦ
1393 5644 1937 5732 Ᾱόγονὲκ-ποίκίλων
2045 5644 2348 5732 ῑιιι-..λ-Ιοζῆ
2516 5719 2528 5732 .
2579 5644 2593 5646 “
2633 5718 2646 5732 .
2846 5709 2969 5732 ..Α
3033 5712 3216 5732 Lm“
3279 5686 3349 5732 μ

356 5708 1552 5810 ’δήνκαλζαὺτζὶς
1595 5723 1684 5810 ..τῷ
1735 5723 1843 5810 πριὶ

2121 5722 2227 5810 ἥθ’)
2275 5721 2361 5810 ,Τὰ
2402 5719 2532 5787 περὶ
2579 5709 2995 5810 (ιύςοῦ.μβτιεοι
3023 5712 3234 5810 ἀθειυηὶ
3279 5710 3335 5767 in
3384 5708 3608 5782 vulgato

361 5789 668 5868 ὁμώνῦμως
719 5789 929 5868 (Ροιὶιν.
959 5789 1323 5872 ’όμώιλυμοω
1374 5798 1433 5850 ὲν
1483 5796 1626 5866 ἀρχῇ
1654 5789 1797 5865 ’πρὸξ
1845 5814 1848 5828 ¹

1845 5789 1936 5847 τὸν
2047 5789 2353 5847 ΡΙιίίυειιιρω
2384 5802 2556 5859 textu,
2587 5789 2683 5845 sed
2712 5789 3069 5844 restituuntur
3094 5799 3126 5839 c
3156 5795 3285 5838 mss.
