3766 6142
131 249 218 308 193
1238 257 1592 316 COMMENT.
1636 255 1704 315 ΙΝ
1739 256 1932 317 JOAN.
1972 261 2212 323 TOMUS
2250 264 2311 319 ll.

3296 270 3401 328 1M

127 366 203 420 καί
252 364 508 431 ὄπισθεν,
577 370 687 424 καὶ
736 369 1297 443 κατεσφραγισμένον,
1353 374 1492 447 ὅπερ
1548 373 1713 438 οὐδεὶς

1829 377 2014 446 David,
2041 380 2132 451 qui
2162 379 2356 450 aperit,
2387 386 2435 437 et
2473 393 2632 435 nemo
2673 378 2928 448 claudet;
2957 381 3049 453 qui
3078 381 3317 451 claudit,
3349 394 3407 440 et

125 458 340 526 ἠδύνατο
361 459 725 528 ἀναγνῶναι,
753 463 850 516 καὶ
878 461 1038 516 λῦσαι
1065 464 1165 527 τὰς
1192 466 1497 537 σφραγῖδας
1527 467 1716 532 αὐτοῦ,

123 557 163 610 εί
188 556 261 628 μὴ
283 559 312 609 ὁ
332 555 476 609 λέων
499 558 532 609 ὁ
561 559 636 611 ἐκ
662 559 762 630 τῆς
784 557 958 629 φυλῆς
980 558 1074 612 τοῦ
1110 558 1301 624 Ἰούδα,
1329 561 1363 631 ἡ
1389 560 1514 632 ῥίζα
1535 558 1718 623 Δαυτδ,

127 669 143 701 ι
161 652 188 704 ὁ
215 650 351 720 ἔχων
378 651 489 719 τὴν
517 652 685 706 κλεῖν
705 651 801 706 τοῦ
826 651 1008 717 Δαυῒδ,
1033 651 1130 705 καὶ
1154 651 1406 721 ἀνοίγων,
1432 654 1525 706 καὶ
1547 652 1722 716 οὐδεὶς

124 741 330 805 κλείσει,
350 742 451 796 καὶ
467 742 706 809 κλείων,
730 744 827 798 καὶ
844 744 1021 808 οὐδεὶς
1043 744 1243 809 ἀνοίξει
1262 762 1276 810 ;
1302 763 1321 796 ι
1357 745 1423 799 Ἢ
1439 744 1548 817 γὰρ
1568 746 1721 798 πᾶσα

126 837 297 908 Γραφή
321 837 476 889 ἐστιν
510 837 548 908 ἡ
580 836 892 909 δηλουμένη
924 835 1011 889 διὰ
1038 838 1139 908 τῆς
1170 835 1377 907 βίϐλου,
1408 825 1721 909 ἔμπροσθεν

126 931 212 998 μὲν
240 928 624 1001 γεγραμμένη
662 929 751 984 διὰ
782 929 880 1001 τὴν
921 930 1212 1002 πρόχειρον
1253 930 1426 1002 αὐτῆς
1470 931 1718 1004 ἐκδοχὴν,

124 1021 326 1075 ὕπισθεν
356 1021 416 1074 δὲ
448 1020 547 1076 διὰ
593 1021 699 1094 τὴν
737 1023 1226 1093 ἀνακεχωρηκυῖαν
1274 1023 1374 1077 καὶ
1417 1041 1719 1095 πνευματι-

124 1111 234 1179 κήν.
275 1109 723 1181 Παρατηρητέον
764 1112 901 1183 πρὸς
956 1111 1191 1177 τούτοις,
1230 1115 1279 1167 εί
1318 1112 1542 1169 δύναται
1585 1115 1723 1168 ἀπο-

124 1202 378 1256 δεικτικὸν
411 1201 509 1255 τοῦ
552 1203 633 1257 τὰ
666 1204 800 1273 ἅγια
846 1205 975 1275 μίαν
1002 1206 1295 1276 τυγχάνειν
1323 1206 1526 1278 βίϐλον,
1560 1207 1629 1262 τὰ
1661 1207 1719 1261 δὲ

123 1294 364 1359 ἐναντίως
403 1294 618 1366 ἔχοντα
658 1298 883 1363 πολλὰς,
935 1300 998 1353 τὸ
1030 1301 1125 1354 ἐπὶ
1172 1300 1271 1371 μὲν
1304 1300 1413 1354 τῶν
1471 1301 1715 1368 ζώντων,

128 1387 244 1459 μίαν
266 1381 404 1440 εἶναι
442 1386 553 1461 τὴν
599 1388 807 1460 βίϐλον,
845 1391 940 1460 ἀφ’
970 1386 1041 1462 ἦς
1067 1392 1464 1463 άπαλείφονται
1510 1395 1560 1448 οί
1587 1395 1721 1451 ἀνά-

126 1476 216 1544 ξιοι
242 1477 413 1547 αὐτῆς
440 1481 823 1551 γεγενημένοι
849 1480 984 1553 (50),
1016 1482 1094 1547 ὡς
1123 1483 1470 1557 γέγραπται·
1501 1506 1523 1539 ι
1567 1488 1717 1557 Ἑξα-

128 1570 496 1642 λειφθήτωσαν
530 1573 605 1626 ὲκ
633 1570 819 1642 βίϐλου
854 1573 1091 1638 ζώντωνο
1128 1595 1147 1629 ι
1180 1578 1274 1632 ἐπὶ
1302 1579 1359 1633 δὲ
1391 1581 1500 1637 τῶν
1536 1581 1718 1654 κρίσει

127 1662 489 1733 ὑποκειμένων
537 1663 765 1735 βίϐλους
792 1665 1077 1738 φέρεσθαι·
1112 1670 1246 1741 φησὶ
1284 1670 1393 1744 γὰρ
1427 1675 1456 1727 ὁ
1492 1675 1713 1748 Δανιήλ’

133 1773 155 1805 ιη
177 1754 475 1826 Κριτήριον
509 1756 766 1821 ἐκάθισε,
799 1759 894 1812 καὶ
943 1759 1117 1830 βίϐλοι
1156 1762 1533 1837 ἠνεῴχθησαν.
1575 1787 1594 1820 ι
1626 1769 1719 1841 Τῷ

126 1845 175 1897 δὲ
195 1844 355 1915 ἑνικῷ
393 1846 503 1918 τῆς
529 1845 693 1914 θείας
723 1849 907 1922 βίϐλου
934 1852 1030 1907 καὶ
1049 1853 1294 1926 Μωῦσῆς
1321 1863 1593 1930 μαρτυρεί
1619 1858 1713 1912 λέ-

133 1954 251 2006 γων·
288 1957 307 1989 ι
343 1939 412 1993 Ei
460 1942 567 2012 μὲν
600 1944 750 2015 ἀφῇς
771 1942 851 2015 τῷ
874 1943 991 2016 λαῷ
1011 1944 1111 2017 τὴν
1136 1947 1434 2019 ἁμαρτίαν,
1463 1949 1602 2021 ᾶφες
1626 1970 1640 1983 ο
1668 1953 1718 2006 εί

128 2029 177 2082 δὲ
194 2029 282 2101 μὴ,
305 2031 604 2104 ἐξάλειψόν
626 2052 695 2106 με
711 2036 776 2089 ἐκ
791 2035 893 2107 τῆς
915 2036 1119 2108 βίϐλου,
1139 2035 1210 2111 ἦς
1225 2038 1491 2112 ἔγραψας.
1518 2061 1537 2093 ι
1577 2043 1720 2112 Ἐγὼ

132 2122 213 2175 καὶ
234 2123 295 2175 τὸ
318 2126 473 2196 παρὰ
519 2124 607 2197 τῷ
649 2127 850 2200 Ἡσαΐᾳ
894 2128 1067 2193 οὕτως
1100 2130 1451 2202 έκλαμϐάνω.
1500 2134 1575 2187 Οὐ
1610 2135 1719 2207 γὰρ

133 2213 246 2268 ίδιον
280 2217 379 2287 τῆς
426 2217 634 2271 τούτου
685 2221 1026 2292 προφητείας
1054 2221 1116 2275 τὸ
1160 2217 1303 2276 εῖναι
1352 2225 1482 2290 τοὺς
1525 2226 1720 2295 λόγους

137 2305 214 2360 τοῦ
255 2306 459 2379 βιϐλίου
512 2311 1012 2384 ὲσφραγισμένους,
1054 2314 1191 2386 μήτε
1218 2315 1323 2369 ὑπὸ
1348 2316 1442 2370 τοῦ
1469 2318 1552 2389 μὴ
1600 2322 1719 2373 ὲπι-

138 2401 381 2472 σταμένου
425 2404 747 2477 γράμματα
785 2406 1357 2478 ἁναγινωσκομένους,
1406 2408 1495 2462 διὰ
1540 2410 1602 2463 τὸ
1643 2412 1717 2484 μὴ

140 2493 315 2549 εἰδέναι
337 2495 507 2549 αὑτὸν
541 2498 877 2570 γράμματα,
912 2500 1049 2571 μήτε
1070 2499 1176 2553 ὑπὸ
1204 2499 1298 2553 τοῦ
1326 2501 1716 2573 ἐπισταμένου,

137 2584 281 2639 διὰτὸ
296 2588 673 2660 ἐσφραγίσθαι
688 2589 788 2662 τὴν
807 2589 1009 2661 βίϐλον.
1046 2589 1207 2645 Ἀλλὰ
1229 2591 1388 2646 τοῦτο
1419 2592 1511 2647 ἐπὶ
1537 2592 1720 2666 πάσης

140 2675 339 2749 Γραφῆς
373 2680 710 2754 ἀληθεύεται
754 2684 1023 2758 δεομένης
1069 2686 1165 2741 τοῦ
1207 2688 1526 2754 κλείσαντος
1552 2690 1715 2759 λόγου

142 2770 440 2838 ἀνοίξοντος·
460 2769 623 2840 οὗτος
643 2776 754 2849 γὰρ
774 2796 794 2828 ι
812 2777 1016 2833 κλείσει
1036 2780 1130 2834 καὶ
1142 2781 1318 2846 οὐδεὶς
1337 2781 1556 2847 ἀνοίξει·
1584 2803 1603 2836 ι
1626 2786 1720 2839 καὶ

146 2862 262 2917 ἐπὰν
276 2866 456 2939 ἀνοίξῃ
474 2867 565 2940 (Si
577 2870 623 2941 ),
646 2870 830 2925 οὐκέτι
848 2873 1024 2937 οὐδεὶς
1046 2874 1279 2946 ἀπορίαν
1295 2875 1518 2930 δύναται
1540 2879 1605 2949 τῇ
1623 2878 1718 2932 ἀπ’

144 2955 286 3009 αὑτοῦ
330 2961 610 3032 σαφηνείᾳ
658 2966 1070 3034 προσενεγκεῖν.
1123 2966 1224 3020 Διὰ
1271 2967 1430 3021 τοῦτο
1477 2968 1714 3039 λέγεται,

1823 487 1983 527 nemo
2019 474 2227 544 aperiet
2276 474 2322 507 ’θ
2342 475 2395 530 ii
2460 474 2729 531 Universa
2782 476 2926 530 enim
2976 474 3254 548 Scriptura
3290 478 3406 550 98

1821 571 1926 627 est,
1963 578 2084 633 qua:
2129 564 2270 620 libro
2323 563 2418 622 illo
2464 564 2846 638 signiﬁcatur:
2883 568 3123 623 anterius
3185 562 3402 638 quidem

1821 653 2050 723 scripta,
2082 666 2305 726 propter
2329 655 2541 711 facilem
2577 655 2723 710 illius
2746 658 3138 727 expositionem
3166 676 3181 724 ;
3221 671 3403 728 posm-

1822 746 1935 802 rius
1967 762 2118 811 vero,
2144 759 2367 819 propter
2394 749 2764 813 remotiorem,
2790 761 2844 805 ct
2883 749 2972 820 qui
3000 766 3030 804 a
3062 752 3270 819 Spiritu
3297 763 3402 819 est,

1822 853 2063 893 sensum.
2117 840 2526 896 Observandum
2582 850 2666 896 est
2720 854 3028 910 prrcterea.
3087 844 3134 897 si
3181 856 3403 899 sanctos

1821 931 2044 987 codices
2071 949 2237 987 unum
2282 948 2402 989 esse
2431 934 2648 1000 librum,
2683 937 2773 1005 qui
2808 951 2935 991 vero
2976 937 3059 990 his
3106 936 3405 992 adversan—

1824 1031 1932 1088 tur,
1966 1025 2189 1088 multos,
2214 1026 2574 1080 demonstrari
2605 1035 2803 1097 potest,
2836 1042 2901 1082 eo
2938 1028 3081 1097 quod
3105 1029 3404 1084 viventium

1821 1128 1964 1169 unus
1993 1113 2066 1168 sit
2104 1114 2267 1181 liber,
2316 1129 2383 1169 ex
2435 1131 2547 1184 quo
2593 1116 2850 1171 delentur
2893 1119 2982 1186 qui
3035 1119 3234 1189 indigni
3282 1120 3403 1189 ipso

1821 1202 1954 1260 facti
1994 1215 2143 1275 sunt,
2176 1216 2235 1261 ut
2257 1208 2523 1277 scriptum
2550 1217 2632 1263 est
2661 1207 2707 1241 "
2741 1225 2756 1264 :
2798 1227 2818 1259 ι
2850 1209 3143 1265 Deleantur
3169 1212 3235 1266 de
3263 1210 3402 1267 libro

1819 1297 2161 1366 viventium;
2199 1319 2218 1352 ι
2263 1298 2331 1354 de
2381 1301 2467 1355 his
2514 1315 2644 1355 vero
2677 1302 2765 1371 qui
2791 1301 2996 1371 judicio
3018 1301 3400 1371 subjiciuntur,

1820 1404 1928 1446 non
1966 1391 2126 1455 liber,
2166 1392 2261 1448 sed
2294 1391 2414 1446 libri
2447 1390 2741 1460 dicuntur;
2788 1394 2867 1447 ait
2910 1395 3053 1449 enim
3085 1394 3270 1450 Daniel
3297 1388 3347 1428 9"
3381 1413 3398 1452 :

1825 1502 1845 1536 ι
1879 1482 2149 1540 Iudicium
2193 1486 2457 1556 censedit',
2484 1496 2536 1543 et
2558 1487 2679 1543 libri
2724 1487 2898 1557 aperti
2934 1494 3082 1541 sunt.
3121 1509 3147 1535 ι
3192 1485 3401 1544 Unitati

1819 1577 1983 1631 etiam
2040 1576 2205 1632 divini
2284 1578 2406 1633 libri
2475 1577 2844 1634 testimonium
2899 1578 3130 1634 ascribit
3182 1579 3396 1652 Moyses

1821 1666 2017 1725 dicens.
2047 1667 2135 1724 “:
2170 1687 2190 1721 ι
2221 1668 2278 1725 Si
2321 1670 2538 1741 quidem
2577 1670 2811 1726 dimittis
2857 1671 3056 1741 populo
3087 1683 3396 1742 peccatum,

1752 1746 1793 1802 Β
1821 1759 2077 1827 dimitte;
2134 1760 2182 1814 si
2211 1777 2321 1818 non
2353 1761 2647 1829 dimiseris,
2696 1761 2817 1819 dele
2855 1775 2942 1818 me
2985 1778 3054 1818 ex
3093 1764 3234 1820 libro
3283 1776 3400 1835 tuo,

1819 1862 1982 1919 quem
2034 1849 2326 1919 scripsisti.
2357 1869 2377 1904 ι
2433 1851 2505 1906 Ει
2557 1850 2697 1907 illud
2721 1855 2864 1924 apud
2895 1853 3091 1910 Isaiam
3120 1855 3200 1910 sic
3227 1857 3400 1913 inter-

1820 1952 2004 2012 pretor
2038 1942 2105 1997 “.
2135 1939 2254 1998 Non
2288 1943 2434 1998 enim
2476 1944 2755 2014 proprium
2789 1956 2874 2001 est
2904 1945 3070 2016 hujus
3105 1949 3400 2018 prephetize

1822 2042 1880 2089 ut
1908 2035 2020 2089 sint
2058 2049 2342 2091 sermones
2377 2035 2499 2090 libri
2554 2036 2845 2106 obsignati,
2900 2048 2957 2093 et
3000 2053 3108 2093 non
3157 2039 3401 2110 legantur

1819 2124 1889 2177 ab“
1918 2139 1982 2180 eo
2013 2126 2108 2194 qui
2169 2127 2348 2181 nescit
2393 2125 2631 2192 litteras,
2682 2128 2808 2197 quia
2859 2127 2906 2183 is
2940 2129 3113 2183 nescit
3165 2129 3396 2196 litteras,

1822 2230 1996 2286 neque
2026 2219 2094 2274 ab
2120 2233 2185 2274 eo
2216 2217 2309 2288 qui
2339 2218 2464 2284 scit,
2493 2221 2622 2290 quia
2644 2221 2960 2291 obsignatus
2987 2222 3247 2278 estliber.
3287 2225 3401 2280 Sed

1821 2313 1874 2368 id
1913 2327 2102 2368 verum
2154 2323 2239 2369 est
2280 2313 2332 2368 in
2383 2314 2641 2370 universa
2679 2314 2990 2383 Scriptura,
3042 2330 3162 2384 qua:
3196 2315 3398 2385 indiget

1819 2406 1985 2460 verbo
2008 2405 2127 2472 Dei,
2154 2407 2299 2476 quod
2323 2406 2521 2461 clausit
2548 2416 2610 2461 ut
2635 2407 2876 2476 aperiat;
2910 2409 3013 2464 hoc
3037 2410 3179 2463 enim
3208 2428 3226 2460 ι
3258 2410 3402 2465 clau-

1819 2498 1929 2557 det.
1967 2506 2021 2553 et
2054 2513 2214 2554 nemo
2252 2498 2458 2569 aperiet
2487 2500 2533 2532 ⁸⁵
2564 2516 2579 2566 ;
2618 2518 2637 2551 ι
2675 2509 2730 2554 et
2760 2514 2881 2554 cum
2910 2500 3205 2569 aperuerit,
3238 2517 3399 2557 nemo

1819 2589 2012 2644 deinde
2039 2599 2218 2660 potest
2241 2591 2639 2648 dubitationem
2669 2593 2734 2647 ad
2786 2593 2958 2664 ipsius
3002 2593 3397 2663 expositionem

1818 2680 2035 2737 aii'erre.
2090 2683 2173 2739 0b
2199 2698 2319 2738 eam
2350 2700 2464 2738 rem
2507 2686 2710 2742 dicitur
2743 2700 2757 2738 :
2793 2706 2811 2738 ι
2861 2687 3091 2756 aperiet,
3132 2697 3187 2741 et
3240 2702 3401 2744 nemo

1818 2772 2120 2830 claudet“.
2154 2794 2172 2827 ι
2218 2776 2410 2833 Simile
2440 2779 2569 2847 quid
2606 2783 2674 2833 de
2696 2779 2836 2833 libro
2873 2778 2964 2848 qui
2996 2789 3079 2833 est
3103 2781 3242 2848 apud
3264 2779 3400 2835 Eze-

1819 2863 2075 2930 chielem,
2100 2866 2329 2937 accipio,
2357 2868 2409 2921 in
2441 2884 2549 2938 quo
2579 2887 2598 2920 ι
2630 2869 2835 2938 scripta
2881 2880 3002 2925 erat
3055 2869 3396 2933 lamentatio.

1818 2963 1872 3008 et
1902 2954 2219 3021 modulatio,
2248 2970 2303 3013 et
2325 2973 2404 3014 va:
2429 2960 2497 3013 ".
2532 2979 2551 3011 ι
2595 2959 2787 3016 Omnis
2815 2961 2960 3015 enim
2996 2959 3133 3016 liber
3156 2961 3400 3017 continet

146 3046 216 3099 ὅτι
244 3066 261 3098 ι
295 3049 515 3117 ἀνοίξει,
559 3051 660 3107 καὶ
702 3054 877 3118 οὐδεὶς
905 3055 1130 3110 κλείσει.
1177 3076 1196 3108 ›
1227 3057 1304 3111 Τὸ
1335 3058 1713 3132 παραπλήσιον

1822 3061 1901 3101 ναι
1928 3048 1995 3102 iis
2017 3048 2108 3117 qui
2137 3058 2386 3117 pereunt,
2428 3062 2482 3105 et
2520 3053 2797 3106 canticum
2835 3051 2904 3106 de
2945 3050 3014 3107 iis
3043 3052 3133 3121 qni
3165 3065 3391 3107 servan-

145 3137 194 3190 δὲ
220 3141 303 3193 καὶ
337 3142 430 3196 ἐπὶ
456 3145 565 3216 τῆς
608 3145 907 3218 εἰρημένης
941 3145 1123 3218 βίϐλου
1157 3149 1308 3224 παρὰ
1332 3148 1412 3221 τῷ
1454 3152 1712 3225 Ἰεζεχιὴλ

1821 3151 1930 3205 tur,
1960 3152 2016 3196 et
2042 3143 2109 3197 de
2139 3142 2205 3197 iis
2245 3142 2336 3210 qui
2372 3142 2678 3198 intermedii
2721 3153 2883 3212 sunt,
2928 3142 3393 3200 lamentationem.

150 3229 469 3303 ὶκλαμϐάνω,
503 3238 568 3290 ἐν
685 3256 704 3289 ι
743 3238 1056 3311 ἐγέγραπτο
1106 3240 1326 3312 θρῆνος,
1382 3242 1477 3295 καὶ
1528 3243 1709 3315 μέλος,

151 3323 231 3376 καὶ
249 3325 381 3379 οὐαί.
411 3346 430 3379 ι
456 3327 624 3382 Πᾶσα
653 3329 764 3403 γὰρ
791 3330 969 3402 βίϐλος
996 3333 1240 3405 περιέχει
1256 3335 1328 3398 ,τὸ
1350 3333 1459 3389 τῶν
1480 3335 1713 3390 ἀπολλυ-

156 3414 304 3483 μένων
332 3420 471 3487 οὐαὶ,
508 3423 696 3476 καὶτὸ
723 3424 853 3496 περὶ
880 3423 991 3477 τῶν
1039 3425 1364 3498 σωζομένων
1403 3427 1585 3498 μέλος,
1617 3428 1713 3483 καὶ

153 3504 229 3558 τὸν
242 3510 359 3581 περὶ
376 3512 482 3566 τῶν
497 3516 711 3586 μεταξὺ
728 3516 947 3588 θρῆνον.
978 3518 1138 3572 Ἀλλὰ
1156 3521 1252 3573 καὶ
1275 3522 1304 3573 ὁ
1319 3520 1517 3576 ἐσθίων
1540 3522 1715 3575 Ἶωάν-
1742 3530 1745 3531 ⁷

153 3610 236 3665 νης
264 3601 383 3670 μίαν
426 3606 720 3677 κεφαλίδα,
766 3611 828 3663 ἐν
944 3611 1255 3682 γέγραπται
1287 3613 1359 3667 τὰ
1405 3613 1714 3686 ἔμπροσθεν

156 3691 236 3744 καὶ
254 3693 317 3746 τὰ
331 3694 577 3765 ὄπισθεν,
602 3702 702 3773 τὴν
716 3703 905 3758 *πᾶσαν
925 3707 1150 3777 νενόηκε
1172 3706 1417 3778 Γραφὴν,
1440 3708 1516 3772 ὡς
1533 3707 1714 3779 βίϐλον

161 3781 270 3849 μίαν
294 3788 534 3864 ἡδίστην,
568 3794 709 3849 κατὰ
729 3794 830 3859 τὰς
849 3797 1026 3869 ἀρχὰς
1053 3801 1375 3872 νοουμένην,
1397 3801 1486 3855 ὅτε
1517 3819 1602 3865 τις
1626 3801 1717 3856 αὐ-

158 3875 240 3947 τὴν
262 3885 510 3951 μασᾶται,
551 3888 754 3960 πικράν
783 3890 842 3945 δὲ
872 3894 939 3963 τῇ
982 3891 1214 3946 ἑκάστου
1257 3893 1367 3947 τῶν
1397 3894 1715 3963 ἐγνωκότων

162 3976 475 4049 συναισθήσει
491 3984 565 4053 τῇ
585 3984 714 4054 περὶ
726 3984 918 4039 ἑαυτοῦ
937 3987 1527 4058 άναφαινομένην.Ἐτι
1548 4005 1718 4060 προσ-

163 4059 289 4130 θήσω
338 4070 415 4134 είς
448 4072 555 4143 τὴν
600 4074 791 4128 τούτου
842 4075 1115 4141 ἀπόδειξιν
1155 4078 1318 4148 ῥητὸν
1362 4078 1716 4133 ἁποστολικὸν

168 4155 229 4226 μὴ
246 4164 559 4233 νενοημένον
579 4166 687 4219 ὑπὸ
704 4166 813 4221 τῶν
835 4168 931 4221 τοῦ
956 4169 1304 4241 Μαρκίωνος,
1330 4170 1424 4225 καὶ
1448 4169 1534 4223 διὰ
1557 4170 1718 4224 τοῦτο

164 4245 458 4310 ἀθετοῦντων
493 4256 565 4312 τὰ
613 4259 924 4328 Εὖαγγέλια
958 4258 1097 4331 (52)·
1147 4261 1210 4314 τὸ
1257 4260 1366 4333 γὰρ
1410 4261 1502 4315 τὸν
1560 4261 1718 4314 Ἀπό-

169 4339 321 4396 στολον
345 4344 546 4414 λέγειν·
591 4367 610 4400 ι
638 4349 799 4403 Κατὰ
826 4351 890 4404 τὸ
911 4350 1248 4421 Εὐαγγέλιόν
1279 4370 1379 4424 μου
1404 4355 1463 4407 ὲν
1494 4352 1718 4425 Χριστῷ

1813 3234 1919 3289 Sed
1949 3232 2211 3301 Joannes,
2275 3234 2367 3303 qui
2419 3244 2585 3304 caput
2645 3250 2811 3288 unum
2868 3235 3206 3298 devoravit,
3246 3232 3398 3302 cujus

1813 3328 2109 3391 anteriora,
2139 3335 2194 3380 et
2227 3326 2525 3395 posteriora
2553 3326 2851 3395 perscripta
2881 3334 3040 3380 erant
3062 3324 3132 3395 ⁸⁸,
3155 3322 3401 3395 Scriptu-

1813 3433 1929 3473 ram
1953 3434 2167 3473 omnem
2192 3418 2460 3488 intelligit,
2489 3428 2549 3473 ut
2572 3418 2770 3473 librum
2797 3434 2962 3474 unum
2985 3418 3394 3487 suavissimum,

1814 3511 2215 3581 quamprimum
2277 3512 2599 3580 percipitur,
2671 3524 2796 3565 cum
2861 3509 2985 3580 quis
3042 3525 3167 3565 eum
3227 3508 3395 3565 veluti

1818 3602 2048 3665 mandit,-
2098 3600 2357 3657 acerbum
2410 3615 2545 3656 vero
2592 3600 3018 3670 uniuscujusque
3055 3615 3242 3655 eorum
3303 3600 3396 3669 qui

1813 3703 2178 3768 perceperunt
2230 3695 2417 3750 sensui
2474 3710 2538 3749 ac
2599 3693 2990 3757 conscientiae,
3050 3708 3170 3763 qua:
3218 3693 3396 3763 ipsum

1813 3790 2017 3858 prodit.
2045 3789 2253 3845 Addam
2291 3800 2553 3859 pra-terea
2590 3787 2658 3841 ad
2694 3785 2814 3855 ejus
2846 3787 2928 3841 rei
2964 3786 3396 3852 ﬁrmamentum,

1816 3881 2020 3937 dictum
2076 3881 2319 3950 Apostoli
2369 3895 2638 3950 nusquam
2683 3878 3021 3935 intellectum
3077 3879 3143 3933 ab
3194 3878 3262 3933 iis
3302 3877 3397 3947 qui

1818 3974 2144 4029 Marcionem
2205 3980 2582 4036 assectantnr,
2635 3971 2727 4042 qui
2799 3970 3025 4040 proinde
3104 3968 3395 4039 Evangelia

1817 4072 2183 4136 aspernantur
2214 4072 2270 4118 et
2305 4063 2654 4134 improbant;
2685 4064 2830 4133 quod
2865 4063 3011 4117 enim
3053 4062 3131 4117 ait
3162 4063 3397 4133 Aposto-

1818 4158 1902 4213 lus
1931 4159 2019 4213 "z
2064 4157 2420 4212 «Secundum
2470 4155 2817 4227 Evangelium
2848 4170 3029 4210 meum
3069 4155 3123 4210 in
3172 4156 3394 4212 Christo

1817 4252 1966 4315 Jesu,
1997 4272 2017 4306 ι
2070 4266 2171 4307 nec
2217 4248 2350 4303 dicit
2383 4247 2698 4318 Evangelia,
2742 4248 2817 4303 illi
2868 4249 2996 4303 huic
3038 4250 3183 4304 dicto
3210 4250 3393 4304 immi-

1821 4355 2013 4401 nentes
2038 4354 2313 4409 asserunt,
2342 4356 2409 4399 eo
2442 4343 2586 4411 quod
2616 4356 2721 4397 non
2754 4340 2905 4411 plura
2940 4342 3050 4397 sint
3074 4341 3391 4411 Evangelia,

178 4426 345 4500 Ἰησοῦ,
369 4457 387 4488 ι
406 4440 503 4494 καλ¹
534 4441 610 4512 μὴ
632 4441 863 4510 φάσκειν
881 4443 1211 4513 Εὐαγγέλια,
1232 4446 1431 4498 ἐκεῖνοι
1458 4446 1713 4515 ἐφιστάν-

1819 4436 2137 4508 Apostolum
2167 4451 2394 4491 numero
2419 4433 2644 4489 unitatis
2680 4432 3034 4505 Evangelium
3060 4432 3299 4499 dixisse;
3325 4433 3396 4489 ob

167 4536 243 4586 τες
265 4530 430 4596 φασὶν,
477 4533 581 4586 οὐκ
611 4533 678 4587 ἂν
726 4535 987 4589 πλειόνων
1025 4536 1194 4590 ὄντων
1223 4537 1592 4606 Εὑαγγελίων,
1622 4537 1714 4591 τὸν

183 4608 459 4701 ’ᾼπόστολον
494 4623 691 4689 ἑνικῶς
725 4626 789 4679 τὸ
818 4627 1148 4698 Εὐαγγέλιον
1175 4629 1474 4701 εἰρηκέναιο
1501 4630 1562 4682 οὐ
1590 4645 1715 4682 συν-

175 4700 333 4770 ιέντες.
373 4711 449 4764 ὅτι
478 4713 557 4777 ὡς
587 4709 669 4779 εἷς
697 4718 846 4770 ἐστιν
890 4700 1413 4787 δνέὺαγγελίζονται
1445 4718 1711 4782 πλείονες,

175 4791 316 4861 οὕτως
343 4800 395 4855 έν
421 4805 539 4858 ἐστι
569 4810 637 4879 τῇ
670 4808 897 4880 δυνάμει
925 4811 986 4864 τὸ
1017 4810 1122 4877 ὑπὸ
1150 4809 1262 4863 τῶν
1296 4810 1507 4865 πολλῶν
1534 4811 1715 4881 Εὐαγ-

174 4885 320 4976 γέλιον
342 4894 847 4971 ἀναγεγραμμένον·
881 4902 1058 4956 καὶτὸ
1082 4890 1297 4974 ἀληθῶς
1322 4903 1408 4958 διὰ
1433 4905 1714 4976 τεσσάρων

178 4975 223 5068 έν
235 4981 359 5039 ἐστιν
375 4989 720 5061 Εὑαγγέλιον.
741 4995 806 5048 Ei
826 4996 1005 5049 τοίνυν
1017 4996 1189 5049 ταῦτα
1214 4998 1399 5065 πεῖσαι
1427 4997 1577 5068 ἡμᾶς
1598 4975 1711 5066 (5⁵)

176 5065 361 5131 δύναται
400 5082 454 5135 τί
496 5084 628 5137 ποτέ
658 5087 861 5140 amna
888 5087 947 5141 ἓν
970 5086 1202 5159 βιϐλίον,
1229 5087 1323 5140 και
1350 5087 1403 5147 τι
1427 5065 1498 5140 τεά
1520 5065 1712 5151 πολλὰ.
1742 5101 1749 5111 ο

181 5160 257 5217 νῦν
280 5170 457 5239 μᾶλλον
498 5178 767 5249 φροντίζω
791 5180 852 5232 οὐ
893 5179 980 5234 διὰ
1009 5180 1070 5234 τὸ
1115 5180 1318 5250 πλῆθος
1348 5179 1461 5234 τῶν
1504 5196 1715 5252 reaso-

239 5304 451 5380 f?_Apoc.
473 5330 557 5377 ιιι,
580 5316 633 5369 7.
739 5316 782 5346 ’³
814 5315 954 5370 Psal.
979 5333 1164 5379 vant,
1192 5317 1283 5374 29.

1822 4529 1983 4599 idque
2042 4542 2150 4584 non
2205 4527 2567 4599 intelligantes
2607 4525 3058 4596 quemadmodum
3104 4541 3247 4581 unus
3287 4535 3424 4590 est,.

1821 4637 1981 4691 quem
2013 4622 2198 4691 plures
2221 4622 2544 4692 praedicant,
2562 4623 2642 4676 sic
2668 4636 2834 4675 unum
2865 4635 2987 4675 esse
3010 4620 3228 4686 virtute,
3249 4619 3396 4688 quod

1819 4730 1851 4770 a
1888 4716 2073 4771 multis
2107 4712 2373 4785 scriptum
2404 4723 2489 4769 est
2512 4712 2885 4784 Evangelium.
2918 4711 2999 4766 Et
3020 4724 3212 4766 revera
3251 4710 3396 4779 quod

1821 4823 1919 4878 per
1949 4818 2182 4879 quatuor
2230 4806 2491 4877 scriptum
2541 4814 2657 4871 est,
2714 4819 2879 4858 unum
2909 4799 3394 4870 estEvangelium.

1818 4899 2000 4967 Quare
2033 4898 2078 4953 si
2114 4897 2233 4953 hzec
2257 4896 2417 4952 iidem
2459 4896 2645 4952 facere
2682 4894 2822 4963 apud
2857 4908 2957 4948 nos
2981 4901 3232 4964 possunt,
3264 4889 3396 4959 quid

1815 4992 1886 5047 sit
1908 5005 2050 5046 unus
2077 4990 2236 5055 liber,
2265 4999 2320 5044 et
2354 4989 2481 5060 quid
2518 4987 2692 5052 multi,
2721 5002 2866 5042 nunc
2891 4985 3064 5068 magis
3095 4998 3216 5040 sum
3244 4979 3396 5038 solli-

1819 5085 1982 5147 citus,
2025 5097 2133 5137 non
2164 5082 2383 5152 quidem
2439 5091 2662 5152 propter
2714 5080 3116 5136 multitudinem
3160 5077 3394 5147 scripto-

1813 5190 1957 5238 rum,
1983 5171 2096 5244 99
2126 5172 2219 5228 sed
2252 5181 2470 5242 propter
2496 5173 2602 5227 vim
2638 5171 3054 5236 intellecturum,
3091 5183 3160 5224 ne
3198 5166 3387 5225 forsan
3430 5202 3434 5206 Α

1386 5317 1433 5346 θ’
1463 5314 1598 5377 Cap.
1631 5330 1713 5367 vn.

1815 5327 1900 5368 ars.
1935 5313 2025 5367 l0.
2058 5310 2065 5317 '
2100 5311 2147 5344 “
2180 5309 2349 5366 Exod.
2384 5323 2562 5371 χχχιι,
2595 5306 2686 5362 52.
2762 5305 2811 5338 ³⁵
2840 5304 2946 5360 lsa.
2982 5318 3135 5367 χχιχ,
3164 5277 3253 5365 Π,
3295 5298 3390 5356 12.

186 5371 625 5453 ηίιιιιιξιιιμεε.
703 5385 750 5418 σε
784 5387 914 5445 ibid.
991 5388 1036 5419 υτ
1070 5371 1354 5450 siet-mn,
1381 5386 1437 5443 9.
1512 5371 1713 5455 οέΑροι

1815 5425 1846 5449 .,
1874 5384 1930 5449 9,
1961 5383 2051 5439 10.
2123 5381 2170 5414 ”
2201 5382 2358 5435 llom.
2392 5379 2567 5443 η,1ῧ.

192 5489 773 5627 ᾕξὲζνέἒεγενημένοι.
817 5498 897 5555 lta
941 5501 1115 5555 codex
1142 5500 1437 5566 Thuanus;
1481 5499 1703 5569 Regius,

198 5583 618 5770 Ξὲῷᾚλιοίξῃ.
676 5643 750 5697 ita
782 5642 927 5714 :mss.
984 5641 1219 5697 Tarinus
1251 5658 1382 5699 vero
1422 5641 1478 5697 in
1531 5650 1700 5709 textu,

316 5724 374 5763 ει.-

259 5772 734 5850 (5ὶ)Ἀθετούντων
762 5784 835 5841 τὰ
855 5782 1210 5855 Edam-elici.
1231 5781 1344 5841 Non
1371 5782 1578 5851 omnia,
1609 5782 1705 5840 sed

1814 5497 2075 5563 Matthzei,
2095 5494 2264 5550 Marci
2294 5504 2350 5548 et
2370 5491 2615 5549 Joannis.
2642 5489 2804 5547 Luca:
2820 5501 2998 5546 autem
3034 5485 3386 5563 Evangelium

1814 5559 2175 5622 admittebant
2206 5566 2445 5636 quidem,
2464 5565 2556 5617 sed
2585 5566 2744 5636 ita_u_t
2772 5579 2800 5636 a
2833 5564 3097 5636 dictatore
3126 5574 3224 5612 suo
3248 5559 3391 5613 Mar-

1815 5640 1975 5694 cione
2006 5632 2391 5705 interpolatum
2420 5637 2616 5688 fuerat.
2640 5632 2975 5702 Epiphanius
3001 5632 3197 5685 hazres.
3246 5644 3383 5697 xui,

1815 5706 2452 5787 cap;_?,._i_0.-llu_s'nus.
2563 5772 2605 5787 Μ
2674 5775 2688 5787 .
2841 5775 2853 5787 ο
2921 5778 2962 5787 ,Δ
3129 5770 3233 5787 ,Νη

1887 5772 2003 5852 (53)
2040 5776 2234 5848 Ἠμᾶς.
2273 5777 2348 5834 ita
2381 5789 2512 5833 mss.
2563 5772 2796 5829 Tarinus
2838 5775 2891 5827 in
2920 5778 3087 5838 textu,
3121 5772 3286 5841 ὑμᾶς.
