3766 6142
323 237 427 294 195
1780 234 1891 291 ORI

2044 230 2100 287 IS
3471 233 3615 291 196

317 371 385 411 eo
409 353 666 426 prolabar
693 361 752 409 ut
779 355 1093 411 mandatum
1129 327 1432 411 transiliam
1457 395 1473 423 ,
1501 353 1548 411 si
1583 353 1713 426 quid
1748 370 1888 425 prae-

2044 352 2190 418 ἔνων,
2222 349 2357 406 ἀλλά
2383 349 2472 405 διὰ
2494 347 2593 421 τὴν
2615 349 2845 422 δύναμιν
2876 349 2982 403 τῶν
3005 347 3332 420 νοουμένων,
3369 347 3614 420 μήποτε

319 457 405 503 ter
433 446 718 501 veritatem
754 455 1011 515 tanquam
1038 446 1325 501 veritatem
1373 460 1674 515 exponam,
1716 445 1798 500 vel
1841 447 1891 499 in

2044 444 2280 518 εριπέσω
2303 443 2380 514 τῷ
2413 442 2772 515 παραϐαίνειν
2802 441 2902 511 τὴν
2931 440 3146 512 ἐντολὴν
3165 481 3180 506 ,
3215 440 3311 494 ὲάν
3341 457 3396 493 τι
3427 438 3612 510 παρὰ

317 555 427 596 uno
482 554 725 595 meorum
771 541 1312 594 commentariorum.
1362 537 1498 593 Tum
1546 537 1691 594 enim
1740 537 1891 594 fuero

2044 543 2092 608 ην
2120 535 2377 607 ἀλήθειαν
2400 535 2475 598 ὡς
2502 534 2762 606 ἀλήθειαν
2805 532 3052 604 ὲκθῶμαι
3071 573 3087 598 ,
3135 532 3239 586 κᾶν
3267 534 3324 584 ὲν
3355 533 3436 585 ἑνὶ
3467 531 3608 585 τῶν

319 631 616 687 multorum
655 631 916 687 librorum
953 631 1229 700 scriptor;
1259 645 1494 701 cumque
1528 644 1672 686 nunc
1712 631 1896 700 specie

316 739 383 778 ac
412 732 682 793 praetextu
704 722 1036 795 cognitionis
1067 722 1366 777 alienarum
1397 722 1712 792 opinionum
1745 737 1896 777 asse-

315 810 414 864 claa
441 811 496 865 in
532 819 776 865 sanctam
813 811 906 866 Dei
945 810 1240 866 Ecclesiam
1275 811 1579 883 insurgant,
1607 822 1663 867 et
1695 812 1894 867 multo-

318 917 436 957 rum
464 902 722 958 librorum
741 903 1164 972 compositiones
1186 902 1485 974 divulgent,
1507 903 1706 974 quibus
1729 917 1896 958 evan-

317 992 616 1062 gelicarum
649 1004 705 1049 et
737 994 1159 1064 apostolicarum
1191 996 1642 1050 constitutionum
1675 994 1892 1064 exposi-

317 1084 517 1140 tionem
547 1087 898 1156 pollicentur;
923 1087 969 1143 si
995 1087 1105 1156 jam
1131 1086 1408 1151 sileamus,
1439 1101 1536 1142 nec
1564 1086 1670 1142 illis
1693 1087 1896 1140 saluta-

318 1175 396 1229 ria
421 1184 478 1230 et
504 1191 633 1231 vera
659 1176 983 1232 documenta
1009 1193 1367 1249 apponamus,
1392 1179 1579 1234 avidas
1606 1185 1660 1234 et
1680 1177 1898 1248 jejunas

319 1267 534 1323 animas
558 1267 665 1323 cibi
698 1269 883 1338 inopia
911 1270 1320 1342 expugnabunt,
1349 1271 1414 1325 ad
1436 1272 1628 1326 vetitas
1648 1280 1702 1326 et
1722 1272 1900 1327 omni-

318 1375 390 1414 no
459 1359 701 1430 impuras
763 1362 1262 1431 abominandasque
1331 1377 1486 1417 escas
1554 1361 1894 1418 festinantes.

318 1453 497 1522 Quare
521 1468 751 1511 necesse
780 1455 911 1511 mihi
941 1457 1154 1512 videtur
1174 1473 1316 1527 esse,
1341 1473 1464 1513 emn
1492 1458 1583 1528 qui
1607 1459 1725 1514 sine
1751 1457 1897 1514 frau-

318 1546 384 1600 de
411 1561 474 1602 ac
521 1547 969 1616 praevaricatione
996 1557 1174 1617 potest
1217 1565 1316 1620 pro
1361 1550 1732 1606 ecclesiastico
1783 1565 1898 1606 ser-

317 1655 478 1695 mone
506 1657 599 1695 ora
611 1651 778 1696 torem
803 1657 862 1697 se
896 1641 1264 1714 interponere,
1291 1652 1346 1700 et
1375 1659 1470 1700 eos
1495 1644 1780 1699 confutare
1803 1643 1895 1714 qui

1995 627 2378 700 γραφομένων.
2419 628 2566 681 Ἐκεῖ
2581 625 2690 698 γὰρ
2710 625 2907 698 ἔσομαι
2929 625 3145 698 γράψας
3168 624 3346 695 βιϐλία
3369 623 3555 677 πολλά.
3578 641 3596 652 ·

1997 721 2092 774 καὶ
2116 720 2210 773 νῦν
2244 719 2302 774 δὲ
2353 719 2624 790 προφάσει
2675 717 2931 788 γνώσεως
2970 717 3420 788 ἐπανισταμένων
3466 715 3603 771 τῶν

1996 813 2317 885 ἑτεροδόξων
2347 815 2413 884 τῇ
2460 813 2590 884 ἀγίᾳ
2639 812 2734 866 τοῦ
2767 811 2903 865 Θεοῦ
2953 811 3065 883 (54)
3118 810 3452 882 Ἐκκλησία,
3483 810 3605 862 καὶ

1996 903 2356 968 πολυϐίϐλους
2405 903 2686 968 συντάξεις
2734 903 3007 974 φερόντων
3029 942 3044 967 ,
3099 899 3603 972 ὲπαγγελλομένας

1995 994 2247 1066 διήγησιν
2285 993 2394 1049 τῶν
2436 994 2804 1063 εύαγγελικῶν
2850 993 2945 1046 καὶ
2979 992 3351 1048 ἀπστολικῶν
3390 991 3603 1046 διατά-

1958 1087 1962 1090 ’
1999 1085 2168 1153 ξεων,
2205 1084 2301 1138 ἐὰν
2335 1087 2699 1157 σιωπήσωμεν
2754 1086 2828 1158 μὴ
2872 1085 3265 1158 παρατιθέντες
3293 1087 3478 1148 αὐτοῖς
3514 1083 3604 1137 τὰ

2000 1180 2130 1250 ὑγιῆ
2169 1181 2264 1233 καὶ
2296 1179 2468 1251 ἀληθῆ
2491 1180 2756 1250 δόγματα,
2779 1181 3209 1252 ὲπικρατήσουσι
3240 1179 3349 1234 τῶν
3379 1180 3602 1249 λίχνων

1997 1271 2184 1342 ψυχῶν
2222 1272 2425 1344 ἀπορίᾳ
2455 1272 2663 1343 τροφῆς
2712 1272 3011 1344 σωτηρίου,
3043 1273 3135 1325 ἐπὶ
3165 1273 3232 1326 τὰ
3266 1273 3602 1342 ἀπηγορευ-

2002 1367 2138 1438 μένα
2169 1365 2531 1430 σπευδουσῶν,
2585 1365 2680 1419 καὶ
2731 1364 2950 1437 ἀληθῶς
3000 1364 3284 1435 ἀκάθαρτα
3313 1364 3409 1418 καὶ
3454 1363 3598 1433 βδε-

1998 1459 2170 1513 λυκτά
2219 1457 2486 1530 βρώματα
2538 1458 2673 1529 (55).
2707 1459 2905 1528 Διόπερ
2968 1458 3268 1526 ἀναγκαῖόν
3291 1475 3388 1528 μοι
3430 1457 3606 1510 δοκεῖ

1997 1547 2134 1605 εἶναι
2173 1551 2267 1605 τὸν
2290 1551 2587 1621 δυνάμενον
2615 1550 2936 1623 πρεσϐεύειν
2991 1551 3130 1622 ὑπὲρ
3162 1550 3254 1604 τοῦ
3285 1549 3604 1620 ἐκκλησια-

1999 1643 2185 1697 στικοῦ
2210 1643 2368 1712 λόγου
2398 1643 2893 1714 ἀπαραχαράκτως,
2925 1643 3020 1697 καὶ
3049 1643 3289 1714 ἐλέγχειν
3317 1642 3445 1706 τοὺς
3481 1642 3599 1710 τὴν

316 1727 508 1784 falsam
545 1731 647 1786 sibi
686 1733 1056 1803 cognitionem
1093 1744 1412 1799 assumunt,
1456 1745 1602 1790 stare
1632 1735 1891 1791 adversus

2044 1735 2343 1808 ευδώνυμον
2403 1737 2606 1804 γνῶσιν
2671 1734 3248 1807 μεταχειριζομένους,
3325 1733 3598 1788 ἵστασθαι

318 1823 574 1879 haeretica
599 1833 929 1891 commenta,
953 1834 1008 1879 et
1033 1826 1404 1882 excelsitatem
1431 1827 1730 1896 evangelici
1761 1842 1899 1896 pra:-

317 1914 466 1969 conii
503 1914 611 1970 illis
635 1929 934 1985 opponere,
961 1915 1016 1969 in
1055 1930 1164 1986 quo
1205 1925 1290 1971 est
1326 1916 1636 1986 plenissima
1668 1930 1899 1972 consen-

316 2005 400 2060 sio
428 2006 736 2061 communis
766 2005 1053 2071 doctrinae,
1090 2006 1325 2074 Veteris,
1351 2009 1494 2077 quod
1529 2017 1742 2075 vocant,
1771 2024 1896 2064 cum

317 2096 468 2153 Novo
513 2097 884 2154 Testamento.
918 2098 1108 2168 Tuque
1141 2099 1255 2170 ipse
1281 2100 1418 2155 adeo
1449 2115 1638 2156 eorum
1667 2101 1897 2172 penuria

316 2191 409 2260 qui
460 2191 683 2246 meliora
733 2177 1064 2256 assererent,
1094 2207 1217 2246 cum
1247 2192 1441 2248 rationi
1489 2201 1812 2264 pugnantem
1843 2201 1898 2248 ct

317 2281 611 2336 absurdam
637 2282 822 2348 ﬁdem,
852 2298 974 2353 quae
1008 2292 1096 2337 tua
1125 2283 1328 2338 eratin
1351 2281 1534 2340 Jesum
1566 2285 1765 2355 pietas,
1795 2285 1898 2338 mi-

321 2376 466 2428 nime
497 2373 641 2430 ferre
667 2390 887 2446 posses,
931 2377 998 2432 iis
1031 2386 1086 2432 te
1117 2376 1246 2453 ollim
1280 2376 1628 2432 sermonibus
1665 2377 1898 2431 tradide-

318 2481 430 2532 ras,
463 2467 660 2536 quibus
690 2482 900 2537 postea,
937 2483 1064 2524 usus
1104 2482 1206 2536 ea,
1252 2475 1313 2521 ut
1341 2466 1590 2531 decebat,
1621 2482 1740 2537 quae
1771 2467 1896 2521 data
1925 2528 1933 2535 _

321 2559 416 2611 tibi
445 2567 551 2621 est,
588 2558 895 2628 prudentia,
923 2559 1192 2613 damnatis
1215 2557 1536 2614 discessisti.
1562 2557 1690 2613 Haec
1715 2566 1894 2612 autem

317 2649 441 2706 dico
474 2652 538 2706 ad
586 2665 774 2705 eorum
813 2651 908 2720 qui
959 2659 1012 2704 et
1055 2651 1239 2705 dicere
1271 2658 1327 2706 et
1361 2649 1605 2705 scribere
1651 2657 1893 2719 possunt,

320 2754 593 2812 quatenus
618 2744 748 2798 mihi
790 2753 1054 2813 apparet,
1083 2742 1473 2799 defensionem.
1505 2742 1610 2816 Sed
1639 2750 1692 2796 et
1721 2756 1894 2796 meam

319 2835 487 2904 ipsius
517 2851 734 2890 causam
763 2838 908 2900 dico,
937 2837 1029 2904 qui
1063 2853 1171 2891 non
1209 2851 1274 2890 eo
1305 2837 1572 2890 instructu
1602 2833 1893 2912 etltabitn,

319 2944 428 2997 quo
459 2944 580 2983 esse
608 2938 823 2999 oportet
855 2945 999 2994 eum,
1041 2930 1132 2998 qui
1169 2945 1198 2982 a
1227 2928 1339 2984 Deo
1361 2927 1432 2982 sit
1465 2927 1690 2981 idoneus
1719 2924 1896 2979 factus

317 3016 452 3072 Novi
482 3018 818 3075 Testamenti
843 3019 1185 3083 administer,
1215 3034 1321 3074 non
1358 3017 1578 3082 litterae,
1606 3016 1699 3072 sed
1735 3016 1896 3087 spiri—

322 3118 404 3165 tus
425 3110 518 3177 ’°‘,
553 3111 811 3168 audacius
845 3125 932 3166 me
964 3112 1032 3166 ad
1069 3111 1351 3167 dicendum
1383 3109 1684 3181 projiciam.

1999 1827 2142 1882 κατὰ
2184 1828 2292 1882 τῶν
2340 1828 2631 1899 αἱρετικῶν
2683 1827 3122 1895 ἀναπλασμάτων
3167 1825 3600 1896 ἀντιπαραϐάλ-

1999 1917 2158 1972 λοντα
2189 1921 2249 1973 τὸ
2278 1915 2411 1991 ὕψος
2442 1919 2535 1972 τοῦ
2569 1918 2920 1988 εὐαγγελικώ
2944 1917 3297 1990 κηρύγματος
3316 1958 3330 1981 ,
3367 1916 3599 1983 πεπλη-

2002 2009 2245 2081 ρωμένον
2270 2009 2381 2081 (56)
2411 2010 2728 2079 συμφωνίας
2759 2009 3042 2080 δογμάτων
3072 2009 3266 2062 κοινῶν
3294 2011 3358 2080 τῇ
3393 2008 3601 2062 καλου-

2002 2101 2140 2174 μένῃ
2169 2100 2381 2172 Παλαιᾷ
2410 2103 2545 2174 πρὸς
2573 2101 2670 2173 τὴν
2699 2100 3102 2173 ὀνομαζομένην
3141 2101 3349 2171 Καινὴν
3374 2099 3596 2170 Διαθῆ-

1998 2210 2121 2264 κην,
2153 2193 2324 2257 Αὐτὸς
2365 2193 2495 2262 γοῦν
2541 2193 2747 2264 ἀπορίᾳ
2780 2189 2894 2264 (57)
2925 2193 3033 2246 τῶν
3067 2193 3482 2262 πρεσϐευόντων
3517 2189 3597 2243 τὰ

1999 2285 2305 2355 κρείττονα,
2333 2285 2408 2356 μὴ
2428 2285 2609 2356 φέρων
2637 2286 2734 2356 τὴν
2759 2284 2951 2354 ἄλογον
2971 2285 3067 2338 καὶ
3099 2283 3372 2353 ἰδιωτικὴν
3393 2283 3596 2336 πίστιν

1997 2376 2086 2430 διὰ
2124 2376 2224 2446 τὴν
2249 2376 2385 2446 πρὸς
2413 2376 2504 2429 τὸν
2546 2375 2754 2447 Ἰησοῦν
2786 2376 3026 2445 ἀγάπην,
3061 2372 3414 2435 ὲπεδεδώκεις
3447 2370 3594 2424 ποτὲ

2000 2467 2196 2523 σαυτὸν
2225 2467 2401 2537 λόγοις
2423 2507 2438 2533 ,
2467 2462 2542 2523 ὧν
2569 2467 2823 2541 ὕστερον,
2855 2471 2920 2538 τῇ
2949 2467 3207 2540 δεδομένῃ
3241 2483 3316 2518 σοι
3364 2465 3591 2517 συνέσει

1998 2559 2484 2631 καταχρησάμενος
2506 2559 2585 2622 είς
2608 2558 2746 2626 δέον,
2777 2559 3076 2625 καταγνοὺς
3104 2557 3365 2625 ἀπέστης.
3391 2553 3590 2607 Ταῦτα.

1995 2651 2055 2707 διί
2087 2670 2229 2724 φημι
2253 2652 2394 2706 κατά
2415 2652 2476 2704 τὸ
2510 2650 2832 2722 φαινόμενόν
2869 2667 2958 2721 μοι
2990 2649 3417 2719 ἀπολογούμενος
3448 2644 3591 2717 περὶ

1996 2745 2104 2798 τῶν
2128 2744 2441 2815 δυναμένων
2466 2743 2643 2812 λέγειν
2673 2743 2768 2797 καὶ
2795 2743 3046 2814 γράφειν.
3086 2742 3222 2810 Περὶ
3249 2741 3303 2794 δὲ
3337 2738 3588 2811 ἐμαυτοῦ

1996 2838 2451 2908 ἀπολογούμενος,
2485 2835 2559 2907 μὴ
2586 2835 2694 2907 ἄρα
2722 2837 2782 2888 ού
2808 2835 3066 2907 τοιαύτης
3089 2833 3164 2886 ὢν
3193 2832 3360 2897 ἕξεως
3388 2831 3590 2885 ὁποίαν

1996 2928 2162 3000 ἐχρῆν
2190 2927 2280 2982 τὸν
2307 2927 2456 2998 παρά
2485 2927 2618 2980 Θεοῦ
2651 2927 3001 2998 ἱκανούμενον
3030 2925 3272 2979 διάκονον
3299 2924 3398 2994 τῆς
3435 2925 3586 2976 Καιο

1997 3017 2097 3088 νῆς
2127 3017 2420 3090 Διαθήκης,
2456 3018 2517 3072 ού
2546 3019 2889 3089 γράμματος,
2924 3017 3060 3071 ἀλλὰ
3088 3016 3399 3086 πνεύματος
3417 3055 3434 3081 ,
3460 3013 3588 3067 τολ-

1924 3103 1968 3160 C
2002 3111 2300 3184 μηρότερον
2333 3113 2568 3185 ἐμαυτὸν
2595 3112 2672 3184 τῷ
2695 3110 3055 3184 ὑπαγορεύειν
3079 3110 3385 3182 ἐπιδίδωμι.

495 3443 590 3498 EX
625 3443 859 3500 EODEM
898 3443 1092 3501 TOMO
1128 3444 1194 3512 V,
1234 3444 1418 3501 APUD
1455 3443 1860 3500 PAMPHILUM
1897 3443 2287 3500 MARTYREM
2325 3443 2394 3499 IN
2428 3442 2799 3500 APOLOGIA
2842 3443 2985 3499 PRO
3031 3439 3387 3498 ORIGENE.

392 3599 711 3671 Unigenitus
767 3600 939 3656 Filius
978 3600 1231 3656 Salvator
1260 3609 1466 3663 noster,
1505 3601 1597 3670 qui
1626 3601 1772 3656 solus
1815 3616 1885 3656 ex

315 3691 480 3748 Patre
514 3703 674 3749 natus
700 3702 804 3760 εει,
853 3695 1000 3750 solus
1034 3703 1228 3748 natura
1261 3703 1314 3749 et
1344 3709 1450 3749 non
1478 3695 1771 3766 adoptione
1798 3695 1895 3752 Fi-

316 3787 423 3842 lius
453 3795 555 3842 est.

748 3897 768 3932 ι
796 3878 928 3935 Item
969 3881 1023 3934 in
1060 3879 1251 3935 eodem
1290 3878 1450 3935 libro.
1483 3897 1502 3931 ι

389 3973 542 4030 Unus
573 3988 703 4043 ergo
727 3983 812 4029 est
839 3987 999 4027 verus
1045 3973 1206 4038 Deus,
1243 3989 1263 4024 ι
1294 3973 1389 4040 qui
1422 3971 1568 4027 solus
1596 3972 1758 4027 habet
1789 3971 1894 4026 im-

315 4065 721 4130 mortalitatem,
743 4064 916 4120 lucem
935 4063 1140 4119 habitat
1163 4065 1591 4121 inaccessibilem
1605 4064 1892 4122 “'JUnus

314 4166 373 4213 et
398 4171 562 4212 verus
591 4157 756 4221 Dens,
806 4172 872 4211 ne
905 4159 1114 4213 scilicet
1142 4156 1327 4212 multis
1373 4158 1488 4213 veri
1542 4155 1637 4210 Dei
1691 4172 1886 4212 nomen

315 4249 606 4304 convenire
643 4254 952 4303 credamus.
997 4248 1077 4304 lta
1128 4263 1259 4319 ergo
1290 4258 1344 4303 et
1383 4250 1436 4304 bi
1481 4250 1572 4319 qui
1617 4249 1889 4320 accipiunt

321 4361 343 4396 ι
365 4343 614 4413 spiritum
647 4345 959 4414 ad0ptionis
1004 4343 1238 4399 liliorum
1263 4384 1278 4409 ,
1319 4345 1374 4398 in
1410 4359 1516 4414 quo
1544 4343 1885 4399 clamamus:

313 4435 468 4490 Abba
494 4435 765 4502 Paterw,
802 4455 822 4489 ι
863 4436 952 4491 lilii
977 4436 1192 4506 quidem
1229 4436 1322 4493 Dei
1348 4446 1491 4500 sunt,
1520 4436 1615 4492 sed
1645 4451 1751 4490 non
1785 4435 1892 4490 sic-

314 4536 374 4585 ut
411 4529 723 4600 unigenitus
773 4529 961 4586 Filius.
1000 4528 1326 4602 Unigenitus
1366 4529 1511 4584 enim
1555 4538 1748 4584 natura
1801 4526 1892 4582 Fi-

383 4707 454 4740 ⁸⁸·
476 4708 515 4763 ll
531 4709 657 4766 Cor.
693 4723 776 4773 ιιι,
801 4707 854 4762 6.
929 4709 998 4742 ⁸³·
1028 4707 1214 4764 lTim.
1253 4720 1328 4772 Vl,
1367 4703 1452 4761 l6.
1527 4705 1596 4741 ⁸³·
1633 4702 1789 4760 Rom.
1824 4718 1940 4769 vtn,
1975 4703 2063 4760 l5.

384 4861 498 4934 (54)
530 4863 700 4934 Θεοῦ.
733 4863 812 4917 ita
839 4877 970 4934 m_ss.
1001 4861 1257 4934 Tarinus,
1303 4859 1562 4934 Χριστοῦ.

529 4933 836 5015 ιξιοώιιατα,
867 4932 1030 5015 Εςοιιε
1063 4932 1369 5015 legendum,
1394 4932 1658 5015 δόγματα.

388 5001 500 5075 (56)
541 5001 1039 5073 Πεπληρωμένον.
1080 5001 1172 5059 Sic
1229 5018 1359 5060 mss.
1410 5001 1641 5061 Tarinus
1680 5001 1894 5075 πεπλη-

315 5073 589 5147 Mum.

1997 3601 2124 3664 lius,
2153 3612 2209 3657 et
2239 3616 2456 3672 semper
2474 3612 2530 3658 et
2558 3599 2999 3670 inseparabiliter
3028 3599 3198 3655 Filius
3227 3609 3312 3654 est
3338 3617 3354 3666 ;
3387 3601 3577 3654 caeteri

1996 3709 2128 3750 vero
2157 3710 2254 3764 pro
2285 3709 2352 3750 eo
2381 3694 2524 3764 quod
2551 3703 2907 3763 susceperunt
2931 3695 2984 3746 in
3018 3707 3078 3748 se
3105 3691 3301 3746 Filium
3335 3690 3455 3756 Dei,
3479 3706 3581 3761 po-

1998 3797 2250 3843 testatem
2273 3795 2602 3857 acceperunt
2626 3786 2720 3841 lilii
2752 3786 2843 3840 Dei
2872 3785 3009 3840 lieri.
3042 3803 3061 3836 ι
3087 3783 3188 3851 Qui
3215 3803 3235 3837 ι
3267 3784 3394 3839 licet
3423 3803 3443 3837 ι
3469 3799 3578 3839 non

1997 3891 2063 3933 ex
2103 3879 2485 3950 sanguinibus,
2533 3891 2710 3948 neque
2737 3892 2804 3932 ex
2841 3879 3117 3932 voluntate
3150 3878 3360 3940 carnis,
3396 3891 3580 3945 neque

1997 3984 2060 4024 ex
2081 3970 2356 4025 voluntate
2370 3971 2495 4038 viri,
2515 3971 2608 4026 sed
2623 3985 2690 4024 ex
2711 3969 2820 4024 Deo
2847 3969 2960 4023 nati
2987 3987 3006 4022 ι
3027 3968 3240 4034 εἰηι⁹³*,
3262 3983 3369 4022 non
3391 3977 3576 4023 tamen

1997 4075 2060 4115 ea
2106 4062 2388 4116 nativitate
2433 4071 2560 4117 sunt
2609 4060 2721 4116 nati
2768 4075 2872 4130 qua
2921 4070 3080 4114 natus
3127 4067 3211 4114 est
3258 4058 3578 4129 unigenitus

1997 4155 2188 4211 Filius.
2240 4155 2468 4227 Propter
2509 4157 2653 4226 quod
2702 4163 2961 4226 quantam
3010 4155 3372 4212 differentiam
3407 4168 3576 4209 verus

1997 4248 2139 4303 Deus
2175 4249 2338 4304 habet
2367 4255 2433 4304 ad
2469 4263 2587 4310 eos.
2619 4249 2817 4319 quibus
2850 4250 3052 4305 dicitur
3080 4267 3094 4304 :
3126 4267 3144 4300 ι
3179 4249 3293 4318 Ego
3321 4247 3457 4311 dixi,
3490 4247 3572 4301 Dii

1995 4342 2211 4397 estis’“
2235 4359 2250 4396 :
2284 4360 2303 4395 ι
2329 4350 2532 4396 tantam
2550 4341 2906 4397 dill‘erentiam
2929 4342 3091 4397 habet
3116 4354 3274 4395 verus
3301 4339 3475 4396 Filius
3505 4340 3571 4394 ad

1999 4450 2095 4492 eos
2128 4435 2220 4506 qui
2247 4435 2474 4491 audiunt
2507 4453 2522 4491 :
2565 4453 2584 4488 ι
2614 4435 2738 4491 Filii
2774 4434 2986 4491 Excelsi
3013 4450 3200 4491 omnes
3219 4435 3310 4489 π’.
3344 4451 3366 4486 ι

2139 4702 2208 4736 ⁸³·
2235 4699 2394 4758 Joan.
2430 4717 2470 4768 ι,
2500 4701 2590 4759 l2.
2661 4701 2732 4735 W
2768 4699 2918 4761 Psal.
2955 4715 3141 4766 um,
3172 4699 3229 4758 6.
3304 4698 3380 4733 "‘
3428 4698 3566 4760 ibid.

2070 4859 2186 4933 (57)
2223 4859 2414 4933 Αὐτὸς
2459 4858 2610 4933 γοῦν
2647 4858 2886 4933 ἀπορίᾳ,
2912 4865 3020 4933 etc.
3051 4857 3400 4933 Ambrosium
3427 4857 3566 4912 allo-

1999 4927 2204 5000 quitur,
2238 4932 2329 5000 qni
2356 4927 2477 4986 cuni
2509 4929 2883 4986 Valentiniana
2914 4929 3105 5000 haeresi
3137 4939 3284 4984 esset
3310 4927 3564 5000 infectus,

2001 4999 2152 5056 virus
2183 4999 2311 5056 illud
2338 5000 2590 5071 Origenis
2612 5015 2756 5071 cura
2773 4999 3040 5068 evomuit,
3076 5007 3133 5056 et
3159 5001 3435 5057 saniorem
3463 4999 3564 5054 do-

1997 5071 2226 5129 ctrinam
2256 5068 2536 5144 ampleius
2571 5080 2675 5128 est.
2712 5068 2976 5128 Ηυετιυε.
