3766 6142
199 225 315 279 197

1321 241 1678 301 COMMENT.
1721 245 1791 303 IN
1821 247 2013 307 JOAN.
2049 253 2289 314 TOMUS
2321 257 2410 314 Vl.

3408 272 3512 328 I98

193 373 3500 445 _____~_______________

1462 562 2305 707 ΩΡΙΓΕΝΟΥΣ

923 790 1058 846 ΤΩΝ
1088 792 1195 846 ΕΙΣ
1221 793 1309 850 ΤΟ
1345 795 1535 850 ΚΑΤΑ
1566 798 1878 855 ΙΩΑΝΝΗΝ
1909 801 2340 860 ΕΥΑΓΓΕΛΙΟΝ
2372 805 2836 868 ΕΞΗΓΗΤΙΚΩΝ.

1610 964 1993 1052 ΤΟΜΟΣ
2040 977 2140 1054 ς’.

1526 1314 2205 1435 ORIGENIS

855 1530 1516 1591 COMMENTARIORUM
1554 1533 1624 1591 IN
1654 1534 2110 1596 EVANGELIUM
2147 1537 2522 1602 SECUNDUM
2553 1543 2869 1605 JOANNEH

1523 1706 1938 1803 TOMUS
2005 1715 2176 1806 VI.

1108 1946 1112 1949 .
1194 1900 1688 1958 INTERPRETE
1711 1900 2092 1960 AMBROSIO
2125 1903 2528 1967 FERRARIO.

1797 2074 1869 2090 Β.

683 2217 849 2289 ιοο
901 2218 1308 2274 ΠΡΟΟΙΜΙΟΝ.

261 2307 319 2363 l.
346 2308 519 2362 Πᾶσα
577 2308 681 2380 μὲν
729 2311 910 2374 οἰκία,
960 2310 1037 2372 ὼς
1068 2311 1147 2365 ἔνι
1173 2345 1178 2349 -
1193 2312 1430 2382 μάλιστα
1473 2320 1806 2391 στερρότατα

1813 2228 1863 2286 Α

2284 2222 2444 2294 mo
2470 2226 2852 2287 ramum.

1983 2318 2036 2371 l.
2063 2315 2255 2373 Omnis
2284 2319 2503 2387 quidem
2532 2323 2744 2387 domus,
2775 2337 2916 2392 quae,
2947 2330 3207 2393 quantum
3243 2324 3484 2398 ﬁeri-po;

191 2400 849 2472 κατασκευασθησομένη
872 2441 888 2466 ,
935 2404 992 2456 ὲν
1029 2402 1179 2474 εὑδίᾳ
1207 2404 1302 2458 καὶ
1345 2410 1578 2480 νηνεμίᾳ
1602 2413 1807 2468 οἰκοδο-
1910 2419 1969 2463 te:

1973 2421 2037 2475 st,
2075 2410 2387 2467 ﬁrmissime
2415 2414 2772 2469 construenda
2801 2423 2904 2482 est,
2937 2430 3128 2472 sereno
3160 2425 3404 2486 tempore
3426 2429 3481 2475 et

197 2494 404 2562 μιῖται,
443 2493 536 2545 ἵνα
575 2493 650 2564 μὴ
675 2492 1037 2564 ἐμποδίζηται
1079 2496 1178 2567 τὴν
1215 2496 1437 2552 δέουσαν
1472 2501 1634 2572 πῆξιν
1666 2505 1803 2559 ἀνα..

1906 2503 2202 2572 tranquillo
2231 2504 2565 2570 aediﬁcatur;
2601 2519 2668 2559 ne
2699 2506 3024 2575 impediatur
3062 2507 3344 2563 decentem
3376 2524 3471 2565 re-

194 2583 392 2638 λαϐεῖν
417 2601 432 2615 ⁸
470 2584 626 2650 ὅπως
671 2585 892 2656 δύνηται
933 2587 1027 2640 καὶ
1071 2587 1294 2662 τοιαύτη
1347 2592 1629 2660 γενέσθαι,
1660 2594 1802 2651 ὥστε
1903 2593 1969 2664 ci]

1973 2609 2083 2650 iere
2111 2596 2496 2662 stabilitatem;
2550 2606 2609 2652 ut
2637 2597 2760 2652 talis
2792 2613 2913 2654 esse
2962 2601 3134 2668 possit
3161 2615 3280 2670 qua:
3310 2603 3478 2656 susti-

195 2676 498 2746 ὑπομεῖναι
528 2676 868 2748 πλημμύρας
880 2678 1074 2749 ὁρμὴν,
1101 2678 1196 2732 καὶ
1213 2680 1510 2754 πρόσρηξιν
1532 2686 1797 2757 ποταμοῦ,

1902 2697 2027 2741 neat
2052 2686 2310 2756 impetum
2350 2689 2752 2756 exundationis,
2793 2699 2847 2745 et
2876 2689 3175 2747 allisionem
3205 2691 3352 2748 tluvii
3375 2732 3392 2758 ,
3424 2701 3479 2749 et

193 2769 294 2821 καὶ
319 2769 426 2822 ὅσα
461 2769 627 2838 φιλεῖ,
661 2770 929 2840 χειμῶνος
963 2770 1355 2842 συμϐαίνοντος
1375 2813 1390 2839 ,
1423 2775 1667 2848 ἐλέγχειν
1699 2778 1798 2849 μὲν
1901 2789 1969 2845 qu

1976 2791 2237 2846 mcunque
2258 2777 2456 2844 solent,
2495 2779 2538 2834 si
2568 2780 2848 2850 cominga:
2879 2789 3194 2850 tempestas,
3227 2797 3475 2851 quamam

189 2860 265 2912 τὰ
303 2859 490 2931 σαθρὰ
534 2861 645 2915 τῶν
677 2862 1161 2934 οἰκοδομημάτων,
1190 2863 1465 2920 δεικνύναι
1492 2867 1550 2920 δὲ
1594 2869 1664 2922 τὰ
1697 2870 1796 2940 τὴν

189 2955 412 3006 οἰκείαν
466 2955 669 3028 ἀρετὴν
710 2956 1048 3028 ἀπειληφότα
1090 2957 1198 3011 τῶν
1233 2942 1791 3032 κατασκευασμάτων.

202 3046 546 3119 Ἐξαιρέτως
579 3047 636 3102 δὲ
673 3050 706 3119 ή
742 3047 849 3101 τῶν
869 3049 973 3118 τῆς
1012 3049 1268 3120 ἀληθείας
1298 3051 1666 3123 θεωρημάτων
1709 3053 1794 3106 δε-

193 3139 389 3210 κτικὴ,
443 3137 636 3210 λοῨικὴ
669 3139 745 3203 ὡς
787 3141 845 3193 ὲν
878 3141 1178 3213 ἐπαγγελίᾳ
1215 3142 1248 3214 ἢ
1291 3142 1615 3214 γράμμασιν
1645 3145 1792 3198 οἰκο-

187 3228 340 3302 δομὴ
360 3271 377 3294 ,
411 3231 536 3284 τότε
571 3231 806 3302 μάλιστα
849 3233 1244 3303 οἰκοδομεῖται,
1281 3234 1461 3298 καλῶς
1492 3235 1793 3289 συνοικοδο-

197 3326 439 3389 μοῦντος
471 3325 550 3397 τῷ
581 3326 901 3398 προθεμένῳ
935 3325 996 3380 τδ
1041 3327 1262 3398 ἄριστον
1298 3328 1458 3381 τοῦτο
1487 3328 1644 3401 ἔργον
1672 3330 1792 3382 ἐπι-

189 3420 375 3472 τελεῖν
436 3419 532 3472 τοῦ
563 3417 722 3484 Θεοῦ,
773 3418 912 3473 ἐπὰν
976 3419 1278 3494 γαληνιάζῃ
1327 3423 1392 3492 τῇ
1449 3421 1788 3494 ὑπερεχούσῃ

191 3513 377 3566 πάντα
397 3512 526 3566 νοῦν
557 3513 749 3585 εἰρήνῃ
780 3511 1035 3583 χρωμένη
1067 3514 1100 3583 ἡ
1132 3507 1297 3584 ψὺχὴ,
1332 3513 1516 3584 πάσης
1543 3515 1790 3586 ταραχῆς

1897 2867 2126 2924 aediﬁcia
2154 2871 2367 2939 putrida
2398 2885 2463 2924 ac
2497 2871 2717 2934 debilia,
2756 2882 2918 2941 atque
2945 2887 3065 2942 qua:
3098 2875 3250 2928 firma
3279 2884 3334 2930 et
3365 2886 3475 2930 sta-

1898 2959 2028 3016 bilia
2062 2963 2342 3032 propriam
2371 2962 2626 3016 virtutem
2659 2965 2983 3032 receperint,
3012 2966 3304 3021 declarare.
3331 2967 3476 3023 Prae-

1896 3052 2057 3122 cipue
2088 3068 2218 3110 vero
2249 3053 2539 3109 aedificium
2575 3055 2800 3110 rationis
2827 3071 3069 3125 compos,
3101 3067 3361 3114 constans
3377 3060 3487 3114 vel-

1894 3144 1975 3200 uti
2023 3143 2077 3197 in
2104 3143 2486 3214 promissione,
2519 3152 2574 3198 et
2602 3144 2816 3211 litteris,
2838 3146 3349 3214 contemplatiouum
3380 3163 3473 3204 ve-

1895 3234 2073 3290 ritatis
2095 3249 2286 3306 capax,
2309 3235 2650 3305 potissimum
2673 3246 2783 3290 tum
2812 3236 2980 3307 probe
3001 3238 3303 3292 aadilicatur
3334 3240 3466 3314 (58),

1896 3322 2052 3396 [Deo,
2094 3340 2199 3379 una
2227 3340 2348 3380 cum
2375 3339 2460 3392 eo,
2489 3328 2581 3397 qui
2623 3328 2887 3395 optimum
2934 3329 3471 3396 praestantissimum-

1893 3430 1998 3484 que
2020 3417 2123 3472 hoc
2160 3431 2296 3487 opus
2321 3417 2579 3487 perlicere
2603 3417 2904 3482 constituit,
2929 3417 3231 3475 adiﬁcante
3250 3418 3295 3493 :]
3337 3436 3462 3476 cum

1894 3509 2073 3564 anima
2105 3525 2235 3580 pace
2264 3509 2353 3564 illa
2383 3525 2501 3580 quae
2529 3525 2745 3566 omnem
2794 3508 3202 3581 intelligentiam
3234 3527 3465 3583 superat

191 3605 630 3677 ἁλλοτριουμένη
653 3646 668 3671 ,
708 3605 804 3659 καί
848 3605 1100 3676 οὐδαμῶς
1157 3606 1566 3678 κυματουμένη.
1604 3606 1789 3660 Ταῦτα
1819 3615 1862 3672 Β
1893 3613 1969 3657 ult

1973 3617 2071 3668 :ns,
2086 3618 2295 3658 summa
2320 3603 2711 3673 tranquillitate
2730 3602 2950 3674 potitur,
2976 3605 3044 3661 ab
3061 3605 3208 3660 omni
3235 3606 3466 3662 tumultu

188 3698 253 3770 δή
285 3716 380 3770 μοι
407 3698 658 3752 δοκοῦσιν
682 3698 926 3770 ἀκριϐῶς
956 3699 1414 3769 κατανενοηκότες
1447 3699 1496 3751 οἰ
1527 3697 1622 3751 τοῦ
1654 3715 1788 3770 προ-

191 3790 432 3860 φητικοῦ
463 3789 777 3861 πνεύματος
807 3789 1104 3861 ὑπηρέται,
1132 3788 1229 3842 καὶ
1275 3791 1325 3843 οἰ
1356 3789 1452 3843 τοῦ
1500 3790 1785 3860 εὐαγγελι-

189 3881 289 3933 κοῦ
347 3880 711 3951 κηρύγματος
767 3880 1002 3934 διάκονοι
1041 3880 1223 3945 ἀξίους
1258 3882 1483 3945 ἑαυτοὺς
1526 3883 1788 3955 παρειλη-

189 3973 354 4042 φέναι
391 3973 492 4026 τοῦ
520 3973 704 4027 λαϐεῖν
738 3973 838 4044 τὴν
876 3976 935 4027 ὲν
977 3973 1207 4045 κρυπτῷ
1253 3975 1478 4046 εἰρήνην
1532 3975 1644 4029 ἀπὸ
1688 3975 1783 4028 τοῦ

188 4068 299 4120 αἰεί
324 4069 442 4129 τοῖς
459 4065 632 4129 ἀξίοις
655 4065 889 4128 διδόντος
908 4065 1097 4136 αὐτὴν,
1117 4049 1214 4118 τοῦ
1233 4066 1512 4137 εἰρηκότος
1532 4083 1547 4098 ο
1581 4085 1600 4117 ι
1620 4067 1786 4139 Εἰρή-

189 4174 290 4228 νην
325 4159 539 4228 ἀφίημι
565 4157 694 4226 ὑμῖν
713 4197 728 4220 ,
760 4157 984 4229 εἰρήνην
1009 4157 1106 4227 τὴν
1133 4158 1271 4228 ἐμὴν
1301 4157 1492 4228 δίδωμι
1523 4159 1682 4229 ὑμίντ
1720 4159 1782 4213 οὐ

189 4250 382 4313 καθὼς
409 4253 439 4304 ὁ
465 4251 668 4320 κόσμος
687 4249 897 4303 δίδωσιν
918 4251 1160 4322 εἰρήνην,
1197 4250 1352 4319 κάγὼ
1370 4250 1561 4321 δίδωμι
1580 4249 1724 4322 ὑμῖν.
1756 4269 1776 4304 ι

203 4343 612 4412 Ἐπισκόπησον
673 4341 737 4414 δὴ
796 4344 1010 4414 μήποτε
1073 4343 1313 4398 τοιοῦτόν
1377 4361 1429 4397 τι
1485 4344 1780 4400 αἰνίττεται

194 4437 328 4508 περὶ
355 4436 447 4488 τὸν
479 4432 644 4488 Δαυῒδ
680 4435 774 4488 καὶ
803 4434 1122 4506 Σολομῶντα
1155 4437 1188 4507 ή
1224 4436 1352 4508 περὶ
1376 4434 1470 4490 τοῦ
1495 4436 1624 4492 ναοῦ
1648 4440 1782 4493 ἱστο-

200 4527 310 4598 ρία.
345 4525 509 4579 Δαυῖδ
549 4526 648 4594 μὲν
674 4524 802 4597 γὰρ,
827 4526 1094 4597 πολέμους
1123 4526 1331 4597 Κυρίου
1366 4527 1652 4599 πολεμῶν,
1684 4529 1780 4583 καὶ

199 4620 334 4691 πρὸς
391 4617 646 4682 πλείονας
694 4617 977 4689 ἱστάμενος
1027 4619 1255 4690 ἐχθροὺς
1297 4620 1491 4674 ἑαυτοῦ
1532 4621 1629 4675 καὶ
1681 4621 1777 4676 τοῦ

213 4710 446 4782 Ἰσραὴλ,
473 4709 642 4762 θέλων
670 4709 1018 4782 οἰκοδομῆσαι
1044 4711 1169 4764 ναὸν
1201 4710 1279 4782 τῷ
1305 4710 1424 4782 Θεῷ
1442 4750 1458 4775 ,
1494 4713 1600 4766 ὑπὸ
1639 4713 1776 4770 Θεοῦ

203 4802 287 4856 διὰ
303 4800 396 4854 τοῦ
413 4800 600 4854 Νάθαν
627 4799 915 4865 κωλύεται,
947 4799 1197 4869 λέγοντος
1225 4801 1360 4873 πρὸς
1384 4803 1576 4857 αὐτόν·
1615 4823 1634 4857 ι
1662 4806 1777 4860 Οὐκ

203 4893 567 4965 οἰκοδομήσεις
596 4909 695 4963 μοι·
719 4889 863 4945 οἷκον
883 4932 898 4956 ,
927 4892 1007 4946 ὅτι
1035 4893 1176 4965 ἀνὴρ
1206 4893 1454 4964 αἱμάτων
1494 4895 1578 4949 σύ.
1628 4915 1646 4948 ι
1674 4897 1774 4950 Σο-

1892 3694 2122 3750 liberata
2157 3706 2213 3752 et
2243 3696 2405 3752 nullis
2440 3699 2704 3752 undarum
2755 3699 3012 3769 procellis
3063 3700 3284 3770 agitata.
3337 3701 3464 3759 Haec

1891 3783 2058 3854 igitur
2079 3797 2334 3842 accurate
2357 3801 2478 3841 cum
2509 3790 2934 3858 perspexissent,
2953 3800 3008 3846 et
3029 3791 3327 3861 prophetici
3351 3795 3465 3864 spi-

1891 3877 2030 3931 ritus
2064 3875 2388 3946 interpretes
2416 3886 2472 3932 et
2503 3879 2830 3951 evangelicae
2857 3883 3258 3952 praedicationis
3295 3889 3460 3943 mini-

1890 3968 1988 4022 stri
2017 4008 2034 4035 ,
2075 3969 2207 4023 mihi
2237 3969 2489 4024 videntur
2535 3971 2743 4036 seipsos
2771 3973 2965 4043 dignus
3013 3975 3321 4034 exhibuisse
3368 3981 3459 4049 qui

1890 4059 2201 4130 acciperent
2235 4074 2424 4127 pacem
2461 4061 2783 4118 interiorem
2812 4065 2881 4120 ab
2916 4080 2982 4122 eo
3011 4066 3104 4136 qui
3137 4084 3258 4124 eam
3281 4071 3460 4137 dignis

1888 4165 2103 4222 semper
2127 4151 2370 4218 exhibet,
2401 4153 2604 4222 quique
2630 4155 2765 4210 dixit
2788 4156 2899 4213 ’σέ
2941 4175 2962 4209 ι
2991 4155 3184 4215 Pacem
3212 4161 3460 4234 relinquo

1887 4242 2060 4309 vobis,
2081 4246 2280 4311 pacem
2313 4257 2486 4298 meam
2517 4244 2586 4299 do
2617 4245 2806 4300 vobis:
2861 4262 2966 4300 non
2996 4251 3265 4318 quomodo
3301 4267 3458 4305 mun-

1888 4335 1987 4388 dus
2013 4333 2104 4388 dat
2127 4349 2315 4404 pacem
2341 4372 2358 4399 ,
2395 4348 2497 4401 ego
2528 4335 2597 4389 do
2631 4335 2785 4391 vobis
2815 4352 3027 4407 pacem.
3061 4357 3081 4391 ι
3112 4338 3344 4396 Proinde
3372 4341 3459 4397 in-

1885 4427 2034 4498 spice
2069 4442 2198 4480 num
2242 4429 2460 4496 quando
2502 4427 2607 4482 tale
2635 4429 2762 4498 quid
2804 4429 2999 4486 innuat
3043 4432 3266 4488 historia
3299 4435 3458 4491 Davi-

1885 4520 1970 4576 dis
1995 4529 2050 4575 et
2074 4519 2384 4574 Salomonis
2411 4519 2480 4576 de
2513 4521 2732 4592 templo.
2770 4520 2936 4578 David
2968 4523 3235 4594 siquidem
3268 4525 3455 4584 hostes

1885 4610 2102 4667 Domini
2136 4610 2439 4674 debellans,
2474 4619 2532 4666 et
2563 4620 2751 4666 contra
2800 4613 2983 4680 plures
3015 4615 3224 4670 instans
3252 4617 3332 4672 sui
3369 4617 3452 4688 ip-

1883 4703 1998 4759 sius
2044 4712 2098 4758 et
2124 4701 2340 4758 lsraelis
2368 4702 2639 4770 inimicos,
2671 4703 2857 4760 volens
2883 4705 3155 4762 aedificare
3189 4709 3451 4778 templum

1883 4799 2017 4864 Deo,
2063 4813 2095 4852 a
2141 4798 2250 4852 Deo
2274 4811 2372 4867 per
2403 4795 2617 4852 Nathan
2646 4796 2968 4867 prohibetur
2997 4798 3246 4854 dicente:
3285 4817 3304 4852 ι
3332 4799 3449 4856 Non

1880 4888 2172 4945 aaditicabis
2188 4888 2318 4942 mihi
2338 4887 2578 4952 domum,
2595 4887 2721 4958 quia
2738 4887 3156 4959 virsanguinum
3174 4904 3234 4947 es
3251 4899 3306 4946 tu
3320 4892 3410 4945 ’νε
3424 4909 3444 4944 ι

207 4983 376 5055 λομὼν
404 4983 459 5036 δὲ
486 4983 621 5056 ὄναρ
652 4984 743 5036 τὸν
786 4983 917 5036 Θεὸν
956 4981 1110 5047 ἰδὼν,
1156 4984 1250 5037 καὶ
1281 4984 1414 5057 ὄναρ
1447 4985 1546 5057 τὴν
1582 4987 1776 5057 σοφίαν
1808 4973 1854 5038 C
1882 4981 1969 5038 Sal

1976 4995 2135 5036 omon
2162 4987 2343 5034 autem
2367 5018 2384 5045 ,
2419 4978 2511 5048 qui
2547 4977 2716 5034 Deum
2766 4994 2863 5049 per
2911 4981 3184 5036 somnium
3221 4996 3450 5052 conspe-

208 5076 406 5140 λαϐὼν,
458 5076 730 5148 (ἐτηρεῖτο
761 5075 869 5147 γὰρ
916 5075 978 5128 τὸ
1008 5073 1160 5148 ῦπαρ
1189 5075 1267 5147 τῷ
1293 5076 1531 5146 λέγοντι*
1568 5097 1587 5130 ‹
1640 5078 1772 5132 Ἰδοὺ

211 5170 380 5224 πλεῖον
410 5169 758 5240 Σολομῶντος
782 5162 884 5223 ὦδε
903 5185 916 5198 '
933 5172 981 5241 ι)
1004 5174 1062 5225 ἐν
1090 5173 1362 5246 βαθυτάτῃ
1385 5172 1675 5244 γενόμενος
1703 5178 1773 5229 εἰ·

218 5263 356 5335 ρήνῃ,
394 5261 470 5324 ὡς
510 5259 885 5315 ἀναπαύεσθαι
929 5261 1050 5314 τότε
1089 5262 1319 5318 ἕκαστον
1366 5264 1623 5319 ὑποκάτω
1669 5268 1770 5337 τῆς

1880 5073 2066 5138 xit”',
2089 5073 2292 5144 quique
2307 5071 2470 5128 etiam
2489 5072 2804 5144 sapientiam
2823 5088 2919 5143 per
2934 5075 3202 5131 somnium
3226 5077 3448 5147 cepit"'

1879 5167 2226 5238 (servabatur
2250 5166 2395 5221 enim
2426 5179 2612 5220 revera
2641 5165 2874 5222 dicenti:
2926 5184 2946 5219 ι
2973 5165 3113 5223 Ecce
3140 5168 3260 5240 plus
3285 5184 3446 5239 quam

1877 5258 2129 5316 Salomon
2154 5259 2254 5314 hoc
2282 5258 2334 5313 in
2360 5257 2480 5314 loco
2503 5257 2522 5289 ⁸
2547 5256 2594 5328 ι)
2622 5257 2674 5310 in
2718 5257 2975 5313 altissima
2998 5274 3132 5331 pace
3153 5263 3442 5326 exsistens,

217 5354 436 5425 ἀμπέλου
460 5353 629 5410 αὑτοῦ
648 5393 666 5421 ,
692 5354 788 5409 καὶ
816 5355 1074 5409 ὑποκάτω
1105 5355 1204 5425 τῆς
1239 5355 1411 5428 συκῆς
1441 5355 1605 5411 αὑτοῦ
1625 5397 1640 5422 ,
1674 5359 1769 5412 καὶ
1875 5359 1950 5411 ita

1979 5363 2034 5408 ut
2062 5353 2434 5422 unusquisque
2468 5350 2568 5407 sub
2596 5365 2693 5406 sua
2722 5349 2853 5419 vite,
2880 5361 2936 5408 et
2960 5353 3060 5409 sub
3093 5369 3190 5410 sua
3220 5353 3324 5408 ﬁcu
3359 5368 3447 5408 re-

278 5501 334 5532 “'
356 5498 510 5554 Joan.
535 5513 650 5562 xw,
669 5497 761 5555 27.

220 5570 304 5635 4!;
329 5569 449 5626 Luc.
486 5585 565 5636 ιι,
596 5569 689 5625 51.

860 5497 929 5528 ⁹⁷’
957 5494 976 5550 l
1003 5496 1185 5552 Paral.
1222 5512 1358 5564 xxn,
1389 5497 1444 5564 8,
1475 5498 1540 5566 9;
1576 5499 1845 5569 xxvm,5.

1963 5499 2026 5532 ³⁸·
2049 5496 2090 5552 ll
2111 5494 2288 5553 Paral.
2311 5507 2352 5560 ι,
2378 5491 2433 5549 7.
2507 5492 2576 5525 "'
2609 5490 2739 5548 ibid.
2779 5490 2865 5562 10,
2895 5490 2980 5546 l2.
3073 5491 3089 5522 ί
3117 5487 3306 5546 Matth.
3339 5503 3439 5557 xu,

285 5711 372 5783 (58)
402 5709 526 5768 Haec
555 5724 587 5766 a
617 5705 877 5766 Ferrario
907 5703 1300 5778 praetermissa,
1331 5687 1413 5763 ex.
1438 5705 1886 5777 interpretatione
1913 5704 2146 5764 Periouii
2175 5705 2562 5778 supplevimus.
