3766 6142
294 209 397 270 199

1774 203 2096 264 ORICENIS

3466 211 3590 267 κου

292 334 600 406 quiesceret
622 337 662 398 ’³,
692 349 994 406 cognomen
1020 333 1136 403 ejus
1159 333 1309 404 pacis
1335 331 1545 389 habens
1568 346 1694 405 quae
1721 332 1866 403 10]

2065 348 2086 394 ς
2113 328 2255 386 κατὰ
2279 332 2405 396 τοὺς
2433 331 2658 405 χρόνους
2684 330 2848 386 αύτοῦ
2881 332 3102 405 εἰρήνης
3131 329 3422 404 ἐπώνυμος
3447 349 3591 403 τυγ-

291 442 394 485 suo
437 436 679 492 tempore
710 429 1021 500 contigerat
1045 428 1067 460 ³
1118 427 1266 498 (nam
1306 425 1564 482 Salomon
1616 425 1883 495 interpre-

290 530 441 577 tatur
465 520 766 589 paciﬁcus),
802 530 1027 591 propter
1053 535 1267 591 pacem,
1300 527 1461 573 vacat
1505 519 1571 598 ad
1606 517 1884 574 aediﬁcan-

288 614 418 668 dum
446 612 561 669 Deo
595 612 1017 669 celeberrimum
1052 614 1333 685 templum.
1367 611 1506 679 Quin
1534 609 1719 666 Esdrze
1747 618 1885 665 lem-

288 723 419 777 pore
456 706 501 772 ⁸,
534 722 659 763 cum
696 706 882 761 vinum
920 717 976 763 et
1007 707 1289 763 inimicum
1326 721 1506 777 regem
1543 720 1606 760 ac
1648 704 1883 773 denique

288 800 549 856 mulieres
579 799 751 855 vincit
777 800 980 855 veritas
1003 841 1019 867 ,
1054 798 1416 855 retedilicatur
1451 796 1710 869 templum
1746 795 1878 850 Deo.

292 894 418 950 llaec
452 910 482 949 a
514 892 672 949 nobis
717 902 846 948 sunt
875 894 972 949 tibi
1002 893 1172 959 dicta,
1200 910 1233 949 ο
1281 908 1441 949 sacer
1473 891 1752 956 Ambrosi,
1783 904 1882 960 pro

290 986 609 1042 defensione
661 995 887 1040 nostra:
921 987 1181 1056 quoniam
1221 986 1415 1040 turrim
1459 983 1830 1054 evangelicam
1857 981 1880 1014 ⁸

286 1096 355 1133 ex
387 1088 580 1133 sancto
632 1079 852 1133 hortatu
905 1087 996 1132 tuo
1031 1077 1272 1133 volentes
1322 1077 1519 1132 litteris
1564 1075 1878 1139 aediﬁcare,

286 1171 700 1241 supputavimus
734 1169 951 1239 quidem
986 1172 1238 1225 sedentes
1270 1178 1547 1238 sumptum
1572 1183 1640 1223 an
1671 1168 1880 1223 habea-

286 1278 411 1317 mus
446 1264 514 1317 ad
545 1277 607 1316 ea
637 1262 841 1331 quibus
873 1277 1011 1331 opus
1041 1271 1127 1317 est
1162 1262 1229 1317 ad
1251 1261 1679 1331 perliciendum;
1710 1274 1778 1315 ne
1808 1259 1876 1314 il-

286 1353 540 1410 ludamur
585 1354 906 1425 reprehensi
959 1354 1027 1410 ab
1061 1353 1403 1408 intuentibus
1427 1394 1443 1418 ,
1480 1361 1740 1422 tanquam
1776 1352 1875 1421 qui

285 1449 702 1506 fundamentum
754 1449 977 1520 quidem
1036 1449 1373 1521 jecerimns,
1419 1448 1689 1519 perlicere
1743 1462 1877 1502 vero

284 1556 422 1613 opus
453 1543 883 1613 nequiverimus.
917 1540 1190 1598 Caeterum
1221 1581 1236 1607 ,
1272 1541 1656 1612 supputatione
1706 1538 1874 1604 facta,

283 1653 408 1692 cum
431 1636 1002 1706 deprehendissemus,
1026 1633 1372 1702 perficiendae
1400 1634 1640 1698 fabricae,
1661 1648 1725 1689 ea
1753 1649 1875 1703 qua:

286 1742 698 1798 paraveramus.
726 1742 835 1782 non
864 1724 1135 1793 sulﬁcere,
1167 1727 1219 1782 id
1253 1737 1426 1783 totqu
1462 1726 1574 1781 Deo
1598 1723 1875 1783 commisi-

285 1835 409 1875 mus
430 1819 624 1875 ditanti
660 1820 712 1874 in
740 1821 890 1875 omni
917 1833 1172 1875 sermone
1200 1828 1256 1874 et
1287 1819 1619 1891 cognitione,
1653 1817 1877 1873 creden-

284 1921 365 1967 tes
397 1914 542 1982 quod
572 1928 672 1968 nos
700 1913 847 1982 ipsos
877 1912 1025 1983 leges
1056 1912 1627 1981 servare‘spirituales
1665 1924 1872 1965 conan-

286 2022 369 2061 .es
397 2006 612 2073 ditabit,
646 2016 702 2061 et
732 2007 875 2076 quod
910 2005 1325 2075 progredientes
1351 2004 1405 2058 in
1439 2012 1741 2068 structura,
1773 2004 1872 2054 ad-

282 2096 380 2165 iuti
412 2097 499 2151 his
539 2111 661 2165 qua:
691 2097 807 2166 ipse
842 2093 1292 2166 suppeditaverit,
1353 2093 1417 2147 ad
1445 2092 1664 2147 aedilicii
1707 2092 1871 2146 etiam

285 2202 551 2242 coronam
585 2187 1001 2257 perveniemus:
1030 2200 1154 2256 quae
1180 2200 1305 2240 eum
1348 2184 1439 2254 qui
1470 2183 1778 2239 ascenderit
1805 2183 1872 2238 ad

270 2281 505 2349 domum
538 2281 829 2344 sermonis,
856 2280 1053 2335 cadere
1085 2279 1359 2350 prohibet,
1392 2293 1516 2334 cum
1549 2278 1618 2332 ab
1641 2277 1726 2332 his
1756 2286 1874 2332 tan-

284 2380 398 2425 tum
429 2372 684 2427 domibus
713 2386 836 2440 quae
864 2385 1069 2425 corona
1105 2379 1320 2439 carent,
1351 2371 1552 2425 cadant
1584 2370 1620 2425 ii
1660 2369 1754 2440 qui
1781 2384 1873 2425 ca-

282 2465 436 2526 dunt,
469 2475 690 2534 propter
717 2460 1184 2532 imperfectionem
1211 2462 1591 2530 aediﬁciorum,
1619 2476 1739 2529 quae
1768 2477 1873 2517 cac-

281 2555 379 2610 des
407 2564 461 2609 et
493 2568 654 2610 casus
685 2562 986 2609 causantur
1018 2553 1106 2608 his
1132 2554 1224 2624 qui
1260 2552 1316 2607 in
1345 2553 1537 2608 eodem
1570 2561 1700 2608 sunt
1725 2551 1869 2609 loco.

278 2645 400 2702 Jam
433 2645 499 2701 ad
529 2646 777 2715 quintum
810 2660 982 2717 usque
1012 2656 1218 2701 tomum
1239 2689 1257 2717 ,
1298 2648 1549 2718 quamvis
1591 2646 1873 2703 adversari

284 2739 441 2796 nobis
478 2738 1127 2795 videreturAlexaudrize
1166 2740 1428 2809 procella,
1462 2753 1583 2810 quae
1611 2753 1871 2796 concessa

284 2832 456 2900 l'uere,
496 2831 660 2887 locuti
711 2847 939 2898 sumus,
995 2831 1124 2887 Jesu
1187 2833 1503 2902 increpante
1572 2840 1764 2886 ventos
1815 2840 1874 2887 et

282 2928 459 2981 undas
489 2926 678 2982 maris.
701 2924 781 2981 Ex
807 2926 911 2981 hoc
939 2940 1068 2980 casu
1101 2927 1397 2997 progressi,
1424 2926 1656 2980 extracti
1683 2941 1871 2982 sumus

280 3031 348 3071 ex
373 3015 634 3088 Egypto,
666 3017 776 3072 Deo
825 3031 927 3072 nos
960 3017 1249 3082 liberante,
1282 3017 1374 3087 qui
1403 3016 1592 3072 eduxit
1615 3019 1869 3089 p0pulum
1899 3057 1942 3116 ο

280 3123 439 3164 suum
473 3124 542 3163 ex
590 3125 653 3165 ea
678 3124 693 3177 ;
729 3109 927 3167 deinde
957 3110 1178 3165 inimico
1204 3110 1468 3166 adversus
1498 3124 1600 3166 nos
1626 3110 1871 3166 acerbis-

280 3208 419 3264 sime
456 3216 738 3279 pugnaute
783 3222 882 3278 per
913 3222 1044 3263 suas
1090 3221 1260 3263 novas
1294 3206 1532 3272 litteras,
1572 3222 1764 3264 revera
1799 3205 1871 3261 E-

282 3298 533 3370 vangelio
585 3299 880 3367 inimicas,
915 3313 1213 3370 omnesque
1256 3297 1478 3372 Egypti
1532 3307 1725 3355 ventos
1775 3300 1873 3354 ad-

280 3405 474 3447 versus
507 3405 609 3447 nos
641 3394 979 3455 concitante,
1020 3401 1171 3447 stare
1213 3406 1301 3447 me
1335 3390 1513 3461 magis
1546 3390 1874 3446 adhortaba-

281 3495 371 3541 tur
397 3487 538 3541 ratio
582 3487 650 3541 ad
681 3496 992 3552 certamen,
1019 3499 1075 3542 et
1102 3501 1329 3542 servare
1360 3487 1868 3558 prazstantissitnam

282 3578 388 3634 mei
423 3588 655 3649 partem,
680 3595 845 3649 quam
875 3582 1182 3651 importune
1209 3579 1542 3651 conjungere
1569 3588 1867 3635 restantem

281 3672 647 3742 Scripturam,
681 3683 980 3744 antequam
1017 3673 1255 3728 rationis
1281 3674 1563 3729 discursus
1600 3671 1870 3743 tranquil-

284 3764 491 3820 litatem
529 3766 819 3836 reciperet,
845 3781 916 3821 ne
948 3766 1090 3821 forte
1115 3766 1475 3837 cogitationes
1506 3778 1688 3835 pravae
1715 3764 1871 3819 inva-

282 3856 553 3913 lescercnt
573 3857 625 3912 in
649 3859 885 3913 animam
902 3861 1069 3915 etiam
1089 3874 1264 3913 meam
1279 3857 1570 3928 procellam
1589 3857 1866 3913 inducere.

282 3951 426 4020 Quin
457 3943 714 4008 absentes
754 3968 998 4023 quoque,
1028 3955 1123 4023 qui
1173 3953 1306 4008 mihi
1339 3956 1407 4009 de
1446 3966 1601 4007 more
1629 3951 1865 4017 adsunt,

280 4045 496 4101 veloces
524 4045 845 4115 scriptores,
881 4060 969 4101 me
992 4047 1380 4116 prohibebant,
1406 4061 1528 4117 quae
1552 4044 1867 4116 excogitas-

364 4183 565 4241 ‘Miclt.
603 4186 775 4254 tv,4;
813 4185 836 4240 l
872 4185 1048 4244 Mach.
1086 4205 1200 4256 XIV,
1225 4188 1315 4244 12.

281 4253 351 4310 28
374 4267 428 4312 et
449 4271 602 4327 seqq.

1906 1685 1953 1746 Β

1427 4188 1494 4242 ³1
1525 4188 1704 4244 Paral.
1746 4202 1884 4251 xxtt,
1923 4187 1981 4240 9.

1985 426 2197 495 χάνων·
2237 424 2510 496 (Σολομὼν
2545 425 2654 498 γὰρ
2696 426 3059 498 ἑρμηνεύεται
3099 426 3450 499 εἰρηνικός)
3484 427 3584 481 διὰ

1984 518 2084 589 τὴν
2118 518 2343 593 εἰρήνην
2373 517 2621 590 σχολάζει
2642 519 2733 572 τὸν
2755 518 3039 592 διαϐόητον
3070 518 3423 591 οἰκοδομῆσαι
3443 520 3585 576 ναὸν

1981 608 2062 680 τῷ
2086 610 2223 682 Θεῷ.
2256 611 2366 666 Kal
2397 612 2540 666 κατά
2584 613 2712 676 τοὺς
2744 613 2948 685 Ἔσδρα
2992 614 3218 685 χρόνους
3273 613 3429 685 (59),
3487 610 3582 669 ὅτε

1983 705 2112 775 νικᾷ
2167 705 2200 776 ή
2224 704 2451 776 ἀλήθεια
2478 705 2569 759 τὸν
2592 700 2734 759 οἶνον
2755 744 2769 768 ,
2820 707 2913 759 καὶ
2942 705 3035 759 τὸν
3087 705 3279 777 ἐχθρὸν
3322 705 3576 777 βασιλέα,

1984 797 2079 850 καὶ
2106 795 2205 861 τὰς
2228 799 2535 866 γυναῖκας,
2583 797 3011 869 ἀνοικοδομεῖται
3054 801 3084 853 ὁ
3127 797 3254 862 ναὸς
3302 797 3380 869 τῷ
3428 797 3577 870 Θεῷ.

1984 886 2171 942 Ταῦτα
2215 888 2260 942 δ’
2303 891 2439 961 ἡμῖν
2481 889 2950 967 ἀπολογουμένοις,
2987 892 3123 963 πρὸς
3157 892 3237 956 σὲ,
3290 893 3404 964 ἱερέ
3441 894 3584 964 ’Δμ-

1982 980 2191 1054 6ρόσιε,
2221 982 2439 1054 εἴρηται
2464 983 2620 1049 ἐπεὶ,
2658 983 2749 1038 τὸν
2789 984 3142 1055 εύαγγελικὸν
3176 985 3384 1059 πύργον
3425 986 3581 1041 κατά

1982 1074 2081 1146 τὴν
2113 1074 2274 1143 ἁγίαν
2303 1091 2397 1128 σου
2430 1075 2745 1148 προτροπὴν
2777 1078 2835 1130 ἐν
2870 1077 3192 1149 γράμμασιν
3215 1078 3579 1151 οἰκοδομῆσαι

1982 1160 2343 1234 θελήσαντες,
2385 1164 2731 1237 ἐψηφίσαμεν
2784 1167 2882 1238 μὲν
2928 1166 3282 1233 καθεσθέντες
3322 1169 3430 1241 (60)
3470 1169 3576 1241 τὴν

1972 1254 2253 1328 δαπάνην,
2283 1258 2331 1309 εἰ
2353 1256 2549 1329 ἔχομεν
2573 1257 2641 1311 τὰ
2672 1259 2810 1329 πρὸς
2835 1260 3201 1332 ἀπαρτισμὸν,
3247 1262 3333 1315 ἵνα
3360 1261 3435 1333 μὴ
3467 1262 3577 1333 ἐμ-

1979 1343 2327 1417 ποδιζώμεθα
2357 1345 2468 1417 (61)
2498 1346 2602 1400 ὑπὸ
2645 1347 2754 1401 τῶν
2803 1348 3151 1421 θεωρούντων
3173 1391 3187 1415 ,
3229 1351 3575 1406 καταϐαλλό-

1983 1453 2156 1507 μενοι,
2188 1438 2470 1492 ἐκτελέσαι
2496 1439 2553 1492 δὲ
2581 1440 2643 1493 τὸ
2683 1438 2846 1511 ἔργον
2871 1438 2947 1512 μὴ
2986 1440 3355 1512 δεδυνημένοι.
3384 1441 3577 1513 Ψηφί-

1978 1545 2169 1595 σαντες
2196 1530 2254 1584 δέ
2274 1529 2469 1602 ἕτοιμα
2497 1530 2596 1603 μὲν
2629 1531 2700 1585 τά
2731 1533 2812 1596 είς
2841 1532 3188 1605 ἀπαρτισμὸν
3223 1535 3323 1605 τῆς
3359 1534 3574 1588 οἰκοδο-

1984 1622 2090 1694 μῆς
2115 1623 2250 1694 ἡμῖν
2284 1624 2549 1696 παρόντα,
2574 1625 2635 1677 ού
2663 1624 3094 1698 κατειλήφαμεν,
3119 1626 3197 1698 τῷ
3227 1626 3348 1699 Θεῷ
3374 1627 3433 1681 δὲ
3473 1645 3576 1681 πε·-

1982 1717 2356 1789 πιστεύκαμεν
2377 1716 2456 1789 τῷ
2481 1716 2819 1784 πλουτίζοντι
2852 1720 2910 1774 ἐν
2935 1721 3102 1774 παντὶ
3122 1720 3264 1792 λόγῳ
3292 1723 3389 1776 καὶ
3417 1723 3573 1797 πάσῃ

1981 1811 2214 1880 γνώσει,
2246 1812 2328 1865 ὅτι
2364 1812 2795 1883 ἀγωνιζομένους
2823 1814 2972 1884 ἡμᾶς
2999 1814 3197 1879 αὐτοὺς
3224 1818 3412 1888 τηρεῖν
3440 1819 3574 1883 τοὺς

1980 1899 2389 1976 πνευματικοὺς
2408 1905 2606 1976 νόμους
2625 1905 2925 1972 πλουτίζει,
2962 1909 3056 1963 καὶ
3081 1910 3145 1962 ἐκ
3169 1908 3278 1962 τῶν
3308 1911 3573 1981 ἐπιχορη-

1981 1998 2263 2070 γουμένων
2296 1998 2387 2051 ὑπ’
2417 1998 2584 2052 αὐτοῦ
2609 2000 3012 2071 προκόπτοντες
3053 2004 3111 2055 ἐν
3133 2001 3211 2073 τῷ
3239 2003 3573 2074 οἰκοδομεῖν,

1982 2091 2262 2163 φθάσομεν
2301 2091 2398 2146 καὶ
2427 2091 2519 2144 ἐπὶ
2542 2091 2640 2163 τὴν
2672 2092 2943 2164 στεφάνην
2975 2093 3068 2148 τοῦ
3113 2094 3573 2167 οἰκοδομήματος,

1980 2184 2295 2239 κωλύουσαν
2325 2184 2544 2238 πίπτειν
2573 2184 2665 2238 τὸν
2696 2185 3062 2257 ἀνεληλυθότα
3084 2187 3177 2240 ἐπὶ
3206 2189 3266 2241 τὸ
3291 2188 3448 2259 δῶμα
3472 2190 3571 2243 τοῦ

1980 2278 2140 2347 λόγου
2164 2317 2178 2343 ,
2213 2278 2321 2333 ἀπὸ
2359 2262 2534 2349 μόνων
2579 2277 2687 2331 τῶν
2735 2279 3116 2351 ἐστερημένων
3161 2280 3261 2351 τῆς
3298 2283 3575 2353 στεφάνης

1982 2373 2291 2427 πιπτόντων
2315 2371 2424 2426 τῶν
2457 2372 2766 2426 πιπτόντων
2801 2373 2892 2427 διὰ
2918 2372 2976 2426 τὸ
3008 2373 3196 2438 ἀτελὲς
3223 2373 3333 2427 τῶν
3358 2375 3574 2429 οἰκοδο-

1985 2464 2252 2537 μημάτων
2274 2505 2288 2530 ,
2322 2464 2499 2534 φόνων
2540 2465 2731 2519 αἰτίων
2779 2466 2891 2529 τοῖς
2926 2466 2984 2517 ἐν
3030 2465 3178 2537 αύτῷ
3214 2467 3571 2537 τυγχάνουσι,

1980 2557 2076 2613 καὶ
2108 2558 2420 2629 πτωμάτων
2452 2557 2772 2630 γινομένων.
2809 2556 2920 2612 Kal
2978 2557 3140 2629 μέχρι
3171 2575 3236 2627 γε
3281 2557 3374 2612 τοῦ
3421 2564 3573 2632 πέμ-

1980 2667 2115 2705 πτου
2158 2650 2326 2722 τόμου
2372 2650 2506 2721 (62),
2556 2650 2606 2703 εἰ
2635 2651 2730 2704 καὶ
2756 2650 2786 2702 ὁ
2827 2648 2970 2703 κατά
3015 2650 3114 2723 τὴν
3155 2649 3573 2724 Ἀλεξάνδρειαν

1979 2743 2186 2816 χειμὼν
2213 2743 2322 2816 (65)
2353 2742 2739 2814 ἀντιπράττειν
2785 2742 2990 2806 ἐδόκει,
3019 2743 3087 2798 τὰ
3125 2743 3377 2816 διδόμενα
3422 2745 3572 2816 ὑπη-

1979 2833 2355 2907 γορεύσαμεν,
2380 2833 2742 2905 ἐπιτιμῶντος
2774 2836 2887 2899 τοῖς
2923 2833 3146 2904 ἀνέμοις
3184 2835 3280 2890 καὶ
3319 2837 3435 2901 τοῖς
3465 2837 3570 2891 κύ-

1984 2945 2118 3000 μασι
2147 2928 2249 3000 τῆς
2281 2926 2558 2998 θαλάσσης
2584 2924 2678 2980 τοῦ
2721 2910 2921 2998 Ἰησοῦ.
2952 2928 3065 2982 Kal
3104 2929 3170 2982 ἐκ
3188 2928 3342 2983 τοῦδε
3375 2932 3575 2985 ἐπιπε-

1981 3023 2167 3087 σόντος
2212 3022 2323 3095 (64)
2374 3020 2821 3093 προεληλυθότες,
2870 3020 3275 3096 ἐξελκύσθημεν
3317 3025 3426 3080 ἀπὸ
3465 3024 3572 3098 τῆς

1976 3114 2277 3186 Αἰγύπτου,
2307 3113 2614 3186 ῥυσαμένου
2636 3114 2787 3184 ἡμᾶς
2813 3113 2909 3167 τοῦ
2935 3114 3070 3169 Θεοῦ
3090 3115 3184 3170 τοῦ
3205 3114 3570 3187 ἐξαγαγόντος

1977 3209 2070 3264 τὸν
2121 3207 2250 3262 λαὸν
2278 3206 2444 3262 αὑτοῦ
2471 3207 2567 3262 ἀπ’
2614 3208 2813 3280 αὐτῆς
2850 3207 3043 3263 ἔπειτα
3081 3208 3174 3262 τοῦ
3219 3209 3416 3282 ἐχθροῦ
3449 3210 3567 3284 (65)

1979 3302 2286 3376 πικρότατα
2316 3301 2476 3372 ἡμῶν
2516 3300 3137 3373 καταστρατευσαμὲνου
3178 3302 3269 3356 διά
3303 3303 3413 3360 τῶν
3441 3322 3567 3361 και-

1975 3393 2084 3448 νῶν
2103 3390 2267 3446 αὑτοῦ
2291 3390 2658 3464 γραμμάτων,
2688 3389 2797 3445 τῶν
2821 3390 3037 3462 ἀληθῶς
3055 3390 3266 3464 ἐχθρῶν
3292 3391 3369 3464 τῷ
3392 3393 3567 3464 Εύαγ.

1975 3484 2163 3556 γελίῳ,
2188 3485 2282 3537 καὶ
2309 3482 2516 3545 πάντας
2542 3482 2667 3545 τοὺς
2690 3482 2749 3535 ἐν
2781 3481 3042 3555 Αίγύπτῳ
3067 3484 3302 3555 ἀνέμους
3335 3485 3436 3555 τῆς
3464 3505 3564 3541 πο-

1977 3577 2171 3651 νηρίας
2219 3575 2341 3632 καθ’
2387 3573 2545 3647 ἡμῶν
2599 3576 2943 3647 ἐγείραντος,
3004 3575 3197 3646 στῆναι
3246 3577 3447 3648 μᾶλλόν
3493 3596 3562 3651 με

1978 3671 2114 3745 πρὸς
2149 3670 2240 3725 τὸν
2268 3669 2456 3741 ἀγῶνα
2487 3668 2785 3742 παρεκάλει
2813 3670 2841 3723 ὁ
2868 3668 3054 3738 λόγος,
3088 3669 3183 3724 καὶ
3230 3672 3469 3742 τηρῆσαι
3500 3672 3562 3726 τὸ

1975 3760 2302 3833 ἡγεμονικὸν
2326 3801 2341 3825 ,
2378 3761 2584 3831 μήποτε
2642 3758 2908 3831 μοχθηροὶ
2949 3758 3198 3831 λογισμοὶ
3231 3761 3561 3835 ἐξισχύσωσι

1975 3854 2067 3908 τὸν
2111 3854 2355 3926 χειμῶνα
2402 3854 2494 3907 καὶ
2522 3856 2589 3925 τῇ
2636 3852 2780 3924 ψυχῇ
2824 3870 2924 3923 μου
2954 3854 3370 3924 ἐπεισαγαγεῖν,
3411 3858 3559 3932 ἥπερ

1978 3948 2223 4020 ἀκαίρως
2250 3948 2381 4019 πρὶν
2406 3946 2649 4018 γαλήνην
2664 3947 2762 4016 τὴν
2788 3945 3028 4000 διάνοιαν
3055 3945 3240 4001 λαϐεῖν
3265 3951 3558 4004 συνάπτειν

1975 4041 2044 4096 τά
2085 4041 2212 4113 ἑξῆς
2247 4040 2348 4113 τῆς
2386 4040 2631 4114 Γραφῆς.
2665 4040 2776 4093 Kal
2804 4041 2854 4094 οἱ
2897 4039 3149 4113 συνήθεις
3186 4042 3244 4095 δέ
3274 4046 3553 4114 ταχυγρά-

2086 4184 2110 4216 δ
2135 4181 2202 4237 ιιι
2233 4182 2362 4238 Esd.
2397 4196 2475 4247 tv,
2507 4180 2602 4244 57,
2630 4181 2715 4251 41,
2752 4180 2819 4235 47
2851 4188 2906 4235 et
2943 4194 3096 4251 seqq.
3209 4180 3233 4213 ⁸
3260 4180 3397 4238 Luc.
3440 4197 3552 4250 τιν,

354 4374 465 4447 (59)
495 4373 659 4447 Κατὰ
697 4372 841 4447 τοὺς
876 4371 1108 4442 Ἔσδρα
1144 4373 1427 4447 χρόνους.
1461 4370 1534 4428 [ta
1558 4373 1768 4447 legitur
1800 4374 1853 4428 in

2065 4375 2150 4445 6'5)
2193 4378 2262 4429 El
2290 4374 2424 4447 “xui
2464 4377 2496 4429 ό
2546 4373 2700 4428 κατὰ
2755 4375 2871 4443 τὴν
2915 4373 3377 4447 Ἀλεξάνδρειαν
3431 4392 3552 4446 χει-

283 4444 472 4501 cudice
528 4446 842 4505 Bodleiano,
876 4458 975 4498 nec
1013 4460 1119 4498 non
1172 4446 1495 4500 Barberino.
1546 4444 1855 4514 Corruptus

286 4524 371 4570 est
397 4516 549 4571 locus
585 4517 640 4570 in
672 4515 866 4569 codice
895 4514 1083 4583 Regio.

357 4584 471 4656 (60)
498 4584 927 4651 Καθεσθέντες.
986 4586 1078 4640 Sic
1127 4584 1332 4640 habent
1361 4585 1524 4656 codd.
1580 4585 1780 4656 Regius
1809 4594 1867 4640 et

285 4654 653 4729 Barberinus,
672 4656 1003 4729 Bodleiattus
1032 4665 1213 4710 autent
1244 4654 1593 4729 καταθέντες,
1623 4654 1722 4729 pro
1749 4671 1858 4729 quo

288 4728 344 4852 iﬁl
375 4728 809 4850 marginezétabet
840 4725 1188 4793 καθίσαντες,
1239 4739 1296 4782 et
1340 4728 1415 4781 ita
1463 4725 1858 4795 legendum’ex

338 4808 421 4849 uc.
456 4812 571 4852 xw.
675 4836 690 4851 .

338 4812 421 4849 uc.
456 4812 571 4858 XIV,
597 4812 690 4851 ’Ζδο

290 4866 999 4994 ιώέιζξὲμῷοδιζὶὒμεθα.
1051 4868 1197 4940 Lege
1249 4867 1670 4993 ἐμπαιζώμεθα.
1726 4865 1865 4924 Vide

339 4953 910 5082 υὲἳῖἳὲἀὶῒέχρι
940 5009 1047 5067 τοῦ
1086 4970 1359 5082 πέμπτος)
1382 5011 1592 5082 τόμον,
1620 5018 1726 5065 etc.
1754 5007 1865 5082 ille-

295 5079 456 5134 minit
490 5080 595 5135 loci
627 5081 788 5148 hujus
822 5079 1087 5136 Eusebius
1126 5079 1224 5136 lib.
1276 5096 1330 5135 vt
1373 5079 1543 5145 Hist"
1599 5095 1719 5149 cap.
1768 5079 1860 5144 25,

292 5150 437 5205 unde
463 5151 646 5206 discas
679 5152 917 5220 quinque
944 5155 1152 5222 priores
1180 5152 1434 5223 Origettis
1478 5155 1535 5205 in
1594 5151 1859 5223 Joannem

291 5223 792 5278 tontosAlexandro
817 5221 1121 5291 imperante
1149 5221 1319 5278 fuisse
1345 5221 1681 5276 lucubratos.
1705 5221 1860 5287 Quod

293 5303 471 5347 autem
496 5308 591 5349 sex
623 5304 796 5348 tomus
830 5292 885 5344 in
907 5292 1166 5347 Joannem
1195 5293 1539 5349 Alexandria:
1566 5304 1693 5345 tunc
1726 5293 1863 5345 scri-

291 5373 414 5431 ptos
437 5364 608 5420 fuisse
635 5361 813 5433 prodit
838 5359 1178 5430 Nicephorus
1205 5362 1301 5418 lib.
1323 5377 1374 5428 v,
1402 5378 1521 5430 cap.
1555 5363 1644 5425 l5,
1664 5362 1743 5433 sic
1774 5361 1860 5414 itt-

292 5433 544 5505 telligito,
574 5431 819 5504 quinque
847 5436 1058 5502 priores
1108 5443 1285 5505 tomos
1337 5434 1616 5505 absolutos
1667 5431 1857 5496 fuisse,

294 5503 507 5557 sextum
539 5503 874 5569 inchoatum,
909 5518 1070 5573 quem
1117 5503 1296 5558 denuo
1344 5503 1586 5557 exordiri
1632 5516 1863 5556 necesse

296 5573 503 5644 habuit,
526 5576 667 5643 quod
697 5574 933 5644 priorem
961 5573 1309 5644 scriptionem
1329 5574 1661 5644 Alexandria
1684 5573 1864 5627 disce-

296 5643 429 5719 dens
459 5642 643 5698 secum
678 5642 787 5719 non
820 5653 1175 5719 asportasset.
1224 5642 1282 5699 ld
1331 5645 1450 5716 ipse
1472 5643 1548 5701 de
1574 5658 1633 5702 se
1676 5643 1867 5703 scribit

300 5713 563 5782 Origenes
592 5716 750 5783 paulo
775 5713 1021 5773 inferius.
1063 5713 1325 5773 ilUETlUS.

2104 4444 2255 4509 ,etc.
2289 4445 2553 4499 Nimirum
2586 4455 2873 4515 postquam
2902 4447 3151 4501 Caesarea
3181 4458 3320 4500 etex
3340 4444 3552 4504 Achaia

1977 4515 2172 4580 redux,
2217 4515 2540 4587 presbyterii
2572 4518 2803 4587 gradum
2845 4515 2958 4582 jatn
3009 4526 3319 4581 assecutus,
3351 4518 3549 4573 Deme-

1974 4587 2138 4641 trium
2173 4584 2354 4655 multis
2382 4584 2449 4641 de
2475 4586 2657 4641 causis
2686 4585 2957 4640 infensum
3006 4597 3272 4655 expertus
3306 4598 3416 4654 est,
3464 4591 3542 4644 uti

1971 4656 2209 4729 diximus
2232 4656 2300 4729 in
2330 4654 2687 4729 ρι’ἱέιίνηίίιηὶεἶ
2712 4655 2939 4729 Fallitur
2959 4654 3092 4729 sane
3121 4656 3428 4729 Ferrarius,
3450 4660 3544 4729 qui

1970 4725 2245 4798 Maximini
2258 4728 2314 4781 in
2326 4723 2662 4798 Christianos
2670 4726 2906 4798 διωγμὸν
2920 4725 3006 4781 hic
3021 4723 3063 4778 si
3070 4723 3313 4793 gnilicari
3331 4723 3550 4796 perten-

1971 4798 2092 4863 dit;
2128 4797 2682 4868 deceptusinimirum
2715 4796 2835 4850 loco
2869 4798 3087 4868 Eusebii
3115 4800 3312 4863 altero,
3335 4803 3430 4868 qui
3463 4810 3548 4854 est

1973 4869 2068 4921 lib.
2097 4882 2174 4932 vr,
2203 4882 2322 4935 cap.
2348 4866 2439 4932 9.8,
2473 4866 2564 4920 ubi
2589 4874 2737 4920 tumo
2765 4881 2884 4920 χχιι
2913 4867 3163 4937 Origenis
3197 4869 3253 4924 in
3282 4866 3544 4924 locum

1973 4937 2248 4996 Maximini
2272 4938 2703 5009 persecutionem
2715 4939 3132 4996 commemorari
3157 4939 3325 4993 tradit
3376 4939 3545 4995 Euse-

1973 5009 2093 5081 bius
2120 5026 2133 5062 :
2164 5011 2461 5081 exquibus
2490 5012 2666 5079 palam
2695 5020 2878 5066 exstat
2917 5013 3101 5080 operis
3147 5009 3292 5064 illius
3325 5021 3538 5079 partem

1973 5079 2288 5135 Alexandri
2313 5082 2649 5149 temporibus
2669 5120 2686 5149 ,
2722 5079 2983 5150 reliquam
3014 5081 3295 5136 Maximini
3321 5096 3544 5136 succes-

1972 5164 2231 5204 sorutuve
2256 5152 2420 5204 fuisse
2452 5151 2811 5206 lucubratatn.
2846 5154 2924 5207 ID.

2037 5220 2149 5291 (64)
2192 5222 2293 5276 Ἐκ
2338 5220 2512 5279 τοῦδε
2591 5222 3007 5288 ἐπιπεσόντος,
3054 5231 3161 5276 etc.
3194 5218 3331 5276 Cum
3390 5220 3537 5275 enim

1964 5292 2286 5362 gravissima
2314 5293 2368 5346 in
2403 5308 2528 5346 eum
2574 5293 2855 5348 iracundia
2895 5293 3193 5347 exarsisset
3236 5292 3544 5346 Demetrius

1965 5362 2367 5417 Alexandrinus
2389 5364 2698 5432 episcOpus,
2735 5363 3062 5418 Alexandria
3102 5364 3388 5433 migravit,
3426 5362 3544 5416 Cat-

1963 5448 2137 5488 sareae
2163 5433 2346 5488 sedem
2377 5435 2580 5501 posuit.
2604 5438 2682 5491 ln.
2760 5436 2769 5445 ’

2035 5502 2150 5573 (65)
2174 5503 2417 5556 Ἔπειτα
2455 5502 2564 5557 τοῦ
2603 5502 2847 5573 ἐχθροῦ,
2869 5512 2978 5557 etc.
3014 5501 3345 5557 Demetrium
3383 5501 3551 5557 intel-

1967 5572 2094 5645 lige,
2127 5572 2220 5642 qui
2278 5572 2912 5645 cpisc0poruut£gypti
2968 5575 3233 5643 synodum
3278 5573 3539 5645 adversus

1970 5643 2257 5712 (ltigenetu
2287 5645 2527 5715 collegit,
2559 5642 2811 5714 eumque
2832 5642 3029 5700 litteris
3059 5645 3262 5713 passim
3294 5642 3541 5700 dissentit

1978 5715 2121 5770 natis
2152 5715 2439 5772 traducere
2465 5727 2695 5772 conatus
2715 5727 2819 5772 est.
2860 5716 2931 5772 In.
