3766 6142
174 338 260 397 ΞΜ
345 275 364 295 .
418 344 421 349 ⁴
647 387 660 398 .
1240 334 1595 393 COMMENT.
1638 333 1705 390 IN
1744 331 1937 390 JOAN.
1971 333 2209 390 TOMUS
2246 334 2338 392 Vl.

3289 347 3397 399 263

174 474 251 528 ῳοι
276 456 345 528 μὴ
366 454 631 527 παρόντες
655 455 755 508 ¹ιοῦ
782 454 996 526 ἔχεσθαι
1018 453 1127 508 τῶν
1151 454 1573 525 ὑπαγορεύσειαν
1592 452 1723 507 ὲκώ-

1904 466 1962 519 n,
1997 451 2154 521 102
2178 450 2439 507 mandare
2468 450 2685 508 litteris.
2715 452 2872 509 Nunc
2896 469 3026 512 vero
3052 459 3268 527 quando
3299 463 3396 516 ad-

174 550 303 603 λυον.
334 546 443 600 Νῦν
470 546 515 599 δ’
540 547 630 599 ὅτε
673 546 745 600 τὰ
776 546 894 600 καθ’
926 545 1083 618 ἡμῶν
1115 545 1488 619 πεπυρωμένα
1534 544 1720 610 πολλὰ,

176 637 463 701 σϐεννσῦντος
494 636 634 692 Θεοῦ
656 678 672 702 ,
701 638 828 709 βέλη
868 636 1206 709 ἧμϐλυνται,
1255 638 1349 692 καὶ
1391 637 1725 692 ἐνεθισθεῖσα

175 731 310 804 ἡμῶν
333 732 365 800 ή
393 728 539 799 ψυχὴ
571 732 683 794 τοῖς
727 728 1095 800 συμϐεϐηκόσι
1134 729 1222 784 διὰ
1244 729 1338 785 τὸν
1362 731 1610 803 οὐράνιον
1633 731 1723 785 λό-

174 837 288 890 γον,
318 820 493 891 φέρειν
528 821 655 889 ῥᾷον
682 819 924 890 βιάζεται
956 819 1056 884 τὰς
1092 821 1466 891 γεγενημένας
1502 821 1723 874 ἐπιϐου-

173 913 286 977 λὰς,
327 912 564 982 ὡσπερεὶ
592 911 770 982 ποσῆς
795 912 976 977 εὐδίας
1004 911 1325 985 λαϐόμενοι,
1357 914 1539 967 οὐκέτι
1564 915 1727 985 ὑπερ-

171 1004 413 1075 τιθέμενοι
439 1003 806 1075 ὑπαγορεύειν
835 1005 903 1058 τὰ
932 1004 1202 1059 ἀκόλουθα
1232 1005 1531 1077 βουλόμεθα
1549 1044 1565 1069 ,
1593 995 1725 1058 Θεὸν

174 1097 462 1152 διδάσκαλον
489 1097 805 1169 ὑπηχοῦντα
839 1100 896 1151 ὲν
942 1097 1022 1170 τῷ
1051 1098 1228 1169 ἀδύτῳ
1249 1099 1348 1170 τῆς
1374 1098 1552 1170 ψυχῆς
1571 1097 1725 1169 ἡμῶν

175 1190 401 1257 παρεῖναι
421 1188 741 1258 εὐχόμενοι,
766 1189 853 1242 ἵνα
894 1189 1045 1254 τέλος
1068 1188 1208 1263 λάϐῃ
1242 1190 1276 1260 ἡ
1310 1190 1410 1260 τῆς
1441 1189 1583 1243 κατὰ
1616 1190 1727 1242 Ἰω-

174 1279 317 1347 άννην
332 1280 635 1352 διηγήσεως
661 1280 754 1334 τοῦ
783 1281 1114 1351 Εὑαγγελίου
1142 1282 1418 1355 οἰκοδομή.
1447 1282 1660 1336 Γένοιτο
1681 1281 1725 1334 δ’

173 1361 199 1425 6
222 1372 343 1435 Θεὸς
369 1373 608 1442 ἐπήκοος
647 1375 804 1445 ἡμῶν
832 1377 900 1446 τῇ
933 1376 1089 1445 εὐχῇ,
1111 1376 1191 1439 είς
1220 1374 1282 1428 τὸ
1314 1373 1546 1444 συνάψαι
1570 1373 1728 1445 δυνη-

171 1462 307 1535 θῆναι
330 1464 389 1517 τὸ
418 1462 580 1535 σῶμα
602 1464 696 1518 τοῦ
718 1465 839 1518 ὅλου
868 1465 1025 1535 λόγου
1046 1506 1060 1530 ,
1094 1466 1288 1536 μηκέτι
1322 1462 1725 1536 μεσολαϐοόσης

170 1556 537 1628 περιστάσεως,
559 1555 824 1628 διακοπὴν
838 1557 931 1611 τοῦ
946 1556 1137 1630 εἱρμοῦ
1154 1558 1253 1626 τῆς
1274 1554 1493 1628 γραφῆς
1537 1552 1725 1607 ὁποίαν

167 1646 339 1721 δήποτε
374 1648 777 1721 ὲνεργήσασθαι
820 1649 1145 1720 δυναμένης.
1193 1647 1330 1701 Ἴσοι
1365 1646 1456 1711 δὲ,
1494 1645 1577 1699 ὃτι
1616 1643 1727 1699 ἀπὸ

169 1739 343 1811 πολλῆς
371 1740 683 1812 προθυμίας
713 1742 972 1812 δευτέραν
1008 1743 1213 1813 ταύτην
1245 1740 1417 1813 ἀρχὴν
1463 1737 1723 1809 ποιοῦμαι

1826 556 2040 598 versum
2075 558 2175 598 nos
2207 544 2389 614 ignita:
2428 545 2641 616 sagittae
2671 546 2857 603 multze
2886 544 3040 605 vanaé
3062 549 3283 609 fuerunt
3315 554 3400 610 fa-

1825 643 1946 701 ctae,
1979 632 2088 688 Deo
2139 633 2258 689 illas
2301 637 2698 707 exstinguente,
2732 647 2787 694 et
2821 650 3040 696 assueta
3073 644 3252 701 anima
3299 663 3399 701 no-

1824 737 1938 781 stra
1985 726 2066 780 his
2100 742 2224 796 quae
2259 727 2498 783 ctelestis
2546 731 2813 785 sermonis
2841 747 3006 787 causa
3046 738 3396 808 contingunt,

1824 815 1971 873 ferre
2005 817 2221 890 cogitur
2243 817 2459 874 facilius
2489 818 2658 880 factas
2687 821 2931 889 insidias,
2965 826 3129 879 veluti
3153 828 3403 898 aliquan-

1824 916 1939 961 tum
1981 908 2295 963 serenitatis
2325 911 2507 973 nacti,
2545 926 2649 965 non
2698 912 2933 982 amplius
2966 904 3281 974 differentes
3314 921 3401 975 di-

1825 1007 1975 1053 ctare
2004 998 2251 1054 volumus
2297 1015 2420 1069 qua:
2469 1006 2695 1068 restant,
2749 1003 2914 1059 Deum
2968 1008 3287 1078 magistrum
3345 1013 3399 1066 in

1825 1090 2022 1144 anima:
2061 1100 2261 1145 nostra?
2292 1092 2454 1164 adyto
2506 1095 2767 1164 penetrali
2820 1097 3163 1157 insonantem
3211 1103 3403 1160 adesse

1824 1190 2134 1250 precantes,
2167 1191 2226 1237 ut
2259 1182 2417 1237 ﬁnem
2449 1184 2684 1253 accipiat
2727 1195 3001 1245 struetura
3035 1197 3402 1251 enarrationis

1826 1270 2101 1341 Evangelii
2134 1274 2432 1329 secundum
2459 1273 2746 1333 Joannem.
2772 1278 2952 1349 Atque
2983 1283 3192 1339 utinam
3221 1286 3404 1343 audiat

1823 1360 1969 1418 Deus
1999 1379 2191 1432 preces
2233 1376 2474 1431 nostras,
2527 1375 2585 1421 ut
2619 1381 2821 1439 corpus
2854 1374 3018 1429 totius
3061 1377 3241 1446 operis
3271 1395 3404 1435 con-

1820 1451 2056 1523 jungere
2102 1456 2394 1527 possimus,
2424 1474 2525 1514 nec
2563 1459 2671 1515 ulla
2715 1464 2946 1531 posmac
2988 1471 3287 1527 necessitas
3317 1473 3403 1527 in-~

1827 1548 2078 1618 tercipiat
2107 1559 2273 1620 atque
2308 1551 2673 1622 interrumpat
2705 1553 3006 1626 Scriptura:
3036 1562 3256 1617 seriem.
3283 1561 3403 1619 ϐίοι

1828 1645 2001 1692 teruin
2028 1640 2168 1696 scias
2191 1657 2259 1696 ex
2283 1643 2450 1698 multa
2480 1660 2578 1700 nos
2600 1648 3024 1719 promptitudine
3048 1651 3259 1707 initium
3283 1666 3407 1708 sex-

1829 1731 1864 1784 ti
1899 1732 2027 1787 tonii
2063 1735 2239 1789 denuo
2280 1735 2484 1804 facere,
2528 1753 2593 1793 eo
2623 1742 2763 1809 quod
2794 1757 2913 1811 quae
2951 1755 3109 1799 antea
3141 1747 3406 1817 interpre-

167 1831 304 1886 ἕκτου
331 1831 498 1904 τόμου
518 1873 535 1896 ,
567 1832 661 1887 διὰ
699 1832 759 1887 τὸ
785 1833 856 1887 τὰ
876 1832 1426 1908 προῦπαγορευθέντα
1454 1829 1561 1900 (66)
1592 1832 1723 1902 ἡμῖν

1912 1825 1925 1879 i
1955 1823 2233 1881 fueramus
2265 1827 2629 1894 Alexandriae,
2663 1833 2848 1887 nescio
2882 1849 2990 1904 quo
3024 1845 3182 1905 paeto
3217 1840 3406 1896 nobis-

166 1926 217 1977 ὲν
250 1925 312 1994 τῇ
369 1921 753 1997 Ἀλεξανδρείᾳ
797 1927 897 1980 οὐκ
923 1922 1019 1981 οἷδ’
1046 1922 1194 1986 ὅπως
1206 1923 1281 1994 μὴ
1295 1922 1680 1994 ἐκκεκομίσθαι
1705 1938 1720 1954 ο

166 2014 350 2087 βέλτιον
379 2015 491 2088 γὰρ
521 2018 845 2090 ἡγησάμην,
880 2018 1020 2091 ὑπὲρ
1045 2016 1141 2073 τοῦ
1179 2022 1254 2091 μὴ
1289 2014 1587 2089 ἀπράκτως
1633 2026 1723 2086 μοι

162 2105 296 2160 τώδε
325 2108 417 2162 τοῦ
450 2108 622 2181 ἔργου
669 2109 961 2181 παρελθεῖν
981 2150 996 2174 ,
1044 2109 1138 2165 κα)⁹
1181 2107 1368 2165 τοῦτον
1407 2108 1502 2163 τὸν
1532 2106 1725 2180 χρόνον

162 2198 248 2270 ἥδη
273 2198 376 2253 τῶν
407 2201 619 2255 λοιπῶν
642 2202 910 2274 ἄρξασθαι
930 2243 945 2269 ,
975 2204 1069 2257 καὶ
1101 2202 1174 2275 μὴ
1196 2245 1211 2269 ,
1262 2205 1379 2275 μετ’
1426 2203 1609 2274 ἀδήλῳ
1644 2199 1724 2272 τῷ

162 2291 531 2365 εὑρεθήσεσθαι
555 2292 629 2349 τὰ
661 2294 1214 2369 προῦπαγορευθέντα
1244 2298 1381 2369 ἡμῖν
1412 2294 1719 2367 ἀναμένων,

161 2384 329 2457 ἠῷος
353 2386 453 2442 οὐκ
484 2388 669 2457 ὀλίγον
708 2388 970 2444 ἀπολέσαι
1007 2389 1071 2443 τὸ
1095 2389 1203 2442 τῶν
1238 2389 1441 2461 μεταξὺ
1474 2385 1721 2460 ἡμερῶνε

160 2477 255 2530 Καὶ
278 2478 446 2534 ταῦτα
495 2481 599 2552 μὲν
639 2482 927 2555 αὐτάρκως
953 2482 1064 2556 (67)
1106 2481 1555 2555 πεπροοιμιάσθω
1577 2497 1590 2510 ·
1621 2480 1721 2551 ἤδη

159 2569 209 2627 δὲ
225 2571 432 2643 καὶτῆς
457 2571 664 2641 λέξεως
689 2574 965 2647 ἐχώμεθα.

1828 1929 1949 1970 cum
2000 1914 2158 1970 allata
2186 1932 2291 1971 non
2332 1916 2574 1975 fuerunt.
2602 1918 2792 1977 Melius
2821 1924 2965 1979 enim
2991 1934 3141 1984 ratus
3167 1944 3308 1994 sum.
3338 1944 3406 1988 ne

1826 2007 2043 2062 interim
2085 2010 2252 2064 etiam
2283 2009 2388 2064 hoc
2416 2025 2554 2081 opus
2587 2025 2711 2067 cum
2752 2014 2965 2086 ignavia
3016 2021 3405 2082 intermittere;

1828 2107 1934 2166 tur,
1981 2115 2105 2170 qua:
2149 2100 2431 2156 restabant
2473 2105 2763 2174 prosequi,
2797 2122 2961 2177 quam
3007 2111 3133 2166 dum
3164 2114 3408 2173 incertus

1826 2208 1947 2248 sum
1981 2194 2293 2257 inveniendi
2321 2209 2442 2265 qua:
2472 2196 2815 2268 interpretati
2864 2201 3167 2270 fueramus,
3215 2221 3406 2280 exspe-

1829 2298 2008 2344 ctare:
2040 2288 2146 2344 hoc
2190 2289 2410 2345 interim
2446 2297 2714 2363 tempore,
2745 2295 2888 2364 quod
2921 2296 3059 2351 lucri
3095 2313 3203 2353 non
3238 2315 3406 2372 parva

1829 2390 1914 2436 est
1956 2382 2217 2448 acoessio,
2247 2391 2527 2452 pereunte.
2563 2386 2629 2443 Et
2663 2387 2783 2444 haec
2817 2391 3065 2460 prooemii
3105 2390 3225 2447 loco
3272 2395 3409 2450 satis

1830 2482 2026 2542 sunto;
2064 2476 2211 2530 nunc
2234 2475 2342 2547 iam
2376 2486 2692 2534 contextum
2726 2495 3041 2551 sequamur.

1506 2650 1739 2738 Explicit
1772 2662 2054 2731 Praefatio.

217 2765 270 2822 2.
325 2785 346 2820 ι
379 2769 492 2823 Καὶ
515 2769 660 2842 αῦτη
692 2771 840 2824 ἐστὶν
883 2772 917 2843 ἡ
946 2770 1221 2844 μαρτυρία
1253 2766 1348 2823 τοῦ
1395 2766 1663 2823 Ἰωάννου.
1701 2784 1721 2817 ι

159 2855 375 2931 Δωτέρα
412 2859 557 2932 αὕτη
607 2862 1072 2934 άναγεγραμμένη
1117 2860 1364 2915 Ἰωάννου
1400 2856 1492 2912 τοῦ
1523 2857 1727 2911 Βαπτι-

161 2948 270 3003 ποῦ
300 2953 427 3024 περὶ
454 2953 700 3027 Χριστοῦ
733 2955 1026 3028 μαρτυρία,
1056 2954 1158 3025 τῆς
1186 2952 1458 3024 προτέρας
1490 2950 1726 3024 ἀρξαμέ-

157 3057 244 3113 νης
264 3044 370 3099 an?)
390 3045 507 3113 τοῦ,
544 3065 566 3098 ε
607 3040 777 3111 Οὗτος
805 3044 874 3118 ἦν
898 3049 959 3102 δν
982 3043 1154 3113 εἶπον,
1178 3049 1207 3100 6
1228 3045 1408 3098 ’ὀπίσω
1440 3061 1540 3116 μου
1575 3042 1726 3118 ἐρχό-

161 3151 335 3204 μενος,
368 3155 385 3189 r
419 3139 517 3191 καὶ
548 3138 827 3210 ληγούσης
862 3141 941 3203 εἰς
970 3138 1031 3191 τό
1054 3156 1068 3168 ·
1106 3156 1124 3189 ι
1169 3138 1229 3191 '0
1251 3134 1560 3207 Μονογενὴς
1599 3133 1728 3198 Υἱὸς

156 3225 238 3280 τοῦ
258 3227 408 3295 Θεοῦ,
439 3231 470 3283 6
500 3228 585 3284 ὣν
606 3229 717 3303 (68)
742 3232 822 3295 εἰς
851 3230 942 3284 τὸν
966 3229 1166 3284 κόλπον
1194 3226 1294 3282 τοῦ
1322 3227 1554 3300 Πατρὸς,
1590 3228 1729 3281 ἐκεῖ·

156 3332 235 3381 νος
265 3317 596 3392 ἐξηγήσατο.
642 3340 661 3372 ι
719 3322 833 3392 Οὐχ
883 3320 1052 3390 ὑγιῶς
1084 3319 1138 3374 δὲ
1176 3321 1205 3373 6
1243 3319 1559 3392 ’Πρακλέων
1591 3318 1727 3371 ὑπο-

158 3405 425 3480 λαμϐάνει,
467 3433 487 3465 ι
516 3413 713 3477 Οὐδεὶς
739 3414 830 3467 τὸν
863 3413 995 3467 Θεὸν
1027 3412 1269 3484 ἑώρακεν
1303 3411 1544 3477 πώποτε,
1575 3427 1592 3464 ι
1634 3403 1728 3465 καὶ

156 3500 217 3556 τὰ
240 3503 360 3576 ἑξῆς
392 3506 625 3575 φάσκων
650 3508 901 3578 εἰρῆσθαι
934 3509 1036 3562 οὐκ
1060 3508 1169 3562 ἀπὸ
1193 3507 1286 3562 τοῦ
1321 3503 1565 3579 μαθητοῦ
1589 3503 1723 3575 (69),

156 3592 257 3647 ἀλλ’
283 3597 388 3650 ἀπὸ
416 3598 513 3651 τοῦ
556 3598 865 3652 Βαπτιστοῦ
895 3599 1027 3671 (70).
1054 3601 1115 3654 Ei
1146 3599 1255 3672 γὰρ
1292 3601 1384 3654 καὶ
1418 3600 1537 3653 κατ’
1566 3599 1725 3653 αὐτὸν

155 3685 226 3752 τὸ,
265 3708 283 3742 ι
304 3689 397 3744 Ἐκ
424 3691 521 3745 τοῦ
554 3690 919 3764 πληρώματος
942 3692 1108 3747 αὑτοῦ
1136 3696 1299 3765 ἡμεῖς
1323 3692 1522 3756 πάντες
1542 3692 1728 3746 ἐλάϐο-

159 3795 277 3849 μεν,
316 3783 411 3837 καὶ
446 3784 617 3857 χάριν
648 3785 769 3838 ἀντὶ
817 3788 1038 3859 χάριτος
1058 3826 1072 3851 ,
1123 3787 1204 3840 ὅτι
1237 3788 1265 3840 6
1297 3787 1458 3857 νόμος
1488 3785 1577 3840 διὰ
1600 3787 1727 3840 Μω-

157 3868 281 3935 σέως
338 3872 540 3947 ἐδόθη,
605 3874 835 3949 ἡχάρις
884 3878 978 3930 καὶ
1032 3879 1066 3949 ή
1125 3877 1354 3949 ἀλήθεια
1405 3877 1495 3931 διὰ
1550 3876 1725 3948 Ἰησοῦ

154 3961 371 4034 Χριστοῦ
436 3968 698 4036 ἐγένετο,
740 3988 758 4019 ι
809 3962 914 4023 ὑπὸ
953 3969 1046 4023 τοῦ
1108 3968 1417 4023 Βαπτιστοῦ
1471 3970 1685 4041 εἴρηται
1710 3986 1723 3997 ·

154 4054 260 4121 πῶς
298 4059 395 4113 οὑκ
448 4059 749 4116 ἀκόλουθον
795 4061 887 4115 τὸν
936 4063 1002 4115 ἐκ
1059 4060 1155 4115 τοῦ
1216 4060 1584 4133 πληρώματος
1631 4061 1725 4113 τοῦ

155 4143 373 4216 Χριστοῦ
398 4149 668 4220 εἰληφότα
690 4189 706 4214 ,
739 4149 832 4203 καὶ
856 4149 1016 4221 χάριν
1045 4148 1304 4220 δευτέραν
1340 4149 1434 4202 ἐπὶ
1457 4149 1729 4220 προτέρας

155 4238 359 4311 χάριτος
378 4280 393 4304 ,
425 4240 804 4314 ὁμολογοῦντά
838 4259 899 4295 τε
941 4241 1031 4296 διὰ
1059 4242 1304 4305 Μωσέως
1356 4241 1456 4312 μὲν
1484 4241 1727 4295 δεδόσθαι

153 4332 235 4386 τὸν
261 4335 442 4405 νόμον,
466 4336 578 4405 τὴν
607 4335 666 4388 δὲ
686 4335 845 4407 χάριν
876 4334 970 4388 καὶ
1005 4333 1105 4405 τὴν
1129 4334 1385 4405 ἀλήθειαν
1419 4333 1508 4388 διὰ
1551 4334 1726 4406 Ἰησοῦ

1904 2759 1960 2814 2.
2001 2777 2022 2812 ι
2051 2759 2120 2815 Ει
2146 2759 2249 2815 hoc
2278 2772 2362 2817 est
2398 2762 2765 2820 testimOnium
2808 2763 3033 2825 Joannis
3058 2771 3099 2826 ⁸.
3133 2790 3157 2826 ι
3197 2772 3407 2829 δεουηά

1831 2850 1959 2906 dum
1988 2851 2095 2907 hoc
2122 2861 2208 2908 est
2245 2849 2468 2910 Joannis
2499 2854 2758 2925 Baptista:
2782 2857 2851 2914 de
2892 2859 3112 2918 Christo
3138 2865 3405 2936 scriptum

1836 2943 2228 3010 testimonium,
2283 2946 2462 3015 primo
2490 2948 2803 3005 testimonio
2830 2952 3128 3024 incipiente
3181 2957 3252 3013 ab
3302 2960 3410 3016 illis

1829 3032 2045 3090 verbis:
2078 3053 2098 3087 ι
2131 3034 2228 3090 llic
2253 3046 2395 3103 erat,
2420 3053 2576 3107 quem
2605 3040 2749 3106 dixi;
2772 3042 2862 3111 qui
2893 3058 3013 3112 post
3038 3062 3124 3101 me
3145 3051 3358 3119 venit",
3382 3058 3405 3106 ι

1829 3137 1884 3181 et
1910 3127 2195 3184 desinente
2232 3128 2286 3183 in
2320 3144 2404 3195 ea,
2454 3147 2474 3182 ι
2504 3129 2826 3201 Unigenitus
2852 3133 3023 3193 Filius
3053 3136 3173 3206 Dei,
3196 3142 3287 3211 qui
3326 3146 3409 3199 est

1830 3218 1884 3273 in
1916 3219 2036 3273 sinu
2068 3217 2271 3289 Patris,
2308 3221 2400 3278 ille
2443 3225 2718 3279 enarravit
2747 3224 2790 3279 ⁸,
2821 3244 2842 3278 ›
2895 3228 2965 3284 At
2998 3245 3128 3286 vero
3181 3249 3288 3288 non
3316 3250 3406 3292 re-

1831 3325 1918 3372 cte
1948 3316 2243 3375 HeracleOn
2270 3319 2582 3388 suspicatur
2606 3320 2774 3376 Verba
2804 3322 2932 3380 illa:
2969 3342 2991 3377 ‹
3021 3325 3210 3384 Nullus
3235 3327 3404 3385 Deum

1827 3409 1964 3465 vidit
2011 3426 2251 3481 unquam
2276 3413 2314 3476 9,
2349 3427 2370 3465 ι
2424 3421 2479 3468 et
2513 3428 2637 3483 quae
2683 3428 3006 3484 sequuntur,
3052 3419 3197 3475 dicta
3238 3421 3407 3479 fuisse

1828 3519 1935 3560 non
1966 3520 1996 3560 a
2035 3503 2300 3575 Baptista,
2343 3506 2436 3560 sed
2467 3521 2500 3560 a
2535 3506 2818 3578 discipulo.
2849 3508 2984 3565 Nam
3016 3512 3060 3568 si
3090 3514 3254 3571 etiam
3280 3519 3402 3590 opi-

1829 3596 1994 3652 nione
2034 3611 2153 3664 sua,
2200 3599 2351 3667 quod
2395 3613 2503 3654 «ex
2534 3598 2870 3669 plenitudine
2910 3601 3029 3669 ejus
3081 3620 3180 3661 nos
3213 3622 3405 3666 omnes

1832 3691 2166 3760 accepimus,
2197 3700 2254 3745 et
2280 3691 2510 3761 gratiam
2551 3707 2651 3763 pro
2677 3694 2876 3764 gratia,
2907 3698 3162 3764 quoniam
3190 3699 3274 3754 lex
3310 3718 3408 3769 per

1836 3781 2022 3837 Mosen
2078 3783 2206 3838 data
2233 3793 2348 3847 est;
2377 3783 2572 3853 gratia,
2596 3792 2652 3838 et
2685 3786 2885 3842 veritas
2909 3802 3009 3856 per
3031 3787 3216 3859 .lesum
3239 3791 3404 3848 Chri-

1826 3864 1976 3930 ‘Stum
2006 3874 2149 3930 facta
2177 3884 2262 3931 est
2290 3876 2353 3941 ¹⁰,
2378 3890 2400 3928 ι
2429 3890 2460 3929 a
2490 3874 2731 3944 Baptista
2758 3888 2842 3932 est
2869 3880 3096 3948 dictum,
3129 3885 3405 3952 quomodo

1829 3982 1935 4022 non
1962 3982 2305 4037 consequens
2328 3976 2435 4032 est,
2467 3981 2590 4022 eum
2618 3968 2711 4038 qui
2737 3985 2807 4025 ex
2839 3970 3178 4040 plenitudine
3203 3974 3407 4033 Christi

1828 4059 2134 4129 acceperit,
2179 4067 2234 4112 et
2259 4059 2489 4128 gratiam
2529 4062 2825 4115 secundani
2857 4074 2958 4131 pro
2999 4065 3175 4134 gratia
3204 4068 3406 4136 prima,

1829 4150 2032 4221 quique
2058 4150 2234 4206 fassus
2257 4150 2422 4207 fuerit
2446 4152 2625 4207 datam
2652 4151 2821 4208 fuisse
2853 4170 2950 4223 per
2974 4154 3177 4211 Mosem
3208 4157 3403 4229 legem,

1829 4242 2061 4313 gratiam
2089 4250 2220 4297 'vero
2243 4251 2300 4296 et
2334 4243 2625 4297 veritatem
2658 4258 2756 4314 per
2787 4244 2973 4299 .lesum
3004 4246 3282 4304 Christum
3329 4251 3411 4305 fa-

1831 4341 1976 4387 ctam
2025 4332 2220 4398 fuisse,
2261 4348 2329 4387 ex
2363 4334 2447 4389 bis
2482 4349 2603 4403 quae
2636 4350 2706 4391 ex
2757 4336 3096 4405 plenitudine
3143 4339 3196 4395 in
3230 4341 3406 4410 ipsum

157 4419 378 4492 Χριστοῦ
424 4424 750 4494 γεγονέναι,
797 4425 862 4477 ὲκ
906 4421 1016 4477 τῶν
1062 4421 1172 4476 ἀπὸ
1224 4421 1319 4475 τοῦ
1362 4421 1723 4493 πληρώματος

1904 4424 2199 4488 venissent,
2238 4435 2348 4479 tuin
2382 4424 2719 4481 intellexisse
2750 4429 3020 4495 quomodo
3056 4447 3076 4480 ι
3096 4428 3265 4485 Deum
3297 4434 3410 4486 nul-

155 4515 226 4577 εις
243 4516 399 4570 αὑτὸν
441 4514 782 4587 ἐληλυθότων
802 4555 817 4581 ,
859 4515 1177 4587 νενοηκέναι
1230 4512 1348 4577 πῶς
1391 4534 1410 4564 ‹
1455 4511 1587 4566 Θεὸν
1635 4513 1723 4565 οὑέ

1904 4515 2086 4572 svidit
2130 4532 2369 4587 unquam
2401 4518 2468 4584 η,
2510 4537 2530 4571 ι
2585 4527 2698 4573 tum
2746 4520 2910 4573 etiam
2958 4522 3099 4590 quod
3152 4540 3170 4574 ι
3206 4521 3410 4596 Unige-

154 4605 257 4674 δεὶς
305 4609 556 4681 ἑώρακεν
600 4608 817 4664 πώποτε
842 4650 857 4675 ,
902 4629 922 4662 ι
981 4611 1082 4663 καὶ
1129 4608 1190 4661 τὸ
1240 4626 1263 4658 ‹
1303 4607 1394 4661 τὸν
1444 4605 1723 4682 Μονογενῆ

1904 4620 1979 4662 tus
2025 4607 2096 4663 ad
2156 4610 2339 4663 sinum
2396 4607 2578 4665 Patris
2628 4610 2905 4665 exsistens
2945 4611 2989 4642 "
3020 4650 3037 4677 ,
3072 4630 3091 4663 ι
3138 4614 3257 4670 haec
3304 4617 3408 4687 ipsi

154 4695 228 4758 ei;
258 4696 359 4750 τὸν
399 4698 608 4752 κόλπον
674 4697 804 4752 ὅντα
867 4696 963 4752 τοῦ
1016 4696 1231 4769 Πατρὸς
1271 4716 1289 4749 ι
1363 4696 1465 4768 τὴν
1524 4696 1723 4767 ἐξήγη-

1923 4700 2180 4756 omnibus
2228 4701 2322 4770 qui
2373 4716 2443 4755 ex
2488 4700 2827 4771 plenitudine
2874 4702 2994 4772 ejus
3044 4704 3407 4775 hausissent,

157 4802 234 4841 σιν
260 4789 405 4861 αὐτῷ
428 4792 527 4845 καὶ
553 4792 687 4844 πᾶσι
717 4794 831 4855 τοῖς
859 4792 924 4845 ὲκ
958 4790 1055 4844 τοῦ
1084 4789 1450 4861 πληρώματος
1478 4780 1723 4860 εἰληφόσι

1904 4790 1993 4862 [)3
2024 4792 2409 4848 enarraverit?
2462 4791 2580 4848 Non
2614 4793 2758 4847 enim
2793 4809 2936 4848 nunc
2975 4796 3208 4863 primum
3246 4815 3412 4856 enar-

156 4880 621 4951 παραδεδωκέναι;
658 4882 735 4935 Οὑ
773 4880 882 4953 γὰρ
922 4878 1018 4935 νῦν
1076 4879 1293 4953 πρῶτον
1347 4880 1652 4951 ἐξηγήσατο
1697 4880 1723 4931 6

1904 4883 1998 4948 vit,
2025 4882 2115 4952 qui
2155 4891 2244 4937 est
2276 4883 2331 4937 in
2361 4883 2484 4938 sinu
2512 4882 2732 4951 Patris,
2780 4884 3004 4952 perinde
3041 4888 3196 4956 quasi
3226 4890 3410 4947 nullus

154 4967 223 5025 ὢν
254 4972 361 5043 (Ἡ)
395 4975 479 5038 εἰς
516 4973 612 5027 τὸν
647 4972 844 5027 κόλπον
871 4972 967 5027 τοῦ
1008 4974 1242 5045 Πατρός,
1270 4972 1345 5037 ὡς
1373 4971 1583 5036 οὐδενὸς
1611 4972 1723 5045 (72)

1906 4984 1989 5029 tea
2055 4976 2283 5031 idoneus
2340 4976 2616 5033 exstiterit
2668 4977 2915 5048 accipere
2968 4994 3090 5048 quae
3145 4985 3408 5051 apostolis

154 5062 448 5138 ἐπιτηδείου
479 5066 743 5139 πρότερον
771 5066 1136 5139 γεγενημένου
1181 5065 1365 5120 λαϐεῖν
1399 5064 1436 5118 ἃ.
1471 5066 1582 5128 τοῖς
1613 5063 1723 5135 (75)

1904 5067 2124 5133 arravit,
2156 5068 2596 5138 quandoquidem
2623 5080 2914 5139 antequam
2949 5072 3228 5129 Abraham
3256 5073 3411 5133 ﬂeret

220 5178 413 5238 ‘Joan.
443 5199 485 5251 ι,
515 5182 601 5239 19.
677 5182 975 5239 'ibidds.
1048 5180 1353 5238 ‘ibidJS.
1428 5181 1616 5236 ’ibid.
1669 5161 1723 5212 ὐ

1925 5181 2161 5247 “1,17.
2228 5182 2281 5259 f‘
2309 5181 2439 5238 ibid.
2465 5182 2552 5240 l8.
2631 5183 2674 5215 ¹²
2698 5183 2831 5238 ibid.

221 5278 330 5347 (66)
368 5278 574 5350 Διὰτὸ
626 5277 701 5332 τὰ
744 5278 1363 5350 προῦπατορευθέντα,
1416 5283 1524 5350 etc.
1559 5275 1721 5350 _Hinc

2043 5276 2519 5350 Meontoﬁ._Lege
2548 5277 2877 5350 Βαπτιστοῦ.

158 5346 370 5418 apparet
425 5348 690 5419 reliquam
731 5346 873 5421 hanc
907 5346 1512 5421 Commutariorumjn
1541 5346 1718 5421 Joan—

1904 5346 2014 5421 (70)
2039 5348 2403 5421 ammon“:-
2427 5348 2571 5420 Lege
2601 5348 2866 5421 μαθητοῖρε

159 5417 266 5494 nent
296 5430 508 5494 partem
548 5417 671 5494 tum
712 5420 973 5494 scriptam
1003 5418 1355 5494 fuisse,__cnm
1386 5417 1724 5494 Aleraiidria
1867 5486 1883 5494 ἡ
1904 5417 2015 5489 (71)
2050 5418 2105 5471 '0
2130 5417 2433 5494 dir._i)cest_
2466 5417 2530 5474 in'
2560 5417 2798 5477 editione
2827 5418 3122 5491 Huetiana,
3153 5423 3250 5480 sed
3276 5438 3406 5494 sup-

158 5486 412 5557 Urigenes
442 5493 801 5562 discessisset.
816 5491 926 5546 Sed
956 5491 1074 5546 hac
1098 5490 1153 5546 in
1185 5489 1525 5561 Origenianis
1547 5490 1728 5560 dispui
1829 5486 2014 5562 pietur
2043 5491 2220 5562 eicod.
2242 5488 2567 5562 Bodleiano.

160 5568 440 5636 latagum.
477 5561 810 5636 Bunnps.__
983 5632 998 5636 _
1126 5629 1162 5636 _
1223 5631 1256 5636 η
1288 5559 1310 5636 '_
1527 5628 1562 5636 _
1638 5559 1657 5636 ’_
1832 5559 1850 5562 ’
1904 5559 2153 5636 (73):.09
2190 5559 2461 5636 οὐδενός.
2506 5561 2583 5636 Ita
2638 5574 2790 5619 recte
2849 5564 3118 5636 habetuin
3161 5565 3405 5636 margine

224 5629 687 5703 (67)Αῠτάρκως.
755 5631 849 5691 Sic
898 5632 1073 5689 codex
1126 5629 1487 5697 Bodleianus;
1524 5628 1729 5702 Regius
1833 5628 2010 5721 codex
2033 5630 2400 5699 Barberinus;
2429 5632 2569 5687 male
2596 5644 2776 5689 autem
2803 5635 2973 5690 editio
3008 5628 3406 5702 ﬂuetianaIdrq'

161 5698 446 5772 αὔταρκες.
502 5698 519 5703 ⁷
639 5698 657 5701 ⁷
720 5747 725 5755 .
1613 5698 1635 5702 “

164 5839 177 5845 _
230 5772 340 5841 (68)
363 5771 490 5839 Υἱός
526 5773 635 5829 τοῦ
672 5773 841 5836 Θεοῦ,
881 5778 914 5828 ό
946 5778 1054 5845 dir;
1083 5781 1191 5835 etc.
1216 5768 1501 5845 Siecodex
1534 5770 1723 5831 Bodle-

1904 5701 2118 5845 3:333
2152 5771 2295 5845 τοῒςε
2323 5772 2400 5827 Ita
2428 5772 2598 5829 codex
2642 5772 3011 5845 Bodleianus;
3064 5777 3233 5832 editio
3265 5775 3412 5834 "ne:

164 5839 349 5908 ianus;
371 5845 529 5900 editio
558 5845 760 5910 Huetii.
786 5846 903 5908 υἱὸς
932 5844 1067 5909 Θεὸς
1098 5844 1128 5900 6
1159 5844 1257 5912 ὢν,
1280 5842 1361 5907 εἰς
1387 5842 1501 5910 τόν,
1532 5855 1637 5903 etc.

1906 5839 1927 5913 ί
1954 5839 2060 5897 ὑπὸ
2092 5844 2224 5905 cois;

443 5939 700 6003 Ρηιιοιι.
733 5941 851 6005 Gn.
889 5939 1065 6004 Χιν.
3087 5927 3132 6008 Ἰ
