3766 6142
354 283 461 340 2θὸ

1835 273 2154 331 ORIGENIS

3472 287 3564 345 τοι

348 401 641 465 exsistens,
670 399 830 455 docet
851 413 951 454 nos
976 398 1245 453 Abraham
1271 397 1598 461 exsultasse,
1630 404 1691 450 ut
1721 394 1904 450 videre

2028 394 2343 459 ἀποστόλοις
2370 394 2664 468 διηγήσατο
2686 414 2699 424 ν
2740 397 2793 451 εί
2814 413 2877 467 γε
2907 396 3037 470 πρὶν
3077 397 3322 470 Ἀϐραὰμ
3345 404 3565 470 γενέσθαι

351 492 491 546 diem
526 491 696 562 ipsius
744 493 1098 563 gavisuinqne
1148 492 1313 546 fuisse
1347 490 1410 544 "'.
1448 488 1586 555 Quin
1616 486 1760 555 quod
1794 486 1871 539 ait
1903 502 1918 538 :

359 602 379 636 ι
431 585 508 639 Ex
554 585 892 653 plenitudine
933 585 1107 655 ipsius
1133 598 1232 639 uos
1263 596 1450 638 omnes
1478 580 1785 650 accepimus
1809 619 1824 644 ,
1867 584 1924 632 et

354 678 585 750 gratiam
612 692 711 748 pro
738 679 913 748 gratia
932 678 998 746 “,
1037 696 1057 730 ι
1096 688 1156 731 ιιι
1187 678 1238 731 iu
1267 673 1636 747 superioribus
1665 671 1921 736 diximus,

354 769 540 843 arguit
572 770 866 841 prophetas
907 771 1073 824 etiam
1124 784 1191 823 ex
1221 768 1424 823 Christi
1458 764 1794 837 plenitudine
1823 762 1921 816 do-

354 878 484 919 num
533 863 777 933 cepisse,
808 863 1147 933 gratiamque
1184 859 1475 915 secundam
1505 870 1602 927 pro
1629 854 1802 925 prima
1828 866 1925 907 eos

351 957 692 1028 snmpsisse:
723 964 1085 1027 pervenerunt
1120 953 1262 1009 enim
1306 961 1361 1006 et
1392 950 1465 1005 illi
1498 964 1529 1019 a
1574 947 1780 1018 Spiritu
1812 959 1926 998 ma-

354 1049 601 1116 nuducti,
633 1060 918 1121 postquam
949 1045 1244 1103 introducti
1281 1044 1527 1107 fuissent,
1567 1051 1730 1112 atque
1765 1053 1939 1095 exer-

352 1143 449 1200 εἰ·ιί
495 1148 547 1201 in
602 1144 823 1214 ﬁguris,
894 1144 960 1198 ad
1011 1141 1256 1197 veritatis
1305 1139 1590 1194 visionem.
1656 1134 1924 1202 Quocirca

353 1252 461 1293 non
489 1250 680 1292 omnes
719 1253 739 1288 ι
776 1235 1052 1305 propheta:
1079 1272 1093 1294 ,
1123 1231 1216 1287 sed
1249 1230 1402 1284 multi
1434 1227 1817 1283 desiderarunt
1845 1224 1927 1278 vi-

352 1328 507 1392 dere,
540 1341 659 1396 quae
696 1343 716 1377 ι
750 1324 981 1396 apostoli
1010 1322 1264 1377 viderunt
1297 1321 1362 1375 ι’.
1390 1319 1525 1375 Nam
1554 1319 1597 1373 si
1635 1317 1917 1388 propheta-

352 1436 473 1478 rum
506 1428 626 1474 erat
653 1416 981 1480 differentia,
1010 1413 1237 1484 perfecti
1267 1423 1321 1468 et
1350 1420 1673 1484 praestantes
1699 1424 1803 1463 non
1830 1410 1927 1463 de-

352 1513 669 1568 siderarunt
695 1509 879 1564 videre
908 1521 1031 1577 quae
1072 1505 1323 1560 viderunt
1366 1501 1639 1573 apostoli;
1672 1501 1927 1554 viderunt

351 1605 495 1660 enim
544 1604 680 1672 ipsa.
732 1600 834 1667 Qui
885 1613 1015 1654 vero
1061 1612 1167 1652 non
1217 1610 1370 1665 aeque
1404 1604 1569 1665 atque
1597 1593 1650 1647 hi
1686 1591 1925 1648 assecuti

351 1703 499 1772 sunt,
538 1705 601 1748 ut
629 1694 696 1749 ad
724 1692 1061 1746 altitudinem
1109 1688 1378 1763 sermonis
1415 1685 1797 1748 ascenderiut,
1828 1698 1923 1753 ap-

350 1764 660 1859 petiverunt
707 1800 770 1841 ea
798 1800 918 1855 qua:
946 1782 1177 1852 apostoli
1212 1758 1309 1850 per
1349 1779 1627 1834 Christum
1656 1791 1929 1847 cognove—
1958 1756 2000 1811 Β

351 1890 500 1936 runt.
559 1878 694 1934 Nam
729 1878 876 1934 .illud
929 1876 1109 1930 videre
1156 1890 1261 1928 non
1314 1871 1671 1940 corporaliter
1721 1871 1925 1925 dictum

352 1977 522 2032 fuisse
548 1970 888 2044 interpretati
918 1984 1107 2025 sumus
1129 2007 1144 2033 ,
1192 1964 1646 2035 quemadmodum
1672 1964 1836 2019 etiam
1863 1962 1928 2017 il-

350 2069 445 2125 lud
497 2068 686 2122 audire
743 2062 1100 2136 spiritualiter
1157 2059 1431 2131 prolatum
1487 2057 1853 2112 intelleximus
1909 2074 1922 2109 :

352 2164 555 2234 quippe
586 2174 708 2217 cum
753 2159 798 2214 is
823 2157 973 2213 solus
1003 2170 1167 2210 aures
1216 2153 1493 2224 possideat
1524 2153 1616 2221 qui
1658 2166 1752 2206 eas
1785 2166 1928 2221 prae-

350 2253 634 2327 paraverit
682 2250 750 2305 ad
790 2246 1118 2303 audiendum
1168 2259 1451 2301 sermones
1477 2242 1604 2298 Jesu
1637 2259 1653 2296 :
1689 2258 1813 2312 quae
1841 2255 1927 2296 res

349 2348 494 2404 haud
522 2349 593 2402 ita
630 2343 946 2414 frequenter
978 2339 1238 2409 obtingit.
1266 2336 1384 2391 Jam
1417 2351 1547 2392 vero
1575 2346 1797 2392 sanctos
1821 2350 1927 2389 cai-

355 2440 491 2497 teris
523 2435 872 2494 credentibus
904 2433 1169 2488 habentes
1214 2430 1336 2499 plus
1376 2429 1651 2500 quidpiam
1678 2469 1695 2494 ,
1730 2428 1926 2482 divini-

353 2530 483 2585 tatis
512 2528 768 2600 mysteria
805 2536 934 2581 ante
979 2524 1320 2595 corporalem
1353 2521 1484 2577 Jesu
1512 2521 1804 2577 adventum
1838 2521 1922 2573 iii-

353 2620 652 2683 tellexisse,
708 2616 802 2672 Dei
853 2615 1122 2671 Sermone
1166 2629 1261 2669 eos
1293 2615 1553 2669 edocente
1582 2613 1745 2668 etiam
1776 2620 1927 2667 ante-

351 2728 514 2782 quam
554 2725 684 2766 caro
715 2711 871 2765 ﬁeret
915 2716 1064 2779 (nam
1091 2720 1309 2776 semper
1350 2713 1608 2775 Operatur
1632 2745 1648 2773 ,
1682 2703 1925 2758 imitator

346 2804 529 2860 Patris
558 2818 679 2859 cum
713 2803 827 2868 sit,
855 2802 922 2857 de
950 2815 1058 2871 quo
1095 2799 1271 2854 dicit:
1308 2816 1327 2850 ι
1363 2798 1528 2854 Pater
1557 2812 1711 2852 meus
1755 2811 1926 2866 usque

351 2895 513 2951 modo
538 2903 800 2964 operatur
824 2893 870 2925 η
904 2892 975 2964 ι),
1010 2892 1362 2949 considerare
1393 2891 1520 2946 licet
1547 2905 1614 2945 ex
1644 2890 1729 2945 his
1762 2889 1925 2944 etiam

348 2988 682 3044 dictionibus
707 3011 728 3053 ,-
777 2986 868 3042 ubi
905 2985 1217 3042 Sadduczeis
1267 3001 1372 3043 non
1407 2983 1759 3041 credentibus
1807 2996 1929 3036 ser-

350 3079 503 3135 moni
560 3079 626 3133 de
681 3077 1085 3133 resurrectione
1138 3076 1312 3147 inquit
1348 3075 1391 3107 ⁸⁷
1428 3092 1443 3130 :
1482 3093 1500 3127 ι
1539 3072 1659 3129 Non
1718 3071 1998 3157 legistisc

351 3172 497 3244 quod
526 3171 669 3228 Deus
701 3171 752 3226 in
781 3170 916 3225 rubo
943 3168 1080 3225 dixit
1112 3184 1126 3223 :
1161 3171 1270 3241 Ego
1299 3185 1418 3226 sum
1449 3167 1592 3223 Deus
1620 3166 1926 3230 Abraham,

350 3267 496 3325 Deus
523 3267 673 3324 Isaac
725 3277 780 3323 et
807 3267 950 3323 Deus
974 3265 1186 3322 Iacob?
1219 3268 1357 3320 Deus
1384 3279 1512 3319 vero
1541 3277 1647 3319 non
1675 3271 1762 3316 est
1784 3273 1930 3314 mor-

353 3372 592 3426 tuorum,
633 3360 726 3417 sed
758 3360 1078 3419 viventium.
1120 3377 1138 3410 i
1178 3358 1236 3413 Si
1267 3357 1432 3427 igitur
1472 3355 1641 3410 Deum
1690 3368 1795 3407 non
1828 3367 1928 3420 pu-

351 3456 444 3511 det
469 3453 709 3510 viroruin
743 3455 934 3508 horum
963 3452 1145 3507 vocari
1179 3451 1372 3515 Deum,
1422 3448 1588 3518 hique
1640 3446 1739 3503 viri
1785 3445 1928 3499 inter

347 3547 599 3603 viventes
636 3562 669 3602 a
696 3545 808 3601 Deo
848 3554 1226 3607 numerantur,
1259 3541 1464 3611 ﬁliique
1491 3538 1770 3594 Abraham
1800 3543 1928 3591 sunt

349 3655 544 3697 omnes
590 3640 874 3696 credentes
903 3636 947 3669 ³⁸
977 3634 1439 3709 (quandoquidem
1487 3631 1542 3686 in
1576 3629 1717 3685 ﬁdeli
1748 3627 1926 3682 Abra-

349 3731 502 3799 ham,
533 3732 626 3801 qui
667 3730 879 3799 positus
906 3738 990 3783 est
1015 3736 1171 3796 pater
1206 3724 1448 3796 gentium
1478 3736 1507 3776 a
1537 3721 1670 3786 Deo,
1701 3717 1928 3774 benedi-

351 3837 555 3883 cuntur
595 3840 786 3880 omnes
814 3832 1004 3896 gentes
1040 3820 1107 3893 ⁸⁸)
1140 3818 1468 3889 ambigimus
1512 3814 1802 3869 admittere
1848 3811 1928 3865 vi-

350 3931 541 3975 ventes
589 3917 881 3973 viventium
931 3914 1220 3987 agnovisse
1274 3910 1634 3981 disciplinas,
1684 3905 1845 3976 idque
1893 3920 1925 3959 a

352 4012 582 4069 Christo
633 4012 852 4065 edoctos
905 4017 1033 4063 ante
1078 4004 1392 4063 Luciferum
1441 4002 1625 4073 genito
1650 4000 1696 4032 ὀ
1725 4039 1741 4066 ,
1775 4005 1929 4053 ante-

353 4119 517 4175 quam
547 4117 679 4158 caro
711 4099 907 4156 ﬁeret?
956 4100 1225 4155 Caeterum
1257 4096 1326 4152 ob
1371 4110 1491 4150 eam
1520 4107 1736 4149 causam
1773 4091 1925 4147 vive-

352 4198 534 4265 bant,
600 4193 760 4267 104
807 4194 1066 4263 quoniam
1130 4188 1534 4262 participabant
1587 4186 1854 4242 dicentem
1910 4201 1924 4237 :

361 4308 385 4344 ι
436 4289 548 4360 Ego
576 4304 695 4344 sum
721 4287 831 4341 vita
858 4286 925 4349 ἰ,
967 4303 986 4336 i
1026 4293 1081 4339 et
1128 4281 1502 4352 pcreipiebant
1528 4277 1926 4349 apparitionem

357 4397 469 4438 non
496 4381 657 4437 modo
683 4377 1025 4451 angelorum,
1057 4375 1150 4431 sed
1185 4373 1350 4428 etiam
1382 4371 1474 4426 Dei
1504 4384 1601 4439 per
1629 4367 1925 4430 Christum,

2026 485 2101 540 ὢν
2127 486 2372 541 διδάσκει
2403 489 2550 559 ἡμᾶς
2582 488 2673 542 τὸν
2715 487 2966 561 Ἀϐραὰμ
2990 489 3366 560 ἡγαλλιᾶσθαι,
3390 495 3470 550 ἵνα
3495 497 3568 573 ἴδῃ

2029 579 2126 651 τὴν
2159 579 2374 652 ἡμέραν
2401 580 2588 642 αὑτοῦ,
2638 582 2733 635 καὶ
2765 582 2823 635 ὲν
2852 584 2998 654 χαρᾷ
3030 583 3330 652 γεγονέναι.
3380 586 3480 641 Καὶ
3514 592 3570 643 τὸ

2033 691 2052 724 ι
2076 674 2171 727 Ἐκ
2199 674 2294 728 τοῦ
2315 672 2685 746 πληρώματος
2700 673 2863 728 αὐτοῦ
2877 678 3037 747 ἡμεῖς
3056 676 3255 741 πάντες
3281 677 3538 750 ἐλάϐομεν,
3550 703 3568 736 ι

2026 766 2121 818 καὶ
2145 765 2227 830 τὸ,
2269 785 2287 817 ι
2318 765 2476 837 χάριν
2502 766 2622 819 ἀντὶ
2650 766 2890 838 χάριτος,
2916 787 2934 818 i
2955 766 3031 831 ὡς
3057 770 3114 821 ὲν
3134 770 3245 832 τοῖς
3275 770 3377 842 πρὸ
3393 772 3572 828 τούτων

2025 859 2355 930 εἰρήκαμεν,
2389 858 2539 931 δηλοῖ
2570 862 2663 914 καὶ
2691 862 2817 925 τοὺς
2846 863 3131 934 προφήτας
3166 861 3273 916 ἀπὸ
3317 862 3406 916 τοῦ
3451 865 3574 937 πλη-

2030 950 2281 1024 ρώματος
2309 952 2546 1024 Χριστοῦ
2581 954 2679 1026 τὴν
2712 953 2920 1027 δωρεὰν
2952 956 3347 1028 κεχωρηκέναι,
3377 958 3466 1011 καὶ
3490 959 3575 1031 τὴν

2025 1047 2280 1118 δευτέραν
2306 1047 2467 1119 χάριν
2495 1048 2614 1101 ἀντὶ
2636 1048 2735 1119 τῆς
2767 1049 3040 1121 προτέρας
3068 1050 3265 1114 αὐτοὺς
3287 1049 3546 1122 εἰληφέναι
3563 1070 3576 1084 ·

2026 1140 2358 1208 ὲφθάκεισαν
2389 1140 2499 1212 γὰρ
2529 1141 2770 1194 κάκεῖνοι
2804 1141 2908 1195 ὑπὸ
2936 1142 3027 1196 τοῦ
3058 1142 3369 1215 Πνεύματος
3417 1162 3582 1217 χειρα-

2027 1230 2364 1303 γωγούμενοι
2395 1273 2409 1298 ,
2463 1232 2601 1303 μετὰ
2642 1232 2739 1304 τὴν
2774 1233 2832 1286 ὲν
2870 1237 2980 1299 τοῖς
3014 1235 3205 1299 τύποις
3253 1237 3543 1307 εἰσαγωγὴν
3569 1277 3584 1301 ,

2028 1324 2121 1377 ἐπὶ
2150 1324 2246 1396 τὴν
2281 1324 2380 1395 τῆς
2431 1325 2688 1398 ἀληθείας
2727 1326 2875 1382 θέαν.
2933 1327 3132 1398 Διόπερ
3171 1327 3232 1380 οὐ
3268 1327 3464 1391 πάντες
3499 1347 3518 1381 ι
3544 1333 3586 1383 οἱ

2027 1416 2323 1489 προφῆται,
2352 1417 2486 1472 ἀλλά
2520 1418 2703 1473 πολλοὶ
2731 1419 3081 1491 ἐπεθύμησαν
3121 1418 3248 1472 ἰδεῖν
3268 1416 3304 1470 ἃ
3337 1438 3353 1470 i
3385 1421 3434 1473 οἱ
3465 1422 3590 1474 ἀπό-

2031 1507 2210 1561 στολοι
2251 1507 2496 1564 ἔϐλεπον.
2549 1510 2613 1563 Εἰ
2646 1511 2755 1583 γὰρ
2801 1506 2869 1583 ἦν
2908 1511 3201 1584 προφητῶν
3242 1514 3504 1585 διαφορὰ,
3548 1518 3591 1568 οἱ

2027 1605 2431 1677 τετελειωμένοι
2463 1605 2556 1683 καῖ
2587 1606 2935 1678 διαφέροντες
2965 1606 3064 1660 ούκ
3096 1607 3447 1680 ἐπεθύμησαν
3480 1610 3595 1665 ἰδεῖν

2026 1694 2063 1750 ἃ
2095 1691 2235 1749 εἶδον
2275 1698 2325 1750 οἱ
2369 1697 2684 1751 ἀπόστολον
2744 1698 3121 1770 τεθεωρήκασι
3170 1700 3280 1771 γὰρ
3332 1702 3488 1756 αὑτά.
3539 1705 3601 1756 Οἱι

2027 1785 2085 1839 δὲ
2118 1786 2191 1858 μὴ
2226 1786 2532 1856 φθάσαντες
2582 1790 2783 1861 ὁμοίως
2815 1790 3023 1854 τούτοις
3068 1793 3150 1854 εἰς
3188 1791 3248 1844 τὸ
3300 1790 3430 1863 ὕψος
3481 1794 3599 1846 ἀνα-

2029 1880 2190 1951 ϐῆναι
2222 1879 2315 1934 τοῦ
2346 1880 2527 1952 λόγου,
2556 1883 2614 1937 έν
2637 1882 2813 1955 ὀρέξει
2841 1885 3095 1953 γεγόνασι
3111 1884 3220 1938 τῶν
3240 1887 3353 1949 τοῖς
3379 1886 3599 1938 ἀποστό-

2027 1971 2140 2036 λοις
2167 1972 2254 2026 διὰ
2285 1974 2521 2046 Χριστοῦ
2552 1975 2931 2047 ἐγνωσμένων.
2974 1976 3048 2029 Τὸ
3104 1976 3212 2047 γὰρ
3262 1975 3414 2029 ἰδεῖν
3445 1978 3597 2045 ἡμεῖς

2026 2065 2086 2118 οὐ
2117 2066 2442 2136 σωματικῶς
2486 2066 2735 2139 εἰρῆσθαι
2780 2066 3165 2140 ὲξειλὴφαμεν,
3206 2069 3301 2122 καὶ
3332 2068 3394 2121 τὸ
3428 2066 3602 2122 ἀκοῦ-

2028 2173 2134 2211 σαι
2176 2158 2561 2229 πνευματικῶς
2587 2159 3061 2231 ἀπαγγελλόμενον
3100 2162 3464 2232 νενοήκαμεν,
3513 2160 3604 2231 iis.

2027 2266 2117 2303 νου
2150 2249 2244 2303 τοῦ
2277 2243 2392 2305 ὦτα
2438 2252 2779 2323 κτησαμένου
2831 2252 3048 2306 ἀκούειν
3092 2252 3605 2325 παρεσκευασμένου

2025 2341 2133 2395 τῶν
2161 2342 2336 2411 λόγων
2367 2342 2460 2397 τοῦ
2487 2343 2658 2415 Ἰησοῦ
2681 2361 2694 2375 ο
2722 2345 2859 2416 ὅπερ
2887 2346 2948 2398 οὐ
2971 2345 3110 2398 πάνυ
3137 2345 3353 2418 ἀθρόως
3382 2346 3603 2415 γίνεται.

2031 2432 2154 2485 Ἔτι
2196 2431 2252 2485 δὲ
2300 2433 2429 2505 περὶ
2483 2433 2576 2486 τοῦ
2614 2433 2742 2498 τοὺς
2775 2436 2881 2505 πρὸ
2926 2435 3028 2506 τῆς
3070 2436 3398 2506 σωματικῆς
3428 2436 3608 2504 ἐπιδη-

2030 2525 2162 2596 μίας
2213 2524 2306 2578 τοῦ
2350 2524 2526 2598 Ἰησοῦ
2575 2527 2764 2595 ἁγίους
2793 2567 2808 2591 ,
2841 2527 3003 2581 πλέον
3032 2545 3085 2581 τι
3112 2528 3221 2581 τῶν
3251 2528 3467 2581 πολλῶν
3505 2528 3607 2583 τῶν

2027 2617 2391 2671 πιστευόντων
2444 2619 2749 2691 ἐσχηκότας
2777 2660 2792 2687 ,
2835 2620 2906 2674 τὰ
2944 2621 3044 2692 τῆς
3087 2621 3366 2692 θειότητος
3408 2622 3609 2693 μυστή-

2031 2729 2120 2783 ρια
2151 2712 2628 2784 κατανενοηκέναι,
2658 2713 2751 2767 τοῦ
2781 2715 2953 2784 Λόγου
2987 2715 3078 2768 τοῦ
3107 2715 3240 2768 Θεοῦ
3268 2716 3611 2781 διδάσκοντος

2027 2804 2243 2869 αὐτοὺς,
2285 2806 2379 2859 καὶ
2419 2807 2548 2877 πρὶν
2587 2806 2810 2879 γένηται
2861 2805 2997 2879 σάρξ
3042 2807 3157 2875 (ἀεὶ
3182 2807 3293 2880 γὰρ
3324 2808 3613 2878 εἰργάζετο

2030 2896 2278 2967 μιμητὴς
2304 2896 2399 2950 τοῦ
2423 2898 2633 2967 Πατρὸς
2661 2897 2757 2963 ὢν,
2795 2899 2924 2970 περὶ
2950 2892 3012 2952 οῦ
3044 2899 3223 2967 λέγει·
3266 2918 3287 2950 ‹
3334 2899 3395 2952 '0
3428 2901 3613 2970 Πατήρ

2031 3004 2132 3058 μου
2202 2988 2306 3053 ἕως
2374 2989 2499 3061 ἄρτι
2551 2989 3135 3063 ὲργάζεται’›),ἔστιν
3187 2993 3616 3062 ἀπολογίσασθαι

2028 3079 2122 3132 καὶ
2171 3079 2278 3133 ἀπὸ
2323 3080 2527 3136 τούτων
2563 3082 2671 3134 τῶν
2715 3080 2937 3145 λέξεων·
2975 3083 3108 3153 φησί
3148 3102 3249 3138 που
3306 3086 3451 3156 πρὸς
3494 3087 3617 3147 τοὺς

2031 3174 2424 3238 Σαδδουκαίους
2465 3174 2827 3241 ἀπιστοῦντας
2863 3176 2941 3247 τῷ
2976 3179 3104 3248 περὶ
3136 3180 3501 3245 ἀναστάσεως
3532 3180 3619 3233 λό-

2029 3283 2111 3337 γῳ
2133 3283 2149 3297 ο
2191 3284 2210 3318 ι
2239 3267 2353 3320 Ούκ
2383 3267 2651 3335 ἀνέγνωτε
2682 3267 2743 3321 τὸ
2773 3269 2936 3339 ῥηθὲν
2983 3271 3076 3323 ἐπὶ
3127 3271 3227 3341 τῆς
3286 3273 3460 3343 βάτου
3518 3272 3619 3325 ὑπὸ

2028 3356 2122 3412 τοῦ
2154 3358 2290 3412 Θεοῦ
2317 3375 2328 3388 ·
2374 3357 2513 3427 Ἐγὼ
2555 3359 2687 3423 Θεὸς
2727 3360 3012 3433 Ἀϐραὰμ,
3064 3364 3159 3417 καὶ
3205 3363 3346 3428 Θεὸς
3393 3364 3619 3429 Ἰσαὰκ,

2030 3453 2126 3505 καὶ
2160 3452 2292 3516 Θεὸς
2336 3450 2568 3516 Ἰακώϐ;
2617 3452 2751 3516 Θεὸς
2799 3453 2855 3506 δὲ
2901 3455 3001 3508 οὐκ
3050 3454 3165 3507 ἔστι
3205 3455 3452 3527 νεκρῶν,
3487 3455 3620 3508 ἀλλὰ

2030 3543 2267 3609 ζώντων.
2296 3563 2314 3596 ι
2359 3546 2422 3598 El
2462 3544 2638 3599 τοίνυν
2669 3545 2697 3596 ὁ
2729 3545 2861 3610 Θεὸς
2906 3547 3006 3599 ούκ
3053 3548 3453 3619 ἐπαισχύνεται
3495 3547 3624 3609 Θεὸς

2027 3635 2137 3689 τῶν
2174 3636 2381 3708 ἀνδρῶν
2420 3636 2622 3690 τούτων
2673 3637 2995 3703 καλεῖσθαι,
3045 3639 3140 3693 καὶ
3193 3642 3253 3693 ὲν
3294 3638 3474 3703 ζῶσιν
3520 3637 3623 3691 ὑπὸ

2028 3727 2267 3799 Χριστοῦ
2299 3727 2762 3801 καταριθμοῦνται
2787 3768 2801 3794 ,
2841 3730 2947 3782 υἱοί
2976 3747 3036 3783 τε
3063 3729 3157 3784 τοῦ
3196 3730 3466 3804 Ἀϐραὰμ
3494 3731 3627 3784 πάν-

2027 3836 2120 3883 τες
2183 3819 2320 3874 είσὶν
2370 3822 2417 3874 οἱ
2473 3819 2819 3884 πιστεύοντες
2867 3821 3017 3891 (ἐπεὶ
3074 3821 3499 3891 ὲνευλογοῦνται
3550 3819 3625 3889 τῷ

2031 3911 2205 3984 πιστῷ
2251 3911 2500 3985 Ἀϐραὰμ
2538 3913 2714 3967 πάντα
2745 3913 2814 3967 τὰ
2847 3913 2996 3986 ἔθνη,
3049 3915 3219 3986 πατρὶ
3268 3916 3389 3968 τῶν
3455 3914 3629 3968 ἐθνῶν

2030 4006 2136 4060 ὑπὸ
2166 4005 2260 4060 τοῦ
2282 4005 2416 4059 Θεοῦ
2445 4005 2760 4077 τεθειμένῳ)
2778 4044 2793 4069 ,
2850 4006 3172 4078 διστάζομεν
3202 4006 3627 4079 παραδέξασθαι

2030 4099 2326 4168 ἐγνωκέναι
2355 4099 2482 4162 τοὺς
2512 4098 2720 4162 ζῶντας
2752 4097 2823 4151 τὰ
2866 4098 2975 4153 τῶν
3013 4097 3232 4165 ζώντων
3267 4101 3588 4171 μαθήματα
3614 4138 3629 4161 ,

2034 4191 2468 4266 μαθητευθέντας
2519 4190 2738 4262 Χριστῷ
2783 4190 3010 4263 τῷεπρὸ
3060 4193 3343 4262 ἑωσφόρον
3393 4209 3631 4260 γεγενη-

2033 4283 2179 4354 μένῳ
2224 4284 2353 4352 πρὶν
2384 4281 2608 4352 γένηται
2648 4280 2818 4354 σάρξ;
2873 4281 2972 4335 Διὰ
3000 4281 3156 4334 τοῦτο
3187 4281 3244 4335 δὲ
3277 4281 3433 4346 ἔζων
3454 4322 3470 4343 ,
3512 4282 3636 4334 ἐπεὶ

2035 4376 2277 4445 μετεῖχον
2313 4372 2408 4426 τοῦ
2447 4373 2725 4438 εἰπόντος,
2779 4390 2798 4423 ι
2849 4370 2990 4441 Ἐγώ
3029 4373 3144 4443 εἰμι
3177 4373 3211 4441 ἠ
3247 4371 3372 4443 ζωὴ
3402 4413 3417 4437 ,
3461 4391 3482 4422 ι
3541 4370 3635 4423 καὶ

358 4484 615 4544 tanquam
644 4479 916 4525 tantarum
954 4462 1374 4537 promissionum
1406 4460 1647 4515 haeredes
1676 4475 1690 4511 :
1724 4466 1779 4512 et
1818 4454 1907 4510 fori

2035 4467 2274 4540 ἐχώρουν
2317 4468 2393 4531 ὡς
2442 4466 2776 4539 τηλικούτων
2832 4464 3155 4537 κληρονόμοι
3232 4463 3635 4534 ἐπαγγελιῶν,

356 4578 499 4621 tasse
520 4564 767 4619 videntes
799 4560 1091 4630 imaginem
1139 4551 1431 4611 invisibilis
1459 4550 1556 4605 Dei
1586 4550 1632 4581 "
1659 4547 1931 4619 (quando-

354 4658 574 4728 quidem
605 4655 700 4726 qui
732 4653 867 4708 vidit
894 4638 1133 4712 Filium,
1167 4646 1306 4702 vidit
1336 4652 1391 4700 et
1438 4643 1654 4698 Patrem
1685 4641 1753 4713 ει)
1801 4657 1928 4698 cum

355 4748 753 4805 intellexissent
783 4747 953 4803 Deum
984 4783 1000 4809 ,
1043 4742 1247 4813 Deique
1296 4754 1578 4797 sermones
1629 4752 1728 4808 pro
1759 4735 1930 4804 ipsius

352 4840 621 4912 dignitate
647 4838 947 4903 audissent,
979 4836 1149 4891 Deum
1180 4835 1379 4891 vidisse
1402 4835 1687 4904 ipsumque
1710 4829 1930 4886 audisse

355 4929 692 4987 scribuntur.
728 4928 982 4982 Arbitror
1023 4942 1155 4991 vero
1198 4941 1299 4997 ego
1335 4940 1432 4982 eos
1460 4924 1553 4995 qui
1598 4920 1838 4994 perfecte
1875 4929 1930 4975 et

355 5023 573 5079 sincere
599 5019 696 5075 ﬁlii
726 5018 1005 5074 Abraham
1037 5018 1388 5084 exstiterint,
1421 5017 1563 5073 ﬁlios
1594 5029 1717 5070 esse
1755 5014 1927 5067 actio-

356 5131 485 5171 num
537 5113 709 5184 ipsius
739 5111 1007 5176 Abrahae,
1048 5125 1168 5180 quae
1198 5110 1577 5181 intelliguntur
1617 5122 1740 5163 esse
1768 5105 1928 5174 spiri-

360 5209 531 5265 tuales
555 5247 571 5274 ,
601 5216 764 5277 atque
793 5206 956 5262 etiam
999 5204 1141 5259 ﬁlios
1175 5218 1298 5260 esse
1339 5204 1582 5259 scientia:
1610 5201 1929 5257 manifesta-

358 5315 427 5359 ιω
462 5302 565 5375 ipsi
603 5299 839 5357 Abrahae
867 5338 884 5364 ,
934 5297 1192 5367 quoniam
1241 5309 1361 5365 quae
1411 5295 1525 5363 ipse
1577 5294 1830 5362 cognovit
1872 5303 1929 5347 et

358 5395 529 5463 fecit,
586 5392 827 5465 ingenita
870 5389 1077 5445 fuerint
1110 5386 1219 5443 illis
1250 5386 1343 5457 qui
1388 5386 1485 5441 ﬁlii
1532 5393 1661 5439 sunt
1692 5384 1927 5455 patriar-

362 5488 496 5554 cha,
531 5482 985 5559 quemadmodum
1011 5483 1170 5537 docet
1202 5480 1467 5536 habentes
1493 5491 1677 5544 aures,
1703 5477 1919 5534 dicens:

2034 4561 2355 4631 ἐπιφάνειαν
2410 4560 2470 4612 οὐ
2528 4560 2686 4630 μόνον
2728 4557 2995 4626 ἀγγέλων,
3049 4556 3184 4610 ἀλλὰ
3222 4557 3324 4610 καὶ
3379 4554 3530 4609 Θεοῦ
3580 4557 3638 4607 ὲν

2032 4648 2252 4722 Χριστῷ
2271 4666 2285 4681 ⁸
2320 4649 2414 4703 καὶ
2448 4649 2587 4719 τάχα
2614 4647 2848 4720 ὁρῶντες
2890 4646 2987 4719 τὴν
3017 4647 3200 4701 είκόνα
3227 4646 3325 4701 τοῦ
3359 4645 3515 4700 Θεοῦ
3546 4644 3640 4698 τοῦ

2035 4744 2266 4815 ἀοράτου
2284 4742 2319 4813 -(
2336 4741 2458 4795 ἐπεὶ
2482 4743 2511 4793 ό
2558 4740 2818 4813 ἑωρακὼς
2852 4740 2945 4794 τὸν
2979 4740 3107 4793 Υἱὸν
3135 4738 3360 4811 ἑώρακε
3391 4740 3493 4793 τὸν
3522 4740 3637 4791 Πα-

2032 4835 2223 4907 τέρα),
2277 4832 2758 4905 ἀναγεγραμμένοι
2812 4832 2917 4886 εἰσί¹
2968 4831 3103 4885 Θεὸν
3146 4831 3493 4902 νενοηκότες
3548 4829 3645 4883 καὶ

2031 4928 2164 4982 Θεοῦ
2189 4926 2362 4996 λόγων
2390 4925 2709 4997 θεοπρεπῶς
2751 4925 3080 4996 ἀκηκοότες,
3114 4924 3444 4997 ἑωρακέναι
3481 4921 3639 4976 Θεὸν.

2033 5020 2125 5072 καὶ
2156 5018 2450 5088 ἀκηκοέναι
2498 5016 2664 5071 αὐτοῦ
2685 5057 2699 5070 .
2748 5016 2889 5086 Ἐγὼ
2922 5016 2968 5070 δ’
2997 5013 3169 5088 οἶμαι,
3200 5017 3281 5069 ὅτι
3314 5017 3373 5068 οἱ
3411 5012 3648 5074 τελείως

2032 5111 2123 5164 καὶ
2155 5110 2395 5182 γνησίως
2443 5111 2547 5163 υἱοὶ
2596 5109 2691 5162 τοῦ
2736 5108 2984 5180 Ἀϐραὰμ
3010 5148 3025 5172 ,
3063 5108 3172 5161 τῶν
3224 5104 3647 5178 πνευματικῶν

2033 5203 2335 5274 νοουμένων
2364 5202 2617 5274 πράξεων
2651 5201 2813 5255 αὐτοῦ
2843 5204 2981 5256 εἰσιν
3006 5202 3146 5265 υἱοὶ,
3186 5201 3280 5254 καὶ
3313 5201 3435 5271 τῆς
3474 5216 3651 5268 φανε-

2037 5295 2300 5367 ρωθείσης
2351 5292 2499 5365 αὐτῷ
2528 5292 2780 5362 γνώσεως
2806 5333 2820 5357 ,
2873 5291 2981 5346 τῶν
3025 5291 3219 5362 ἐκείνῳ
3257 5290 3651 5360 γνωσθέντων

2032 5389 2129 5442 καὶ
2193 5387 2542 5460 πραχθέντων
2599 5383 2961 5458 ὲγγινομένων
3017 5387 3132 5447 τοῖς
3181 5384 3655 5454 χρηματίζουσιν

2033 5482 2168 5544 υἱοῖς
2218 5480 2311 5534 τοῦ
2355 5481 2727 5553 πατριάρχου,
2766 5478 2909 5534 καθὰ
2953 5478 3192 5533 διδάσκει
3227 5479 3365 5542 τοὺς
3407 5478 3655 5549 ἔχοντας

440 5633 484 5666 ⁸³
507 5632 661 5689 loan.
684 5632 910 5701 vni,56.
985 5630 1031 5664 “
1058 5627 1214 5687 Joan.
1251 5644 1291 5694 ι,
1316 5627 1403 5701 16‘.
1420 5696 1446 5701 __
1469 5624 1727 5701 “__Matth.
1758 5639 1880 5701 nil:

2037 5692 2055 5701 Δ
2086 5622 2304 5701 :‘Joan.
2340 5622 2514 5701 v,_l7.
2577 5622 2629 5701 ᾖ
2658 5619 2822 5701 μονα.
2849 5617 3074 5701 111,36.
3126 5616 3401 5701 ⁸ξ”ιξίςιιῐι
3437 5633 3523 5681 iv.

368 5702 409 5771 ’ξ
438 5703 572 5771 Cen.
599 5720 735 5771 xvii,
755 5694 820 5771 4';
856 5719 988 5771 nn,
1017 5703 1117 5770 18;
1154 5715 1300 5765 xxvr,
1330 5700 1383 5766 4,
1416 5696 1481 5763 5;
1518 5695 1674 5752 Rom.
1704 5710 1778 5764 iv,
1807 5694 1895 5750 17.

368 5770 413 5802 ⁸³
437 5770 592 5825 Joan.
615 5775 795 5840 stv,9.

2009 5692 2057 5727 '°
2086 5694 2230 5750 Psal.
2266 5709 2379 5751 cu.
2408 5695 2460 5749 5.

2576 5694 2617 5725 ²¹
2653 5690 2807 5747 Joan.
2842 5704 2949 5753 Xiv,
2984 5688 3041 5742 6.
3126 5689 3170 5719 "
3197 5687 3403 5743 Colos.
3465 5704 3514 5751 ι,
3563 5687 3659 5743 15.
