3766 6142
242 300 331 359 305
1303 301 1658 358 COMMENT.
1692 301 1757 356 IN
1792 299 1981 356 JOAN.
2019 298 2257 356 TOMUS
2294 298 2382 353 Vi.

3338 296 3444 353 206

237 414 357 480 ὦτα,
379 413 582 482 λέγων·
625 434 644 466 ι
684 415 748 468 Εἰ
781 414 946 469 τέκνα
978 414 1071 469 τοῦ
1113 414 1363 488 Ἀϐραὰμ
1394 412 1512 489 ἦτε,
1546 418 1616 472 τὰ
1648 417 1785 490 ἔργα

1953 416 2008 472 Si
2048 417 2140 472 filii
2167 417 2438 471 Abraham
2487 416 2720 481 essetis,
2766 430 2930 485 opera
2976 414 3207 469 Abralia:
3235 411 3447 469 facere-

235 508 315 561 τοῦ
367 505 613 576 Ἀὗραάμ
662 508 915 560 εποιεῖτε.
944 527 963 558 ι
1016 508 1126 561 Καὶ
1169 509 1217 560 εἰ
1249 528 1267 560 ι
1306 509 1466 579 σοφὸς
1497 512 1678 581 νοήσει
1713 512 1780 566 τὰ

236 599 327 656 ἀπὸ
356 597 475 652 ίδίο.)
502 598 791 669 στόματος,
812 602 904 653 ἐπι
929 600 986 653 δὲ
1014 600 1216 671 χείλεσι
1234 601 1451 674 φορέσει
1471 604 1779 675 ὲπιγνωμο-

235 690 405 762 σύνην,
428 708 445 740 ι
475 690 773 758 ἀναγκαῖον
794 691 911 762 ἦτοι
934 691 1223 763 προπετῶς
1253 693 1633 764 ἀποφήνασθαί
1660 712 1781 749 τινα

237 783 347 855 περὶ
379 781 672 854 προφητῶν
691 822 706 846 ,
747 782 823 846 ῶς
855 784 915 837 οὐ
961 783 1138 851 σοφῶν
1169 782 1253 854 (εἰ
1283 784 1359 857 μὴ
1388 787 1672 852 νενοήκασι
1714 786 1797 839 τάν

238 872 329 926 ἀπὸ
353 871 439 925 τοῦ
480 872 612 925 ίδίου
671 870 982 943 στόματος),
1016 872 1048 945 ἥ
1081 873 1141 926 τὸ
1176 872 1420 946 εὔφημον
1450 876 1542 929 καὶ
1587 876 1783 947 ἀληθὲς

238 961 720 1033 παραδεξαμένους,
750 964 830 1016 ὅτι
859 958 999 1033 ¹ἦσαν
1028 963 1078 1017 oi
1112 966 1385 1036 προφῆται
1427 967 1613 1036 σοφοὶ,
1655 969 1783 1038 ὁμο-

238 1055 390 1124 λογεῖν
409 1054 719 1126 νενοηκέναι
745 1055 942 1119 αὐτοὺς
965 1055 1072 1110 ἀπὸ
1102 1057 1231 1110 ἰδίου
1267 1059 1549 1129 στόματος,
1579 1059 1672 1113 καὶ
1693 1059 1785 1114 ἐπὶ

238 1150 335 1211 τοῖς
358 1146 560 1218 χείλεσι
608 1149 979 1220 πεφορηκέναι
1040 1148 1139 1220 τὴν
1169 1152 1617 1224 ἐπιγνωμοσύνην
1637 1169 1651 1184 ·
1691 1153 1785 1206 καὶ

239 1242 400 1314 δῆλον,
447 1243 533 1295 ὅτι
574 1242 778 1312 Μωσῆς
814 1240 963 1314 ἐώρα
1016 1242 1094 1312 τῷ
1141 1242 1221 1296 νοῒ
1266 1243 1365 1315 τὴν
1403 1243 1658 1316 ἀλήθειαν
1690 1244 1782 1298 τοῦ

240 1334 414 1405 νόμου,
467 1335 563 1388 καὶ
612 1334 712 1398 τὰς
769 1336 911 1389 κατά
963 1335 1254 1407 ἀναγωγὴν
1313 1336 1637 1408 ἀλληγορίας
1677 1337 1786 1392 τῶν

238 1426 722 1498 ἀναγεγραμμένων
772 1430 900 1500 παρ’
946 1426 1094 1499 αὐτῷ
1149 1428 1415 1501 ἱστοριῶν.
1485 1430 1687 1501 Ἰησοῦς
1729 1431 1787 1484 δὲ

237 1519 321 1590 τὴν
352 1518 525 1591 ἀληθῆ
570 1519 919 1592 κληροδοσίαν
947 1521 1246 1591 γενομένην
1294 1522 1430 1592 μετά
1460 1522 1558 1594 τὴν
1597 1523 1788 1577 καθαί-

239 1627 366 1683 ρεσιν
398 1612 508 1667 τῶν
542 1613 712 1668 εἴκοσι
746 1613 840 1666 καὶ
867 1614 1024 1667 ἐννέα
1055 1614 1316 1685 βασιλέων
1351 1615 1551 1680 συνίει,
1590 1616 1787 1686 μᾶλλον

237 1705 373 1776 ἡμῶν
400 1706 702 1774 δυνάμενος
737 1708 968 1777 συνορᾷν
998 1707 1160 1761 τίνων
1194 1706 1408 1778 ἀληθῶν
1436 1709 1585 1762 σκιαὶ
1632 1708 1789 1778 ἐτύγ-

233 1808 375 1861 χανον
413 1797 487 1849 τὰ
520 1797 588 1850 δι’
618 1798 779 1851 αὐτοῦ
814 1798 1226 1870 ἐπιτελούμενα.
1273 1799 1441 1870 Δῆλον
1486 1799 1531 1852 δ’
1563 1801 1646 1853 ὅτι
1695 1801 1789 1854 καὶ

241 1888 453 1952 Ἡσαΐας
518 1888 580 1942 τὸ
643 1890 936 1961 μυστήριον
976 1889 1123 1962 ἐώρα
1169 1889 1263 1944 τοῦ
1309 1891 1400 1944 ἐπὶ
1448 1890 1540 1944 τοῦ
1597 1890 1787 1962 θρόνου

232 1978 606 2050 καθεζομένου,
645 1980 738 2034 καὶ
777 1980 885 2034 τῶν
916 1980 1010 2034 δύο
1036 1982 1302 2053 σεραφὶμ,
1338 1981 1565 2035 καὶτῶν
1598 1981 1793 2054 πτερύ-

230 2088 331 2139 γων
361 2072 552 2136 αὐτοῦ,
587 2072 682 2126 τοῦ
724 2090 784 2126 τε
823 2072 1208 2147 θυσιαστηρίου
1252 2076 1347 2128 καὶ
1391 2075 1489 2144 τῆς
1537 2074 1749 2139 λαὸίδος
1773 2114 1788 2138 ,

232 2164 437 2236 καὶτῆς
463 2163 849 2234 ἐπικαλύψεως
894 2163 987 2217 τοῦ
1036 2163 1324 2237 προσώπου
1353 2207 1368 2225 ,
1412 2165 1506 2218 καὶ
1538 2164 1645 2219 τῶν
1698 2182 1794 2218 πο-

230 2255 343 2320 δῶν,
388 2256 686 2328 γινομένης
739 2258 845 2311 ὑπὸ
886 2256 994 2310 τῶν
1036 2257 1296 2330 σεραφίμ.
1345 2258 1603 2329 Ἰεζεκιὴλ
1634 2258 1690 2312 δὲ
1724 2259 1793 2313 τὰ

230 2349 501 2421 χερουόὶμ,
534 2350 628 2402 καὶ
659 2349 756 2422 τὴν
787 2351 1010 2423 πορείαν
1053 2352 1254 2415 αὐτῶν,
1284 2351 1378 2404 καὶ
1410 2351 1471 2405 τὸ
1501 2353 1587 2404 ἐπ’
1615 2351 1793 2406 αὐτῶν

231 2440 535 2512 στερέωμα,
581 2440 677 2494 καὶ
720 2440 830 2495 τῶν
862 2441 1336 2513 ὲπικαθεξομένων
1378 2441 1456 2513 τῷ
1490 2442 1685 2515 θρόνῳ,
1719 2437 1795 2499 ὧν

230 2531 276 2582 τί
299 2531 361 2584 ἂν
392 2531 475 2603 εἴη
521 2530 860 2603 ἐνδοξότερον
899 2532 995 2586 καὶ
1029 2532 1393 2605 ὑψηλότερον;
1440 2534 1548 2587 Καὶ
1586 2533 1675 2588 ἵνα
1720 2534 1795 2606 μὴ

229 2622 379 2677 καθὲν
410 2623 591 2693 λέγων
642 2624 735 2678 ἐπὶ
783 2623 915 2677 πολὺ
947 2624 1174 2697 μηκύνω
1210 2625 1302 2679 τὸν
1331 2625 1507 2695 λόγον,
1541 2626 1798 2699 βουλόμε-

229 2732 308 2778 νος
343 2716 773 2781 κατασκευάἶειν
813 2718 914 2771 οὐκ
935 2717 1154 2771 ἔλαττον
1196 2718 1306 2773 τῶν
1335 2722 1449 2784 τοῖς
1481 2720 1796 2784 ἀποστόλοις

227 2807 325 2862 ἀπὺ
356 2810 602 2881 Χριστοῦ
640 2812 1133 2882 ἀποκαλυφθέντων
1167 2814 1463 2883 ἐγνωκέναι
1490 2816 1615 2880 τοὺς
1642 2833 1797 2869 τετεο

228 2898 543 2972 λειωμένους
577 2904 637 2955 ὲν
665 2905 783 2966 ταῖς
808 2904 1101 2976 προτέραις
1131 2908 1365 2973 γενεαῖς,
1385 2907 1795 2962 ἀποκαλύπτον-

225 3011 307 3058 τος
342 2994 528 3060 αὐτοῖς
560 2994 658 3049 τοῦ
701 2997 795 3049 καὶ
837 2996 963 3061 τοὺς
1012 2999 1340 3062 ἀποστόλους
1375 2998 1683 3066 διδάξαντος
1728 3001 1797 3055 τὰ

226 3085 501 3180 ἀπόρρητα
552 3087 657 3180 τῆς
708 3087 1017 3153 θεοσεϐείας
1046 3092 1341 3162 μυστήρια,
1378 3090 1456 3144 ἔτι
1505 3091 1614 3163 (74)
1641 3091 1798 3160 ὀλίγα
1824 3122 1867 3180 c

226 3177 470 3249 προσθεὶς
519 3178 732 3251 κρίνειν
771 3181 884 3244 τοῖς
937 3180 1323 3252 ἐντυγχάνουσι
1372 3182 1675 3253 καταλείψω
1708 3186 1798 3239 καὶ

223 3269 250 3322 ὃ
297 3269 578 3339 βούλονται
620 3271 750 3341 περὶ
782 3269 986 3325 τούτων
1017 3273 1261 3325 σκοπεῖν.
1308 3273 1446 3343 Φησὶ
1480 3271 1587 3346 γὰρ
1636 3276 1694 3328 ὲν
1730 3278 1796 3347 τῇ

226 3362 352 3433 πρὸς
395 3363 524 3427 τοὺς
592 3363 896 3435 Ῥωμαίους
915 3362 1195 3435 Ἐπιστολῇ
1241 3365 1269 3417 ὁ
1302 3364 1531 3429 Παῦλος·
1572 3385 1591 3417 ι
1615 3365 1704 3437 Τῷ
1741 3365 1800 3421 δὲ

222 3453 495 3526 δυναμένῳ
528 3456 682 3525 ὑμᾶς
726 3455 974 3528 στηρίξαι
1016 3455 1157 3509 κατά
1182 3457 1242 3509 τὸ
1272 3457 1604 3527 Εὑαγγέλιόν
1658 3477 1757 3530 μου
1780 3502 1796 3527 ,

222 3547 354 3602 κατά
377 3548 730 3619 ἀποκάλυψιν
765 3549 1088 3621 μυστηρίου,
1132 3549 1340 3623 χρόνοις
1380 3551 1618 3616 αἰωνίοις
1656 3569 1800 3606 σεσι-

222 3640 476 3711 γημένου,
511 3641 927 3714 φανερωθέντος
962 3642 1018 3694 δὲ
1050 3643 1143 3698 νῦν
1186 3643 1275 3697 διά
1308 3660 1367 3697 τε
1393 3644 1617 3717 γραφῶν
1670 3662 1802 3717 προ-

220 3734 492 3803 φητικῶν,
544 3734 648 3787 καὶ
693 3735 792 3806 τῆς
847 3734 1169 3804 ἐπιφανείας
1226 3734 1320 3788 τοῦ
1382 3736 1589 3808 Κυρίου
1645 3737 1799 3808 ἡμῶν

231 3823 398 3895 Ἰησοῦ
432 3825 702 3898 Χριστοῦ.
731 3845 749 3877 ι
797 3827 859 3879 Εἰ
902 3826 1009 3898 γὰρ
1054 3826 1141 3881 διὰ
1176 3826 1401 3898 γραφῶν
1450 3828 1801 3899 προφητικῶν

218 3913 275 3967 τὺ
306 3916 473 3970 παλαι
510 3918 925 3989 σεσιωπημένον
960 3921 1256 3991 μυστήριον
1282 3919 1665 3991 πεφανέρωται
1690 3923 1801 3986 τοῖς

221 4007 572 4075 ἀποστόλοις,
616 4010 714 4064 καὶ
748 4011 797 4062 οἰ
833 4012 1108 4083 προφῆται
1155 4012 1338 4066 ὲνόουν
1381 4014 1452 4066 τὰ
1504 4014 1613 4067 ἀπὸ
1669 4014 1800 4067 ἰδίου

222 4102 480 4173 στόματος
500 4144 517 4168 ,
555 4104 658 4157 ἆτε
703 4103 855 4168 ὄντες
902 4105 1078 4175 σοφοὶ,
1122 4105 1193 4159 τά
1231 4108 1663 4179 πεφανερωμένα
1689 4109 1802 4171 τοῖς

220 4193 539 4261 ἀποστόλοις
577 4197 631 4249 0i.
692 4198 967 4269 προφῆται
1023 4198 1242 4268 ᾔδεσαν.
1301 4200 1451 4252 Ἐπεὶ
1489 4199 1546 4254 δὲ
1591 4200 1802 4266 πολλοῖς

219 4288 315 4343 οὐκ
361 4290 790 4344 ἀπεκαλύπτετο
827 4289 961 4361 (75),
1004 4289 1094 4344 διὰ
1130 4290 1289 4344 τοῦτό
1317 4308 1479 4362 φησιν
1513 4293 1541 4345 ὁ
1571 4291 1800 4356 Παῦλοςο

224 4401 242 4434 ι
276 4384 525 4457 Ἐτέραις
552 4386 771 4453 γενεαῖς
792 4384 892 4437 οὐκ
916 4383 1223 4455 ἐγνωρίσθη
1250 4385 1360 4447 τοῖς
1387 4384 1522 4446 υίοῖς
1558 4385 1666 4438 τῶν
1707 4386 1803 4438 ἀν-

1883 512 1951 566 tis
1983 512 2050 566 ".
2091 529 2110 562 ι
2137 512 2287 579 Quod
2319 513 2364 567 si
2389 529 2407 561 ι
2449 513 2665 581 sapiens
2690 509 2949 580 intelliget
2987 524 3105 577 qua:
3137 525 3201 563 ex
3228 509 3447 578 proprio

1886 617 1981 656 ore
2009 603 2314 672 protulerit,
2351 603 2406 657 in
2440 602 2596 657 labiis
2625 616 2755 656 vero
2785 603 3023 671 portabit
3051 601 3214 654 animi
3242 600 3441 654 cando-

1883 709 1997 748 rem
2025 694 2110 747 ":
2147 712 2165 745 ι
2220 694 2305 747 vel
2348 692 2661 749 necessario
2710 693 2954 761 quaedam
3005 691 3072 746 de
3123 691 3405 761 prophetis
3431 729 3447 751 ,

1885 794 2136 855 tanquam
2185 799 2290 838 non
2346 784 2681 854 sapientibus
2732 782 2814 855 (ut
2861 787 2950 851 qui
3004 797 3109 836 non
3158 782 3459 837 intellexes

1884 878 1998 931 rint
2037 875 2257 945 proprio
2283 889 2378 929 ore
2412 873 2689 945 prolata),
2721 873 3120 929 inconsiderate
3165 872 3452 927 enuntian—

1883 973 1948 1027 da
1978 981 2158 1035 erunt,
2201 972 2284 1023 vel
2315 971 2459 1040 quod
2491 970 2712 1024 celebre
2738 978 2823 1024 est
2850 979 2906 1023 et
2940 983 3124 1023 verum
3161 969 3457 1025 admitten-

1885 1072 1967 1118 tes
2014 1062 2229 1133 (nempe
2276 1061 2567 1130 prophetas
2615 1059 2892 1129 sapientes
2940 1059 3125 1126 esse),
3172 1059 3450 1116 fatendum

1884 1156 2012 1221 erit,
2041 1169 2161 1223 qua:
2193 1154 2413 1224 proprio
2441 1167 2536 1208 ore
2562 1152 2884 1224 protulerint
2909 1193 2923 1215 ,
2959 1169 3053 1208 eos
3087 1152 3449 1220 intellexisse,

1886 1249 2054 1319 inque
2083 1246 2243 1303 labiis
2278 1258 2521 1316 gestasse
2553 1245 2718 1299 animi
2767 1247 3103 1312 candorem;
3140 1257 3196 1302 et
3238 1247 3450 1316 perspi-

1887 1356 2049 1397 cuum
2077 1349 2161 1395 est
2189 1339 2372 1394 Mosen
2406 1338 2600 1393 mentis
2648 1337 2765 1393 acie
2807 1338 2940 1408 legis
2972 1338 3251 1394 veritatem
3284 1339 3455 1395 histo-

1888 1432 2199 1501 riarumque
2232 1429 2371 1499 apud
2406 1445 2463 1485 se
2504 1429 2825 1499 scriptarum
2866 1429 3150 1501 allegorias
3176 1431 3327 1499 juxta
3356 1445 3456 1485 an-

1890 1537 2093 1593 agogen
2123 1523 2342 1579 vidisse.
2374 1520 2487 1576 Imo
2510 1520 2665 1577 Jesns
2694 1537 2876 1575 veram
2904 1522 3339 1578 distributionem
3375 1523 3455 1577 fa-

1888 1627 2029 1669 ctam
2059 1625 2177 1684 post
2208 1615 2634 1670 destructionem
2665 1631 2875 1671 novem.
2892 1626 2946 1669 et
2976 1616 3164 1682 viginti
3201 1632 3381 1686 regum
3406 1615 3455 1650 ³⁸

1892 1707 2183 1776 intelligit,
2220 1722 2344 1762 cum
2374 1707 2546 1777 magis
2583 1723 2742 1776 quant
2793 1723 2893 1762 nos
2922 1709 3238 1778 conspicere
3271 1717 3457 1776 posset

1822 1779 1865 1834 Β
1891 1798 2326 1867 quasveritates
2360 1798 2746 1853 adumbrarent
2780 1814 2866 1852 res
2912 1814 2941 1852 a
2991 1814 3049 1853 se
3093 1810 3277 1866 gestm.
3314 1799 3454 1865 Quin

1891 1888 2234 1961 perspicuum
2274 1891 2436 1945 etiam
2478 1897 2562 1944 est
2592 1888 2783 1943 Isaiam
2811 1929 2827 1953 ,
2860 1890 3178 1960 mysterium
3213 1889 3456 1945 sedentis

1854 2035 1859 2041 .
1892 1983 1945 2037 in
1975 1984 2195 2047 throno,
2243 1992 2298 2036 et
2332 1984 2559 2037 duorum
2594 1983 2889 2053 seraphitn,
2910 1992 2966 2041 et
2998 1984 3227 2049 alarum,
3264 1984 3462 2052 ipsius-

1893 2088 2002 2142 que
2058 2073 2282 2140 altaris,
2315 2084 2368 2128 et
2396 2074 2621 2143 forcipis
2648 2115 2663 2139 ,
2710 2083 2764 2129 et
2794 2077 3115 2143 operimenti
3149 2076 3308 2132 faciei
3341 2118 3355 2139 ,
3380 2084 3463 2131 ιρι

1894 2171 2108 2239 pedum,
2137 2167 2279 2238 quod
2316 2166 2591 2221 faciebant
2646 2167 2943 2236 seraphim,
2992 2169 3193 2224 vidisse
3223 2170 3289 2224 ’⁷.
3326 2170 3463 2224 Rur-

1893 2274 1987 2315 sus
2038 2258 2287 2313 Ezechiel
2343 2258 2660 2323 cherubim,
2714 2267 2770 2313 et
2814 2259 3050 2327 ipsorum
3101 2260 3225 2328 iter,
3267 2269 3322 2314 et
3365 2260 3463 2313 lir-

1894 2363 2228 2408 mamentum
2277 2365 2439 2420 super
2466 2351 2629 2418 ipsos,
2672 2359 2727 2404 et
2750 2350 3030 2406 sedentem
3066 2350 3118 2404 in
3152 2354 3351 2406 throno
3377 2352 3462 2405 vi-

1895 2445 1974 2500 dit
1999 2442 2069 2511 ",
2118 2445 2315 2514 quibus
2343 2444 2471 2514 quid
2502 2442 2790 2513 gloriosius
2821 2442 3256 2512 sublimiusque?
3304 2443 3369 2498 Et
3398 2457 3465 2498 ne

1896 2535 2205 2607 singulatim
2239 2549 2568 2606 prosequens
2597 2576 2611 2601 ,
2645 2535 2697 2588 in
2746 2535 2964 2605 longum
2989 2536 3308 2605 protendam
3341 2551 3462 2592 ser-

1897 2644 2111 2685 monem
2140 2669 2155 2694 ,
2190 2629 2374 2684 volens
2402 2630 2689 2685 ostendere
2733 2628 2882 2683 viros
2910 2627 3182 2698 perfectos
3215 2629 3269 2682 in
3299 2642 3464 2699 snpe—

1897 2721 2135 2776 rioribus
2181 2722 2433 2777 aetatibus
2477 2736 2583 2777 non
2613 2720 2794 2774 minus
2819 2719 3143 2789 cognovisse
3178 2735 3342 2789 quam
3369 2719 3464 2791 qui

1897 2830 1928 2868 a
1959 2813 2178 2869 Christo
2211 2814 2598 2869 revelationem
2629 2812 2964 2877 habuerunt,
2996 2813 3195 2883 quippe
3229 2825 3352 2865 cum
3382 2810 3467 2866 his

1899 2906 1987 2961 ille
2022 2907 2184 2967 idem,
2226 2906 2319 2973 qui
2361 2904 2635 2975 apostolos
2664 2904 2890 2969 docuit,
2922 2902 3101 2958 cultus
3130 2902 3222 2958 Dei
3258 2914 3464 2972 mystes

1901 2999 1979 3054 ria
2006 2998 2324 3056 abscondita
2365 2976 2653 3060 retexerit,
2675 2998 2852 3051 adhuc
2896 2996 3085 3067 paucis
3130 2994 3330 3052 additis
3371 2995 3463 3065 ju-

1901 3090 2190 3147 dicandum
2219 3090 2524 3160 legentibus
2566 3089 2876 3158 relinquam
2908 3096 2965 3142 et
3010 3087 3468 3144 considerandum

1900 3187 1969 3242 de
1998 3186 2148 3242 hisce
2171 3185 2333 3240 rebus
2355 3182 2625 3253 quidquid
2654 3182 2865 3237 volunt.
2897 3181 3031 3237 Nam
3069 3182 3245 3253 inquit
3271 3183 3323 3238 in
3358 3181 3469 3238 Bo-

1900 3295 2184 3336 manorum
2222 3277 2425 3334 Paulus
2461 3275 2700 3347 Epistula
2731 3278 2819 3334 ηε
2858 3296 2879 3329 ι
2918 3277 2981 3332 Ei
3015 3286 3220 3344 autem,
3258 3279 3347 3349 qui
3372 3294 3468 3348 po-

1902 3382 2008 3429 test
2065 3388 2166 3429 nos
2225 3372 2445 3426 ﬁrmare
2496 3369 2794 3426 secundum
2848 3369 3202 3439 Evangelium
3254 3386 3465 3437 meum,

1897 3465 2049 3537 juxta
2120 3464 2505 3520 revelationem
2574 3461 2819 3533 mysterii
2853 3501 2870 3527 ,
2929 3463 3074 3532 quod
3134 3464 3469 3534 temporibus

1901 3560 2248 3629 sempiternis
2273 3566 2359 3613 est
2391 3557 2638 3620 tacitum,
2672 3555 3080 3610 manifestatum
3103 3567 3279 3611 autem
3307 3554 3463 3626 105

1901 3665 2044 3706 nunc
2081 3665 2179 3719 per
2219 3650 2519 3719 scripturas
2563 3646 2929 3716 propheticas,
2964 3655 3019 3701 et
3047 3661 3145 3716 per
3168 3648 3466 3717 apparitio-

1901 3755 2024 3795 nem
2057 3741 2269 3795 Domini
2296 3739 2463 3795 nostri
2492 3737 2618 3793 Jesu
2651 3736 2874 3792 Christi.
2916 3757 2936 3790 ι
2979 3737 3037 3793 Si
3069 3738 3214 3793 enim
3255 3750 3472 3810 aposto—

1901 3832 1970 3888 lis
2019 3831 2428 3887 manifestatum
2481 3838 2566 3884 est
2624 3829 2948 3900 mysterium
3009 3843 3106 3897 per
3168 3830 3472 3898 scripturas

1902 3927 2248 3997 propheticas
2268 3964 2283 3988 ,
2336 3923 2463 3977 olim
2494 3922 2718 3975 tacitum
2746 3960 2762 3984 ,
2792 3933 2847 3975 et
2881 3921 3155 3990 prophette
3207 3922 3474 3993 intellige-

1904 4021 2037 4075 bant
2084 4032 2204 4088 qua:
2235 4016 2457 4085 prOprio
2486 4029 2582 4069 ore
2613 4014 3006 4085 proferebant,
3040 4015 3166 4082 quia
3200 4018 3474 4085 sapientes

1903 4119 2086 4166 essent
2111 4150 2127 4174 ,
2161 4111 2408 4179 profecto
2435 4124 2558 4179 qua:
2588 4107 2850 4177 apostolis
2895 4107 3244 4163 manifestata
3276 4109 3429 4164 fuere
3455 4149 3471 4172 ,

1901 4202 2066 4256 etiam
2098 4202 2373 4271 pmpheta:
2421 4199 2822 4254 intellexerunt.
2851 4196 3121 4265 Quoniam
3151 4213 3288 4254 vero
3328 4200 3468 4254 mul-

1907 4298 1979 4350 tis
2027 4304 2083 4349 et
2127 4294 2446 4365 vulgaribus
2498 4293 2795 4347 revelatum
2838 4307 2948 4345 non
2998 4291 3195 4358 fuerat,
3231 4292 3302 4348 ob
3353 4308 3477 4348 eam

1907 4402 2126 4444 causam
2163 4387 2338 4456 inquit
2368 4385 2568 4440 Paulus
2592 4386 2638 4418 ³ο
2671 4403 2685 4440 :
2732 4403 2751 4436 ι
2788 4385 2926 4440 Aliis
2959 4385 3211 4440 aetatibus
3258 4400 3365 4440 non
3393 4386 3481 4438 in-

217 4473 446 4549 θρώταυν
466 4519 481 4543 ,
515 4479 596 4542 ὡς
627 4477 725 4532 νῦν
752 4475 1112 4548 ἀπεκαλύφθη
1146 4479 1259 4540 τοῖς
1289 4476 1462 4547 ἁγίοις
1486 4476 1787 4541 ἀποστόλοις

1916 4483 2083 4536 notuit
2120 4479 2246 4534 filiis
2291 4480 2569 4533 hominum
2598 4517 2617 4543 ,
2662 4478 3116 4546 quemadmodum
3147 4493 3290 4533 nunc
3325 4493 3478 4533 reve-

217 4572 377 4626 αὐτοῦ
402 4613 417 4638 ,
452 4573 555 4626 καὶ
606 4570 915 4642 προφήταις
946 4569 1003 4622 ὲν
1036 4569 1338 4640 Πνεύματι,
1374 4566 1514 4623 εἷναι
1559 4569 1629 4625 τὰ
1673 4568 1799 4640 ἔθνη

216 4666 666 4739 συγκληρονόμα,
697 4665 791 4718 καλ¹
826 4664 1105 4734 σύσσωμα,
1138 4681 1157 4714 ι
1193 4663 1330 4734 Ὅρα
1356 4661 1412 4714 δὲ
1440 4663 1489 4713 εί
1516 4661 1609 4715 καὶ
1631 4660 1804 4725 οὕτως

214 4752 321 4812 οἷον
351 4756 976 4828 ἀνθυπενεχθησομένην
1004 4755 1115 4828 (76)
1143 4753 1527 4826 ἀνθυποφοράν
1557 4752 1663 4806 ὑπὸ
1690 4753 1799 4806 τῶν

218 4850 289 4921 μὴ
318 4850 792 4922 παραδεχομένων
819 4849 910 4902 τὸν
938 4848 1115 4918 λόγον,
1163 4849 1261 4920 τὴν
1294 4847 1437 4914 λέξιν
1464 4846 1669 4918 ταύτην
1705 4844 1800 4899 οὖ-

213 4959 315 5007 τως
347 4943 610 4997 ἐκλαϐεῖν
646 4941 706 4995 τὸ
753 4941 1349 5010 ἀποκαλυπτόμενον,
1398 4940 1607 5011 μήποτε
1640 4938 1801 5009 διχῶς

214 5035 356 5091 ἔστιν
383 5036 518 5090 ἰδεῖν
548 5034 1154 5104 ἀποκαλυπτόμενοίιν
1198 5031 1320 5087 καθ’
1343 5032 1439 5085 ἕνα
1478 5031 1577 5103 μὲν
1602 5031 1801 5102 τρόπον

213 5131 298 5184 ὅτε
329 5135 563 5193 νοεῖται,
600 5129 722 5183 καθ’
755 5128 943 5201 ἕτερον
978 5128 1035 5180 δὲ
1062 5126 1158 5180 ἐὰν
1257 5125 1416 5179 τοῦτο
1458 5124 1796 5196 προφητευό-

216 5241 370 5293 μενον
390 5265 406 5288 ,
440 5224 593 5279 ὥστε
645 5223 741 5276 καὶ
782 5219 1136 5298 πληρωθῆναι
1169 5218 1301 5273 αὑτό
1321 5237 1334 5251 υ
1367 5217 1488 5270 τότε
1514 5215 1621 5288 γὰρ
1660 5216 1795 5269 ἀποο

283 5364 328 5395 ’δ
347 5362 512 5420 luan.
532 5378 655 5425 vni,
674 5362 761 5417 39.
834 5363 881 5393 ’⁵
906 5361 1067 5415 Prov.
1085 5376 1198 5424 ττι,
1218 5358 1307 5414 95.

217 5450 325 5497 im,
357 5451 503 5490 vers.
537 5434 638 5498 25,
662 5432 748 5488 26.
831 5432 877 5465 '°
908 5430 1105 5503 Ephes.
1135 5446 1214 5493 nt,
1238 5429 1294 5494 5,
1324 5428 1378 5484 6.

309 5560 398 5630 Ἠ)
425 5564 585 5617 Ἔτι.
618 5557 695 5612 ita
719 5558 884 5615 codex
906 5556 1264 5625 Bodleianns;
1290 5555 1490 5627 Regius
1511 5564 1568 5614 et
1595 5553 1795 5611 Barbe-

223 5630 388 5689 riuus.
420 5634 528 5694 ὅτι,
563 5630 724 5684 male.

292 5702 404 5770 (75)
436 5705 563 5757 οὐκ
593 5701 1064 5756 dae-mutuarum
1092 5698 1185 5770 Sic
1205 5699 1362 5770 codd.
1391 5697 1721 5755 Bodleianus
1741 5703 1797 5753 et

228 5770 586 5838 Barberittus;
626 5770 842 5843 Regius,
869 5773 932 5825 οὐ
964 5769 1425 5826 κατεκαλύπτετο.

1383 5357 1430 5391 ³⁸
1449 5355 1563 5415 .los.
1583 5371 1681 5420 xu,
1705 5365 1758 5411 et
1778 5367 1894 5424 seq.
1975 5357 2018 5389 "'
2041 5355 2165 5412 lsai.
2193 5373 2270 5423 vr,
2297 5356 2346 5425 l,
2369 5356 2426 5424 2,
2445 5355 2498 5410 6.
2572 5355 2617 5388 ³⁸
2638 5355 2837 5411 Ezecb.
2867 5369 2908 5421 ι,
2933 5354 2969 5409 4
2997 5363 3054 5409 et
3081 5369 3199 5424 seq.

1900 4573 2070 4628 latum
2107 4582 2188 4628 est
2233 4572 2441 4626 sanctis
2474 4571 2732 4641 apostolis
2760 4570 2880 4640 ejus
2905 4609 2920 4636 ,
2955 4581 3008 4625 et
3039 4571 3324 4640 pr0plietis
3379 4587 3478 4642 per

1903 4667 2168 4737 Spiritum
2200 4705 2216 4731 ,
2261 4675 2322 4720 ut
2362 4664 2471 4719 sint
2519 4673 2709 4735 gentes
2763 4664 3076 4718 cohzeredcs
3101 4705 3116 4730 ,
3151 4675 3206 4718 et
3236 4665 3475 4734 ejusdem

1904 4758 2171 4829 corporis.
2232 4775 2252 4810 ι
2297 4755 2426 4811 Vide
2466 4770 2597 4810 vero
2637 4770 2708 4810 an
2767 4756 2931 4809 etiam
2984 4754 3056 4809 ob
3087 4755 3474 4826 objectionem,

1901 4865 2064 4921 quam
2096 4846 2333 4917 objicere
2362 4854 2583 4917 possent
2620 4846 2674 4901 hi
2706 4845 2797 4916 qui
2832 4861 2938 4899 non
2974 4847 3268 4902 admittunt
3301 4851 3474 4903 ratio-

1910 4958 2032 4999 nem
2056 4950 2324 5007 nostram,
2354 4942 2435 4995 sic
2470 4938 2820 5010 interpretari
2853 4940 3126 5010 possimus
3152 4942 3474 4997 vocabulum

1905 5034 2212 5100 ret-elatum,
2254 5047 2450 5102 nempe
2498 5041 2559 5088 ut
2603 5032 2816 5088 duobus
2860 5033 3039 5088 modis
3074 5033 3333 5089 dicatur:
3371 5052 3479 5089 uno

1902 5126 2117 5196 quidem
2163 5126 2346 5191 modo,
2380 5124 2601 5196 quando
2630 5124 2683 5180 id
2711 5124 2854 5193 quod
2906 5123 3184 5180 revelatur
3213 5126 3477 5196 intelligi-

1901 5226 2008 5284 tur,
2042 5217 2218 5275 altero
2264 5233 2394 5273 vero
2416 5258 2433 5285 ,
2480 5218 2698 5289 quando
2729 5217 2895 5273 fuerit
2927 5216 3135 5288 aliquid
3189 5219 3481 5289 propheta-

3271 5355 3316 5387 ”
3339 5354 3474 5425 Cap.

1979 5552 2089 5626 (76)
2124 5556 2191 5608 Ei
2231 5552 2330 5608 ml
2360 5553 2569 5626 οὕτως
2596 5549 2726 5610 οἷον
2765 5549 3477 5626 ἀνθυπενεχρησομένηξ,

1905 5620 2013 5695 etc.
2040 5620 2213 5695 Locus
2248 5626 2465 5695 videtur
2514 5620 2753 5695 hiulcus.
2778 5620 3087 5695 Legendntn
3114 5620 3349 5677 fortasse
3380 5643 3391 5674 :
3415 5623 3480 5675 Εἰ

1903 5693 2076 5759 οὕτως
2109 5694 2176 5750 δι’
2203 5693 2833 5767 ἀνθυπενεχθησομένην,
2863 5693 2975 5750 τω.
