3766 6142
274 299 397 355 ἳθτ
778 306 785 315 ‘
1756 288 1861 346 OB]

2040 287 2079 343 S
2397 300 2400 306 λ
3440 286 3541 341 sus

292 429 431 484 tum,
462 414 605 489 quod
635 413 878 469 futurum
910 412 984 468 sit
1014 419 1069 466 et
1105 409 1488 482 complendum
1532 428 1545 465 :
1578 418 1690 465 tum
1718 409 1861 465 enim

2037 405 2324 471 ςλύπτεται,
2348 406 2437 460 ὅτε
2462 405 2788 460 ἐπιτελεῖται
2825 405 3219 478 πληρούμενον.
3259 406 3334 460 Τὸ
3365 378 3542 461 τοίνυν

292 511 607 574 revelatur,
659 508 876 579 quando
943 523 1034 564 res
1088 507 1308 577 impleta
1355 504 1656 576 perficitur.
1709 502 1861 569 Quod

2037 499 2090 553 τὰ
2114 499 2240 571 ἔθνη
2266 498 2469 570 συγκλη
2480 498 2701 572 ρονόμα,
2727 499 2824 553 καὶ
2854 499 3140 570 σύσσωμα,
3176 501 3272 554 καὶ
3305 499 3546 571 συμμέτ-

289 606 458 674 igitur
503 620 525 656 ι
583 611 775 673 gentes
815 619 834 653 ι
873 599 998 673 [per
1048 596 1356 669 Christum]
1407 597 1516 652 sint
1550 616 1569 648 ι
1619 595 1861 651 coluere-

2037 609 2066 645 α
2099 587 2237 645 εἶναι
2274 591 2374 662 τῆς
2410 591 2745 661 ἐπαγγελίας
2773 593 2832 646 ἐν
2866 590 3107 663 Χριστῷ,
3136 610 3155 644 ι
3182 593 3305 646 ὅσον
3337 593 3433 663 μὲν
3454 591 3545 646 ἐπὶ

289 697 409 763 des,
461 704 520 750 et
554 695 799 765 ejusdem
849 692 1126 761 corporis,
1181 699 1236 746 et
1285 687 1703 759 comparticipes
1735 700 1861 756 pro-

2068 683 2303 755 γνώσει,
2329 683 2424 737 τοῦ
2457 683 2675 738 ἔσεσθαι
2712 684 2781 738 τά
2818 684 2943 758 έθνη
2984 686 3421 758 συγκληρονόμα,
3454 686 3545 740 καὶ

289 786 572 843 missionis
612 785 665 839 in
709 783 950 846 Christo,
988 801 1006 833 ι
1037 789 1300 851 quantum
1332 779 1548 848 quidem
1575 778 1768 831 attinet
1796 776 1861 831 ad

2039 794 2253 848 σσωμα,
2286 776 2382 830 καὶ
2420 776 2758 848 συμμέτοχα,
2786 776 2880 832 καὶ
2903 778 3030 831 πότε
3064 779 3305 843 ἔσεσθαι,
3338 780 3434 831 καὶ
3460 776 3547 832 διὰ

292 878 678 949 cognitionem,
715 886 774 930 ut
803 886 991 947 gentes
1027 875 1222 929 futurae
1250 874 1361 927 sint
1403 870 1716 926 cohaeredes
1739 909 1755 935 ,
1794 876 1860 924 et

292 970 538 1043 ejusdem
569 970 835 1038 corporis,
864 978 918 1023 et
949 964 1374 1037 comparticipes
1394 1004 1410 1031 ,
1444 973 1499 1018 et
1525 963 1743 1032 quando
1771 976 1867 1016 co-

293 1064 540 1120 heredes
569 1072 726 1117 erant
758 1060 956 1115 futurae
982 1100 997 1125 ,
1033 1068 1087 1112 et
1111 1073 1282 1128 quare
1305 1098 1320 1125 ,
1353 1067 1408 1112 et
1437 1055 1628 1127 quales
1657 1065 1862 1122 essent,

291 1165 350 1213 et
394 1155 670 1228 quomodo
714 1162 986 1209 extraneae
1033 1167 1064 1206 a
1112 1151 1454 1206 testamentis
1501 1150 1800 1219 alienasque
1834 1166 1864 1204 a

292 1249 654 1320 promissione
682 1288 698 1313 ,
751 1245 949 1300 futurze
984 1244 1040 1298 in
1089 1251 1369 1313 posterum
1417 1252 1577 1298 erant
1623 1242 1863 1310 ejusdem

292 1338 544 1410 corporis
571 1347 630 1393 et
676 1335 1121 1405 comparticipes,
1171 1342 1368 1389 norant
1411 1334 1711 1402 prophetae,
1739 1347 1863 1388 cum

292 1430 427 1501 ipsis
472 1430 577 1486 hoc
631 1431 933 1483 revelatum
985 1425 1194 1480 fuisset.
1249 1423 1684 1496 Intelligentibus
1732 1438 1864 1478 vero

293 1533 526 1588 tantum,
555 1530 611 1577 et
637 1535 746 1576 non
780 1518 1096 1574 videntibus
1138 1517 1381 1585 perfecta
1408 1516 1578 1572 fuisse
1620 1531 1708 1579 ea,
1743 1530 1866 1585 qua;

290 1616 613 1687 prophetata
651 1613 873 1668 fuerant
901 1651 917 1676 ,
950 1625 1057 1665 non
1093 1611 1175 1665 sic
1215 1609 1452 1664 revelata
1483 1618 1628 1663 sunt.
1659 1607 1860 1673 futura,

292 1716 355 1762 ut
390 1707 460 1763 iis
484 1706 576 1777 qui
604 1705 707 1761 sub
734 1712 1014 1775 aspectum
1039 1702 1234 1757 horum
1256 1712 1512 1757 eventum
1543 1701 1860 1763 cernebant,

1965 868 2058 933 τί,
2097 870 2191 923 καὶ
2241 871 2365 924 τίνα
2410 869 2539 924 ὄντα
2566 908 2582 935 ,
2635 871 2731 924 καὶ
2777 871 2896 935 πῶς
2955 870 3080 935 ξένα
3130 871 3238 925 τῶν
3263 872 3544 942 Διαθηκῶν

1964 962 2320 1033 τυγχάνοντα,
2349 962 2447 1016 καὶ⁹
2473 962 2727 1035 ἀλλότρια
2756 962 2856 1035 τῆς
2895 963 3248 1035 ἐπαγγελίας,
3287 965 3546 1035 σύσσωμα

1966 1054 2059 1109 καὶ
2110 1058 2426 1126 συμμέτοχα
2474 1054 2696 1128 ὕστερον
2739 1054 2972 1126 ἐσόμενα
3006 1056 3203 1127 ⁴ᾔδεσαν
3252 1060 3303 1111 οἱ
3335 1058 3546 1131 προφῆ-

1965 1162 2074 1211 ται,
2109 1146 2583 1216 ἀποκαλυφθέντος
2613 1148 2794 1212 αὐτοῖς
2825 1148 3034 1202 τούτου.
3081 1149 3219 1202 Ἀλλ’
3252 1150 3349 1220 οὐχ
3378 1149 3547 1214 οὕτως

1965 1240 2078 1301 τοῖς
2128 1239 2354 1301 νοοῦσιν,
2402 1240 2499 1310 οὐχ
2529 1238 2699 1311 ὁρῶσι
2724 1240 2781 1293 δὲ
2804 1239 3207 1312 ἐπιτελούμενα
3238 1242 3307 1296 τὰ
3340 1258 3551 1314 προφη·

1965 1331 2233 1402 τευόμενα
2279 1330 2731 1385 ἁποκεκάλυπται
2776 1331 2848 1385 τά
2883 1331 3122 1402 ἐσόμενα
3143 1371 3157 1394 ,
3193 1332 3269 1397 ῶς
3300 1336 3416 1396 τοῖς
3459 1334 3548 1387 ὑπ’

1972 1423 2097 1494 ὄψιν
2160 1422 2424 1495 θεωροῦσι
2470 1422 2830 1494 τὴν-ἔκϐασιν
2880 1423 3088 1489 αὐτῶν,
3136 1425 3272 1497 ὅπερ
3329 1425 3549 1495 γέγονεν

1975 1515 2069 1569 ἐπ)⁵
2094 1514 2202 1569 τῶν
2228 1513 2569 1569 ἀποστόλωψ
2601 1514 2745 1570 οῦτω
2776 1517 2914 1588 γὰρ,
2949 1515 3023 1581 ὡς
3054 1513 3229 1588 οἶμαι,
3264 1517 3451 1572 ἐνόουν
3483 1518 3550 1573 τά

1967 1607 2274 1678 πράγματα
2305 1608 2364 1661 οὐ
2404 1606 2601 1679 μᾶλλον
2626 1608 2736 1662 τῶν
2773 1608 3024 1681 πατέρων
3074 1610 3168 1663 καὶ
3212 1610 3512 1682 προφητῶν
3531 1628 3544 1641 ·

1966 1700 2287 1772 ἀληθεύεται
2320 1700 2377 1755 δὲ
2409 1701 2540 1773 περὶ
2570 1700 2752 1755 αὐτῶν
2792 1702 2885 1754 τό·
2928 1720 2948 1752 ι
2987 1703 3051 1755 Ὃ
3079 1702 3293 1774 ἑτέραις
3337 1707 3549 1773 γενεαῖς

292 1801 434 1869 quod
460 1797 662 1853 factum
712 1802 796 1851 est
839 1796 894 1850 in
943 1793 1205 1866 apostolis
1237 1809 1252 1845 :
1283 1807 1431 1856 nam,
1467 1800 1528 1846 ut
1578 1789 1669 1863 [ad
1700 1806 1861 1845 unum

2037 1810 2069 1847 κ
2105 1791 2463 1864 ἀπεκαλύφθη
2485 1832 2501 1859 ,
2551 1792 2628 1858 ὡς
2666 1792 2763 1847 νῦν
2803 1796 2916 1858 τοῖς
2947 1794 3266 1859 ἀποστόλοις
3294 1797 3390 1849 καὶ
3417 1814 3550 1869 προ-

296 1887 546 1960 modum]
595 1888 835 1943 arbitror
880 1900 977 1940 eos
1020 1899 1129 1939 non
1177 1883 1352 1952 magis
1394 1896 1480 1938 res
1531 1882 1866 1937 intellexisse

291 1998 456 2053 quam
484 1981 674 2036 Patres
706 1987 759 2035 et
779 1978 1078 2048 prophetae,
1110 1977 1190 2031 sic
1213 1975 1389 2029 altero
1420 1974 1585 2030 modo
1614 1974 1866 2029 verifica-

296 2086 386 2129 tur
433 2073 500 2127 de
528 2072 610 2127 eis
651 2070 782 2126 illud
806 2108 823 2134 ,
863 2068 1008 2139 quod
1041 2086 1060 2120 ι
1099 2067 1220 2123 aliis
1248 2067 1502 2122 aetatibus
1553 2067 1862 2121 revelatum

297 2182 405 2222 non
460 2166 605 2230 fuit,
652 2162 1107 2233 quemadmodum
1142 2174 1289 2215 nunc
1332 2158 1597 2229 apostolis
1628 2169 1684 2213 et
1733 2174 1862 2228 pro-

290 2257 473 2327 phetis
497 2295 514 2321 ,
549 2268 739 2325 gentes
766 2268 890 2310 esse
923 2251 1237 2308 cohaeredes
1266 2290 1283 2314 ,
1312 2260 1368 2303 et
1396 2250 1638 2318 ejusdem
1671 2264 1864 2319 corpo-

292 2351 368 2404 ris
393 2389 409 2414 ,
457 2357 514 2404 et
556 2346 971 2418 comparticipes
1008 2342 1388 2413 promissionis
1439 2343 1494 2396 in
1544 2341 1801 2399 Christo:
1838 2360 1857 2394 ι

288 2441 417 2512 quia
445 2446 816 2510 przeterquam'
839 2438 983 2508 quod
1014 2435 1328 2502 intelligunt
1361 2434 1622 2505 mysteria
1647 2472 1665 2501 ,
1695 2434 1860 2488 etiam

286 2535 558 2591 actionem
591 2548 689 2605 per
714 2546 829 2587 rem
874 2528 1173 2600 perfectam
1228 2529 1527 2583 intuentur.
1557 2526 1712 2595 Quod
1754 2543 1857 2581 au-

289 2642 396 2688 tem
423 2630 499 2684 ait
542 2626 637 2680 “z
684 2642 705 2676 ι
743 2623 892 2678 Multi
944 2621 1237 2691 prophetae,
1288 2630 1344 2675 et
1391 2619 1524 2690 justi
1574 2618 1863 2689 cupierunt

285 2725 473 2781 videre
502 2735 623 2791 quae
655 2734 755 2774 vos
780 2716 974 2771 videtis
999 2757 1015 2782 ,
1042 2723 1098 2768 et
1125 2728 1229 2769 non
1266 2713 1558 2778 viderunt;
1596 2721 1650 2767 et
1675 2712 1862 2766 audire

285 2830 407 2885 quae
441 2810 664 2875 auditis,
700 2816 756 2863 et
782 2821 889 2861 non
923 2804 1270 2869 audierunt,»
1301 2799 1533 2885 similem
1556 2807 1735 2868 potest
1765 2799 1860 2853 ha-

279 2904 419 2960 bere
459 2896 968 2968 interpretationem
1005 2909 1023 2945 :
1053 2893 1281 2962 perinde
1311 2891 1468 2961 quasi
1502 2889 1776 2959 cupierint
1803 2898 1861 2944 et

284 2998 366 3054 illi
411 2995 600 3049 videre
650 2987 968 3060 mysterium
1003 2984 1134 3039 olim
1183 2982 1499 3055 praedictum
1532 2980 1856 3052 dispositum

288 3081 717 3145 Incarnationis,
764 3089 821 3134 et.
867 3078 1165 3133 descensus
1196 3075 1317 3129 Filii
1352 3073 1472 3135 [Dei
1522 3073 1589 3127 ad
1641 3085 1859 3128 reconc-

285 3182 456 3238 miam
490 3175 760 3250 passionis
809 3187 922 3229 sua:
962 3170 1337 3241 compluribus
1385 3165 1685 3232 salutaris;
1734 3174 1857 3219 tan-

285 3288 450 3346 quam
478 3271 549 3339 si,
598 3266 833 3337 exempli
868 3265 1064 3337 gratia,
1115 3261 1221 3316 tale
1253 3260 1519 3331 quiddam
1569 3258 1717 3314 aliud
1762 3272 1860 3312 su-

285 3377 562 3423 meremus
610 3379 628 3419 :
682 3362 815 3417 Esto
864 3360 1066 3428 aliquis
1112 3355 1394 3425 apostolus
1448 3354 1544 3423 qui
1596 3353 1860 3423 intelligat

289 3461 453 3535 106
483 3477 505 3512 ι
532 3457 695 3513 verba
722 3452 1013 3510 ineffabilia
1042 3491 1058 3516 ,
1084 3465 1205 3521 quae
1235 3463 1341 3504 non
1386 3447 1515 3503 licet
1544 3446 1749 3503 homini
1781 3446 1862 3500 lo-

285 3556 377 3624 qui
410 3553 476 3617 ss,
505 3570 526 3605 ,
562 3549 741 3619 sitque
770 3546 819 3601 is
853 3560 961 3601 non
990 3544 1206 3597 visurus
1228 3540 1529 3596 secundum
1559 3539 1856 3610 gloriosum

284 3645 491 3705 Christi
526 3644 824 3698 adventum
866 3637 1202 3708 divulgatum
1249 3633 1394 3703 apud
1427 3632 1639 3701 ﬁdeles,
1671 3642 1728 3689 et
1770 3640 1857 3686 ia.

284 3752 409 3793 men
443 3737 628 3805 cupiat
653 3732 841 3786 videre
879 3730 1051 3799 ipsum
1080 3743 1097 3793 ;
1145 3740 1335 3781 rursus
1359 3725 1431 3780 sit
1462 3723 1600 3779 alter
1623 3725 1716 3794 qui
1750 3740 1856 3779 non

287 3827 463 3885 solum
498 3840 605 3880 non
636 3820 943 3895 perceperit
971 3826 1135 3888 atque
1157 3815 1488 3871 intellexerit
1514 3815 1705 3870 eadem
1736 3830 1862 3885 qua

289 3900 603 3989 apostolus,
649 3914 744 3970 sed
795 3910 1072 3982 impendio
1117 3908 1300 3963 minus
1346 3908 1463 3978 ipso
1509 3907 1676 3961 etiam
1707 3921 1859 3977 spent

288 4011 529 4069 divinam
573 4004 879 4079 possederit
903 4041 919 4067 ,
952 4010 1118 4072 atque
1146 4000 1236 4055 hic
1263 3999 1633 4070 deprehendat
1661 4014 1861 4054 secun-

289 4108 420 4162 dum
452 4100 766 4158 Servatoris
788 4095 957 4150 nostri
989 4094 1275 4148 adventum
1303 4092 1486 4162 (quem
1527 4092 1713 4163 cupiat
1738 4090 1861 4162 qui.

288 4199 410 4254 dem
441 4190 719 4265 apostolus
745 4189 904 4260 juxta
935 4183 1267 4255 exemplum,
1288 4198 1390 4239 nec
1418 4193 1597 4239 tamen
1631 4183 1860 4255 videat),

288 4297 443 4345 certe
481 4301 582 4341 nec
635 4282 774 4339 falso
816 4276 1288 4351 pronuntiabimus
1337 4277 1438 4333 hos
1475 4277 1611 4332 duos
1660 4276 1863 4333 vidisse

286 4393 411 4450 qua:
464 4375 699 4447 cupierit
736 4371 1016 4442 apostolus
1071 4368 1164 4422 ille
1207 4367 1295 4422 vel
1344 4367 1575 4437 apostoli
1624 4368 1859 4424 videre:

1967 1885 2189 1957 φήταις,
2224 1879 2365 1938 εἶναι
2395 1883 2463 1938 τὰ
2494 1882 2621 1956 ἔθνη
2652 1884 3095 1957 συγκληρονόμα,
3130 1887 3226 1940 καὶ
3260 1886 3547 1960 σύσσωμα,

1964 1978 2062 2031 καὶ
2116 1977 2434 2049 συμμέτοχα
2488 1976 2590 2049 τῆς
2648 1980 2983 2048 ἐπαγγελίας
3038 1983 3098 2033 ἐν
3144 1980 3386 2054 Χριστῷ·
3415 2000 3436 2033 ›
3472 1981 3551 2053 τῷ

1965 2071 2104 2142 πρὸς
2130 2070 2210 2141 τῷ
2232 2073 2371 2124 νοεῖν
2395 2070 2591 2134 αὐτοὺς
2616 2071 2686 2124 τὰ
2712 2072 3006 2143 μυστήρια,
3027 2074 3117 2127 καὶ
3144 2072 3243 2145 τὴν
3268 2073 3550 2144 ἐνέργειαν

1964 2162 2052 2216 διὰ
2080 2161 2175 2215 τοῦ
2212 2162 2537 2234 πράγματος
2567 2163 2982 2235 ἐπιτελουμένου
3027 2170 3332 2219 κατανοεῖν.
3375 2166 3548 2219 Δύνα-

1970 2271 2062 2307 ται
2086 2254 2142 2307 δὲ
2177 2255 2380 2321 καὶτὸ,
2412 2275 2430 2307 ι
2469 2256 2661 2309 Πολλοὶ
2695 2256 2972 2328 προφῆται
3011 2258 3104 2311 καὶ
3133 2257 3330 2313 δίκαιοι
3354 2258 3552 2312 ἐπεθύ-

1968 2364 2147 2419 μησαν
2179 2348 2326 2412 ἰδεῖν,
2358 2349 2394 2403 ἂ
2420 2350 2580 2419 ὑμεῖς
2614 2348 2838 2419 βλέπετε
2869 2390 2883 2413 ,
2937 2350 3032 2404 καὶ
3081 2351 3181 2405 οὐκ
3230 2348 3371 2405 εἶδον
3395 2392 3411 2416 ,
3455 2353 3552 2407 καὶ

1963 2438 2216 2504 ἀκοῦσαι,
2248 2438 2285 2494 ἃ
2318 2439 2565 2506 ἀκούετε,
2602 2441 2697 2493 καὶ
2733 2441 2832 2494 οὐκ
2863 2442 3131 2513 ἥκουσαν,
3162 2460 3181 2493 ι
3215 2443 3312 2515 τὴν
3357 2445 3551 2514 ὁμοίαν

1970 2531 2117 2602 ἔχειν
2150 2533 2423 2605 διήγησιν·
2450 2533 2617 2588 οίονεὶ⁸
2647 2533 3103 2604 ἐπιθυμησάντων
3128 2536 3399 2589 κάκείνων
3425 2536 3552 2591 ἰδεῖν

1967 2626 2418 2698 οἰκονομούμενον
2447 2626 2508 2680 τὸ
2543 2629 2840 2699 μυστήριον
2871 2628 2970 2698 τῆς
3000 2625 3095 2681 τοῦ
3130 2627 3263 2682 Υίοῦ
3287 2626 3381 2682 τοῦ
3412 2628 3551 2683 Θεοῦ

1963 2717 2403 2790 ἐνσωματώσεως
2441 2719 2536 2773 καὶ
2577 2721 2934 2783 καταϐάσεως
2970 2720 3064 2773 ἐπὶ
3093 2721 3193 2792 τὴν
3235 2722 3551 2793 οἰκονομίαν

1961 2808 2056 2862 τοῦ
2092 2811 2360 2882 σωτηρίου
2420 2815 2534 2876 τοῖς
2585 2811 2799 2876 πολλοῖς
2845 2810 3050 2875 πάθους
3092 2812 3296 2866 αὐτοῦ’
3334 2814 3410 2877 ὡς
3456 2815 3552 2867 ἐπὶ

1962 2901 2407 2974 παραδείγματος
2461 2906 2556 2958 καὶ
2612 2904 2740 2959 ἄλλο
2771 2923 2822 2958 τι
2854 2903 3095 2960 τοιοῦτον
3137 2906 3548 2979 ἐλαμϐάνομεν

1959 2993 2101 3049 ἔστω
2154 2994 2278 3049 τινὰ
2330 2996 2438 3049 τῶν
2498 2998 2810 3052 ἀποστόλων
2860 3000 3111 3054 συνιέντα
3159 3018 3178 3050 ι
3225 2999 3295 3053 τὰ
3333 3000 3553 3071 ἀρῥητα

1965 3088 2206 3160 ῥήματα,
2236 3087 2272 3142 ἃ
2297 3090 2397 3142 οὐκ
2429 3088 2548 3152 ἐξὸν
2580 3090 2863 3162 ἄνθρωπον
2893 3092 3144 3163 λαλῆσαι,
3166 3111 3185 3144 ι
3227 3092 3302 3163 μὴ
3345 3092 3554 3162 ὀψόμε-

1963 3195 2052 3231 νον
2083 3178 2181 3251 τὴν
2216 3179 2368 3252 παρά
2398 3184 2509 3244 τοῖς
2535 3182 2922 3235 πεπιστευκόσι
2951 3182 3399 3254 κατηγγελμένην
3424 3181 3552 3235 δευο

1961 3271 2125 3344 τέραν
2170 3274 2488 3345 σωματικὴν
2538 3274 2712 3345 Ἰησοῦ
2751 3274 2960 3341 ἔνδοξον
2994 3276 3306 3346 ἐπιδημίαν,
3355 3272 3550 3328 ἐπιθυ-

1966 3367 2087 3436 μεῖν
2120 3365 2290 3436 αὐτὴν
2344 3367 2498 3438 όρᾷψ
2559 3366 2746 3439 ἕτερον
2791 3367 2849 3421 δέ
2891 3385 3014 3421 τινα
3048 3368 3158 3440 (77)
3189 3367 3251 3422 οὐ
3290 3368 3452 3437 μόνον
3480 3367 3550 3420 τά

1961 3457 2100 3511 αύτά
2148 3456 2228 3529 τῷ
2266 3458 2547 3530 ἀποστόλῳ
2589 3459 2939 3531 ἠκριϐωκότα
2965 3460 3076 3532 (78)
3109 3462 3203 3513 καὶ
3231 3461 3548 3531 νενοηκότα,

1961 3549 2098 3603 ἀλλά
2125 3550 2219 3603 xui.
2252 3550 2432 3621 πολλῷ
2459 3550 2623 3604 αὑτοῦ
2658 3551 2876 3606 ἔλαττον
2898 3554 3253 3625 ἀντεχόμενον
3272 3554 3369 3622 τῆς
3395 3552 3549 3617 θείας

1962 3640 2208 3707 ἐλπίδος,
2246 3642 2684 3715 καταλαμϐάνειν
2731 3645 2832 3716 τὴν
2871 3644 3259 3719 δευτέραν.τοῦ
3293 3647 3548 3720 Σωτῆρος

1964 3735 2121 3806 ἡμῶν
2153 3735 2448 3807 ἐπιδημίαν
2501 3736 2611 3808 (ἦν
2654 3737 3104 3809 ἐπιτεθυμηκέτω
3139 3740 3259 3809 μὲν,
3308 3740 3455 3793 κατὰ
3484 3738 3550 3793 τὸ

1962 3824 2346 3897 παράδειγμα,
2392 3828 2422 3880 ό
2466 3828 2818 3894 Ἀπόστολος,
2862 3829 2936 3901 μὴ
2988 3829 3378 3900 τεθεωρηκέτω
3431 3832 3545 3901 ss)-

1961 3918 2023 3971 οὒ
2050 3917 2242 3988 ψεῦδος
2259 3918 2323 3990 δὴ
2357 3918 2610 3991 ἐροῦμεν,
2642 3921 2726 3974 ὅτι
2745 3921 2854 3975 οἶδε
2892 3920 2986 3975 δύο
3006 3922 3042 3976 ἂ
3062 3922 3408 3994 ἐπεθύμησεν
3429 3924 3546 3996 (79)

1961 4013 1991 4064 ὀ
2034 4011 2331 4075 ἀπόστολος
2369 4012 2498 4066 ἰδεῖν
2543 4013 2575 4086 ἢ
2611 4015 2705 4067 καὶ
2753 4013 3059 4079 ἀπόστολοι,
3106 4013 3412 4079 τεθέανται,
3450 4018 3550 4071 καὶ

1961 4103 2022 4157 οὐ
2058 4102 2273 4167 πάντως
2299 4104 2452 4177 παρά
2478 4104 2636 4158 τοῦτο
2690 4108 3084 4178 συνετωτέρους
3119 4107 3316 4170 αὐτοὺς
3366 4108 3399 4179 ἢ
3444 4126 3549 4178 μα-

1962 4196 2327 4268 καριωτέρους
2373 4198 2583 4270 ἀνάγκη
2624 4198 2803 4268 λέγειν
2845 4200 2956 4253 τῶν
2987 4200 3319 4254 ἀποστόλων.
3355 4200 3548 4266 Οὕτως

1961 4287 2082 4340 οὐδὲ
2110 4290 2238 4352 τοὺς
2266 4290 2596 4355 ἀποστόλους
2627 4292 2969 4365 σοφωτέρους
3009 4293 3117 4347 τῶν
3161 4294 3417 4366 πατέρων
3442 4336 3458 4359 ,
3507 4295 3542 4367 ἦ

1962 4379 2224 4444 Μωσέως,
2256 4382 2350 4434 καὶ
2380 4382 2489 4435 τῶν
2520 4385 2837 4456 προφητῶν,
2869 4386 2962 4439 καὶ
2997 4386 3230 4457 μάλιστα
3275 4388 3385 4442 τῶν
3418 4389 3544 4441 ἐπι-

285 4486 390 4527 nec
443 4469 666 4525 omnino
713 4468 855 4521 hanc
894 4465 966 4519 ob
999 4477 1223 4519 causam
1255 4461 1567 4516 necessario
1615 4460 1859 4515 dicemus

2039 4471 2147 4522 εἰον
2192 4471 2257 4523 δι’
2321 4473 2522 4544 ἀρετὴν
2588 4475 2926 4546 ἀξιωθέντων
2990 4478 3325 4546 ἐπιφανειῶν
3351 4519 3367 4543 ,
3449 4481 3548 4535 καὶ

288 4580 383 4621 eos
411 4561 795 4633 prudentiores
846 4558 1233 4627 beatioresque
1267 4553 1547 4624 apostolis.
1582 4554 1663 4606 Ad
1713 4552 1858 4607 hunc

2040 4561 2275 4630 φανειῶν
2315 4533 2510 4631 θείων,
2550 4533 2654 4621 καί
2676 4544 3068 4641 ἀποκαλύψεων
3098 4533 3414 4645 μυστηρίων
3448 4533 3551 4645 με-

289 4658 456 4727 igitur
490 4653 710 4708 modum
755 4665 932 4721 neque
978 4650 1256 4720 apostolos
1297 4646 1661 4716 sapientiores
1684 4643 1859 4699 Patri-

1962 4653 2163 4721 γάλων.
2887 4676 2890 4679 λ

289 4750 408 4809 bus,
440 4745 527 4800 vel
558 4744 725 4810 Mose,
762 4745 848 4800 vel
879 4742 1158 4815 prophetis
1188 4741 1385 4798 dicturi
1419 4753 1629 4803 sumus,
1665 4738 1856 4808 hisque
1894 4747 2169 4819 prwcipue
2206 4752 2298 4820 qui
2335 4752 2538 4809 diutius
2572 4755 2642 4809 ob
2685 4756 2938 4812 virtutem
2965 4759 3219 4828 supernis
3246 4760 3549 4831 apparitio-

288 4841 469 4903 nibus,
509 4837 592 4893 vel
615 4836 1193 4908 repraasentationihus
1221 4833 1444 4898 divinis,
1469 4844 1526 4887 et
1550 4832 1981 4895 revelationibus
2008 4843 2294 4911 grandium
2324 4849 2706 4918 mysteriorum
2735 4849 2882 4920 digni
2915 4850 3066 4908 fuere
3090 4853 3277 4908 habiti.

356 4939 410 4994 5.
441 4935 549 4993 Sed
573 4937 776 4991 diutius
802 4936 1125 4992 commorati
1167 4949 1356 4989 sumus
1379 4934 1432 4987 in
1460 4933 1546 4988 his
1571 4933 1856 5003 inquiren-

291 5045 407 5098 tes,
458 5031 713 5100 quoniam
759 5029 912 5083 multi
959 5039 1180 5099 propter
1227 5026 1597 5097 opinationem
1649 5027 1858 5098 glorifi-

287 5127 444 5181 candi
474 5123 676 5179 Christi
701 5121 1017 5189 adventura,
1053 5121 1299 5176 dicentes
1333 5119 1688 5185 sapientiores
1728 5134 1859 5188 apo-

286 5219 455 5276 stolos
486 5232 651 5286 quam
685 5214 974 5285 prephetas
1007 5222 1065 5267 et
1093 5213 1278 5268 Patres
1309 5210 1497 5277 fuisse,
1525 5211 1615 5266 alii
1638 5213 1857 5282 quidem

357 5387 400 5419 ³¹
441 5383 630 5439 Matth.
672 5397 810 5446 xm,
852 5380 942 5433 l7.
1050 5380 1094 5411 ⁸²
1122 5377 1167 5433 Ii
1189 5377 1450 5443 Cor.'xn,
1484 5375 1538 5429 4.

359 5525 474 5597 ('77)
504 5528 752 5593 Ἕτερον
791 5520 860 5577 δέ
890 5536 1045 5597 τινα,
1081 5528 1186 5597 et_c_.
1227 5519 1510 5597 Ferrarius
1546 5556 1559 5570 .
1598 5531 1619 5568 ι
1654 5513 1862 5573 Rursus

292 5589 576 5649 sunto'alii
610 5589 756 5655 duo;
806 5613 823 5645 ι
856 5593 1073 5646 videtur
1097 5590 1257 5645 aliter
1290 5589 1507 5658 legisse.

359 5663 470 5733 (78)
517 5664 921 5733 Ἠκριϐωκότα.
968 5658 1278 5731 chcndum
1329 5659 1543 5713 videtur
1562 5658 1663 5713 οὐκ
1708 5658 1865 5729 ἠκρι-

293 5733 523 5788 ὕωκὸτα.

2033 4939 2088 4994 5.
2137 4942 2429 4999 Ἐπιπλέον
2485 4945 2544 5000 δὲ
2600 4946 2954 5019 διετρίψαμεν
3009 4947 3354 5015 ἐξετάζοντες
3415 4951 3548 5024 περὶ

1961 5031 2199 5100 τούτων,
2259 5038 2353 5092 ἐπὶ
2416 5039 2526 5112 (80)
2577 5042 2643 5111 τῇ
2689 5042 2958 5114 φαντασίᾳ
3012 5041 3105 5095 τοῦ
3166 5041 3413 5107 δοξάζειν
3443 5045 3547 5114 τὴν

1963 5123 2199 5194 Χριστοῦ
2233 5129 2523 5202 ἐπιδημίαν
2551 5131 2767 5197 πολλοὶ,
2800 5134 3138 5204 σοφωτέρους
3159 5134 3287 5197 τοὺς
3316 5134 3546 5188 ἀποστό-

1964 5214 2089 5280 λους
2116 5218 2226 5274 τῶν
2264 5223 2515 5295 πατέρων
2555 5225 2651 5279 καὶ
2702 5224 2810 5279 τῶν
2855 5224 3148 5298 προφητῶν
3190 5223 3459 5293 λέγοντες,
3492 5228 3544 5280 οἱ

2041 5523 2153 5595 (79)
2183 5525 2247 5595 ’Ἀ
2268 5524 2666 5595 ἐπεθύμησεν.
2703 5520 2796 5595 Sic
2826 5529 2973 5595 recte
3006 5517 3170 5595 habet
3187 5487 3363 5579 codes
3398 5519 3538 5577 Boda

1969 5588 2199 5650 Ieianus.
2235 5594 2289 5648 ln
2317 5588 2558 5649 editione
2594 5593 2860 5649 lluetiana
2880 5591 3031 5648 deest
3055 5588 3113 5648 ἆ,

2042 5664 2157 5737 ‘80)
2206 5665 2363 5722 Ἐπί.
2401 5665 2543 5735 Lege
2571 5664 2721 5720 ἐπείρα
