3766 6142
223 305 327 364 109

1327 309 1683 369 COMMENT.
1727 310 1796 366 IN
1829 310 2025 368 JOAN.
2061 309 2300 369 TOMUS
2336 312 2428 369 Vl.

3380 318 3493 377 9.10

230 424 326 498 μὲν
355 426 453 480 καὶ
485 425 683 501 ἓτερον
714 431 1130 486 ἀναπεπλάκασι
1171 431 1307 487 Θεὸν
1339 435 1561 506 μείζονα
1586 478 1600 501 ,
1651 436 1700 489 οἱ

2001 451 2085 491 ιιιιι
2117 436 2377 505 majorem
2422 436 2716 504 tinxerunt,
2756 437 2851 493 alii
2887 452 3016 493 vero
3057 438 3160 495 hoc
3199 454 3304 495 non
3345 441 3488 508 ausi,

231 517 304 591 μὴ
347 517 514 573 τοῦτο
561 521 934 594 τολμήσαντες
960 563 974 588 ,
1010 525 1135 578 ὅσον
1186 526 1280 580 ἐπὶ
1328 525 1406 598 τῷ
1438 528 1618 582 αὐτῶν
1651 529 1814 601 λόγῳ,

228 612 313 666 διὰ
360 612 426 667 τὸ
465 614 835 669 ἀϐασάνιστον
863 616 971 671 τῶν
1003 618 1290 689 δογμάτων
1315 620 1691 692 χρεωκοποῦσι
1716 624 1817 696 τὴν

228 704 523 777 δεδομένην
571 710 686 771 τοῖς
739 709 979 780 πατράσι
1041 711 1137 765 καὶ
1192 714 1305 776 τοῖς
1360 715 1668 785 προφήταις
1709 717 1818 771 ἀπὸ

231 796 363 851 Θεοῦ
393 797 487 851 διά
514 797 756 872 Χριστοῦ
788 799 1023 873 δωρεὰν,
1057 802 1127 856 δι’
1156 798 1218 858 οῦ
1248 802 1315 857 τὰ
1356 804 1533 858 πάντα
1558 806 1775 875 ἐγένετο
1798 824 1811 838 ·

231 894 278 945 εί
315 891 374 945 δὲ
409 890 483 945 τά
521 893 734 959 πάντα,
769 894 1010 965 δηλονότι
1043 896 1139 949 καὶ
1168 896 1237 950 τά
1267 897 1494 964 ἐκείνοις
1545 899 1819 954 ἀποκαλυ-

233 981 433 1052 φθὲντα
466 982 610 1037 καλὰ
645 985 741 1038 καὶ
777 987 1145 1058 πεπραγμένα
1193 987 1439 1060 σύμϐολα
1503 993 1816 1065 μυστηρίων

234 1075 544 1140 θεοσεϐείας
582 1076 772 1145 ἁγίων.
820 1078 1039 1151 Ἐπειδὴ
1095 1079 1204 1152 (81)
1245 1080 1423 1155 πάντη
1478 1083 1817 1155 φράσσεσθαι

230 1168 310 1222 δεῖ
338 1171 468 1235 τοὺς
510 1172 794 1241 γενναίους
830 1172 1069 1245 Χριστοῦ
1119 1166 1459 1248 στρατιώτας
1502 1178 1644 1250 ὑπὲρ
1687 1179 1819 1252 ἀλη-

231 1261 402 1326 θείας,
434 1263 676 1336 οὐδαμοῦ
709 1269 853 1323 κατὰ
882 1269 944 1322 τὸ
963 1268 1193 1324 δυνατὸν
1225 1269 1579 1343 παρείσδυσιν
1611 1271 1818 1337 ἐῶντας

232 1354 551 1421 ἐγγενέσθαι
604 1361 671 1429 τῇ
723 1360 835 1413 ἀπὸ
883 1359 979 1414 τοῦ
1024 1360 1251 1431 ψεύδους
1292 1361 1636 1433 πιθανότητι·
1685 1363 1818 1436 φέρε

237 1444 327 1497 καὶ
386 1445 565 1500 ταῦτα
621 1451 1006 1523 σκοπήσωμεν.
1061 1452 1214 1524 Τάχα
1261 1452 1372 1524 γὰρ
1425 1457 1655 1526 φήσουσι
1718 1455 1817 1528 τὴν

237 1533 507 1606 προτέραν
552 1536 800 1593 Ἰωάννου
843 1542 973 1613 περὶ
1014 1543 1253 1615 Χριστοῦ
1304 1544 1610 1617 μαρτυρίαν
1645 1542 1813 1601 εἶναι’

242 1642 261 1675 ι
305 1625 364 1678 Ὁ
395 1626 575 1680 ὀπίσω
612 1646 714 1700 μου
754 1631 1052 1704 ἐρχόμενος
1077 1633 1388 1706 ἔμπροσθέν
1422 1653 1521 1708 μου
1554 1637 1775 1706 γέγονεν
1799 1680 1815 1705 ,

235 1719 315 1772 ὅτι
365 1720 585 1791 πρῶτός
621 1739 723 1793 μου
750 1719 838 1796 ἦν·
872 1743 891 1776 ι
946 1727 1008 1780 τὺ
1045 1726 1123 1793 δὲ,
1165 1746 1185 1779 ι
1214 1729 1336 1782 Ὅτι
1374 1729 1439 1782 ἐκ
1468 1730 1562 1782 τοῦ
1594 1728 1816 1803 πληρώ-

240 1828 406 1882 ματος
434 1813 602 1867 αὑτοῦ
635 1817 796 1886 ἡμεῖς
822 1816 1025 1883 πάντες
1058 1818 1346 1892 ἐλάϐομεν,
1375 1820 1469 1875 καὶ
1503 1821 1661 1892 χάριν
1695 1823 1815 1877 ἀντὶ

238 1903 636 1977 χάριτος,ικαὶ
672 1906 741 1960 τὰ
775 1907 927 1978 ἑξῆς,
978 1909 1228 1982 εἰρῆσθαι
1278 1913 1343 1964 ὲκ
1384 1910 1676 1982 προσώπου
1720 1912 1814 1968 τοῦ

241 1995 503 2066 μαθητοῦ.
565 1999 886 2068 Ἀναγκαῖον
933 2001 991 2055 δὲ
1050 2003 1146 2058 καὶ
1206 2001 1379 2067 οὕτως
1427 2003 1694 2073 διελέγξαι
1740 2005 1817 2069 ὡς

241 2086 611 2161 βεϐιασμένην
666 2092 761 2146 καὶ
813 2093 1174 2150 ἀνακόλουθον
1222 2096 1323 2169 τὴν
1382 2096 1607 2169 ἐκδοχήν
1640 2115 1655 2129 ’
1713 2098 1819 2152 πά-

239 2198 301 2235 νυ
354 2181 468 2254 γὰρ
525 2181 697 2253 βίαιον
729 2184 792 2238 τὸ
847 2185 1055 2241 οἴεσθαι
1119 2188 1382 2257 αἰφνίδιον
1447 2189 1610 2242 οἱονεί
1662 2188 1820 2243 ἀκαί-

244 2287 350 2335 ρως
403 2272 794 2329 διακόπτεσθαι
848 2277 938 2330 τὸν
990 2277 1084 2331 τοῦ
1142 2278 1447 2332 Βαπτιστοῦ
1507 2279 1662 2349 λόγον
1713 2279 1818 2333 ὑπὸ

237 2362 329 2415 τοῦ
385 2362 548 2433 λόγου
602 2366 699 2420 τοῦ
771 2369 1013 2441 μαθητοῦ
1033 2410 1049 2435 ,
1113 2372 1208 2424 καὶ
1260 2374 1422 2425 παντὶ
1465 2371 1543 2443 τῷ
1585 2373 1679 2427 καὶ
1726 2373 1819 2426 ἐπὶ

237 2456 402 2510 ποσὸν
478 2459 700 2514 ἀκούειν
779 2462 1143 2535 συμφράσεως
1215 2464 1523 2536 λεγομένων
1589 2466 1817 2521 ἐπιστα-

240 2548 383 2619 μένῳ
447 2551 619 2621 σαφὲς
664 2552 726 2607 τὸ
763 2552 858 2606 τοῦ
917 2554 1110 2627 εῑρμοῦ
1163 2555 1267 2626 τῆς
1314 2555 1546 2624 λέξεως·
1593 2576 1611 2609 ι
1653 2554 1819 2622 Οὗτος

233 2634 300 2710 ἦν
326 2639 389 2691 ὃν
414 2637 570 2696 εἶπον
587 2657 601 2671 ⁸
625 2644 682 2697 '0
693 2644 865 2699 ὀπίσω
881 2661 980 2715 μου
1023 2646 1317 2719 ἐρχόμενος
1368 2648 1677 2721 ἔμπροσθέν
1718 2667 1818 2721 μου

233 2733 477 2802 γέγονεν,
528 2736 609 2788 ὅτι
661 2737 877 2810 πρῶτός
914 2755 1016 2810 μου
1045 2736 1133 2813 ἦν.
1174 2759 1195 2794 ι
1246 2742 1495 2799 Διδάσκει
1532 2743 1591 2798 δὲ
1637 2744 1666 2796 ὁ
1709 2743 1819 2797 Βα-

232 2827 467 2898 πτισ-ι-ὴς
491 2827 611 2892 πῶς
649 2828 956 2902 ἔμπροσθεν
984 2833 1150 2886 αὑτοῦ
1199 2834 1421 2903 γέγονεν
1465 2835 1694 2906 Ἰησοῦς,
1741 2836 1820 2909 τῷ

230 2917 451 2989 πρῶτος
477 2920 667 2986 αὐτοῦ,
713 2922 835 2976 ἐπεὶ
870 2942 890 2975 ι
925 2926 1271 2995 πρωτότοκος
1303 2925 1480 2998 πάσης
1513 2926 1762 2994 κτίσεως,
1795 2948 1816 2982 ι

232 3003 394 3076 εἶναι,
419 3008 513 3062 διὰ
536 3010 654 3074 τοῦ,
685 3029 705 3062 ι
730 3011 851 3069 Ὀτι
879 3014 943 3066 ἐκ
971 3013 1066 3066 τοῦ
1087 3013 1452 3087 πληρώματος
1478 3014 1640 3070 αὑτοῦ
1661 3019 1822 3088 ήμεῖς

231 3101 435 3203 πάντες
465 3102 734 3203 ἐλάϐομεν
759 3121 771 3133 ·
798 3123 831 3203 3
857 3104 945 3159 διὰ
968 3105 1127 3203 τοῦτο
1153 3108 1485 3203 γάρ-φησιν’
1508 3128 1544 3203 Δι
1576 3110 1822 3203 ’Ἔξμπρο-
1846 3145 1891 3203 c

233 3193 359 3247 σθέν
393 3211 498 3261 μου
531 3195 773 3265 γέγονεν,
794 3198 876 3250 ὅτι
906 3197 1120 3270 πρῶτός
1142 3216 1242 3269 μου
1270 3196 1359 3271 ἧν·
1400 3221 1419 3252 ι
1443 3199 1533 3254 διά
1557 3200 1714 3255 τοῦτο
1758 3203 1816 3256 δὲ

229 3285 337 3339 νοῶ
366 3286 529 3341 αὑτὸν
551 3288 767 3358 πρῶτόν
802 3308 902 3360 μου
933 3290 1062 3345 ὄντα
1091 3292 1183 3345 καὶ
1213 3292 1533 3365 τιμιώτερον
1562 3295 1711 3367 παρὰ
1737 3293 1817 3366 τῷ

231 3379 432 3452 Πατρὶ,
471 3382 596 3434 ἐπεὶ
624 3383 689 3435 ἐκ
719 3382 814 3435 τοῦ
845 3383 1210 3457 πληρώματος
1231 3384 1396 3438 αὑτοῦ
1424 3384 1533 3455 ἐγώ
1560 3403 1620 3440 τε
1653 3388 1745 3440 καὶ
1767 3388 1817 3440 οἱ

236 3472 347 3544 πρὸ
378 3471 517 3544 ἐμοῦ
564 3473 841 3545 προφῆται
866 3475 1167 3548 εἰλήφαμεν
1218 3476 1378 3548 χάριν
1406 3476 1504 3547 τὴν
1540 3477 1817 3550 θειοτέραν

234 3566 331 3618 καὶ
349 3565 719 3638 προφητικὴν,
740 3567 859 3621 ἀντὶ
886 3569 1108 3641 χάριτος
1135 3568 1237 3639 τῆς
1263 3569 1403 3624 κατὰ
1430 3569 1527 3641 τὴν
1559 3571 1819 3643 προαίρε-

236 3672 325 3711 σιν
348 3656 509 3727 ἡμῶν
541 3657 929 3728 άποδεχθεῖσαν
965 3660 1092 3731 παρ’
1124 3659 1291 3732 αὐτῷ’
1324 3659 1413 3714 διὰ
1453 3659 1610 3714 τοῦτο
1636 3660 1692 3717 δὲ
1725 3661 1820 3720 καὶ

241 3768 264 3799 ι
291 3746 609 3819 ἔμπροσθεν
636 3748 878 3818 γέγονεν,
909 3750 991 3804 ὅτι
1018 3750 1231 3822 πρῶτός
1258 3768 1359 3822 μου
1388 3746 1476 3822 ἦν·
1521 3770 1540 3803 ι
1577 3752 1696 3805 ἐπεὶ
1726 3753 1820 3808 καὶ

234 3843 600 3912 νενοήκαμεν,
637 3843 703 3896 ἐκ
748 3841 844 3896 τοῦ
894 3842 1256 3915 πληρώματος
1302 3843 1466 3897 αὐτοῦ
1519 3844 1817 3915 εἰληφότες,

231 3934 327 3989 τὸν
360 3932 465 4004 μὲν
498 3934 662 4004 νόμον
695 3934 784 3989 διὰ
813 3935 1059 3999 Μωσέως
1106 3936 1372 4003 δεδόσθαι,
1406 3939 1505 4009 οὐχ
1544 3938 1650 3991 ὑπὸ
1689 3940 1820 3993 Μω-

235 4025 402 4088 σέως·
428 4025 528 4097 τὴν
559 4027 617 4080 δὲ
639 4026 797 4100 χάριν
817 4029 910 4082 καὶ
942 4028 1040 4100 τὴν
1070 4028 1326 4100 ἀλήθειαν
1351 4030 1440 4085 διὰ
1482 4030 1651 4102 Ἰησοῦ
1688 4033 1822 4104 Χρι-

236 4117 370 4172 στοῦ
402 4119 466 4171 οὐ
493 4117 736 4178 δεδόσθαι
760 4120 939 4190 μόνον,
956 4120 1093 4175 ἀλλὰ
1120 4122 1215 4175 καὶ
1239 4122 1541 4191 γεγονέναι,
1570 4122 1665 4176 τοῦ
1685 4124 1820 4178 Θεοῦ

235 4210 333 4263 καὶ
364 4208 579 4281 Πατρὸς
610 4210 775 4264 αὐτοῦ
803 4211 894 4265 τόν
919 4228 980 4265 τε
1008 4213 1172 4283 νόμον
1197 4212 1287 4268 διὰ
1323 4213 1568 4277 Μωσέως
1598 4214 1823 4269 δεδωκό-

234 4320 355 4366 τος,
380 4301 481 4373 τὴν
502 4302 661 4375 χάριν
690 4305 784 4357 καὶ
823 4304 921 4375 τὴν
946 4303 1203 4375 ἀλήθειαν
1246 4304 1336 4359 διὰ
1376 4305 1551 4375 Ἰησοῦ
1585 4305 1825 4378 Χριστοῦ

238 4392 628 4462 πεποιηκότος
661 4394 820 4464 χάριν
850 4394 907 4447 δὲ
949 4394 1043 4447 καὶ
1076 4394 1330 4466 ἀλήθειαν
1358 4396 1715 4466 πεποιηκότος
1734 4397 1822 4452 διὰ

1919 539 2183 597 quantum
2218 543 2282 584 ex
2325 530 2564 599 ipsorum
2613 516 2798 585 verbis
2842 530 3172 600 percipimus
3202 573 3217 599 ,
3267 542 3491 603 propter

1919 621 2167 690 dogmata
2198 635 2319 690 qua:
2346 619 2615 690 explicato
2652 620 2891 675 dilIicilia
2927 631 3077 687 sunt,
3110 624 3403 693 prophetas
3425 639 3490 679 ac

1921 714 2109 770 Patres
2154 713 2296 768 dono
2348 713 2670 768 defraudant
2704 717 2846 785 quod
2885 714 2988 770 illis
3021 732 3050 769 a
3080 716 3189 770 Deo
3230 716 3489 771 donatum

1920 805 2098 860 fuerat
2122 821 2217 875 per
2245 804 2542 868 Christum,
2578 821 2674 875 per
2696 821 2854 874 quem
2877 807 3058 861 omnia
3087 805 3228 862 facta
3257 818 3386 861 sunt
3406 806 3487 876 ”;

1921 912 2043 952 nam
2076 897 2119 952 si
2150 896 2356 961 omnia,
2385 896 2729 968 perspicuum
2758 898 2922 951 ctiam
2959 906 3062 967 est,
3096 913 3215 967 quae
3250 897 3359 953 illis
3399 908 3492 971 re-

1920 990 2090 1044 velata
2123 990 2343 1044 fuerunt
2388 989 2646 1060 praeclara
2691 998 2745 1043 et
2793 999 3036 1059 peracta,
3080 991 3231 1061 signa
3274 1000 3491 1045 sancto-

1920 1099 2041 1138 rum
2071 1084 2451 1154 mysteriorum
2483 1083 2658 1138 cultus
2690 1083 2783 1137 Bei
2817 1099 2913 1154 per
2936 1084 3109 1153 ipsum
3131 1083 3272 1138 facta
3300 1081 3488 1140 fuisse.

1918 1168 2034 1225 Jaun
2077 1171 2330 1239 quoniam
2376 1171 2736 1241 undequaque
2783 1172 2981 1226 muniri
3011 1187 3236 1228 necesse
3272 1184 3358 1228 est
3390 1188 3488 1244 ge-

1921 1275 2146 1326 nerosos
2178 1261 2379 1316 Christi
2414 1263 2612 1317 milites
2654 1278 2753 1333 pro
2785 1263 3036 1328 veritate,
3075 1280 3337 1334 nusquam
3389 1279 3488 1332 pro

1920 1354 2063 1408 virili
2111 1356 2228 1409 fieri
2281 1354 2662 1424 permittentes
2709 1356 3011 1426 ingressum
3060 1356 3212 1412 falsae
3262 1371 3485 1428 persua-

1920 1441 2082 1506 sioni,
2107 1457 2205 1512 age
2250 1452 2305 1497 et
2333 1443 2448 1498 haec
2483 1443 2914 1500 consideremus.
2942 1445 3077 1500 Nam
3116 1446 3345 1502 fortasse
3377 1447 3488 1518 pri-

1920 1547 2068 1588 mum
2104 1532 2332 1589 Joannis
2362 1537 2428 1591 de
2457 1534 2679 1592 Christo
2717 1539 3091 1594 testimonium
3122 1555 3243 1595 esse
3266 1541 3484 1596 dicent:

1924 1642 1944 1675 ‹
1979 1624 2080 1692 Qui
2111 1636 2234 1695 pOSt
2253 1641 2338 1681 me
2367 1627 2537 1695 venit,
2565 1637 2690 1682 ante
2729 1644 2814 1684 me
2846 1628 3020 1686 factus
3049 1642 3156 1696 est,
3187 1632 3312 1702 quia
3341 1632 3488 1702 prior

1920 1730 2006 1771 me
2029 1727 2149 1774 erat
2172 1718 2248 1784 “;
2288 1736 2307 1770 ι
2343 1728 2401 1774 et
2449 1718 2583 1775 illud
2617 1736 2636 1777 :
2673 1739 2693 1774 ι
2733 1720 2819 1776 Ex
2851 1723 3185 1793 plenitudine
3217 1724 3335 1796 ejus
3383 1739 3486 1782 nos

1848 1798 1890 1853 Β
1914 1826 2104 1866 omnes
2127 1813 2453 1884 accepimus,
2477 1823 2531 1869 et
2555 1816 2784 1885 gratiam
2815 1831 2914 1885 pro
2938 1818 3112 1883 gratia
3144 1817 3212 1884 ³⁸,
3246 1838 3266 1873 ι
3293 1831 3348 1875 et
3366 1834 3489 1891 quas

1915 1911 2257 1972 sequuntur,
2310 1902 2512 1957 dictum
2563 1902 2734 1960 fuisse
2787 1920 2855 1960 ex
2909 1920 3139 1975 persona
3209 1910 3480 1979 discipuli.

1918 1991 2071 2049 Unde
2101 2008 2325 2049 necesse
2347 2003 2431 2049 est
2468 1994 2882 2066 intelligentiam
2916 1997 3057 2054 hanc
3086 1998 3354 2067 refellere,
3385 2015 3484 2056 ceu

1915 2096 2163 2141 coactam
2213 2096 2269 2142 et
2324 2103 2431 2143 son
2477 2099 2928 2159 coxisequentem.
2980 2092 3284 2146 Admodum
3338 2093 3482 2147 enim

1916 2178 2210 2233 violentum
2241 2188 2327 2234 est
2353 2180 2678 2236 existimare
2726 2191 2952 2250 repente
3002 2184 3143 2238 adeo
3174 2192 3229 2238 et
3280 2184 3483 2254 impor-

1919 2281 2047 2327 tune
2097 2270 2353 2342 Baptista
2415 2270 2718 2329 orationem
2782 2274 3141 2343 interruptam
3193 2275 3364 2331 fuisse
3415 2278 3499 2333 ab-

1916 2365 2164 2419 oratione
2211 2363 2488 2433 discipuli.
2526 2363 2593 2420 Et
2645 2378 2778 2420 sane
2808 2365 2891 2419 vel
2941 2367 3163 2424 cuilibet
3215 2368 3307 2437 qui
3360 2376 3484 2422 tan-

1919 2455 2091 2511 tillum
2156 2454 2407 2523 judicare
2473 2456 2608 2511 sciat
2678 2466 2995 2511 contextum
3065 2459 3331 2515 orationis
3391 2475 3487 2515 eos

1918 2566 2038 2605 rum
2085 2566 2206 2621 quae
2247 2552 2534 2616 dicuntur,
2587 2551 2838 2607 lectionis
2891 2552 3065 2607 series
3119 2563 3305 2623 aperta
3343 2563 3479 2611 est:

1924 2643 2083 2714 107
2119 2661 2138 2694 σ
2179 2642 2274 2698 llic
2302 2653 2440 2707 erat.
2468 2658 2629 2715 quem
2657 2643 2766 2697 dixi
2803 2660 2818 2696 :
2858 2642 2958 2711 Qui
3009 2654 3133 2713 ροβε
3186 2660 3271 2700 me
3309 2645 3484 2713 venit,

1921 2748 2046 2792 ante
2082 2751 2167 2792 me
2200 2734 2381 2792 factus
2406 2744 2513 2804 est,
2542 2738 2666 2807 quia
2714 2737 2864 2806 prior
2907 2751 2993 2792 me
3025 2738 3232 2795 erat”.
3270 2758 3288 2791 ι
3325 2739 3490 2795 Docet

1919 2838 2101 2883 autem
2128 2824 2372 2896 Baptista
2427 2828 2697 2898 quomodo
2725 2837 2851 2881 ante
2894 2841 2954 2882 se
2998 2826 3177 2884 {arctos
3204 2832 3272 2884 sit
3304 2828 3486 2897 Jesus,

1920 2918 2095 2973 dictus
2120 2918 2237 2988 ipso
2258 2915 2499 2986 Baptista
2548 2918 2716 2987 prior,
2761 2918 2886 2987 quia
2919 2918 2992 2972 sit
3037 2935 3057 2970 ι
3095 2921 3489 2989 primogenitus

1918 3009 2095 3064 omnis
2119 3018 2382 3064 creaturae
2404 3008 2470 3076 ³⁷,
2507 3028 2526 3061 ι
2559 3022 2656 3079 per
2696 3009 2785 3063 illa
2818 3007 2981 3062 verba
3013 3025 3028 3062 :
3066 3027 3086 3062 ι
3126 3009 3391 3077 Quoniam
3417 3028 3490 3068 ex

1921 3101 2255 3171 plenitudine
2300 3101 2419 3173 ejus
2468 3116 2565 3158 nos
2620 3114 2811 3157 omnes
2868 3101 3179 3172 accepimus
3227 3102 3291 3158 ³⁸.
3338 3123 3357 3157 ι
3406 3103 3490 3159 Ob

1920 3195 2062 3250 hanc
2105 3194 2247 3269 enim
2291 3209 2509 3250 causam
2566 3193 2762 3263 inquit,
2798 3212 2817 3246 ι
2856 3194 2992 3248 Ante
3035 3208 3123 3251 me
3166 3192 3344 3251 factus
3381 3205 3487 3261 est,

1919 3289 2171 3360 quoniam
2197 3289 2347 3360 prior
2376 3303 2461 3343 me
2485 3287 2692 3352 erat”,
2726 3305 2745 3340 ι
2779 3296 2831 3342 et
2854 3292 2923 3343 ob
2960 3289 3102 3344 hanc
3145 3304 3364 3344 causam
3401 3291 3489 3344 in-

1921 3382 2101 3453 telligo
2128 3397 2248 3436 eum
2274 3383 2508 3452 priorem
2554 3395 2641 3436 me
2683 3381 2951 3435 exsistere
2979 3389 3035 3435 et
3077 3382 3219 3450 apud
3270 3380 3489 3436 Patrem

1921 3474 2384 3531 honorabiliorem
2414 3488 2554 3538 esse,
2599 3472 2854 3543 quoniam
2890 3485 2956 3526 ex
2989 3472 3105 3540 ejus
3151 3474 3490 3542 plenitudine

1923 3577 2033 3622 tum
2086 3582 2204 3638 ego,
2252 3574 2364 3621 tum
2424 3566 2721 3636 prophetae,
2779 3564 2869 3634 qui
2921 3579 3006 3619 me
3055 3575 3489 3631 antecesserunt,

1920 3661 2332 3730 sumpserimus,
2362 3675 2557 3729 nempe
2582 3659 2810 3731 gratiam
2850 3660 3197 3725 diviniorem,
3229 3668 3283 3715 et
3315 3658 3489 3727 majo-

1921 3766 2058 3815 rem,
2092 3762 2142 3805 ct
2181 3751 2575 3820 propheticam,
2603 3766 2702 3820 pro
2728 3766 2789 3805 ea
2829 3751 3001 3822 gratia
3033 3766 3156 3821 quae
3194 3750 3490 3807 secundum

1920 3843 2239 3898 electionem
2304 3852 2544 3899 nostram
2594 3852 2806 3912 recepta
2829 3852 2940 3909 est;
2990 3844 3060 3898 ob
3116 3842 3256 3897 hanc
3309 3852 3492 3898 autem

1916 3951 2145 3990 causam
2182 3953 2201 3987 ι
2237 3946 2362 3990 ante
2418 3950 2504 3989 me
2541 3954 2561 3988 ι
2591 3936 2753 3990 etiam
2783 3953 2803 3989 ι
2846 3935 3021 3993 factus
3065 3945 3183 4002 est,
3233 3936 3492 4007 quoniam

1921 4028 2069 4099 prior
2102 4044 2189 4084 me
2218 4038 2357 4093 erat,
2394 4047 2413 4080 ι
2442 4030 2570 4100 quia
2597 4044 2663 4084 ex
2695 4028 3026 4098 plenitudine
3050 4029 3169 4099 ejus
3196 4044 3323 4085 cum
3352 4030 3489 4084 han-

1922 4120 2202 4185 sissemus,
2232 4118 2600 4174 intelleximus
2629 4119 2789 4174 etiam
2817 4119 2984 4189 legem
3013 4133 3108 4188 per
3137 4117 3360 4185 Mosem,
3383 4133 3493 4174 non

1923 4227 1954 4267 ιι
1991 4210 2157 4276 Mose,
2190 4213 2370 4266 datam
2402 4209 2570 4266 fuisse
2602 4211 2648 4246 ‘0
2679 4225 2694 4263 :
2732 4211 2965 4283 gratiam
3022 4225 3156 4265 vero
3205 4219 3261 4264 et
3290 4210 3494 4266 verita-

1926 4314 2030 4358 tem
2074 4319 2170 4374 per
2215 4303 2396 4358 Jesum
2453 4303 2729 4358 Christum
2782 4317 2888 4357 non
2914 4300 3087 4356 solum
3141 4300 3344 4367 datam,
3396 4299 3495 4356 sed

1924 4396 2089 4453 etiam
2121 4395 2321 4450 Factam
2376 4394 2559 4449 fuisse.
2596 4393 2798 4460 Nempe
2848 4393 2958 4448 Deo
3005 4401 3062 4447 et
3101 4391 3259 4446 Patre
3299 4391 3492 4461 ipsius,

249 4484 436 4553 Ἰησοῦ
492 4485 728 4558 Χριστοῦ
761 4486 859 4558 τὴν
902 4487 993 4540 ἐπ’
1021 4486 1341 4559 ἀνθρώπους
1378 4487 1679 4559 φθάσασαι).
1728 4489 1736 4541 l

2009 4504 2041 4541 ιι
2103 4487 2275 4556 legem
2330 4502 2426 4555 per
2486 4486 2690 4541 Mosem
2737 4486 2920 4548 dante,
2979 4489 3092 4536 tum
3125 4483 3406 4538 veritatem
3438 4491 3495 4538 et

236 4575 686 4649 γνωμονέστερον
712 4578 821 4650 γὰρ
850 4576 1176 4641 ἀκούσαντες
1211 4578 1310 4647 τῆς
1339 4578 1535 4643 λέξεως
1581 4580 1680 4650 τῆς
1720 4597 1821 4648 φα-

240 4666 513 4739 σκούσης,
542 4687 558 4719 ι
588 4669 653 4721 Ἦ
682 4670 840 4741 χάρις
867 4669 962 4723 καὶ
983 4671 1016 4741 ἡ
1036 4668 1260 4739 ἀλήθεια
1279 4668 1366 4722 διὰ
1391 4668 1561 4739 Ἰησοῦ
1583 4669 1819 4742 Χριστοῦ

236 4761 487 4829 ἐγένετο,
532 4782 551 4813 ι
585 4762 647 4815 οὐ
672 4761 1145 4834 ταραχθησόμεθα,
1178 4763 1252 4825 ὡς
1284 4762 1388 4817 ὑπο
1419 4754 1822 4835 ἐναντιώμάτος

234 4853 422 4924 ταύτῃ
465 4855 529 4926 τῇ
563 4857 711 4924 φωνῇ
751 4854 902 4917 ὄντος
947 4853 1041 4906 τοῦ
1074 4873 1091 4904 ι
1140 4852 1279 4923 Ἐγώ
1308 4854 1422 4924 είμι
1444 4855 1475 4925 ἡ
1500 4852 1637 4918 ὁδὸς,
1668 4854 1820 4926 καὶὴ

236 4946 497 5018 ἀλήθεια,
527 4946 621 5000 καὶ
646 4949 679 5018 ἡ
712 4946 845 5017 ζωή.
872 4966 890 4996 ι
909 4948 970 5001 Εἰ
996 4947 1104 5019 γὰρ
1133 4945 1339 5018 Ἰησοῦς
1359 4948 1504 5000 ἐστιν
1526 4949 1555 5001 ό
1573 4947 1820 5017 φάσκων,

244 5053 265 5085 ι
320 5034 472 5104 Ἐγώ
501 5038 617 5106 είμι
653 5038 684 5106 ή
717 5035 965 5106 ἀλήθεια,
1005 5056 1024 5088 ι
1062 5037 1179 5101 πιῖις
1206 5039 1239 5107 ἡ
1268 5036 1493 5108 ἀλήθεια
1516 5037 1604 5092 διὰ
1647 5037 1820 5109 Ἰησοῦ

235 5127 489 5200 Χριστοῦ
518 5128 757 5195 γίνεται;
783 5128 942 5192 αὐτὸς
960 5128 1069 5201 γάρ
1098 5146 1180 5192 τις
1199 5129 1265 5182 δι’
1293 5127 1485 5182 ἑαυτοῦ
1511 5129 1571 5183 οὐ
1590 5129 1819 5198 γίνεται.

251 5219 425 5274 Ἀλλά
453 5219 692 5291 νοητέον,
727 5221 809 5274 ὅτι
846 5223 879 5292 ἡ
926 5219 1284 5293 αὐτοαλήθεια
1317 5224 1350 5293 ἡ
1381 5222 1663 5293 οὐσιώδης,
1704 5224 1819 5286 καὶ,

238 5312 311 5363 ἶν’
345 5309 527 5375 οὕτως
575 5311 736 5376 εἴπω,
777 5312 1128 5384 πρωτότυπος
1170 5313 1271 5382 τῆς
1320 5315 1380 5366 ἐν
1411 5317 1531 5379 ταῖς
1581 5315 1827 5385 λογικαῖς

239 5405 452 5477 ψυχαῖς
483 5405 762 5479 ἀληθείας,
794 5406 889 5476 ἀφ’
911 5401 979 5479 ἧς
1002 5405 1255 5478 ἀληθείας
1277 5406 1440 5462 οἱονεὶ
1463 5408 1666 5473 εἰκόνες
1690 5408 1830 5463 ἐκεί-

317 5543 543 5599 “Joan.
576 5560 616 5607 1,
647 5543 705 5597 5.
756 5543 827 5614 ,ιι
854 5542 984 5614 ibid.
1011 5542 1100 5614 ιε.
1182 5544 1227 5576 τι
1258 5543 1389 5614 ibid.
1423 5544 1510 5600 ιδ.
1585 5546 1804 5602 “Joan.

1063 5544 1100 5598 ἰ.
1182 5544 1227 5576 ⁸⁸
1258 5543 1389 5614 ibid.
1423 5544 1510 5600 16.
1585 5546 1631 5579 ⁸⁸
1655 5545 1996 5614 Joan.t,15.
2089 5545 2134 5578 ³⁷
2170 5545 2350 5603 Colos.
2387 5561 2425 5611 I,
2462 5544 2550 5602 15.

244 5614 295 5648 ⁸⁸
328 5616 465 5671 ibid.
494 5617 577 5671 Π.
655 5614 701 5648 ⁵⁸
734 5613 866 5670 ibid.
944 5613 991 5646 “
1017 5611 1174 5670 Joan.
1208 5628 1315 5677 XIV,
1347 5613 1401 5669 6.

1927 4579 2158 4649 gratiam
2193 4593 2289 4648 per
2308 4577 2491 4634 Jesnm
2513 4577 2788 4634 Christum
2813 4576 3043 4631 faciente
3083 4593 3097 4628 :
3134 4575 3364 4643 gratiam
3399 4588 3497 4628 au-

1907 4681 2035 4728 ‘tetn
2092 4683 2146 4728 et
2190 4674 2472 4727 veritatem
2518 4687 2613 4738 per
2664 4669 2848 4726 Iesum
2905 4668 3184 4724 Christum
3237 4666 3496 4733 faciente,

1928 4780 2048 4834 quae
2076 4766 2319 4820 homines
2353 4763 2632 4834 praevenit.
2681 4760 2974 4817 Candidius
3010 4759 3155 4814 enim
3199 4766 3255 4814 et
3281 4757 3493 4827 simpli-

1928 4858 2044 4913 cius
2089 4858 2507 4926 interpretantes
2544 4870 2605 4910 ea
2655 4854 2838 4922 verba,
2899 4870 2918 4903 ι
2961 4851 3148 4907 Gratia
3198 4859 3254 4904 et
3296 4849 3499 4905 veritas

1928 4964 2023 5018 per
2049 4949 2529 5007 JesumChristnm
2576 4946 2717 5001 facta
2751 4954 2835 4999 est
2862 4944 2928 5006 ⁴¹,
2971 4963 2989 4996 ι
3038 4957 3147 4999 ιιοιι
3196 4942 3496 4998 discrucia-

1928 5040 2129 5103 himur,
2152 5039 2372 5107 perinde
2394 5038 2550 5108 quasi
2573 5037 2907 5092 contrarium
2933 5034 3018 5090 Itis
3048 5035 3122 5090 sit
3152 5034 3278 5088 illud
3303 5050 3318 5087 :
3343 5051 3362 5085 ι
3383 5031 3496 5102 Ego

1927 5146 2044 5185 sum
2077 5131 2183 5194 via,
2219 5132 2442 5197 veritas,
2465 5139 2519 5184 et
2549 5130 2656 5186 vita
2695 5129 2771 5195 ⁸²;
2813 5148 2833 5183 ι
2865 5145 2989 5184 nam
3017 5130 3063 5184 si
3088 5126 3247 5183 Iesus
3280 5136 3365 5182 est
3399 5125 3492 5195 qui

1927 5224 2078 5287 dicit,
2112 5242 2133 5275 ι
2166 5223 2275 5293 Ego
2304 5239 2421 5279 sum
2450 5222 2651 5278 veritas
2692 5241 2712 5274 ι
2742 5223 2834 5293 qui
2859 5221 2976 5276 ﬁeri
3004 5228 3184 5291 potest
3212 5226 3273 5274 ut
3296 5218 3497 5272 veritas

1934 5330 2029 5384 per
2048 5315 2230 5370 Jesnm
2277 5315 2392 5379 ﬁat,
2429 5330 2551 5372 cum
2590 5315 2786 5383 aliquis
2825 5328 2920 5382 per
2963 5313 3203 5382 seipsum
3239 5326 3342 5365 non
3367 5307 3499 5363 fiat?

1938 5407 2044 5463 Sed
2074 5407 2474 5476 intelligendum
2514 5416 2596 5462 est
2621 5406 2766 5476 quod
2792 5404 3150 5477 αὐτοαλήθεια
3179 5418 3244 5458 ea
3273 5416 3392 5471 quae
3413 5409 3501 5457 est

2663 5544 2707 5578 ³⁸
2729 5542 2886 5601 Joan.
2921 5558 2962 5608 ι,
2988 5540 3077 5596 16.
3179 5537 3223 5572 ⁸⁸
3249 5537 3379 5595 ibid.
3408 5536 3511 5596 l5.

324 5728 446 5800 (ειι
476 5700 739 5795 Ἐπειδὴ.
774 5726 918 5798 Lego
943 5726 1065 5781 ἐπεὶ
1095 5725 1173 5781 δέ.
1209 5725 1330 5783 Mox
1355 5725 1526 5783 codex
1560 5722 1811 5784 Bodleian

2009 5734 2060 5783 te
2087 5725 2251 5785 habet
2278 5724 2635 5800 φράσσεσθαι,
2665 5724 2864 5796 Regius
2895 5733 2949 5781 et
2973 5721 3321 5791 Barberinus,
3361 5720 3490 5795 φρά-

254 5797 467 5868 σεσθαι,
490 5802 646 5857 male.
