3766 6142
313 274 413 330 211

1754 288 2007 350 ORIGEN
2014 293 2075 351 IS

3464 311 3577 366 εις.

311 410 412 466 per
439 410 498 451 se
526 396 750 459 veritas.
780 396 893 467 ipsa
930 399 1020 455 illa
1044 415 1165 471 qme
1200 412 1285 459 est
1309 407 1704 477 substantialis,
1730 420 1798 477 et,

2089 415 2519 472 ’ἐντετύπωνται
2566 421 2680 485 τοῖς
2726 422 2985 494 φρονοῦσι
3012 424 3110 497 τὴν
3136 425 3417 499 ἀλήθειαν,
3452 428 3576 502 οὐχὶ

309 485 389 544 ita
416 489 620 555 dicam,
654 491 886 561 primum
910 496 1190 567 exemplar
1235 499 1379 556 illius
1405 502 1655 560 veritatis
1685 519 1805 575 qua:
1830 506 1884 562 in

312 583 598 640 animabus
645 587 787 641 inest
821 587 1049 645 rationis
1080 591 1395 661 capacibus,
1455 609 1486 649 a
1517 611 1622 664 qua
1659 599 1887 656 veritate
1929 646 1933 655 .

309 673 478 729 veluti
508 674 773 745 imagines
819 678 963 735 illius
997 681 1277 751 impressae
1329 685 1486 742 l'uerc
1511 690 1887 757 spectantibus

312 768 622 838 veritatem,
655 787 760 827 non
801 788 900 843 per
944 772 1127 831 Jesum
1156 777 1431 836 Christum
1468 784 1609 839 facta
1656 794 1760 854 est,
1789 803 1887 845 ne-

309 875 418 932 que
443 864 664 918 omnino
696 880 796 935 per
840 866 1096 937 aliquem,
1129 871 1224 926 sed
1272 887 1303 926 a
1342 873 1471 931 Deo.
1520 877 1886 945 Quemadmo-

310 954 440 1010 dum
481 957 624 1012 enim
676 973 854 1029 neque
888 959 1082 1018 Sermo
1129 962 1218 1019 ille
1244 967 1338 1036 qui
1375 967 1429 1023 in
1475 971 1739 1043 principio
1768 985 1884 1032 erat

312 1048 453 1117 apud
485 1050 650 1105 Deum
677 1051 745 1117 ”,
777 1068 883 1109 non
915 1064 1002 1111 est
1032 1070 1130 1125 per
1152 1058 1430 1129 aliquem;
1462 1079 1637 1135 neque
1668 1067 1885 1137 sapien-

310 1139 387 1194 tia
418 1140 529 1205 illa,
561 1156 723 1212 quam
754 1146 961 1200 ereavit
986 1146 1142 1204 initio
1162 1150 1372 1204 viarum
1408 1169 1628 1209 suarum
1651 1156 1792 1215 Deus
1812 1160 1880 1227 “,

308 1246 417 1287 non
445 1241 528 1289 est
554 1249 653 1305 per
678 1237 918 1306 aliquem
950 1255 965 1293 :
996 1239 1076 1295 sic
1108 1255 1285 1311 neque
1318 1244 1521 1303 veritas
1550 1247 1642 1302 illa
1672 1261 1756 1307 est
1787 1268 1884 1323 per

306 1324 566 1395 aliquem.
599 1325 797 1382 Verum
838 1345 959 1398 qua:
980 1332 1120 1403 apud
1148 1333 1397 1393 homines
1423 1347 1507 1393 est
1536 1341 1760 1408 veritas,
1786 1360 1884 1414 per

303 1415 490 1475 Jesum
525 1418 798 1476 Christum
856 1422 999 1478 facta
1031 1433 1148 1487 est;
1200 1425 1348 1481 verbi
1414 1432 1611 1500 gratia,
1679 1437 1883 1492 veritas

307 1523 430 1577 qua
458 1509 511 1563 in
537 1509 706 1566 Paulo
735 1511 879 1567 inest
905 1516 1226 1584 eaeterisque
1254 1519 1532 1586 apostolis,
1569 1536 1666 1590 per
1691 1521 1878 1580 Jesum

305 1596 584 1655 Christum
614 1601 758 1656 facta
791 1613 896 1658 est.
923 1602 1034 1659 Nec
1066 1607 1260 1661 mirum
1293 1617 1400 1673 est,
1454 1612 1499 1667 si
1528 1615 1728 1671 veritas
1757 1632 1879 1672 eum

303 1691 377 1745 sit
408 1706 538 1757 una,
565 1692 763 1752 multas
791 1695 947 1765 quasi
975 1698 1237 1753 veritates
1275 1701 1342 1756 ab
1370 1702 1457 1758 illa
1486 1706 1732 1763 dicamus
1778 1708 1878 1763 dif-

1948 546 1965 562 .
1986 507 2074 562 6:6
2116 510 2291 580 Ἰησοῦ
2314 511 2550 583 Χριστοῦ
2580 514 2821 584 ἐγένετο,
2849 518 2960 570 οὐδ’
2983 519 3122 584 ὅλως
3145 519 3233 575 διά
3261 539 3428 586 τινος,
3454 506 3572 578 ἀλλ’

1989 600 2093 654 ὑπὸ
2119 597 2255 655 Θεοῦ
2296 604 2533 673 ἐγένετο·
2557 605 2634 671 ὡς
2660 607 2755 662 καὶ
2781 611 2809 662 6
2836 610 3011 679 Λόγος
3041 611 3102 665 οὐ
3128 612 3217 666 διά
3252 630 3420 679 τινος,
3443 617 3473 668 6
3514 618 3572 669 ὲν

1987 694 2129 766 ἀρχῇ
2162 695 2298 767 πρὸς
2337 697 2429 751 τὸν
2458 697 2608 764 Θεὸν,
2649 701 2743 754 καὶ
2787 704 2820 774 ἠ
2863 704 3024 772 σοφία
3052 705 3120 776 ἦν
3151 705 3364 761 ἔκτισεν
3396 708 3571 781 ἀρχὴν

1985 785 2120 841 ὁδῶν
2155 787 2322 842 αὑτοῦ
2364 792 2393 843 6
2423 789 2575 857 Θεὸς,
2612 793 2671 846 οὑ
2701 793 2791 847 διά
2832 811 2994 859 τινος·
3030 795 3204 862 οὕτως
3234 798 3353 851 οὐδὲ
3382 799 3570 872 ἡάλή-

1986 876 2107 933 θεια
2154 879 2243 934 διά
2272 898 2434 946 τινος.
2478 883 2543 936 Ἦ
2593 884 2649 938 δὲ
2700 885 2829 956 παρ’
2876 886 3186 959 ἀνθρώποις
3222 889 3449 962 ἀλήθεια
3478 890 3565 946 διὰ

1997 971 2173 1045 Ἰησοῦ
2205 974 2440 1047 Χριστοῦ
2487 976 2721 1046 ὲγένετο’
2779 973 2889 1032 οἷον
2922 980 3047 1051 ἡ.ὲν
3092 980 3289 1052 Παύλῳ
3336 981 3567 1054 ἀλήθεια

1984 1063 2078 1118 καὶ
2101 1065 2213 1128 τοῖς
2241 1065 2562 1130 ἀποστόλοις
2588 1066 2678 1121 διὰ
2722 1069 2897 1140 Ἰησοῦ
2917 1070 3157 1142 Χριστοῦ
3188 1071 3426 1141 ἐγένετο.
3455 1073 3568 1127 Καὶ

1982 1157 2043 1210 ού
2081 1155 2413 1229 θαυμαστὸν,
2448 1162 2578 1232 μιᾶς
2625 1159 2794 1232 οῦσης
2838 1161 3114 1235 ἀληθείας,
3157 1167 3322 1220 οίονεὶ
3363 1165 3568 1230 πολλὰς

1983 1249 2081 1303 ἀπ’
2114 1250 2329 1322 ἐκείνης
2358 1251 2540 1322 λέγειν
2570 1254 2921 1326 ὲρῥυηκέναι.
2954 1251 3075 1310 Οἷδε
3102 1257 3232 1327 γοῦν
3275 1259 3305 1310 6
3348 1258 3568 1330 προφή-

1981 1359 2083 1414 της
2111 1342 2273 1398 Δαυῒδ
2305 1344 2502 1410 πολλὰς
2536 1346 2795 1418 ἀληθείας
2826 1348 3018 1418 λέγων’
3070 1369 3089 1402 ι
3139 1349 3424 1423 Ἀληθείας
3467 1354 3568 1406 ὲκ-

1984 1435 2137 1505 ζητεί
2164 1437 2389 1507 Κύριος.
2432 1457 2451 1489 ι
2487 1438 2560 1491 Οὐ
2589 1440 2698 1511 γὰρ
2725 1440 2825 1512 τὴν
2853 1440 2983 1510 μίαν
3011 1439 3231 1513 ἐκζητεῖ
3255 1441 3513 1513 ἀλήθειαν
3536 1444 3570 1496 6

1982 1528 2164 1600 πατὴρ
2193 1529 2382 1599 αὐτῆς,
2433 1529 2568 1585 ἀλλὰ
2598 1531 2699 1595 τὰς
2745 1532 2965 1597 πολλὰς,
3011 1534 3079 1587 δι’
3108 1533 3175 1597 ἃς
3210 1534 3469 1598 σώζονται
3515 1536 3566 1587 οί

1981 1619 2194 1691 ἔχοντες
2223 1621 2410 1685 αὑτάς.
2441 1622 2514 1675 Τὸ
2530 1623 2573 1675 δ’
2595 1623 2778 1694 ὅμοιον
2800 1622 2878 1695 τῷ
2911 1625 3158 1697 περὶτῆς
3187 1625 3444 1697 ἀληθείας
3468 1627 3567 1680 καὶ

1979 1711 2088 1765 τῶν
2126 1711 2393 1783 ἀληθειὼν
2430 1713 2593 1785 λόγῳ,
2649 1715 2975 1786 εὑρίσκομεν
3013 1717 3302 1788 εἰρημένον
3329 1717 3458 1788 περὶ
3485 1717 3567 1770 δι-

302 1782 493 1840 lluere.
526 1783 672 1840 Vidit
701 1787 842 1840 enim
874 1786 1041 1844 David
1073 1789 1161 1845 ille
1188 1795 1451 1863 propheta
1485 1798 1683 1854 multas
1730 1815 1789 1855 ve

2077 1775 2275 1878 οσύνης
2288 1775 2766 1862 καὶδικαιοσυνῶν.
2781 1809 2854 1862 Τὸ
2869 1775 2975 1881 γὰρ
2987 1775 3429 1882 αὐτοδικαιοσύνη
3446 1810 3564 1882 (82)

302 1884 467 1942 tates,
499 1877 685 1933 dicens
714 1878 760 1911 “
796 1898 810 1934 :
845 1899 865 1931 ‹
902 1880 1176 1939 Veritates
1227 1889 1478 1957 exquiret
1531 1892 1810 1948 Dominus.
1850 1914 1871 1948 ι

300 1965 422 2022 Non
448 1970 593 2025 enim
625 1988 787 2027 unam
822 1976 1070 2044 exquirit
1114 1976 1402 2034 veritatem
1438 1982 1678 2040 veritatis
1707 1986 1877 2056 ipsius

300 2056 490 2125 Pater,
515 2062 611 2116 sed
643 2062 863 2128 multas,
894 2081 992 2135 per
1022 2081 1161 2137 quas
1208 2083 1496 2127 servantur
1529 2075 1620 2143 qui
1654 2090 1746 2132 eas
1772 2077 1872 2132 ha-

281 2151 454 2208 bent.
483 2153 673 2213 Simile
699 2173 829 2215 vero
867 2163 1124 2232 quiddam
1157 2166 1286 2223 huic
1345 2168 1577 2222 orationi
1639 2169 1706 2224 de
1734 2170 1876 2224 veri-

300 2254 416 2301 tate
442 2257 499 2301 et
524 2250 850 2308 veritatibus
895 2255 1096 2310 dictum
1146 2258 1451 2316 invenimus
1478 2261 1546 2316 de
1582 2260 1795 2331 justitia
1821 2273 1874 2319 et

294 2336 547 2407 justitiis.
598 2342 717 2413 Ipsa
761 2346 905 2401 enim
936 2346 1150 2417 justitia
1187 2352 1349 2424 108
1372 2368 1491 2423 qua:
1532 2370 1597 2410 ex
1627 2370 1687 2411 se
1712 2366 1875 2413 estet

297 2429 699 2500 substantialis,
757 2436 1008 2496 Christus
1040 2449 1145 2508 est,
1192 2461 1211 2494 ι
1254 2445 1343 2513 qui
1392 2443 1569 2501 factus
1603 2454 1687 2501 est
1716 2448 1872 2503 nobis

300 2525 573 2594 sapientia
627 2543 657 2583 a
710 2527 847 2597 Deo,
899 2532 1243 2605 justitiaque,
1298 2546 1352 2591 et
1382 2539 1763 2607 sanctiﬁcatio,
1815 2551 1868 2596 et

296 2617 604 2691 redemptio
632 2622 678 2656 ⁸⁸
704 2622 1014 2700 [perfecta].
1044 2647 1066 2682 ι
1100 2628 1184 2685 Ab
1237 2629 1330 2685 illa
1355 2640 1536 2686 autem
1564 2632 1778 2701 justitia
1805 2650 1868 2689 ea

291 2706 505 2777 iustitia
536 2711 800 2772 formatur
830 2732 948 2788 quae
981 2720 1033 2774 in
1063 2735 1391 2792 unoquoque
1415 2724 1576 2791 inest,
1614 2725 1688 2780 ita
1725 2738 1785 2781 ut
1813 2729 1866 2781 in

298 2798 387 2854 his
412 2802 504 2870 qui
538 2816 851 2874 servantur,
899 2808 1080 2865 multae
1128 2810 1260 2865 tiant
1304 2812 1564 2881 justitiae;
1622 2816 1764 2873 hanc
1798 2816 1869 2873 ob

296 2904 518 2948 causam
544 2897 708 2951 etiam
754 2900 1019 2970 scriptum
1047 2912 1132 2958 est
1158 2903 1202 2942 ‘7
1234 2919 1251 2958 :
1287 2922 1308 2956 ι
1343 2904 1533 2961 Justus
1582 2907 1865 2977 Dominus,

295 2994 354 3039 et
379 2985 625 3054 justitias
655 2992 847 3049 dilexit
878 3011 896 3050 :
935 3014 956 3048 ι
990 2998 1069 3052 sie
1096 2998 1242 3053 enim
1293 3000 1347 3054 in
1375 3001 1518 3055 veris
1544 3003 1869 3073 exemplari.

293 3077 399 3133 bus
444 3090 500 3136 et
532 3085 744 3141 cmteris
791 3087 1171 3146 traditionibus
1218 3091 1373 3162 juxta
1423 3092 1777 3165 Septuaginta
1811 3106 1867 3153 et

297 3168 417 3240 ipso
463 3171 733 3232 Hebraico
785 3179 1109 3239 invenimus.
1174 3184 1385 3255 Inspice
1413 3200 1542 3242 vero
1590 3204 1720 3244 num
1767 3191 1868 3247 isto

292 3266 457 3356 modo
487 3266 591 3323 alia
616 3284 854 3340 quoque,
890 3289 1012 3343 qua:
1034 3276 1282 3335 Christus
1312 3294 1433 3337 esse
1462 3282 1661 3339 dicitur
1688 3284 1869 3356 singu-

291 3353 505 3422 lariter,
542 3374 644 3430 pro
682 3366 1033 3433 proportione
1070 3370 1447 3444 multiplicata,
1502 3376 1737 3443 plurium
1764 3353 1866 3431 nu-

291 3464 447 3506 mero
495 3452 674 3509 ell‘erri
714 3458 961 3526 possint;
1015 3462 1167 3517 verbi
1217 3467 1419 3534 gratia,
1472 3466 1724 3524 Christus
1782 3477 1867 3525 est

290 3543 401 3597 vita
440 3554 646 3614 nostra,
681 3551 1134 3618 quemadmodum
1160 3553 1424 3612 Servator
1445 3561 1561 3627 ipse
1583 3559 1863 3629 inquit“:

298 3658 319 3692 ι
347 3642 458 3713 Ego
488 3660 605 3699 sum
644 3645 748 3710 via,
785 3648 988 3704 veritas
1017 3659 1073 3705 et
1099 3651 1245 3718 vita;
1292 3673 1312 3706 ι
1368 3663 1426 3709 et
1460 3656 1754 3726 Apostolus
1774 3659 1859 3712 δέ

295 3752 315 3783 ι
353 3731 796 3808 Quandocunque
824 3741 1085 3798 Christus
1116 3745 1502 3805 manifestatus
1537 3747 1705 3805 fuerit
1749 3751 1863 3808 vita

289 3835 499 3893 uestra,
552 3837 682 3886 tune
733 3841 789 3887 et
821 3848 917 3889 vos
949 3850 1072 3889 eum
1130 3836 1222 3893 illo
1264 3839 1749 3897 manifestahimiui
1806 3844 1859 3899 in

289 3916 478 3985 gloria.
515 3936 535 3972 ι
570 3921 777 3979 Rursus
822 3924 873 3979 in
914 3925 1143 3985 Psalmis
1190 3931 1456 4002 scriptum
1484 3934 1532 3966 ⁵ο
1563 3952 1576 3987 :
1611 3953 1631 3987 ‹
1671 3934 1861 3991 Melior

290 4010 664 4068 misericordia
690 4022 780 4071 tua
822 4032 986 4089 super
1017 4022 1180 4078 vitas.
1226 4042 1246 4076 ι
1282 4024 1418 4080 Nam
1444 4027 1572 4097 quia
1608 4027 1861 4084 Christus

288 4100 345 4153 in
381 4116 707 4175 unoquoque
738 4108 879 4165 inest
914 4113 1047 4178 vita,
1089 4114 1210 4170 ideo
1244 4117 1674 4187 multiplicantur
1699 4122 1856 4191 vitae;

284 4189 538 4249 fortassis
572 4195 678 4252 isto
708 4200 869 4256 modo
920 4211 975 4257 et
1007 4202 1136 4258 illud
1174 4207 1555 4276 inquirendum
1588 4227 1603 4264 :
1651 4229 1671 4263 ι
1716 4189 1857 4266 Num

284 4287 720 4355 experimentum
774 4296 1018 4362 qumritis
1057 4297 1205 4369 ejus,
1262 4301 1354 4370 qui
1394 4301 1450 4356 in
1481 4319 1567 4359 me
1616 4303 1858 4375 loquitur

282 4378 539 4436 Christus
565 4382 652 4437 ⁵ίῖ
694 4402 715 4436 ι
751 4384 947 4441 Fertne
996 4391 1141 4445 enim
1196 4393 1249 4447 in
1301 4409 1632 4466 unoquoque
1667 4411 1856 4453 sancto

1984 1899 2018 1969 ή
2052 1895 2311 1969 οῦσιὼδης
2344 1900 2574 1969 Χριστός
2609 1902 2778 1966 ἐστιν,
2819 1921 2836 1951 ι
2880 1901 2938 1964 ὃς
2975 1902 3206 1975 ἐγενήθη
3242 1903 3399 1973 σοφία
3426 1905 3567 1975 ἡμῖν

1984 1989 2092 2044 ἀπὸ
2114 1989 2270 2055 Θεοῦ,
2307 1991 2618 2066 δικαιοσύνη
2658 2011 2716 2047 τε
2772 1996 2864 2050 καὶ
2895 1995 3185 2066 ἁγιασμὸς,
3230 1998 3323 2049 καὶ
3361 1995 3567 2050 ἀπολύ-

1980 2097 2201 2153 τρωσις.
2245 2102 2264 2134 ι
2292 2083 2412 2137 Ἀπ’
2444 2085 2657 2157 ἐκείνης
2687 2086 2744 2140 δὲ
2772 2087 2869 2158 τῆς
2898 2087 3243 2160 δικαιοσύνης
3272 2092 3304 2161 ἠ
3336 2091 3395 2144 ἐν
3428 2089 3564 2143 6x6-

1983 2191 2092 2245 στῳ
2117 2175 2432 2250 δικαιοσύνη
2456 2177 2743 2244 τυποῦται,
2774 2178 2850 2242 ὡς
2881 2178 3126 2248 γίνεσθαι
3145 2182 3224 2233 ,ἐν
3253 2182 3364 2244 τοῖς
3400 2180 3564 2245 σωζο-

1983 2266 2164 2337 μένοις
2193 2268 2393 2333 πολλὰς
2422 2270 2787 2335 δικαιοσύνας·
2806 2271 2886 2326 διὸ
2913 2272 3005 2325 καὶ
3027 2272 3356 2344 γέγραπται·
3391 2292 3409 2325 ι
3436 2275 3561 2329 ’Ότι

1978 2357 2186 2424 δίκαιος
2223 2361 2453 2431 Κύριος,
2484 2364 2578 2416 καὶ
2617 2363 2963 2428 δικαιοσύνας
3001 2367 3323 2437 ἠγάπησεν*
3365 2387 3384 2419 ι
3413 2367 3562 2423 οὕτω

1978 2449 2087 2523 γὰρ
2116 2451 2174 2504 ὲν
2203 2454 2314 2517 τοῖς
2345 2453 2627 2526 ἀκριϐέσιν
2653 2455 3006 2528 ἀντιγράφοις
3034 2456 3286 2529 εὕρομεν,
3311 2460 3405 2513 καὶ
3433 2463 3559 2526 ταῖς

1977 2542 2190 2607 λοιπαῖς
2236 2544 2387 2617 παρὰ
2427 2548 2554 2610 τοὺς
2595 2547 2991 2619 Ἑϐδομήκοντα
3039 2549 3304 2614 ὲκδόσεσι,
3346 2552 3439 2605 καὶ
3476 2553 3557 2623 τῷ

1991 2636 2283 2710 Ἑϐραῖκῷ.
2339 2639 2659 2710 Ἐπίστησον
2701 2640 2758 2694 δὲ
2786 2643 2835 2693 εί
2860 2639 3082 2695 δύναται
3107 2642 3309 2714 ὁμοίως
3341 2644 3435 2697 καὶ
3484 2645 3555 2698 τὰ

1975 2730 2130 2797 ἄλλα,
2162 2732 2262 2786 ὅσα
2284 2733 2518 2804 Χριστὸς
2539 2729 2676 2787 εἶναι
2705 2732 2920 2802 λέγεται
2953 2735 3166 2801 ἑνικῶς,
3205 2736 3556 2808 πληθυόμενα

1974 2810 2233 2895 ἀνάλογον
2279 2825 2642 2898 ὀνομάζεσθαι
2701 2827 3100 2899 πληθυντικῶς,
3160 2825 3270 2885 οἷον
3317 2832 3557 2903 Χριστός

1973 2916 2121 2971 ἐστιν
2153 2919 2186 2989 ἡ
2216 2917 2329 2991 ζωὴ
2361 2918 2541 2989 ἡμῶν,
2575 2920 2650 2984 ὡς
2683 2919 2845 2983 αὐτὸς
2870 2920 2899 2972 6
2927 2920 3118 2993 Σωτήρ
3150 2937 3332 2992 φησιν·
3357 2942 3375 2973 ι
3410 2922 3556 2992 Ἐγὼ

1972 3012 2089 3082 είμι
2118 3010 2307 3082 ήὸδὸς,
2337 3011 2430 3066 καὶ
2457 3013 2490 3083 ή
2524 3011 2772 3083 ἀλήθεια,
2808 3013 2901 3066 καὶ
2925 3013 2958 3083 ὴ
2982 3012 3115 3084 ζωή·
3144 3032 3162 3065 ι
3197 3014 3291 3067 καὶ
3319 3017 3348 3068 6
3390 3014 3555 3068 Ἀπό-

1899 3139 1942 3198 C
1975 3102 2176 3168 στολος·
2207 3123 2225 3156 ι
2253 3105 2419 3158 Ὅταν
2451 3104 2682 3177 Χριστὸς
2714 3104 2998 3178 φανερωθῇ
3020 3106 3054 3176 ἡ
3075 3104 3188 3177 ζωὴ
3218 3106 3398 3178 ἡμῶν,
3427 3107 3553 3160 τότε

1973 3199 2067 3252 καὶ
2108 3198 2266 3269 ὑμεῖς
2311 3198 2408 3252 σὺν
2458 3198 2608 3270 αὐτῷ
2659 3198 3110 3271 φανερωθήσεσθε
3164 3202 3221 3252 ὲν
3265 3198 3554 3273 δόξῃ.›Ἐν

1969 3289 2221 3361 Ψαλμοῖς
2275 3291 2334 3345 δὲ
2389 3291 2551 3346 πάλιν
2601 3292 3046 3365 ἀναγέγραπται·
3108 3311 3127 3344 ι
3176 3294 3441 3364 Κρεῖττον
3489 3294 3553 3348 τὸ

1970 3382 2118 3447 ἔλεός
2145 3399 2239 3436 σου
2271 3382 2409 3456 ὑπὲρ
2452 3383 2617 3448 ζωάς⁵
2657 3403 2675 3436 ι
2706 3384 2797 3439 διὰ
2825 3385 2933 3456 γὰρ
2954 3385 3044 3438 τὸν
3076 3386 3135 3437 ὲν
3162 3385 3377 3456 ἑκάστῳ
3409 3387 3550 3458 Χρι-

1969 3473 2095 3527 στὸν
2130 3472 2268 3526 ὄντα
2299 3471 2442 3544 ζωὴν
2470 3471 2800 3544 πληθύονται
2847 3475 2903 3526 al
2932 3471 3090 3536 ζωαί.
3122 3472 3274 3543 Τάχα
3317 3472 3375 3525 δὲ
3405 3472 3551 3526 οῦτω

1968 3565 2228 3639 ζητητέον
2260 3565 2352 3619 καὶ
2381 3564 2460 3618 τόο
2510 3582 2531 3616 ι
2568 3565 2631 3618 Et
2656 3563 2884 3636 δοκιμὴν
2934 3564 3145 3635 ζητεῖτε
3186 3564 3279 3618 τοῦ
3326 3566 3385 3617 ὲν
3425 3566 3549 3637 ἐμοὶ

1968 3656 2254 3723 λαλοῦντος
2278 3656 2549 3730 Χριστοῦς
2581 3676 2600 3709 ι
2631 3657 2809 3711 Οἱονεὶ
2839 3657 2947 3729 γὰρ
2979 3656 3102 3711 καθ’
3127 3656 3357 3712 ἕκαστον
3392 3658 3549 3727 ἆγιον

1966 3749 2200 3821 Χριστὸς
2232 3749 2564 3820 εὑρίσκεται,
2611 3750 2705 3804 καὶ
2742 3748 2979 3818 γίνονται
3013 3750 3117 3804 διὰ’
3145 3752 3236 3804 τὸν
3265 3750 3364 3804 ἕνα
3407 3752 3546 3823 Χρι-

1967 3841 2090 3895 στὸν
2119 3840 2303 3897 πολλοὶ⁵
2338 3841 2586 3914 Χριστοὶ,
2630 3842 2680 3894 οἱ
2728 3840 2938 3895 ἐκείνου
2991 3841 3246 3913 μιμηταὶ,
3283 3842 3378 3895 καὶ
3424 3844 3548 3896 κατ’

1964 3934 2124 3988 αὑτὸν
2162 3933 2345 3988 εἰκόνα
2376 3933 2506 3987 ὅντα
2540 3931 2674 3985 Θεοῦ
2716 3933 3154 4004 μεμορφωμένοι·
3187 3931 3309 3987 ὃθεν
3334 3934 3365 3985 6
3413 3934 3546 3998 Θεὸς

1962 4023 2051 4078 διὰ
2078 4022 2172 4077 τοῦ
2207 4025 2490 4097 προφήτου
2523 4022 2678 4094 φησί’
2713 4043 2731 4074 ι
2770 4023 2861 4094 Μὴ
2898 4023 3108 4095 ἆψησθε
3144 4023 3254 4077 τῶν
3288 4024 3546 4099 Χριστῶν

1967 4134 2090 4189 μου.
2129 4137 2147 4168 ι
2192 4118 2258 4171 Ὃ
2281 4116 2460 4171 τοίνυν
2488 4115 2749 4186 ἐδόξαμεν
2783 4115 3214 4188 παρεληλυθέναι
3247 4116 3545 4189 διηγούμε-

1962 4208 2143 4275 νοιτό,
2185 4227 2204 4260 ι
2250 4208 2314 4262 Ἥ
2342 4208 2501 4281 χάρις
2529 4207 2623 4261 καὶ
2660 4208 2694 4279 ἠ
2725 4206 2949 4279 ἀλήθεια
2975 4206 3062 4261 διὰ
3102 4207 3278 4278 Ἰησοῦ
3323 4207 3543 4280 χριστοῦ

1962 4300 2198 4370 ἐγένετο,
2238 4320 2258 4351 ι
2290 4299 2449 4354 τοῦτο
2475 4298 2569 4353 νῦν
2595 4299 2737 4354 κατὰ
2763 4299 2823 4353 τὸ
2856 4300 3096 4370 ἐμπεσὸν
3128 4300 3541 4371 ἁνεπτύξαμεν·

1962 4392 2081 4465 ἅμα
2115 4394 2174 4448 δὲ
2216 4395 2661 4467 παρεστήσαμεν,
2690 4395 2772 4447 ὄτι
2814 4393 2909 4447 τοῦ
2942 4394 3247 4448 Βαπτιστοῦ
3293 4395 3542 4449 Ἰωάννου

281 4468 534 4527 Christus
572 4472 869 4545 invenitur,
924 4489 979 4535 et
1023 4481 1160 4537 ﬁunt
1217 4498 1316 4553 per
1355 4502 1521 4542 unum
1574 4487 1768 4544 Christi

2054 4487 2160 4559 ὶνή
2194 4489 2363 4558 φωνή·
2391 4486 2473 4540 ἔτι
2493 4487 2551 4541 δὲ
2574 4487 2668 4541 καὶ
2690 4485 2779 4541 διὰ
2804 4485 3009 4540 τούτων
3040 4487 3445 4561 μαρτυροῦντος
3465 4489 3541 4561 τῷ

278 4562 438 4618 multi
468 4565 696 4638 Christi,
732 4570 880 4627 illius
909 4574 1236 4643 imitatores,
1276 4589 1332 4634 et
1371 4579 1748 4637 transformati
1787 4583 1856 4638 ad
1963 4580 2078 4653 Υἱῴ
2110 4580 2202 4635 τοῦ
2233 4579 2391 4633 Θεοῦ.

281 4655 428 4714 illius
458 4662 890 4737 similitudinem,
933 4673 1026 4739 qui
1068 4683 1153 4730 est
1192 4674 1370 4743 imago
1413 4676 1542 4746 Dei;
1585 4679 1728 4733 unde
1765 4692 1864 4749 per
1900 4681 2223 4749 prophetam
2276 4677 2451 4746 inquit
2504 4676 2646 4731 Deus
2684 4693 2699 4730 :
2744 4692 2764 4728 ι
2805 4676 2884 4733 Ne
2939 4677 3228 4749 tetigeritis
3306 4676 3538 4731 chris-tos

278 4767 431 4811 meos
473 4758 542 4813 ⁸³.
596 4779 617 4812 ι
668 4764 821 4830 Quod
872 4767 1032 4838 igitur
1088 4771 1141 4826 in
1193 4775 1504 4831 enarranda
1548 4776 1651 4831 visi
1695 4792 1885 4832 sumus
1929 4777 2297 4848 prmteriisse;
2358 4789 2584 4844 nempe,
2644 4792 2663 4825 ι
2710 4773 2896 4830 Gratia
2947 4786 3004 4831 et
3051 4775 3257 4831 veritas
3305 4792 3405 4846 per
3447 4773 3538 4828 Je.

280 4861 404 4903 sum
441 4850 718 4910 Christum
743 4857 884 4914 facta
915 4873 1000 4917 est
1020 4862 1086 4930 ⁵³,
1119 4882 1138 4917 ι
1175 4866 1355 4921 obiter
1390 4883 1533 4923 nunc
1577 4869 1957 4939 eXplieuimus,
2002 4870 2224 4939 insuper
2246 4868 2599 4922 ostendentes
2645 4866 2872 4923 Joannis
2921 4867 3179 4938 Baptista:
3227 4869 3369 4925 haue
3416 4886 3539 4926 esse

277 4956 492 5010 vocem,
529 4948 707 5005 adhuc
751 4952 912 5007 etiam
949 4969 1045 5025 per
1092 4958 1208 5012 hme
1246 4962 1408 5015 verba
1450 4962 1814 5020 testimonium
1856 4963 2132 5019 reddentis
2166 4962 2303 5017 Filio
2340 4961 2456 5015 Dei.
2976 4976 2985 4979 “

345 5039 403 5095 4.
444 5039 561 5095 Jam
598 5056 726 5114 ergo
780 5048 1062 5105 videamus
1110 5056 1407 5111 secundum
1456 5057 1681 5115 Joannis
1704 5059 1832 5116 testi

2048 5058 2076 5110 ι.
2107 5056 2244 5128 Ἤδη
2270 5051 2362 5110 οὖν
2392 5054 2590 5126 ἴδωμεν
2620 5054 2720 5128 τὴν
2738 5054 2998 5127 δευτέραν
3042 5057 3284 5113 Ἰωάννου
3325 5077 3535 5131 μαρτυ-

277 5132 518 5188 monium
544 5132 611 5186 “.
638 5134 716 5190 Ex
748 5135 1138 5210 Hierosolymis
1177 5143 1371 5211 Judaei,
1400 5163 1498 5204 ceu
1527 5149 1715 5207 aﬂines
1745 5150 1764 5204 Ι

2047 5167 2095 5203 ν.
2132 5149 2264 5202 Ἀπὸ
2304 5148 2689 5221 Ἱεροσολύμων
2735 5150 2996 5214 Ἰουδαῖοι,
3029 5150 3106 5214 ὡς
3137 5157 3420 5220 συγγενεῖς
3447 5154 3534 5209 ὃν·

273 5225 477 5295 ptistaa,
512 5227 603 5297 qui
649 5244 717 5283 ex
755 5244 953 5301 genere
989 5237 1310 5293 sacerdotali
1343 5251 1481 5307 erat,
1535 5245 1760 5300 sacerdo

2085 5240 2179 5295 τοῦ
2206 5240 2533 5305 Βαπτιστοῦ,
2570 5242 2678 5295 ἀπὸ
2709 5241 2898 5309 γένους
2930 5242 3201 5313 ἱερατικοῦ
3237 5244 3533 5315 τυγχάνον-

274 5318 519 5385 mittunt,
553 5329 610 5374 et
638 5318 855 5375 Levitas
881 5323 1337 5398 interrogaturos,
1365 5330 1486 5399 quis
1518 5333 1735 5387 tandem
1760 5360 1761 5373 ι

2048 5375 2062 5397 ,
2094 5336 2255 5406 ἱερεῖς
2286 5333 2563 5405 πέμπουσι
2590 5335 2685 5388 καὶ
2709 5335 2938 5400 Λευῒτας
2970 5337 3362 5409 πευσομένους,
3386 5340 3533 5403 ὅστις

275 5422 362 5465 set
393 5410 651 5470 Joannes.
695 5414 766 5468 At
816 5415 907 5471 ille
958 5417 1166 5487 dicens,
1205 5442 1224 5475 ‹
1263 5422 1375 5479 Non
1403 5440 1522 5480 sum
1562 5440 1661 5496 ego
1690 5424 1762 5481 Ch

2043 5429 2082 5482 τὲ
2104 5429 2190 5499 εἴη
2214 5430 2242 5480 6
2282 5427 2554 5497 Ἰωάννης.
2599 5427 2658 5481 '0
2687 5429 2744 5482 δὲ
2770 5429 2942 5499 λέγων
2956 5431 3036 5496 τὸ,
3071 5450 3089 5483 ι
3134 5431 3275 5502 Ἐγὼ
3296 5436 3397 5488 οῦκ
3418 5437 3530 5506 εἰμὶ

351 5503 396 5593 :3
420 5503 575 5593 Joan.
609 5521 649 5573 ι,
683 5505 741 5593 2;
816 5505 1048 5593 “from
1074 5528 1192 5593 _v|u.
1233 5517 1350 5593 2'2._
1425 5518 1802 5593 “_Ps_al._xxx,
1834 5527 1838 5547 ‘

2037 5527 2049 5555 ⁵
2094 5522 2268 5578 lCor.
2314 5538 2358 5587 ι,
2391 5520 2481 5575 50.
2574 5521 2619 5554 ‘7
2659 5521 2800 5580 Psal.
2841 5542 2894 5590 κ,
2920 5527 2973 5581 8.
3053 5525 3097 5557 ⁸⁸
3123 5525 3281 5584 Joan.
3317 5543 3431 5593 xlv,

278 5569 321 5603 "
347 5572 555 5632 Culoss.
584 5569 686 5659 οι,
712 5576 769 5631 4.
873 5582 918 5612 ⁵ο
962 5582 1109 5638 Psal.
1153 5569 1374 5654 ιὶιιξι.
1474 5569 1765 5646 sines}:

278 5655 314 5703 ι,
357 5644 440 5695 l7.
512 5645 711 5702 “Ibid.
745 5648 834 5704 l9.

2094 5569 2399 5650 '"ulvParal.
2450 5607 2562 5658 xu,
2598 5594 2699 5660 9.2;
2744 5569 2894 5650 Psal.,
2938 5611 3045 5662 CIV,
3099 5599 3188 5656 15.
3300 5600 3347 5631 ⁸³
3370 5569 3526 5656 δύου.

275 5655 314 5703 ι,
357 5655 440 5695 11.
512 5655 560 5676 οδ
584 5655 711 5702 ibid.
745 5655 834 5703 t9.

349 5738 455 5807 (82)
489 5739 558 5794 T6
586 5744 693 5810 γὰρ
719 5746 1242 5820 αὐτοδικαιοσύνη.
1278 5750 1588 5824 Legendum
1606 5753 1836 5821 videtur,

1051 5748 1242 5820 ›σύνη.
1278 5750 1588 5824 Legendum
1606 5753 1837 5821 videtur,
1855 5755 1919 5810 'H
1944 5754 2052 5827 γὰρ
2077 5757 2538 5827 αὑτοδικαιοσύνη.
