3766 6142
222 224 320 283 213

1302 233 1655 291 COMMENT.
1691 234 1759 289 IN
1791 233 1984 292 JOAN.
2012 234 2248 293 TOMUS
2277 234 2368 292 Vl.

3333 237 3445 294 2η

213 347 241 399 6
262 342 510 416 Χριστὸς,
548 363 568 397 ι
603 346 678 400 δι’
705 347 868 402 αὐτοῦ
894 349 1076 403 τούτου
1097 346 1387 420 ὁμολογίαν
1400 350 1656 421 ἀληθείας
1687 368 1763 404 πε-

1884 363 1999 406 stus
2022 351 2090 418 ⁸⁸,
2136 371 2155 405 ι
2196 351 2444 407 veritatis
2483 348 2879 408 confessionem
2924 350 3127 414 edidit,
3187 367 3323 418 nec,
3382 358 3445 412 ut

211 437 442 511 τωίηται,
467 438 566 492 καὶ
592 440 717 511 οὐχ,
750 440 827 505 ὡς
855 440 920 495 ἀν
951 458 1036 504 τις
1066 441 1346 506 ὑπολάϐοι,
1381 441 1468 496 διὰ
1495 442 1577 507 τὸ,
1614 461 1632 494 ι
1666 444 1780 496 Οὐκ

211 528 318 601 εἰμὶ
346 527 665 600 ὁΧριστὸς,
710 549 731 582 ι
768 532 1059 602 ήρνήσατο’
1110 532 1171 584 οὑ
1216 530 1324 603 γάρ
1366 533 1512 585 ἐστιν
1553 530 1781 603 ἄρνησις

209 623 264 676 τὸ
296 622 374 685 είς
409 620 570 686 δόξαν
615 620 853 694 Χριστοῦ
906 620 1084 691 λέγειν
1137 621 1212 694 μὴ
1253 622 1414 677 αὐτὸν
1452 619 1591 677 εἶναι
1642 625 1779 695 Χρι-

211 715 340 768 στόν.
379 713 565 781 Ἀπαξ
595 715 657 769 δὲ
680 717 729 769 οί
762 714 1105 787 πεμφθέντες
1135 715 1244 770 ἀπὸ
1291 715 1675 787 Ἰεροσολύμων
1707 716 1780 768 ίε-

210 808 312 876 ρεῖς
351 804 444 859 καὶ
476 803 727 873 Λευῖται,
764 805 1095 871 ἀκούσαντες
1129 807 1192 860 τὸ
1224 807 1298 879 μὴ
1329 802 1467 862 εἶναι
1495 808 1658 862 αὐτὸν
1690 807 1779 862 τὸν

208 894 655 967 προσδοκώμενον
683 898 939 970 Χριστὸν,
970 897 1332 954 πυνθάνονται
1372 900 1502 974 περὶ
1527 898 1634 985 ’τοῦ
1667 899 1781 953 δευ-

206 988 354 1058 τέρου
402 986 768 1060 ἐλπιζομένου
832 989 964 1062 παρ’
1028 991 1213 1056 αὐτοῖς
1277 992 1460 1064 τιμίου
1519 993 1777 1063 ὀνόματος

218 1077 405 1145 Ἠλίου,
468 1082 520 1134 εί
565 1082 732 1147 αὐτὸς
774 1083 859 1155 είη
919 1084 1143 1148 ἐκεῖνος.
1192 1084 1354 1153 Λέγει
1407 1085 1465 1139 δὲ
1521 1084 1596 1157 μὴ
1648 1101 1773 1154 τυγ-

206 1169 376 1239 χάνειν
416 1170 633 1236 Ἠλίας,
652 1171 815 1226 πάλιν
836 1172 1114 1244 ὁμολογῶν
1139 1172 1229 1227 διὰ
1251 1173 1368 1240 τοῦ,
1396 1194 1415 1226 ι
1453 1175 1567 1230 Οὐκ
1593 1176 1730 1246 είμί,
1753 1196 1771 1229 ι

206 1263 262 1315 τὺ
316 1263 535 1334 ἀληθές.
592 1265 747 1318 Ἐπεὶ
794 1264 873 1330 δὲ,
937 1266 1148 1320 πολλῶν
1205 1268 1501 1340 προφητῶν
1559 1269 1778 1342 γινομέ-

206 1369 302 1408 νων
351 1355 408 1408 ἐν
484 1354 742 1426 Ἰσραὴλ,
806 1349 887 1419 εἷς
950 1372 1034 1419 τις
1087 1358 1116 1410 6
1168 1357 1273 1409 ὑπὸ
1324 1357 1567 1421 Μωσέως
1640 1376 1777 1429 προ-

207 1445 475 1515 φητευθεὶς
533 1445 831 1517 ἐξαιρέτως
881 1447 1247 1520 προσεδοκᾶτο
1291 1447 1433 1502 κατὰ
1474 1449 1535 1502 τὸ
1569 1450 1775 1518 φάσκον

206 1537 386 1610 ρητόνο
460 1557 479 1590 ι
548 1540 846 1611 Προφήτην
925 1540 1053 1611 ὑμῖν
1131 1542 1425 1615 ἀναστήσει
1487 1543 1691 1615 Κύριος
1748 1548 1776 1599 6

203 1629 320 1692 Θεὸς
367 1629 527 1701 ήμῶν
575 1632 644 1684 ἐκ
693 1631 801 1685 τῶν
849 1631 1094 1702 ἀδελφῶν
1147 1633 1321 1705 ὑμῶν,
1368 1633 1444 1699 ὡς
1497 1635 1630 1706 ἐμέ·
1680 1636 1777 1688 αὐ-

1882 441 2077 511 aliquis
2119 441 2384 511 suspicari
2432 449 2641 510 posset,
2685 455 2781 510 per
2832 440 2948 497 haec
3004 442 3202 506 verba,
3248 462 3268 494 ι
3319 443 3439 501 Νοη

1881 550 1999 590 sum
2030 550 2128 605 ego
2162 535 2431 601 Christus,
2472 552 2492 586 ι
2529 534 2785 603 negavit;
2829 547 3002 603 neque
3047 535 3191 589 enim
3223 536 3440 607 negatio

1878 635 1981 690 est,
2009 625 2073 679 ad
2095 624 2297 681 Christi
2326 625 2549 693 gloriam
2576 625 2760 680 dicere
2784 640 2846 680 se
2869 641 2972 679 non
2997 639 3117 681 esse
3136 625 3438 681 Christum.

1877 716 2142 771 Caeterum
2172 731 2294 771 cum
2324 717 2598 772 audissent
2623 716 2714 785 qui
2746 715 2894 771 missi
2921 716 3135 770 fuerant
3160 734 3227 773 e-x
3251 716 3442 773 Hiero-

1879 809 2205 880 solymorum
2251 810 2384 865 urbe
2415 812 2726 867 sacerdotes
2775 820 2829 865 et
2859 810 3082 877 Levita),
3118 811 3293 879 ipsum
3328 825 3439 867 non

1878 912 1997 953 esse
2022 898 2300 954 Christum
2337 909 2732 971 exspectatum,
2764 903 2831 957 de
2856 902 3093 957 secundo
3138 902 3227 970 qui
3254 917 3439 971 spera-

1878 991 2038 1045 batur
2060 991 2278 1063 [nempe
2308 991 2472 1066 Elia],
2505 993 2660 1063 cujus
2698 1007 2895 1049 nomen
2929 992 3104 1065 magni
3127 992 3272 1063 apud
3296 993 3442 1063 ipsos

1880 1082 2062 1148 fiebat,
2094 1094 2517 1153 percunctantur
2548 1101 2675 1139 num
2730 1086 2847 1155 ipse
2871 1084 2958 1140 ille
2991 1094 3156 1139 esset.
3208 1084 3326 1150 Quo
3353 1084 3439 1138 di-

1877 1185 2034 1229 cente
2086 1191 2143 1229 se
2189 1191 2290 1230 non
2320 1191 2443 1232 esse
2488 1176 2682 1242 Eliam,
2741 1192 2928 1232 rursus
2956 1174 3219 1240 dicendo,
3255 1193 3274 1226 ι
3319 1173 3437 1229 Non

1877 1282 1998 1322 sum
2027 1267 2095 1336 ⁸ο,
2136 1286 2154 1318 ι
2183 1267 2383 1323 fatetur
2423 1283 2630 1322 verum.
2682 1267 2946 1334 Quoniam
3001 1283 3130 1324 vero
3163 1267 3440 1335 prophetae

1877 1355 2028 1410 multi
2055 1372 2173 1410 cum
2203 1367 2384 1412 essent
2414 1358 2466 1411 in
2496 1356 2685 1422 Israel,
2716 1372 2854 1411 unus
2880 1356 3148 1427 quispiam
3172 1354 3440 1424 praecipue

1874 1451 2291 1518 exspectabatur
2329 1451 2688 1520 prophetatus
2746 1467 2774 1504 a
2814 1450 2977 1524 Diosc,
3027 1452 3181 1520 juxta
3211 1448 3435 1503 verbum

1877 1540 2007 1595 illud
2042 1542 2228 1596 dicens
2256 1542 2302 1574 ⁸⁷
2343 1558 2357 1595 :
2399 1560 2417 1593 ι
2449 1542 2778 1611 Prophetatn
2823 1542 2973 1598 vobis
3013 1539 3300 1598 suscitabit
3344 1539 3443 1592 Do-

1878 1632 2052 1686 minus
2075 1632 2217 1688 Deus
2262 1642 2446 1689 noster
2471 1649 2537 1688 ex
2563 1634 2828 1689 fratribus
2860 1634 3076 1698 vestris,
3129 1633 3270 1688 sicut
3304 1643 3391 1684 me
3420 1644 3435 1682 :

201 1720 283 1774 τοῦ
328 1720 656 1776 ἀκούσεσθε·
714 1724 807 1777 καὶ¹
851 1723 1002 1778 ἔσται
1056 1727 1209 1780 πᾶσα
1255 1728 1288 1798 ἡ
1327 1725 1494 1798 ψυχὴ,
1533 1727 1655 1798 ἥτις
1708 1726 1763 1783 ἂι

1881 1721 2039 1792 109
2067 1724 2240 1790 ipsum
2282 1725 2492 1791 audite;
2523 1734 2577 1780 et
2604 1726 2781 1781 omnis
2804 1727 3007 1791 anima,
3035 1739 3154 1794 quae
3184 1738 3289 1777 non
3343 1736 3440 1774 au-

203 1813 270 1884 μὴ
308 1813 519 1887 ἀκούσῃ
577 1814 676 1868 τοῦ
732 1818 1010 1887 προφήτου
1065 1818 1295 1883 ἐκείνου,
1332 1819 1776 1892 ἐξολοθρευθήσε-

200 1920 280 1957 ται
321 1906 385 1957 ἐκ
424 1905 521 1959 τοῦ
558 1906 694 1961 λαοῦ
741 1908 928 1973 αὑτοῦ,
971 1928 989 1962 ›
1023 1909 1207 1980 τρίτον
1246 1909 1521 1984 ἐρωτῶσιν
1553 1911 1673 1982 οὐχὶ¹
1726 1915 1774 1966 εί

201 2002 470 2070 προφήτης
486 2000 601 2072 εἴη,
626 2000 743 2054 ἀλλ’
766 2004 815 2054 εί
830 2005 858 2056 6
876 2004 1176 2074 προφήτης.
1210 2004 1320 2058 Καὶ
1341 2003 1499 2058 τοῦτο
1521 2003 1582 2057 τὸ
1605 2004 1775 2076 ὄνομα

199 2089 407 2143 ἐκείνων
447 2092 551 2144 οὐκ
586 2094 680 2144 ἐπὶ
719 2093 957 2164 Χριστοῦ
994 2095 1316 2160 ταττόντων,
1354 2095 1470 2150 ἀλλ’
1516 2097 1774 2168 οἰομένων

200 2180 368 2252 ἕτερον
398 2181 555 2254 παρὰ
596 2183 690 2238 τὸν
732 2186 967 2257 Χριστὸν
1009 2187 1171 2242 αὐτὸν
1215 2184 1375 2253 εἶναι,
1418 2189 1580 2253 αὐτὸς
1610 2189 1772 2260 γινώ-

200 2287 331 2327 σκων
357 2274 448 2327 τὸν
468 2269 533 2329 οὗ
567 2276 877 2348 πρόδρομος
905 2281 1053 2332 ἐστιν
1087 2279 1190 2350 (ὅτι
1214 2281 1306 2334 καὶ
1326 2282 1354 2334 6
1377 2282 1610 2354 Χριστὸς
1629 2283 1722 2336 καὶ
1742 2285 1771 2337 6

201 2366 472 2438 προφήτης
513 2369 667 2422 ἐστὶν
712 2370 741 2421 6
790 2370 1229 2444 προφητευθείς),
1277 2372 1460 2444 φησίν·
1497 2372 1594 2426 Οὐ·
1629 2373 1769 2445 τάχα

198 2454 272 2517 τὸ,
325 2474 343 2506 ι
383 2457 515 2524 Ναί,
556 2478 576 2511 ι
630 2461 1084 2530 ἀποκρινάμενος,
1134 2465 1181 2516 εί
1216 2464 1385 2534 χωρὶς
1430 2462 1524 2517 τοῦ
1566 2463 1768 2537 ἄρθρου

202 2549 594 2622 ήρωτήκεισανο
625 2553 686 2606 οὑ
735 2553 844 2625 γὰρ
871 2554 1058 2624 ἠγνόει
1108 2557 1393 2629 προφήτης
1423 2556 1519 2612 ὢν.
1549 2558 1659 2612 Καὶ
1712 2563 1770 2614 ἐν

198 2642 410 2709 ταύταις
429 2645 590 2710 ὅλαις
618 2649 738 2711 ταῖς
768 2647 1120 2720 ἀποκρίσεσιν
1145 2650 1177 2720 ἡ
1207 2647 1436 2721 δευτέρα
1462 2649 1672 2704 οὐδέπω
1690 2668 1774 2705 τε-

201 2736 429 2791 τέλεσται
470 2740 754 2810 μαρτυρία
793 2740 1059 2805 Ἰωάννου,
1091 2740 1195 2806 ἕως
1224 2743 1336 2806 τοῖς
1366 2742 1606 2797 αίτοῦσιν
1638 2744 1772 2799 ἁπό-

202 2846 367 2901 κρισιν
399 2832 964 2906 ἀπαγγελθησομένην
983 2837 1097 2899 τοῖς
1121 2834 1421 2906 πέμψασιν,
1446 2837 1636 2891 ἐαυτὸν
1662 2838 1772 2893 ὰπδ

205 2923 534 2994 προφητικῆς
572 2924 897 2997 κατήγγειλε
926 2925 1131 2998 φωνῆς,
1157 2925 1257 2997 τῆς
1283 2927 1374 2981 τοῦ
1414 2929 1654 2997 Ἡσαΐου,
1681 2930 1770 2985 οὐ-

202 3029 297 3118 τως
322 3014 585 3118 ἐξώστης
605 3036 630 3118 ⁸ι
655 3018 808 3090 Φωνὴ
841 3017 1068 3089 βοῶντος
1092 3020 1153 3073 ἐν
1167 3022 1233 3092 τῇ
1259 3021 1468 3094 ἐρήμῳ·
1494 3022 1769 3078 Εὐθύνατε
1795 3060 1837 3118 C

202 3102 289 3175 τὴν
316 3105 428 3160 ὁδὸν
463 3106 704 3179 Κυρίου.
746 3127 764 3160 ι

204 3330 215 3336 ~
266 3305 314 3361 5.
346 3306 527 3373 Ἄξιον
554 3307 613 3361 δέ
634 3306 864 3379 ζητῆσαι
893 3310 1119 3381 πότερον
1148 3311 1455 3366 τετέλεσται
1482 3316 1514 3383 ἡ
1546 3313 1770 3385 δευτέρα

208 3401 482 3471 μαρτυρία,
506 3401 607 3455 καὶ
639 3402 796 3473 τρίτη
828 3403 1039 3471 γίνεται
1068 3404 1203 3474 πρὸς
1231 3404 1672 3479 ἀπεσταλμένους
1704 3408 1770 3460 ἐκ

206 3492 300 3546 τῶν
321 3494 653 3567 Φαρισαίων,
683 3496 777 3550 καὶ
800 3495 1156 3568 βουλομένους
1173 3515 1226 3551 τι
1253 3498 1462 3569 μαθεῖν,
1486 3499 1539 3553 τί
1568 3500 1767 3572 δήποτε

207 3582 456 3651 βαπτίζει,
485 3588 630 3659 μήτε
656 3589 909 3660 Χριστὸς,
935 3590 1071 3660 μήτε
1108 3589 1309 3654 Ἠλίας,
1345 3593 1479 3661 μήτε
1504 3594 1533 3646 6
1561 3595 1771 3664 προφή-

205 3680 609 3750 τηςτυγχάνων,
646 3682 704 3734 ἐν
730 3680 824 3752 τῷο
865 3698 885 3731 ι
937 3680 1078 3749 Ἐγὼ
1113 3680 1358 3752 βαπτίζω
1383 3683 1440 3737 ἐν
1474 3681 1642 3737 ὕδατι·
1674 3684 1769 3754 μέ-

208 3783 288 3832 σος
311 3770 364 3823 δὲ
396 3771 560 3843 ὑμῶν
600 3771 855 3839 ἕστηκεν,
889 3772 948 3825 ὃν
978 3773 1136 3843 ὑμεῖς
1168 3773 1267 3827 οὐκ
1301 3772 1500 3840 οἴδατε,
1535 3776 1563 3826 6
1594 3774 1769 3829 ὀπίσω

209 3878 297 3930 μου
324 3866 639 3936 ἐρχόμενος,
670 3857 731 3918 οὗ
764 3868 863 3920 οὐκ
894 3865 1009 3937 εἰμὶ
1050 3864 1161 3935 ἐγὼ
1188 3865 1335 3933 ἄξιος
1370 3868 1455 3920 ἵνα
1486 3866 1631 3921 λύσω
1665 3869 1766 3922 αὐ-

203 3952 285 4006 τοῦ
312 3956 398 4008 τὸν
435 3957 643 4027 ἱμάντα
668 3955 760 4009 τοῦ
790 3956 1153 4028 ὑποδήματος·
1191 3976 1210 4008 ›
1246 3956 1278 4027 ἢ
1312 3957 1477 4029 μέρος
1521 3958 1621 4029 τῆς
1646 3958 1768 4012 δευ-

205 4044 348 4115 τέρας
384 4049 505 4101 ἐστὶ
554 4049 647 4102 καὶ
676 4049 738 4102 τὸ
771 4049 1243 4120 ἀπαγγελλόμενον
1273 4052 1407 4124 πρὸς
1441 4054 1568 4117 τοὺς
1596 4054 1765 4124 Φαρι-

207 4136 389 4202 σαίους.
432 4138 584 4207 Ἐγὼ
629 4138 697 4203 δ’,
742 4140 865 4193 ὅσον
914 4140 980 4193 ἐκ
1009 4139 1108 4210 τῆς
1140 4140 1335 4206 λέξεως
1379 4143 1763 4212 στοχάσασθαι,

206 4227 387 4301 εἴποιμ’
435 4231 512 4285 ἂν
558 4232 745 4303 τρίτην
793 4227 932 4285 εἶναι
984 4233 1287 4303 μαρτυρίαν
1329 4235 1420 4289 τὸν
1467 4236 1602 4307 πρὸς
1640 4236 1767 4300 τοὺς

207 4319 595 4386 ἀποσταλέντας
626 4322 734 4376 ἀπὸ
765 4322 872 4377 τῶν
897 4323 1203 4395 Φαρισαίων
1234 4324 1409 4395 λόγον.
1432 4327 1764 4399 Παρατηρη-

1876 1811 2035 1864 dierit
2064 1814 2377 1881 prophetam
2440 1813 2608 1879 illum,
2658 1829 2723 1868 ex
2765 1814 2961 1884 populo
2986 1828 3084 1868 suo
3106 1808 3442 1867 extermina-

1874 1897 2054 1964 bitur;
2095 1920 2114 1952 ο
2146 1903 2303 1956 tertio
2358 1903 2700 1973 interrogant
2734 1919 2840 1958 non
2885 1907 2943 1960 si
2980 1904 3243 1976 propheta
3270 1910 3437 1965 esset,

1874 1992 1969 2047 sed
2016 2007 2084 2047 an
2136 1995 2393 2064 propheta
2454 1996 2563 2053 ille.
2602 1997 2668 2051 Et
2694 1999 2794 2053 hoc
2823 2014 2926 2053 non
2978 1997 3304 2067 ponentibus
3330 1994 3439 2049 illis

1874 2101 2068 2140 nomen
2100 2087 2166 2142 de
2191 2088 2428 2156 Cltrism,
2480 2092 2575 2145 sed
2607 2091 2836 2146 alterum
2873 2106 2995 2145 esse
3040 2091 3216 2161 ipsum
3244 2097 3440 2158 praeter

1873 2179 2147 2234 Christum
2203 2180 2673 2249 existimantibus,
2728 2183 2845 2253 ipse
2899 2176 3230 2253 cognoscens
3264 2180 3436 2243 illum,

1873 2270 2028 2339 cujus
2083 2286 2389 2340 przecursor
2448 2283 2531 2329 est
2590 2274 2805 2347 (nempe
2834 2274 2976 2345 quod
3024 2273 3275 2329 Christus
3329 2281 3435 2335 est,

1874 2363 2015 2432 quod
2066 2364 2324 2433 propheta
2378 2373 2461 2419 est
2519 2365 2609 2420 ille
2660 2364 3065 2436 prophetatus),
3120 2366 3436 2432 respondet.

1880 2469 1899 2503 ι
1937 2450 2050 2507 Non
2079 2453 2146 2520 ⁸⁸,
2195 2471 2216 2507 ι
2250 2468 2608 2523 responsurus
2632 2452 2883 2516 fortasse.
2918 2472 2937 2507 ι
2979 2451 3073 2508 Nae
3102 2470 3124 2505 δ
3160 2449 3304 2524 [quae
3331 2465 3435 2504 vox

1873 2553 1956 2600 est
1986 2545 2378 2619 assentientis],
2414 2546 2462 2603 si
2495 2547 2700 2616 absque
2727 2548 2958 2602 articulo
2988 2547 3437 2615 interrogassent.

1873 2653 1995 2692 cum
2023 2655 2127 2694 non
2152 2639 2429 2709 ignoraret
2452 2654 2511 2695 se
2530 2644 2848 2710 prophetam
2880 2640 3164 2695 exsistere.
3185 2637 3240 2692 In
3263 2636 3438 2691 omni-

1872 2729 1973 2786 bus
2022 2731 2108 2788 his
2155 2731 2319 2786 etiam
2371 2732 2813 2802 responsionibus
2861 2732 3157 2788 secundum
3210 2728 3437 2786 Joannis

1872 2823 2238 2878 testimonium
2265 2840 2369 2880 non
2399 2824 2704 2879 absolutum
2761 2823 2884 2891 fuit,
2920 2824 3097 2879 donec
3119 2821 3431 2893 petentibus

1870 2915 2276 2984 responsionem
2309 2917 2726 2973 renuntiandam
2767 2918 2855 2973 his
2883 2918 2974 2989 qui
3002 2930 3099 2972 eos
3148 2913 3434 2975 miserant,

1872 3006 2107 3078 seipsum
2130 3024 2162 3064 e
2193 3022 2324 3062 voce
2353 3010 2670 3077 prophetica
2713 3009 2865 3065 Isaia:
2892 3006 3283 3074 manifestavit,
3314 3019 3437 3076 quae

1872 3099 1949 3153 sic
1977 3114 2097 3156 sese
2149 3101 2310 3156 habet
2339 3120 2353 3154 :
2400 3121 2419 3154 ι
2458 3102 2573 3158 Vox
2604 3104 2887 3158 clamantis
2923 3100 2976 3156 iu
3031 3099 3249 3156 deserto
3284 3097 3436 3154 :Pa-

1869 3202 1986 3248 rate
2008 3193 2150 3248 viam
2185 3194 2395 3250 Domini
2422 3195 2490 3250 ⁵⁸.
2535 3212 2557 3248 ι

1942 3306 1997 3377 5.
2035 3306 2275 3374 Ουωείιιι
2309 3317 2492 3363 autem
2521 3307 2741 3377 dignum
2782 3316 2865 3363 est
2909 3317 3089 3362 utrum
3126 3305 3434 3362 absolutum

1871 3399 1942 3453 sit
1978 3399 2275 3453 secundum
2305 3399 2702 3468 testimonium,
2731 3408 2788 3454 et
2831 3400 3053 3455 tertium
3106 3399 3332 3467 incipiat
3368 3399 3436 3452 ad

1869 3507 1964 3548 eos
1991 3492 2084 3562 qui
2112 3492 2374 3549 miserant
2400 3507 2466 3548 ex
2491 3492 2820 3560 Pltarisaeis,
2873 3502 2929 3548 et
2962 3493 3201 3547 volentes
3236 3490 3440 3545 intelli~

1867 3600 1998 3656 gere
2029 3601 2127 3640 cur
2150 3585 2365 3642 tandem
2389 3585 2693 3655 baptizaret
2719 3585 2786 3651 ⁸ο,
2811 3599 2934 3640 cum
2962 3599 3139 3654 neque
3160 3582 3435 3649 Christus,

1870 3692 2046 3748 neque
2102 3676 2268 3743 Elias,
2316 3693 2495 3747 neque
2538 3677 2802 3746 propheta
2857 3676 3187 3740 exsisteret.
3227 3677 3281 3732 in
3326 3676 3435 3732 illis

1867 3769 2051 3825 verbis
2075 3769 2119 3801 ⁶¹
2156 3785 2169 3822 :
2209 3788 2229 3822 ι
2268 3769 2381 3841 Ego
2425 3769 2643 3839 baptizo
2694 3769 2746 3823 in
2794 3783 2934 3838 aqua
2967 3785 2983 3822 :
3027 3768 3121 3824 sed
3162 3770 3218 3823 in
3257 3769 3436 3825 medio

1866 3874 2103 3917 veStrutn
2146 3869 2256 3917 stat
2290 3875 2451 3931 quem
2494 3875 2591 3916 vos
2624 3860 2865 3915 nescitis.
2893 3858 3012 3929 Ipse
3044 3868 3146 3926 est,
3175 3859 3269 3931 qui
3306 3869 3436 3929 post

1867 3967 1954 4006 tne
1986 3950 2231 4015 veniens,
2266 3959 2391 4006 ante
2416 3966 2503 4007 me
2532 3950 2708 4006 factus
2728 3959 2842 4019 est;
2878 3950 3031 4019 cuius
3059 3967 3163 4007 non
3192 3968 3313 4007 sum
3336 3966 3436 4022 ego

1867 4044 2084 4114 dignus,
2106 4053 2165 4097 ut
2195 4043 2401 4098 solvam
2429 4044 2722 4114 corrigiam
2749 4043 2867 4113 ejus
2888 4043 3280 4111 calceamenti;
3312 4063 3332 4096 ι
3364 4060 3433 4098 an

1865 4150 1994 4205 pars
2022 4135 2242 4190 secundi
2276 4135 2565 4190 testimonii
2593 4135 2666 4191 sit
2706 4135 2985 4205 responsio
3017 4136 3081 4191 ad
3110 4134 3433 4192 Pbarisaeos.

1865 4227 2066 4283 Verum
2103 4241 2220 4296 ego,
2248 4236 2510 4297 quantum
2543 4226 2854 4295 conjectare
2886 4241 2952 4282 ex
2981 4226 3216 4282 lectione
3257 4226 3432 4293 valeo,

1867 4319 2114 4375 dicturus
2151 4334 2271 4374 sum
2314 4321 2530 4374 tertium
2560 4320 2930 4375 testimonium
2960 4334 3084 4374 esse
3131 4319 3436 4389 responsio-

209 4413 311 4467 τέον
344 4417 617 4487 μέντοιγε,
656 4418 797 4488 ὄτιή
833 4415 1023 4489 πρώτη
1066 4420 1340 4490 μαρτυρία
1367 4420 1428 4473 τὸ
1447 4419 1625 4475 ἔνθεον
1670 4422 1762 4476 τοῦ

1880 4427 1993 4468 nem
2030 4412 2096 4467 ad
2119 4427 2213 4467 eos
2250 4413 2340 4482 qui
2375 4413 2525 4467 missi
2557 4411 2774 4467 fuerant
2794 4428 2861 4467 ex
2883 4411 3194 4466 Pbarisaeis.
3227 4410 3433 4468 Obser-

210 4502 436 4577 Σωτῆρος
464 4507 814 4578 παρίστησινο
849 4509 883 4578 ή
907 4506 964 4561 δὲ
992 4508 1221 4580 δευτέρα
1253 4509 1349 4580 τὴν
1373 4510 1627 4565 ὑπόνοιαν
1653 4511 1762 4564 τῶν

212 4594 567 4664 δισταζόντων,
594 4601 804 4670 μήποτε
829 4599 1078 4670 Ἰωάννης
1098 4602 1181 4673 εἱή
1211 4601 1464 4673 Χριστὸς,
1487 4600 1758 4675 καθαιρεῖ’

212 4686 239 4755 ή
263 4686 313 4740 δὲ
337 4691 498 4761 τρίτη
533 4690 626 4744 τὸν
653 4690 898 4762 ἀοράτως
926 4693 1038 4755 τοῖς
1058 4688 1362 4761 ἀνθρώποις
1390 4691 1631 4763 παρόντα
1663 4711 1762 4765 κη-

216 4780 370 4836 ούττει
397 4786 527 4838 ὅσον
553 4784 768 4837 οὐδέπω
807 4783 1177 4855 ἐλευσόμενον.
1213 4784 1350 4856 Πρὶν
1397 4785 1455 4838 δὲ
1483 4785 1591 4839 τῶν
1633 4787 1761 4857 ἑξῆς

211 4877 528 4949 μαρτυριῶν,
561 4877 682 4931 καθ’
723 4876 789 4940 ἃς
830 4876 1176 4949 δεικνύμενος
1209 4882 1586 4950 μαρτυρεῖται,
1633 4879 1761 4934 ἐκά-

215 4982 324 5039 πην
352 4970 498 5036 λέξιν
534 4968 733 5039 ἴδωμεν
760 4971 857 5040 τῆς
888 4969 1161 5041 δευτέρας,
1195 4972 1288 5024 καὶ
1329 4971 1515 5042 τρίτης
1550 4989 1758 5043 μαρτυ-

213 5058 333 5126 Δτίεις,
356 5060 518 5115 τοῦτο
547 5058 761 5133 πρῶτον
782 5062 1230 5133 ἐπιτηρήσαντες,
1253 5063 1334 5116 ὅτι
1353 5062 1445 5116 δύο
1464 5063 1758 5118 ἀποστολαὶ

210 5149 425 5217 γίνονται
454 5154 592 5225 πρὸς
635 5154 727 5206 τὸν
750 5152 1074 5225 Βαπτιστὴν,
1110 5154 1209 5226 μία
1242 5157 1340 5225 μὲν
1393 5175 1411 5207 ι
1448 5156 1555 5210 ἀπὸ
1598 5157 1764 5230 Ἱερο-

216 5241 439 5313 σολύμων
473 5264 492 5296 ›
544 5244 651 5298 ὑπὸ
713 5243 979 5298 Ἰουδαίων
1025 5246 1347 5316 πεμπόντων
1380 5265 1398 5298 ι
1455 5249 1618 5318 ἱερεῖς
1663 5250 1758 5302 καὶ

215 5333 438 5402 Δευῖτας,
464 5340 549 5393 ἴνα
570 5339 920 5410 ἐρωτήσωσιν
951 5337 1129 5392 αὐτόν·
1154 5341 1225 5393 Σὺ
1246 5338 1330 5402 τίς
1352 5336 1431 5405 εἶ;
1471 5359 1488 5391 ι
1517 5339 1677 5412 ἑτέρα
1701 5340 1759 5393 δὲ

214 5424 494 5498 Φαρισαίων
512 5429 969 5495 ἀποστελλόντων,
993 5432 1086 5485 καὶ
1105 5433 1239 5503 πρὸς
1265 5433 1363 5505 τὴν
1389 5432 1758 5504 γεγενημένην

1869 4504 2101 4559 vaudutn
2133 4506 2352 4573 insuper
2391 4507 2535 4574 quod
2575 4506 2809 4575 primum
2842 4503 3206 4559 testimonium
3238 4504 3436 4560 divini-
3479 4501 3481 4503 ’

1871 4608 2032 4652 tatem
2066 4598 2371 4653 Servatoris
2403 4600 2771 4664 demonstrat;
2814 4596 3041 4653 alterum
3070 4598 3431 4668 suspicionem

1869 4691 2277 4762 ambigentium,
2334 4706 2460 4745 num
2520 4688 2660 4745 forte
2691 4688 2928 4748 Joannes
2984 4700 3129 4745 esset
3161 4689 3431 4755 Christus,

1868 4794 2092 4853 purgat;
2122 4784 2336 4837 tertium
2375 4783 2721 4839 invisibiliter
2765 4784 3081 4840 hominibus
3111 4794 3431 4852 prmsentem

1867 4877 2132 4947 praedicat
2170 4876 2318 4931 illico
2358 4887 2664 4931 venturum.
2708 4877 2906 4932 Verum
2958 4887 3083 4933 ante
3122 4877 3431 4933 testimonia

1867 4969 2168 5039 sequentia,
2223 4985 2289 5024 ex
2347 4971 2543 5038 quibus
2571 4970 2664 5041 qui
2711 4971 3135 5035 demonstratur.
3183 4973 3431 5028 testiino-

1866 5064 2014 5116 nium
2049 5062 2269 5130 accipit,
2303 5062 2580 5118 videamus
2618 5063 2862 5134 singulas
2903 5064 3169 5119 dictiones
3208 5065 3429 5120 secundi

1866 5163 1920 5208 et
1957 5153 2101 5207 tertii
2133 5155 2427 5209 testimonii
2463 5173 2478 5208 :
2508 5155 2610 5210 hoc
2636 5157 2867 5225 primunt
2897 5158 3274 5225 observantes,
3297 5158 3432 5212 duas

1864 5244 2162 5316 legationes
2188 5247 2304 5304 fieri
2331 5252 2396 5304 ad
2423 5249 2742 5318 Baptistam,
2772 5251 3001 5306 alteram
3035 5268 3055 5301 ι
3086 5265 3151 5304 ex
3180 5249 3431 5305 Hieroso-

1866 5340 2026 5411 lymis
2053 5360 2073 5392 ι
2105 5356 2135 5394 a
2163 5339 2363 5396 Judasis
2394 5344 2732 5399 mittentibus
2775 5363 2796 5397 ι
2827 5344 3138 5399 sacerdotes
3165 5351 3218 5396 et
3275 5341 3431 5396 Levi-

1868 5443 1970 5497 tas,
2010 5441 2068 5487 ut
2101 5432 2504 5499 interrogarent
2558 5450 2683 5492 eum
2722 5454 2736 5490 :
2782 5434 2860 5491 Tu
2887 5436 3008 5507 quis
3032 5451 3090 5490 es
3117 5434 3199 5485 οη
3234 5450 3253 5484 ι
3295 5431 3432 5487 alte-

257 5612 610 5694 "__Joan_.r_,‘.{0.
670 5602 1007 5694 'fibi_d_'.2l_._
1050 5620 1093 5651 ⁸⁷
1124 5620 1277 5678 Deut.
1299 5634 1450 5685 xvut,
1481 5620 1564 5686 l8,
1586 5619 1671 5676 l9.
1749 5620 1763 5652 '

1882 5622 2134 5692 an.t,2!.
2223 5620 2506 5691 πίεσαι,
2536 5621 2952 5692 5;Joan.t,25.
3026 5620 3073 5652 ”
3098 5617 3423 5686 Joan.t,25.

225 5683 262 5716 ’ί
285 5686 397 5748 ibid.
423 5691 513 5753 26.
536 5690 629 5747 27.
705 5690 750 5722 ⁵⁵
785 5690 914 5747 ibid.
951 5690 1034 5748 l9.
