3766 6142
331 204 436 260 213

1797 196 2122 257 ()BlCENIS

3479 195 3589 251 216

330 336 446 375 ram
486 335 516 374 a
549 317 841 376 Pharisaeis
869 318 1231 383 mittentibus,
1274 326 1436 389 atque
1473 327 1670 388 prteter
1701 317 1852 372 facta:

2053 312 2291 384 ιτόκρισιν
2319 312 2429 374 τοῖς
2462 310 2665 383 ἱερεῦσι
2717 309 2811 362 καὶ
2844 308 3095 371 Λευῖταις
3141 306 3586 381 ἐπαπορούντων.

329 413 736 485 responsionem
784 411 1160 467 sacerdotibus
1197 418 1252 465 et
1296 409 1535 474 Levitis,
1581 408 1743 463 dubia
1777 426 1896 465 mo-

325 502 596 564 ventibus.
633 500 871 559 Observa
901 516 1032 571 ergo
1063 502 1334 571 quomodo
1356 511 1579 571 propter
1609 516 1895 570 personam

325 604 596 651 sacratam
644 604 699 649 et
736 592 1059 660 Leviticam,
1097 609 1220 649 cum
1263 593 1682 650 mansuetudine
1734 602 1897 662 atque

326 688 568 748 discendi
620 687 879 743 aviditate
923 686 1181 742 dicuntur
1210 701 1273 742 ea
1322 686 1483 741 verba
1528 702 1542 738 :
1584 703 1604 737 ι
1648 683 1725 738 Τιι
1771 686 1895 755 quis

324 779 425 840 es?
467 797 487 832 ›
513 788 569 835 et
596 779 727 834 illud
762 799 777 833 :
811 797 831 831 ι
860 780 999 847 Quid
1022 779 1193 850 ergo?
1217 779 1360 834 Elias
1384 793 1442 835 es
1466 778 1559 832 tu?
1592 797 1611 831 ι
1645 788 1699 833 et
1727 778 1892 832 illud:

328 888 347 931 ι
394 867 532 924 Num
574 871 838 941 propheta
886 871 977 926 ille
1019 885 1081 926 es
1112 870 1207 925 tu?
1247 888 1266 922 ι
1297 877 1353 925 et
1398 869 1464 923 ad
1505 870 1617 924 haec
1649 888 1662 923 :
1698 886 1719 920 ι
1763 868 1895 936 Quis

320 976 399 1022 cs.
451 969 509 1017 ut
566 975 885 1030 responsum
936 961 1127 1015 demus
1179 960 1294 1027 his,
1331 959 1422 1032 qui
1459 960 1728 1014 miserunt
1759 957 1894 1012 nos?

320 1052 447 1122 nuit]
481 1051 619 1108 dicis
658 1053 726 1109 de
758 1060 810 1108 te
842 1053 961 1123 ipso
986 1051 1032 1086 “
1061 1053 1085 1106 ?
1130 1071 1150 1108 ι
1182 1051 1375 1124 Neque
1411 1053 1556 1109 enim
1598 1051 1891 1122 quidquam

320 1138 666 1224 prmfractum
693 1146 1113 1201 temerariumve
1154 1146 1296 1201 inest
1342 1146 1397 1201 in
1434 1146 1625 1200 horum
1656 1145 1892 1200 interro-

319 1235 555 1317 gatione,
612 1237 705 1292 sed
755 1237 937 1293 omnia
995 1238 1154 1315 110
1184 1237 1563 1295 convenientia
1610 1236 1750 1291 veris
1792 1234 1890 1291 Dei

317 1328 638 1387 cultoribus.
670 1329 802 1386 Cum
840 1339 1031 1385 contra
1063 1330 1154 1399 qui
1188 1329 1343 1384 missi
1374 1330 1590 1383 fuerant
1627 1343 1657 1382 a
1693 1327 1888 1387 Phari-

316 1420 463 1485 szeis,
492 1419 694 1482 Levitis
724 1421 923 1493 alioqui
955 1431 1011 1478 et
1044 1421 1441 1490 sacerdotibus,
1477 1421 1699 1475 minime
1729 1421 1890 1473 anxie

315 1511 745 1581 disquirentibus
778 1529 843 1569 ea
877 1529 998 1585 quae
1025 1514 1167 1569 dicta
1195 1512 1431 1577 fuerant,
1462 1513 1689 1566 vocibus
1722 1512 1887 1567 veluti

1997 403 2314 475 Παρατὴρει
2333 399 2535 466 τοίνυν,
2554 401 2672 464 πῶς
2703 398 2843 454 κατὰ
2874 400 2934 453 τὸ
2964 399 3235 471 ἱερατικὸν
3260 401 3356 454 καὶ
3372 402 3591 456 Λευῖτι-

2000 496 2095 550 κὸν
2144 492 2440 567 πρόσωπόν
2486 495 2603 549 ἐστι
2651 491 2769 564 μεθ’
2799 490 3136 563 ἡμερότητος
3176 492 3444 563 λεγόμενα
3490 495 3588 549 καὶ

1997 586 2372 657 φιλομαθείας,
2400 588 2483 655 τὸ,
2519 604 2539 639 t
2572 586 2643 639 Σὺ
2675 584 2759 648 τίς
2786 580 2867 651 si;
2917 603 2936 637 ›
2974 585 3171 651 καὶτὸ,
3211 605 3231 639 ι
3267 587 3333 641 Τί
3354 582 3478 653 οῦν;
3518 589 3584 642 σὺ

2009 678 2195 743 Ἠλίας
2227 674 2310 745 ei;
2355 696 2373 731 ι
2422 677 2515 732 καὶ
2548 681 2625 740 τὸ,
2663 696 2682 733 ι
2751 678 2810 730 'U
2844 678 3132 751 προφήτης
3182 674 3292 752 ἆρα
3330 674 3384 734 εἷ
3418 679 3516 747 σύ;
3558 699 3579 731 ι

1995 770 2091 823 καὶ
2124 769 2217 823 ἐπὶ
2249 768 2477 832 τούτοις·
2525 787 2544 819 ι
2580 766 2678 831 Τίς
2709 764 2778 832 εἴ,
2819 767 2908 822 ἵνα
2935 769 3231 843 ἀπόκρισιν
3261 768 3441 840 δῶμεν
3471 772 3586 834 τοῖς

1994 861 2272 933 πέμψασιν
2299 862 2478 933 ήμᾶς;
2507 860 2560 913 τί
2579 859 2757 929 λέγεις
2787 861 2915 934 περὶ
2942 861 3202 929 σεαυτοῦ;
3239 881 3258 914 ›
3278 862 3444 916 Οὐδὲν
3474 861 3586 934 γὰρ

1994 953 2224 1018 αὔθαδες
2247 953 2366 1008 οὐδὲ
2394 953 2566 1026 θρασὺ
2593 954 2650 1008 ὲν
2679 954 2746 1023 τῇ
2780 952 2987 1007 τούτων
3016 955 3130 1008 ἐστὶ
3173 952 3386 1017 πεύσει,
3446 952 3586 1009 ἀλλὰ

1994 1046 2170 1101 πάντα
2202 1046 2541 1118 ἁρμόττοντα
2572 1045 2824 1118 ἀκριϐέσι
2858 1044 3223 1118 θεραπευταῖς
3250 1045 3406 1100 Θεοῦ.
3432 1048 3495 1100 Οἱ
3522 1046 3583 1102 δὲ

1991 1140 2100 1193 ἀπὸ
2135 1141 2242 1192 τῶν
2267 1139 2572 1211 Φαρισαίων
2599 1139 3069 1211 ἀποστειλάμενοι,
3101 1139 3252 1195 οὐδὲν
3281 1157 3583 1213 περιεργα-

1994 1231 2243 1304 σαμένων
2278 1231 2414 1303 πρὸς
2454 1231 2521 1285 τὰ
2544 1232 2812 1303 εἰρημένα
2837 1231 2948 1285 τῶν
2967 1232 3206 1286 Λευῖτῶν
3238 1232 3333 1287 καὶ
3364 1233 3580 1304 ἱερέων,

1989 1326 2150 1379 οἱονεὶ
2203 1324 2527 1397 ὑϐριστικὰς
2567 1324 2661 1378 καὶ
2702 1323 3202 1397 άπανθρωποτέρας
3240 1325 3583 1398 προσάγουσι

1992 1415 2367 1487 τῷΒαπτιστῇ
2393 1416 2575 1485 φωνὰς
2614 1415 2702 1470 διὰ
2731 1414 2844 1470 τοῦ·
2888 1436 2906 1469 ι
2950 1417 3017 1470 Τί
3040 1414 3133 1471 οὖν
3168 1416 3469 1487 βαπτίζεις,
3530 1419 3583 1471 εἱ

1991 1508 2054 1562 σὺ
2071 1508 2172 1561 οὐκ
2203 1503 2253 1559 εἷ
2273 1508 2300 1560 ὁ
2330 1507 2582 1579 Χριστὸς,
2606 1507 2727 1561 οὐδὲ
2771 1507 2981 1575 Ἠλίας,
3011 1508 3131 1562 οὐδὲ
3157 1512 3184 1563 ὁ
3217 1510 3504 1582 προφήτης
3527 1526 3577 1568 :t

313 1604 725 1660 contumeliosis
777 1614 834 1661 et
905 1604 1377 1663 inltumauioribus
1446 1619 1571 1659 cum
1642 1602 1851 1671 Baptist

2053 1599 2099 1655 1i.
2132 1600 2317 1671 σχεδὸν
2344 1600 2405 1653 οὐ
2444 1599 2635 1671 μαθεῖν
2667 1600 3004 1672 βουλόμενοι,
3045 1601 3121 1666 ὡς
3156 1604 3204 1655 οἱ
3233 1603 3582 1675 προειρημέο

314 1705 504 1763 agunt,
533 1711 631 1766 per
653 1697 784 1752 illud
821 1698 866 1731 “
893 1712 910 1752 :
941 1715 961 1751 ι
999 1696 1138 1764 Quid
1171 1713 1301 1768 ergo
1329 1697 1597 1766 baptizas,
1623 1697 1748 1756 situ
1777 1711 1852 1749 non

2053 1710 2065 1745 ι
2097 1693 2261 1764 ἱερεῖς
2306 1693 2403 1746 καὶ
2432 1690 2653 1746 Λευῖται
2685 1693 3127 1760 ἀποστέλλουσιν,
3154 1694 3291 1748 ἀλλὰ
3327 1694 3582 1750 κωλῦσαι

308 1801 371 1845 ει
407 1786 681 1857 Christus,
723 1803 901 1859 neque
941 1789 1117 1859 Elias,
1162 1804 1340 1859 neque
1378 1788 1470 1844 ille
1523 1787 1828 1860 prepheta?

2053 1785 2099 1840 ιδ
2127 1784 2222 1839 τοῦ
2257 1785 2557 1855 βαπτίζειν·
2597 1785 2728 1849 ἴσως
2755 1786 2990 1858 οἰόμενοι
3020 1787 3235 1852 οὐδενὸς
3265 1788 3456 1861 ἑτέρου
3481 1788 3581 1861 έρ-

308 1876 376 1947 Ει
404 1878 521 1938 fere
543 1896 654 1937 non
689 1882 994 1951 intelligere
1016 1882 1281 1946 volentes,
1317 1881 1483 1935 veluti
1512 1881 1754 1951 praedicti
1780 1879 1852 1934 Le

2055 1898 2083 1933 ν
2113 1878 2399 1948 τυγχάνειν
2448 1877 2510 1930 τὸ
2541 1876 2823 1948 βαπτίζειν
2855 1880 2887 1951 ἢ
2927 1879 3184 1949 Χριστοῦ,
3229 1882 3323 1935 καὶ
3365 1882 3576 1946 Ἠλίου,

307 1972 435 2034 vitae
492 1981 547 2029 et
609 1975 944 2039 sacerdotes,
979 1975 1035 2029 hi
1069 1975 1312 2040 mittunt,
1339 1976 1433 2028 sed
1463 1973 1754 2043 prohibere
1783 1988 1852 2028 vo

2053 1971 2080 2023 Li.
2112 1969 2205 2023 τοῦ
2224 1971 2523 2041 προφήτου.
2547 1971 2655 2025 Καὶ
2678 1972 2951 2043 πανταχοῦ
2984 1972 3300 2043 ἐπιμέλειαν
3316 1973 3405 2028 τὸν
3422 1975 3579 2047 ἀκρι-

307 2066 480 2128 lentes
500 2080 531 2120 a
558 2066 920 2135 baptizando;
961 2083 1083 2123 cum
1121 2067 1370 2122 fortassis
1401 2067 1782 2121 existimarent
1810 2081 1852 2119 at

2053 2062 2098 2125 it;
2131 2061 2509 2132 ἐντευξόμενον
2549 2064 2615 2134 τῇ
2651 2062 2839 2136 Γραφῇ
2888 2064 3159 2135 ποιητέον,
3192 2067 3379 2136 τηρεῖν
3408 2067 3579 2136 ἀναγ-

306 2155 514 2226 pullum
546 2157 711 2214 alium
762 2160 1036 2228 pertinere
1074 2158 1355 2230 baptizare
1404 2174 1568 2229 quam
1615 2159 1680 2213 ad
1719 2157 1848 2212 Cbri

2059 2155 2136 2207 ίου
2166 2155 2317 2219 ὄντος
2348 2154 2418 2208 τὰ
2443 2146 2713 2226 λεγόμενα
2758 2155 2863 2210 ὑπὸ
2898 2155 3082 2219 τίνων,
3124 2157 3220 2210 καὶ
3248 2157 3378 2210 πότε
3404 2157 3572 2227 λέγει

305 2257 472 2317 βιιιιῐι,
519 2249 605 2305 vel
640 2250 707 2304 ad
753 2249 945 2317 Eliam,
979 2251 1064 2306 vel
1097 2250 1164 2305 ad
1227 2251 1568 2321 prophetam.
1622 2248 1739 2305 Jatn
1782 2264 1850 2319 qu

2054 2267 2090 2312 t,
2120 2249 2208 2303 ἵνα
2247 2248 2590 2323 εὑρίσκωμεν
2618 2249 2678 2301 τὸ
2704 2253 2816 2314 τοῖς
2847 2249 3162 2322 προσώποις
3214 2251 3575 2323 ἁρμοζόντως

264 2383 273 2409 ,
303 2349 561 2408 accurate
590 2341 929 2413 Scripturam
960 2344 1139 2415 legere
1164 2344 1420 2408 voluerit,
1456 2343 1791 2413 diligentiam
1826 2342 1852 2395 is

2056 2342 2381 2413 ριτεθεῖσθαι
2410 2341 2602 2411 λόγους
2627 2343 2694 2396 δι’
2722 2342 2858 2397 ὅλων
2884 2345 2992 2398 τῶν
3017 2343 3186 2414 ἁγίων
3213 2344 3457 2416 βιῦλίων.

302 2438 556 2507 adhibeat
582 2449 820 2509 oportet,
853 2440 1148 2502 observare
1178 2439 1545 2497 necessarium
1582 2454 1703 2494 cum
1733 2438 1804 2495 sit
1828 2452 1948 2507 quae
1977 2437 2254 2503 dicuntur,
2290 2453 2321 2493 a
2352 2440 2548 2510 quibus
2574 2449 2627 2493 et
2653 2439 2871 2509 quando
2894 2439 3179 2507 dicuntur,
3212 2451 3271 2495 ut
3297 2454 3393 2510 per
3424 2446 3570 2496 totos

301 2542 518 2604 sanctos
544 2534 710 2591 libros
742 2536 1083 2597 inveniamus
1108 2536 1356 2607 personis
1398 2546 1523 2604 apte
1551 2535 1812 2590 tributum
1840 2547 2168 2590 sermonem.

371 2654 424 2720 6,
463 2654 609 2721 Tum:
630 2657 881 2713 miserunt
904 2656 1082 2713 λιιιιωὶ
1111 2657 1174 2710 ab
1206 2654 1592 2725 Hierosolymis
1623 2657 1873 2709 sacerdo-

300 2758 376 2815 tes
404 2758 451 2801 et
475 2746 704 2814 Levilus,
732 2757 789 2800 ut
818 2748 1199 2817 interrogarent
1239 2763 1356 2805 eum
1384 2762 1401 2801 :
1435 2745 1511 2800 Tu
1537 2744 1655 2815 quis
1676 2746 1768 2799 es?
1801 2743 1872 2799 Et

298 2837 568 2906 confessus
598 2847 693 2900 est,
719 2848 766 2890 et
804 2854 907 2891 non
938 2838 1136 2907 negavit
1165 2852 1184 2892 :
1215 2847 1263 2892 et
1287 2835 1555 2910 confessus
1582 2845 1655 2890 est
1681 2853 1702 2890 :
1746 2833 1870 2890 Non

2053 2658 2105 2712 6.
2131 2660 2266 2712 Τότε
2281 2659 2644 2714 ἀπέστειλαν
2662 2662 2715 2713 οἱ
2740 2660 3003 2714 Ἰουδαῖοι
3021 2660 3091 2725 ἐξ
3128 2660 3557 2732 Ἰεροσολύμων

1981 2748 2154 2818 ἱερεῖς
2180 2751 2275 2803 γαί
2303 2754 2572 2818 Λευΐτας,
2600 2753 2699 2805 ἵνα
2717 2752 3098 2822 ἐρωτήσωσιν
3118 2755 3323 2808 αὐτόν’
3347 2755 3435 2808 Σὺ
3462 2757 3556 2823 τίς

1978 2837 2062 2904 ei;
2092 2842 2203 2895 Καὶ
2226 2843 2593 2912 ὡμολόγησε,
2634 2845 2732 2900 καὶ
2765 2847 2874 2899 οὐκ
2901 2845 3237 2913 ἠρνήσατο·
3275 2846 3377 2900 καὶ
3397 2848 3555 2917 ὡμος

299 2945 415 2997 βαίη
446 2944 538 2999 ego
592 2928 682 2982 ille
736 2929 974 2993 Christus
1005 2928 1070 2982 ⁸⁸.
1103 2929 1249 2996 Quos
1296 2929 1512 2983 mittere
1552 2928 1760 3000 legatos
1799 2942 1852 2982 at

2053 2931 2263 3001 ςγησρεν1
2304 2933 2392 2986 ὅτι
2418 2934 2564 3003 Ἐγὼ
2596 2937 2705 2988 οὐκ
2735 2936 2850 3005 εἰμὶ
2890 2940 2922 2990 ό
2952 2937 3226 3005 Χριστός.
3250 2938 3363 2990 Καὶ
3393 2938 3554 3001 τινας

295 3021 558 3088 Joannem
587 3020 757 3077 ,ἰυύωί
786 3023 1075 3095 debebant,
1105 3032 1161 3083 et
1184 3022 1348 3097 unde,
1369 3021 1470 3076 nisi
1499 3035 1593 3076 eos
1613 3020 1703 3090 qui
1734 3011 1871 3090 pra?-

296 3114 495 3177 cellere
543 3114 1015 3181 existimabantur,
1047 3126 1102 3171 et
1131 3116 1198 3170 ab
1226 3115 1724 3186 Hierosolymorum
1754 3113 1872 3173 loco

296 3223 461 3278 super
507 3223 723 3264 omnem
759 3219 959 3264 terram
994 3210 1190 3264 bonam
1243 3208 1539 3274 celebrato,
1594 3206 1683 3261 ubi
1730 3214 1872 3261 tem-

294 3299 440 3368 plum
473 3310 595 3356 erat
624 3301 758 3357 Dei?
805 3300 1072 3365 Joannem
1112 3302 1297 3370 itaque
1329 3310 1483 3355 tanto
1510 3316 1631 3355 cum
1663 3301 1870 3353 honore

294 3392 651 3463 interrogant.
683 3393 758 3449 De
803 3393 1023 3450 Christo
1056 3408 1185 3447 vero
1216 3392 1351 3447 nihil
1404 3393 1510 3447 tale
1540 3391 1755 3451 Judacos
1784 3390 1867 3445 fe.

292 3486 435 3541 cisse
478 3485 740 3555 scriptum
773 3493 877 3540 est.
912 3486 1020 3541 Sed
1056 3485 1198 3554 quod
1244 3482 1414 3547 Judaei
1441 3499 1567 3553 erga
1600 3482 1865 3539 Joannem

294 3577 520 3640 faciunt,
557 3582 658 3631 hoc
680 3574 923 3631 Joannes
963 3590 1091 3644 erga
1117 3575 1390 3630 Christum
1440 3574 1589 3637 fecit,
1620 3589 1714 3643 per
1739 3588 1865 3629 suos

292 3667 587 3736 discipulos
614 3669 953 3740 interrogans
979 3668 1023 3701 ⁸⁸
1051 3687 1063 3723 :
1100 3686 1120 3725 ι
1158 3666 1239 3722 Τιι
1267 3682 1328 3722 es
1366 3666 1457 3741 qui
1491 3675 1755 3720 venturus
1780 3680 1862 3730 es,

293 3773 360 3825 au
388 3756 552 3812 alium
578 3758 999 3827 exspectamus?
1033 3776 1051 3810 ι
1084 3758 1145 3811 Ει
1174 3754 1413 3817 Joannes
1434 3756 1649 3825 quidem
1675 3756 1739 3809 ad
1769 3770 1864 3822 eos

291 3849 388 3919 qui
423 3861 713 3913 venerant,
744 3849 1034 3903 confessus
1074 3865 1195 3903 cum
1234 3847 1428 3901 fuisset
1461 3858 1513 3901 et
1538 3864 1642 3899 non
1674 3863 1865 3915 negas-

289 3948 399 4003 set,
435 3940 664 3999 subinde
713 3939 841 3995 illud
891 3940 958 4007 °",
995 3959 1014 3991 ι
1058 3940 1170 4010 Ego
1196 3954 1300 3994 vox
1355 3939 1643 3993 clamantis
1676 3939 1726 3991 iit
1765 3939 1862 3992 de-

291 4042 459 4099 serto,
492 4052 509 4084 ι
540 4032 788 4097 enuntiat
815 4049 830 4099 ;
865 4032 1120 4088 Christus
1147 4047 1300 4100 vero,
1333 4041 1588 4107 tauquam
1625 4030 1715 4100 qui
1748 4045 1861 4084 ma-

286 4124 375 4207 jus
413 4123 781 4183 testimonium
819 4139 976 4193 quam
1041 4121 1275 4178 Joannes
1334 4123 1583 4189 haberet,
1637 4136 1862 4191 respon-

289 4215 498 4284 sionem
550 4213 684 4269 facit
738 4216 1082 4270 sermonibus
1128 4224 1184 4270 et
1241 4214 1522 4285 operibus,
1555 4214 1740 4270 dicens
1764 4213 1854 4281 ης

1980 3024 2147 3096 ἐχρῆν
2177 3026 2485 3096 πρεσϐύτας
2515 3029 2831 3099 πεπέμφθαι
2875 3030 3007 3100 πρὸς
3038 3030 3129 3083 τὸν
3154 3029 3415 3101 Ἰωάννην
3444 3030 3555 3083 ἀπὸ

1975 3109 2267 3178 Ἰουδαίων,
2296 3116 2389 3168 καὶ
2413 3117 2592 3177 πόθεν,
2623 3118 2654 3189 ἢ
2686 3119 2809 3181 τοὺς
2829 3119 3103 3190 διαφέρειν
3128 3118 3553 3189 νενομισμένους

1969 3208 2086 3265 κατ’
2119 3206 2349 3278 ἐκλογὴν
2376 3206 2513 3260 Θεοῦ
2541 3209 2647 3261 ἀπὸ
2674 3208 2768 3262 τοῦ
2797 3209 3166 3281 ἐξειλεγμένου
3201 3212 3354 3285 παρὰ
3369 3215 3556 3268 πᾶσαν

1965 3297 2064 3369 τὴν
2095 3296 2394 3369 λεγομένην
2422 3300 2522 3370 γῆν
2544 3300 2752 3373 ἀγαθὴν
2780 3301 2945 3355 τόπου
2980 3303 3385 3375 Ἰεροσολύμων,
3421 3305 3553 3359 ἔνθα

1965 3392 1994 3443 ὀ
2018 3389 2144 3454 ναὸς
2171 3386 2238 3463 ἦν
2265 3391 2359 3444 τοῦ
2386 3390 2520 3446 Θεοῦ
2542 3408 2555 3457 ;
2600 3393 2844 3446 Ἰωάννου
2866 3395 2965 3465 μὲν
2992 3391 3084 3448 οὖν
3121 3396 3259 3467 μετὰ
3278 3396 3554 3470 τοσαύτης

1965 3484 2321 3540 πυνθάνονται
2356 3484 2541 3556 τιμῆς·
2592 3485 2721 3555 περὶ
2752 3486 2992 3557 Χριστοῦ
3032 3487 3089 3541 δὲ
3129 3488 3280 3542 οὐδὲν
3307 3489 3551 3543 τοιοῦτον
3586 3503 3594 3511 ⁷

1963 3577 2378 3648 ἀναγέγραπται
2411 3578 2692 3647 γεγονέναι
2725 3578 2828 3632 ὑπὸ
2871 3579 3158 3633 Ἰουδαίων·
3196 3579 3310 3632 ἀλλ’
3357 3582 3551 3653 ὥσπερ

1975 3667 2213 3732 Ἰουδαῖοι
2266 3668 2403 3739 πρὸς
2471 3666 2723 3738 Ἰωάννην
2774 3667 3021 3732 ποιοῦσι,
3075 3666 3233 3722 τοῦτο
3292 3669 3551 3740 Ἰωάννης

1961 3759 2098 3831 πρὸς
2125 3760 2358 3830 Χριστὸν
2384 3758 2473 3812 διὰ
2496 3758 2604 3813 τῶν
2638 3758 2783 3814 ἰδίων
2816 3760 3074 3832 μαθητῶν
3118 3761 3545 3833 πυνθανόμενος·

1966 3873 1986 3912 ι
2023 3854 2094 3907 Σὺ
2128 3849 2229 3906 εἷὸ
2262 3854 2573 3924 ἐρχόμενος,
2612 3854 2644 3925 ἢ
2685 3855 2870 3926 ἕτερον
2900 3854 3321 3927 προσδοκῶμεν;
3357 3874 3376 3906 ι
3433 3856 3549 3909 Καὶ

1972 3946 2223 4018 Ἰωάννης
2255 3949 2352 4020 μὲν
2382 3949 2518 4021 πρὸς
2550 3949 2678 4009 τοὺς
2721 3947 3046 4019 ἐληλυθότας
3082 3947 3420 4018 ὁμολογήσας
3448 3949 3548 4003 καὶ

1962 4037 2039 4111 μὴ
2069 4039 2441 4111 ἀρνησάμενος
2462 4038 2686 4109 ὕστερον
2710 4039 2788 4114 τὸ²
2815 4059 2834 4092 ι
2875 4039 3017 4109 Ἐγὼ
3047 4040 3196 4112 φωνὴ
3230 4039 3462 4110 βοῶντος
3483 4044 3545 4095 ἐν

1957 4132 2025 4202 τῇ
2056 4132 2264 4201 ἐρήμῳ,
2305 4152 2322 4183 ι
2363 4132 2742 4201 ἀποφαίνεται·
2777 4132 3013 4203 Χριστὸς
3044 4133 3218 4204 δὲτὴν
3252 4133 3544 4207 ἀπόκρισιν

1960 4226 2213 4287 ποιεῖται,
2241 4224 2316 4286 ὡς
2364 4223 2585 4295 μείζονα
2629 4223 2726 4295 τὴν
2763 4225 3064 4306 μαρτυρίαν
3109 4225 3357 4279 Ἰωάννου
3400 4208 3543 4297 ἔχων

294 4328 313 4361 ι
352 4308 454 4374 Ιιο,
488 4317 544 4364 et
576 4308 883 4363 renuntiate
909 4306 1099 4373 Joanui
1136 4322 1255 4377 qua)
1277 4307 1476 4362 auditis
1531 4314 1586 4363 et
1616 4305 1811 4361 videtis
1839 4322 1852 4362 :

2053 4332 2137 4380 ὀις
2170 4317 2264 4369 καὶ
2294 4316 2474 4389 ἔργοις
2502 4305 2744 4384 φάσκων·
2801 4334 2820 4367 ι
2862 4316 3221 4389 Πορευθέντες
3263 4318 3540 4388 ἀπαγγεί-

286 4401 418 4461 caeci
471 4400 649 4457 visum
702 4399 1003 4470 recipiunt,
1049 4399 1227 4454 claudi
1288 4397 1601 4466 ambulant,
1660 4395 1858 4466 leprosi

287 4492 639 4557 mundantur,
690 4492 839 4548 surdi
874 4493 1123 4555 audiunt,
1155 4505 1423 4561 pauperes
1486 4490 1667 4543 laztum
1709 4488 1860 4542 acci-

285 4584 439 4654 piunt
465 4583 741 4655 Evangelii
774 4584 1061 4649 nuntium;
1098 4602 1118 4637 ι
1162 4587 1231 4637 de
1255 4582 1457 4652 quibus
1499 4578 1856 4643 commodius,

288 4678 399 4731 Deo
431 4676 616 4741 dante,
668 4676 721 4730 in
753 4676 866 4732 suis
922 4675 1322 4744 disputabimus
1381 4672 1536 4727 locis.
1596 4667 1858 4727 Fortasse

286 4770 467 4818 autem
517 4778 622 4815 non
652 4763 768 4819 sine
821 4779 984 4818 causa
1023 4765 1146 4834 quis
1185 4764 1434 4828 instaret,
1488 4773 1590 4816 cur
1638 4758 1852 4814 tandem

285 4852 660 4910 sacerdotibus
709 4862 764 4908 et
822 4853 1022 4910 Levitis
1070 4855 1529 4927 interrogantibus
1565 4857 1850 4930 Joannem,

170 4948 179 4953 ’
285 4960 392 5001 non
419 4944 465 5001 si
499 4944 614 5015 ipse
646 4956 788 5001 esset
810 4944 1084 5013 Christus,
1112 4948 1231 5013 sed,
1266 4966 1286 5000 ι
1316 4947 1395 5003 Τιι
1425 4950 1545 5021 quis
1569 4951 1668 5007 es?
1716 4970 1736 5004 ι
1766 4965 1852 5006 re-

284 5036 513 5105 spondet
559 5036 794 5105 Baptista
839 5053 943 5093 non
990 5037 1042 5093 id
1085 5040 1229 5109 quod
1283 5055 1383 5110 par
1426 5051 1549 5098 erat
1591 5043 1658 5098 ad
1694 5043 1846 5111 illud,

289 5150 309 5200 ι
339 5132 419 5187 Τιι
441 5131 562 5202 quis
583 5145 644 5187 es
660 5133 813 5189 ?t—t
828 5132 934 5202 Ego
948 5147 1051 5187 vox
1071 5132 1353 5189 clamantis
1372 5134 1425 5189 in
1451 5135 1685 5204 deserto,
1712 5154 1733 5189 ι
1755 5137 1849 5192 sed

284 5227 425 5292 quod
452 5232 577 5292 apte
600 5222 803 5280 dictum
840 5225 1050 5289 fuisset,
1101 5224 1147 5277 si
1184 5224 1627 5295 interrogassent,
1682 5228 1761 5283 Tu
1788 5244 1848 5284 es

285 5320 568 5376 Christus?
616 5320 985 5376 Conveniebat
1039 5320 1184 5375 enim
1231 5321 1300 5377 ad
1355 5321 1487 5378 illud
1518 5342 1532 5378 :
1562 5324 1635 5380 Es
1665 5335 1719 5380 tu
1755 5327 1847 5382 ille

285 5410 566 5466 Christus?
616 5411 788 5466 illud:
821 5432 839 5465 ι
880 5413 994 5483 Ego
1048 5427 1153 5466 non
1206 5426 1327 5468 sum
1384 5412 1675 5482 Christus;
1720 5435 1739 5468 ι
1778 5419 1846 5472 ad

1959 4407 2088 4462 λατε
2123 4408 2343 4481 Ἰωάννῃ
2369 4408 2404 4462 ά
2435 4408 2658 4479 βλέπετε
2703 4408 2796 4461 καὶ
2824 4408 3068 4461 ἀκούετε·
3102 4409 3290 4478 τυφλοὶ
3321 4409 3541 4464 ἀναϐλέ-

1954 4516 2143 4575 πουσι,
2171 4483 2340 4569 χωλοὶ
2368 4499 2747 4572 περιπατοῦσι,
2780 4500 2972 4574 λεπροὶ
2995 4499 3401 4574 καθαρίζονται,
3426 4520 3538 4556 κω·-

1957 4592 2048 4663 φοὶ
2072 4591 2349 4655 ἀκούουσι,
2393 4594 2597 4663 πτωχοὶ
2629 4592 3093 4663 εὐαγγελίζονται·
3133 4614 3152 4646 ι
3188 4596 3313 4666 περὶ
3341 4589 3417 4649 ὧν
3446 4598 3538 4651 εύ-

1954 4685 2290 4757 καιρότερον,
2325 4685 2460 4738 Θεοῦ
2493 4685 2747 4750 διδόντος,
2789 4687 2846 4740 ὲν
2885 4688 2996 4750 τοῖς
3030 4687 3247 4751 οἰκείοις
3279 4687 3537 4760 διαληψό-

1959 4777 2100 4848 μεθα
2139 4776 2343 4841 τόποις.
2376 4778 2538 4842 Ἴσως
2569 4778 2612 4830 δ’
2638 4777 2703 4843 ἂν
2736 4779 2835 4843 οῦκ
2861 4777 3070 4847 ἀλόγως
3112 4797 3195 4844 τις
3227 4783 3532 4854 ἐπιστήσει,

1952 4869 2006 4924 τί
2059 4870 2256 4941 δήποτε
2297 4868 2406 4923 τῶν
2460 4871 2649 4941 ίερέων
2695 4872 2788 4925 καὶ
2827 4872 3068 4925 Λευῖτῶν
3117 4872 3534 4946 πυνθανομένων

1966 4963 2212 5017 Ἰωάννου
2246 4964 2388 5036 οὐχὶ,
2424 4965 2473 5016 εἰ
2515 4964 2677 5027 αὐτὸς
2721 4963 2805 5034 εἴη
2845 4964 2874 5015 ὁ
2905 4964 3158 5034 Χριστὸς,
3203 4965 3419 5028 ἀλλά⁶ι
3457 4969 3531 5021 Σὺ

1951 5055 2036 5121 τίς
2073 5050 2156 5121 εἷ;
2195 5075 2214 5108 ι
2245 5057 2595 5129 ἀποκρίνεται
2633 5058 2662 5108 ὁ
2705 5055 3013 5127 Βαπτιστὴς
3054 5058 3152 5128 οὐχ
3189 5057 3327 5130 ὅπερ
3365 5060 3531 5131 ἐχρῆν

1953 5146 2090 5219 πρὸς
2102 5149 2184 5209 τὸ,
2203 5167 2222 5198 ι
2244 5149 2315 5214 Σὺ
2332 5148 2415 5213 τίς
2435 5144 2487 5201 εἷ
2504 5166 2518 5215 ;
2533 5169 2623 5199 ι-
2636 5168 2654 5200 ι
2677 5148 2818 5219 Ἐγὼ
2833 5150 2983 5219 φωνὴ
3002 5148 3229 5219 βοῶντος
3245 5133 3305 5202 ἐν’
3321 5153 3387 5222 τῇ
3412 5153 3531 5223 έρήο

1956 5256 2062 5310 μῳ,
2097 5257 2116 5290 ι
2153 5239 2268 5293 ἀλλ’
2304 5242 2437 5312 ὅπερ
2493 5240 2704 5305 οἱκεὶως
2750 5241 2816 5296 ἂν
2862 5241 3077 5311 ἐλέγετο
3098 5244 3145 5295 εί
3173 5238 3312 5315 ἦσαν
3359 5243 3527 5305 πυθό-

1956 5347 2124 5401 μενοι·
2155 5331 2228 5384 Σὺ
2258 5326 2310 5384 εἴ
2332 5334 2360 5385 ὁ
2390 5332 2654 5403 Χριστός;
2692 5333 2939 5403 Ἥρμοσε
2966 5332 3074 5403 γὰρ
3108 5319 3245 5405 πρὸς
3269 5333 3351 5397 τὸ,
3382 5335 3455 5388 Σὺ
3475 5330 3527 5388 εἷ

1951 5423 1980 5473 ὁ
2010 5422 2276 5494 Χριστός
2319 5426 2400 5485 τὸ,
2442 5441 2461 5474 ι
2509 5421 2651 5491 Ἐγὼ
2696 5426 2795 5475 οὐκ
2824 5424 2937 5494 εἰμὶ
2965 5425 2994 5476 ὁ
3024 5423 3277 5494 Χριστός·
3313 5443 3333 5476 ι
3386 5424 3522 5499 πρὸς

287 5502 329 5568 ι
344 5503 383 5568 ι
396 5503 438 5570 ι
458 5502 584 5558 illud
610 5519 738 5561 vero
758 5521 774 5560 :
798 5524 819 5557 ι
839 5505 919 5560 Τιι
935 5504 1058 5576 quis
1071 5504 1418 5577 esis—«Ego
1433 5520 1536 5563 vox
1552 5507 1838 5565 clamantis

2053 5517 2108 5579 rb,
2156 5530 2177 5565 ι
2211 5513 2284 5566 Σὺ
2305 5512 2389 5576 τίς
2419 5508 2502 5580 εἴ;
2536 5533 2553 5567 ι
2578 5517 2658 5579 τὸ,
2698 5532 2716 5565 ι
2741 5513 2883 5583 Ἐγὼ
2913 5515 3063 5585 φωνὴ
3101 5513 3332 5585 βοῶντος
3373 5516 3432 5570 ἐν
3454 5519 3517 5589 τῇ

357 5658 400 5688 ⁸³
433 5658 594 5714 Joan.
626 5677 666 5726 ι,
697 5662 786 5731 21,
814 5661 905 5717 22.
983 5660 1027 5693 ⁸⁸
1058 5660 1189 5716 ibid.
1219 5663 1312 5718 25.
1388 5664 1432 5695 "
1458 5665 1584 5722 ibid.
1617 5667 1703 5735 19,
1735 5666 1823 5722 20.

2053 5670 2163 5726 ιῑιὶι.
2196 5685 2279 5741 1t,
2309 5670 2363 5727 5.
2439 5671 2483 5704 ⁸⁷
2508 5669 2662 5730 Joan.
2690 5687 2768 5739 xl,
2795 5671 2883 5735 25.
2961 5673 3005 5706 "
3044 5673 3231 5737 Matth.
3262 5690 3340 5742 ιι,
3371 5674 3424 5737 4.
3459 5673 3514 5731 5.
