3766 6142
458 300 562 357 219

1908 294 2230 357 ORIGENIS

3594 298 3699 357 ἥδ

430 419 691 488 ‘incensi,
729 433 892 490 quem
943 420 1062 491 ipse
1105 420 1273 476 etiam
1299 418 1599 476 Zacharias
1627 422 1931 492 conspexit,
1961 421 1999 475 si

2139 434 2232 480 τος
2257 417 2324 470 ἐκ
2349 413 2538 482 δεξιῶν
2564 412 2657 468 τοῦ
2695 412 3077 487 θυσιαστηρίου
3111 411 3207 468 τοῦ
3248 413 3586 487 θυμιάματος
3617 418 3701 471 λό-

456 511 582 566 mile
611 511 868 582 quiddam
898 512 985 567 his
1017 526 1137 581 quae
1159 511 1298 565 dixit
1318 510 1613 567 Malachias
1637 529 1733 583 per
1755 514 1871 568 haec
1905 527 2035 566 ver-

454 602 522 657 ba
571 601 853 656 ostendit:
887 601 1001 656 «Et
1054 616 1193 656 uxor
1246 613 1338 657 tua
1387 602 1663 659 Elisabeth
1707 605 1883 673 pariet
1938 604 2034 660 tibi

456 691 662 757 ﬁlium;
706 701 761 748 et
803 694 1024 748 vocabis
1080 709 1277 750 nomen
1337 695 1457 765 ejus
1502 693 1767 751 Joannem
1792 697 1919 762 ης»
1978 704 2035 752 et

455 795 577 856 post
622 799 793 854 pauca
816 785 907 839 7’:
948 783 1107 856 «Ipse
1159 786 1427 855 praecedet
1485 803 1667 843 coram
1730 787 1850 859 ipso
1905 804 2029 843 cum

455 874 650 944 Spiritu
700 885 759 932 et
802 877 1006 931 virtute
1045 875 1195 940 Eliae,
1217 887 1276 931 ut
1305 880 1775 934 convertatcorda
1810 889 2028 949 patrum

456 967 524 1020 ad
553 965 714 1034 ﬁlios,
762 974 819 1022 et
868 976 1224 1023 contumaces
1252 968 1319 1022 ad
1350 968 1694 1037 prudentiam
1730 970 2028 1038 justorum,

457 1066 519 1114 ut
563 1069 831 1129 preparet
884 1059 1116 1116 Domino
1168 1061 1425 1133 populum
1482 1061 1832 1117 instructum.
1865 1080 1885 1115 ι
1945 1062 2030 1118 Ad

455 1153 690 1223 primum
754 1154 920 1224 igitur
975 1153 1176 1224 aliquis
1222 1154 1369 1209 dicet
1419 1152 1686 1210 Joannem
1751 1155 2031 1226 ignorasse

448 1239 692 1309 seipsum
723 1255 847 1296 esse
882 1241 1089 1309 Eliam;
1125 1252 1181 1296 et
1212 1241 1465 1299 fortassis
1491 1244 1593 1299 hac
1624 1245 1839 1301 ratione
1876 1248 2026 1303 usuri

448 1340 581 1386 sunt
600 1332 691 1402 qui
731 1333 906 1387 favent
942 1334 1188 1404 opinioni
1220 1349 1413 1390 eorum
1462 1339 1556 1408 qui
1595 1346 1803 1407 ponunt
1853 1348 2030 1395 trans-

451 1423 919 1492 corporationem;
969 1426 1197 1495 perinde
1234 1428 1392 1496 quasi
1444 1429 1624 1484 anima
1674 1430 1903 1486 subinde
1947 1431 2031 1486 in-

452 1513 584 1569 duat
637 1530 888 1586 corpora,
942 1533 1167 1589 prorsus
1218 1520 1507 1575 immemor
1561 1531 1826 1578 anteactae
1882 1523 2024 1580 vitae.

441 1605 559 1662 Sed
608 1616 664 1663 et
711 1609 765 1663 hi
813 1610 916 1681 ipsi
957 1612 1151 1667 dicturi
1184 1623 1313 1668 sunt
1339 1613 1551 1685 aliquos
1576 1629 1643 1671 ex
1671 1613 1874 1671 Iudaeis
1900 1618 2028 1674 huic

458 1699 702 1768 dogmati
736 1702 1099 1759 assentientes
1143 1704 1209 1758 de
1244 1704 1539 1759 Servatore
1577 1705 1781 1760 dixisse
1803 1707 1871 1739 π’
1900 1722 2024 1762 eum

449 1786 698 1847 fortassis
733 1809 901 1847 unum
955 1796 1267 1865 quempiam
1319 1811 1441 1853 esse
1481 1813 1550 1852 ex
1586 1797 1862 1853 veteribus
1900 1814 2027 1870 pro-

448 1880 649 1952 phetis,
686 1885 778 1954 qui
823 1887 1217 1944 resurrexisset
1248 1904 1358 1944 non
1407 1905 1474 1944 ex
1506 1895 1898 1957 monumentis,
1931 1894 2026 1948 sed

448 1974 519 2029 ab
550 1984 698 2031 ortu.
739 1977 842 2044 Qui
878 1978 993 2033 ﬁeri
1045 1980 1188 2035 enim
1233 1990 1449 2051 poterat
1487 1994 1548 2038 ut
1579 1984 1756 2054 palam
1789 2000 1911 2040 cum
1952 1987 2028 2040 in-

450 2069 723 2124 notuisset
761 2069 987 2126 Mariam
1014 2074 1184 2143 ipsius
1211 2090 1333 2130 esse
1365 2086 1592 2131 matrem
1618 2077 1684 2145 ⁸⁸,
1718 2086 2027 2147 putaretur-

451 2174 560 2229 que
586 2159 788 2232 Joseph
832 2164 987 2221 faber
1025 2166 1098 2220 illi
1133 2179 1292 2238 pater
1314 2184 1457 2234 esse,
1490 2169 1873 2225 exislimarent
1901 2187 2025 2225 eum

448 2265 615 2304 unum
645 2256 937 2322 quemdam
979 2273 1048 2312 ex
1093 2260 1376 2329 prophetis
1430 2261 1696 2316 exsistere
1730 2277 1759 2315 a
1798 2264 2026 2318 mortuis

449 2346 878 2403 resuscitatum?
927 2349 1066 2417 Quin
1112 2353 1279 2407 etiam
1341 2352 1435 2408 illo
1486 2354 1801 2409 testimonio
1849 2353 2027 2410 Gene-

340 2456 343 2459 ·
417 2448 570 2490 ~seos
606 2437 657 2490 hi
697 2447 934 2506 utentes,
1000 2441 1249 2498 «Delebo
1302 2444 1611 2500 universam
1663 2446 2025 2502 resurrectio-

446 2542 570 2583 nem
594 2528 661 2595 εί,
688 2549 705 2581 ι
735 2540 970 2588 statuent
1016 2535 1068 2589 in
1124 2537 1423 2592 certamine
1461 2537 1637 2591 virum
1679 2539 1750 2593 ab
1794 2538 1898 2595 hoc
1925 2540 2025 2593 do-

442 2630 624 2691 gmate
652 2632 909 2691 stantem,
936 2643 1164 2697 gnarum
1193 2629 1435 2685 solvendi
1454 2630 1798 2701 eScripturis
1826 2633 2025 2690 divinis

444 2712 667 2770 fallaces
724 2719 1138 2785 probabilitates
1200 2722 1483 2780 adductas.
1546 2722 1818 2779 Caeterum
1884 2727 2024 2782 alius

442 2807 855 2867 ecclesiasticus
882 2813 1183 2869 orationem
1209 2831 1330 2871 eam
1358 2832 1478 2887 quae
1497 2824 1711 2872 astruat
1740 2826 2026 2873 transcur-

443 2898 811 2966 porationem.
846 2902 1010 2957 veluti
1063 2904 1254 2961 falsam
1321 2922 1606 2978 respuens,
1660 2923 1765 2965 nec
1820 2909 2021 2965 admit-

444 3002 566 3047 tens
595 2991 821 3050 Joannis
849 2997 1086 3053 animam
1125 2999 1422 3070 aliquando
1451 3003 1624 3058 Eliam
1669 3003 1858 3071 fuisse,
1886 3021 2024 3075 pra:-

2135 524 2235 575 γος
2286 506 2423 578 πρὸς
2475 505 2569 560 τὸν
2621 505 2894 576 Ζαχαρίαν
2960 504 3339 577 παραπλήσιόν
3370 523 3423 560 τι
3450 508 3701 579 ἐμφαίνει

2134 601 2247 662 τοῖς
2276 596 2381 652 ὑπὸ
2403 595 2498 651 τοῦ
2528 597 2806 669 Μαλαχίου
2835 595 3147 668 εἰρημένοις
3169 595 3257 650 διὰ
3275 597 3513 651 τούτων’
3546 618 3566 650 ι
3596 599 3702 654 Καὶ

2135 693 2169 761 ἡ
2202 690 2339 763 γυνή
2375 708 2467 745 σου
2509 689 2786 744 Ἐλισάὸετ
2816 691 3067 761 γεννήσει
3099 689 3215 743 υἱόν
3247 706 3329 743 σοι
3350 707 3363 720 ·
3407 690 3501 743 καὶ
3537 690 3700 746 καλέ-

2136 795 2250 843 σεις
2282 779 2343 832 τὸ
2385 779 2557 851 ὄνομα
2596 777 2791 833 αὐτοῦν
2819 778 3069 850 Ἰωάννην
3091 794 3106 809 ·
3152 797 3171 831 ι
3223 779 3318 832 καὶ
3362 779 3479 849 μετ’
3517 779 3694 849 ὀλίγα*

2140 890 2159 923 ι
2197 870 2368 935 Αὐτὸς
2412 871 2796 943 προελεύσεται
2839 871 3068 924 ἐνώπιον
3113 870 3279 926 αὑτοῦ
3326 871 3387 925 ἐν
3437 870 3700 943 πνεύματι

2132 964 2227 1017 καὶ
2264 963 2486 1035 δυνάμει
2548 963 2748 1029 Ἠλίου,
2802 963 3126 1035 ἐπιστρέψαι
3172 963 3402 1036 καρδίας
3451 965 3698 1037 πατέρων

2131 1058 2226 1111 ἐπὶ
2261 1058 2446 1124 τέκνα,
2490 1059 2583 1112 καὶ
2625 1057 2871 1122 ἀπειθεῖς
2913 1060 2970 1112 ἐν
3009 1059 3264 1131 φρονήσει
3301 1057 3548 1126 δικαίων,
3576 1058 3704 1114 ἐτοι-

2123 1151 2305 1222 ημάσαι
2345 1152 2535 1224 Κυρίῳ
2578 1150 2706 1205 λαὸν
2738 1152 3259 1223 κατεσκευασμένον.
3306 1170 3326 1203 ι
3375 1151 3522 1223 Πρὸς
3556 1151 3619 1223 δὴ
3644 1152 3697 1205 τὲ

2135 1242 2350 1314 πρῶτον
2386 1245 2415 1297 ὀ
2457 1245 2557 1316 μέν
2586 1261 2671 1308 τις
2704 1246 2838 1319 έρεϊ,
2879 1247 2960 1299 ὃτι
2990 1246 3183 1298 ἐαυτὸν
3225 1243 3412 1315 ἠγνόει
3456 1243 3706 1314 Ἰωάννης

2147 1336 2333 1390 Ἠλίαν
2371 1336 2532 1390 ὀντα’
2575 1337 2669 1391 καὶ
2689 1336 2830 1408 τάχα
2862 1337 3038 1408 τούτῳ
3077 1337 3371 1409 χρήσονται
3404 1337 3456 1389 oi
3490 1336 3556 1389 ἐκ
3591 1335 3703 1388 τού⁶

2132 1446 2241 1483 των
2267 1427 2346 1500 τῷ
2381 1428 2511 1500 περὶ
2541 1428 3083 1501 μετενσωματώσεως
3117 1429 3518 1500 παριστάμενοι
3548 1426 3703 1499 λόγῳ,

2131 1522 2209 1586 ὼς
2247 1522 2350 1592 τῆς
2393 1521 2571 1593 ψυχῆς
2626 1521 3170 1594 μεταμφιεννυμένης
3221 1520 3465 1593 σώματι,
3512 1521 3608 1575 καὶ
3644 1522 3702 1575 οὐ

2131 1612 2348 1676 πάντως
2374 1612 2729 1684 μεμνημένης
2758 1611 2866 1665 τῶν
2895 1612 3176 1684 προτέρων
3202 1612 3351 1684 βίων.
3393 1613 3460 1666 Οἱ
3483 1612 3530 1666 δ’
3558 1610 3706 1667 αὐτοὶ

2130 1697 2276 1757 οὗτοι
2300 1702 2488 1775 ἐροῦσι
2520 1704 2615 1758 καί
2642 1720 2794 1768 τινας
2814 1703 2922 1758 τῶν
2963 1703 3231 1757 Ἰουδαίων
3251 1703 3361 1775 (84)
3379 1703 3460 1775 τῷ
3484 1703 3701 1776 δόγματι

2060 1764 2102 1820 Β
2131 1764 2694 1867 συγκατατιθεμένους
2718 1764 2847 1867 περὶ
2883 1794 3131 1867 Σωτῆρος
3164 1764 3468 1868 ειρῆκέναὶ,
3504 1764 3703 1868 ὼςΙάρα

2128 1891 2289 1955 εἴτις
2320 1892 2404 1963 εῐη
2435 1889 2544 1944 τῶν
2573 1888 2818 1961 ἀρχαίων
2857 1888 3153 1960 προφητῶν
3186 1889 3426 1954 ἀναστὰς
3465 1891 3570 1944 οὐκ
3609 1891 3704 1945 ἀπὺ

2125 1981 2235 2035 τῶν
2281 1981 2583 2053 μνημείων,
2644 1978 2760 2033 ἀλλ’
2807 1978 2916 2031 ἀπὸ
2956 1978 3056 2050 τῆς
3100 1980 3387 2049 γενέσεως.
3430 1976 3562 2043 Πῶς
3604 1980 3705 2052 γὰρ

2127 2075 2369 2140 ἐδύνατο,
2399 2073 2585 2145 σαφῶς
2616 2073 2976 2145 δεικνυμένης
3012 2072 3111 2144 τῆς
3144 2074 3348 2145 μητρὸς
3373 2071 3547 2127 αὐτοῦ
3588 2075 3703 2128 Μα-

2130 2168 2274 2239 ρίας,
2314 2164 2831 2238 ύπολαμὸανομένου
2856 2182 2915 2219 τε
2961 2164 3163 2236 πατρὸς
3212 2163 3361 2236 αὐτῷ
3419 2164 3704 2237 τυγχάνειν

2140 2258 2336 2330 Ἰωσὴφ
2366 2257 2460 2312 τοῦ
2487 2257 2758 2322 τέκτονος,
2784 2254 3026 2327 νομίζειν
3058 2255 3154 2311 ἕνα
3188 2256 3309 2311 τινὰ
3340 2256 3451 2311 τῶν
3503 2274 3706 2329 προφη-

2125 2352 2234 2405 τῶν
2260 2350 2423 2405 αὐτδν
2456 2350 2797 2422 τυγχάνοντα
2832 2349 3127 2421 ἐγηγέρθαι
3171 2350 3281 2403 ἀπὸ
3312 2349 3420 2405 τῶν
3470 2350 3703 2423 γεκρῶν;

2126 2445 2239 2498 Καὶ
2271 2443 2371 2516 τῷ,
2408 2463 2427 2495 ι
2473 2442 2771 2512 Ἐξαλείψω
2800 2444 2979 2495 πᾶσαν
3012 2443 3111 2514 τὴν
3134 2442 3496 2507 ἐξανάστασιν
3528 2444 3657 2513 (85),
3685 2464 3701 2495 ι

2128 2534 2604 2606 ἀναγεγραμμένῳ
2631 2535 2689 2587 ἐν
2713 2536 2778 2606 τῇ
2810 2533 3025 2587 Γενέσει
3062 2535 3109 2585 οἱ
3132 2533 3285 2586 αὐτοὶ
3325 2532 3602 2605 χρώμενοι
3624 2535 3706 2588 τὸν

2127 2627 2528 2699 πεφροντικότα
2565 2625 2926 2696 πιθανότητας
2958 2624 3244 2694 ἀπατηλάς
3292 2624 3703 2696 προσαγομένας

2125 2742 2237 2797 ἀπὸ
2282 2740 2392 2795 τῶν
2436 2739 2669 2813 Γραφῶν
2707 2738 2857 2793 λύειν
2909 2741 2988 2803 είς
3032 2739 3218 2808 ἀγῶνα
3278 2740 3701 2812 περιστήσουσιν

2128 2837 2415 2908 ἱστάμενον
2438 2835 2575 2907 πρὸς
2603 2834 2664 2889 τὸ
2688 2834 2882 2905 δόγμα.
2922 2834 3146 2904 Ἕτερος
3167 2832 3224 2886 δέ
3255 2850 3338 2896 τις
3362 2831 3477 2903 (86)
3513 2831 3702 2901 ἐκκλη-

2126 2930 2408 2994 σιαστικδς
2441 2930 2532 2983 τὸν
2567 2928 2696 3001 περὶ
2727 2926 3272 2999 μετενσωματὼσεως
3308 2926 3611 2981 ἀποπτύων
3636 2926 3703 2988 ὡς

2124 3022 2295 3094 ψευδῆ
2340 3020 2495 3089 λόγον
2546 3018 2682 3091 (87),
2739 3017 2814 3091 μὴ
2877 3017 3234 3090 προσιέμενος
3274 3018 3338 3071 τὸ
3381 3020 3485 3090 τὴν
3541 3018 3702 3090 ψυχήν

443 3086 588 3141 dit-ta
639 3090 888 3143 oratione
930 3092 1109 3161 angeli
1162 3109 1357 3149 usurus
1385 3104 1489 3161 est,
1513 3097 1608 3166 qui
1632 3112 1737 3153 non
1769 3100 1999 3154 nomina-

2137 3086 2377 3170 Ἰωάννου
2393 3086 2576 3167 Ἦλίαν
2601 3086 2729 3166 ποτὲ
2740 3086 3051 3181 γεγονέναι,
3162 3127 3391 3183 προειρη
3399 3086 3700 3183 μένῳ-λόγω

442 3179 585 3233 verit
617 3179 749 3235 Eliae
791 3181 1028 3238 animam
1056 3185 1106 3239 in
1136 3194 1257 3240 ortu
1288 3185 1536 3257 Joannis,
1562 3190 1655 3245 sed
1687 3192 1940 3261 spiritum
1963 3202 2019 3249 et

406 3269 720 3336 ~virtutcm,
756 3287 851 3342 per
890 3276 1005 3330 haec
1037 3277 1202 3332 verba
1235 3295 1247 3331 :
1287 3296 1307 3332 ι
1343 3280 1409 3334 Ει
1455 3281 1567 3349 ipse
1615 3284 1888 3351 praecedet
1924 3301 2020 3341 co-

436 3377 562 3416 ram
622 3363 742 3433 ipso
784 3381 910 3421 cum
953 3369 1144 3437 Spirilll
1189 3379 1244 3424 et
1300 3371 1502 3427 virtute
1553 3373 1704 3440 Eliaa,
1749 3385 1811 3430 ut
1851 3379 2019 3433 corda

410 3465 654 3523 epalrum
703 3456 769 3511 ad
794 3458 932 3514 ﬁlios
963 3463 1340 3527 convertat",
1372 3483 1390 3515 ι
1429 3463 1659 3522 inﬁnitis
1706 3468 2023 3539 Scriptura-

404 3562 562 3601 rrum
601 3548 732 3606 locis
761 3553 1049 3608 ostendere
1093 3555 1281 3609 valens
1326 3557 1469 3612 aliud
1510 3573 1630 3614 esse
1674 3563 1929 3630 spiritum
1962 3566 2021 3622 'et

439 3638 495 3694 id
525 3641 670 3709 quod
698 3644 1014 3699 nominatur
1040 3648 1212 3702 virtus
1256 3648 1412 3719 113
1446 3650 1688 3720 spiritus,
1716 3652 1865 3711 aliud
1898 3671 2021 3714 esse

442 3733 722 3791 animam:
756 3737 822 3791 de
875 3738 1073 3807 quibus
1120 3743 1502 3810 tempestivum
1556 3758 1661 3798 non
1723 3757 1808 3801 est
1873 3764 2020 3807 nunc

440 3827 610 3881 multa
643 3828 695 3881 in
733 3829 970 3885 medium
1008 3830 1226 3896 afferre,
1260 3849 1327 3888 ne
1368 3836 1420 3887 in
1454 3835 1777 3893 immensum
1804 3841 2018 3895 oratio-

440 3931 565 3970 nem
630 3922 1033 3986 protrahamus.
1099 3923 1247 3979 Satis
1316 3940 1565 3995 magnam
1626 3928 1733 3982 vim
1795 3929 2021 3987 habebit

440 4021 587 4061 nunc
616 4006 683 4061 ad
713 4012 1151 4075 persuadendum
1189 4014 1408 4083 quidem
1436 4019 1693 4073 virtutem
1732 4019 1953 4077 differre
1987 4041 2017 4079 ιι

442 4098 674 4168 Spiritu,
704 4100 835 4155 illud
865 4102 912 4134 ⁸³
944 4120 957 4156 :
993 4122 1011 4154 ι
1038 4104 1270 4174 Spiritus
1315 4118 1538 4163 sanctus
1583 4115 1934 4183 superveniet
1963 4115 2017 4170 in

443 4199 516 4253 te,
541 4204 595 4247 et
626 4194 798 4250 virtus
834 4194 1096 4251 Altissimi
1144 4200 1493 4256 obumbrabit
1521 4203 1649 4269 tibi;
1678 4225 1696 4257 ι
1729 4206 1796 4262 ad
1833 4217 2022 4263 osten-

441 4281 676 4337 dendum
724 4301 854 4340 vero
900 4302 994 4342 eos
1044 4288 1268 4357 spiritus
1319 4293 1410 4361 qui
1467 4305 1599 4349 sunt
1655 4298 1708 4351 in
1743 4301 2022 4369 prophetis

440 4375 639 4446 (utqui
680 4378 787 4434 illis
819 4396 848 4434 a
880 4381 989 4436 Deo
1023 4381 1207 4438 donati
1238 4385 1368 4453 sint)
1410 4387 1572 4442 veluti
1607 4388 1822 4446 illorum
1861 4408 2018 4448 man-

2120 3208 2214 3263 τοῦ
2235 3207 2469 3276 ἀγγέλου
2499 3205 2786 3276 χρήσεται,
2808 3203 2985 3276 ψυχὴν
3025 3204 3203 3257 Ἠλίου
3238 3203 3313 3276 μὴ
3334 3204 3694 3275 ὀνομάσαντος

2121 3299 2214 3354 ἐπὶ⁹
2233 3299 2332 3370 τῆς
2371 3296 2616 3351 Ἰωάννου
2640 3296 2924 3366 γενέσεως.
2946 3295 3079 3350 ἀλλά
3114 3296 3329 3368 πνεῦμα
3358 3296 3456 3351 καὶ
3474 3295 3696 3368 δύναμιν

2119 3388 2206 3443 διά
2226 3388 2344 3453 τοῦ,
2382 3408 2401 3440 ι
2437 3389 2547 3443 Καὶ¹
2576 3387 2738 3451 αὐτὸς
2767 3385 3149 3460 προελεύσεται
3193 3386 3426 3441 ἐνώπιον
3462 3387 3627 3441 αὐτοῦ
3651 3390 3700 3440 ἐν

2121 3481 2412 3553 πνεύματι,
2455 3480 2550 3535 καὶ
2590 3480 2817 3551 δυνάμει
2870 3480 3070 3543 Ἠλίου,
3117 3480 3448 3551 ἐπιστρέψαι
3486 3479 3700 3551 καρδίας

2122 3573 2374 3645 πατέρων
2407 3572 2499 3626 ἐπὶ
2533 3572 2718 3638 τέκνα,
2756 3591 2775 3624 ι
2809 3571 2898 3625 διὰ
2921 3572 3126 3644 μυρίων
3155 3572 3457 3641 δυνάμενος
3495 3572 3688 3625 ἀποδει-

2120 3666 2311 3722 κνύναι
2334 3666 2587 3738 Γραφῶν,
2623 3666 2811 3738 ἕτερον
2848 3662 2984 3720 εἶναι
3014 3665 3072 3720 τὸ
3109 3664 3326 3737 πνεῦμα
3356 3668 3459 3738 τῆς
3505 3667 3696 3739 ψυχῆς,

2120 3762 2213 3814 καὶ
2236 3759 2335 3832 τὴν
2360 3758 2767 3830 ὀνομαζομένην
2786 3758 3013 3830 δύναμιν
3034 3758 3125 3812 τοῦ
3150 3758 3466 3831 πνεύματος
3489 3762 3583 3814 καὶ
3604 3760 3695 3830 τῆς

2119 3853 2321 3924 ψυχῆς,
2349 3852 2477 3923 περὶ
2526 3846 2601 3905 ὧν
2642 3852 2744 3905 οὐκ
2787 3849 3041 3924 εὔκαιρον
3070 3849 3165 3904 νῦν
3196 3850 3600 3922 παρατίθεσθαι
3636 3851 3700 3904 τὰ

2122 3944 2315 4007 πολλὰ,
2383 3943 2472 3997 ἴνα
2535 3942 2608 4015 μὴ
2669 3941 2808 3996 πάνυ
2870 3941 2961 3996 τὸν
3020 3941 3175 4011 λόγον
3249 3943 3693 4014 περισπάσωμεν.

2135 4036 2556 4108 Ἀρκεσθήσεται
2582 4034 2639 4089 δὲ
2665 4034 2760 4088 ἐπὶ
2787 4032 2881 4087 τοῦ
2917 4034 3183 4106 παρόντος
3204 4034 3341 4106 πρὸς
3380 4036 3480 4106 μὲν
3508 4036 3571 4088 τὸ
3591 4035 3698 4088 δια-

2124 4130 2309 4200 φέρειν
2350 4127 2577 4199 δύναμιν
2623 4125 2931 4197 πνεύματος
2973 4126 3068 4191 τὸ,
3103 4146 3122 4177 ι
3162 4124 3389 4197 Πνεῦμα
3428 4127 3587 4196 ἅγιον
3615 4130 3699 4181 ἐπ-

2122 4217 2402 4271 ελεύσεται
2441 4218 2533 4270 ἐπὶ
2572 4217 2653 4279 σὲ,
2698 4216 2792 4270 καὶ
2817 4214 3047 4287 δύναμις
3092 4215 3346 4286 Ὑψίστου
3395 4219 3697 4272 ἐπισκιάσει

2125 4328 2207 4365 σοι
2229 4329 2242 4342 ·
2275 4330 2294 4363 ι
2329 4310 2466 4380 πρὸς
2490 4309 2548 4363 δέ
2578 4309 2647 4363 τὰ
2675 4311 2733 4362 ἐν
2760 4311 2875 4372 τοῖς
2905 4310 3213 4381 προφήταις
3252 4308 3565 4381 πνεύματα,
3611 4310 3697 4364 ἅτε

2121 4404 2470 4477 δεδωρημένα
2499 4403 2681 4467 αὐτοῖς
2706 4403 2809 4456 ὑπὸ
2845 4402 3001 4467 Θεοῦ,
3034 4403 3195 4457 οἱονεὶ
3240 4403 3466 4457 ἐκείνων
3503 4404 3695 4476 ὀνομά-

430 4471 580 4538 cipia
630 4487 772 4535 esse,
816 4474 957 4528 istud
1004 4475 1072 4540 ",
1108 4496 1125 4528 ι
1159 4476 1395 4546 Spiritus
1443 4481 1831 4551 prophetarum
1883 4501 1999 4557 pro-

2137 4471 2623 4568 :eoiiatnxrﬁpaca,
2661 4497 2742 4561 τὸ,
2776 4513 2796 4546 ι
2836 4494 3128 4566 Πνεύματα
3164 4494 3465 4567 προφητῶν
3491 4471 3696 4566 προφή-

436 4563 618 4633 phetis
661 4565 1046 4635 subjiciuntur,
1078 4588 1098 4622 ι
1135 4580 1188 4624 et
1225 4570 1353 4625 illud
1379 4569 1426 4602 ⁸³
1455 4588 1528 4624 ιιι
1560 4571 1852 4643 Requievit
1903 4577 2017 4646 spi-

439 4657 578 4710 ritus
609 4658 737 4714 Eliae
770 4677 935 4731 super
962 4663 1238 4719 Elisaeum.
1267 4682 1285 4714 ι
1320 4664 1428 4719 isto
1474 4666 1623 4720 enim
1674 4668 1834 4722 modo
1878 4671 2017 4726 nihil

439 4750 657 4806 absurdi
688 4754 813 4821 erit,
855 4756 1081 4824 inquiet,
1117 4765 1174 4811 ut
1201 4754 1446 4812 Joannes
1469 4769 1797 4815 convertens
1823 4761 1876 4815 in
1907 4764 2016 4832 sp'i-

438 4845 544 4899 ritu
593 4855 647 4901 et
673 4848 873 4903 virtute
908 4850 1035 4905 Elia:
1062 4850 1229 4905 corda
1261 4860 1477 4919 patrum
1512 4852 1578 4906 ad
1608 4851 1749 4907 ﬁlios
1768 4854 1838 4921 ⁸³,
1865 4855 2017 4911 dica-

508 4937 554 5014 "_3
579 4936 711 4993 Luc.
742 4941 926 5014 t_,__l'5._
984 4943 1043 5014 7"
1068 4944 1196 4998 ibid.
1221 4943 1309 4999 Π.
1417 4944 1486 4976 ⁷⁹¹
1525 4944 1715 5000 Mallh-
1750 4962 1858 5014 XVI.
1890 4950 1979 5009 M-

2123 4604 2244 4651 ταις
2295 4586 2677 4650 ὑποτάσσεται,
2737 4603 2756 4637 ι
2800 4584 2895 4637 καὶ
2940 4585 2999 4637 τὸ
3022 4626 3037 4650 ,
3085 4603 3104 4636 ι
3186 4586 3597 4641 Ἀναπέπαυται
3641 4588 3695 4639 τὸ

2126 4676 2344 4749 πνεῦμα
2396 4677 2573 4731 Ἠλίου
2622 4676 2718 4730 ἐπὶ
2777 4676 3062 4731 Έλισσαιέ.
3118 4696 3137 4729 ›
3185 4676 3342 4731 Οὖτω
3378 4678 3490 4751 γάρ
3549 4679 3695 4733 οὒδέν

2124 4770 2343 4837 ἄτοπον,
2381 4772 2566 4842 φησὶν,
2598 4770 2748 4825 ἐσται
2771 4769 2861 4824 τὸν
2890 4770 3164 4842 Ἰωάννην,
3204 4770 3263 4824 ἐν
3292 4771 3567 4843 πνεύματι
3607 4772 3692 4823 καὶ

2121 4863 2349 4935 δυνάμει
2403 4862 2583 4918 Ἠλίου
2626 4863 3022 4934 ἐπιστρέφοντα
3053 4861 3279 4933 καρδίας
3324 4864 3575 4935 πατέρων
3608 4864 3695 4915 ἐπὶ

2087 4957 2133 4990 ⁸ο
2164 4958 2356 5014 Matth.
2395 4974 2513 5025 xm,
2547 4957 2635 5012 55.
2747 4957 2790 4989 ³¹
2822 4955 2959 5012 Gen.
2989 4971 3088 5020 νιι,
3113 4957 3170 5012 4.
3275 4958 3321 4989 ⁸³
3349 4957 3484 5013 Luc.
3527 4974 3570 5022 I,
3607 4956 3687 5011 17.

434 5006 482 5079 με
519 5008 653 5063 Luc.
687 5026 725 5074 ι,
752 5011 841 5065 55.
910 5011 1001 5067 ιιιι
1030 5015 1157 5069 Cor.
1187 5031 1298 5082 xw,
1327 5015 1417 5071 δι.
1456 5016 1627 5071 ,ευιν
1662 5016 1795 5087 Reg.
1826 5006 1886 5086 ni,
1920 5006 1988 5078 is

2159 5006 2359 5094 ιᾲῖιέῗίζ
2386 5006 2472 5082 ﬁl

510 5107 623 5181 (84)
674 5108 846 5181 Τίνὰς
897 5108 1016 5163 τῶν
1078 5111 1395 5170 Ἰουδαίων.
1449 5122 1555 5168 etc.
1612 5113 1877 5181 Origenes
1948 5118 2004 5172 in

439 5177 630 5259 ὂίὰιιίι.
661 5194 770 5241 λιν,
807 5180 855 5235 1.
890 5188 1020 5259 tom.
1049 5197 1102 5245 χ,
1130 5199 1261 5259 pag1
1284 5182 1429 5259 {6§_:
1451 5186 1611 5253 Λέγοι
1641 5177 1772 5259 δ’,άν
1799 5204 1881 5251 τις
1908 5190 2008 5259 τὴν

435 5252 535 5336 ξιξ-ις
566 5249 1105 5336 μετενσωματὼσεως
1132 5249 1476 5336 ψευδοδοξίαν
1517 5249 1796 5336 γἐγονέγαίι.
1846 5249 1901 5336 ἐν
1932 5249 2009 5328 τῷ

450 5292 532 5313 μ,
610 5292 809 5301 -.-γ-υ,
857 5292 1103 5314 ...ωηυς
1177 5292 1355 5306 .--νυν
1394 5292 1474 5307 ...υ
1554 5292 1578 5309 ς
1620 5292 1796 5310 ww...
1846 5292 1901 5310 εν
1942 5292 2009 5311 ..ω

450 5292 662 5397 Ἀρῶδῃ
714 5292 968 5397 καίῗτισι
998 5322 1121 5397 *τῶν
1136 5292 1279 5377 Ἰ’(1ιίιό
1307 5292 1606 5397 τοῦλλοιοιῦ,ι
1626 5328 1727 5397 ἀφ’,
1746 5323 1813 5397 ἦς
1841 5311 2010 5397 ᾤοντο

435 5391 530 5468 τόν
538 5408 685 5468 ποτε
716 5391 965 5468 Ἰωάννην
994 5394 1279 5468 ἐνγενέσει
1297 5394 1571 5468 γενέσθαι,
1595 5391 1689 5449 καὶ
1717 5391 1782 5449 ἐκ
1801 5391 2010 5468 νεκρῶν

437 5410 527 5447 τον
557 5410 685 5444 ποτε
732 5410 894 5445 ιωανν
937 5411 965 5446 ν
994 5410 1050 5444 εν
1072 5410 1279 5460 γενεσει
1300 5410 1500 5463 γενεσυι

437 5462 753 5535 ἐληλυθέναι
788 5464 867 5525 είς
892 5410 981 5516 22w
1011 5463 1144 5534 βίον,
1171 5466 1245 5528 ὼς
1273 5464 1500 5533 Ἰησοῦν.

416 5572 424 5581 -
513 5535 629 5603 (85)
660 5534 874 5590 Πιῖσιιν
927 5534 1044 5602 τὴν
1095 5535 1524 5606 ἐξανάστασιν.
1582 5535 1752 5606 Vulgo
1810 5536 2009 5605 legitur

443 5607 582 5702 apud
617 5607 743 5670 τοὺς
766 5609 842 5673 0’,
872 5607 977 5660 πᾶν
1002 5607 1063 5659 τὸ
1077 5607 1387 5677 ἀνάστημα.
1419 5604 1548 5661 Vide
1580 5604 1813 5663 Flamin.
1848 5604 2009 5661 Nobi-

444 5692 455 5702 Ι
1459 5697 1466 5704 δ

443 5692 593 5728 ιΙΙΙΙὶὶ.

516 5742 628 5816 (86)
658 5747 899 5816 Ἕτερος
945 5748 1013 5803 δέ
1038 5736 1150 5815 τις,
1181 5759 1287 5802 etc.
1348 5747 1439 5802 Sic
1474 5756 1619 5802 recte
1665 5746 1830 5801 habet
1881 5748 2001 5802 cod.

444 5811 743 5883 Bodleiau.;
779 5811 916 5876 [uale
949 5811 1128 5877 autem
1160 5818 1388 5887 Regius,
1436 5817 1621 5889 ἕτερον
1653 5817 1710 5870 δέ
1759 5834 1862 5883 τις,
1894 5827 2001 5874 etc.

2117 5123 2463 5195 Origenesjn
2483 5122 2685 5195 Matth.
2707 5138 2823 5195 Δτιν,
2847 5121 2939 5183 26,
2970 5129 3100 5195 tom.
3134 5139 3210 5185 XI,
3238 5138 3363 5195 pag.
3392 5120 3538 5195 506:
3566 5120 3688 5173 ’Λλ-

2117 5195 2196 5248 λοι
2220 5191 2323 5264 μὲν
2355 5191 2446 5247 οῦν
2472 5192 3003 5264 ὑπολαμϐανέτωσαν
3037 5191 3179 5264 ξένοι
3204 5191 3298 5247 τοῦ
3328 5193 3692 5264 ἐκκλησιαστι-

2119 5265 2216 5318 κοῦ
2228 5262 2399 5332 λόγου
2436 5264 2780 5334 μεταϐαίνειν
2815 5263 2921 5334 τὰς
2947 5262 3127 5334 ψυχὰς
3158 5264 3269 5317 ἀπὸ
3294 5262 3561 5334 σωμάτων
3604 5262 3690 5314 ἀν-

2119 5334 2351 5405 θρώπων
2380 5333 2480 5406 ἐπὶ
2503 5333 2732 5406 σώματα
2760 5333 2949 5388 κύνεια
2987 5333 3133 5388 κατὰ
3170 5335 3269 5406 τὴν
3299 5333 3687 5406 διάφορον-ρεα-

2119 5403 2265 5468 κῖαν,
2300 5417 2410 5473 elo.
2442 5403 2508 5459 Ει
2530 5403 2597 5456 ἔνι’
2623 5405 2816 5458 Matth.
2849 5420 2980 5464 XVII.
3008 5406 3096 5467 10,
3132 5403 3260 5458 Ioni.
3297 5403 3418 5466 xm,
3541 5403 3644 5457 570
3672 5417 3686 5453 :

2126 5475 2312 5546 Ἠλίας
2342 5471 2437 5546 οὖν
2479 5477 2508 5528 ὀ
2552 5475 2805 5546 Ἰωάννης
2835 5476 2897 5546 ού
2928 5474 3017 5546 διά
3058 5475 3156 5546 τὴν
3196 5475 3378 5546 ψυχὴν
3427 5471 3687 5546 λέλεκται,

2111 5545 2245 5600 ἀλλὰ
2276 5544 2366 5598 διά
2388 5545 2447 5599 τὸ
2478 5545 2695 5615 πνεῦμα
2720 5543 2817 5601 καὶ
2836 5544 2935 5667 την
2961 5543 3220 5617 δύναμιν,
3236 5543 3397 5600 ἅτινα
3426 5546 3573 5599 οὐδὲν
3601 5543 3687 5596 λυ-

2111 5619 2205 5667 πεῖ
2225 5614 2316 5667 τὸν
2353 5612 2810 5667 ἐκκλησιαστικὸν
2843 5614 2871 5665 λ
2906 5632 3020 5667 γον.
3324 5642 3329 5647 ’

2110 5619 2205 5670 πεῖ
2225 5614 2316 5668 τὸν
2353 5612 2810 5686 ἐκκλησιαστικὸν
2843 5612 3020 5682 λόγον.

2183 5686 2295 5757 (87)
2336 5687 2430 5757 Ὡς
2482 5685 2681 5753 ψευδῆ
2720 5686 2926 5757 λόγονξ
2972 5686 3065 5757 Sic
3101 5685 3288 5757 _codcx

2109 5753 2289 5828 recte;
2322 5756 2463 5813 male
2482 5771 2612 5812 vero
2646 5753 2867 5817 “cuius.
2884 5753 3032 5811 ὥστε
3055 5754 3233 5824 λόγον.

3324 5642 3653 5742 ’Βοιιίείίιιιιιε
3668 5718 3681 5743 ο
