3766 6142
456 292 564 347 225

1910 300 2235 357 ORIGENIS

3613 302 3728 361 22%

457 422 605 470 cere,
635 406 750 463 Non
783 423 902 463 sum
938 409 1105 475 Elias,
1130 413 1273 482 quod
1306 413 1585 484 ignoraret
1613 417 1885 487 quodnam
1913 435 1944 471 v

2247 458 2249 467 ,
2279 416 2487 481 Ἠλίας,
2527 437 2545 469 ι
2575 420 2604 473 6
2631 419 2905 489 Ἰωάννης,
2937 418 3061 473 ἐπεὶ
3098 419 3284 488 ἀγνοεῖ
3310 419 3404 474 τὸν
3434 419 3567 475 rem
3590 426 3734 493 πρό-

458 515 631 569 genus
656 508 782 558 aute
810 502 1189 573 trausegisset.
1220 504 1316 561 His
1343 506 1509 577 igitur
1542 525 1648 563 non
1678 520 2036 566 contemnen-

457 591 585 647 dam
626 592 1066 661 probabilitatem
1119 595 1464 663 habentibus,
1502 616 1717 656 rursum
1768 602 2036 658 ecclesia-

455 682 629 739 sticus
655 683 930 740 dubitabit
957 697 1145 741 contra
1172 689 1321 743 illum
1347 692 1609 759 priorem,
1642 709 1711 747 an
1742 693 1888 749 illius
1908 710 2037 765 pro-

456 776 635 844 pheta:
664 777 736 831 sit
764 778 856 848 qui
896 794 926 832 a
969 779 1179 849 Spiritu
1218 782 1582 850 illuminatur,
1613 787 1703 855 qui
1737 787 1805 842 ab
1834 788 2035 845 Isaia”

455 869 834 939 prophetatur,
867 872 956 941 qui
987 889 1016 927 a
1052 874 1145 928 tali
1178 884 1438 946 tantoque
1466 880 1684 948 angelo,
1717 882 2034 952 priusquam

455 975 794 1026 nasceretur,
834 964 1154 1031 prmdicitur
1202 971 1501 1036 parieudus
1519 972 1587 1036 ³⁸,
1615 974 1704 1042 qui
1742 989 1809 1029 ex
1853 976 2034 1044 pleni-

457 1052 647 1108 tudine
694 1052 897 1109 Christi
951 1057 1179 1124 accepit,
1216 1058 1305 1126 qui
1349 1063 1578 1127 gratiam
1615 1064 1776 1120 talem
1823 1082 1888 1122 ac
1917 1077 2037 1122 tau-

455 1152 564 1198 tam
594 1145 958 1214 participavit,
990 1147 1081 1217 qui
1105 1147 1371 1207 intellexit
1398 1156 1682 1212 veritatem
1715 1173 1816 1226 per
1846 1158 2032 1216 Jesum

453 1234 735 1293 Christum
766 1236 969 1294 factam
1016 1240 1205 1306 fuisse,
1243 1243 1336 1313 qui
1366 1245 1494 1301 talia
1533 1262 1597 1303 ac
1628 1259 1777 1304 tanta
1804 1252 1873 1307 de
1899 1252 2032 1317 Deo,

452 1342 519 1384 ac
545 1330 613 1385 de
642 1330 757 1400 ejus
786 1329 1076 1402 Uuigenito
1104 1333 1218 1399 illo,
1263 1337 1355 1404 qui
1391 1338 1456 1391 ad
1493 1340 1671 1395 sinum
1720 1341 1898 1399 Patris
1926 1356 2032 1411 est,

452 1423 823 1488 enarravit",
870 1425 1114 1490 mentiri,
1167 1435 1335 1497 atque
1391 1430 1557 1485 etiam
1618 1432 1891 1502 lmsitare,
1923 1453 2031 1493 non

455 1521 842 1584 agnoscentem
887 1516 1033 1585 quod
1081 1525 1221 1574 erat.
1267 1518 1570 1588 Oportebat
1596 1523 1742 1578 enim
1771 1526 1838 1581 de
1870 1526 2033 1584 rebus

451 1604 861 1662 obscurioribus
897 1608 1268 1666 assensiouem
1305 1610 1577 1679 inhibere,
1620 1629 1798 1687 neque
1825 1632 2026 1675 conce~

451 1697 653 1763 dendo,
713 1713 901 1767 neque
948 1700 1185 1756 tollendo
1241 1705 1689 1773 propositionem.
1746 1709 2030 1777 Quomodo

2138 526 2295 578 τερον
2324 509 2457 579 βίον.
2492 510 2707 563 Τούτων
2747 510 2812 582 δὴ
2852 511 2953 565 οὐκ
2991 511 3469 584 εὐκαταφρόνητον
3502 513 3736 570 πιθανό-

2136 619 2276 673 τητα
2329 602 2563 675 ἐχόντων
2582 643 2598 666 ,
2654 602 2815 657 πάλιν
2850 606 2880 658 6
2940 604 3392 675 ἐκκλησιαστικὸς
3453 606 3731 680 ἀπορήσει

2137 694 2275 766 πρὸς
2302 695 2397 747 τὸν
2426 694 2710 766 πρότερον,
2742 696 2792 748 εἰ
2824 694 2966 750 κατὰ
2984 696 3075 749 τὸν
3102 698 3389 769 προφήτην
3423 698 3573 752 ἐστὶν
3615 699 3734 754 ὑπὸ

2133 787 2230 844 τοῦ
2269 788 2585 859 Πνεύματος
2616 787 3000 859 φωτιζόμενον,
3040 790 3134 843 καὶ
3170 790 3276 844 ὑπὸ
3321 791 3545 845 Ἡσαΐου
3583 809 3730 864 προ-

2137 880 2524 951 φητευόμενον,
2566 879 2671 933 ὑπό
2703 896 2763 933 τε
2799 879 3118 951 τηλικούτου
3152 880 3247 935 τοῦ
3293 881 3547 951 ἀγγέλου,
3587 884 3730 955 πρὶν

2137 972 2482 1043 γεννηθῆναι,
2508 970 2868 1043 τεχθήσεσθαι
2906 973 3325 1045 προειρημένον,
3361 976 3428 1028 ἐκ
3454 974 3549 1035 τοῦ
3582 976 3733 1048 πλη-

2138 1050 2394 1137 ρώματος
2416 1061 2653 1135 Χριστοῦ
2677 1061 2954 1133 εἰληφότα,
2977 1063 3197 1135 χάριτος
3224 1064 3560 1140 τηλικαύτης
3589 1085 3732 1139 μετ-

2134 1155 2408 1225 εσχηκότα
2433 1193 2449 1218 ,
2498 1152 2598 1225 τὴν
2638 1152 2895 1226 ἀλήθειαν
2930 1153 3020 1208 διὰ
3068 1156 3242 1227 Ἰησοῦ
3286 1157 3522 1228 Χριστοῦ
3562 1174 3735 1228 γεγε-

2134 1243 2329 1315 νῆσθαι
2359 1242 2671 1313 νενοηκότα,
2703 1243 2833 1314 περὶ
2853 1242 2990 1295 Θεοῦ
3016 1243 3112 1296 καὶ
3143 1242 3238 1297 τοῦ
3258 1241 3598 1313 Μονογενοῦς
3625 1242 3730 1297 τοῦ

2133 1339 2215 1400 είς
2242 1336 2332 1391 τὸν
2350 1335 2550 1390 κόλπον
2568 1333 2662 1388 τοῦ
2692 1334 2906 1407 Πατρὸς
2934 1334 3332 1407 διηγησάμενον
3358 1334 3431 1389 τὰ
3454 1334 3731 1401 τοσαῦτα,

2132 1430 2194 1483 τὸ
2207 1428 2531 1499 ψεύσασθαι,
2552 1429 2646 1481 καὶ
2661 1428 2797 1500 ὅπερ
2822 1423 2889 1498 ἦν
2903 1428 3003 1481 οὐκ
3027 1427 3303 1496 ἐγνωκότα
3321 1427 3424 1482 κᾶν
3447 1429 3729 1499 ἐπισχεῖν.

2147 1520 2346 1593 Ἐχρῆν
2365 1519 2473 1591 γὰρ
2507 1517 2766 1592 περὶτῶν
2812 1517 3149 1590 ἀδηλοτέρων
3173 1518 3393 1589 ἐπέχειν
3414 1518 3735 1589 ὁμολογεῖν,

2134 1615 2229 1674 ml.
2276 1615 2412 1686 μήτε
2456 1610 2681 1677 τιθέναι,
2732 1613 2867 1685 μήτε
2909 1610 3084 1682 αἴρειν
3126 1610 3224 1683 τὴν
3263 1612 3551 1684 πρότασιν.
3591 1612 3729 1676 Πῶς

2132 1706 2191 1760 δὲ
2215 1706 2316 1759 ούκ
2335 1700 2403 1776 ἦν
2424 1702 2667 1772 εὔλογον,
2692 1704 2741 1755 εί
2772 1701 2982 1757 πολλῶν
3009 1700 3169 1756 τοῦτο
3198 1702 3375 1774 δόγμα
3399 1702 3730 1772 ἐτύγχανεν,

449 1798 634 1844 autem
667 1790 862 1846 rationi
894 1803 1322 1849 consentaneum
1348 1812 1453 1852 non
1477 1809 1621 1863 erat,
1648 1801 1694 1856 si
1736 1803 1936 1860 multor

2247 1799 2378 1867 τχεῖν
2412 1796 2503 1849 τὸν
2554 1794 2809 1866 Ἰωάννην
2855 1794 2985 1865 περὶ
3023 1792 3210 1860 αὑτοῦ,
3262 1795 3472 1866 μήποτε
3507 1798 3543 1866 ἡ
3576 1794 3734 1867 ψυχὴ

451 1890 567 1936 tum
603 1885 866 1955 temporis
897 1886 1090 1956 dogma
1111 1887 1216 1943 hoc
1239 1889 1454 1956 fuisset,
1486 1901 1545 1946 ut
1574 1895 1850 1952 dubitaret
1877 1896 2036 1952 Joan-

449 1988 549 2028 nes
577 1974 644 2028 de
676 1977 879 2045 seipse,
912 1992 1037 2031 num
1067 1982 1287 2048 quando
1314 1983 1497 2038 anima
1523 2000 1621 2041 sua
1665 1988 1721 2043 in
1764 1989 1880 2044 Elia
1921 1990 2031 2046 fue-

447 2063 561 2120 rit?
610 2067 750 2134 Quin
797 2070 863 2123 ad
914 2069 1200 2125 historiam
1257 2078 1577 2144 provocabit
1622 2081 2033 2141 ecclesiasticus

447 2157 600 2212 illum
635 2160 882 2229 priorem
911 2163 1222 2220 auditurum
1254 2168 1323 2221 ab
1370 2168 1477 2234 his,
1509 2171 1601 2240 qui
1634 2187 1693 2228 se
1730 2175 1875 2232 scire
1905 2192 2033 2248 proh

450 2248 674 2304 ﬁtentur
717 2266 838 2319 quas
881 2254 1023 2320 apud
1061 2253 1320 2311 llehrmos
1351 2273 1552 2315 arcana
1603 2273 1750 2330 sunt,
1772 2265 1851 2339 [et
1875 2269 2031 2324 evul-

448 2355 581 2410 gare
618 2342 691 2395 sit
721 2340 922 2414 nefas]
957 2360 1082 2399 unm
1119 2347 1312 2419 dogma
1357 2350 1574 2421 aliquod
1622 2355 1928 2425 huiusmodi
1957 2362 2032 2418 sit

445 2432 588 2501 apud
616 2433 793 2501 ipsos;
827 2451 949 2489 nam
977 2436 1021 2491 si
1043 2438 1191 2494 nullo
1213 2439 1331 2495 loco
1360 2455 1639 2513 appareat,
1668 2449 1773 2505 hoc
1803 2451 1946 2509 hunc
1974 2458 2027 2509 in

446 2526 666 2579 modum
707 2541 766 2582 se
809 2528 1032 2597 habere,
1088 2535 1438 2603 perspicuum
1483 2547 1571 2593 est
1628 2539 1775 2597 illius
1822 2545 2028 2613 prioris

444 2617 715 2672 rationem
777 2621 1096 2692 dissipatam
1141 2639 1282 2687 esse.
1334 2631 1699 2698 Quamobrem
1753 2638 2030 2696 nihilomi-

445 2722 551 2765 nus
613 2711 1020 2771 ecclesiasticus
1100 2718 1374 2777 solutione
1429 2732 1617 2780 utetur
1681 2742 1845 2798 quam
1902 2740 2029 2790 ante

442 2803 861 2873 explicavimus,
911 2810 1088 2867 adlmc
1160 2815 1327 2868 etiam
1383 2818 1499 2887 ipse
1557 2820 1893 2880 voluntatem
1944 2826 2027 2882 iu-

445 2899 842 2965 terrogautium
900 2905 1130 2972 produci
1163 2908 1216 2962 in
1268 2910 1504 2966 medium
1554 2915 1859 2982 postulans.
1889 2917 2025 2975 Nam
2059 2951 2064 2954 -

2135 1886 2301 1945 αὐτοῦ
2333 1901 2465 1938 ποτε
2489 1886 2546 1938 ἐν
2584 1882 2740 1954 Ἠλίᾳ
2765 1878 2870 1953 qv;
2917 1881 3029 1938 Καὶ
3064 1882 3158 1935 ἐπὶ
3189 1881 3287 1954 τὴν
3320 1882 3563 1953 ἱστορίαν
3598 1882 3665 1934 δέ
3699 1883 3729 1934 ό

2135 1975 2590 2050 ἐκκλησιαστικὸς
2643 1975 3045 2046 προκαλέσεται
3087 1974 3178 2030 τδν
3209 1974 3476 2046 πρότερον
3525 1973 3733 2028 πευσό-

2137 2088 2297 2143 μενον
2358 2069 2513 2143 παρὰ
2572 2069 2680 2125 τῶν
2746 2069 2817 2124 τὰ
2875 2070 3165 2141 άπόρρητα
3227 2066 3528 2136 ἐγνωκέναι
3586 2068 3730 2139 παρ’

2147 2162 2423 2236 Ἑϐραίοις
2485 2161 3009 2233 ἐπαγγελλομένων,
3059 2163 3108 2215 εί
3159 2159 3398 2214 τοιοῦτόν
3446 2177 3500 2213 τι
3544 2159 3735 2228 δόγμα

2134 2260 2256 2314 ἐστὶ
2284 2259 2415 2331 παρ’
2453 2258 2669 2322 αὐτοῖς’
2703 2255 2798 2310 ἐὰν
2824 2254 2934 2327 γὰρ
2975 2252 3240 2327 μηδαμῶς
3280 2252 3541 2323 φαίνηται
3572 2251 3734 2305 τοῦθ’

2130 2352 2305 2418 οὕτως
2333 2352 2474 2423 ἔχον,
2501 2351 2678 2424 δῆλον,
2713 2349 2794 2403 ὅτι
2822 2348 3140 2401 ἐσκέδασται
3164 2349 3193 2401 6
3219 2346 3313 2401 τοῦ
3339 2346 3613 2418 προτέρου
3640 2345 3734 2398 λό-

2131 2460 2228 2514 γος
2241 2443 2375 2516 (88).
2389 2443 2555 2496 Οὐδὲν
2569 2442 2746 2496 τοίνυν
2760 2434 2921 2511 ἦττον
2942 2441 2971 2492 6
2991 2437 3439 2510 ἐκκλησιαστικὸς
3456 2439 3731 2508 χρήσεται

2129 2541 2196 2610 τῇ
2232 2535 2703 2611 προαποδεδομένῃ
2740 2534 2911 2599 λύσει,
2955 2531 3034 2587 ἐτι
3059 2532 3153 2588 καὶ
3190 2532 3351 2594 αὐτὸς
3382 2532 3443 2585 τὸ
3471 2531 3732 2603 βούλημα

2130 2631 2239 2686 τῶν
2284 2629 2604 2703 πυθομένων
2655 2627 3009 2699 παραστῆσαι
3066 2625 3480 2696 ἀπαιτούμενος.
3518 2626 3583 2679 El
3614 2625 3732 2698 γὰρ

2129 2725 2206 2790 ὼς
2228 2723 2633 2780 κατεσκεύασαν
2647 2723 2757 2793 (89)
2771 2724 2820 2776 οἱ
2846 2721 3159 2794 πέμῴαντες
3177 2720 3325 2775 ἴσασι
3342 2720 3729 2791 γεγενημένον

2128 2820 2196 2877 ἐκ
2226 2818 2495 2890 Ζαχαρίου
2518 2817 2614 2871 καὶ
2649 2816 2931 2871 Ἐλισάϐετ
2969 2817 3063 2870 τὸν
3101 2815 3374 2887 Ἰωάννην,
3406 2815 3501 2868 καὶ
3535 2809 3728 2884 πολλῷ

2129 2911 2292 2966 πλέον
2312 2913 2363 2965 οἱ
2395 2910 2738 2987 πεμφθέντες
2765 2909 2956 2979 γένους
2982 2908 3133 2972 ὄντες
3167 2905 3472 2978 ἱερατικοῦ,
3498 2905 3598 2969 οὓς
3620 2906 3726 2960 οὐκ

442 2985 489 3039 si
528 2984 605 3040 illi
661 2988 753 3057 qui
818 2990 1083 3047 miserunt
1123 2996 1325 3059 sciunt,
1380 3006 1438 3053 ut
1474 3004 1723 3070 probavi,
1780 3008 1929 3076 genit

2235 3001 2409 3058 ἔλαθεν
2440 3003 2474 3074 ἡ
2505 2984 2598 3056 τοῦ
2619 3000 2792 3066 οὕτως
2817 2999 3116 3070 ἐπιφανοῦς
3138 2999 3431 3069 συγγενοῦς
3446 2998 3722 3070 Ζαχαρίου

441 3092 513 3132 ex
569 3077 834 3136 Zacharia
884 3092 940 3139 et
983 3084 1260 3143 Elisaheth
1313 3087 1580 3149 Joannem
1628 3093 1816 3165 fuisse,
1863 3110 1928 3155 att

2226 3096 2435 3165 »άδοξος
2465 3095 2739 3160 εὐπαιδία,
2786 3094 2839 3148 τί
2884 3095 3177 3166 νοήσαντες
3218 3091 3582 3190 πυνθάνονται⁵
3628 3095 3713 3190 τὺ,

444 3168 606 3225 etiam
667 3172 838 3229 multo
885 3176 1060 3246 magis
1110 3178 1148 3233 ii
1189 3181 1281 3249 qui
1345 3183 1498 3240 missi
1558 3185 1800 3253 fuerant,
1822 3206 1891 3247 ex
1930 3168 2026 3263 ge-

443 3275 578 3317 nere
627 3278 751 3318 cum
810 3277 992 3323 essent
1054 3274 1429 3342 sacerdotali,
1492 3279 1693 3347 quibus
1749 3281 1892 3338 clam
1945 3285 2031 3341 fu-

442 3360 564 3413 tura
610 3355 765 3429 115
799 3373 906 3413 non
936 3373 1057 3416 erat
1085 3363 1232 3422 clara
1256 3375 1420 3437 atque
1450 3370 1767 3428 adi-tiranda
1812 3375 2029 3434 soboles

441 3440 719 3505 Zachariae
749 3453 964 3517 cognati
1011 3460 1120 3507 tam
1154 3453 1402 3520 illustris,
1433 3459 1564 3527 quid
1594 3460 1910 3532 cogitarunt
1947 3466 2031 3520 in-

446 3544 817 3606 terrogantes,
851 3559 870 3592 ι
910 3541 982 3596 Es
1022 3551 1077 3597 tu
1123 3543 1271 3600 Elias
1297 3546 1394 3601 ἐν
1427 3567 1447 3600 ι
1488 3551 1591 3605 viri
1645 3554 1737 3622 qui
1783 3553 2030 3626 legerant

384 3628 387 3631 '
442 3626 615 3685 Elian:
659 3629 711 3683 in
747 3631 918 3688 caelos
959 3646 1236 3705 receptum
1271 3635 1460 3705 fuisse,
1507 3651 1564 3697 et
1601 3646 1694 3715 qui
1745 3657 2030 3717 exspecta-

440 3716 576 3778 bant
601 3722 892 3778 adventum
916 3725 1037 3794 ejus
1062 3728 1086 3781 ‘l
1122 3727 1396 3787 Fortassis
1424 3733 1588 3803 igitur
1614 3716 1873 3805 quoniam
1895 3756 2029 3796 con-

443 3815 825 3872 summationis
856 3828 1098 3887 tempore
1146 3820 1316 3876 Eliam
1363 3839 1491 3882 ante
1520 3829 1798 3885 Christum
1832 3847 2029 3902 exspe-

441 3917 616 3973 ctant,
650 3919 706 3963 et
756 3923 876 3979 post
921 3911 1093 3971 Etiam
1143 3913 1444 3984 Christum,
1495 3920 1660 3976 veluti
1696 3925 1903 3995 tropice
1940 3926 2025 3982 in-

446 4007 729 4069 terrogare
760 4003 1010 4059 videntur
1054 4025 1068 4061 :
1107 4006 1245 4063 Num
1293 4019 1349 4064 tu
1397 4024 1456 4066 es
1513 4013 1602 4068 ille
1656 4021 2028 4086 praenuntians

441 4100 730 4145 venturam
758 4101 883 4148 ante
908 4094 1208 4163 Christum,
1233 4106 1723 4164 consummationis
1761 4119 2025 4181 tempore,

441 4183 881 4253 praedicationem
926 4187 1049 4242 Hdt
1096 4192 1342 4249 scienter
1394 4197 1462 4250 ad
1520 4199 1623 4254 hoc
1669 4204 1962 4272 respondet
2009 4222 2023 4258 :

445 4289 470 4330 ι
497 4274 613 4331 Non
645 4292 764 4332 sum
781 4280 881 4332 "J
910 4279 1174 4338 Praeterea
1207 4299 1335 4341 vero
1360 4288 1783 4360 ecclesiasticus,
1815 4296 2028 4353 instans

441 4370 512 4427 ad
545 4386 609 4425 ea
643 4388 765 4442 qua:
815 4373 1042 4444 inquirit
1069 4375 1229 4444 alter,
1260 4380 1353 4448 qui
1397 4386 1688 4441 ostendere
1717 4396 1891 4444 teutat
1918 4407 2023 4448 non

2136 3207 2158 3243 ι
2187 3190 2263 3244 Σὺ
2303 3187 2487 3253 Ἠλίας
2518 3184 2600 3255 εἷς
2648 3207 2668 3241 ι
2721 3187 2911 3255 ἄνδρες
2961 3184 3331 3255 ἀνεγνωκότες
3393 3182 3726 3254 ἀνειλῆφθαι

2130 3281 2295 3337 αὐτὸν
2325 3281 2403 3346 ὡς
2434 3283 2515 3346 είς
2557 3280 2649 3337 τὸν
2680 3280 2930 3352 οὐρανὸν,
2965 3279 3059 3334 καὶ
3092 3275 3502 3349 προσδοκῶντες
3529 3274 3720 3346 ἐπιδη-

2133 3375 2264 3447 μίαν
2321 3372 2526 3440 αὐτοῦ;
2591 3373 2745 3443 Τάχα
2791 3367 2885 3426 οὖν
2940 3370 3065 3425 ἐπεὶ
3124 3369 3260 3442 πρὸς
3316 3371 3381 3441 τῇ
3436 3365 3724 3437 συντελείᾳ

2130 3463 2504 3538 προσδοκῶσιν
2558 3464 2744 3518 Ἠλίαν
2796 3463 2902 3535 πρὸ
2942 3461 3215 3535 Χριστοῦ,
3261 3460 3357 3514 καὶ
3406 3459 3501 3512 ἐπὶ
3544 3458 3726 3529 τούτῳ

2129 3556 2385 3630 Χριστὸν,
2416 3555 2580 3612 οἱονεὶ
2610 3555 3016 3628 τροπικῶτερον
3059 3552 3337 3623 φαίνονται
3374 3550 3717 3622 ἐρωτῶντες

2128 3648 2194 3702 Εἰ
2220 3649 2284 3702 σὺ
2306 3644 2357 3701 εἶ
2383 3650 2413 3702 6
2433 3646 2925 3720 προκαταγγέλλων
2953 3646 3043 3702 τὸν
3073 3644 3179 3717 πρὸ
3194 3641 3432 3717 Χριστοῦ
3460 3641 3556 3695 ἐπὶ
3587 3657 3721 3694 συν-

2128 3739 2310 3813 τελείᾳ
2365 3739 2717 3813 ἐλευσόμενον
2757 3739 2949 3808 λόγον;
2994 3738 3090 3792 καὶ
3141 3736 3521 3807 ἐπιστημόνως
3572 3733 3719 3807 πρὸς

2129 3832 2288 3887 τοῦτο
2311 3833 2665 3905 ἀποκρίνεται
2686 3835 2769 3899 τὸ,
2800 3852 2818 3886 ι
2842 3834 2959 3887 Οὔκ
2984 3830 3115 3902 είμί.
3145 3849 3165 3883 ι
3202 3831 3323 3884 Ἔτι
3358 3829 3418 3882 δὲ
3448 3831 3477 3882 6
3510 3828 3724 3899 ἐκκλη-

2134 3925 2430 3990 σιαστικὸς,
2475 3925 2774 3996 ἱστάμενος⁸
2810 3924 2946 3995 πρὸς
2980 3923 3050 3977 τὰ
3094 3920 3439 3994 ἐξητασμένα
3478 3918 3587 3972 ὑπὸ
3618 3917 3718 3972 τοῦ

2127 4017 2316 4088 ἐτέρου
2366 4016 2747 4071 ἀποδεικνύναι
2793 4014 3159 4088 πειρωμένου,
3199 4013 3273 4085 μὴ
3309 4012 3375 4067 ἂν
3421 4011 3710 4084 λεληθέναι

2128 4111 2252 4173 τοὺς
2286 4111 2449 4180 ἱερεῖς
2480 4109 2650 4173 οὕτως
2679 4110 2914 4180 ἐπιφανῆ
2935 4107 3308 4178 γεγενημένην
3325 4103 3424 4176 τὴν
3458 4103 3716 4157 Ἰωάννου

2127 4201 2342 4271 γένεσιν
2376 4200 2463 4259 διὰ
2507 4202 2570 4255 τὸ
2618 4203 2674 4254 ἐν
2707 4204 2772 4273 τῇ
2819 4202 3002 4274 ὀρεινῇ
3035 4201 3136 4272 τῆς
3175 4200 3435 4264 Ἰουδαίας
3462 4199 3721 4257 διαλελα-

2129 4293 2325 4365 λῆσθαι
2350 4295 2525 4348 πάντα
2550 4293 2619 4347 τὰ
2650 4295 2866 4366 ῥήματα
2890 4293 3085 4358 ταῦτα,
3115 4294 3278 4365 φήσει
3297 4292 3397 4365 τὴν
3422 4292 3720 4364 παραπλη-

2131 4387 2252 4447 σίαν
2284 4387 2499 4456 ἀπάτην
2535 4387 2747 4450 πολλοῖς
2779 4386 3061 4457 γεγονέναι
3100 4387 3193 4441 καὶ
3227 4385 3358 4458 περὶ
3388 4384 3483 4438 τοῦ
3519 4384 3713 4454 Σωτῆ-

441 4463 664 4522 latuisse
692 4472 1000 4527 sacerdotes
1023 4481 1202 4526 ortum
1244 4472 1468 4533 Joannis
1496 4481 1632 4536 adeo
1673 4484 1928 4541 manifest

2239 4498 2253 4512 '
2283 4482 2405 4535 ἐπεὶ
2443 4501 2461 4533 ι
2490 4484 2538 4537 οἱ
2574 4482 2672 4553 μὲν
2705 4482 2889 4549 ἔλεγον
2917 4481 3080 4535 αὐτὸν
3108 4480 3356 4550 Ἰωάννην
3377 4478 3715 4549 Βαπτιστὴν,

443 4558 662 4622 factum,
690 4577 756 4617 eo
784 4566 929 4635 quod
961 4567 1234 4639 divulgata
1266 4569 1469 4625 fuerint
1499 4574 1682 4628 omnia
1714 4578 1879 4633 verba
1906 4578 2020 4636 haec

444 4667 541 4723 per
579 4665 832 4711 montana
872 4656 1071 4715 Judzeze
1100 4662 1140 4724 ί,
1178 4662 1324 4717 dicet
1365 4664 1564 4719 multos
1618 4666 1781 4722 simili
1828 4684 2019 4727 errore

444 4746 696 4815 deceptos
725 4747 889 4805 fuisse
910 4752 961 4805 in
991 4753 1304 4821 Servatore,
1337 4756 1593 4824 quoniam
1628 4775 1647 4808 ι
1677 4759 1766 4812 alii
1798 4762 2016 4830 quidem

445 4833 703 4911 Joannem
765 4840 1059 4912 Baptistam
1096 4845 1292 4914 ipsum,
1329 4845 1419 4899 alii
1471 4857 1654 4901 autem
1698 4849 1891 4917 Eliam,
1923 4853 2015 4910 alii

446 4944 574 4984 vero
634 4930 958 5002 Jeretniam,
1012 4951 1106 4994 aut
1160 4955 1323 4995 unum
1381 4942 1769 5010 prophetarum
1813 4964 1832 4998 ι
1868 4947 2019 5004 dice-

444 5034 566 5078 rent
588 5027 609 5057 '
641 5043 655 5079 :
682 5033 1133 5097 quemadmodum
1167 5042 1220 5089 et
1246 5034 1495 5104 discipuli
1526 5036 1874 5108 interroganti
1908 5041 2016 5096 Do-

444 5116 592 5171 mino
618 5117 660 5183 ³,
709 5133 830 5174 cum
864 5124 1101 5179 venisset
1143 5127 1195 5181 in
1226 5135 1411 5196 partes
1442 5126 1709 5184 Caesareae
1761 5129 2013 5200 Philippi,

443 5206 714 5263 dixerunt.
743 5210 880 5278 Quin
926 5212 1166 5272 Herodes
1189 5220 1412 5275 dicens:
1445 5234 1465 5267 ι
1510 5216 1680 5284 Quem
1709 5232 1812 5290 ego
1837 5222 2020 5277 decol-

445 5299 547 5354 lavi
584 5298 888 5373 Joannem,
933 5306 1050 5377 ipse
1090 5311 1328 5366 surrexit
1357 5328 1388 5367 a
1424 5313 1655 5367 mortuis
1674 5312 1720 5382 ⁸,
1751 5332 1771 5365 ι
1804 5314 2017 5372 videtur

512 5435 559 5468 "
586 5435 709 5518 lspi.
737 5438 915 5518 x_t._,_1’_;._
967 5441 1028 5518 ff
1051 5441 1255 5518 Lucii,
1295 5445 1380 5512 l3,
1414 5445 1534 5518 15.⁸
1584 5446 1629 5477 ⁹⁷
1656 5443 1816 5501 Joan.
1848 5448 1999 5513 1,.16-

1120 5458 1255 5518 ιρι),
1295 5445 1380 5512 13,
1414 5445 1534 5518 15.⁸
1584 5446 1629 5477 ⁹⁷
1656 5443 1816 5501 Joan.
1848 5448 2107 5513 1,1648.
2183 5454 2230 5487 ⁸⁸
2251 5450 2408 5509 Joan.
2444 5469 2483 5518 ι,
2516 5452 2607 5507 2L

444 5522 554 5574 XVI,
591 5508 679 5564 14.
755 5509 777 5541 ³
803 5510 937 5570 ibid.
961 5511 1050 5568 15.
1125 5513 1148 5545 ι
1172 5514 1339 5572 Marc.
1365 5508 1439 5582 vi,
1472 5514 1559 5571 t6.

515 5631 1054 5709 (88)_’qu_é6ao'ta_t
1104 5639 1139 5691 ὁ
1177 5635 1283 5691 τοῦ
1324 5636 1626 5709 προτέρου
1658 5638 1862 5709 λόγος.
1925 5636 2018 5693 Sic

447 5705 614 5779 codex
636 5703 958 5779 Bodleianus
979 5725 993 5774 ;
1014 5705 1215 5777 Regius
1238 5717 1292 5762 et
1321 5703 1669 5769 Barher—iuus,
1693 5703 2016 5779 éd‘ééaaetat

444 5769 475 5820 6
492 5770 585 5823 τοῦ
618 5776 878 5847 προτέρου
902 5769 1392 5847 λόγο·.›.ἰ³υῖὶοιιίιιε
1419 5779 1646 5850 legebat,
1676 5769 2015 5848 ἐσχεδίασται

2128 4572 2279 4628 ἄλλοι
2309 4574 2367 4628 δὲ
2412 4574 2615 4637 Ἠλίαν,
2650 4574 2797 4629 ἄλλοι
2826 4573 2883 4627 δὲ
2928 4573 3217 4645 Ἰερεμίαν,
3245 4571 3277 4643 ἦ
3305 4572 3400 4625 ἕνα
3431 4571 3541 4625 τῶν
3581 4588 3719 4644 προσ

2129 4665 2332 4738 φητῶψ
2363 4685 2382 4718 ι
2420 4667 2497 4730 ὡς
2529 4667 2622 4723 καὶ
2651 4668 2701 4720 οἱ
2739 4666 2977 4738 μαθηταὶ
3008 4665 3395 4737 πυνθανομένῳ
3419 4664 3500 4734 τῷ
3521 4664 3715 4736 Κυρίῳ

2128 4759 2404 4831 γενομένῳ
2449 4761 2507 4813 ἐν
2549 4763 2659 4823 τοῖς
2697 4759 2886 4830 μέρεσι
2921 4758 3257 4829 Καισαρείας
3298 4757 3400 4826 τῆς
3438 4757 3711 4810 Φιλίππου

2126 4838 2398 4924 εἰρήκασι.
2436 4853 2543 4905 Καὶ
2574 4854 2601 4906 ὀ
2646 4851 2890 4923 Ἡρώδης
2922 4850 2981 4904 δὲ
3009 4850 3217 4920 λέγων·
3254 4869 3273 4900 ι
3311 4850 3411 4902 Ὃν
3448 4847 3561 4917 ἐγὼ
3604 4849 3717 4902 ﬁt»

2124 4945 2423 5014 εκεφάλισα
2447 4945 2719 5016 Ἰωάννην,
2748 4945 2910 5009 αὐτὸς
2938 4945 3149 5017 ηγέρθη
3176 4944 3283 4998 ἀπὸ
3309 4944 3419 4997 τῶν
3438 4942 3705 5012 νεκρῶν,ι

2126 5038 2254 5109 περὶ
2278 5037 2372 5090 τοῦ
2413 5037 2649 5110 Χριστοῦ
2683 5037 2827 5098 ἔοικε
2862 5037 2935 5110 μὴ
2978 5038 3175 5092 εἰδέναι
3200 5037 3269 5092 τὰ
3295 5036 3568 5107 λεγόμενα
3599 5034 3708 5089 ὑπὸ

2125 5128 2233 5186 τῶν
2276 5130 2624 5200 φασκόντων
2667 5130 2821 5200 «Οὐχ
2867 5122 3025 5192 οὗτός
3075 5130 3225 5183 ἐστιν
3252 5130 3281 5181 ό
3321 5125 3416 5182 τοῦ
3453 5127 3710 5187 τέκτονος

2125 5223 2273 5289 υἱός;
2312 5224 2426 5294 Ούχ
2458 5225 2491 5293 ἠ
2537 5223 2718 5293 μήτηρ
2763 5221 2927 5281 αὑτοῦ
2969 5220 3185 5290 λέγεται
3234 5217 3489 5290 Μαριὰμ,
3524 5218 3623 5270 καὶ
3657 5215 3706 5271 οι

2121 5316 2342 5386 ἀδελφοὶ
2385 5316 2550 5370 αὑτοῦ
2605 5313 2880 5380 Ἰάκωϐος,
2928 5316 3027 5369 καὶ
3079 5312 3312 5391 Ἰωσὴφ,
3352 5313 3449 5367 καὶ
3498 5311 3705 5382 Σίμων,

2696 5454 2741 5485 ⁹⁹
2771 5452 2902 5509 ibid.
2991 5452 3009 5484 ¹
3047 5451 3179 5508 Luc.
3216 5467 3258 5518 ι,
3290 5449 3384 5508 65.
3456 5452 3481 5484 ²
3509 5449 3704 5506 Matth.

2123 5642 2185 5696 τὸ
2202 5640 2312 5720 ,τοῦ
2339 5638 2604 5720 προτέρου
2618 5637 2813 5720 λόγου.
2852 5707 2872 5720 .
3053 5709 3065 5720 _
3443 5706 3457 5720 .

2194 5714 2305 5785 (89)
2330 5707 2816 5768 κατεσκεύασαν.
2850 5707 3161 5781 Legendum
3186 5707 3596 5766 κατεσκεύασα.
