3766 6142
84 334 150 389 235
1073 317 1431 378 COMMENT.
1464 315 1530 371 1N
1565 313 1758 372 JOAN.
1794 311 2034 369 TOMUS
2061 310 2148 364 Vl.

3119 307 3229 363 2‘26

83 450 139 501 11".
166 443 356 506 Ἰούδαςς
386 441 474 494 καὶ
501 441 552 492 αἱ
591 437 823 508 ἁδελφαὶ
857 435 1022 489 αὐτοῦ
1053 436 1174 507 οὐχὶ
1215 437 1387 490 πᾶσαι
1418 433 1556 506 πρὸς

1740 431 1898 486 scisse
1923 432 1990 484 de
2030 428 2270 493 Christo,
2303 439 2423 493 qua:
2469 423 2883 493 divulgahantur
2912 423 2980 477 ab
3015 422 3099 477 his
3136 426 3227 492 qui

81 539 171 608 iui;
195 535 336 597 slew;
365 551 382 582 ι
412 529 571 583 Οὐδὲν
608 525 700 582 οῦν
733 528 1063 598 Θαυμαστὸν,
1097 527 1287 596 ὥσπερ
1319 527 1411 578 ἐπὶ
1454 524 1548 580 τοῦ

77 628 268 695 fuﬁum,
295 620 488 675 πολλῶν
521 619 840 688 ἐγνωκότων
863 618 964 689 τὴν
998 618 1062 670 ὲκ
1091 618 1309 688 Μαρίας
1340 616 1550 684 γένεσιν

75 715 198 777 σποῦ,
225 713 394 773 ἄλλους
437 703 768 778 ὴπατῆσθαι,
810 707 952 760 οὕτω
983 707 1076 759 καὶ
1109 705 1200 758 ἐπὶ
1227 705 1319 758 τοῦ
1374 705 1553 758 Ἰωάν-

75 806 236 871 νςν,οὒς
275 805 361 874 μὲν
394 803 463 872 μὴ
496 800 776 871 λεληθέναι
817 799 913 870 τὴν
946 801 1008 852 ἐκ
1043 799 1312 868 Ζαχαρίου
1341 797 1554 866 γένεσιν

74 899 200 960 ιζιτοῦ,
226 897 417 967 ἑτέρους
441 895 495 947 δὲ
515 892 805 957 διστάζειν,
825 893 1034 963 μήποτε
1058 894 1086 945 ὁ
1111 890 1552 963 προσδοκώμενος

79 995 208 1054 Ἠλίας
248 989 467 1057 impari}
507 987 648 1041 κατὰ
686 987 775 1040 τὸν
817 986 1087 1056 Ἰωάννην.
1119 984 1228 1036 Καὶ
1259 983 1320 1036 οὑ
1368 982 1552 1054 χώραν

69 1100 110 1151 γε
144 1079 302 1150 μᾶλλον
341 1077 447 1146 ἔχει
493 1078 529 1146 ἡ
577 1077 707 1146 περὶ
752 1074 846 1128 τοῦ
891 1076 1134 1127 Ἰωάννου
1186 1074 1549 1145 ἑπαπόρησις,

72 1173 220 1239 μήποτε
248 1168 320 1238 εῑη
373 1165 571 1228 Ἠλίας,
615 1165 756 1236 ἥπερ
793 1167 826 1235 ἡ
878 1165 1006 1234 περὶ
1046 1163 1140 1216 τοῦ
1174 1163 1446 1233 Σωτῆρος,
1479 1163 1552 1234 μὴ

69 1264 141 1332 ἄρα
174 1260 307 1322 αὐτὸς
345 1257 581 1330 τυγχάνῃ
635 1256 906 1324 Ἰωάννης.
946 1249 1044 1308 Ὧν
1090 1253 1184 1307 τοῦ
1231 1253 1411 1306 Ἡλίου
1455 1253 1552 1324 μὲν

69 1356 126 1406 τὸν
149 1349 420 1422 χαρακτῆρα
446 1349 556 1402 ἀπὸ
589 1349 757 1420 μόνης
785 1347 887 1417 τῆς
919 1346 1136 1413 λέξεως,
1169 1346 1261 1399 καὶ
1287 1345 1408 1416 οὐχὶ
1447 1344 1554 1397 ἀπὸ

69 1445 133 1513 τῆς
164 1442 428 1513 αἰσθήσεως
469 1439 892 1505 ἀποϐάλλεσθαι,
927 1437 1016 1492 διὰ
1057 1437 1115 1490 τό
1150 1436 1287 1508 (9Ο)⁹
1337 1459 1355 1488 ι
1392 1436 1554 1508 Ἀνὴρ

67 1542 198 1600 διευς,
241 1537 321 1590 καὶ
363 1535 537 1605 ζώνην
570 1533 896 1607 δερματίνην
944 1529 1385 1604 περιεζωσμένος
1427 1529 1556 1601 περὶ

67 1632 130 1700 τὴν
161 1630 296 1698 basin;
330 1627 486 1681 αὐτοῦ
507 1644 523 1658 ο
570 1645 590 1678 ι
626 1626 719 1680 τοῦ
761 1626 818 1678 δὲ
867 1625 1113 1678 Ἰωάννου
1149 1623 1212 1676 τὸ
1252 1618 1390 1687 εἶδος
1425 1639 1558 1695 προ-

67 1723 324 1794 εγνωσμένον
364 1722 522 1790 τάχα,
575 1719 698 1772 οὐδὲ
746 1717 1124 1790 παραπλήσιον
1159 1717 1428 1787 τυγχάνον
1476 1714 1555 1787 τῷ

1653 526 1908 580 dicebam
1939 541 1954 576 :
1989 539 2009 574 ι
2048 522 2238 575 Nonne
2272 520 2362 574 hic
2406 527 2488 572 est
2528 517 2619 573 ille
2650 516 2786 571 fabri
2819 515 3012 570 illius?
3043 515 3232 570 Nonne

1655 626 1831 671 mater
1859 615 1976 682 ejus
2013 622 2240 668 vocatur
2275 611 2463 675 Maria,
2500 619 2552 664 et
2597 609 2791 663 fratres
2830 609 2948 678 ejus
2973 606 3227 671 Jacobus,

1653 718 1708 762 et
1740 707 1975 776 Joscph,
2007 714 2062 761 et
2114 705 2337 768 Simon,
2367 712 2422 756 et
2465 701 2631 756 Judas
2669 701 2776 754 ?et
2824 715 3043 756 sorores
3090 701 3232 755 illius

1653 813 1834 854 nonne
1864 811 2055 852 omnes
2081 798 2224 866 apud
2268 809 2364 850 nos
2399 802 2525 848 sunt
2551 793 2617 845 '?
2647 791 2837 846 LNlhll
2869 806 2996 860 ergo
3035 793 3232 844 mirum

1653 893 1799 946 dicet
1841 889 2248 945 ecclesiasticus
2279 902 2401 941 esse
2440 888 2518 940 sic
2545 886 2681 939 alios
2713 887 2765 938 iu
2809 885 3101 940 Servatore
3141 885 3236 937 de-

1655 992 1842 1054 ceptos
1881 982 2070 1045 fuisse,
2094 995 2214 1034 cum
2257 980 2408 1032 multi
2445 979 2646 1047 alioqui
2675 977 3029 1044 cognoverint
3067 976 3236 1043 ipsius

1652 1087 1829 1132 ortum
1873 1090 1938 1130 ex
1991 1075 2191 1140 Maria,
2220 1074 2674 1143 quemadmodum
2718 1075 2880 1124 etiam
2922 1073 2989 1124 de
3023 1071 3236 1124 Joanne

1654 1169 1852 1222 mirum
1885 1183 1991 1222 non
2044 1176 2146 1233 est,
2182 1168 2318 1221 alios
2367 1166 2584 1236 quidem
2623 1164 2792 1232 ipsius
2831 1173 3008 1216 ortum
3042 1178 3106 1215 ex
3135 1160 3239 1214 Za-

1654 1263 1839 1316 charia
1868 1259 2119 1327 scivisse,
2143 1259 2277 1313 alios
2304 1274 2432 1313 vero
2455 1258 2730 1322 ambigere
2757 1267 2934 1308 utrum
2967 1254 3110 1306 Elias
3140 1267 3238 1320 ap-

1654 1350 1898 1420 paruerit
1930 1351 1980 1403 in
2009 1348 2237 1404 Joanne.
2269 1348 2378 1402 Nec
2425 1347 2669 1416 profecto
2709 1346 2886 1401 locum
2936 1346 3110 1414 magis
3139 1343 3238 1398 ha-

1655 1444 1748 1497 bet
1806 1443 2149 1496 addubitatio
2203 1443 2268 1496 de
2321 1440 2554 1502 Joanne,
2602 1449 2786 1493 utrum
2824 1439 2938 1506 ipse
2975 1439 3046 1490 sit
3090 1436 3238 1490 Elius

1655 1549 1819 1602 quam
1859 1535 1924 1587 de
1953 1533 2266 1596 Servatore,
2299 1548 2367 1586 ne
2401 1531 2541 1585 forte
2567 1531 2679 1600 ipse
2708 1531 2778 1584 sit
2799 1529 3054 1585 Joannes.
3089 1533 3238 1596 Quo-

1658 1640 1775 1678 rum
1809 1624 1937 1677 Elian
1969 1625 2186 1692 quidem
2219 1623 2448 1677 formam
2491 1638 2556 1677 ex
2601 1621 2713 1676 sola
2746 1621 3002 1687 dictione,
3038 1633 3091 1676 et
3129 1638 3235 1676 non

1660 1730 1689 1768 a
1721 1731 1884 1770 sensu
1922 1716 2169 1771 refellere
2209 1715 2394 1787 [facile
2427 1715 2572 1787 erat]
2621 1726 2845 1785 propter
2873 1717 3002 1770 illud
3031 1733 3043 1768 :
3077 1734 3098 1767 ι
3145 1715 3233 1769 Vir

65 1815 291 1887 χαρακτῆρι
332 1812 422 1866 τοῦ
490 1810 689 1883 Ἰησοῦ,
743 1810 892 1863 οὐδὲν
936 1805 1098 1882 ἦττον
1150 1808 1406 1862 ὑπόνοιάν
1445 1826 1552 1862 τισι

1750 1822 1881 1872 )sns,
1915 1815 1968 1862 et
1996 1821 2131 1862 zona
2167 1808 2388 1876 pellicea
2425 1809 2570 1862 circa
2601 1809 2810 1861 lumbos
2842 1822 2970 1860 suos
3001 1807 3237 1859 circum-

66 1903 406 1975 παρεσχηκέναι,
440 1902 653 1972 μήποτε
683 1901 710 1953 ὁ
737 1901 989 1970 Ἰωάννης
1023 1897 1220 1970 ἀνέστη
1258 1901 1321 1953 ἐκ
1349 1898 1559 1972 νεκρῶν

72 1997 219 2066 Ἰησοῦς
272 1993 786 2067 μετονομαζόμενος.
843 1993 956 2046 Καὶ
1018 1992 1146 2063 περὶ
1213 1989 1560 2061 μετωνυμιας

63 2090 149 2158 γὰρ,
178 2089 238 2151 ὡς
266 2091 317 2141 ὲν
356 2087 707 2159 ἀπορρήτοις,
745 2085 844 2138 οὐκ
884 2080 1002 2138 οἶδα
1044 2079 1208 2137 πόθεν
1251 2082 1561 2154 κινούμενοι

61 2182 93 2231 oi
121 2179 313 2249 Ἐὃραῖοι
339 2178 692 2250 παραδιδόασι
715 2175 918 2240 Φινεὲς,
936 2173 1026 2228 τὸν
1061 2175 1388 2246 Ἐλεαζάρου
1422 2166 1559 2236 υἱὸν,

61 2271 422 2341 ὁμολογονμὲκυς
460 2270 864 2341 παρατείναντα
900 2268 999 2340 τὴν
1034 2267 1177 2337 ζωὴν
1204 2268 1308 2330 ἕως
1351 2265 1562 2319 πολλῶν

62 2364 220 2432 κριτῶν,
263 2364 332 2428 ὡς
374 2366 430 2417 ὲν
477 2367 594 2427 τοῖς
653 2365 881 2434 Κριταίς
908 2360 1242 2431 ἀνέγνωμεν,
1283 2361 1445 2414 αὑτὸν
1480 2357 1559 2414 εἶ-

61 2471 120 2504 ναι
168 2453 326 2507 Ἠλίαν
348 2494 362 2515 ,
417 2456 509 2507 καὶ
577 2453 639 2506 τὸ
691 2453 955 2507 ἀθάνατον
1013 2454 1072 2504 ὲν
1121 2454 1234 2514 τοῖς
1287 2451 1562 2521 Ἀριθμοῖς

61 2542 162 2612 αὔτῷ
196 2545 268 2598 διὰ
309 2545 402 2615 τῆς
459 2545 868 2615 ὀνομαζομένης
919 2543 1144 2615 εἰρήνης
1193 2542 1558 2612 ἐπηγγέλθαιο

60 2634 138 2687 ἀνθ’
165 2628 223 2688 ὧν
246 2636 483 2707 ζηλώσας
525 2632 658 2708 θείῳ
686 2636 830 2708 ζήλῳ
855 2633 1212 2708 κεκινημένος
1245 2630 1562 2706 ὲξεκέντησε

57 2725 126 2794 τὴν
149 2725 432 2780 Μαδιανῖτιν
470 2729 571 2780 καὶ
593 2727 682 2780 τὸν
722 2725 1082 2797 Ἰσραηλίτην,
1119 2726 1213 2778 καὶ
1250 2725 1562 2778 κατέπαυσε

55 2814 118 2867 τὶν
147 2816 399 2887 λεγόμενον
432 2817 606 2889 Θυμὸν
648 2816 740 2870 τοῦ
769 2816 926 2879 θεοῦ,
960 2815 1105 2869 κατὰ
1136 2815 1197 2868 τὸ
1240 2815 1564 2886 γε’ίραμμέο

56 2921 130 2956 νον
159 2909 352 2970 «Φινεὲς
389 2909 503 2972 υἱὸς
550 2908 813 2980 Ἐλεάζαρ
852 2906 968 2961 υἱοῦ
1015 2905 1222 2977 Ἀαρὼν
1255 2905 1563 2958 κατέπαυσε

54 2997 114 3049 τὸν
137 2997 278 3068 om
304 3017 399 3070 μου
422 3001 543 3054 ἀνθ’
570 2994 644 3055 ὧν
667 3000 908 3072 ἐζήλωσε
933 2997 1024 3052 τὸν
1047 2997 1205 3069 ζῆλόν
1239 3014 1364 3068 μου.
1394 3016 1412 3045 ι
1431 2997 1567 3051 Θαυ-

55 3092 208 3156 μαστὸν
239 3089 323 3146 οῦν
358 3093 530 3156 οὐδὲν,
565 3095 613 3146 εἰ
650 3095 700 3146 oi
744 3094 835 3147 τὸν
889 3094 1051 3146 αὑτὸν
1091 3093 1564 3163 ὑπολαμϐάνοντες

1659 1898 1938 1955 tinctus“:
1964 1917 1980 1948 ι
2008 1897 2232 1954 J0annis
2252 1914 2378 1953 vero
2410 1899 2580 1968 forma
2621 1898 2952 1968 praecognita
2984 1895 3235 1959 fortasse,

1659 2007 1833 2062 neque
1886 1991 2085 2045 similis
2135 1991 2408 2046 exsistens
2451 1965 2642 2045 for’ma‘.
2698 1990 2849 2052 Jesu,
2884 1989 3240 2044 nihilominus

1659 2085 2022 2154 suSpicionem
2054 2084 2264 2148 habuit,
2295 2100 2361 2138 ne
2392 2084 2531 2138 forte
2569 2082 2805 2138 Joannes
2834 2098 2862 2136 a
2894 2083 3121 2134 mortuis
3151 2095 3239 2134 re-

1660 2176 1982 2243 surrexerit,
2028 2184 2237 2229 nmtato
2266 2176 2504 2237 nomine,
2537 2175 2712 2229 dictus
2747 2172 2926 2228 Jesus.
2951 2172 3068 2228 Jatn
3093 2171 3236 2242 quod

1663 2269 1729 2323 ad
1760 2269 1998 2342 nominis
2031 2271 2381 2323 mutationem
2423 2267 2642 2332 attinet,
2673 2269 2858 2321 nescio
2887 2269 3048 2333 unde,
3075 2266 3238 2320 veluti

1663 2360 1716 2415 in
1743 2361 2100 2432 apocryphis,
2130 2361 2260 2414 moti
2305 2359 2513 2414 Hebraei
2555 2361 2770 2413 tradant
2806 2359 3042 2414 l’hiuees
3065 2359 3238 2421 illiilli.

1661 2456 1750 2525 qui
1783 2463 1867 2509 est
1891 2454 2142 2509 Eleazari
2194 2454 2339 2507 ﬁlius
2381 2453 2495 2523 (qui
2546 2452 2752 2522 absque
2787 2453 2949 2508 dubio
2991 2453 3242 2520 produxit

1662 2547 1830 2601 vitam
1873 2560 2046 2615 usque
2085 2545 2150 2598 ad
2193 2543 2394 2599 nmltos
2435 2544 2670 2612 jndiees,
2698 2543 2858 2598 sicuti
2913 2542 3142 2613 legimus
3188 2543 3240 2596 in

1663 2640 1801 2696 libro
1823 2641 2069 2696 Judicum
2095 2639 2138 2707 ")
2172 2630 2333 2709 116
2359 2638 2533 2708 ipsum
2557 2653 2677 2692 esse
2705 2637 2895 2701 Eliam,
2927 2645 2981 2690 et
3019 2636 3244 2689 immor-

1666 2733 1930 2788 talitatem
1961 2733 2060 2801 ipsi
2092 2732 2416 2801 promissam
2443 2731 2498 2784 in
2526 2729 2891 2784 Numerorum
2920 2729 3058 2782 libro
3084 2728 3126 2789 ⁸.
3147 2742 3245 2794 per

1666 2840 1854 2894 pacem
1883 2825 2220 2879 nominatam
2247 2819 2498 2893 [fmdus,]
2521 2837 2586 2875 eo
2612 2822 2756 2890 quod
2801 2820 2978 2875 zelum
3013 2821 3196 2872 habuit
3224 2834 3237 2868 :

1663 2919 1808 2971 unde
1847 2923 2151 2971 commotus
2194 2916 2311 2968 zelo
2345 2915 2528 2968 divino
2558 2913 2896 2982 percusserit
2934 2911 3242 2965 Madianiti-

1663 3007 1784 3062 dem
1825 3017 1880 3062 et
1913 3007 2210 3062 lsraelitam
2242 3006 2283 3072 ⁹,
2314 3014 2369 3060 et
2399 3020 2617 3060 cessare
2653 3005 2840 3058 fecerit
2868 3005 3128 3066 furorem,
3164 3001 3242 3056 uti

1665 3107 1881 3162 vocant,
1906 3098 2021 3162 Dei,
2045 3096 2197 3165 juxta
2220 3096 2272 3149 id
2295 3095 2436 3162 quod
2469 3095 2728 3161 scriptum
2758 3106 2840 3148 est
2861 3095 2938 3146 “'z
2969 3114 2989 3145 ι
3011 3095 3244 3150 Phinecs

53 3183 188 3246 Φινεὲς
214 3187 297 3238 καὶ
337 3186 547 3248 Ἠλίαν,
590 3187 711 3256 ἦτοι
755 3187 924 3254 ὑγιῶς
965 3185 1236 3254 λέγοντες,
1283 3184 1314 3255 ἢ
1363 3186 1434 3256 μὴ
1480 3186 1540 3255 (oi

1754 3207 1804 3245 is
1859 3190 2091 3245 Eleazar
2141 3188 2236 3242 ﬁlii
2294 3189 2514 3251 Aaron,
2566 3201 2784 3241 cessare
2838 3185 2966 3242 fecit
3006 3188 3241 3242 furorem

52 3272 128 3343 γὰρ
152 3275 258 3346 περὶ
279 3274 457 3328 τούτου
482 3275 582 3328 νῦν
608 3275 891 3346 πρόκειται
917 3274 1236 3346 ἐξετάζειν),
1266 3275 1356 3328 τὸν
1394 3275 1561 3328 αὐτὸν

51 3361 240 3432 ἕνόμιζον
269 3361 400 3420 εἶναι
445 3366 701 3438 Ἰωάννην
737 3367 830 3420 καὶ
892 3365 1118 3438 Ἰησοῦν.
1167 3367 1238 3420 Ἢ
1285 3363 1563 3429 ὲδίσταζόν

54 3467 96 3516 γε
117 3455 217 3524 περὶ
240 3457 437 3522 τούτου,
469 3457 666 3528 μαθεῖν
691 3458 736 3510 τ’
776 3457 1075 3523 ἐϐούλοντο,
1106 3459 1155 3511 εἰ
1183 3460 1210 3511 ὁ
1232 3457 1392 3521 αὐτός
1421 3460 1564 3512 ἔστιν

53 3546 73 3593 ὁ
104 3547 312 3618 Ἰωάννης
343 3551 435 3604 καὶ
486 3547 696 3614 Ἠλίας.
741 3549 1176 3622 Προηγουμένως
1212 3550 1268 3604 δὲ
1299 3551 1356 3603 ἐν
1384 3550 1565 3614 ἄλλοις

55 3634 402 3710 ἐπιμελέστερον
435 3643 773 3709 ἐξεταστέον,
814 3642 908 3694 καὶ
940 3644 1034 3695 ἐπὶ
1073 3642 1257 3696 πλεῖον
1286 3641 1377 3695 τὸν
1408 3642 1564 3710 λόγον

53 3727 306 3799 ἐρευητέον
338 3734 426 3788 τὸν
469 3735 600 3806 περὶ
631 3735 729 3804 τῆς
757 3733 946 3798 οὐσίας
972 3734 1073 3804 τῆς
1105 3733 1306 3804 ψυχῆς,
1346 3735 1442 3786 καὶ
1467 3735 1564 3805 τῆς

53 3817 182 3889 ἀρής
200 3824 287 3894 τῆς
326 3827 642 3891 συστάσεως
672 3828 860 3898 αὐτῆς,
905 3829 996 3881 καὶ
1035 3827 1136 3898 τῆς
1181 3829 1259 3892 εἰς
1288 3827 1348 3881 τὸ
1380 3829 1564 3899 γήϊνον

53 3910 169 3981 σῶμα
195 3917 497 3988 εἰσκρίσεως
542 3921 744 3989 αὐτῆς,
787 3919 896 3972 τῶν
941 3937 998 3973 τε
1045 3918 1425 3990 ἐπιμερισμῶν
1469 3917 1564 3972 τοῦ

52 3999 232 4074 ἑκάστης
267 4006 398 4076 βίου.
435 4009 530 4062 καὶ
572 4008 674 4078 τῆς
705 4008 951 4062 ἐντεῦθεν
1001 4008 1340 4078 ἀπαλλαγῆς·
1380 4009 1475 4061 καὶ
1517 4011 1565 4062 εἰ

53 4092 264 4163 ὲνίἐχεται
307 4100 473 4171 αὐτὴν
513 4101 856 4172 εἰσκριοῆναι
893 4100 1144 4172 δεύτερον
1174 4104 1229 4154 ὲν
1263 4099 1494 4172 σώματιν
1529 4101 1562 4173 ἢ

54 4199 121 4254 li";
142 4190 218 4242 ul.
240 4196 300 4264 τῇ
328 4195 462 4266 αὐτῇ
510 4197 765 4266 περιόδῳ,
792 4195 886 4249 καὶ
927 4199 993 4267 τῇ
1024 4195 1159 4266 αὐτῇ
1187 4195 1564 4266 διακοσμήσει,

50 4273 168 4341 ἦσθ’
212 4287 294 4336 καὶ
333 4286 408 4356 τῷ
443 4288 596 4358 αὐτῷ
643 4287 875 4358 σώματι,
920 4285 952 4357 ἢ
1001 4287 1199 4358 ἑτέρῳ·
1252 4287 1347 4339 καὶ
1398 4288 1447 4340 εἰ
1489 4286 1567 4357 τῷ

51 4370 177 4437 “illa
215 4376 426 4448 πότερον
473 4381 601 4434 καθ’
630 4381 984 4450 ὑποκείμενον
1031 4379 1245 4450 μένοντι
1289 4377 1366 4448 τῷ
1396 4378 1564 4449 αὐτῷ,

50 4463 156 4515 κατὰ
179 4464 227 4518 δὲ
267 4471 518 4542 ποιότητα
556 4471 1098 4542 μεταϐαλλομένῳοῆ
1136 4472 1228 4524 καὶ
1277 4472 1399 4525 καθ’
1437 4474 1568 4526 ὑπο*

50 4552 268 4620 κείμενον,
292 4562 381 4613 καὶ
413 4565 674 4633 ποιότητα
705 4563 946 4635 ἐσομένῳ
967 4563 1043 4634 τῷ
1075 4563 1242 4635 αὐτῷ,
1281 4565 1371 4616 καὶ
1407 4566 1456 4617 εἰ
1481 4566 1568 4619 ἀεὶ

51 4643 107 4710 τῷ
125 4647 249 4716 αὐτῷ
273 4648 477 4720 σώματι
502 4652 787 4721 χρήσεται,
811 4651 843 4723 ἧ
868 4646 1085 4722 ἀμείψει
1115 4653 1264 4706 αὑτό·
1289 4653 1347 4706 ἐν
1367 4649 1448 4716 οἷς
1479 4655 1574 4707 καὶ

52 4735 89 4783 τε
106 4738 200 4790 ἐστι
219 4743 407 4811 κυρίως
433 4745 920 4814 μετενσωμάτωσις
941 4745 1190 4810 ἐξετάσαι
1211 4746 1412 4817 δεήσει’
1437 4746 1492 4798 τί
1513 4763 1570 4798 τε

50 4825 158 4899 αῦτη
181 4831 409 4904 διαφέρει
439 4835 911 4904 ἐνσωματώσεως,
943 4838 1036 4890 καὶ
1069 4839 1116 4889 εἰ
1149 4838 1430 4892 ἀκολουθεῖ
1461 4838 1570 4908 (91)

1663 3282 2142 3349 meum,quoniam
2177 3281 2357 3333 zelum
2395 3281 2584 3333 habuit
2631 3294 2730 3347 pro
2770 3296 2874 3335 me.
2914 3298 2934 3330 ›
2970 3279 3244 3346 Quamob-

1665 3387 1780 3426 rem
1823 3371 1956 3425 nihil
1991 3379 2074 3426 est
2119 3371 2314 3424 mirum
2342 3370 2502 3439 siqui
2538 3368 2961 3436 suspicabantur
2992 3371 3239 3423 eumdem

1664 3475 1783 3516 esse
1813 3459 2064 3525 Phineus,
2095 3469 2150 3514 et
2174 3459 2382 3523 Eliam;
2419 3459 2501 3514 vel
2546 3469 2692 3514 recte
2723 3460 2985 3523 dicentes,
3027 3459 3108 3513 vel
3139 3474 3246 3515 non

1665 3555 1788 3622 (nec
1821 3554 1964 3607 enim
1994 3554 2093 3606 hac
2117 3553 2181 3606 de
2212 3567 2269 3604 re
2297 3552 2570 3620 pr0posita
2603 3551 2758 3604 nobis
2784 3561 2865 3604 est
2894 3567 3036 3604 nunc
3063 3550 3244 3620 inqui-

1665 3646 1850 3716 sitio),
1877 3647 2126 3701 eumdem
2169 3661 2289 3700 esse
2341 3646 2599 3712 putabant
2631 3643 2918 3706 Joannem,
2950 3653 3003 3696 et
3036 3639 3240 3698 Jesum.

1671 3739 1760 3792 Vel
1786 3738 2034 3808 profecto
2055 3737 2156 3792 hac
2180 3741 2247 3792 de
2272 3753 2330 3792 re
2352 3738 2699 3805 ambigebant
2721 3737 2970 3803 seireque
2996 3736 3246 3792 volebant

1666 3848 1793 3886 num
1835 3833 1948 3898 ipse
1975 3841 2116 3885 esset
2138 3829 2379 3884 Joannes
2401 3839 2456 3883 et
2489 3829 2650 3883 Elias.
2683 3829 2961 3901 Praecipue
3001 3844 3129 3882 vero
3159 3839 3244 3883 at-

1666 3939 1770 3993 que
1797 3923 1903 3977 alio
1935 3933 2172 3993 tempore
2197 3923 2520 3992 inquirenda
2545 3932 2628 3975 est
2662 3922 2977 3991 diligentius
3009 3922 3244 3976 diutius-

1666 4031 1771 4085 que
1821 4015 2122 4086 indaganda
2170 4016 2311 4070 ratio
2357 4015 2424 4069 de
2465 4014 2772 4070 substantia
2821 4013 3040 4079 animae,
3067 4014 3244 4083 deque

1667 4107 1931 4178 principio
1981 4106 2328 4162 formationis
2377 4104 2493 4173 ejus
2543 4116 2707 4175 atque
2766 4105 3014 4176 ingressu
3071 4106 3244 4176 ipsius

1668 4199 1722 4252 in
1773 4213 1974 4266 corpus
2008 4206 2111 4252 hoc
2165 4209 2426 4253 terreum.
2478 4197 2849 4267 Indagandum
2895 4199 3059 4253 etiam
3113 4199 3246 4268 quid

1669 4290 1968 4358 iniunctum
1997 4291 2068 4345 sit
2118 4291 2240 4344 vita:
2288 4289 2721 4360 uniuscujusque
2767 4292 3145 4361 anima‘atqne
3178 4292 3246 4346 de

1667 4380 1784 4450 ejus
1828 4396 2042 4436 recessu
2080 4395 2147 4436 ex
2195 4382 2296 4436 hac
2325 4383 2459 4448 vita,
2482 4391 2538 4437 et
2565 4398 2638 4435 an
2664 4383 2948 4452 contingat
2975 4382 3116 4436 illam
3147 4383 3247 4438 de-

1670 4489 1782 4528 nuo
1833 4474 2043 4545 ingredi
2080 4474 2132 4528 in
2168 4489 2396 4544 corpus,
2425 4490 2492 4528 an
2525 4491 2654 4538 non,
2686 4483 2740 4528 et
2771 4475 2960 4528 eadem
3001 4475 3246 4542 periodo,

1674 4575 1728 4621 et
1749 4567 1938 4621 eadem
1963 4565 2334 4636 dispositione,
2355 4581 2561 4630 necne;
2595 4574 2650 4620 et
2683 4581 2809 4619 num
2840 4566 2890 4618 in
2915 4565 3101 4620 eodem
3125 4578 3245 4618 cor-

1673 4672 1824 4724 pore,
1858 4672 1928 4711 an
1960 4657 2014 4711 in
2049 4658 2189 4724 alio;
2217 4658 2359 4726 quod
2386 4660 2432 4712 si
2463 4657 2514 4710 in
2545 4657 2956 4720 eodem,utrum
2994 4664 3246 4710 manente

1671 4750 1861 4802 eodem
1906 4749 2202 4804 secundum
2233 4746 2554 4816 subjectum,
2579 4747 2672 4800 sed
2707 4753 2914 4799 mutato
2947 4744 3244 4800 secundum

1671 4837 2023 4906 qualitatem;
2063 4853 2132 4892 an
2162 4838 2324 4893 etiam
2376 4839 2518 4893 idem
2559 4836 2742 4890 futuro
2775 4837 3070 4891 secundum
3117 4835 3244 4892 sub-

99 4959 302 5021 ‘Matth.
326 4966 554 5033 “11,55,
580 4966 669 5021 56.
746 4925 854 5021 6l-V
876 4966 1010 5038 Reg.
1041 4985 1078 5031 ι,
1102 4968 1156 5022 8.
1233 4968 1253 4998 ⁷
1293 4983 1414 5037 cap.
1437 4985 1529 5033 xx,
1553 4985 1693 5028 vers.
1719 4974 1810 5028 Q8.
1885 4975 1906 5006 ⁸
1934 4972 2092 5027 Num.
2119 4989 2245 5035 xxv.
2272 4972 2357 5028 12.
2432 4974 2456 5004 '
2483 4971 2612 5026 ibid.
2645 4971 2733 5038 14,
2762 4971 2848 5026 lii.
2927 4973 2971 5004 ¹⁰
2998 4973 3126 5027 ibid.
3153 4974 3240 5028 ll.

89 5075 701 5153 _(99l_'A_:ro€-’d.l.180’0a¢,
757 5081 856 5136 διὰ
886 5083 986 5147 τό,
1020 5094 1125 5138 etc.
1185 5080 1409 5136 Videtur
1471 5082 1561 5136 hic

47 5143 206 5227 aliquid
237 5151 554 5227 desiderari,
594 5143 736 5222 quod
791 5143 1114 5222 respondeat
1185 5154 1270 5207 his
1323 5153 1560 5208 Ferrarii

52 5218 212 5280 verbis,
239 5219 386 5287 facile
421 5234 556 5277 erat.
611 5218 626 5222 ⁷
883 5218 898 5222 ’
1440 5249 1446 5256 -

66 5287 192 5369 ..(91)
210 5290 324 5369 ,Καὶ
336 5293 387 5344 εὶ
414 5292 740 5369 ᾁκολουᾷεἴ
755 5293 836 5360 τῷ
859 5293 1116 5369 devorti,
1145 5299 1251 5369 etc.
1301 5292 1562 5369 Origenes

48 5351 120 5407 lib.
145 5351 254 5437 nia
286 5359 490 5415 Cantia.
526 5366 742 5437 cantic_.,
862 5351 975 5419 58':
1021 5384 1037 5414 ι
1073 5351 1177 5417 Sed
1228 5372 1284 5416 et
1306 5351 1446 5437 illud
1478 5378 1562 5415 re-

47 5434 273 5505 quiritur,
322 5443 500 5505 utrum
546 5435 711 5489 semel
766 5443 973 5488 tantum
1019 5448 1248 5500 corpore
1306 5434 1561 5486 induatur

46 5501 258 5568 (mima),
279 5510 331 5553 et
354 5503 404 5553 id
428 5508 768 5572 postmodum
793 5506 1096 5574 depositum
1117 5505 1253 5556 ultra
1283 5520 1387 5557 non
1418 5521 1563 5572 qna:-

46 5576 144 5627 rat;
173 5584 234 5621 an
265 5586 379 5624 cum
436 5575 601 5644 semel
636 5587 942 5644 susceptum
995 5575 1558 5644 deposuerit,iterum

43 5648 280 5716 θδευεῐιειι;
319 5651 368 5716 et
408 5643 451 5716 si
491 5647 743 5716 secundo
773 5643 1046 5716 snmptum
1066 5659 1294 5716 semper
1343 5643 1556 5708 haheat,

44 5719 98 5782 an
121 5705 390 5782 aliquando
420 5713 610 5767 iterum
643 5705 909 5781 amiciat.'
931 5715 995 5768 Et
1032 5714 1077 5767 si
1107 5705 1324 5782 quidem
1367 5705 1558 5772 secnuL

43 5777 152 5827 dum
175 5781 532 5837 auctoritatem
568 5777 973 5849 Scripturarutn
1020 5777 1413 5838 consunnnatio
1450 5783 1555 5837 ima

1669 5088 1874 5140 miueat
1898 5087 2103 5146 mundi,
2135 5097 2188 5140 et
2227 5087 2598 5155 corruptibilis
2629 5098 2801 5142 status
2831 5088 2920 5142 hic
2964 5088 3016 5142 iu
3071 5090 3244 5144 incor-

1672 5158 2000 5228 ruptibilemr
2031 5159 2345 5218 mutabitur,
2378 5159 2686 5225 ambiguum
2721 5174 2826 5210 non
2885 5161 3051 5212 videri
3101 5163 3241 5228 quod

1667 5227 1720 5280 in
1756 5227 2037 5294 praesentis
2070 5229 2191 5281 vitae
2220 5238 2416 5280 siatum
2445 5231 2685 5282 secundo
2712 5239 2803 5280 aut
2843 5231 3006 5282 tertio
3043 5233 3091 5281 in
3122 5227 3242 5283 (νειμ

1668 5313 1769 5365 pus
1797 5299 1982 5351 venire
2021 5313 2125 5350 non
2159 5299 2346 5366 possit.
2383 5298 2516 5350 Nam
2556 5299 2601 5351 si
2649 5299 2906 5366 recipitur
2964 5301 3087 5362 hoc,
3142 5317 3238 5354 ne—

1667 5371 1909 5422 cessario
1931 5371 2176 5436 sequitur
2203 5379 2260 5421 ut
2294 5367 2598 5434 hujusmodi
2635 5371 3070 5422 succesmonilms
3106 5387 3239 5424 eon-

1667 5440 2019 5505 sequentibus
2073 5440 2230 5492 iinem
2269 5439 2474 5491 nesciat
2503 5441 2752 5493 mundus.
2786 5457 2803 5489 ι
2835 5439 3050 5492 Consuli
3105 5455 3238 5508 quo-

1670 5523 1776 5574 que
1811 5509 1971 5561 velim
2003 5524 2121 5575 qua:
2149 5508 2216 5561 ab
2239 5510 2430 5562 eodem
2471 5518 2600 5562 tom.
2628 5523 2728 5562 xm
2782 5509 2834 5560 iu
2875 5509 3065 5561 ΜηιιΙι.
3104 5525 3236 5575 xm,

1671 5578 1757 5641 ll),
1783 5579 1982 5644 scripta
2027 5587 2174 5642 sunt,
2217 5579 2452 5632 maxime
2499 5594 2628 5632 vero
2683 5587 2864 5631 nostra
2895 5577 3236 5645 Origenimm,

1668 5651 1721 5770 id:
1748 5650 1943 5714 quibus
1971 5648 2022 5703 id
2062 5658 2438 5718 argumentum
2487 5647 2789 5704 luculenter
2835 5648 3236 5717 persequimur.

1717 5732 1927 5770 emus.

1717 5732 1927 5774 UBTIUS¢
