3766 6142
428 273 538 328 227
1883 281 1915 339 ρ

3586 288 3703 341 Ξίδ

424 391 650 463 jectum,
686 400 742 450 et
768 393 1116 465 qualitatem,
1152 403 1209 452 et
1251 410 1379 451 num
1421 411 1636 470 semper
1677 402 1863 457 eodem
1895 420 1911 457 ‹

2237 402 2447 474 λέγοντι
2498 404 2986 476 μετενσωμάτωσιν
3035 406 3309 478 ἄφθαρτον
3363 408 3555 478 τηρεῖν
3607 406 3702 458 τὸν

429 503 564 557 pore
588 500 750 541 usura
776 486 846 542 sit
874 502 942 540 an
968 486 1317 542 immutatura
1347 488 1496 544 illud.
1528 490 1584 544 ln
1609 492 1806 561 quibus
1835 494 1916 548 eti:

2220 514 2338 568 μον.
2369 499 2457 551 Ἐν
2485 494 2566 561 οἷς
2594 499 2889 566 ἀναγκαῖον
2927 498 3078 552 ἔσται
3102 499 3424 571 παραθεῖναι
3452 500 3703 561 καὶτοὺς

428 579 579 643 illud,
610 579 739 649 quid
764 579 988 648 proprie
1016 578 1089 633 sit
1118 582 1600 650 transcorporatio,
1634 584 1870 654 quidque
1893 585 1915 638 Ι]

2215 606 2307 653 ους
2333 589 2440 643 τῶν
2468 590 2728 643 θελόντων
2756 590 2896 645 κατά
2927 590 3026 654 τὰς
3050 590 3272 663 Γραφάς
3303 592 3702 662 συσπείρεσθαι

426 671 644 727 differat
666 670 735 726 ab
760 670 1223 739 incorporatione,
1261 673 1522 743 indagare
1554 690 1775 732 necesse
1799 677 1913 730 erit

2235 682 2411 752 ψυχὴν
2440 682 2518 753 τῷ
2547 681 2779 752 σώματι,
2811 684 2905 738 καὶ
2946 684 3016 737 τὰ
3059 683 3449 737 ἀκολουθοῦντα
3483 684 3697 747 αὐτοῖς,

426 779 555 818 num
573 774 850 835 sequatur,
868 772 925 819 ut
946 762 1039 833 qui
1068 766 1265 818 astruit
1291 767 1548 821 mutanda
1569 782 1913 837 corpora;ser

2234 774 2568 840 ἁπαξαπλῶς
2592 775 2620 826 6
2645 775 2772 844 περὶ
2792 774 2969 847 ψυχῆς
2994 774 3150 845 λόγος
3181 776 3345 838 πολὺς
3371 776 3465 828 καὶ
3497 776 3714 845 δυσερ-‹

425 858 683 912 mundum
721 854 1213 925 incorruptibilem.
1243 855 1300 910 In
1344 858 1538 927 quibus
1572 860 1912 928 necessariol

2211 883 2379 931 ρευτος
2431 866 2540 930 ὢν,
2591 867 3091 938 ἀναλεχθησόμενος
3143 868 3249 922 ἀπὸ
3299 867 3408 922 τῶν
3455 871 3517 921 ἐν
3573 871 3698 930 ταῖς

425 950 617 1006 nenda:
671 958 834 1005 erunt
879 951 1119 1003 rationes
1144 963 1330 1003 eorum
1365 951 1455 1018 qui
1504 951 1710 1015 volunt,
1750 967 1817 1007 ex
1854 950 1912 1007 St

2214 960 2353 1028 ιφαῖς
2394 958 2667 1031 σποράδην
2708 958 2994 1029 κειμένων,
3035 958 3171 1024 ἰδίας
3216 960 3387 1014 δεῖται
3429 974 3701 1031 πραγμα-

425 1052 708 1112 pturarum
740 1046 1094 1110 auctoritate,
1128 1054 1188 1098 ut
1221 1046 1401 1098 anima
1432 1044 1592 1098 simul
1620 1060 1743 1100 cum
1775 1060 1912 1112 corpt

2213 1068 2276 1114 ις.
2324 1050 2522 1122 Διόπερ
2559 1049 2674 1115 νῦν,
2717 1050 2858 1104 κατὰ
2899 1051 2963 1105 τὸ
3018 1052 3267 1124 παρῆκον
3316 1053 3381 1106 ὲκ
3406 1052 3516 1105 τῶν
3563 1051 3700 1122 περὶ

423 1137 741 1201 scminetnr,
764 1145 819 1193 et
839 1150 960 1206 qua!
1001 1145 1306 1208 sequuntur
1329 1136 1473 1205 ipsas
1501 1153 1514 1188 :
1548 1144 1623 1202 et,
1654 1145 1710 1190 ut
1736 1137 1900 1191 semel
1923 1136 2005 1189 di-

423 1243 574 1293 cam,
602 1230 777 1284 oratio
806 1229 872 1284 de
903 1231 1081 1285 anima
1103 1269 1121 1297 ,
1149 1230 1369 1299 copiosa
1409 1228 1631 1299 alioqui,
1660 1238 1716 1283 et
1739 1229 1806 1283 ad
1837 1229 2006 1284 inter~

2122 1142 2298 1194 Ἠλίου
2343 1144 2439 1196 καὶ¹
2483 1142 2728 1196 Ἰωάννου
2768 1143 3115 1215 ὲζητημένων
3153 1146 3247 1198 ἐπὶ
3288 1144 3462 1217 βραχὺ
3504 1143 3701 1210 ἐξετά-

2112 1249 2301 1296 σαντες
2325 1233 2385 1286 τὸ
2408 1233 2614 1305 πρόὸλη
2623 1252 2720 1305 μα,
2748 1234 3023 1305 μετίωμεν
3043 1236 3147 1288 ἐπὶ
3163 1233 3232 1288 τά
3260 1234 3410 1304 ἑξῆς.

419 1323 741 1393 pretandum
787 1323 1046 1390 difﬁcilis,
1083 1326 1128 1380 si
1161 1326 1526 1396 undequaqne
1551 1326 1730 1393 colligi
1760 1327 1955 1382 debeat
1993 1340 2059 1380 ex
2100 1328 2184 1381 his
2210 1344 2333 1397 qua:
2360 1329 2589 1397 sparsim
2615 1328 2789 1396 posita
2814 1338 2939 1382 sunt
2967 1328 3020 1381 in
3048 1326 3367 1398 Scripturis,
3403 1327 3697 1409 proprium

424 1418 655 1486 requirit
678 1432 834 1489 opus.
861 1418 1225 1485 Quamobrem
1255 1434 1400 1474 nunc
1430 1420 1687 1475 decenter
1723 1436 1791 1474 ex
1819 1419 1903 1473 his
1935 1434 2054 1489 quae
2086 1420 2151 1475 de
2180 1419 2391 1477 Joanne
2424 1422 2600 1492 deque
2628 1420 2741 1476 Elia
2768 1420 3071 1491 conquisita
3106 1427 3251 1487 sunt,
3279 1434 3401 1474 cum
3442 1419 3701 1474 breviter

418 1515 741 1583 perscrutati
770 1515 944 1570 simus
969 1514 1349 1584 quaestionem,
1376 1515 1443 1569 ad
1470 1523 1663 1570 caetera
1689 1525 2046 1571 transeamus.

491 1609 546 1664 8.
580 1606 653 1661 E8
700 1616 756 1673 tu
785 1607 1034 1676 propheta
1062 1605 1152 1660 ille
1174 1607 1200 1659 .9
1234 1605 1301 1659 Et
1337 1607 1603 1677 respondit
1632 1622 1651 1659 :
1694 1604 1817 1661 Non
1852 1608 1917 1662 υ.
1945 1607 1978 1662 S

2215 1648 2228 1663 .
2261 1609 2322 1662 '0
2351 1607 2662 1678 προφήτης
2685 1605 2747 1663 εἷ
2760 1610 2873 1674 σύ;
2897 1608 3006 1663 Kal
3031 1609 3339 1678 ἀπεκρίθη·
3373 1608 3480 1663 Οὔ.
3520 1608 3587 1661 Εἰ
3618 1626 3637 1658 ι
3666 1608 3695 1660 6

425 1720 445 1754 ι
482 1702 564 1755 lex
602 1708 656 1754 et
676 1699 955 1769 propheta:
971 1714 1141 1768 usque
1173 1700 1241 1754 ad
1265 1697 1529 1754 Joannem
1560 1700 1624 1764 “,
1662 1718 1681 1752 ι
1709 1699 1836 1769 quid
1860 1700 2003 1754 aliud

416 1790 726 1846 diceremus
766 1787 1032 1845 Joannem
1067 1803 1209 1856 esse,
1239 1805 1401 1859 quam
1448 1790 1814 1860 prophetam?
1844 1790 2000 1860 117

414 1880 870 1951 quemadmodum
900 1888 1059 1949 pater
1087 1879 1206 1949 eius
1231 1879 1550 1946 Zacharias,
1574 1879 1766 1950 plenus
1794 1878 2000 1950 Spiritu

415 1983 624 2039 sancto,
654 1972 985 2043 prophetans
1015 1973 1190 2042 inquit
1210 1973 1287 2027 ¹³ι
1317 1991 1337 2026 t
1368 1972 1440 2028 Et
1462 1982 1713 2042 tu,puer,
1739 1974 1999 2041 propheta

417 2064 691 2120 Altissimi
749 2063 1035 2119 vocaberis
1076 2064 1343 2135 :praeibis
1387 2073 1514 2119 ante
1534 2065 1725 2120 faciem
1768 2064 1997 2129 Domini,

420 2159 487 2211 ad
510 2158 927 2227 prazparandum
959 2157 1074 2211 vias
1109 2155 1264 2224 ejus;
1296 2174 1315 2209 ι
1349 2156 1453 2211 nisi
1489 2155 1629 2212 forte
1671 2155 1797 2226 quis
1823 2166 2003 2211 sumat

415 2266 604 2308 vocem
637 2268 657 2301 ι
703 2249 986 2305 vocaberis
1027 2267 1047 2300 ι
1096 2264 1202 2304 non
1235 2262 1358 2304 esse
1394 2249 1595 2303 dictam
1619 2262 1719 2318 pro
1756 2263 1823 2303 eo
1853 2249 1997 2316 quod

412 2357 535 2415 est,
567 2347 692 2412 eris,
737 2345 902 2416 idque
936 2344 1306 2414 potissimum,
1334 2347 1479 2413 quod
1515 2344 1775 2399 Servator
1803 2343 2000 2399 dixerit

414 2442 496 2494 eis
538 2439 629 2509 qui
686 2437 1072 2492 existimabant
1102 2450 1225 2491 eum
1266 2451 1386 2491 esse
1413 2436 1740 2505 prophetam
1778 2456 1790 2489 :
1832 2452 1850 2485 ι
1891 2433 1996 2489 Sed

411 2531 538 2600 quid
571 2530 782 2585 exiistis
815 2529 881 2583 ad
916 2528 1247 2585 videndum?
1280 2526 1644 2598 Prophetant?
1670 2527 1842 2582 Etiam
1874 2527 1996 2582 dico

417 2623 599 2689 vobis,
625 2632 689 2678 et.
728 2622 1013 2693 plusquam
1062 2621 1383 2691 prophetam
1415 2620 1478 2675 ¹⁴⁵.
1520 2640 1541 2674 ι
1582 2619 1993 2676 Observandum

409 2724 591 2771 autem
614 2717 756 2786 quod
793 2730 857 2770 ea
883 2716 1065 2780 verba,
1094 2730 1115 2765 ι
1151 2713 1328 2769 Etiam
1363 2713 1487 2769 dico
1516 2714 1693 2779 vobis,
1732 2732 1751 2765 ι
1792 2721 1995 2783 ponant

408 2807 671 2864 Joannem
721 2822 845 2865 esse
889 2810 1236 2879 prophetam,
1279 2820 1385 2862 nec
1428 2806 1677 2861 auferant
1703 2823 1828 2862 eum
1859 2822 1993 2878 pro-

410 2903 631 2972 phetam
679 2916 819 2956 esse.
856 2900 1010 2966 Quod
1046 2901 1114 2965 si,
1163 2908 1523 2970 pratterqnam
1560 2899 1704 2969 quod
1726 2909 1813 2955 est
1864 2915 1993 2969 pro-

408 2968 589 3065 pheta,
618 2993 779 3048 etiam
822 2991 994 3060 major
1027 2968 1189 3063 quam
1229 2990 1454 3059 prolteta
1477 3005 1507 3044 a
1539 2968 1827 3047 servatore
1854 2968 1992 3047 dici-
2016 2968 2063 3033 ο

414 3099 539 3154 tnr,
579 3085 851 3158 quomodo
903 3100 1052 3158 ergo,
1084 3087 1127 3141 si
1167 3085 1428 3157 propheta
1457 3094 1573 3149 est,
1614 3086 1990 3141 sacerdotibus

407 3198 474 3235 ac
503 3180 708 3235 Levitis
736 3178 1219 3247 interrogantibus,
1268 3194 1288 3227 ι
1335 3175 1602 3246 Propheta
1642 3191 1700 3232 es
1743 3186 1798 3231 tu
1840 3175 1885 3208 "
1912 3175 1935 3229 ί
1962 3193 1983 3229 ι

409 3270 707 3342 respondit,
756 3286 777 3321 ι
815 3267 982 3323 Νοιιῖ
1022 3288 1041 3321 ι
1074 3268 1371 3324 Dicendum
1412 3274 1591 3321 autem
1635 3265 1702 3320 ad
1740 3266 1843 3320 hoc
1877 3280 1982 3320 non

409 3366 553 3420 idem
588 3378 731 3427 esse,
781 3378 801 3413 ι
834 3359 1104 3430 Propheta
1135 3375 1194 3415 es
1222 3370 1276 3414 tu
1303 3361 1435 3416 ille?
1471 3379 1488 3413 ι
1521 3359 1667 3432 [cum
1704 3356 1985 3430 articulo],

406 3467 489 3521 et,
535 3474 557 3508 ι
596 3455 667 3511 Es
701 3466 755 3509 tu
789 3453 1048 3525 propheta
1078 3452 1102 3506 ’ί
1135 3471 1154 3505 ι
1178 3452 1317 3524 [sine
1351 3451 1624 3525 articulo.]
1653 3451 1863 3509 Similia
1893 3451 1991 3506 ob-

407 3551 745 3605 servavimus
780 3559 928 3614 ante,
961 3547 1089 3617 quid
1131 3546 1368 3611 ditl'erat,
1394 3546 1486 3598 ille
1527 3545 1688 3610 Deus,
1724 3543 1869 3615 [cum
1899 3558 1989 3597 ar-

410 3641 621 3715 ticulo.]
658 3652 714 3698 et
757 3641 902 3697 Deus
954 3640 1097 3714 [sine
1142 3635 1419 3708 articulo.]
1455 3646 1509 3692 et
1548 3637 1640 3691 ille
1689 3635 1897 3700 Sermo,
1931 3644 1989 3690 et

413 3734 626 3792 Sermo.
663 3735 930 3800 Quoniam
984 3749 1115 3803 ergo
1146 3733 1199 3786 in
1250 3731 1670 3786 Deuteronomio
1721 3730 1982 3798 scriptum

408 3836 497 3881 est
524 3827 567 3858 “
603 3843 617 3880 :
650 3844 670 3877 ι
706 3824 1029 3896 Prophetam
1068 3823 1224 3878 vobis
1252 3822 1538 3877 suscitabit
1562 3820 1820 3876 Dominus
1844 3821 1987 3875 Deus

407 3927 588 3972 vester
613 3918 678 3972 de
703 3916 958 3971 fratribus
979 3916 1173 3971 vestris
1200 3915 1304 3970 mei
1327 3914 1583 3978 similem,
1601 3914 1774 3983 ipsum
1798 3914 1983 3968 audie-

405 4008 500 4065 tis.
534 4008 800 4064 Futurum
833 4018 920 4063 est
943 4016 1148 4072 autem,
1190 4018 1249 4062 ut
1273 4008 1454 4062 omnis
1485 4007 1689 4069 anima,
1724 4020 1845 4075 qua:
1876 4021 1981 4060 non

406 4088 643 4157 audierit
701 4101 1022 4171 prophetam
1063 4099 1248 4164 illum,
1283 4100 1682 4155 exterminetur
1721 4113 1754 4153 e
1787 4099 1983 4168 populo

406 4207 541 4258 suo;
562 4211 581 4244 ι
614 4193 1031 4262 exspectabatur
1058 4194 1323 4262 quispiam
1351 4192 1550 4248 eximie
1577 4193 1837 4263 propheta
1866 4190 1979 4261 qui,

407 4286 584 4343 simile
613 4286 744 4357 quid
788 4285 920 4340 Mosi
965 4286 1196 4351 habens,
1226 4287 1577 4340 mediatorem
1625 4294 1808 4355 ageret
1844 4285 1982 4340 inter
2012 4316 2055 4371 Β

408 4378 578 4433 Deum
607 4387 663 4434 et
707 4378 978 4444 homines,
1029 4388 1087 4432 et
1119 4387 1399 4446 acceptum
1451 4391 1481 4431 a
1518 4378 1625 4431 Deo
1660 4376 1979 4432 Testamen-

411 4476 524 4522 tum
579 4480 777 4522 novum
824 4466 1105 4537 discipulis
1136 4468 1414 4532 traderet;
1454 4477 1617 4535 atque
1657 4466 1709 4521 in
1753 4466 1984 4536 singulis

408 4558 690 4628 prophetis
721 4569 1016 4632 agnoverat
1039 4560 1269 4631 populus
1291 4559 1454 4615 Israel
1484 4560 1753 4614 neminem
1792 4574 1980 4614 eorum

409 4650 556 4704 hunc
596 4653 876 4707 exstitisse
904 4652 996 4722 qui
1031 4667 1062 4706 a
1106 4651 1256 4705 Mose
1297 4653 1650 4722 prophetatus
1686 4649 1883 4705 fuerat.
1914 4648 1985 4706 Ut

408 4756 542 4812 ergo
583 4742 649 4797 de
690 4742 899 4799 Joanne
934 4745 1286 4814 ambigebant
1340 4759 1466 4798 num
1503 4743 1642 4798 forte
1686 4744 1800 4812 ipse
1833 4753 1982 4798 esset

408 4833 679 4900 Christus,
718 4837 798 4891 sic
844 4837 1010 4892 etiam
1054 4852 1184 4891 num
1233 4848 1380 4892 esset
1410 4836 1497 4892 ille
1539 4837 1820 4906 Drepheta.
1869 4835 1980 4890 Nec

413 4925 610 4979 mirum
637 4924 681 4978 si
714 4925 1050 4997 ambigentes
1092 4926 1161 4982 de
1186 4925 1412 4995 Joanne,
1440 4943 1504 4980 an
1532 4926 1671 4982 forte
1699 4927 1813 4996 ipse
1837 4937 1980 4980 esset

410 5016 682 5084 Christus,
710 5015 995 5086 diligenter
1035 5032 1145 5072 non
1185 5019 1576 5088 investigarunt
1602 5034 1669 5073 an
1699 5018 1812 5088 ipse
1835 5027 1980 5072 esset

411 5107 661 5164 Christus
688 5118 742 5161 et
766 5107 854 5162 ille
888 5109 1174 5178 propheta.
1206 5108 1462 5179 Sequitur
1483 5111 1626 5166 enim
1662 5120 1721 5164 ut
1753 5111 1846 5181 qui
1877 5109 1981 5164 hac

415 5204 483 5258 de
514 5216 573 5257 re
601 5200 681 5256 sic
716 5201 1072 5272 interrogant,
1097 5203 1349 5274 ignorent
1379 5205 1540 5260 etiam
1578 5207 1720 5273 quod
1748 5204 1865 5275 ipse
1888 5203 1979 5273 qui

413 5296 485 5352 sit
506 5293 773 5358 Christus,
807 5294 878 5349 sit
916 5294 1077 5349 etiam
1130 5295 1543 5369 illepmpheta.
1584 5296 1766 5351 Latuit
1798 5307 1979 5351 autem

413 5392 611 5448 multos
654 5404 719 5445 ea
755 5387 1057 5444 ditl‘erentia
1102 5405 1220 5460 quae
1269 5400 1353 5447 est
1396 5393 1537 5446 inter
1564 5393 1814 5459 propheta
1865 5393 1977 5460 ille,

2106 1701 2290 1771 Νόμος
2321 1702 2413 1754 καὶ
2439 1702 2489 1753 οἱ
2518 1700 2792 1773 προφῆται
2829 1702 2933 1765 ἕως
2976 1702 3246 1765 Ἰωάννου,
3286 1720 3305 1752 ι
3343 1701 3436 1754 καὶ
3465 1701 3523 1753 τί
3561 1698 3696 1753 ἄλλο

2105 1791 2170 1845 ἂν
2214 1791 2465 1863 λέγοιμεν
2509 1789 2647 1845 εἶναι
2683 1792 2933 1864 Ἰωάννην
2973 1793 3004 1863 ἢ
3042 1796 3355 1865 προφήτην;
3395 1791 3475 1855 ὡς
3514 1792 3615 1844 καὶ
3665 1793 3696 1843 ὁ

2104 1883 2286 1954 πατὴρ
2319 1881 2483 1937 αὑτοῦ
2524 1883 2819 1954 Ζαχαρίας,
2852 1881 3110 1954 πλησθεὶς
3147 1882 3464 1954 Πνεύματος
3503 1881 3692 1949 ἁγίου,

2102 1978 2460 2047 προφητεύων
2507 1977 2670 2047 φησί·
2737 1996 2755 2027 ι
2782 1976 2891 2029 Καὶ
2943 1978 3031 2043 σὺ,
3096 1976 3337 2039 παιδίον,
3388 1978 3692 2047 προφήτης

2113 2065 2367 2136 Ὑψίστου
2397 2068 2665 2142 κληθήσῃ,
2697 2069 3046 2143 προ-πορεύσῃ
3080 2070 3189 2141 γὰρ
3210 2070 3438 2125 ἐνώπιον
3472 2071 3693 2143 Κυρίου

2099 2157 2385 2228 ἑτοιμάσαι
2412 2159 2565 2223 ὁδοὺς
2602 2160 2796 2214 αὑτοῦ·
2821 2180 2839 2212 ι
2891 2162 2940 2213 εί
2982 2162 3058 2233 μὴ
3098 2164 3206 2234 ἄρα
3239 2180 3323 2227 τις
3353 2162 3693 2234 ἐπιλήψεται

2097 2250 2191 2305 τοῦ
2229 2269 2246 2302 ι
2271 2252 2535 2326 κληθήσῃ,
2562 2273 2581 2305 ι
2610 2255 2684 2325 μὴ
2710 2255 2997 2327 εἰρημένου
3019 2254 3113 2308 τοῦ
3143 2257 3278 2323 ἔσῃ,
3321 2256 3416 2309 καὶ
3440 2256 3692 2326 μάλιστα

2097 2342 2185 2397 διὰ
2222 2343 2281 2397 τὸ
2321 2345 2459 2416 πρὸς
2500 2347 2625 2409 τοὺς
2676 2347 2952 2417 οἰομένους
2995 2347 3157 2401 αὑτὸν
3203 2348 3492 2419 προφήτην
3545 2342 3691 2399 εἶναι

2097 2434 2376 2505 εἰρηκέναι
2421 2434 2512 2487 τὸν
2556 2435 2809 2507 Σωτῆρω
2860 2454 2878 2487 t
2917 2434 3075 2488 Ἀλλά
3115 2434 3167 2487 τί
3212 2433 3467 2504 ἐξήλθετε
3518 2432 3688 2496 iactv;

2096 2525 2422 2597 Προφήτην;
2463 2527 2571 2580 Ναὶ
2615 2526 2757 2595 λέγω
2795 2527 2943 2598 ὑμῖν,
2987 2525 3079 2579 καὶ
3115 2525 3507 2596 περισσότερον
3548 2540 3694 2595 προ-

2098 2621 2289 2691 φήτου.
2316 2639 2335 2671 ι
2359 2620 2783 2692 Παρατηρητέον
2811 2620 2889 2683 δὲ,
2921 2620 3101 2683 ὅτιτὸ,
3133 2638 3151 2669 ι
3175 2619 3283 2671 Ναὶ
3303 2617 3447 2686 λέγω
3473 2618 3637 2688 ὑμῖν,
3665 2636 3684 2668 ι

2094 2710 2274 2784 τίθησι
2300 2711 2361 2765 τὸ
2391 2713 2671 2784 προφήτην
2698 2707 2835 2765 εἶναι
2861 2711 2951 2765 τὸν
2989 2712 3263 2782 Ἰωάννην,
3285 2712 3378 2764 καὶ
3396 2712 3506 2763 οὐκ
3527 2712 3690 2764 ἀναι-

2097 2804 2270 2874 ρεῖται
2315 2802 2377 2855 τὸ
2413 2804 2698 2874 προφήτην
2743 2803 2905 2857 αὐτὸν
2950 2798 3107 2857 εἶναι.
3156 2802 3281 2856 Ἐἀν
3320 2802 3378 2855 δὲ
3418 2803 3567 2872 πρὸς
3607 2802 3692 2873 τῷ

2096 2895 2384 2967 προφήτης
2448 2894 2736 2964 τυγχάνειν
2793 2894 2888 2947 καὶ
2949 2894 3330 2967 περισσότερον
3389 2894 3689 2965 προφήτου

2094 2987 2198 3042 ὑπὸ
2238 2986 2331 3041 τοῦ
2377 2987 2628 3059 Σωτῆρος
2675 2986 2921 3058 λέγηται,
2970 2986 3085 3049 πῶς
3116 2982 3230 3051 οὖν,
3288 2989 3337 3040 εί
3385 2988 3692 3058 προφήτης

2090 3082 2230 3146 ἐστὶ,
2267 3081 2402 3153 πρὸς
2428 3081 2554 3145 τοὺς
2584 3082 2749 3152 ἱερεῖς
2792 3082 2887 3133 καὶ
2918 3081 3148 3143 Λευῖτας
3180 3078 3530 3152 ἐρωτῶντας,
3569 3100 3591 3131 ι
3628 3081 3687 3131 Ὀ

2090 3177 2376 3248 προφήτης
2396 3171 2446 3229 εἶ
2472 3175 2536 3228 σύ
2558 3192 2572 3238 ;
2595 3194 2615 3227 ι
2641 3173 2937 3246 ἀπεκρίθη,
2966 3194 2984 3225 ι
3009 3172 3084 3226 Οὔ
3106 3190 3121 3239 ;
3146 3194 3165 3225 ι
3192 3174 3424 3227 Λεκτέον
3446 3174 3507 3227 δὲ
3542 3176 3688 3246 πρὸς

2088 3269 2268 3334 τοῦτο,
2306 3270 2389 3323 ὅτι
2421 3270 2483 3323 οὐ
2518 3268 2714 3322 ταυτόν
2758 3270 2924 3332 ἐστιν,
2977 3286 2997 3318 ‹
3032 3268 3089 3319 ὐ
3116 3268 3401 3339 προφήτης
3429 3264 3483 3320 εἶ
3521 3267 3624 3332 oti;
3660 3288 3680 3319 ι

2090 3366 2200 3429 καὶ,
2237 3382 2257 3416 ι
2288 3364 2578 3434 Προφήτης
2598 3359 2652 3415 sl
2672 3361 2767 3421 uti:
2802 3380 2821 3413 ι
2853 3359 2965 3431 (92)
2987 3359 3069 3412 Τά
3095 3358 3152 3412 δὲ
3175 3360 3337 3427 ὃμοια
3358 3366 3683 3428 τετήρηκας

2094 3473 2190 3526 μεν
2216 3454 2589 3519 ἐξετάζοντες,
2618 3453 2670 3508 τί
2710 3452 2956 3523 διαφέρει
2996 3449 3056 3504 τὸ
3096 3450 3159 3502 '0
3187 3450 3332 3514 Θεός
3364 3448 3462 3501 τοῦ
3501 3449 3678 3514 Θεός,

2091 3547 2183 3600 καὶ
2210 3547 2263 3599 Ὀ
2283 3548 2468 3616 Λόγος
2495 3546 2587 3600 τοῦ
2614 3546 2821 3616 Λόγος.
2847 3544 3002 3597 Ἐπεὶ
3023 3543 3199 3596 τοίνυν
3224 3543 3283 3594 ὲν
3305 3540 3383 3611 τῷ
3409 3543 3683 3611 Δευτερο-

2089 3638 2261 3708 νομίῳ
2281 3638 2610 3710 γέγραπται·
2641 3655 2659 3687 t
2688 3637 2977 3707 Προφήτην
2995 3636 3123 3705 ὑμῖν
3148 3635 3443 3703 ἀναστήσει
3464 3634 3680 3704 Κύριος

2084 3733 2112 3785 6
2138 3731 2271 3792 Θεὸς
2305 3730 2457 3802 ὑμῶν
2503 3731 2568 3783 ὲκ
2599 3727 2707 3782 τῶν
2756 3728 2999 3797 ἀδελφῶν
3044 3727 3198 3800 ὑμῶν
3231 3728 3307 3791 ὼς
3346 3729 3471 3799 ἐμὲ,
3502 3728 3685 3783 αὐτοῦ

2085 3823 2381 3876 ἀκούσεσθε
2398 3838 2412 3851 ·
2438 3821 2530 3875 καὶ
2556 3821 2708 3874 ἕσται
2738 3821 2885 3873 πᾶσα
2909 3820 3075 3891 ψυχὴ,
3104 3821 3225 3891 ἦτις
3256 3821 3321 3875 ἂν
3347 3821 3422 3892 μὴ
3456 3822 3683 3894 ἀκούσῃ

2083 3914 2176 3968 τοῦ
2208 3916 2482 3987 προφήτου
2515 3914 2745 3980 ἐκείνου,
2778 3911 3289 3985 ὲξολοθρευθήσεται
3321 3914 3387 3966 ἐκ
3418 3912 3517 3966 τοῦ
3537 3913 3683 3967 λαοῦ

2085 4008 2249 4061 αὑτοῦ
2266 4025 2278 4038 ·
2310 4028 2328 4060 ι
2361 4007 2725 4079 προσεδοκᾶτο
2747 4007 3040 4079 ἐξαιρέτως
3060 4024 3142 4070 τις
3171 4008 3457 4078 προφήτης
3481 4008 3683 4078 ὅμοιον

2083 4103 2273 4156 Μωσεί
2291 4117 2342 4153 τι
2370 4099 2528 4171 ἔχων,
2566 4100 2625 4153 τὸ
2672 4099 2986 4171 μεσιτεῦσαι
3035 4095 3171 4151 Θεοῦ
3211 4099 3304 4153 καὶ
3332 4098 3679 4170 ἀνθρώπων,

2083 4193 2176 4247 καὶ
2203 4192 2264 4245 τὸ
2295 4191 2472 4246 λαϐὼν
2504 4191 2778 4262 Διαθήκην
2808 4192 2915 4244 ἀπὸ
2940 4190 3073 4243 Θεοῦ
3111 4190 3294 4245 δοῦναι
3329 4193 3442 4253 τοῖς
3488 4191 3681 4262 μαθη-

2082 4284 2391 4356 τευομένοις
2436 4285 2537 4356 τὴν
2578 4286 2799 4355 καινήν
2836 4284 2928 4337 καὶ
2962 4283 3083 4336 καθ’
3116 4283 3341 4337 ἕκαστον
3377 4282 3489 4335 τῶν
3529 4301 3681 4353 προ-

2085 4377 2267 4448 φητῶν
2305 4377 2600 4445 ἐγίνωσκον
2648 4378 2676 4429 6
2721 4374 2847 4437 λαὸς
2910 4374 3126 4447 Ἰσραὴλ
3179 4375 3381 4447 μηδένα
3436 4375 3680 4429 ἐκείνων

2081 4469 2220 4525 εἶναι
2255 4471 2347 4525 τὸν
2383 4470 2489 4522 ὑπὸ
2514 4469 2609 4522 τοῦ
2652 4468 2896 4530 Μωσέως
2940 4469 3399 4539 προφητευθέντα.
3450 4471 3681 4542 Ὠσπερ

2080 4560 2172 4618 οὖν
2204 4561 2478 4625 ὲδίσταζον
2526 4562 2653 4634 περὶ
2707 4561 2977 4623 Ἰωάννου,
3028 4562 3233 4631 μήποτε
3281 4561 3389 4632 ἄρα
3426 4563 3681 4635 Χριστὸς

2080 4656 2239 4718 αὐτὸς
2266 4650 2354 4725 ἧν,
2398 4653 2570 4717 οὕτως
2613 4652 2706 4706 καὶ
2745 4653 2954 4723 μήποτε
3001 4652 3030 4704 6
3074 4655 3376 4725 προφήτης.
3412 4656 3492 4707 Οὐ
3529 4655 3680 4709 θαυ-

2084 4746 2287 4820 μαστὸν
2329 4745 2388 4799 δὲ
2424 4746 2473 4797 εἰ
2506 4744 2581 4815 μὴ
2623 4743 2905 4815 ⁴ήκρίϐουν,
2946 4745 3027 4797 ὅτι
3057 4746 3219 4809 αὐτός
3263 4749 3378 4799 ἐστι
3424 4750 3678 4820 Χριστὸς

2083 4840 2176 4894 καὶ
2197 4839 2501 4911 προφήτης,
2535 4838 2583 4888 οἱ
2612 4834 2949 4899 διστάζοντες
2993 4838 3120 4908 περὶ
3161 4839 3409 4892 Ἰωάννου
3444 4846 3675 4912 μήποτε

2083 4934 2244 4997 αὐτὸς
2284 4931 2516 5003 Χριστὸς
2556 4925 2655 5001 ἦν’
2691 4930 2979 4984 ἀκόλουθον
3021 4931 3129 5003 γὰρ
3171 4930 3250 5003 τῷ
3296 4936 3423 5005 περὶ
3469 4936 3675 4990 τούτου

2085 5022 2366 5095 δισταγμῷ
2400 5023 2461 5076 τὸ
2507 5022 2722 5090 ἀγνοεῖν
2760 5021 2850 5074 τὸν
2887 5022 3047 5076 αὐτὸν
3091 5018 3230 5077 εἶναι
3284 5025 3519 5096 Χριστὸν
3570 5029 3677 5081 καὶ

2085 5120 2175 5171 τὸν
2220 5116 2524 5190 προφήτην.
2576 5111 2774 5167 Ἐλαοε
2826 5113 2883 5167 δὲ
2924 5115 3049 5177 τοὺς
3089 5115 3314 5181 πολλοὺς
3347 5120 3380 5188 ή
3425 5118 3675 5189 διαφορὰ

2087 5209 2179 5264 τοῦ
2238 5215 2271 5263 ό
2307 5212 2612 5281 προφήτης
2658 5206 2751 5259 καὶ
2777 5208 3106 5276 προφήτης,
3136 5208 3212 5271 ὡς
3239 5210 3452 5264 καὶτὸν
3490 5211 3673 5283 Ἦρα-

2088 5304 2314 5367 κλέωνα,
2343 5303 2490 5365 ὅστις
2516 5298 2705 5365 αὐταῖς
2735 5300 2911 5367 λέξεσι
2948 5316 3131 5371 φησιν·
3165 5320 3183 5351 ι
3217 5302 3303 5366 Ὠς
3330 5302 3439 5375 ἄρα
3472 5305 3673 5358 Ἰωάν.

2085 5412 2182 5467 νης
2204 5394 2312 5466 (9'5)
2348 5391 2661 5464 ὡμολόγησε
2702 5390 2776 5461 μὴ
2815 5385 2953 5443 εἶναι
2989 5392 3018 5442 6
3062 5390 3315 5462 Χριστὸς,
3350 5390 3484 5445 ἀλλά
3522 5393 3673 5463 μηδὲ

481 5507 758 5580 “Joan.t,
778 5507 870 5565 21.
945 5505 1137 5563 "Luc.
1161 5525 1270 5575 xvi,
1305 5511 1391 5566 l6.
1471 5511 1514 5541 ¹³
1534 5509 1666 5565 Luc.
1688 5527 1727 5576 ι,
1752 5512 1840 5566 76.
1924 5514 2174 5570 “Matth.
2195 5531 2270 5579 XI,
2301 5514 2355 5569 9.
2436 5513 2478 5545 "
2500 5511 2655 5568 Joan.
2678 5510 2824 5576 t,21.
2905 5509 2948 5542 “
2972 5509 3127 5566 Dent.
3151 5512 3415 5580 xvm,15,
3444 5512 3527 5578 18,
3561 5513 3673 5576 l9;

410 5578 535 5635 Act.
570 5597 648 5648 ιιι,
680 5579 771 5644 22,
796 5581 885 5634 23.

489 5676 601 5744 (92)
632 5676 763 5731 Vide
790 5690 954 5745 supra
994 5683 1122 5745 tom.
1157 5691 1211 5741 tt,
1245 5672 1479 5745 num.5,
1515 5687 1605 5742 pp.
1635 5671 1862 5745 50,__51,
1887 5670 1975 5726 52.

485 5742 597 5811 (95)
637 5747 731 5812 Ὠς
759 5742 871 5816 ἄρα
909 5742 1089 5799 Ἰωάννη
1107 5760 1196 5812 ης,
1228 5756 1334 5800 etc.
1393 5744 1469 5798 Ita
1523 5745 1691 5799 codex
1738 5742 1972 5799 Bodleian

1783 5744 2080 5812 odleianus,
2111 5754 2289 5812 recte;
2322 5742 2445 5800 libri
2483 5743 2634 5813 editi,
2673 5743 2760 5809 Ὠς
2786 5743 2871 5817 ἀρ’
2904 5744 2954 5799 ει
2994 5743 3270 5815 Ἰωάννης.
