3766 6142
117 298 196 355 89
1146 296 1500 354 COMMENT.
1534 296 1603 351 IN
1640 294 1833 354 JOAN.
1868 297 2107 355 TOMUS
2141 297 2228 354 Vl.

3198 300 3305 357 2'0

118 421 515 491 τροφήτης.μηδὲ
541 421 747 486 Ἠλίας.
772 443 789 476 ι
818 419 925 474 Καὶ
968 420 1086 474 δέον
1132 421 1294 474 αὐτὸν
1328 420 1503 485 οὕτως
1545 423 1625 475 ἐκ·

1792 438 1879 475 um
1911 421 2185 494 articulo,]
2222 429 2278 477 et
2328 422 2578 492 prapheta
2613 419 2840 495 [absque
2883 420 3165 493 articulo],
3195 421 3275 473 vel

112 510 299 565 λαϐόντα
340 510 583 574 ἐξετάσαι
628 511 701 565 τὰ
751 511 889 565 κατά
940 513 1066 575 τοὺς
1124 512 1344 576 τόπους,
1401 511 1625 582 πότερον

1785 513 1813 566 Li
1856 514 2018 568 etiam
2078 511 2499 576 Heracleunem,
2547 515 2640 584 qui
2666 513 2814 567 hisce
2859 512 3183 569 dictionibus
3228 515 3279 566 in

112 600 320 672 ἀληθεύει
338 603 506 671 λέγων
528 604 638 676 (94)
665 605 739 676 μὴ
762 600 898 658 εἶναι
923 604 1232 676 προφήτης,
1261 604 1394 675 μηδέ
1432 604 1625 668 Ἠλίας,

1785 607 1900 657 ult:
1940 606 2070 659 «Sic
2094 604 2253 675 igitur
2292 601 2528 659 Joannes
2576 603 2752 659 fassus
2792 614 2875 660 est
2926 619 2986 659 se
3026 603 3304 659 Christum

111 690 224 764 ήοῦ.
264 692 317 747 '0
348 693 402 747 δὲ
435 695 510 768 μὴ
555 696 854 767 ἐπιστήσας
880 698 991 758 τοῖς
1037 696 1243 760 τόποις,
1275 697 1333 748 ἐν
1363 689 1445 757 οἷς
1471 712 1625 749 κατα⁴

1785 708 1844 749 on
1883 708 2004 748 esse
2028 733 2043 758 ,
2084 708 2260 763 neque
2304 694 2624 763 prophetam
2663 710 2838 764 neque
2867 694 3059 749 Eliam.
3106 715 3126 749 ι
3161 695 3311 766 Opus

111 786 309 839 λέλοιπεν
340 786 747 858 ὑπομνήμασιν,
782 786 1151 854 ἀνεξετάστως
1194 784 1533 858 παρελήλυθε
1566 784 1625 838 τὰ

1785 804 1860 841 tm
1897 787 2094 857 alioqui
2135 786 2327 842 fuisset
2371 787 2516 842 hunc
2550 788 2722 842 locum
2752 790 2832 843 sic
2864 788 3306 859 interpretantem

108 877 375 949 τηλικαῦτα,
417 878 622 951 σφόδρα
664 880 839 949 ὀλίγα,
868 880 962 933 καὶ
997 879 1071 951 μὴ
1108 878 1548 949 βεϐασανισμένα
1572 879 1625 933 ἐν

1785 876 2087 941 arserutari,
2123 891 2249 932 vera
2301 891 2471 931 necne
2502 875 2741 933 Joannes
2796 889 2980 933 narret
3025 880 3212 937 dicens
3249 900 3309 938 se

107 970 318 1038 τοῑςέξῆς
340 969 529 1034 εἰπὼν,
558 971 685 1043 περὶ
709 964 784 1025 ὧν
813 971 1014 1035 εὐθέως
1055 969 1309 1042 ἐροῦμεν.

1785 984 1910 1038 eque
1951 970 2291 1039 prophetam,
2327 984 2504 1037 neque
2546 970 2713 1024 Etiam
2758 985 2900 1026 esse.
2935 973 3134 1027 Verum
3184 991 3306 1028 cum

106 1062 196 1118 locs
220 1061 321 1119 haec
354 1078 460 1119 non
490 1063 891 1120 considerasset
925 1064 1017 1120 ille
1044 1066 1097 1119 in
1129 1065 1534 1120 commentariis
1561 1078 1680 1133 quae
1711 1062 1944 1132 reliquit,
1985 1062 2112 1115 talia
2141 1063 2259 1116 sine
2288 1060 2392 1116 ulla
2423 1063 2825 1118 examinatione
2857 1065 3136 1133 praeteriit,
3161 1081 3310 1133 qua»

105 1157 199 1212 dam
224 1159 498 1215 admodum
532 1160 787 1230 paucula,
812 1175 987 1230 eaque
1020 1160 1371 1231 indiligenter
1396 1158 1703 1215 examinata
1732 1158 1784 1211 in
1810 1156 2160 1225 sequentibus
2182 1156 2389 1221 dicens,
2416 1157 2483 1211 de
2507 1159 2701 1225 quibus
2732 1173 2856 1212 mox
2880 1158 3076 1215 dicturi
3100 1175 3307 1216 sumus.

156 1249 198 1306 9.
212 1251 383 1306 Εἶπον
399 1248 514 1309 οὖν
527 1255 707 1321 αὐτῷ·
728 1255 824 1322 Τίς
839 1251 913 1318 εἷ,
944 1255 1045 1310 ἵνα
1073 1256 1400 1324 ἀπόκρισιν
1428 1254 1624 1325 δῶμεν

1796 1253 1958 1323 118
1995 1252 2047 1307 9.
2080 1250 2339 1306 Dixerunt
2364 1268 2488 1322 ergo
2509 1254 2595 1309 ei:
2639 1252 2770 1318 Quis
2802 1271 2879 1318 es,
2902 1266 2958 1329 ut
3003 1272 3304 1326 responsum

102 1345 197 1411 τοῖς
228 1346 528 1416 πέμψασιν
568 1348 757 1419 ἡμᾶς-ξ
807 1350 866 1403 τι
914 1347 1112 1419 λέγεις
1151 1351 1284 1418 περὶ
1332 1350 1625 1412 σεαυτοῦ;

1785 1363 1903 1400 mus
1932 1346 2013 1399 his
2045 1346 2136 1416 qui
2178 1346 2430 1398 miserunt
2476 1348 2606 1401 nos?
2630 1347 2756 1416 quid
2781 1348 2913 1402 dicis
2935 1348 2999 1403 de
3022 1358 3071 1401 te
3091 1349 3202 1419 ipso
3226 1350 3309 1406 "7

100 1436 293 1507 Δυνάμιι
339 1437 496 1492 τοῦτο
548 1439 798 1509 λέγουσιν
852 1442 903 1493 oi
964 1440 1392 1504 ἀποσταλέντεςο
1450 1441 1625 1509 Ὅπερ

1791 1439 1858 1493 ud
1889 1439 2031 1507 quod
2063 1439 2252 1492 dicunt
2283 1437 2335 1490 hi
2376 1438 2469 1506 qui
2520 1439 2666 1493 missi
2703 1441 2952 1507 fuerant,
2983 1443 3088 1498 hoc
3119 1443 3303 1498 valet:

99 1528 396 1592 ὑπονοοῦντες
421 1526 565 1585 εἷναί
596 1548 653 1585 σε
686 1531 1023 1604 ἐληλύθαμεν
1050 1531 1439 1605 μαθησόμενοι,
1470 1531 1625 1597 ἔγνω·

1785 1530 2132 1585 dveneramus
2170 1529 2413 1585 discendi
2440 1530 2612 1599 gratia
2643 1533 2786 1601 quod
2812 1535 3064 1589 rebamur
3089 1545 3141 1591 te
3162 1551 3303 1605 esse,

100 1636 177 1688 μεν
205 1619 294 1674 οὐκ
319 1622 442 1676 ὄντα
462 1640 476 1653 ο
505 1622 751 1678 λείπεται
772 1624 829 1677 δὲ
862 1624 1002 1696 μετά
1022 1624 1189 1679 ταῦτα
1216 1625 1323 1678 άπὸ
1350 1624 1443 1678 σοῦ
1467 1623 1625 1678 ἀκοῦ-

1829 1622 2149 1691 agnovimus
2188 1631 2238 1676 te
2269 1638 2376 1677 non
2417 1638 2541 1679 esse
2588 1624 2790 1690 talem;
2824 1636 2995 1681 restat
3028 1637 3150 1697 post
3196 1632 3309 1685 haec

98 1727 165 1763 σαι
183 1712 251 1778 τὸ,
278 1715 421 1780 ὅστις
445 1712 519 1781 εί,
547 1717 635 1772 ἵνα
663 1720 777 1783 τοῖς
811 1718 1061 1790 πέμψασι
1088 1718 1189 1790 τὴν
1217 1717 1315 1790 σὴν
1338 1718 1625 1793 ἀπόκρισιν

1785 1752 1790 1763 .
1815 1713 1911 1767 abs
1937 1724 1989 1767 te
2019 1713 2307 1768 audiamus
2330 1714 2453 1782 quis
2475 1714 2574 1781 sis,
2608 1726 2667 1769 ut
2696 1718 3070 1776 renuntiemus
3102 1720 3187 1777 his
3211 1721 3317 1792 qui-

96 1805 193 1875 περὶ
217 1805 300 1859 σοῦ
331 1807 548 1878 ἀπαγγε
556 1809 777 1880 ίλωμεν.

147 1898 218 1952 10.
246 1899 376 1968 Ἐγὼ
396 1901 570 1970 φωνὴ
590 1901 860 1969 βοῶντος
884 1902 955 1957 ἐν
982 1900 1057 1971 τῇ
1074 1902 1271 1973 ἐρήμῳ
1286 1919 1299 1931 ·
1324 1902 1630 1957 Εὐθύνατε

93 1988 179 2057 τὴν
213 1990 347 2045 ὀδόν
390 1994 639 2064 Κυρίου,
685 1998 878 2061 καθὼς
912 1991 1083 2049 εἶπεν
1121 1996 1370 2061 Ἡσαΐας
1419 1996 1452 2048 ὀ
1484 2006 1628 2062 προ-

90 2083 260 2150 φήτης.
294 2085 499 2156 ’Ὠσπερ
530 2087 559 2139 6
598 2087 804 2157 κυρίως
838 2087 964 2152 Υἱὸς
991 2086 1086 2141 τοῦ
1129 2086 1286 2151 Θεοῦ,
1314 2087 1412 2157 οὐχ
1444 2086 1630 2157 ἐτερος

89 2172 224 2240 Λόγος
236 2172 339 2245 (95)
354 2174 664 2246 τυγχάνων,
682 2177 878 2248 χρῆται
893 2177 1054 2249 λόγῳ·
1071 2177 1231 2241 αὐτὸς
1247 2178 1356 2250 γάρ
1372 2178 1399 2229 6
1415 2179 1473 2230 ἐν
1487 2178 1627 2248 ἀρχῇ

87 2264 223 2332 Λόγος
242 2262 305 2338 ἦν
336 2269 365 2320 6
392 2269 531 2340 πρὸς
551 2269 644 2323 τὸν
655 2270 787 2325 Θεὸν
803 2272 831 2323 6
856 2271 1026 2338 Λόγος
1041 2270 1190 2332 Θεός·
1210 2267 1383 2331 οὕτως
1397 2270 1426 2321 6
1451 2269 1631 2321 Ἰωάν-

88 2358 219 2426 mai
236 2358 509 2430 ὑπηρέτης
530 2361 744 2415 ἐκείνου
770 2360 865 2415 τοῦ
888 2362 1062 2431 Λόγου
1090 2360 1159 2431 (εί
1186 2360 1388 2429 κυρίως
1408 2359 1629 2414 ἀκούοι-

91 2450 268 2519 μεντῆς
288 2451 553 2523 Γραφῆς),
582 2453 682 2524 οὐχ
704 2453 889 2524 ἕτερος
912 2451 987 2506 ὢν
1008 2452 1213 2523 φωνῆς,
1242 2454 1443 2525 χρῆται
1476 2456 1626 2525 φωνῇ

87 2538 359 2618 δεικνυούσῃ
373 2545 463 2598 τὸν
477 2547 672 2615 Λόγον.
692 2541 858 2611 Οὗτος
870 2545 955 2617 δὴ,
975 2547 1173 2610 συνιεὶς
1185 2545 1285 2616 τὴν
1297 2563 1363 2599 πε
1369 2546 1424 2618 pi.
1436 2544 1628 2598 ἑαυτοῦ

88 2635 377 2707 προφητείαν
413 2640 571 2710 παρὰ
590 2638 669 2710 τῷ
701 2639 900 2710 Ἡσαΐᾳ
937 2638 1250 2710 εἰρημένην,
1300 2638 1463 2708 φησὶν
1491 2633 1629 2690 εἶναι

87 2727 223 2799 φωνὴ,
249 2729 363 2801 οὐχὶ
410 2728 596 2801 βοῶσα
644 2733 701 2787 ἐν
732 2733 798 2802 τῇ
843 2731 1056 2803 ἐρήμῳ,
1091 2728 1227 2783 ἀλλὰ
1265 2748 1283 2781 ι
1314 2728 1545 2800 βοῶντος
1571 2728 1629 2782 ἐν

84 2822 135 2890 τῇ
171 2822 371 2894 ἐρήμῳ·
406 2824 503 2878 τοῦ
537 2824 852 2887 ἐνεστῶτος,
889 2824 983 2879 καὶ
1017 2824 1349 2899 κεκραγότος
1369 2841 1382 2854 ·
1420 2825 1520 2876 Ἀν
1546 2841 1630 2888 τις
1674 2870 1677 2875 .

84 2910 200 2983 διψᾷ,
225 2914 460 2987 ἐρχέσθω
493 2917 637 2988 πρὸς
672 2917 761 2987 μὲ,
791 2917 887 2971 καὶ
931 2916 1165 2970 πινέτωο
1191 2936 1210 2969 ι
1247 2915 1493 2985 λέγοντος
1535 2916 1631 2969 καὶ

1732 1805 1995 1861 miserunt
2019 1820 2469 1876 noslresponsum
2503 1818 2653 1863 tuum
2679 1810 2745 1866 de
2778 1820 2851 1870 te.

1801 1900 1891 1953 10.
1932 1897 2045 1968 Ego
2073 1915 2172 1954 vos:
2210 1900 2490 1955 clamantis
2519 1903 2575 1958 iu
2621 1902 2826 1959 deserto
2859 1921 2879 1960 :
2912 1906 3134 1978 Dirigite
3169 1910 3308 1964 viam

1733 1989 1967 2055 Domini,
1997 1991 2134 2044 sicut
2186 1991 2322 2046 diuit
2352 1992 2527 2048 Isaias
2560 1997 2813 2064 praplieta
2853 1998 2917 2051 ’⁸.
2958 1997 3029 2054 Ut
3082 1999 3171 2054 ille
3216 2001 3317 2069 qui-

1729 2084 1952 2154 pr0prie
1980 2083 2153 2139 Filius
2188 2093 2274 2140 est
2318 2084 2436 2151 Dei,
2489 2101 2595 2142 non
2631 2088 2774 2144 alius
2800 2104 2830 2143 a
2878 2089 3140 2147 Sermone
3180 2109 3305 2149 cum

1731 2174 1825 2242 sit,
1854 2191 2102 2233 sermone
2129 2178 2336 2243 utitur;
2361 2178 2500 2247 (ipse
2529 2179 2673 2234 enim
2716 2180 2770 2233 in
2803 2181 3072 2249 principio
3114 2183 3301 2238 Sermr

1731 2268 1820 2324 ille
1841 2277 1980 2333 erat,
2008 2278 2062 2324 et
2100 2269 2192 2324 ille
2224 2270 2396 2338 Λόγος
2430 2270 2570 2326 Deus
2615 2272 2753 2341 apud
2791 2271 2958 2327 Deum
2991 2292 3005 2328 :
3034 2277 3114 2329 sic
3142 2274 3274 2330 Joan
3296 2307 3309 2319 ς

1731 2373 1845 2424 nes,
1879 2358 2132 2413 minister
2180 2360 2325 2415 illius
2356 2360 2641 2416 Sermonis
2692 2361 2759 2429 (si
2798 2363 3016 2431 proprie
3057 2364 3311 2434 Scriptu-

1731 2463 1846 2502 ram
1885 2448 2293 2520 intelligamus),
2334 2464 2441 2505 non
2467 2450 2605 2505 alius
2645 2466 2770 2504 cum
2816 2452 2888 2507 sit
2922 2468 2952 2507 a
2992 2469 3310 2519 voce,.vore

1728 2539 1904 2593 utitur
1926 2541 2246 2595 ostendente
2282 2541 2621 2596 Sermonem.
2655 2542 2758 2608 Qui
2785 2544 2951 2598 etiam
2992 2561 3114 2601 cum
3148 2548 3309 2603 intel-

1729 2630 1951 2687 lexisset
1969 2632 2310 2703 prophetiam
2340 2634 2407 2688 de
2434 2648 2493 2688 se
2511 2634 2652 2704 apud
2684 2633 2876 2690 Isaiam
2901 2638 3098 2692 dictam
3123 2638 3306 2707 fuisse,

1730 2736 1918 2777 vocem
1948 2738 2008 2780 se
2034 2738 2154 2780 esse
2178 2724 2356 2794 inquit
2384 2742 2397 2777 :
2428 2740 2530 2779 nec
2558 2740 2746 2780 vocem
2772 2726 3096 2784 clamantem
3130 2732 3182 2783 in
3215 2733 3321 2787 de»

1730 2825 1903 2884 serto,
1933 2817 2027 2873 sed
2056 2832 2245 2873 vocem
2280 2835 2300 2868 ι
2344 2806 2632 2873 clamantis
2675 2820 2727 2874 in
2774 2821 3023 2889 deserto;
3066 2841 3086 2875 ι
3115 2840 3310 2894 nempe

1730 2905 1875 2961 illius
1930 2908 2021 2977 qui
2060 2925 2081 2959 ι
2115 2908 2314 2975 stabat,
2347 2918 2401 2962 et
2443 2908 2712 2966 clamabat
2743 2925 2756 2965 :
2800 2911 2857 2967 Si
2890 2914 3012 2981 quis
3058 2915 3191 2979 sitit,
3218 2932 3315 2972 ve-

83 2998 153 3050 ·ιό·
179 3018 195 3050 ι
219 3001 482 3057 Εὐθύνατε
511 3006 617 3076 τὴν
648 3005 763 3059 ὁδὸν
800 3004 1026 3077 Κυρίου,
1050 3004 1263 3069 εὐθείας
1299 3008 1500 3059 ποιεῖτε
1531 3004 1625 3070 τὰς

1785 3004 1850 3054 iat
1873 3000 1939 3054 ad
1964 3015 2071 3066 me,
2098 3010 2152 3055 et
2175 2998 2328 3054 bibat
2354 3000 2433 3065 ‘9;
2474 3020 2492 3054 ι
2538 3002 2763 3057 dicendo
2801 3012 2856 3058 et
2899 3005 3071 3060 illud:
3110 3026 3128 3059 ι
3168 3007 3312 3063 Diri-

81 3092 260 3162 τρίὸους
303 3098 706 3153 αὐτοῦ.›11ἄσα
764 3098 979 3170 φάραγξ
1026 3098 1479 3171 πληρωθήσεται,
1532 3098 1627 3153 καὶ

82 3188 168 3239 πᾶν
207 3188 322 3260 ὅρος
377 3192 471 3244 καὶ
528 3190 718 3262 βουνὸς
774 3190 1271 3263 ταπεινωθήσεται,
1327 3192 1422 3246 καὶ
1472 3191 1626 3246 ἔσται

83 3278 226 3332 πάντα
264 3281 329 3335 τά
374 3282 571 3336 σκολιὰ
608 3301 627 3331 ι
681 3285 761 3346 είς
800 3281 1033 3337 εὐθεῖαν.
1090 3301 1108 3334 ι
1150 3284 1358 3355 Ὥσπερ
1414 3283 1522 3353 γάρ
1567 3284 1626 3336 ἐν

81 3373 133 3441 τῇ
168 3372 346 3445 Ἐξόδῳ
395 3376 714 3447 γέγραπται
775 3375 912 3448 πρὸς
964 3374 1168 3430 Μωσὲα
1220 3374 1472 3444 λέγεσθαι
1522 3375 1627 3429 ὑπὸ

81 3460 208 3528 Θεοῦ,
250 3483 268 3517 ι
306 3467 436 3520 Ἰδοὺ
468 3467 684 3521 δέδωκά
723 3485 781 3521 σε
811 3466 944 3521 Θεὸν
971 3465 1189 3537 Φαραὼ,
1223 3468 1319 3520 καὶ¹
1356 3466 1565 3539 Ἀαρὼν
1597 3466 1626 3519 6

80 3553 271 3625 ἀδελφός
306 3576 398 3612 σου
444 3559 606 3613 ἔσται
656 3576 751 3613 σου
802 3561 1107 3632 προφήτης,
1157 3578 1176 3611 ι
1225 3559 1367 3613 οὕτω
1407 3561 1627 3631 νοητέον

82 3647 302 3717 ἀνάλογόν
356 3669 409 3705 τι
442 3652 683 3716 τούτοις,
716 3653 766 3705 εἰ
797 3653 891 3705 καὶ
919 3653 993 3723 μὴ
1027 3652 1202 3723 πάντη
1231 3653 1440 3723 ὅμοιον,
1488 3649 1626 3707 εἶναι

78 3741 149 3794 τὸν
180 3744 234 3795 ἐν
275 3745 415 3816 ἀρχῇ
448 3744 630 3814 Λόγον
670 3743 802 3797 Θεὸν
843 3744 938 3797 καὶ
985 3745 1267 3815 Ἰωάννηνο
1321 3745 1473 3816 φωνὴ
1517 3744 1626 3814 γὰρ

79 3832 423 3910 δεικτικὴ’(96)
472 3836 576 3892 καὶ
620 3836 999 3907 παραστατικὴ
1043 3838 1249 3891 ἐκείνου
1288 3833 1383 3889 τοῦ
1415 3834 1572 3903 λόγου
1599 3837 1627 3888 6

87 3924 302 4000 Ἰωάννης
345 3925 434 3999 ἦν.
487 3929 695 4000 Διόπερ
744 3929 885 3983 πάνυ
938 3928 1287 4001 ἁρμοζόντως
1342 3927 1441 3980 οὐκ
1490 3926 1627 4001 ἄλλῃ

80 4019 259 4074 κολάσει
305 4020 694 4095 περιϐάλλεται
756 4021 1034 4094 Ζαχαρίας
1092 4019 1283 4094 (εἰπὼν
1342 4019 1479 4091 πρὸς
1535 4020 1627 4073 τὸν

80 4111 301 4180 ἄγγελον·
348 4135 365 4166 ι
390 4114 555 4169 Κατὰ
593 4115 645 4169 τί
692 4113 971 4185 γνώσομαι
1002 4112 1193 4177 τοῦτο;
1238 4110 1349 4179 ἐγὼ
1377 4111 1485 4182 γάρ
1512 4113 1625 4181 εἰμι

83 4204 372 4279 πρεσϐύτης,
419 4208 522 4261 καὶ
568 4208 602 4278 ή
647 4207 785 4277 γυνή
833 4223 935 4277 μου
988 4203 1362 4276 προϐεϐηκυῖα
1412 4204 1469 4255 ἐν
1507 4204 1628 4265 ταῖς

77 4296 278 4368 ἡμέραις
299 4300 505 4371 αὐτῆςο
534 4297 581 4370 ι)
615 4298 648 4370 ή
689 4300 754 4369 τῇ
786 4299 1039 4370 στερήσει
1067 4296 1165 4368 τῆς
1196 4295 1379 4366 φωνῆς
1406 4294 1493 4348 διὰ
1529 4294 1627 4367 τὴν

78 4382 299 4441 ἀπιστίαν
334 4388 435 4459 τῆς
484 4388 755 4456 γενέσεως
803 4388 902 4458 τῆς
951 4386 1155 4456 φωνῆς,
1205 4383 1349 4437 κατά
1385 4383 1446 4436 τὸ
1474 4385 1626 4455 εἰρη-

80 4477 214 4546 μένον
236 4479 335 4533 ὑπὸ
369 4478 463 4533 τοῦ
511 4479 550 4531 Γ
552 4478 749 4550 αϐριὴλ
769 4478 906 4550 7:96;
932 4476 1122 4531 αὐτόν’
1166 4495 1185 4529 ι
1209 4477 1338 4530 Ἰδοὺ
1372 4476 1468 4548 ἔσῃ
1501 4493 1628 4529 σιω-

82 4567 198 4634 πῶν,
236 4572 325 4626 καὶ
369 4572 445 4643 μὴ
495 4572 789 4641 δυνάμενος
832 4569 1080 4639 λαλῆσαι,
1122 4568 1251 4641 ἄχρι
1298 4566 1367 4641 ἧς
1412 4570 1626 4642 ἡμέρας

78 4659 272 4732 γίνηται
302 4664 502 4727 ταῦτα,
549 4662 666 4717 ἀνθ’
706 4656 781 4715 ὧν
810 4662 912 4715 ούκ
933 4660 1258 4725 ἐπίστευσας
1303 4664 1414 4725 τοῖς
1447 4661 1625 4730 λόγοις

83 4767 185 4819 μου,
221 4754 410 4819 οἵτινες
443 4755 851 4827 πλησθήσονται
878 4756 960 4818 εἰς
996 4754 1086 4808 τὸν
1126 4754 1316 4827 καιρὸν
1357 4754 1556 4810 αὐτῶν.
1599 4774 1618 4808 ι

83 4834 225 4909 Οὗτος
243 4845 305 4917 δὴ
328 4848 358 4899 6
386 4846 684 4917 Ζαχαρίας,
712 4846 801 4899 ὅτε
831 4846 1061 4917 αἰτήσας
1093 4844 1392 4900 πινακίδιον
1419 4844 1625 4919 ἔγραψε

82 4930 246 5001 λέγων,
285 4956 304 4989 ι
346 4938 603 5009 Ἰωάννης
639 4938 784 4993 ἐστὶν
817 4937 988 5009 ὄνομα
1028 4937 1214 5004 αὑτοῦ,
1261 4937 1356 4991 καὶ
1387 4937 1628 5009 ἐθαύμα-

84 5041 167 5080 σαν
204 5031 417 5097 πάντες,
442 5050 461 5083 ι
514 5030 782 5102 ἀπείληφε
837 5029 936 5103 τὴν
990 5031 1200 5102 φωνήν·
1260 5048 1278 5081 ⁸
1311 5029 1572 5102 Ἀνεῴχθη
1603 5049 1623 5082 ³

83 5117 173 5190 γὰρ
210 5140 228 5173 ι
252 5122 312 5175 τὸ
358 5123 536 5194 στόμα
581 5121 746 5177 αὑτοῦ
793 5123 1166 5194 παραχρῆμα,
1214 5121 1363 5193 καλή
1408 5121 1627 5191 γλῶσσα

84 5212 244 5278 αὑτοῦ,
273 5216 368 5269 καὶ
393 5214 574 5270 ἐλάλει
597 5214 834 5284 εὐλογῶν
860 5215 951 5269 τὸν
976 5214 1130 5269 Θεόν.
1157 5232 1177 5265 ι
1199 5214 1408 5286 Ὥσπερ
1443 5211 1498 5265 δὲ
1536 5212 1631 5265 καὶ

149 5360 183 5390 ¹⁷
209 5359 363 5417 Joan.
394 5378 435 5429 ι,
463 5361 553 5416 22.
662 5360 705 5393 ¹⁸
728 5358 859 5417 ibid.
889 5359 982 5413 25.
1058 5358 1124 5429 κί’
1155 5355 1310 5429 Joan.
1337 5372 1434 5422 vn,
1476 5355 1568 5412 35.

84 5423 126 5457 ’³
148 5431 265 5487 ibid.
288 5432 377 5486 eo.
421 5423 432 5429 '
472 5434 520 5465 ιδ
553 5431 685 5487 ibid.
729 5430 820 5486 65.
914 5428 1093 5484 "ibid.
1123 5427 1213 5483 64.

143 5572 246 5643 (96)
280 5573 837 5643 Ἀληθεύει’λέτ·ων.
896 5570 986 5643 Sic
1036 5570 1208 5643 codex
1250 5566 1623 5643 Bodleianus;

82 5644 209 5696 male
230 5639 355 5696 'Iihri
389 5639 536 5706 editi.
565 5639 818 5713 ἀληθεύει
843 5643 877 5713 ἦ
909 5639 1448 5713 λέγωνκῐδοιηοᾳροει
1480 5646 1626 5713 recte

82 5714 233 5765 etiam
255 5715 417 5768 codex
451 5707 771 5768 Bodleianns
810 5707 1045 5777 hahet'ﬁ
1085 5708 1167 5762 οὔ.
1212 5709 1269 5761 '0
1298 5708 1355 5760 δὲ
1402 5707 1625 5777 ἐπιστή-

86 5797 198 5847 σας.
232 5784 318 5837 ubi
353 5785 471 5838 libri
497 5785 623 5841 editi
651 5784 830 5840 ferunt
854 5782 890 5848 ἢ
926 5778 1063 5835 οὐδέ.
1118 5778 1465 5848 Ἐπιστήσας.

1674 5353 1719 5386 ³⁸
1753 5351 1885 5409 Luc.
1927 5363 2010 5415 ut,
2048 5347 2116 5416 4,’
2140 5347 2195 5403 5.

1728 3092 1842 3162 gite
1872 3091 2018 3147 viain
2044 3091 2279 3158 Domini,
2306 3102 2482 3149 rectas
2513 3093 2675 3149 facile
2696 3098 2920 3153 semitas
2953 3098 3086 3167 ejus.
3121 3099 3308 3158 Omnis

1728 3183 1883 3238 vallis
1933 3182 2260 3253 impleliitur,
2286 3193 2339 3250 et
2381 3184 2562 3239 omnis
2596 3200 2751 3242 mons
2793 3197 2848 3243 et
2872 3190 3024 3246 collis
3049 3192 3317 3249 reddetur.

1730 3274 1972 3341 humilis,
1999 3286 2050 3329 et
2077 3284 2239 3330 erunt
2267 3275 2449 3330 omnia
2472 3277 2692 3346 obliqua
2727 3278 2779 3333 in
2807 3279 2948 3334 viam
2982 3284 3301 3337 rectam“.t
3351 3316 3355 3321 ι

1731 3366 1802 3424 Ut
1823 3368 1968 3423 enim
2002 3367 2260 3436 scriptum
2291 3376 2375 3424 est
2415 3368 2467 3423 in
2506 3368 2694 3425 Exodo
2724 3370 2857 3427 Mosi
2888 3388 2915 3426 a
2955 3371 3062 3427 Deo
3086 3373 3187 3430 dici
3234 3376 3307 3442 ⁸³,

1735 3478 1753 3511 ι
1786 3458 1927 3514 Ecce
1967 3458 2090 3514 dcdi
2148 3468 2201 3515 te
2248 3458 2418 3512 Deum
2473 3457 2785 3526 Pharaoni,
2816 3469 2874 3515 et
2905 3464 3088 3516 Aaron
3137 3463 3317 3519 frater.

1732 3560 1855 3607 tuus
1886 3552 1992 3608 erit
2036 3562 2158 3606 tuus
2186 3552 2476 3621 propheta,
2508 3569 2529 3605 ι
2575 3551 2655 3606 sic
2698 3552 3107 3623 intelligendum
3144 3566 3227 3610 est
3250 3557 3308 3611 in

1728 3645 1817 3702 his
1843 3646 2109 3701 rationem
2151 3644 2439 3716 quamdam
2485 3654 2540 3700 et
2584 3646 2887 3718 analogiam
2920 3662 3042 3704 esse
3081 3647 3307 3706 Joannis

1729 3739 1796 3793 ad
1834 3736 2153 3794 Sermonem
2194 3737 2385 3802 Deum,
2430 3738 2522 3808 qui
2556 3748 2640 3793 cst
2674 3739 2726 3794 in
2772 3739 3058 3811 principio,
3093 3742 3305 3797 etiamsi

1728 3831 2085 3901 undequaque
2123 3831 2422 3886 similitudo
2462 3844 2573 3886 non
2601 3831 2850 3901 quadret.
2889 3832 3004 3888 Vox
3034 3835 3176 3889 enim
3208 3837 3306 3891 de-

1730 3933 2041 3978 monstrans
2088 3931 2144 3978 et
2177 3924 2246 3978 oh
2285 3922 2473 3979 oculos
2514 3937 2727 3993 ponens
2767 3924 3087 3982 Sermonem
3129 3927 3303 3996 illum,

1727 4011 1969 4069 Joannes
2017 4023 2158 4069 erat.
2201 4014 2564 4082 Quamobrem
2598 4016 2751 4072 valde
2773 4027 2894 4087 apte
2926 4035 3032 4075 non
3062 4020 3165 4075 alia
3203 4036 3306 4091 pu-

1731 4106 1937 4161 nitione
1959 4106 2218 4177 plectitur
2246 4106 2540 4164 Zacharias
2574 4109 2720 4179 (cum
2746 4110 2973 4166 dixisset
3000 4100 3194 4181 angelo
3217 4117 3263 4148 “
3287 4134 3305 4173 :

1734 4217 1753 4251 ι
1800 4200 1902 4267 Qui
1935 4214 2258 4271 cognoscam
2297 4201 2531 4259 isthuc?
2566 4218 2667 4275 ego
2712 4205 2857 4261 enim
2886 4220 3006 4260 sum
3032 4221 3219 4269 senex.
3247 4218 3304 4264 et

1730 4306 1869 4346 uxor
1898 4306 2014 4347 mea
2048 4301 2318 4361 provecta:
2343 4292 2456 4363 jam
2488 4295 2662 4350 aetatis
2698 4300 2765 4365 ι),
2804 4312 2965 4366 quam
2998 4298 3304 4366 privatione

1730 4385 1915 4451 vocis,
1950 4399 2017 4439 eo
2044 4386 2186 4455 quod
2219 4401 2324 4441 non
2358 4387 2679 4443 credidisset
2708 4388 2849 4443 ortui
2877 4389 3022 4444 vocis
3043 4391 3196 4461 juxta
3222 4392 3304 4445 di-

1731 4483 1877 4529 ctum
1899 4472 2165 4529 Gabrielis
2198 4476 2263 4529 ad
2294 4474 2469 4546 ipsum
2490 4472 2566 4528 "z
2596 4492 2615 4526 ι
2657 4474 2795 4530 Ecce
2825 4476 2939 4531 cris
2970 4478 3184 4542 tacitus,
3204 4490 3305 4534 nec

1732 4566 1938 4638 poteris
1970 4565 2117 4636 loqui
2148 4567 2214 4620 ad
2248 4581 2373 4621 eum
2414 4583 2586 4636 usque
2616 4568 2758 4623 diem
2787 4583 2890 4637 qua
2917 4567 3033 4623 haec
3067 4569 3315 4633 llant,eo,

1733 4660 1877 4730 quod
1911 4673 2019 4714 non
2054 4659 2335 4715 credidisti
2376 4660 2559 4715 verbis
2596 4660 2756 4725 meis,
2784 4675 2903 4728 qua:
2943 4660 3307 4739 implebantur

1734 4761 1974 4822 tempore
2008 4766 2125 4808 suo.
2166 4772 2186 4806 ι
2217 4751 2316 4809 Hic
2347 4754 2533 4823 itaque
2559 4752 2852 4807 Zacharias
2885 4768 3009 4807 cum
3039 4754 3306 4824 postula'a

1734 4841 1990 4898 tabellula
2029 4841 2335 4912 scripsisset
2373 4843 2582 4909 dicens,
2642 4857 2662 4892 ι
2708 4838 2947 4895 Joannes
2991 4850 3076 4896 est
3106 4857 3303 4898 nomen

1736 4933 1874 5004 eius,
1904 4942 1959 4989 et
2003 4933 2182 4988 mirati
2218 4932 2448 4989 fuissent
2483 4947 2674 4988 omnes
2695 4933 2761 4998 “,
2799 4951 2818 4985 ι
2850 4933 3256 5002 recepitvocem
3286 4951 3301 4989 :

1742 5046 1761 5079 ι
1792 5028 2061 5097 Apertum
2093 5034 2178 5079 est
2211 5025 2353 5079 enim
2386 5024 2533 5080 illico
2556 5040 2618 5080 os
2642 5026 2778 5094 ejus,
2804 5034 2856 5079 et
2876 5026 3056 5097 lingua
3084 5028 3218 5097 ejus,
3251 5037 3305 5083 et

1732 5118 2054 5188 loquebatur
2081 5115 2408 5172 benedicens
2433 5117 2597 5172 Deum
2631 5118 2699 5170 ⁸³.
2743 5136 2762 5171 ι
2807 5117 2873 5174 Ut
2906 5130 3086 5175 autem
3120 5121 3305 5190 dispu-

1737 5220 1917 5267 tantes
1959 5222 2193 5279 quonam
2228 5216 2387 5278 pacto
2433 5209 2840 5280 intelligendum
2885 5220 3047 5276 esset,
3080 5210 3301 5267 Sermo-

2299 5348 2342 5380 “
2371 5346 2539 5402 Exod.
2569 5362 2665 5413 vn,
2695 5349 2745 5403 1.
2855 5348 2899 5380 ³¹
2941 5347 3075 5403 Luc.
3127 5361 3167 5412 ι,
3212 5347 3300 5401 18.

1807 5561 1920 5634 (95)
1945 5561 2173 5634 Λόγοςη
2191 5559 2472 5634 Ferrarius
2504 5557 2712 5634 legebat
2736 5558 2928 5634 λόγουἔ
2950 5553 3301 5634 quemadmo-

1731 5625 2352 5708 dttirr_recte'legiturjn
2389 5625 2856 5708 margine-codicis
2891 5625 3190 5708 BOd'l‘iﬁllli.
3255 5695 3267 5708 O

1801 5693 2228 5769 (ιιϐμεικτώιή.
2281 5700 2371 5757 Sic
2423 5693 2588 5756 codex
2640 5698 2998 5762 Bodleiauus;
3048 5693 3302 5750 Barheri-

1729 5790 1833 5829 nus
1854 5772 2154 5839 διδακτική.
