3766 6142
374 302 473 357 231

1835 300 2157 359 ORIGENIS

3515 305 3637 362 $2

364 430 487 472 nem
523 427 647 469 esse
678 412 774 470 Dei
820 412 1042 478 Filium,
1073 411 1471 470 declaravimus
1517 429 1640 486 qua:
1690 410 1744 472 in
1791 433 1913 473 men

2075 417 2500 489 ιαλαμδᾶνοντες
2535 418 2665 490 περὶ
2703 414 2799 471 τοῦ
2828 417 2949 471 τινα
2974 417 3173 491 τρόπον
3199 418 3422 489 νοητέον
3450 417 3639 485 Λόγον

363 514 474 560 tem
551 517 862 573 venerunt,
913 511 994 563 sic
1050 508 1210 578 juxta
1270 509 1685 564 convenientem
1754 525 1937 566 conse-

362 609 646 670 quentiam
678 601 935 669 quoniam
971 618 992 653 ι
1042 600 1281 657 Joannes
1330 601 1481 656 venit
1524 602 1592 657 ad
1647 603 1938 658 testifican-

360 692 489 747 dum
546 692 712 748 homo
762 695 963 749 missus
1013 708 1044 747 a
1098 695 1243 761 Deo,
1305 704 1368 748 ut
1430 693 1812 751 testificaretur
1868 696 1937 751 de

358 783 665 856 ιυοειιθ,
698 796 756 840 ut
781 802 970 842 omnes
998 788 1283 843 crederent
1304 803 1398 857 per
1424 787 1685 858 ipsum“,
1718 808 1738 842 ι
1766 789 1930 846 intel-

358 877 529 948 ligere
570 880 829 934 debemus
866 875 1130 935 Joannem
1190 892 1377 938 Vocem
1428 898 1585 948 esse,
1647 899 1770 952 quae
1818 885 1932 940 sola

357 984 553 1039 capere
583 970 761 1025 valeat
785 971 1105 1027 Sermonem
1127 974 1503 1029 annuntiatum
1530 976 1935 1046 :potissimum-

355 1077 463 1133 que
495 1065 596 1119 hoc
624 1063 1009 1135 intelligemus,
1066 1067 1114 1121 si
1155 1069 1417 1122 memoria
1456 1079 1766 1139 repetemus
1812 1086 1933 1140 quae

356 1163 485 1209 ante
524 1158 908 1226 proposuimus
946 1168 1270 1213 enarrantes
1300 1174 1363 1214 ea
1393 1162 1579 1225 verba,
1635 1178 1655 1206 ο
1713 1160 1785 1217 Ut
1817 1179 1934 1215 oms

355 1262 457 1302 nes
484 1249 774 1305 crederent
807 1265 904 1319 per
934 1251 1112 1320 ipsum
1141 1251 1211 1316 ⁸⁷,
1244 1270 1263 1304 ι
1293 1251 1347 1306 in
1372 1267 1438 1308 eo
1470 1254 1590 1308 loco
1622 1271 1636 1307 :
1666 1273 1686 1306 ι
1717 1254 1819 1308 Hic
1849 1264 1932 1309 est

355 1340 423 1395 de
471 1356 581 1411 quo
638 1342 903 1412 scriptum
956 1352 1042 1397 est
1074 1360 1088 1396 :
1118 1343 1260 1399 Ecce
1309 1358 1410 1415 ego
1459 1346 1618 1401 mitto
1675 1347 1928 1417 angelum

353 1447 531 1487 meum
567 1443 693 1488 ante
716 1434 910 1489 facient
950 1445 1121 1500 tuam,
1147 1435 1239 1502 qui
1268 1436 1591 1506 pra-parabit
1614 1436 1755 1491 viam
1781 1447 1928 1492 tuam

353 1534 480 1581 ante
501 1535 555 1580 te
581 1526 648 1581 ".
678 1546 699 1579 ι
734 1526 866 1580 Illud
898 1528 1062 1581 etiam
1095 1529 1351 1597 egregie,
1395 1532 1539 1598 quod
1576 1546 1683 1585 non
1734 1531 1834 1594 ait,
1868 1545 1929 1585 se

351 1630 534 1671 vocem
568 1618 800 1674 dicentis
832 1620 882 1672 in
920 1620 1137 1675 deserto
1160 1660 1176 1683 ,
1223 1621 1317 1673 sed
1357 1637 1375 1671 ι
1404 1621 1694 1677 clamantis
1737 1623 1788 1677 in
1833 1624 1930 1678 de-

349 1722 568 1776 sertop
600 1711 803 1765 etenim
855 1712 946 1779 qui
998 1711 1228 1777 clamat,
1270 1731 1291 1765 ι
1336 1714 1563 1785 Dirigite
1614 1715 1758 1768 viam
1810 1715 1922 1770 Do-

349 1801 501 1864 mini,
530 1820 551 1853 ι
597 1802 763 1859 etiam
791 1801 963 1870 dicit;
999 1803 1093 1858 sed
1121 1806 1389 1872 contingit
1435 1814 1494 1858 ut
1524 1805 1792 1876 quispiam
1818 1820 1922 1859 non

347 1892 613 1961 clamans,
663 1895 768 1950 hoc
820 1895 997 1965 ipsum
1046 1895 1210 1950 etiam
1259 1898 1425 1952 dicat.
1464 1896 1674 1952 Clamat
1707 1912 1840 1951 vero
1870 1906 1926 1952 et

348 1985 701 2051 vociferatur.
734 1997 793 2042 ut
826 1998 881 2041 et
907 1988 998 2057 qui
1038 1988 1372 2057 suntprocul
1393 2005 1423 2043 a
1445 1990 1658 2043 dicente
1680 1988 1920 2057 audiant,

346 2084 404 2133 et
432 2078 524 2146 qui
559 2079 627 2132 ad
655 2078 983 2133 audiendum
1015 2089 1143 2133 sunt
1177 2079 1339 2146 tardi,
1373 2095 1556 2134 rerum
1586 2095 1706 2149 qua:
1735 2081 1925 2135 dicun—

347 2176 436 2224 tur
495 2171 925 2239 magnitudinem
988 2170 1292 2240 intelligant
1328 2187 1343 2226 ι
1377 2185 1509 2226 voce
1576 2172 1921 2242 pronuntiata

346 2276 468 2317 cum
508 2262 878 2330 magnitudine
912 2276 1070 2331 opem
1119 2261 1302 2317 ferens
1360 2272 1472 2317 tum
1503 2263 1589 2318 bis
1618 2264 1767 2332 quia
1815 2263 1924 2319 Deo

346 2354 700 2420 recesserint,
740 2363 853 2409 tum
890 2354 978 2410 his
1011 2355 1105 2425 qui
1155 2356 1374 2409 auditus
1409 2355 1706 2411 acuitatem
1744 2357 1926 2427 perdi-

344 2447 545 2504 derint.
597 2446 750 2503 Hanc
810 2448 883 2503 ob
938 2463 1158 2503 causam
1205 2449 1350 2502 enim
1413 2448 1688 2503 «stabat:
1756 2449 1922 2503 etiam

347 2560 368 2595 ι
398 2539 575 2607 Jesus,
623 2551 678 2596 et
717 2540 991 2596 clamabat
1020 2540 1208 2596 dicens
1239 2558 1253 2594 :
1284 2540 1341 2596 Si
1372 2542 1497 2612 quis
1550 2543 1686 2606 sitit,
1737 2543 1924 2597 veniat

266 2654 275 2659 ·
343 2634 414 2690 ad
447 2648 554 2696 me.
589 2642 649 2689 et
684 2634 837 2690 bibat
872 2635 941 2688 ι’.
966 2653 986 2686 ι
1019 2633 1170 2689 Hauc
1192 2635 1264 2690 ob
1291 2650 1514 2690 causam
1568 2651 1590 2688 ι
1618 2634 1860 2692 Joannes
1894 2655 1917 2689 ι

342 2725 509 2782 etiam
570 2743 591 2779 ι
624 2726 951 2782 testificatur
997 2729 1064 2782 de
1094 2742 1182 2792 eo,
1228 2736 1284 2784 et
1337 2728 1536 2782 clamat
1574 2729 1762 2785 dicens
1792 2727 1860 2782 ³⁵.
1893 2745 1915 2781 ι

343 2818 496 2874 Hanc
529 2819 601 2875 ob
631 2835 853 2874 causam
874 2818 1028 2887 jubet
1056 2819 1250 2875 Isaiam
1280 2820 1419 2875 Deus
1441 2820 1680 2875 clamare
1708 2821 1761 2876 in
1791 2836 1922 2877 voce

346 2927 366 2962 ι
389 2910 620 2965 dicentis
649 2928 663 2964 :
690 2909 912 2976 Clama;
948 2928 968 2962 ι
1021 2910 1107 2965 cui
1166 2912 1458 2980 respondet
1494 2908 1696 2966 Isaias:
1730 2928 1752 2964 ι
1781 2911 1921 2978 Quid

341 3002 593 3057 clamabo
618 3000 704 3054 “?
730 3019 750 3054 ›
787 3001 858 3055 At
897 3018 995 3056 vox
1024 3003 1403 3073 precantium,
1444 3017 1566 3073 qua:
1610 3003 1918 3077 intelligen-

2038 506 2179 566 εἶναι
2210 512 2301 565 τὸν
2337 510 2466 565 Υίὸν
2492 509 2586 564 τοῦ
2632 510 2789 577 Θεοῦ,
2813 510 2884 564 τὰ
2919 509 3299 581 παριστάμενα
3344 507 3633 581 ἐδηλώσα-

2040 621 2163 675 μεν,
2196 603 2369 669 οὕτως
2405 603 2546 658 κατὰ
2591 602 2690 675 τὴν
2728 602 3072 674 ἁρμόζουσαν
3112 602 3454 666 ἀκολουθίαν,
3499 601 3640 654 ἐπεὶ

2042 715 2063 748 ι
2099 698 2129 750 6
2179 698 2428 768 Ἰωάννης
2474 692 2638 768 ἦλθεν
2685 697 2767 760 είς
2823 695 3129 767 μαρτυρίαν
3180 693 3468 766 ἄνθρωπος
3519 693 3642 746 dr—

2035 791 2365 861 εσταλμένος
2415 788 2567 862 παρά
2611 788 2746 842 Θεοῦ
2811 789 2898 844 ἴνα
2958 790 3280 860 μαρτυρήσῃ
3337 787 3469 857 περὶ
3526 784 3635 839 τοῦ

2036 883 2233 954 φωτὸς,
2268 883 2355 936 ἵνα
2389 883 2591 946 πάντες
2633 880 2963 935 πιστεύσωσι
2993 880 3061 935 δι’
3090 879 3279 944 αὐτοῦ,
3321 899 3342 933 ι
3394 879 3633 950 νοητὲον

2036 974 2219 1046 φωνὴν
2266 969 2405 1027 εἶναι
2453 970 2624 1045 μόνην
2659 973 2906 1044 χωρῆσαι
2936 973 3057 1029 κατ’
3094 971 3253 1037 ἀξίαν
3297 972 3389 1026 τὸν
3433 973 3634 1041 ἀπαγ-

2034 1067 2356 1138 γελλόμενον
2385 1065 2556 1134 Λόγον
2584 1066 2890 1137 δυναμένην
2918 1066 3010 1119 τὺν
3058 1066 3313 1138 Ἰωάννην
3331 1080 3346 1097 ο
3383 1065 3483 1119 καὶ
3515 1065 3637 1136 μάο

2033 1161 2189 1215 λιστα
2221 1160 2379 1214 τοῦτο
2406 1160 2732 1231 συνήσομεν,
2774 1159 2868 1213 ἐὰν
2899 1159 3337 1231 ὐπομνησθῶμεν
3369 1152 3448 1214 ὧν
3479 1175 3637 1230 προ-

2034 1253 2405 1328 παρεθὲμεθα,
2442 1244 2787 1327 διηγούμενοι
2810 1253 2892 1317 τὸ,
2951 1265 2970 1304 ι
3007 1252 3124 1307 Ἵνα
3157 1253 3361 1318 πάντες
3388 1252 3638 1307 πιστεύ-

2034 1363 2170 1401 σωσι
2208 1346 2275 1399 δι’
2311 1346 2501 1412 αὐτοῦ,
2555 1364 2574 1398 ι
2619 1343 2897 1417 περὶτοῦ·
2954 1363 2973 1396 ι
3023 1337 3192 1409 Οὗτός
3229 1346 3345 1398 ἑστι
3392 1343 3532 1417 περὶ
3569 1338 3638 1398 οὗ

2030 1440 2371 1511 γέγραπται·
2433 1438 2565 1492 Ἰδού
2598 1436 2710 1507 ἐγὼ
2753 1436 3069 1491 ἀποστέλλω
3104 1436 3194 1490 τὸν
3233 1436 3468 1506 ἄγγελόν
3520 1453 3638 1507 μου

2031 1533 2139 1606 πρὸ
2182 1533 2475 1605 προσώπου
2524 1549 2641 1597 σου,
2673 1531 2732 1596 ὃς
2765 1530 3168 1586 κατασκευάσει
3209 1530 3304 1590 τὴν
3350 1530 3473 1584 ὀδόν
3528 1546 3635 1582 σου

2030 1620 2337 1694 ἔμπροσθέν
2364 1638 2478 1675 σου.
2511 1640 2532 1673 ι
2568 1621 2762 1686 Καλῶς
2796 1622 2908 1692 (97)
2938 1622 2994 1676 δὲ
3027 1622 3120 1675 καὶ
3151 1620 3210 1675 τὸ
3247 1623 3321 1693 μὴ
3350 1617 3492 1675 εἶναι
3528 1622 3638 1676 αὐ-

2028 1714 2120 1768 τὸν
2152 1714 2252 1786 τὴν
2281 1712 2462 1786 φωνὴν
2490 1714 2738 1783 λέγοντος
2770 1716 2829 1769 ἐν
2857 1718 2923 1786 τῇ
2951 1716 3163 1787 ἐρήμῳ,
3204 1714 3340 1769 ἀλλὰ
3387 1733 3407 1767 ι
3449 1713 3638 1786 βοῶν-

1956 1770 1999 1830 B
2026 1824 2118 1871 τος
2146 1770 2305 1878 ἐν’τῇ
2330 1770 2575 1879 ἐρήμην,
2599 1827 2618 1860 ι
2650 1810 2679 1862 ό
2710 1770 2809 1879 μὲν
3146 1770 3241 1875 τὸ,
3278 1827 3297 1858 ι
3333 1770 3633 1861 Εὐθύνατε

2010 1899 2124 1972 ,τὴν
2164 1899 2282 1953 ὁδὸν
2317 1899 2546 1971 Κυρίου,
2599 1920 2618 1952 ›
2662 1901 2757 1954 καὶ
2788 1899 2964 1968 λέγει·
3000 1898 3272 1970 ἐνδέχεται
3299 1899 3357 1953 δὲ
3387 1898 3451 1952 τὸ
3478 1896 3634 1952 αὐτὸ

2024 1989 2183 2045 τοῦτο
2211 1991 2274 2045 τὸ
2300 1990 2481 2061 λέγειν
2521 1992 2632 2062 (98)
2667 1991 2741 2063 μὴ
2790 1991 3016 2062 βοῶντα.
3049 1991 3157 2063 Bo;
3185 1991 3242 2045 es
3270 1992 3363 2044 καὶ
3392 1990 3622 2062 κέκρα-

2024 2101 2143 2154 γεν,
2176 2086 2263 2140 ἵνα
2297 2087 2391 2140 καὶ
2438 2088 2486 2141 oi
2532 2084 2746 2157 μακρὰν
2779 2085 2872 2138 τοῦ
2904 2084 3152 2153 λέγοντος
3183 2084 3482 2148 ἀκούσωσι,
3525 2084 3633 2138 καὶ

2023 2179 2072 2231 οι
2116 2179 2411 2250 βαρυήκοοι
2453 2175 2653 2231 συνῶσι
2692 2176 2786 2230 τοῦ
2821 2176 3084 2248 μεγέθους
3116 2176 3226 2229 τῶν
3262 2176 3630 2247 λεγομένων,

2028 2270 2165 2341 μετὰ
2202 2269 2467 2343 μεγέθους
2493 2269 2977 2347 ἁὶπαγγελλομένου
3012 2270 3217 2342 φωνῆς,
3255 2267 3467 2341 βοηθῶν
3500 2270 3632 2334 τοῖς

2022 2378 2083 2415 τε
2115 2360 2393 2431 ἀφεστῶσι
2422 2359 2581 2424 Θεοῦ,
2627 2361 2722 2414 καὶ
2747 2359 2907 2413 τοῦτο
2938 2356 3031 2425 ὸξύ
3064 2360 3163 2432 τῆς
3196 2360 3366 2429 ἀκοῆς
3397 2359 3630 2413 ἀπολω-

2022 2451 2226 2506 λεκόσι.
2261 2452 2361 2505 Διά
2384 2449 2540 2504 τοῦτο
2570 2449 2679 2522 γὰρ
2717 2451 2813 2502 καὶ
2847 2469 2865 2501 ι
2904 2450 3142 2519 εἱστήκει
3171 2449 3201 2501 ό
3243 2446 3471 2521 Ἰησοῦς,
3518 2450 3627 2500 καὶ

2022 2543 2287 2617 ὲκέκραξε
2320 2543 2519 2612 λέγων·
2572 2543 2697 2595 Ἐάν
2736 2559 2818 2607 τις
2858 2540 3005 2612 διψᾷ,
3056 2539 3300 2613 ἐρχέσθω
3331 2534 3470 2612 πρὸς
3521 2539 3622 2609 μὲ,

2023 2635 2118 2689 καὶ
2147 2634 2370 2688 πινέτω.
2418 2654 2437 2686 ι
2463 2634 2563 2688 Διά
2607 2633 2767 2689 τοῦτο
2801 2632 2897 2687 καὶ
2931 2652 2950 2685 ι
2983 2634 3011 2685 ὁ
3056 2631 3308 2701 Ἰωάννης
3336 2633 3629 2701 μαρτυρεῖ

2023 2726 2154 2799 περὶ
2179 2725 2364 2791 αὐτοῦ,
2398 2727 2492 2780 καὶ
2520 2726 2761 2798 κέκραγε
2785 2725 2976 2793 λέγων.
3014 2744 3034 2776 ›
3068 2722 3168 2777 Διά
3204 2723 3362 2777 τοῦτο
3382 2722 3479 2776 καὶ
3516 2739 3623 2775 κε-

2022 2818 2168 2873 λεύει
2194 2820 2224 2872 6
2256 2819 2390 2884 Θεὸς
2417 2819 2495 2891 τῷ
2527 2820 2727 2891 Ἡσαΐᾳ
2758 2819 2886 2891 βοᾷν
2910 2820 2968 2872 ὲν
2996 2820 3062 2888 τῇ
3094 2820 3243 2889 φωνῇ
3277 2835 3295 2867 ι
3331 2816 3622 2885 λέγοντος

2021 2915 2259 2988 Βόησον⁴
2302 2935 2322 2968 ι
2371 2913 2526 2985 κάγὼ
2559 2910 2744 2968 εἷπον·
2783 2932 2803 2965 ι
2855 2914 2921 2966 Τί
2963 2912 3174 2984 βοήσω;
3211 2930 3230 2962 ι
3274 2910 3401 2964 Ἐὰν
3432 2910 3491 2963 δὲ
3538 2910 3623 2981 μὴ

2023 3007 2303 3072 παντελῶς
2402 3011 2434 3080 ἡ
2473 3006 2637 3079 νοητὴ
2684 3006 2793 3060 τῶν
2839 3005 3147 3077 εὐχομένων
3180 3003 3329 3074 φωνὴ
3365 3002 3620 3075 μεγάλη,

342 3096 415 3151 tia
448 3096 767 3167 percipitur,
798 3096 1050 3164 quamvis
1090 3110 1309 3165 magna,
1348 3110 1526 3165 neque
1558 3097 1773 3166 prolixa
1803 3114 1915 3153 om-

2074 3103 2118 3159 εὶ
2142 3104 2202 3156 οὐ
2234 3102 2480 3175 βραχεῖα,
2515 3102 2635 3156 οὐδὲ
2663 3100 2728 3155 ἂν
2760 3098 3038 3173 αὐξήσωσι
3074 3097 3182 3171 (99)
3214 3098 3315 3169 τὴν
3350 3096 3480 3167 βοὴν
3515 3096 3622 3149 καὶ

342 3191 474 3245 nino
516 3189 703 3252 fuerit,
754 3202 932 3259 neque
985 3188 1309 3241 adauxerint
1368 3187 1446 3241 illi
1504 3187 1800 3244 clamorem
1857 3206 1923 3245 ac

339 3296 815 3360 vociferationem,
863 3294 1015 3347 audit
1042 3302 1223 3349 tamen
1257 3295 1399 3350 hunc
1433 3297 1486 3349 iu
1531 3297 1747 3351 modum
1797 3312 1923 3368 pre-

338 3401 532 3447 cantes
554 3388 721 3453 Deus,
741 3388 871 3443 Mosi
900 3390 1088 3443 dicens
1110 3387 1192 3441 “:
1222 3404 1241 3438 ι
1266 3387 1404 3455 Quid
1428 3389 1494 3443 ad
1524 3404 1613 3443 me
1634 3389 1876 3444 clamas?
1895 3409 1915 3443 ο

340 3482 434 3555 qui
495 3480 827 3538 seusibiliter
880 3497 985 3535 non
1049 3481 1425 3549 clamaverat;
1520 3498 1695 3552 neque
1770 3485 1918 3539 enim

343 3577 606 3648 scriptum
629 3585 712 3632 est
742 3576 794 3629 in
818 3575 1022 3638 Exodo,
1047 3573 1249 3629 Mosem
1279 3575 1611 3645 sensibiliter
1632 3576 1918 3648 clamasse,

337 3680 460 3727 eum
510 3686 610 3743 per
650 3673 1020 3742 precationem
1083 3685 1149 3724 ea
1213 3684 1348 3724 voce
1404 3670 1559 3725 valde
1608 3670 1918 3737 clamasset,

336 3776 498 3832 quam
558 3762 704 3817 solus
758 3763 902 3817 Deus
946 3761 1119 3815 audit.
1172 3759 1323 3815 lianc
1376 3763 1446 3814 ob
1489 3776 1709 3816 causam
1752 3762 1919 3818 David

336 3855 503 3910 etiam
538 3854 714 3925 inquit
748 3853 796 3886 ³⁸
830 3872 843 3907 :
887 3873 904 3907 ι
940 3853 1086 3908 Voce
1109 3869 1227 3908 inea
1258 3854 1323 3906 ad
1355 3853 1639 3907 Dominum
1663 3855 1918 3925 clamavi,

336 3954 395 4003 et
418 3948 696 4002 exaudivit
724 3962 864 4002 me.)
905 3947 1055 4017 Opus
1077 3956 1159 4001 est
1183 3955 1364 4001 autem
1389 3960 1521 4001 voce
1549 3946 1838 4004 clamantis
1864 3950 1917 4004 in

336 4038 573 4104 deserto,
610 4039 701 4092 ubi
732 4040 915 4092 anima
931 4040 1112 4094 'etiam
1140 4039 1249 4094 Deo
1272 4049 1437 4108 atque
1481 4040 1715 4095 veritate
1746 4040 1919 4095 desti-

337 4140 456 4186 tuta
490 4134 800 4202 (quodnam
833 4133 980 4187 enim
1010 4132 1154 4186 aliud
1173 4133 1445 4187 desertum
1476 4133 1723 4200 asperius
1752 4148 1918 4203 quam

339 4224 522 4278 anima
560 4238 680 4292 quae
711 4221 824 4277 Deo
857 4231 1023 4292 atque
1045 4222 1195 4277 omni
1220 4225 1425 4278 virtute
1455 4224 1526 4278 sit
1556 4225 1812 4279 destituta
1832 4226 1856 4278 ?
1876 4226 1919 4293 ),

336 4329 406 4371 eo
455 4316 604 4386 quod
647 4315 823 4370 adhuc
876 4314 1095 4384 oblique
1149 4313 1391 4369 ambulet
1444 4330 1609 4384 egens
1648 4318 1916 4385 doctrina,

338 4411 597 4466 invitetur
646 4410 713 4465 ad
758 4409 1095 4478 dirigendam
1129 4406 1346 4463 Domini
1385 4410 1527 4463 viam
1555 4427 1568 4475 ;
1602 4425 1764 4480 quam
1797 4412 1920 4481 qui-

2022 3195 2123 3267 τὴν
2156 3194 2423 3267 κραυγὴν,
2465 3194 2650 3249 ἀκούει
2680 3192 2790 3247 τῶν
2831 3192 3004 3256 οὕτως
3043 3190 3348 3262 εὐχομένων
3379 3192 3410 3242 6
3448 3187 3622 3254 Θεὸς,

2021 3293 2051 3347 6
2083 3289 2255 3358 λέγων
2303 3289 2438 3360 πρὸς
2474 3288 2706 3353 Μωσέα,
2745 3305 2766 3338 ι
2814 3284 2879 3339 Τί
2923 3284 3051 3356 βοᾷς
3102 3285 3236 3354 πρὸς
3296 3281 3396 3353 μέ;
3448 3298 3466 3331 ι
3508 3281 3622 3335 οὐκ

2022 3383 2296 3454 αἰσθητῶς
2342 3380 2672 3452 βεϐοηκότω
2732 3379 2793 3433 οὐ
2833 3379 2940 3451 γάρ
2981 3376 3392 3448 ἀναγέγραπται
3444 3373 3621 3427 τοῦτο

2022 3480 2081 3533 ὲν
2129 3480 2195 3549 τῇ
2240 3475 2466 3545 Ἐξόδῳ,
2529 3473 2780 3547 μεγάλως
2818 3473 2876 3527 δὲ
2922 3473 3020 3543 τὴν
3065 3469 3403 3540 ἀκουομένην
3456 3469 3619 3540 μόνῳ

2021 3567 2143 3640 Θεῷ
2175 3567 2355 3640 φωνὴν
2384 3566 2682 3637 βεϐοηκότα
2715 3565 2803 3620 διά
2830 3564 2931 3635 τῆς
2964 3564 3149 3635 εὐχῆς.
3186 3560 3283 3615 Διά
3314 3560 3475 3614 τοῦτο
3510 3561 3618 3615 καὶ

2020 3661 2183 3716 Δαυῖδ
2211 3678 2370 3732 φησι’
2407 3680 2426 3712 ι
2467 3662 2620 3731 Φωνῇ
2656 3676 2756 3731 μου
2793 3659 2929 3731 πρὸς
2955 3658 3156 3728 Κύριον
3186 3657 3483 3729 ἐκέκραξα,
3516 3657 3618 3712 καὶ

2021 3755 2294 3827 ἐπήκουσέ
2330 3772 2453 3827 μου.
2499 3774 2517 3806 ι
2562 3753 2737 3825 Χρεία
2772 3753 2829 3806 δὲ
2867 3752 2968 3823 τῆς
3002 3752 3184 3824 φωνῆς
3219 3750 3312 3805 τοῦ
3367 3751 3617 3822 βοιῖιντος

2021 3851 2078 3904 ὲν
2102 3853 2169 3923 τῇ
2207 3851 2418 3922 ἔρήμῳι
2448 3849 2535 3903 ἵνα
2568 3849 2664 3903 καὶ
2695 3849 2729 3920 ἡ
2765 3847 3100 3919 ἐστερημένη
3138 3845 3272 3899 Θεοῦ
3308 3845 3478 3917 ψυχὴ,
3512 3848 3617 3901 καὶ

2020 3944 2226 4016 ἔρημος
2247 3943 2518 4016 ιάληθείας
2560 3941 2677 4011 (τίς
2707 3940 2817 4010 γάρ
2845 3938 2979 4009 ἄλλη
3010 3938 3367 4010 χαλεπωτέρα
3395 3939 3616 4010 ἐρημία

2019 4038 2197 4110 ψυχῆς
2235 4036 2369 4091 Θεοῦ
2430 4037 2526 4090 καὶ
2565 4036 2745 4106 πάσης
2782 4034 2983 4107 ἀρετῆς
3031 4034 3406 4106 ἠρημωμένης
3442 4034 3612 4106 (1);),

2019 4131 2107 4185 διὰ
2144 4131 2204 4184 τὸ
2237 4130 2316 4184 ἔτι
2347 4128 2574 4193 σκολιῶς
2609 4127 2936 4201 πορεύεσθαι
2969 4127 3194 4199 δεομένη
3228 4125 3611 4193 διδασκαλίας,

2021 4226 2114 4278 ἐπὶ
2138 4224 2198 4277 τὸ
2225 4222 2468 4276 εὐθύνειν
2506 4221 2603 4294 τὴν
2644 4222 2760 4275 ὁδὸν
2804 4221 3010 4293 Κυρίου
3045 4219 3466 4291 παρακαλῆταιο
3505 4222 3611 4292 ἦν-

2020 4333 2142 4369 τινα
2170 4314 2286 4369 ὁδὸν
2311 4314 2522 4368 εὐθύνει
2554 4315 2651 4385 μὲν
2675 4316 2703 4368 ό
2729 4312 2993 4385 μηδαμῶς
3012 4313 3111 4385 τὴν
3140 4312 3462 4385 σκολιότητα
3501 4318 3611 4387 τῆς

2021 4407 2115 4461 τοῦ
2149 4406 2322 4477 ὄφεως
2359 4406 2585 4478 πορείας
2620 4404 2973 4476 μιμούμενος,
3002 4407 3030 4457 ὁ
3056 4403 3113 4457 δὲ
3146 4401 3320 4475 τούτῳ
3356 4405 3609 4469 ἐναντίος

338 4504 461 4556 dem
492 4501 633 4556 viam
660 4501 751 4555 ille
776 4502 962 4569 dirigit
988 4500 1247 4570 quidem,
1293 4500 1387 4570 qui
1419 4514 1761 4569 nequaquam
1795 4518 1914 4557 ser-

2074 4498 2369 4566 αστρὲφει·
2417 4497 2604 4567 διόπερ
2648 4496 2740 4549 καὶ
2787 4494 3177 4566 ὲπιπλήσσεται
3208 4494 3285 4566 (2)
3327 4495 3446 4566 ἃμα
3486 4499 3609 4560 τοῖς

337 4594 514 4665 pentis
544 4594 647 4648 iter
683 4604 995 4648 tortuosum
1027 4593 1294 4656 imitatur,
1348 4594 1612 4660 pervertit
1660 4601 1791 4648 vero
1821 4593 1911 4662 qui

339 4687 468 4741 huic
526 4696 612 4742 est
662 4687 994 4741 contrarius.
1056 4684 1423 4750 Quamobrem
1469 4699 1591 4737 cum
1645 4683 1915 4741 similibus

339 4777 654 4850 huiusmodi
688 4780 771 4833 vir
816 4778 1139 4848 objurgatur
1172 4792 1269 4846 per
1306 4774 1569 4832 illud":c
1596 4775 1913 4848 Quareper-

337 4871 551 4928 vertitis
582 4875 699 4926 vias
734 4872 945 4925 Domini
984 4870 1208 4925 rectas?
1231 4888 1250 4922 ι

409 4965 500 5020 il.
530 4964 799 5019 Caeterum
831 4963 1084 5017 bifariam
1118 4963 1204 5016 via
1242 4961 1455 5015 Domini
1487 4960 1757 5030 dirigitur,
1801 4961 1913 5030 pri-

338 5074 485 5115 mum
515 5067 735 5127 propter
778 5056 1289 5124 contemplationem
1314 5095 1328 5117 ,
1366 5070 1487 5123 qua:
1535 5054 1913 5110 manifestatur

338 5156 393 5211 in
450 5153 704 5211 veritate,
761 5152 969 5217 absque
1027 5148 1134 5201 ulla
1193 5147 1547 5216 permistione
1602 5147 1909 5215 mendacii;

338 5247 534 5305 deinde
565 5254 788 5317 propter
816 5243 1085 5295 actionem
1113 5279 1129 5303 ,
1164 5240 1209 5293 si
1242 5240 1364 5308 quis
1388 5277 1404 5305 ,
1439 5255 1559 5292 cum
1593 5240 1761 5308 probe
1790 5254 1911 5308 per.

408 5344 456 5375 ³⁸
477 5342 630 5396 Joan.
660 5356 696 5404 I,
728 5338 781 5401 6,
814 5337 869 5393 7.
944 5335 987 5365 "’
1021 5333 1178 5389 Joan.
1210 5349 1248 5397 ι,
1278 5335 1334 5387 7.
1432 5334 1478 5365 ’⁸
1502 5334 1690 5404 Matth.
1729 5350 1803 5395 ιι,
1832 5333 1921 5387 10.

337 5416 382 5449 ³⁸
415 5415 580 5468 Exod.
616 5427 726 5475 xiv,
750 5408 837 5463 15.
914 5405 958 5436 ³³
984 5404 1126 5459 Psal.
1154 5420 1337 5466 Lxxxl,
1371 5407 1419 5457 l.

411 5507 521 5575 (97)
549 5502 779 5570 Καλῶς.
824 5500 1096 5575 Sicrecte
1142 5499 1342 5575 habent
1369 5494 1911 5575 codd.__Bodleianus

341 5590 391 5631 et
410 5568 785 5663 ‘Ba'rberiuus';
838 5573 978 5628 male
1016 5584 1145 5624 vero
1185 5572 1354 5623 editio
1403 5568 1579 5623 lluetii
1629 5571 1683 5622 in
1738 5577 1909 5635 textu,

343 5647 626 5784 “is?”
658 5714 878 5784 λέγειν.
918 5713 993 5768 Τὸ
1022 5711 1238 5765 videtur
1266 5709 1575 5784 παρέλκειν.

282 5802 319 5827 ι-
415 5780 525 5856 (99)
558 5780 901 5851 Λὺξήσωσι.
956 5784 1049 5840 Sic
1103 5786 1273 5839 codex
1323 5780 1686 5849 Bodleianus;
1741 5780 1911 5837 editio

1492 5403 1538 5435 “
1560 5407 1681 5458 Act.
1710 5418 1825 5469 xm,
1862 5404 1949 5458 10.

2021 4590 2226 4661 ὁμοίοις
2252 4590 2281 4641 6
2302 4588 2539 4653 τοιοῦτος
2560 4588 2647 4641 διὰ
2677 4588 2799 4641 τοῦθ
2832 4607 2852 4638 ι
2891 4588 3005 4641 ’Ὶνα
3035 4586 3090 4639 τί
3116 4584 3470 4658 διαστρέφετε
3501 4586 3607 4650 τὰς

2020 4684 2171 4748 ὁδοὺς
2203 4683 2410 4755 Κυρίου
2441 4682 2540 4747 τὰς
2573 4682 2817 4747 εὐθείας;
2858 4701 2877 4733 ι

2090 4959 2178 5014 Η.
2219 4960 2390 5030 Διχῶς
2412 4958 2469 5012 δὲ
2496 4961 2529 5030 ἡ
2560 4958 2677 5023 ὁδὸς
2704 4959 2909 5032 Κυρίου
2943 4957 3245 5023 εὐθύνεται,
3272 4959 3417 5013 κατά
3446 4976 3511 5013 τε
3538 4963 3604 5016 τὸ

2019 5052 2370 5125 θεωρητικὸν,
2413 5052 2777 5125 τρανούμενον
2823 5055 2881 5107 εν
2918 5052 3147 5125 ἀληθείᾳ
3194 5052 3606 5125 ἀπαραμίκτωέ

2018 5144 2111 5198 τοῦ
2137 5144 2383 5214 ψεύδους,
2410 5146 2506 5199 καὶ
2534 5146 2677 5200 κατά
2700 5145 2762 5199 τὸ
2803 5146 3124 5217 πρακτικὸν,
3154 5145 3289 5216 μετά
3320 5146 3422 5216 τὴν
3465 5143 3598 5213 ὐγιῆ

2020 5237 2255 5309 θεωρίαν
2283 5238 2376 5292 τοῦ
2416 5238 2713 5310 πρακτέου,
2753 5238 3011 5309 ἀρμοδίου
3053 5238 3304 5310 πράξεως
3344 5238 3598 5291 ἀποδιδοο

2029 5334 2076 5367 ⁸⁸
2104 5332 2265 5390 Joan.
2304 5346 2400 5399 vtt,
2440 5334 2523 5389 l7.
2624 5333 2671 5366 ”
2698 5331 2855 5389 Joan.
2882 5349 2922 5400 ι,
2952 5333 3041 5388 l5.
3148 5333 3195 5366 ³⁸
3235 5331 3366 5390 lsai.
3401 5347 3494 5400 ιι,
3537 5331 3591 5387 6-

2020 5493 2197 5551 Huetii
2232 5491 2485 5564 αὐξήσαι.

2091 5567 2170 5636 (1)
2214 5559 2643 5633 Ἠρημωμένης.
2675 5562 2749 5636 Ita
2782 5563 2954 5619 codex
2999 5559 3357 5628 Barberiaus,
3405 5568 3594 5627 recte;

2019 5634 2161 5693 male
2196 5636 2414 5702 Regius,
2443 5634 2801 5705 έρημωμένη.

2089 5706 2169 5830 (ξ)
2205 5700 2694 5789 Ἐᾀςιπλήὰοίὲτιία
2726 5700 2817 5761 Sic
2874 5703 3044 5763 codex
3071 5701 3443 5770 Barberinus;
3470 5700 3595 5758 odi-

2089 5799 2094 5828 l
2128 5776 2147 5830 l
2178 5787 2328 5830 uetn.
2354 5776 2746 5830 ἐπεπλήσσετοι

2019 5776 2107 5833 ιὶο
2128 5776 2328 5843 lluetii,
2354 5776 2746 5845 ὲπεπλήσσετοι
