3766 6142
132 265 211 320 Ξῐὸ
1153 264 1503 324 COMMENT.
1542 264 1605 318 IN
1634 263 1825 320 JOAN.
1859 260 2097 319 TOMUS
2134 259 2219 315 Vl.

129 389 255 457 μένης
281 387 350 456 τῷ
395 387 649 459 περὶτῶν
699 386 986 458 πρακτέων
1032 385 1174 453 ὑγιεῖ
1200 385 1358 455 λόγῳ.
1402 383 1512 437 Καὶ
1547 383 1634 436 ἴνα

1777 381 1930 436 iderit
1989 378 2118 450 quid
2176 381 2482 449 agemlum,

125 478 454 550 ἀκριϐέστερον
497 479 583 531 τόν
642 499 659 529 ‹
720 478 988 531 Εὐθύνατε
1044 477 1140 546 τὴν
1172 475 1290 529 ὁδὸν
1337 475 1561 545 Κυρίου,
1610 493 1630 526 ι

125 573 381 639 νοήσωμεν,
427 570 678 642 εῠκαιρον
730 569 882 622 ἔσται
938 567 1272 640 παραθέσθαι
1312 567 1372 620 τὸ
1413 569 1470 619 ὲν
1516 569 1636 630 ταῖς

120 662 394 732 Ιίαροιμίαις
424 663 710 734 εἰρημένον
731 679 746 692 ο
778 680 796 712 ι
844 661 934 732 Μὴ
969 659 1220 730 ἐκκλίνῃς
1263 660 1400 730 μήτε
1434 659 1514 722 είς
1549 657 1636 712 δε-

118 755 206 820 ξιὰ,
239 755 360 825 μήτε
403 753 482 818 είς
523 753 793 826 ἀριστερά
835 751 930 823 (5).
956 753 1046 805 οὐ
1084 750 1193 823 γὰρ
1246 750 1509 804 ἐκκλίνων
1555 750 1636 814 είς

115 846 328 917 ὁποτέραν
355 846 414 898 τὺ
446 844 688 899 εὐθύνειν
712 844 1072 906 ἀπολώλεκεν,
1103 845 1201 897 οὐκ
1225 843 1304 896 ἐτι
1333 842 1637 913 ἐπισκοπῆς

113 940 226 1005 ἄξιος
264 940 562 1007 γινόμενος,
613 939 740 992 ὃταν
771 938 1109 1010 παρεκϐαίνῃ
1153 937 1249 1007 τὴν
1277 937 1377 1012 τῆς
1411 935 1636 1007 πορείας

110 1030 533 1101 εὐθύτηταοιὍτι
590 1049 607 1079 ›
647 1030 756 1102 γὰρ
801 1049 819 1080 ‹
873 1029 1078 1092 δίκαιος
1115 1031 1142 1082 ὁ
1186 1027 1388 1100 Κύριος
1427 1026 1521 1079 καὶ
1555 1025 1635 1080 δι-

109 1121 350 1183 καιοσύνας
375 1122 650 1192 ἠγάπησε,
685 1123 779 1175 καὶ
813 1120 1110 1194 εύθύτητας
1141 1120 1216 1190 (4)
1255 1115 1360 1172 εἶδε
1386 1119 1446 1170 τὸ
1472 1117 1638 1190 πρόσ-

106 1229 220 1263 ωπον
268 1212 444 1276 αὑτοῦ,
476 1231 493 1262 ›
521 1213 661 1284 ὅπερ
683 1213 786 1288 ὁρᾷ
805 1210 1022 1279 φωτίζει
1053 1211 1148 1280 (5).
1171 1208 1268 1261 Διὰ
1286 1207 1442 1260 τοῦτο
1466 1209 1494 1260 ὁ
1516 1209 1637 1260 ἐπι-

107 1303 422 1372 σκοπούμενος
441 1346 455 1368 ,
490 1303 1018 1374 ἀντιλαμϐανόμενος
1045 1303 1142 1372 τῆς
1167 1301 1272 1354 ἀπὸ
1301 1301 1398 1370 τῆς
1423 1301 1640 1351 ἐπισκο-

105 1391 472 1464 πῆςώφελείας,
497 1393 664 1462 φησίν
685 1410 698 1421 ·
729 1411 747 1442 ι
795 1390 1135 1462 Ἐσημειώθη
1159 1390 1243 1459 ἐφ’
1268 1391 1414 1462 ἡμᾶς
1441 1388 1502 1442 τὸ
1525 1387 1638 1459 φῶς

102 1484 173 1537 τοῦ
206 1483 477 1554 προσώπου
530 1501 649 1547 σου,
684 1485 877 1556 Κύριε.
933 1504 950 1534 ι
990 1485 1213 1554 Στῶμεν
1255 1483 1456 1544 τοίνυν,
1497 1480 1640 1534 κατὰ

104 1578 151 1629 τὰ
173 1577 260 1628 amb
293 1577 554 1646 Ἱερεμίου
587 1577 874 1648 εἰρημένα,
907 1577 998 1629 ἐπὶ
1038 1578 1158 1639 ταῖς
1193 1575 1353 1638 ὁδοῖς,
1379 1573 1473 1627 καὶ
1505 1572 1642 1626 ἰδόν-

101 1686 167 1731 τες
189 1670 536 1740 ἐρωτήσωμεν
556 1668 773 1740 τρίϐους
798 1669 1005 1740 Κυρίου
1027 1667 1296 1729 αἰωνίους,
1322 1667 1416 1720 καὶ
1441 1665 1638 1736 ἴδωμεν

3195 263 3302 319 εδι

2571 378 2836 434 actionem
2891 380 3300 439 convenientem

1742 473 1938 527 rationi
1980 482 2141 528 rectae
2170 475 2480 542 suggerenti
2515 473 2742 542 agenda.
2772 474 2823 526 in
2848 489 2984 544 epos
3023 476 3303 544 produxe-

1741 565 1830 618 rit.
1883 563 1954 619 Ut
1998 563 2310 618 accuratius
2357 576 2486 616 vero
2518 561 2882 632 intelligamus
2919 563 3050 620 illud
3089 584 3104 620 :
3145 565 3307 637 120

1744 672 1763 706 ι
1790 655 2014 724 Dirigite
2047 656 2190 708 viam
2219 654 2431 708 Domini
2450 653 2531 716 ⁸³;
2560 673 2579 706 ι
2612 667 2974 725 Opportunum
3003 657 3108 711 erit
3133 659 3307 714 citare

1737 749 1880 817 quod
1936 747 1987 801 in
2046 746 2464 802 Proverbiorum
2525 745 2666 801 libro
2729 756 2810 803 est
2865 749 3115 804 dictum:
3162 767 3183 801 ι
3229 749 3305 805 Ne

1737 838 2097 893 declinaveris
2153 851 2324 908 neque
2372 838 2440 893 ad
2495 837 2797 906 dexteram,
2841 855 3014 908 neque
3062 841 3127 896 ad
3169 843 3305 896 sini-

1738 939 1907 984 stram
1947 930 2063 984 ".‘D
2101 930 2202 996 Qui
2231 931 2375 984 enim
2399 931 2451 986 in
2478 932 2782 986 utramlibet
2812 932 3055 999 inclinat,
3089 933 3135 989 is
3168 934 3307 988 ami-

1738 1022 1809 1076 sit
1845 1020 1973 1076 illud
2003 1021 2255 1092 dirigere,
2284 1020 2457 1076 factus
2483 1037 2590 1076 non
2624 1021 2857 1092 amplius
2887 1037 3015 1077 cura
3046 1031 3101 1078 et
3126 1024 3308 1079 consi-

1741 1114 2021 1168 deratione
2104 1113 2340 1184 dignus,
2421 1114 2640 1182 quando
2701 1124 3071 1184 transgressus
3143 1114 3309 1172 fuerit

1741 1207 1948 1261 itineris
1995 1207 2400 1264 rectitudine-ni.
2461 1225 2480 1258 ι
2520 1205 2788 1272 Quoniam
2831 1225 2848 1258 ι
2879 1207 3023 1262 enim
3074 1225 3093 1260 ι
3127 1205 3309 1275 justus

1743 1299 2034 1360 Dominus,
2073 1308 2128 1352 et
2153 1297 2396 1366 justitias
2428 1298 2644 1364 dilexit,
2695 1307 2750 1353 et
2783 1297 3134 1358 rectitudines
3173 1301 3310 1356 vidit

1739 1391 1918 1445 vultus
1941 1392 2058 1460 ejus
2092 1391 2156 1451 ³⁷,
2197 1411 2214 1441 ι
2245 1391 2375 1444 illud
2396 1391 2537 1460 quod
2575 1390 2722 1446 videt
2755 1391 3040 1448 illuminat.
3059 1391 3204 1448 Hanc
3235 1395 3305 1449 ob

1738 1499 1993 1550 causam,
2027 1485 2117 1553 qui
2152 1495 2235 1538 est
2269 1485 2321 1539 in
2357 1486 2792 1542 consideratione
2822 1496 2876 1540 et
2912 1485 3077 1540 tutela
3102 1525 3119 1550 ,
3165 1485 3309 1541 utili-

1742 1583 1906 1628 tatem
1937 1589 2004 1628 ex
2035 1575 2136 1628 hac
2165 1589 2294 1628 cura
2335 1583 2390 1628 et
2411 1577 2747 1644 protectione
2775 1578 2996 1647 capiens
3021 1619 3036 1644 ,
3074 1578 3250 1648 inquit
3290 1597 3307 1638 :

1744 1683 1764 1718 ι
1791 1665 2075 1738 Signatum
2120 1676 2204 1722 est
2259 1681 2424 1736 super
2460 1683 2558 1723 nos
2603 1667 2782 1726 lumen
2837 1657 3018 1726 vultus
3067 1671 3163 1734 tui,
3203 1670 3312 1725 Do.

99 1761 199 1812 ποία
222 1759 358 1812 ἐστὶν
438 1759 560 1824 ὁδὸς
586 1762 619 1826 ἡ
651 1758 853 1830 ἀγαθὴ,
883 1759 977 1812 καὶ
1010 1756 1362 1830 πορευθῶμεν
1389 1758 1446 1809 ὲν
1473 1757 1631 1828 αὐτῇ·

1777 1759 1885 1834 iine
1922 1759 1990 1810 ³⁸.
2025 1777 2043 1810 ι
2101 1758 2288 1828 Itaque
2342 1770 2548 1817 steiuus
2609 1762 2661 1816 in
2702 1763 2824 1828 viis,
2875 1765 3027 1834 juxta
3063 1763 3312 1826 Jeremia

97 1854 153 1914 (τις
177 1852 508 1924 παρέστησαν
541 1854 594 1905 οἱ
623 1852 928 1915 ἀπόστολοι,
958 1852 1049 1904 καὶ
1088 1849 1378 1921 ἠρώτησαν
1416 1850 1515 1914 τὰς
1538 1849 1633 1903 τοῦ

98 1947 262 2013 κυρίου
314 1945 570 2007 αἰωνίους
623 1943 874 2014 τρίϐους,
931 1943 1057 2007 τοὺς
1117 1942 1481 2013 πατριάρχας,
1540 1939 1635 1993 καὶ

97 2039 190 2097 τοὺς
222 2037 516 2108 προφήτας⁸
548 2029 625 2089 ὧν
666 2036 734 2089 τά
764 2035 1066 2106 γράμματα
1092 2035 1462 2105 ἐρωτήσαντες
1491 2031 1637 2084 beta-

96 2143 164 2197 ρον
194 2126 262 2194 τῷ
295 2125 613 2197 νενοηκέναι
649 2125 790 2179 αὐτὰ
829 2121 968 2178 εἶδον
1002 2122 1099 2195 τὴν
1128 2121 1340 2193 ἀγαθὴν
1371 2121 1489 2174 ὁδὸν
1530 2121 1635 2190 Ἰη-

96 2220 193 2272 asia
220 2219 443 2290 Χριπδν
468 2219 567 2272 τὸν
593 2219 841 2272 εἰπόντα·
877 2236 895 2268 ι
935 2213 1076 2285 Ἐγώ
1108 2217 1222 2286 εἰμι
1257 2216 1290 2284 ἠ
1318 2213 1454 2276 ὁδὸς,
1491 2231 1510 2262 ι
1543 2213 1636 2265 καὶ

94 2309 424 2379 ἐπορεύθησαν
459 2309 520 2361 ἐν
564 2309 720 2380 αὐτῇ.
769 2306 973 2378 ’Δγαθὴ
1004 2306 1114 2378 γὰρ
1139 2305 1257 2368 ὁδὸς
1286 2307 1318 2374 ὴ
1349 2305 1637 2374 ἀπάγουσα

97 2403 201 2472 πῴε
226 2401 309 2453 τὸν
352 2401 563 2470 ἀγαθὸν
595 2401 816 2472 Πατέρα
849 2401 939 2453 τὸν
975 2397 1176 2467 ἀγαθὸν
1222 2397 1527 2466 ἄνθρωπον,
1574 2397 1638 2451 ἐκ

97 2491 168 2542 τοῦ
191 2492 379 2560 ἀγαθοῦ
419 2492 703 2563 θησαυροῦ
733 2491 1070 2563 προφέροντα
1108 2489 1175 2542 τὰ
1205 2488 1403 2556 ἀγαθὰ,
1431 2488 1524 2541 καὶ
1548 2487 1637 2540 τὸν

95 2583 256 2652 ἀγαθὸν
293 2585 477 2638 δοῦλον
513 2586 610 2638 καὶ
650 2585 858 2638 πιστόν.
889 2581 1035 2653 Αὕτη
1062 2581 1118 2634 δὲ
1147 2581 1263 2644 ὁδὸς
1314 2580 1471 2652 στενὴ
1518 2579 1636 2651 μὲν,

99 2677 174 2728 ιῶν
209 2677 407 2730 πολλῶν
435 2678 496 2730 οὐ
541 2676 866 2748 χωρούντων
897 2675 1100 2734 ὁδεύειν
1130 2675 1320 2746 αὐτὴν,
1363 2675 1456 2727 καὶ
1488 2672 1638 2743 φιλο-

96 2769 275 2838 εάρκων
311 2768 408 2842 (6),
437 2768 582 2822 ἀλλὰ
611 2769 705 2821 καὶ
746 2767 1080 2838 τεθλιμμένη
1115 2768 1219 2821 ὑπὸ
1248 2767 1356 2819 τῶν
1384 2765 1639 2838 βιαζομέ-

97 2881 173 2914 «inv
196 2864 515 2935 πορεύεσθαι
539 2863 608 2916 δι’
633 2861 798 2932 αὐτῆς
823 2861 971 2915 ἐστιν
997 2860 1134 2923 ὁδός·
1161 2861 1283 2913 ἐπεὶ
1303 2861 1402 2913 οὐκ
1427 2859 1640 2932 εἴρηται

93 2955 328 3019 (gl-360035;,
379 2956 521 3010 ἀλλὰ
571 2953 923 3024 τεθλιμμένη.
965 2951 1146 3005 Θλίϐει
1185 2951 1292 3020 γὰρ
1322 2950 1501 3016 ζῶσαν
1544 2949 1640 3022 τὴν

1736 1833 1880 1906 dicta
1912 1850 1978 1914 ⁸⁸,
2015 1861 2071 1905 et
2118 1851 2364 1905 videntes
2401 1850 2806 1924 interrogemus
2833 1857 3052 1912 semitas
3089 1856 3309 1916 Domini

1738 1940 2133 2007 sempiternas:
2171 1949 2224 1995 et
2255 1941 2535 1998 videamus
2565 1958 2807 2013 quaenam
2845 1946 2912 2004 sit
2945 1947 3026 2004 via
3067 1949 3206 2004 bona
3251 1958 3308 2012 et

1737 2033 2076 2090 ambulemus
2125 2033 2178 2086 in
2227 2047 2291 2087 ea
2343 2046 2359 2086 :
2401 2033 2625 2103 perinde
2683 2049 2844 2106 atque
2891 2039 3166 2107 apostoli,
3215 2041 3308 2110 qui

1738 2133 2007 2178 steterunt
2036 2165 2052 2189 ,
2082 2134 2135 2178 et
2165 2125 2574 2197 interrogarunt
2598 2128 2828 2184 semitas
2865 2130 3078 2187 Domini
3105 2133 3312 2201 sempi-

1740 2228 1963 2284 ternas;
2007 2233 2198 2286 nempe
2229 2219 2574 2286 patriarchas
2613 2231 2669 2276 et
2703 2225 3000 2292 prophetas
3023 2265 3040 2290 ,
3082 2240 3311 2294 quorum

1739 2309 1952 2364 litteras
2003 2325 2124 2364 cum
2175 2309 2633 2380 interrogassent,
2690 2323 2873 2383 postea
2923 2314 3073 2386 ipsos
3116 2315 3315 2378 intellio

1739 2403 1932 2470 gendo,
1975 2402 2226 2458 viderunt
2257 2403 2398 2458 viam
2423 2403 2645 2466 bonam,
2675 2421 2868 2474 nempe
2894 2404 3077 2466 Jesum
3122 2409 3311 2464 dicen~

1742 2501 1847 2546 tem
1877 2509 1891 2546 :
1933 2509 1953 2544 ι
1983 2491 2094 2563 Ego
2127 2509 2248 2554 sum
2281 2496 2369 2549 via
2411 2495 2480 2563 ⁸ο,
2511 2514 2530 2548 ι
2563 2506 2619 2552 et
2661 2497 3076 2556 ambulaverunt
3126 2501 3178 2554 in
3226 2516 3311 2555 ea.

1741 2583 1893 2639 Bona
1923 2587 2069 2642 enim
2110 2589 2197 2642 via
2226 2600 2313 2642 est
2334 2605 2453 2658 qua:
2489 2591 2554 2644 ad
2579 2589 2795 2644 Patrem
2819 2592 2962 2648 ducit
2989 2593 3187 2649 bonum
3212 2594 3315 2650 ho-

1741 2681 1941 2733 minem
1983 2681 2049 2734 de
2107 2681 2366 2736 thesauro
2415 2698 2514 2737 suo
2555 2682 2918 2752 proferentem
2977 2683 3117 2739 bona
3160 2684 3230 2750 “,
3261 2698 3317 2741 et

1743 2769 1942 2823 bonum
1973 2785 2190 2826 servum
2223 2781 2277 2827 et
2307 2773 2519 2828 ﬁdelem
2555 2774 2620 2829 δ’.
2652 2776 2922 2831 Caeterum
2948 2777 3063 2832 haec
3095 2777 3313 2846 quidem

1744 2863 1829 2922 via
1863 2874 2091 2935 angusta
2122 2873 2206 2918 est
2233 2865 2551 2935 vulgaribus
2580 2877 2635 2921 et
2666 2868 2868 2936 alioqui
2914 2869 3096 2923 carnis
3127 2884 3317 2924 aman-

1747 2956 1906 3014 tibus.
1956 2957 2047 3026 qui
2101 2958 2202 3012 iter
2237 2974 2333 3027 per
2369 2974 2490 3013 eam
2535 2958 2720 3015 facere
2766 2979 2870 3016 non
2903 2972 3164 3030 possunt;
3221 2965 3316 3017 sed

91 3048 182 3100 sev
205 3051 290 3102 καὶ
315 3049 649 3120 αἰσθομένην
673 3045 783 3099 τῶν
833 3044 1138 3114 ἰδιωμάτων
1171 3044 1265 3096 τοῦ
1297 3043 1574 3106 ὀδεύοντος
1611 3042 1636 3094 ὁ

1779 3050 1933 3105 adem
1989 3049 2150 3103 etiam
2207 3067 2393 3120 pressa
2431 3063 2486 3106 et
2522 3045 2657 3105 trita
2694 3061 2776 3108 est
2834 3053 2904 3108 ab
2954 3054 3038 3108 his
3081 3055 3173 3124 qui
3208 3055 3318 3109 vim

91 3140 150 3211 μὴ
178 3117 581 3210 ὑπολυσάμενος
618 3139 694 3207 (7)
732 3137 802 3190 τὰ
835 3136 1154 3207 ὑποδήματα
1187 3137 1252 3188 ἐκ
1290 3136 1398 3188 τῶν
1442 3136 1636 3202 ποδῶν,

1777 3143 1948 3196 sciunt
1983 3152 2041 3195 ut
2072 3158 2168 3211 per
2194 3158 2311 3198 eam
2343 3156 2468 3198 eaut
2512 3145 2577 3210 ",
2623 3146 2877 3215 quoniam
2908 3161 3012 3200 non
3053 3157 3140 3202 est
3173 3148 3316 3202 dicta

92 3232 201 3300 μηδὲ
227 3233 456 3304 γνησίως
489 3228 951 3300 παραδεχόμενος,
978 3229 1058 3280 ετι
1088 3228 1116 3280 ὁ
1143 3227 1307 3290 τόπος
1342 3229 1398 3280 ὲν
1487 3227 1642 3300 ’ἐστη-

91 3319 213 3388 ιενῆ
241 3320 328 3372 καὶ
362 3319 421 3372 ὃν
457 3317 689 3388 βαδίζει,
722 3318 792 3387 γῆ
829 3317 959 3385 ἁγία
993 3316 1159 3369 ἐστίν.
1204 3315 1426 3382 Ἀπάξει
1459 3317 1516 3370 δὲ
1549 3318 1641 3372 ἐπὶ

95 3411 166 3478 τὴν
193 3410 323 3481 ζωὴν
353 3411 486 3464 δντα
522 3409 615 3462 τὸν
657 3409 879 3463 εἰπόντα
907 3425 918 3438 ·
963 3427 980 3458 ι
1029 3406 1170 3475 Ἐγώ
1211 3409 1326 3478 εἰμι
1375 3409 1406 3476 ἡ
1440 3404 1573 3479 ζωή.
1615 3427 1635 3458 ι

97 3502 142 3555 ’0
174 3504 271 3576 γὰρ
308 3504 530 3576 Σωτὴρ,
570 3503 649 3566 εἰς
686 3501 744 3554 ὃν
780 3502 928 3556 πᾶσά
959 3501 1106 3554 ἐστιν
1143 3500 1333 3572 ἀρετὴ,
1364 3503 1486 3564 ταῖς
1519 3503 1640 3554 ὲπι-

92 3594 231 3657 δοίαις
274 3595 461 3658 πολύς.
510 3593 611 3646 Διὰ
637 3591 784 3646 τοῦτ’
813 3592 959 3646 ἐστιν
996 3591 1075 3663 τῷ
1109 3591 1206 3664 μὲν
1245 3591 1473 3664 μηδέπω
1505 3591 1641 3662 φθάο

87 3701 212 3738 σιντι
241 3687 329 3738 ἐπὶ
359 3686 422 3740 rb
457 3685 640 3748 τέλος,
687 3683 802 3738 ἀλλ’
845 3684 926 3738 ἔτι
965 3685 1348 3756 προκόπτοντι,
1383 3683 1532 3747 ὁδόςο
1566 3684 1644 3755 τῷ

85 3779 118 3832 δ’
154 3783 243 3851 ἤδη
293 3784 479 3836 πᾶσαν
527 3781 826 3851 νεκρότητα
875 3779 1196 3850 ἀποθεμὲνῳ
1244 3779 1378 3849 ζωή.
1428 3779 1644 3850 Ταύτην

82 3876 161 3942 τὴν
189 3875 298 3929 ὁδὸν
333 3875 545 3930 ὁδεύων
576 3873 890 3928 διδάσκεται
937 3873 1102 3945 μηδὲν
1148 3872 1323 3944 αῐρειν
1370 3874 1449 3936 εἰς
1475 3873 1642 3944 αὐτην

84 3966 279 4033 ἔχουσαν
309 3967 517 4037 ἄρτους
542 3963 638 4018 καὶ
670 3964 738 4016 τὰ
773 3964 907 4033 πρὸς
942 3963 1107 4034 ζωὴν,
1141 3962 1229 4016 διὰ
1253 3964 1315 4017 τὸ
1345 3964 1508 4034 μηδὲν
1545 3963 1638 4015 δύ-

81 4059 244 4114 νασθαι
269 4064 394 4125 τοὺς
422 4059 722 4130 πολεμίους
758 4061 814 4111 ὲν
848 4059 983 4130 αὐτῇ
1011 4057 1132 4111 οὐδὲ
1169 4057 1362 4130 ράὄδου
1392 4057 1636 4130 χρῄζωνο

81 4151 157 4204 καί
189 4154 301 4206 ἐπεὶ
328 4153 462 4222 ἁγία
501 4152 666 4214 ἐστὶν,
695 4151 804 4204 οὖδ⁹
837 4150 1215 4221 ὑποδημάτων.

1749 3248 2032 3300 premens,
2069 3235 2165 3290 sed
2197 3250 2409 3305 pressa.
2442 3235 2575 3290 Nam
2607 3238 2696 3307 qui
2723 3252 2826 3291 non
2856 3237 3078 3293 solverit
3107 3237 3319 3293 calcea-

1751 3335 1929 3376 menta
1989 3325 2186 3394 pedum
2240 3340 2485 3391 suorum,
2551 3341 2729 3396 neque
2779 3327 2992 3383 sincere
3038 3329 3322 3385 admiserit

1743 3417 1885 3484 quod
1918 3416 2068 3472 locus
2089 3419 2141 3470 in
2167 3433 2276 3486 quo
2297 3428 2424 3485 stat,
2459 3418 2539 3474 vel
2563 3422 2730 3474 etiam
2761 3435 2857 3490 per
2871 3434 3033 3490 quem
3057 3422 3317 3485 ambulat.

1745 3517 1889 3565 terra
1946 3519 2132 3569 sancta
2178 3520 2263 3569 est
2305 3509 2372 3575 “,
2420 3511 2466 3564 is
2502 3511 2700 3579 premit
2749 3512 3020 3568 viventem
3065 3513 3208 3566 viam
3264 3524 3321 3570 et

1749 3602 2076 3657 sentientem
2114 3604 2481 3673 proprietates
2517 3602 2769 3659 facientis
2800 3605 2924 3660 iter.
2972 3605 3141 3662 Ducet
3175 3621 3320 3676 przc-

1748 3703 1892 3746 terea
1923 3693 2036 3772 haec
2064 3693 2147 3747 via
2178 3695 2242 3747 ad
2267 3709 2389 3748 eum
2416 3695 2531 3763 qui,
2558 3695 2666 3750 vita
2701 3711 2824 3751 cum
2848 3697 2939 3762 sit,
2967 3697 3143 3754 dixit:
3177 3697 3319 3767 «Ego

1747 3799 1865 3838 sum
1897 3786 2006 3838 vita
2035 3785 2103 3839 ⁸⁸.
2137 3804 2155 3837 ι
2205 3787 2465 3843 Servatur
2513 3802 2766 3856 namque,
2819 3789 2873 3842 in
2915 3803 3022 3858 quo
3069 3789 3319 3845 universa

1747 3883 1828 3927 est
1853 3874 2046 3939 virtus,
2083 3875 2246 3929 variis
2276 3877 2446 3930 modis
2465 3885 2646 3946 potest
2667 3877 2888 3947 intelligi
2911 3888 2964 3932 et
2993 3879 3314 3949 signiﬁcari.

1749 3963 1884 4019 Hinc
1915 3965 1986 4018 illi
2020 3966 2110 4034 qui
2130 3969 2196 4020 ad
2217 3967 2375 4020 linem
2403 3971 2640 4022 nondum
2663 3972 2989 4038 pervenerit,
3017 3971 3112 4026 sed
3141 3970 3322 4026 adhuc

1748 4054 2091 4124 progreditur
2120 4069 2184 4109 ac
2211 4055 2444 4125 proiicit,
2467 4065 2550 4112 est
2585 4058 2667 4112 via
2693 4074 2709 4124 ;
2737 4058 2812 4112 illi
2839 4075 2964 4115 vero
2993 4060 3323 4129 quiomnem

1754 4145 2142 4202 mortalitatem
2182 4146 2517 4218 deposuerit,
2547 4150 2680 4205 vita.
2725 4148 2832 4206 Per
2869 4151 3012 4210 hanc
3057 4153 3199 4208 viam
3227 4156 3322 4224 qui

78 4249 312 4310 ambulat.
343 4251 579 4305 docetur
608 4250 654 4280 “
686 4249 815 4303 nihil
845 4249 896 4301 in
928 4249 1073 4302 illam
1113 4249 1320 4312 tollere,
1361 4249 1487 4319 quia
1537 4248 1647 4317 ipsa
1700 4259 1869 4316 panes
1907 4245 2092 4308 habet,
2131 4253 2340 4314 etquae
2376 4246 2442 4300 ad
2493 4246 2659 4301 vitam
2704 4247 3015 4316 pertinent;
3059 4265 3131 4304 ne
3170 4250 3324 4321 virga

78 4345 267 4410 quidem
313 4360 510 4414 egens,
545 4347 688 4413 quod
722 4345 854 4399 nihil
903 4347 955 4398 in
985 4345 1072 4399 illa
1124 4347 1333 4412 possint
1362 4347 1590 4409 hostes;
1640 4343 1736 4397 sed
1773 4353 1948 4408 neque
1983 4340 2204 4403 calceis,
2233 4341 2361 4409 quia
2393 4351 2582 4396 sancta
2617 4342 2710 4395 sit.

137 4434 215 4488 12.
255 4434 494 4489 Δύναται
537 4433 787 4512 μέντοιγε
826 4432 888 4484 τό
909 4448 923 4460 ·
976 4449 994 4480 ι
1040 4429 1182 4499 Ἐγὼ
1226 4430 1376 4502 φωνὴ
1408 4429 1636 4502 βοῶντος

1818 4430 1905 4484 l2.
1957 4428 2112 4484 Valet
2164 4438 2346 4484 autem
2404 4430 2734 4488 tantumdem
2785 4429 2962 4484 illud:
3005 4449 3024 4483 ι
3054 4431 3166 4501 Ego
3215 4447 3320 4487 vox

76 4524 126 4578 ὲν
150 4529 208 4596 τῇ
245 4527 470 4599 ιρήμῳ,
520 4546 537 4576 ι
585 4526 677 4579 καὶ
715 4525 775 4576 τὸ
814 4523 962 4593 ἑξῆς,
996 4523 1108 4576 ίσον
1150 4517 1290 4576 εἶναι
1336 4521 1443 4594 τῷ·
1500 4523 1639 4591 Ἐγώ

75 4617 176 4687 εἰμι
223 4621 346 4689 περὶ
382 4612 446 4671 οὗ
495 4618 833 4687 γέγραπται·
893 4634 911 4665 ι
973 4613 1128 4684 Φωνὴ
1178 4612 1427 4684 βοῶντος,
1485 4633 1502 4664 ι
1561 4613 1637 4675 ὼς

79 4706 259 4771 βοῶντα
283 4708 419 4764 εἶναι
453 4710 548 4762 τὸν
590 4710 862 4779 Ἰωάννην,
903 4707 998 4760 καὶ
1027 4706 1216 4760 τούτου
1239 4705 1337 4777 τὴν
1361 4705 1544 4778 φωνὴν
1578 4708 1636 4758 ὲν

76 4803 130 4872 τῇ
175 4805 360 4874 ἐρήμῳ
408 4803 570 4874 βοᾷψ
632 4821 650 4852 ι
708 4801 983 4854 Εὑ)ύνατε
1028 4800 1127 4870 τὴν
1159 4799 1277 4852 ὁδὸν
1329 4799 1554 4870 Κυρίου.
1609 4819 1628 4848 ι

75 4893 477 4964 Δυσφημότερον
499 4893 558 4945 δὲ
580 4895 608 4946 ὁ
641 4890 950 4964 Ἡρακλέων
976 4891 1101 4962 περὶ
1137 4889 1383 4944 Ἰωάννου
1406 4890 1500 4943 καὶ
1527 4889 1635 4942 τῶν

75 4986 347 5055 προφητῶν
397 4984 803 5056 διαλαμϐάνων,
845 4983 1043 5055 φησὶν,
1083 4983 1163 5057 ὅτι
1203 4984 1231 5034 ὁ
1267 4981 1436 5050 Λόγος
1464 4983 1562 5051 μὲν
1606 4985 1634 5035 ὁ

135 5094 174 5125 ³⁸
217 5093 373 5149 Joan.
425 5111 468 5158 ι,
503 5093 594 5149 23.
709 5093 753 5124 ³⁸
783 5093 943 5146 Prov.
982 5106 1056 5155 Iv,
1082 5091 1174 5145 ‘27.

1283 5087 1327 5119 ⁸⁷
1357 5085 1500 5142 Psal.
1537 5107 1586 5154 x,
1617 5090 1670 5146 8.

1749 4519 2036 4575 clamantis
2081 4519 2134 4573 in
2174 4519 2390 4575 deserto
2416 4520 2482 4586 ",
2509 4539 2527 4572 ι
2568 4529 2624 4578 et
2661 4521 2808 4588 quod
2856 4522 3125 4588 sequitur,
3173 4535 3237 4577 ac
3271 4523 3320 4577 si

1745 4617 1956 4671 diceres
1992 4634 2006 4670 :
2039 4615 2152 4686 Ego
2175 4631 2293 4670 sum
2329 4616 2418 4671 ille
2445 4617 2509 4674 de
2543 4631 2653 4685 quo
2693 4615 2956 4685 scriptum
2993 4627 3114 4671 est:
3148 4634 3168 4670 ι
3200 4616 3320 4673 Vox

1741 4706 2054 4773 clamantis,
2082 4727 2100 4759 ι
2152 4717 2210 4760 ut
2239 4706 2510 4762 clamante
2542 4706 2752 4762 Joanne
2774 4746 2790 4771 ,
2822 4721 2924 4762 vox
2958 4707 3118 4774 hujus
3151 4709 3315 4762 etiam

1741 4798 1939 4854 clamet
1976 4817 1991 4854 ε
2032 4817 2050 4850 ι
2090 4798 2316 4870 Dirigite
2372 4800 2515 4853 viam
2558 4798 2791 4854 Domini.
2827 4817 2846 4850 ›
2904 4797 3318 4856 Maledicentius

1746 4898 1926 4943 autem
2001 4889 2298 4946 Heracleon
2343 4893 2410 4948 de
2451 4889 2664 4946 Joanne
2725 4890 2880 4960 121
2937 4906 2989 4945 et
3043 4892 3320 4960 prophetis

1744 4980 2210 5052 disserensinquit
2235 4981 2554 5040 Sermonem
2575 4998 2698 5040 esse
2726 4985 3096 5048 Servatorem;
3126 4999 3316 5039 vocem

1779 5093 1821 5124 ³⁸
1851 5093 1989 5158 Psal.
2027 5111 2099 5161 iv,
2127 5096 2178 5152 7.
2289 5096 2330 5126 ³⁸
2375 5095 2486 5150 Jer.
2533 5115 2604 5156 vr.
2645 5097 2731 5151 l6.
2841 5098 2885 5128 ⁸ο
2917 5095 3080 5150 Joan.
3118 5111 3227 5158 xiv,
3261 5095 3315 5150 6.

75 5163 113 5195 ⁸⁸
141 5162 316 5219 Matth.
348 5157 575 5229 “1,35.
653 5163 699 5196 “
731 5162 920 5216 Matth.
958 5177 1082 5225 xxv,
1110 5162 1201 5214 2|.
1281 5158 1326 5190 ⁸³
1353 5157 1542 5214 Matth.
1581 5178 1628 5217 vI

1777 5206 1790 5229 ,
1828 5166 1917 5220 14.
1995 5165 2042 5197 ⁸⁸
2074 5157 2240 5220 Exod.
2279 5183 2359 5229 ιιι,
2385 5171 2438 5225 5.
2515 5169 2559 5199 ⁸⁵
2590 5167 2747 5224 Joan.
2772 5185 2879 5232 xiv,
2914 5171 2968 5220 6.
3046 5166 3091 5197 ⁸⁸
3119 5157 3313 5220 Matth.

78 5248 124 5297 x,
153 5236 233 5289 l0.
308 5239 351 5268 ιτ
384 5236 546 5292 Joan.
578 5251 618 5302 I,
656 5235 746 5289 23.

136 5330 206 5399 (5)
228 5332 646 5409 ,ἐκκλίνῃς
674 5329 827 5409 μήτε
849 5327 1149 5409 siccabat,
1187 5326 1340 5408 μήτε
1393 5326 1637 5409 etcapta

76 5402 263 5468 (nepti.
297 5400 390 5457 Sic
429 5400 580 5458 hunc
614 5400 912 5472 Scriptura:
942 5400 1131 5472 locum_
1161 5401 1368 5472 Optime
1403 5400 1638 5472 restituit

79 5467 236 5540 codex
283 5473 639 5537 Bodlelauus;
674 5467 930 5528 méndose
987 5472 1039 5525 in
1097 5469 1270 5540 Regio
1319 5468 1517 5538 legitur
1561 5467 1635 5538 μὴ

78 5539 793 5630 έκέξὲντιεμήτεάριστξρά·
894 5612 914 5630 .
1053 5611 1092 5630 ..

145 5613 216 5679 (4)
256 5609 628 5681 Ἐὺθύτητὰς.
680 5609 772 5668 Sic
817 5612 984 5666 codex
1053 5610 1410 5677 Bodleianus;
1467 5609 1634 5664 editio

83 5677 274 5748 Huetii,
307 5677 589 5754 εὐθύτητα.

317 5780 580 5840 Ριτιιοι..
646 5777 767 5838 Gn.
822 5776 992 5838 XIV.

1814 5326 1892 5396 (5)
1924 5326 2098 5398 Ὦπερ
2145 5326 2255 5396 ὁρᾷ
2306 5328 2554 5398 φωτίζει.
2608 5330 2682 5383 Ita
2746 5332 2910 5386 codex
2958 5330 3306 5392 Bodleianus;

1742 5394 1908 5478 editio
1934 5397 2142 5478 lluetii,
2167 5394 2520 5478 ansp'oéhopq'i
2543 5399 2786 5478 φωτίζει.
2810 5469 2843 5478 Α·
2884 5471 2894 5478 _

1812 5467 1888 5537 (6)
1916 5467 2321 5535 Φιλοσάρκωύ,
2362 5467 2464 5524 δῆθ’
2488 5467 2660 5526 codex
2713 5469 3077 5535 Bodleianus;
3141 5467 3316 5526 editio

1740 5535 1959 5610 l‘lu‘etii,
1981 5539 2428 5610 μεγαλοσάρκων.

1813 5609 1892 5680 (7)
1926 5609 2111 5665 Codex
2142 5609 2480 5678 Bodleianus,
2509 5612 2941 5682 ἀπολυσάμενος.
