3766 6142
449 224 557 283 255

1928 216 2249 273 OBIGENIS

3578 228 3666 283 9.56

449 355 547 414 per
571 337 834 394 Joannem
862 334 1125 408 intelligi;
1170 349 1366 392 sonum
1391 347 1521 389 vero
1557 349 1675 391 esse
1704 334 2010 390 universum

2127 335 2317 407 Σωτήρ
2348 338 2515 404 ἐστιν,
2547 339 2696 408 φωνή
2722 338 2778 392 δὲ
2803 340 2835 409 ή
2874 342 2928 392 ἐν
2954 342 3019 411 τῇ
3045 339 3235 411 ἐρήμῳ
3266 343 3298 411 ή
3324 340 3412 394 διὰ
3452 342 3668 401 Ἰωάννου

450 431 838 504 prophetarum
901 428 1172 484 ordinem.
1233 428 1435 483 Contra
1485 441 1647 495 quem
1713 426 2021 492 dicendum,

446 517 907 593 quemadmodum
956 520 1002 575 si
1046 519 1311 575 incertam
1370 534 1557 573 vocem
1615 518 1740 574 tuba
1791 518 2022 585 dederit,

448 615 632 671 nullus
658 616 963 669 adornatur
992 614 1059 667 ad
1084 614 1288 669 bellum
1320 613 1389 677 ⁸⁸,
1421 623 1477 669 et
1504 615 1595 685 qui
1625 615 1744 670 sine
1763 613 2027 670 charitale

450 708 837 779 mysteriorum
882 706 1252 777 cognitionem
1301 722 1397 762 seu
1455 707 1801 776 prophetiam
1841 706 2024 774 habet,

451 800 630 855 factus
668 808 748 855 est
785 813 859 854 aes
884 812 1171 864 resonans,
1203 807 1300 853 aut
1334 797 1644 868 cymbalum
1674 798 1911 854 tinniens
1940 798 2022 865 ως

451 892 527 947 ita
560 894 607 948 si
642 891 774 947 nihil
808 890 956 946 aliud
1012 904 1115 945 vox
1155 891 1470 961 prophetica
1507 890 1576 945 sit
1623 905 1790 961 quam
1836 904 2022 955 sonus,

452 984 724 1053 quomodo
758 983 1042 1039 remittens
1069 982 1136 1037 ad
1183 996 1303 1038 eam
1353 996 1455 1037 nos
1487 980 1747 1037 Servator
1771 982 1903 1037 dicit
1931 982 1978 1014 ⁸ο
2008 999 2022 1035 :

461 1096 480 1129 ε
515 1076 846 1133 Scrutamini
879 1075 1212 1145 Scripturas,
1244 1072 1372 1142 quia
1400 1087 1497 1128 vos
1527 1071 1784 1127 videmini
1818 1074 1871 1126 in
1896 1072 2025 1142 ipsis

452 1170 623 1224 vitam
668 1180 926 1224 aeternam
979 1168 1178 1223 habere
1217 1174 1320 1220 :et
1368 1164 1472 1220 illae
1513 1174 1642 1222 sunt
1684 1180 1804 1236 quae
1838 1164 2028 1219 testiﬁ-

455 1272 655 1320 cantur
706 1264 772 1318 de
817 1276 902 1317 me
930 1279 945 1328 ;
974 1279 992 1313 ι
1055 1269 1110 1313 et
1144 1259 1187 1292 ⁸⁸
1217 1276 1231 1312 :
1268 1276 1289 1310 ‹
1325 1256 1383 1313 Si
1417 1257 1792 1313 credidissetis
1826 1256 2024 1327 Moysi,

456 1356 834 1413 credidissetis
903 1354 1091 1422 utique
1142 1360 1198 1407 et
1261 1350 1396 1406 mihi
1440 1352 1558 1405 :de
1608 1364 1696 1405 me
1743 1349 1887 1405 enim
1939 1349 2028 1405 ille

455 1450 714 1519 scripsit;
746 1467 767 1501 ι
824 1456 879 1503 et
936 1446 1029 1500 "z
1092 1463 1110 1497 ι
1139 1444 1286 1500 Bene
1334 1444 1705 1515 .prophetavit
1751 1444 1819 1499 de
1873 1442 2027 1497 vobis

455 1542 643 1607 lsaias,
689 1542 912 1596 dicens:
944 1536 1180 1609 Populus
1226 1537 1315 1592 hic
1369 1535 1528 1591 labiis
1577 1549 1663 1591 me
1717 1536 1970 1591 honorat.
2000 1552 2022 1589 ι

455 1634 612 1690 ilaud
648 1633 793 1688 enim
835 1632 950 1688 scio
1001 1647 1069 1685 an
1107 1628 1511 1686 rationabiliter
1536 1627 1803 1684 admittet
1829 1625 2026 1696 aliquis

2125 426 2496 498 διανοουμένη,
2523 424 2654 501 ἦχος
2678 429 2734 482 δὲ
2762 433 2909 483 πᾶσα
2928 432 3240 504 προφητικὴ
3259 431 3413 496 τάξις
3435 473 3446 485 .
3468 435 3669 491 Λεκτέον

2125 519 2180 572 δὲ
2212 519 2345 591 πρὸς
2376 519 2557 588 αὑτὸν,
2585 522 2687 586 ὅτι,
2715 520 2905 593 ὥσπερ
2959 524 3053 577 ἐὰν
3092 523 3284 594 ἄδηλον
3322 523 3543 594 σάλπιγξ
3572 544 3669 595 φω-

2126 611 2223 681 νὴν
2258 610 2354 681 δῷ,
2380 611 2555 675 οὐδεὶς
2602 613 3083 684 παρασκευάζεται
3128 614 3207 678 εἰς
3235 614 3489 685 πόλεμον,
3528 618 3610 669 καὶ
3650 621 3676 673 ὀ

2126 706 2294 778 χωρὶς
2339 706 2561 779 ἀγάπης
2611 706 2750 778 ἔχων
2807 708 3007 777 γνῶσιν
3059 709 3372 780 μυστηρίων
3413 707 3449 780 ἢ
3490 728 3677 784 προφη-

2124 798 2275 852 τείαν
2305 799 2494 869 γέγονε
2521 798 2717 869 χαλκὸς
2735 798 2904 870 ἠχῶν,
2930 800 2964 870 ἢ
2994 799 3270 871 κύμϐαλον
3294 797 3549 863 ἀλαλάζον
3564 818 3577 831 ·
3600 802 3677 855 οὖ-

2125 906 2252 954 τως,
2278 890 2328 942 εἰ
2356 889 2523 962 μηδέν
2546 892 2693 944 ἐστιν
2715 889 2801 944 ἓτε
2809 908 2901 963 ρον
2930 891 2965 961 ἦ
2986 885 3118 962 ἦχος
3141 894 3174 962 ἡ
3199 891 3508 963 προφητικὴ
3527 892 3675 967 φωνὴ,

2128 981 2242 1046 πῶς
2271 983 2610 1054 ἀναπέμπων
2637 984 2787 1054 ἡμᾶς
2815 984 2903 1036 ἐπ’
2934 982 3104 1055 αὐτὴν
3130 984 3159 1036 ὁ
3199 983 3413 1055 Σωτὴρ,
3459 1002 3476 1034 t
3519 985 3676 1056 ’Epw-

2126 1073 2273 1136 νᾶτε,
2317 1092 2335 1124 ι
2383 1073 2536 1144 φησι,
2579 1093 2598 1125 t
2648 1073 2748 1137 τὰς
2792 1073 3036 1145 Γραφάς,
3082 1075 3164 1127 ὅτι
3213 1075 3372 1146 ὑμεῖς
3402 1073 3592 1129 δοκεῖτε
3629 1077 3678 1130 ἐν

2126 1166 2317 1229 αὐταῖς
2338 1162 2484 1237 ζωὴν
2509 1165 2726 1222 αἰώνιον
2748 1167 2893 1239 ἐχειν
2912 1184 2925 1198 ·
2954 1169 3050 1221 καὶ
3073 1167 3279 1221 ἐκεῖναί
3302 1168 3443 1220 εἰσιν
3475 1168 3529 1221 αἱ
3556 1186 3678 1241 μαρ-

2125 1256 2385 1327 τυροῦσαι
2408 1275 2420 1287 ·
2450 1279 2467 1310 ο
2498 1259 2621 1312 καί·
2651 1277 2670 1310 ‹
2700 1260 2764 1313 Εἰ
2790 1259 3104 1313 ἐπιστεύετε
3121 1259 3682 1325 Μωῦσεϊ,ἐπιστεύετε

2124 1348 2190 1402 ἂν
2212 1350 2354 1420 ἐμοί·
2381 1352 2508 1423 περὶ
2536 1351 2644 1423 γὰρ
2671 1350 2803 1423 ἐμοῦ
2836 1353 3041 1416 ἐκεῖνος
3066 1350 3293 1422 ἔγραψε·
3329 1370 3349 1403 ι
3383 1351 3508 1404 καί·
3543 1370 3559 1402 t
3580 1352 3681 1404 Κα-

2124 1440 2233 1505 λῶς
2259 1443 2635 1513 προεφήτευσε
2664 1444 2793 1515 περὶ
2823 1444 2852 1496 ὑ
2861 1442 2977 1514 μῶν
3004 1442 3252 1508 Ἡσαΐας,
3279 1441 3476 1512 λέγων·
3502 1443 3556 1497 Ὁ
3576 1442 3684 1506 λαὸς

2124 1527 2277 1597 οὗτος
2304 1535 2418 1597 τοῖς
2449 1532 2652 1605 χείλεσί
2692 1552 2763 1606 με
2802 1535 2952 1606 τιμᾷ·
3009 1553 3027 1587 ι
3069 1534 3181 1589 Ούκ
3215 1530 3332 1587 οἶδα
3379 1532 3491 1606 γάρ
3532 1535 3578 1587 εἰ
3609 1534 3685 1588 τὸν

2126 1624 2340 1697 ἄσημον
2369 1621 2504 1697 ἦχον
2533 1625 2893 1697 παραδέξεται
2917 1645 3001 1690 τις
3018 1628 3256 1697 εὐλόγως
3279 1626 3384 1680 ὑπὸ
3403 1627 3501 1680 τοῦ
3522 1628 3686 1698 Eruci}-

454 1727 726 1783 incertum
759 1737 952 1779 sonum
985 1737 1014 1776 a
1042 1722 1334 1778 Servatore
1370 1720 1581 1776 laudari
1607 1738 1623 1787 ;
1655 1718 1739 1775 vel
1768 1734 1835 1773 an
1866 1719 2010 1773 licea!

2132 1694 2669 1790 ροςῃέπαινεῖσθαιξῆ
2706 1719 2879 1774 ἔνεστι
2911 1694 3438 1791 παρασκευάσασθαι
3466 1721 3568 1775 ἀπὸ
3595 1694 3686 1775 mihi

456 1834 522 1875 ex
553 1817 851 1886 Scripturis
877 1814 969 1886 [ad
990 1829 1128 1885 quas
1152 1811 1505 1884 remittimur]
1534 1826 1634 1868 ceu
1661 1828 1689 1865 a
1720 1824 1855 1867 voce
1884 1811 2026 1866 tubae

459 1909 713 1967 adornari
751 1909 817 1964 ad
846 1907 1043 1963 bellum
1074 1914 1264 1961 contra
1320 1904 1598 1975 appositas
1640 1903 1887 1987 actiones
1912 1945 1928 1971 ,
1979 1900 2025 1958 si

454 2017 623 2059 sonus
655 2000 863 2057 dederit
889 2000 1157 2055 incertam
1177 2012 1388 2054 vocem.
1409 1996 1653 2064 Quonam
1677 1996 1818 2051 enim
1841 2005 2023 2066 pacto,

454 2094 504 2149 si
538 2092 860 2147 charitatem
889 2104 993 2144 non
1026 2089 1336 2143 habuerunt
1374 2087 1676 2157 prophetae,
1703 2089 1772 2142 ob
1797 2102 2025 2155 eamque

454 2198 675 2239 causam
704 2181 871 2237 veluti
903 2196 976 2236 aes
1002 2180 1350 2243 resonabant,
1390 2187 1482 2233 aut
1521 2186 1777 2249 tanquam
1806 2178 2027 2250 cymba-

444 2274 568 2332 ium
595 2273 922 2334 tinniebant,
949 2272 1017 2327 ad
1043 2282 1235 2328 sonum
1268 2272 1532 2341 ipsorum,
1560 2279 1618 2324 ut
1649 2269 1725 2324 illi
1762 2269 2027 2339 interpre-

452 2369 560 2426 tati
608 2377 762 2434 sunt,
816 2364 1042 2420 remittit
1095 2377 1192 2419 nos
1229 2361 1489 2418 Dominus
1545 2361 1671 2416 inde
1735 2360 2025 2415 utilitatem

445 2459 849 2532 percepturos?
879 2456 1091 2512 Rursus
1120 2455 1288 2512 etiam
1319 2457 1507 2510 nescio
1529 2452 1800 2524 quomodo
1822 2452 2027 2522 absque

440 2553 563 2608 ~ulla
612 2550 931 2623 probatione
1001 2548 1249 2605 enuntiet
1319 2562 1509 2603 vocem
1568 2545 1809 2602 sermoni
1869 2546 2027 2601 valde

440 2642 943 2706 accommodatam,
970 2654 1275 2696 sermonem
1308 2639 1423 2695 ﬁeri
1455 2655 1468 2692 :
1501 2639 1657 2709 quasi
1682 2652 1814 2694 vero
1838 2638 2027 2694 mulie-

458 2752 573 2792 rem
606 2735 659 2789 in
686 2734 860 2790 virum
893 2738 1244 2788 transmutet.
1292 2728 1564 2785 Praeterea
1590 2729 1746 2799 quasi
1785 2737 2027 2801 potesta-

448 2838 567 2883 tem
596 2828 801 2883 habens
825 2824 1092 2881 condendi
1118 2816 1485 2895 dogmata,'et
1511 2822 1674 2878 [idem
1704 2822 1811 2879 sibi
1842 2822 2028 2892 acqui-

457 2916 634 2983 rendi,
673 2925 730 2971 et
759 2912 1101 2984 proﬁciendi,
1159 2912 1403 2969 futurum
1459 2912 1655 2983 inquit,
1712 2921 1774 2969 ut
1817 2915 2028 2970 sonitus

2128 1811 2384 1883 Γραφῶν,
2417 1812 2491 1875 ὡς
2529 1812 2637 1866 ἀπὸ
2671 1813 2856 1884 φωνῆς
2885 1812 3184 1881 σάλπιγγος
3227 1813 3312 1882 ἐφ’
3350 1811 3419 1876 ἃς
3467 1814 3690 1885 ἀναπεμ-

2130 1903 2344 1974 πόμεθα
2367 1905 2446 1968 εἰς
2474 1905 2566 1958 τὸν
2596 1905 2732 1977 πρὸς
2764 1904 2861 1968 τάς
2892 1904 3275 1976 ἀντικειμένας
3300 1904 3578 1976 ἐνεργείας
3609 1906 3691 1958 πό-

2127 1996 2309 2068 λεμον,
2338 1997 2535 2069 ἀδήλου
2562 1998 2745 2069 φωνῆς
2768 1998 2901 2069 ῆχου
2926 1998 3322 2071 τυγχανούσης,
3350 1998 3490 2052 Τίνα
3512 1998 3567 2052 δέ
3586 2000 3692 2072 τρό-

2129 2107 2227 2143 πον
2256 2092 2304 2143 εί
2350 2090 2424 2162 μὴ
2459 2090 2680 2160 ἀγάπην
2709 2087 2852 2162 εἶχον
2889 2093 2940 2144 οἱ
2975 2092 3271 2164 προφῆται,
3311 2091 3409 2147 καὶ
3448 2090 3533 2144 διὰ
3555 2090 3693 2144 τοῦτο

2125 2183 2323 2253 χαλκὸς
2344 2179 2484 2255 ἦσαν
2510 2182 2790 2255 ὴχοῦντες,
2821 2184 2854 2255 ἢ
2878 2183 2946 2238 κύ
2954 2184 3156 2255 μὸαλον
3185 2183 3476 2248 ἀλαλάζον,
3502 2184 3591 2236 ἐπὶ
3614 2182 3692 2236 τὸν

2126 2269 2258 2345 ἦχον
2287 2275 2486 2339 αὐτῶν,
2522 2277 2598 2340 ὡς
2626 2278 2825 2331 ἐκεῖνοι
2856 2277 3165 2347 εἰλήφασιν,
3200 2276 3520 2347 ἀναπέμπει
3540 2278 3568 2329 ὁ
3595 2275 3693 2328 Κύ-

2131 2386 2245 2440 ριος
2269 2368 2792 2440 ὡφεληθησομένους
2817 2386 2831 2434 ;
2862 2368 2976 2423 Ούκ
3011 2364 3128 2423 οἶδα
3160 2368 3203 2421 δ’
3233 2369 3383 2432 ὅπως
3417 2368 3583 2439 χωρὶς
3602 2368 3694 2423 πά-

2131 2480 2230 2534 σης
2254 2461 2602 2533 κατασκευῆς
2632 2461 2991 2529 ἀποφαίνεται
3016 2462 3118 2533 τὴν
3148 2460 3352 2532 φωνὴν,
3376 2461 3696 2532 οἰκειοτέραν

2127 2548 2291 2606 οὖσαν
2338 2551 2418 2625 τῷ
2458 2551 2621 2623 λόγῳ,
2670 2551 2825 2621 λόγον
2881 2550 3165 2620 γίνεσθαι,
3207 2550 3285 2615 ὡς
3336 2552 3436 2604 καὶ
3481 2551 3577 2621 τὴν
3612 2567 3696 2619 γυ-

2128 2646 2290 2698 ναῖκα
2345 2643 2424 2708 είς
2480 2643 2650 2717 ἄνδρα
2706 2642 3107 2715 μετατίθεσθαι.
3158 2643 3268 2696 Καὶ⁹
3325 2641 3403 2706 ὡς
3469 2641 3697 2706 ἐξουσίαν

2127 2735 2267 2806 ἔχων
2298 2736 2393 2790 τοῦ
2416 2734 2785 2808 δογματίζειν,
2814 2736 2910 2790 καὶ
2946 2734 3325 2801 πιστεύεσθαι,
3371 2733 3470 2787 καὶ
3516 2734 3696 2805 προκό-

2128 2847 2302 2895 πτειν,
2337 2828 2415 2901 τῷ
2445 2831 2562 2902 ἠχῳ
2597 2830 2761 2902 φησιν
2781 2829 3000 2884 ἔσεσθαι
3030 2828 3129 2902 τὴν
3164 2831 3244 2893 είς
3269 2828 3456 2900 φωνὴν
3489 2828 3698 2899 μεταϐο-

2128 2923 2248 2995 λὴν,
2300 2921 2540 2993 μαθητοῦ
2595 2923 2693 2993 μὲν
2736 2922 2918 2993 χώραν
2963 2922 3139 2985 διδοὺς
3184 2923 3248 2993 τῇ
3301 2920 3699 2992 μεταϐαλλούσῃ

436 3016 699 3062 ἰιιυιειιιι-
742 3006 796 3061 in
832 3020 1041 3070 vocem,
1089 3006 1209 3062 loco
1244 3005 1493 3074 discipuli
1533 3014 1778 3063 statuens
1831 3021 2010 3062 vocetr

2128 3015 2208 3078 είς
2235 3014 2389 3082 λόγον
2429 3016 2601 3085 φωνῇ,
2637 3014 2670 3080 ἢ
2700 3012 2887 3067 δούλου
2915 3014 2972 3068 δὲ
3005 3016 3070 3085 τῇ
3101 3013 3209 3067 ἀπὸ
3235 3014 3369 3083 ῆχου
3400 3013 3485 3076 είς
3510 3011 3695 3081 φωνήν.

457 3108 833 3156 transeuntem
855 3098 910 3154 in
942 3112 1273 3163 sermonem,
1302 3097 1422 3153 loco
1446 3112 1579 3153 vero
1612 3099 1759 3154 servi
1787 3100 2025 3154 sonitum

428 3200 830 3248 transeuntem
866 3192 920 3246 in
975 3204 1184 3246 vocem.
1241 3190 1394 3256 Quod
1443 3191 1489 3246 si
1536 3191 2027 3262 quomodocunque

456 3285 728 3340 attulisset
754 3283 961 3353 aliquas
992 3280 1303 3353 probabiles
1316 3282 1557 3338 rationes
1581 3283 1636 3336 in
1666 3283 1751 3338 his
1772 3293 2026 3339 astruen-

457 3378 562 3440 dis,
586 3376 990 3433 laboras‘semus
1016 3376 1182 3430 etiam
1213 3388 1318 3430 nos
1345 3375 1396 3428 in
1430 3375 1516 3430 his
1542 3374 1880 3431 refellendis.
1916 3374 2025 3431 Sed

454 3471 652 3529 sullicit
686 3472 753 3528 ad
774 3472 893 3527 haec
917 3468 1218 3526 refellenda
1244 3469 1385 3525 nuda
1414 3467 1752 3539 simplexque
1780 3469 2020 3540 negatio.

454 3566 563 3622 Sed
615 3577 718 3634 age
747 3603 764 3630 ,
825 3561 970 3633 quod
1034 3558 1425 3616 distuleramus
1480 3559 1535 3615 in
1589 3559 2023 3629 praecedentibus

453 3658 731 3727 inquirere
754 3695 771 3721 ,
799 3653 1069 3725 quomodo
1092 3662 1273 3709 motus
1303 3650 1409 3707 fuit
1431 3692 1448 3717 ,
1481 3666 1625 3707 nunc
1665 3650 2018 3707 disseramus.

423 3750 728 3813 'Servator,
759 3746 914 3818 juxta
948 3745 1359 3811 Heracleonem,
1389 3742 1655 3799 Joannem
1684 3745 1861 3812 ipsum
1889 3743 2022 3799 dicit

451 3852 510 3900 ct
531 3841 849 3914 prophetam
882 3849 937 3896 et
960 3839 1134 3895 Eliam
1168 3853 1185 3893 :
1214 3853 1446 3910 quorum
1487 3846 1781 3906 utrumque
1802 3851 1861 3892 se
1899 3851 2022 3893 esse

454 3944 615 4005 negat
667 3932 947 4007 [Joannes
1005 3929 1199 4003 ipse;]
1258 3939 1522 4000 praeterea
1592 3929 1909 3999 prophetam
1965 3936 2023 3986 et

454 4026 629 4082 Etiam
647 4039 768 4080 cum
793 4023 1052 4079 Servator
1083 4023 1259 4093 ipsum
1281 4021 1410 4078 dicit
1426 4024 1445 4093 (
1463 4021 1638 4092 inquit
1665 4019 2016 4091 Heracleon),

453 4131 565 4174 non
592 4117 765 4186 ipsum
798 4112 1065 4170 Joannem
1098 4113 1382 4189 declarat,
1435 4114 1529 4170 sed
1559 4128 1680 4184 quae
1722 4122 1849 4168 sunt
1871 4113 2018 4168 circa

416 4210 648 4280 -ipsum;
679 4222 803 4263 cum
831 4220 962 4263 vero
1005 4203 1271 4276 majorem
1308 4207 1470 4262 etiam
1511 4206 1790 4277 prophetis
1818 4213 1886 4260 et
1933 4204 2020 4260 his

449 4304 541 4374 qui
569 4310 694 4358 sunt
738 4301 880 4355 inter
915 4309 1075 4356 natos
1104 4299 1415 4365 mulierum,
1471 4309 1600 4355 tunc
1639 4300 1814 4370 ipsum
1848 4297 2019 4354 Joan-

2131 3106 2322 3161 Κοιὶεί
2369 3107 2466 3178 μὲν
2506 3107 2653 3170 ὅπως
2686 3107 2818 3160 ποτὲ
2865 3105 3197 3177 πιθανότητα
3246 3104 3446 3176 ἔφερεν
3502 3103 3593 3156 ἐπὶ
3628 3100 3696 3173 τῷ

2131 3198 2268 3253 αύτά
2295 3199 2728 3262 κατασκευάσαι,
2756 3198 2858 3253 κᾶν
2887 3195 3276 3269 ἠγωνισάμεθα
3308 3196 3442 3266 περὶ
3465 3194 3565 3267 τῆς
3587 3192 3697 3248 τού-

2130 3308 2237 3345 των
2283 3289 2595 3362 ἀνατροπῆς
2617 3307 2630 3320 ·
2674 3290 2837 3362 ἀρκεῖ
2874 3289 2932 3344 δὲ
2965 3289 3046 3354 είς
3079 3287 3390 3360 ἀνατροπὴν
3424 3290 3460 3358 ἡ
3496 3287 3696 3357 ἀπαρα-

2135 3383 2371 3455 μύθητος
2396 3383 2690 3452 ἀπόφασις.
2722 3383 2899 3453 Ὅπερ
2925 3381 2983 3435 δὲ
3007 3379 3353 3454 ὑπερθέμεθα
3378 3380 3441 3433 ἐν
3470 3381 3582 3442 τοῖς
3607 3378 3700 3449 πρὸ

2128 3475 2334 3530 τούτων
2369 3475 2618 3542 ἐξετάσαι
2659 3475 2775 3538 πῶς
2805 3474 3110 3546 κεκίνηται,
3145 3473 3241 3527 νῦν
3274 3473 3411 3544 φέρε
3443 3470 3697 3526 διαλάϐω-

2134 3584 2259 3638 μεν·
2286 3568 2314 3620 ὁ
2346 3568 2444 3637 μὲν
2466 3567 2576 3638 γὰρ
2602 3567 2814 3639 Σωτὴρ,
2842 3567 2985 3621 κατά
3007 3568 3098 3621 τὸν
3139 3565 3519 3638 Ἡρακλέωνα,
3547 3562 3701 3635 φησιν

2129 3660 2291 3715 αὐτὸν
2328 3661 2422 3714 καὶ
2459 3662 2744 3733 προφήτην
2779 3662 2874 3716 καὶ
2920 3661 3134 3716 Ἠλίαν·
3172 3662 3334 3726 αὐτὸς
3360 3661 3421 3716 δέ
3453 3661 3700 3732 ἑκάτερον

2126 3754 2330 3809 τούτων
2378 3755 2650 3826 ἀρνεῖται·
2702 3755 2796 3809 καὶ
2845 3756 3131 3828 προφήτην
3175 3756 3275 3826 μὲν
3316 3756 3413 3809 καὶ
3459 3754 3643 3808 Ἠλίαν
3675 3753 3702 3806 ὁ

2126 3840 2319 3914 Σωτὴρ
2357 3842 2495 3896 ἐπάν
2529 3842 2690 3898 αὐτὸν
2720 3843 2884 3917 λέγῃ,
2916 3845 3017 3899 οὐκ
3058 3845 3252 3910 αὑτὸν,
3298 3844 3441 3900 ἀλλά
3473 3844 3547 3898 τὰ
3584 3842 3698 3915 περὶ

2126 3932 2315 3996 αὐτοῦ,
2367 3933 2521 4004 φησὶ,
2566 3933 2837 3989 διδάσκει·
2869 3937 2998 3990 ὅταν
3037 3936 3093 3989 δὲ
3140 3936 3363 4007 μείζονα
3409 3936 3700 4009 προφητῶν

2102 4025 2221 4079 ’καὶ
2253 4026 2310 4079 ἐν
2335 4027 2614 4097 γεννητοῖς
2637 4026 2930 4095 γυναικῶν,
2967 4028 3086 4081 τότε
3118 4028 3281 4082 αὐτὸν
3312 4028 3406 4082 τὸν
3453 4030 3699 4098 Ἰωάννην

2125 4116 2538 4188 χαρακτηρίζει.
2567 4118 2740 4182 Αὐτὸς
2776 4118 2854 4183 δὲ,
2892 4121 3046 4191 φησὶ,
3086 4120 3215 4193 περὶ
3253 4120 3451 4174 ἐαυτοῦ
3489 4120 3701 4194 ἐρωτώ-

2129 4227 2285 4281 μενος
2331 4211 2684 4282 ἀποκρίνεται
2724 4212 2753 4264 ὁ
2795 4211 3067 4282 Ἰωάννης,
3119 4214 3180 4265 οὐ
3225 4213 3293 4266 τά
3336 4214 3470 4285 περὶ
3520 4213 3697 4267 αὐτόν.

2128 4304 2296 4374 Ὅσην
2319 4302 2376 4356 δὲ
2402 4303 2629 4374 βάσανον
2650 4306 2813 4376 ἡμεῖς
2833 4306 2960 4376 περὶ
2988 4304 3191 4359 τούτων
3220 4304 3363 4359 κατά
3389 4306 3454 4359 τὸ
3482 4305 3702 4359 δυνατὸν

450 4411 570 4452 nem
605 4394 867 4465 designat.
909 4391 1165 4461 Proinde,
1210 4391 1386 4462 inquit
1411 4389 1738 4459 Heracleon,
1781 4388 2010 4447 Joannes

2125 4396 2497 4469 πεποιήμεθα,
2522 4396 2674 4451 οὐδὲν
2708 4396 3137 4469 ἀπαραμύθητον
3172 4394 3371 4461 ἐῶντες
3400 4395 3518 4450 τῶν
3552 4395 3699 4462 λεγο·

446 4487 562 4557 ipse
589 4489 972 4556 interrogatus,
1006 4485 1073 4540 de
1100 4483 1282 4553 seipso
1311 4483 1638 4554 respondet,
1684 4495 1791 4538 non
1828 4482 1895 4535 de
1931 4481 2014 4536 his

446 4597 566 4652 qua:
602 4582 744 4638 circa
775 4582 1029 4652 seipsum.
1054 4588 1201 4636 sunt.
1250 4578 1408 4649 122
1446 4577 1713 4633 Caeterum
1762 4591 2011 4648 magnam

447 4674 778 4746 diligentiam
802 4674 868 4730 de
915 4674 1065 4729 hisce
1106 4674 1271 4729 rebus
1307 4688 1406 4744 pro
1444 4672 1589 4727 virili
1630 4672 2010 4740 adhibuimus,

449 4778 506 4822 ut
538 4767 672 4823 nihil
698 4782 802 4821 non
825 4766 1633 4831 co‘nlirmatum'omitteremus,
1658 4778 1767 4835 quo
1791 4779 2015 4837 compa-

439 4868 697 4933 rarentur
723 4858 962 4923 termini,
986 4872 1126 4928 quos
1156 4865 1374 4923 vocant,
1414 4871 1537 4912 cum
1565 4856 1651 4911 his
1681 4871 1801 4926 quae
1832 4872 2009 4911 enun-

443 4953 577 5007 tiata
612 4951 830 5005 fuerunt
855 4951 925 5006 ab
951 4950 1286 5006 Heracleone
1306 4966 1321 5005 :
1343 4952 1539 5021 quippe
1556 4950 1647 5020 qui
1680 4964 1786 5004 non
1817 4948 2015 5003 habeat

444 5051 765 5117 potestatem
823 5042 1038 5098 dicendi
1098 5042 1359 5113 quidquid
1437 5042 1592 5097 velit.
1674 5040 1788 5108 Qua
1867 5040 2010 5094 enim

444 5140 680 5201 ratione,
715 5152 783 5191 ne
825 5136 1015 5191 leviter
1058 5137 1300 5205 quidem,
1350 5134 1584 5203 probare
1634 5143 1861 5188 conatur
1908 5132 2012 5187 hoc

444 5231 630 5302 (quod
662 5228 867 5284 scilicet
898 5226 1133 5281 Joannes
1159 5268 1173 5291 ,
1207 5235 1478 5296 quatenus
1505 5236 1587 5282 est
1615 5226 1874 5296 propheta
1899 5264 1914 5289 ,
1957 5231 2013 5277 et

444 5323 612 5388 Elias,
647 5330 701 5377 et
728 5334 835 5375 vox
860 5318 1141 5374 clamantis
1176 5319 1228 5372 in
1254 5317 1512 5388 deserto)
1536 5332 1659 5372 esse
1680 5332 1747 5371 ex
1780 5329 2010 5370 numero

442 5429 628 5471 eorum
658 5428 777 5483 quae
796 5418 922 5467 sunt
951 5410 1099 5465 circa
1142 5412 1315 5479 ipsum
1338 5451 1354 5476 ,
1405 5411 1501 5466 sed
1534 5411 1702 5465 utitur
1735 5408 2007 5478 exemplo,

444 5506 585 5575 quod
616 5521 735 5573 quae
767 5513 892 5577 sunt
923 5502 1067 5556 circa
1113 5502 1284 5573 ipsum
1320 5503 1433 5558 sint
1476 5502 1641 5558 veluti
1683 5501 2005 5556 vestimenta

2123 4487 2300 4559 μένων
2350 4489 2491 4560 ὅρων
2536 4490 2825 4560 συγκρῖναι
2870 4490 2982 4552 τοῖς
3021 4488 3128 4541 ὑπὸ
3173 4486 3577 4561 Ἡρακλέωνος,
3612 4487 3700 4540 an

2119 4577 2218 4630 ούκ
2245 4576 2494 4642 ἐξουσίαν
2525 4577 2739 4649 ἔχοντος
2764 4577 2859 4631 τοῦ
2889 4577 3070 4646 λέγειν
3092 4576 3122 4630 ὃ
3151 4577 3420 4648 βούλεται,
3456 4578 3699 4644 ἀποφαν-

2120 4666 2275 4720 θεῖσι.
2310 4669 2432 4732 Πῶς
2464 4669 2592 4738 γὰρ,
2620 4669 2702 4722 ὅτι
2725 4669 2854 4739 περὶ
2888 4669 3047 4722 αὑτὸν
3073 4670 3190 4722 ἐστι
3219 4670 3281 4722 τὸ
3320 4669 3515 4724 Ἠλίαν
3545 4668 3701 4724 αὐτὸν

2117 4761 2212 4814 καὶ
2237 4761 2523 4832 προφήτην
2557 4757 2717 4826 εἶναι,
2752 4762 2849 4815 καὶ
2882 4761 3011 4832 περὶ
3037 4761 3202 4815 αὐτοῦ
3229 4762 3292 4815 τὸ
3322 4764 3515 4836 φωνὴν
3542 4761 3699 4817 αὐτὸν

2119 4847 2258 4905 εἶναι
2297 4852 2526 4922 βοῶντος
2555 4856 2614 4907 ἐν
2644 4856 2708 4924 τῇ
2739 4856 2951 4925 ἐρήμῳ,
2980 4855 3100 4909 οὐδὲ
3132 4856 3273 4910 κατά
3299 4856 3362 4909 τὸ
3388 4856 3560 4926 τυχὸν
3585 4872 3703 4908 πει-

2122 4944 2280 5014 ρᾶται
2318 4944 2717 5020 ἀποδεικνύναι,
2754 4946 2891 4999 ἀλλά
2924 4948 3121 5018 χρῆται
3149 4946 3589 5020 παραδείγματι,
3622 4947 3699 4999 ὅτι

2116 5033 2184 5088 τὰ
2215 5036 2342 5106 περὶ
2375 5035 2535 5090 αὐτὸν
2570 5018 2735 5091 οἱονεὶ
2767 5038 3041 5109 ἐνδύματα
3066 5034 3135 5109 ἦν
3170 5018 3333 5109 ἕτερα
3365 5038 3543 5092 αύτοῦ
3562 5056 3575 5069 ·
3611 5037 3700 5091 καὶ

2115 5127 2215 5179 οὐκ
2240 5127 2307 5181 ἂν
2339 5127 2634 5200 ἐρωτηθεὶς
2660 5129 2789 5201 περὶ
2819 5129 2929 5184 τῶν
2959 5129 3291 5198 ἐνδυμάτων,
3318 5132 3367 5183 εί
3404 5130 3581 5193 αὐτὸς
3619 5130 3696 5196 εἴη

2117 5221 2189 5274 τὰ
2223 5220 2515 5291 ἐνδύματα,
2557 5222 2828 5293 ἀπεκρίθη
2856 5221 2922 5275 ἂν
2948 5221 3028 5285 τὸ,
3061 5222 3198 5275 Ναί·
3240 5222 3363 5284 Πῶς
3403 5222 3523 5294 γὰρ
3552 5218 3703 5274 ἐνδύ-

2122 5330 2267 5383 ματα
2309 5315 2369 5367 τὸ
2421 5314 2561 5369 εῖναι
2610 5316 2698 5368 τὸν
2761 5314 2945 5369 Ἠλίαν
2994 5317 3083 5369 τὸν
3130 5315 3386 5386 μέλλοντα
3435 5313 3699 5385 ἔρχεσθαι

2132 5407 2399 5474 Ἰωάννου,
2434 5409 2495 5461 οὐ
2534 5408 2673 5463 πάνυ
2708 5425 2761 5461 τι
2792 5409 2914 5461 κατ’
2948 5407 3108 5463 αὐτὸν
3140 5407 3360 5479 θεωρῶ·
3395 5407 3549 5479 τάχα
3578 5405 3701 5463 καθ’

2122 5502 2268 5571 ἡμᾶς
2301 5500 2377 5564 ὡς
2406 5500 2738 5572 δεδυνήμεθα
2779 5500 3217 5572 διηγησαμένους
3251 5502 3332 5565 τὸ,
3372 5521 3391 5553 ι
3433 5502 3501 5554 ἐν
3533 5500 3698 5556 met}-

515 5680 731 5741 "lCor
788 5700 900 5747 xtv,
938 5682 992 5739 8.
1068 5678 1112 5714 δ’
1140 5680 1304 5743 lCor.
1332 5671 1453 5752 xui,
1484 5684 1537 5753 l,
1574 5684 1630 5743 2.
1705 5685 1751 5719 '°
1782 5682 1938 5743 Joan.
1975 5698 2006 5740 v

2125 5689 2153 5744 ι,
2228 5682 2271 5716 ἰ
2307 5681 2435 5739 ibid.
2462 5681 2548 5736 46.
2628 5682 2672 5715 ⁸³
2696 5680 2886 5740 Matth.
2918 5698 3008 5750 xv,
3031 5682 3084 5751 ’1,
3112 5680 3165 5739 8.
