3766 6142
142 342 233 397 επ

1148 334 1498 393 COMMENT.
1538 335 1604 391 IN
1640 334 1831 390 JOAN.
1876 333 2112 391 TOMUS
2151 336 2237 391 Vl.

3218 339 3323 395 258

142 454 345 527 ματικαὶ
369 452 593 525 δυνάμι
635 453 836 519 Ἠλίου,
874 472 892 504 t
925 452 1224 524 δυναμένου
1262 471 1379 517 πως
1409 453 1661 522 λέγεσθαι

1842 467 1978 509 tersa
2005 454 2073 507 ab
2114 467 2180 510 eo
2217 463 2310 509 :et
2333 454 2477 522 quod
2508 453 2875 526 interrogatus
2912 454 2982 509 de
3033 454 3325 510 vestimen-

132 549 261 604 τοῦτο
285 548 342 602 τὸ
371 548 582 619 πνεῦμα
618 548 806 601 Ἡλίου
834 548 1140 618 ἔνδυνάμει
1177 544 1316 601 εἶναι
1345 549 1444 618 τῆς
1480 547 1659 601 Ἰωάν-

133 657 204 696 νου
230 639 410 709 ψυχῆς.
445 637 625 692 Θέλων
655 638 714 691 δέ
746 655 830 702 τις
867 637 945 710 (8)
991 638 1338 711 παραστῆσαι
1374 638 1462 691 διὰ
1488 637 1540 690 τί
1586 639 1659 690 ts-

111 720 223 801 ’ρεῖς
243 730 327 783 καὶ
351 728 569 783 Λευῖται
601 729 651 782 ot
685 728 1069 800 ἐπερωτῶντες
1100 728 1213 782 ἀπὸ
1240 728 1355 782 τῶν
1393 727 1660 782 Ἰουδαίων

131 820 428 892 πμφθέντες
452 820 610 886 εἰσὶν,
633 820 695 873 οὐ
726 818 912 883 κακῶς
941 820 1039 891 μὲν
1060 820 1208 888 λέγοι
1238 819 1319 883 τὸ,
1348 819 1429 872 ὅτι
1450 818 1660 882 τούτοις

127 912 363 985 προσῆκον
391 906 461 983 ἦν
504 912 632 984 περὶ
670 911 873 966 τούτων
903 911 1378 984 πολυπραγμονεῖν
1407 910 1671 991 καῖ’πυνέ

126 1004 342 1060 θάνεσθαι
373 1007 485 1069 τοῖς
511 1003 593 1075 τῷ
617 1004 736 1076 Θεῷ
768 1005 1288 1078 προσκαρτεροῦσιν.
1321 1006 1394 1059 Οὐ
1431 1004 1572 1059 πάνυ
1601 1003 1659 1057 δὲ

121 1096 463 1169 ὲξητασμένως
493 1098 578 1166 τὸ,
615 1099 699 1152 ὅτι
725 1098 819 1153 καὶ
843 1097 1005 1162 αὐτὸς
1034 1099 1100 1151 ἐκ
1118 1098 1219 1169 τῆς
1241 1097 1530 1169 Λευῖτικῆς
1557 1114 1658 1168 φυ-

122 1190 201 1260 λῆς
230 1185 313 1260 ἦν,
341 1188 531 1261 ὥσπερ
568 1189 899 1261 ἀποροῦντες
937 1190 1097 1260 ἡμεῖς
1134 1188 1509 1261 ὲξητάσαμενο
1552 1188 1659 1252 ὅτι,

119 1284 160 1335 εί
184 1282 382 1353 ᾔδεισαν
408 1281 504 1335 τὸν
550 1282 809 1352 Ἰωάννην
848 1282 898 1334 οἱ
930 1280 1290 1353 πεμφθέντες,
1322 1281 1416 1334 καὶ
1441 1279 1539 1351 τὴν
1569 1279 1663 1349 γέ-

120 1387 240 1424 νεσιν
262 1369 438 1435 αὐτοῦ,
473 1370 597 1435 πῶς
627 1370 813 1442 χώραν
831 1366 976 1441 εἶχον
1006 1370 1369 1425 πυνθάνεσθαι
1392 1370 1658 1442 περὶτοῦ,

118 1463 158 1516 εί
183 1462 329 1527 αὐτὸς
373 1461 562 1527 Ἠλίας
611 1462 791 1529 ὲστίν;
839 1463 950 1518 Καὶ
986 1462 1149 1518 πάλιν
1179 1464 1241 1515 ὲν
1275 1461 1355 1533 τῷ
1387 1462 1516 1534 περὶ
1543 1462 1659 1530 τοῦ,

123 1574 139 1607 t
168 1557 222 1610 Εἰ
255 1556 282 1607 ὁ
313 1555 600 1627 προφήτης
637 1549 690 1608 εἷ
721 1553 823 1620 σός
855 1575 874 1608 t
909 1556 1074 1627 μηδὲν
1115 1555 1391 1626 ἐξαίρετον
1419 1555 1665 1626 οίόμενος

120 1646 446 1719 σημαίνεσθαι
477 1647 625 1702 κατὰ
654 1646 756 1720 τὴν
781 1649 1099 1720 προσθήκην
1124 1648 1217 1703 τοῦ
1243 1649 1465 1721 ἄρθρου,
1490 1648 1660 1718 λέγει,

117 1742 183 1795 ὅτι
207 1739 562 1813 ἐπηρώτησαν
587 1740 636 1792 εί
666 1741 949 1812 προφήτης
975 1742 1083 1813 εἴη,
1108 1743 1171 1796 τὸ
1202 1744 1507 1812 κοινότερον
1541 1740 1664 1811 βου-

117 1805 320 1904 λόμενοι⁷
336 1805 555 1904 μαθεῖν.
606 1805 728 1886 Ἕτί⁹
837 1805 918 1887 οὐ-
953 1805 1112 1906 μόνος
1169 1805 1502 1905 Ἡρακλέων,
1541 1805 1659 1886 αλλ’
1688 1805 1735 1865 Β

114 1924 217 1979 ὅσον
234 1926 316 1977 ἐπ’
339 1927 445 1997 ἐμῇ
474 1924 688 1997 ἱστορίᾳ
710 1925 805 1979 καὶ
832 1924 1034 1989 πάντες
1066 1926 1115 1979 οἱ
1149 1922 1445 1997 ἑτερόδοξοι
1468 1924 1658 1996 εὐτελῆ

115 2017 410 2087 ἀμφιϐολίαν
446 2017 860 2072 διαστείλασθαι
901 2018 976 2089 μὴ
1018 2016 1387 2088 δεδυνημένοι,
1436 2018 1660 2089 μείζονα

125 2108 278 2162 Ἡλίου
332 2109 427 2164 καὶ
473 2109 696 2165 πάντων
748 2109 856 2164 τῶν
913 2108 1209 2182 προφητῶν
1254 2109 1346 2164 τὸν
1411 2106 1661 2182 Ἰωάννην

114 2200 433 2274 ὑπειλήφασι,
484 2201 579 2256 διὰ
645 2201 1005 2267 τόσιΜείζων
1055 2202 1115 2254 ἐν
1156 2202 1434 2272 γεννητοῖς
1478 2218 1663 2269 γυναι-

114 2293 205 2346 κῶν
253 2295 494 2349 Ἰωάννου
530 2293 707 2358 οὐδείς
736 2294 1039 2364 ὲστιν,ιούχ
1070 2292 1326 2364 ὁρῶντες,
1356 2294 1438 2346 ὅτι
1466 2291 1662 2364 ἀληθὲς

113 2385 178 2450 τὸ,
201 2385 360 2449 οὐδεὶς
401 2385 611 2457 μείζων
661 2386 907 2441 Ἰωάννου
956 2387 1016 2439 ὲν
1054 2386 1333 2457 γεννητοῖς
1370 2383 1659 2452 γυναικῶν,

113 2479 249 2550 διχῶς
300 2480 544 2550 γίνεται·
599 2480 662 2533 οὐ
722 2480 881 2552 μόνον
918 2478 998 2551 τῷ
1035 2478 1199 2534 αὐτὸν
1256 2474 1396 2532 εἶναι
1446 2478 1663 2533 πάντων

118 2570 339 2641 μείζονα,
397 2572 541 2627 ἀλλὰ
596 2573 691 2626 καὶ
745 2571 826 2643 τῷ
890 2573 1038 2635 ῐσους
1091 2569 1239 2641 αὑτῷ
1287 2564 1426 2623 εἷναί
1476 2585 1657 2634 τινας·

115 2660 279 2732 ἀληθὲς
320 2661 431 2734 γὰρ
484 2663 620 2715 ῖσων
675 2661 845 2715 ὄντων
893 2659 1043 2732 αὐτῷ
1098 2659 1308 2715 πολλῶν
1347 2660 1660 2732 προφητῶν,

116 2750 232 2804 κατὰ
264 2752 358 2825 τήν
403 2752 700 2823 δεδομένην
736 2750 886 2822 αὺτῷ
924 2751 1085 2823 χάριν
1126 2752 1187 2806 τὸ
1229 2750 1432 2823 μηδένα
1471 2751 1661 2819 τούτου

118 2844 306 2911 μείζονα
359 2840 526 2899 εἶναι.
586 2842 772 2898 Οῐεται
819 2843 877 2898 δὲ
931 2844 1006 2916 (9)
1052 2843 1114 2897 τὸ
1163 2842 1664 2909 κατασκευάζεσθαι

113 2934 161 2988 τὸ
183 2935 385 3007 μείζονα
406 2931 556 2990 εἶναι
583 2934 1018 3008 προφητεύεσθαι
1042 2935 1149 2989 ὑπὸ
1190 2934 1434 2998 Ἡσαΐου,
1459 2934 1536 2999 ὡς
1562 2953 1667 3008 μη-

112 3028 239 3093 δενὸς
281 3028 481 3101 ταύτης
528 3028 632 3100 τῆς
672 3027 839 3098 τιμῆς
886 3026 1192 3098 ἠξιωμένου
1247 3026 1349 3080 ὑπὸ
1395 3024 1529 3079 Θεοῦ
1557 3024 1666 3080 τῶν

113 3119 301 3174 πώποτε
360 3117 863 3192 προφητευσάντων
886 3135 899 3148 ·
960 3116 1178 3187 άληθῶς
1234 3117 1311 3181 ὡς
1378 3133 1665 3189 καταφρο-
1692 3148 1735 3206 C

111 3212 199 3265 νῶν
222 3212 325 3285 (10)
356 3212 456 3281 τῆς
486 3210 729 3275 παλαιᾶς
759 3206 1205 3282 χρηματιζούσης
1236 3208 1533 3281 Διαθήκης,
1572 3211 1667 3263 καὶ

114 3304 175 3374 μὴ
200 3304 426 3378 τηρήσας
457 3302 560 3356 καὶ
590 3301 752 3355 αὑτὸν
790 3298 974 3354 Ἠλίαν
1002 3301 1482 3372 προφητευόμενον
1522 3300 1665 3355 τοῦτ’

113 3398 453 3470 ἀπετόλμησεν
500 3394 703 3450 εἰπεῖν.
738 3392 851 3448 Καὶ
890 3392 1001 3465 γὰρ
1046 3393 1231 3457 Ἠλίας
1260 3394 1667 3465 προφητεύεται

114 3490 199 3543 ὑπὸ
239 3489 513 3562 Μαλαχίου
573 3487 823 3556 λέγοντος
841 3504 855 3517 ·
911 3506 931 3542 t
980 3488 1115 3542 Ἰδοὺ
1163 3487 1480 3541 ἀποστέλλω
1540 3489 1669 3559 ὑμῖν

121 3585 279 3639 Ἠλίαν
305 3586 395 3638 τὸν
426 3582 722 3652 Θεσὸίτην,
754 3582 813 3645 ὃς
843 3582 1285 3653 ἀποκαταστήσει
1310 3581 1537 3654 καρδίαν
1567 3602 1670 3637 πα-

111 3675 216 3747 τρὸς
256 3676 384 3748 πρὸς
426 3675 573 3737 υἱόν,
614 3694 633 3725 ι
671 3674 780 3727 Καὶ
818 3674 1027 3737 Ἰωσίας
1075 3673 1132 3726 δὲ
1155 3712 1171 3738 ,
1215 3671 1292 3737 ὡς
1320 3674 1376 3725 ὲν
1406 3675 1472 3744 τῇ
1509 3672 1669 3744 τρίτῃ

112 3769 507 3824 τῶνΒασιλειῶν
552 3768 870 3837 ἀνέγνωμεν
894 3805 909 3831 ,
962 3764 1366 3837 προφητεύεται
1407 3766 1669 3836 ὀνομαστὶ

114 3860 200 3915 ὑπὸ
239 3861 322 3916 τοῦ
361 3860 685 3934 ἐληλυθότος
738 3859 798 3924 ἐξ
841 3858 1011 3913 ’ἰούδα
1051 3864 1334 3930 προφήτου
1382 3857 1666 3926 λέγοντος,

112 3956 343 4027 παρόντος
401 3956 497 4009 καὶ
561 3953 659 4007 τοῦ
715 3952 996 4024 Ἱεροϐοάμ
1056 3950 1195 4005 κατὰ
1246 3952 1308 4004 τὸ
1372 3951 1667 4022 θυσιαστή-

112 4063 208 4118 ριον
234 4048 339 4119 (11)
362 4065 376 4077 θ
418 4066 436 4099 ι
479 4045 624 4101 Τάδε
661 4045 810 4113 λέγει
843 4044 1045 4116 Κύριος
1065 4062 1077 4074 ·
1126 4043 1256 4097 Ἰδοὺ
1287 4044 1399 4107 υἱὸς
1426 4044 1669 4097 τίκτεται

110 4132 340 4201 τῷΔαυῖδ
361 4152 374 4165 ο
422 4134 641 4198 Ἰωσίας
672 4133 840 4203 ὄνομα
879 4132 1049 4203 αὐτῷ.
1090 4152 1107 4184 ι
1140 4132 1276 4186 Φασὶ
1313 4132 1371 4186 δέ
1404 4150 1545 4197 τινες
1576 4133 1669 4185 καὶ

111 4224 185 4275 τὸν
200 4224 434 4297 Σαμψὼν
467 4225 579 4278 ὑπὸ
625 4222 720 4277 τοῦ
766 4221 957 4277 Ἰακὼὸ
1003 4222 1442 4296 προφητεύεσθαι
1485 4224 1671 4294 λέγον-

110 4332 212 4377 τος·
241 4336 259 4368 ι
294 4317 397 4371 Δὰν
422 4318 607 4389 κρινεῖ
646 4316 740 4369 τὸν
785 4316 979 4369 ἑαυτοῦ
1017 4316 1146 4371 λαὸν
1170 4357 1186 4383 ,
1214 4316 1291 4380 ὡς
1332 4318 1382 4369 εἰ
1422 4317 1517 4370 καὶ
1571 4317 1667 4387 μία

111 4408 307 4490 φυλήθὲν
342 4411 564 4483 Ἰσραήλ
587 4427 600 4439 ·
639 4429 659 4461 ι
689 4409 812 4463 ἐπεὶ
854 4410 963 4463 ἀπὸ
999 4412 1098 4481 τῆς
1131 4409 1305 4480 φυλῆς
1330 4408 1425 4462 τοῦ
1447 4408 1554 4463 Δάν
1580 4426 1671 4478 γε-

1763 544 1855 610 tis,
1900 559 1967 599 an
2026 546 2141 612 ipse
2188 545 2511 600 vestimenta
2573 555 2738 610 esset,
2798 561 2903 600 non
2956 546 3326 616 respondisset

1762 635 1913 701 illud,
1948 635 2079 692 Nae?
2109 636 2390 704 Quomodo
2437 636 2583 692 enim
2615 637 2934 693 vestimenta
2972 635 3195 693 Joannis
3222 637 3328 692 hoc

1760 729 1851 791 sit,
1906 743 2031 784 esse
2075 729 2242 785 Etiam
2292 738 2602 795 venturum,
2653 745 2758 785 non
2794 731 3110 797 admodum,
3158 741 3217 786 ut
3255 731 3325 784 ab

1761 824 1865 878 hoc
1885 823 2141 879 traditum
2164 832 2269 891 est,
2294 824 2442 879 clare
2469 823 2627 879 video
2667 841 2681 877 :
2725 823 2956 877 fortasse
2987 824 3095 879 diei
3139 824 3324 893 aliquo

1762 898 1922 973 modo
1951 929 2075 969 cum
2105 915 2299 984 possit,
2335 923 2395 969 ut
2439 928 2469 968 a
2504 913 2660 969 nobis
2702 922 2787 970 est
2834 915 3062 981 dictum,
3101 916 3213 986 qui,
3267 926 3328 971 ut

1759 1008 2059 1079 potuimus,
2103 1008 2453 1078 exposuimus
2485 1006 2651 1071 illud;
2684 1025 2701 1055 ι
2733 1021 2854 1061 cum
2898 1008 3090 1077 spiritu
3121 1017 3178 1064 et
3217 1009 3330 1063 vir-

1762 1109 1876 1155 tute
1911 1099 2038 1155 Elite
2065 1099 2134 1168 ³³,
2165 1118 2187 1152 ι
2224 1099 2368 1154 hunc
2391 1097 2638 1168 spiritum
2676 1096 2806 1151 Elia:
2848 1100 2902 1153 in
2935 1101 3177 1168 polentia
3205 1116 3328 1156 esse

1761 1192 2008 1262 spiritum
2040 1192 2233 1245 animae
2260 1188 2505 1247 Joannis.
2539 1190 2805 1244 Caeterum
2836 1191 2928 1260 qui
2954 1192 3326 1247 demonstrare

1758 1283 1967 1348 volunt,
1997 1297 2171 1353 quare
2212 1283 2535 1338 SacerdOtes
2575 1290 2631 1338 et
2665 1280 2867 1336 Levita:
2905 1282 3106 1339 fuerint
3141 1285 3195 1339 hi
3233 1287 3325 1352 qui

1758 1389 1790 1429 a
1828 1373 2026 1430 Judaeis
2066 1375 2217 1429 missi
2249 1373 2470 1430 fuerunt
2511 1384 2571 1429 ut
2607 1374 3002 1446 interrogarent
3038 1374 3325 1440 Joannem,

1760 1483 1868 1522 non
1898 1466 2037 1522 male
2066 1467 2331 1534 dicerent,
2364 1468 2569 1524 idcirco
2617 1482 2683 1522 ex
2732 1467 2837 1524 hoc
2887 1468 3077 1524 ordine
3113 1471 3326 1536 missos,

1760 1560 1887 1629 quia
1918 1560 2252 1617 conveniens
2281 1568 2427 1616 esset
2448 1560 2547 1616 hos
2576 1560 2629 1615 in
2660 1560 2751 1617 Dei
2780 1561 2927 1615 cultu
2955 1560 3157 1631 jngiter
3200 1574 3328 1631 per-

1760 1660 2094 1716 severantes,
2116 1651 2185 1706 de
2219 1651 2370 1707 hisce
2413 1652 2573 1707 rebus
2602 1652 2938 1723 interrogare
2967 1665 3031 1707 ac
3068 1651 3331 1707 sollicitos

1760 1756 1901 1797 esse.
1942 1740 2055 1799 Nec
2094 1741 2222 1799 illud
2261 1736 2419 1798 Valde
2450 1744 2722 1813 exquisite
2760 1745 3005 1815 protulit,
3059 1743 3327 1801 Joannem

1763 1846 1828 1888 ex
1857 1833 2000 1888 tribu
2036 1834 2272 1891 Levitica
2320 1848 2460 1899 esse,
2495 1836 2952 1905 quemadmodum
2976 1845 3134 1891 antea
3169 1836 3330 1891 dubi-

1765 1934 1943 1980 tantes
1973 1941 2071 1981 nos
2098 1925 2476 1996 indagavimus
2504 1943 2519 1980 :
2553 1927 2678 1995 quia
2719 1928 2764 1982 si
2790 1928 3143 1997 agnovissent
3168 1926 3331 1983 Joan-

1763 2030 1885 2070 nem
1909 2026 2197 2085 ortutnque
2218 2015 2353 2082 eius,
2382 2015 2478 2080 illi,
2503 2017 2592 2086 qui
2620 2018 2770 2072 missi
2797 2018 3033 2081 fuerant,
3058 2019 3333 2088 quomodo

1762 2106 2081 2162 habuissent
2110 2106 2288 2163 locum
2315 2107 2680 2176 interrogandi
2716 2122 2784 2162 an
2829 2110 2945 2177 ipse
2976 2118 3120 2164 esset
3147 2107 3333 2164 Eliasi

1763 2196 1998 2254 Rursum
2042 2200 2094 2253 in
2122 2198 2227 2254 illis
2252 2198 2432 2254 verbis
2456 2214 2502 2253 τι
2534 2198 2670 2254 Num
2718 2200 2977 2274 propheta
2998 2199 3329 2257 illeestu“?t

1764 2291 1899 2346 nihil
1945 2291 2277 2360 praecipuum
2309 2289 2631 2345 existimans
2674 2292 2967 2362 signillcari
3013 2308 3080 2349 ex
3116 2292 3330 2348 articuli

1763 2366 2095 2452 atljectionq,
2146 2383 2277 2437 dicit
2330 2398 2426 2440 eos
2473 2385 2843 2455 interrogasse
2889 2399 3015 2438 num
3069 2386 3331 2454 propheta

1763 2484 1929 2541 esset,
1979 2489 2094 2529 rem
2152 2475 2334 2531 multis
2367 2491 2709 2532 communem
2759 2475 3042 2533 addiscere
3070 2476 3330 2532 volentes.

1764 2567 2033 2623 Praeterea
2068 2582 2198 2623 vero
2227 2583 2328 2622 non
2369 2568 2515 2625 solus
2541 2566 2859 2632 Heracleou,
2903 2568 2996 2623 sed
3019 2607 3036 2633 ,
3070 2577 3333 2637 quantum

1763 2675 1864 2730 ego
1891 2660 2080 2716 videre
2106 2661 2283 2731 potui,
2318 2674 2507 2716 omnes
2548 2662 2712 2717 etiam
2735 2661 2825 2730 qui
2858 2675 2890 2716 a
2920 2661 3075 2716 nobis
3116 2661 3336 2715 diversa

1765 2751 2039 2817 sentiunt,
2064 2760 2122 2805 ut
2148 2760 2271 2819 pote
2296 2751 2386 2819 qui
2421 2752 2770 2822 perexiguam
2814 2767 2880 2807 ac
2926 2762 3141 2806 tenuem
3179 2750 3335 2805 dubi-

1767 2844 2027 2898 tationem
2058 2842 2396 2912 distinguere
2426 2858 2532 2897 non
2564 2853 2815 2911 possunt,
2850 2841 3113 2897 Joannem
3160 2843 3336 2911 suSpi-

1767 2938 1873 2993 cati
1907 2944 2033 2992 sunt
2076 2934 2189 2990 Elia
2240 2944 2405 3004 atque
2446 2934 2726 3005 prophetis
2775 2933 3026 2989 omnibus
3075 2933 3336 3005 majorem

1767 3043 1931 3095 esse;
1965 3036 2247 3098 propterea
2277 3030 2420 3097 quod
2454 3042 2612 3082 nemo
2642 3028 2946 3083 surrexerit
2990 3026 3133 3082 inter
3177 3035 3335 3082 natos

1769 3120 2057 3175 mulierum
2107 3119 2277 3188 major
2307 3118 2514 3174 Joanne
2564 3120 2635 3183 ⁸⁵,
2691 3134 2797 3174 non
2841 3120 3085 3175 videntes
3129 3118 3337 3174 duobus

1772 3213 1947 3267 modis
1981 3227 2168 3268 verum
2210 3228 2331 3267 esse
2376 3211 2519 3280 quod
2553 3212 2777 3278 dicitur,
2829 3212 3099 3268 neminem
3132 3210 3339 3266 Joanne

1770 3305 2029 3373 majorem
2076 3320 2198 3361 esse
2245 3306 2597 3361 internatas
2655 3304 2975 3371 mulierum,
3019 3321 3123 3361 non
3163 3305 3340 3361 solum

1769 3399 1893 3466 quia
1923 3399 2037 3466 ipse
2066 3399 2139 3453 sit
2164 3397 2337 3466 major
2368 3399 2643 3463 omnibus,
2675 3412 2864 3452 verum
2886 3398 3048 3453 etiam
3075 3397 3200 3467 quia
3227 3399 3342 3453 sint

1770 3489 1940 3559 aliqui
1989 3489 2088 3559 ipsi
2132 3490 2388 3560 aequales.
2442 3487 2576 3544 Nam
2625 3504 2811 3545 verum
2845 3497 2951 3556 est,
2988 3490 3169 3544 multis
3215 3504 3341 3559 pro-

1768 3581 1945 3650 phetis
1966 3580 2065 3651 ipsi
2080 3582 2375 3652 aequalibus
2406 3582 2817 3649 exsistentibus,
2842 3581 3109 3637 neminem
3132 3595 3199 3637 eo
3225 3595 3338 3635 ma-

1762 3672 1937 3743 jorem
1965 3689 2088 3730 esse
2130 3686 2356 3744 propter
2413 3675 2644 3745 gratiam
2670 3674 2769 3743 ipsi
2795 3674 2998 3729 datam.
3049 3672 3346 3731 Existimat

1769 3774 1949 3822 autem
2013 3767 2324 3820 continuari
2381 3767 2537 3837 123
2589 3765 2851 3821 Joannem
2888 3781 3010 3821 esse
3048 3766 3338 3835 majorem,

1768 3857 1896 3928 quia
1926 3858 2280 3927 prophetatus
2321 3857 2482 3913 fuerit
2510 3859 2579 3912 ab
2603 3857 2762 3923 Isaia,
2792 3858 3021 3927 perinde
3060 3860 3215 3928 quasi
3245 3875 3338 3912 ne-

1771 3964 1859 4005 mo
1880 3964 1947 4005 ex
1978 3965 2164 4006 eorum
2196 3966 2422 4005 numero
2458 3950 2548 4021 qui
2587 3950 2875 4021 aliquando
2916 3952 3336 4021 prophetarum,

1770 4042 1875 4097 hoc
1910 4043 2117 4098 honore
2145 4042 2402 4113 dignatus
2432 4043 2599 4099 fuerit
2634 4058 2647 4094 :
2683 4058 2811 4098 vere
2842 4043 3006 4098 veluti
3036 4043 3342 4113 despiciens

1770 4133 2178 4190 Testamentum
2228 4136 2413 4198 Vetus,
2466 4135 2608 4204 quod
2650 4143 2864 4202 vocant,
2908 4150 3009 4190 nec
3042 4135 3341 4190 observans

1769 4227 1944 4297 ipsum
1981 4227 2153 4283 Etiam
2182 4228 2559 4297 prapltetatum
2595 4226 2785 4284 fuisse.
2812 4226 3175 4295 Prophetatur
3196 4227 3340 4281 enim

1773 4318 1917 4373 Elias
1949 4334 1978 4371 a
2018 4317 2281 4372 Malacltia
2320 4319 2535 4374 dicente
2566 4318 2613 4351 ⁵⁸
2645 4332 2659 4370 :
2704 4336 2723 4369 ε
2761 4317 2900 4373 Ecce
2918 4334 3020 4389 ego
3056 4319 3212 4372 mitto
3243 4332 3342 4371 vo-

1773 4413 1856 4468 bis
1901 4412 2073 4467 Eli-am
2114 4411 2431 4479 Thesbiten,
2470 4413 2565 4483 qui
2612 4412 2834 4469 reducet
2872 4430 2971 4469 cor
3016 4412 3187 4481 patris
3214 4425 3340 4483 erga

112 4499 303 4570 νόμενος
326 4506 356 4556 ό
384 4501 625 4573 Σαμψὼν
648 4500 828 4572 ἔκρινε
858 4500 949 4555 τὸν
993 4500 1233 4572 Ἰσραήλ.
1266 4500 1380 4554 Καὶ
1407 4499 1576 4555 ταῦτα
1610 4501 1662 4554 δὲ

1842 4506 1961 4560 ium.
1999 4525 2020 4558 ι
2059 4504 2369 4572 Quinetiam
2419 4502 2616 4570 Josias,
2655 4513 2715 4559 ut
2751 4504 2805 4558 in
2841 4504 3045 4574 Regum
3091 4504 3250 4558 tertio
3275 4503 3344 4555 le-

111 4593 176 4656 είς
194 4593 401 4666 ἔλεγχον
431 4594 535 4665 τῆς
582 4593 916 4665 προφητείας
947 4593 1059 4665 (12)
1106 4592 1203 4646 τοῦ
1242 4592 1665 4664 ἀποφηναμένου

112 4686 290 4757 μηδένα
311 4688 446 4760 πλὴν
474 4688 726 4742 Ἰωάννου
754 4685 1190 4759 προφητεύεσθαι
1213 4685 1470 4758 εἰρήσθω,
1495 4686 1666 4741 ταῦτα

111 4781 361 4851 εἰρηκότος
385 4783 445 4835 ἐν
466 4780 550 4852 τῷ
573 4780 748 4835 θέλειν
767 4779 930 4834 αὐτὸν
949 4778 1255 4851 διηγεῖσθαι
1278 4778 1332 4833 τί
1361 4780 1425 4834 τό
1442 4797 1455 4810 ο
1485 4799 1504 4832 t
1527 4780 1668 4850 Ἐγὼ

112 4874 242 4946 φωνὴ
268 4874 496 4945 βοῶντος
525 4877 586 4929 ιν
610 4876 679 4946 τῇ
702 4874 912 4945 έρήμφ-
958 4891 978 4925 ι

169 5016 209 5049 ⁵³
237 5016 363 5074 Luc.
417 5033 458 5081 ι,
498 5015 585 5071 17.
698 5011 918 5070 “Joan.
957 5028 1000 5080 ι,
1029 5011 1119 5068 21.

110 5100 215 5152 xui,
238 5088 293 5143 2.

172 5244 238 5314 (8)
262 5246 460 5301 Θέλων
488 5244 559 5299 δέ
584 5259 699 5314 τις.
731 5251 840 5314 etc.
873 5243 1081 5300 Luxata
1113 5245 1230 5301 hzec
1256 5243 1475 5314 suntin
1504 5244 1657 5300 codi-

113 5310 377 5386 ce'ttegio.
408 5319 516 5372 Pro
545 5310 712 5369 θέλων
754 5313 916 5386 habet
950 5314 1110 5381 θέλω,
1149 5330 1247 5385 pro
1266 5312 1518 5386 Λευῖται,
1562 5315 1658 5368 ha-

117 5385 193 5439 ltet
213 5382 456 5453 Λευῖτας,
481 5386 676 5441 deinde
709 5399 809 5452 pro
837 5382 986 5453 λέγοι
1016 5382 1176 5441 habet
1219 5384 1413 5453 λέγων.
1471 5385 1659 5440 Codex.

112 5452 427 5526 Eodleia-nus
446 5471 546 5526 pro
569 5454 737 5526 θέλων
766 5452 824 5506 δέ
846 5452 929 5526 τις
963 5456 1127 5509 habet
1159 5452 1404 5526 θέλοντες
1434 5454 1521 5520 δὲ,
1551 5465 1656 5509 etc.

112 5523 377 5581 Ferrarius
404 5523 618 5584 videtur
662 5523 863 5595 legisse
898 5525 1146 5590 θέλοντες
1199 5537 1256 5583 et
1290 5524 1521 5594 λέγοιεν,
1575 5526 1660 5580 vel

115 5596 232 5649 uuid
259 5596 452 5649 simile.

148 5612 232 5649 Illa
259 5612 452 5653 SIMIIC.

115 5610 232 5664 quia
259 5610 452 5653 simne.

177 5666 250 5734 (9)
280 5666 471 5721 Distat
503 5666 587 5734 δέ,
616 5678 723 5725 etc.
782 5667 908 5723 Hace
943 5681 1048 5720 non
1084 5666 1353 5734 rohrcrent
1384 5673 1436 5721 et
1474 5664 1650 5720 hiulca

116 5730 310 5790 suntin
336 5730 582 5792 editione
600 5738 807 5804 Huetii,
839 5740 891 5791 itt
911 5752 1019 5807 qua
1053 5736 1203 5807 deest
1230 5730 1373 5807 εἶναι
1427 5746 1480 5790 et
1536 5737 1662 5804 legi-

106 5816 201 5869 tur
234 5807 621 5877 προφητεύεται
666 5824 764 5881 pro
813 5805 1268 5882 προφητεύεσθαι.
1329 5806 1437 5863 Nos
1472 5820 1658 5864 sanant

1220 5011 1266 5044 "
1294 5010 1483 5068 Matth.
1519 5028 1596 5080 ιι,
1628 5013 1731 5082 il;

1772 4598 1969 4668 gimus,
2006 4598 2324 4651 nominatim
2367 4597 2717 4667 prophetatur
2763 4613 2795 4650 a
2835 4597 3122 4665 propheta,
3153 4595 3242 4664 qui
3274 4608 3344 4649 ex

1772 4688 1909 4744 Jnda
1935 4690 2250 4756 advenerat,
2300 4690 2538 4754 dicente,
2562 4705 2685 4745 cum
2725 4689 2889 4744 etiam
2949 4690 3165 4758 adesset
3195 4685 3344 4742 Jero-

1773 4783 1934 4838 hoam
1969 4783 2122 4853 juxta
2175 4783 2394 4838 altare:
2437 4802 2455 4834 ι
2498 4783 2622 4837 Haec
2673 4782 2806 4836 dicit
2847 4781 3112 4836 Dominus
3156 4794 3170 4833 :
3205 4779 3345 4835 Ecce

1775 4873 1921 4931 illius
1955 4875 2199 4930 nascitur
2231 4875 2443 4940 Davidi,
2472 4874 2650 4930 Josias
2682 4873 2900 4929 nomine
2928 4876 2994 4925 ⁵⁷.
3031 4892 3049 4925 ι
3091 4872 3345 4942 lnquiunt

1770 5012 1906 5075 Luc.
1944 5031 2043 5082 vn,
2082 5014 2173 5071 28.
2289 5016 2336 5048 ⁸⁸
2370 5015 2598 5071 Malach.
2639 5030 2713 5082 tv,
2762 5014 2816 5083 5,
2858 5014 2909 5068 6.
3016 5013 3059 5047 "
3097 5012 3161 5068 Ill
3207 5013 3342 5084 Reg.

1769 5245 2060 5301 lectionem
2090 5241 2428 5298 restituimus
2459 5254 2527 5294 ex
2554 5237 2742 5293 codice
2776 5236 3086 5295 Bodleiano.

1841 5316 1952 5387 (10)
1994 5312 2357 5387 Ἀληθᾷκχῴς
2382 5307 2810 5387 ’καταφρονῶη
2841 5318 2947 5387 etc.
2985 5307 3039 5361 ltt
3100 5305 3343 5387 editione

1771 5377 1951 5442 Hdetii
1979 5377 2346 5455 ρ‹›ει’ὰληθῶς
2382 5377 2578 5450 legitur
2614 5378 2691 5443 δέ,
2720 5379 2863 5449 quod
2895 5388 3042 5434 recte
3083 5377 3345 5445 exruugit

1769 5458 1941 5513 codex
1977 5456 2322 5510 Bodleianus.

1844 5527 2143 5597 (nurum
2193 5524 2261 5597 τὸ
2293 5520 2768 5597 θυσιαστήριον.
2816 5517 2909 5597 Sic
2951 5518 3115 5597 habet
3172 5516 3341 5597 codes

1768 5582 2137 5661 Bitille'ianus;
2193 5596 2245 5650 in
2293 5593 2458 5663 Regio
2511 5603 2567 5647 et
2602 5582 2918 5646 'Barherino
2984 5589 3138 5643 deest
3199 5582 3346 5641 κατὰ

1765 5669 2367 5810 τὸ(1ἳ)ηροφητείας.
2416 5731 2727 5803 Legendnm
2761 5725 3113 5801 προπετείας.
