3766 6142
398 272 511 329 ’259

1858 271 2019 328 οιιιο
2029 270 2182 327 ENIS

3537 280 3634 337 210

398 395 563 450 etiam
602 392 841 449 nonnulli
894 392 1243 462 Sampsonem
1296 408 1324 447 a
1374 392 1542 448 Jacob
1591 390 1968 461 prophetatum
2002 387 2192 453 fuisse,
2226 388 2439 445 dicente
2485 388 2572 444 ἐς
2620 408 2638 443 ι
2678 389 2788 445 Dan
2827 389 3094 459 iudicabit
3133 406 3290 448 suum
3334 393 3506 464 ipsius
3548 410 3637 465 po-

397 486 602 559 pulum,
632 485 1082 556 quemadmodum
1109 487 1270 540 etiam
1311 501 1415 539 una
1462 484 1637 538 tribus
1680 483 1731 537 in
1772 480 1958 545 Israel,
2012 498 2033 533 ι
2080 479 2333 550 quoniam
2383 493 2415 534 e
2474 480 2618 536 tribu
2668 481 2782 535 Dan
2823 482 3034 551 genitus
3079 481 3347 553 Sampson
3383 486 3638 555 judicavit

399 579 671 636 lsraelem.
699 579 805 634 Sed
832 579 946 634 haec
964 579 1223 633 hactenus
1246 580 1311 634 ad
1340 578 1684 633 refellendam
1709 574 2065 632 temeritatem
2108 573 2246 643 ejus,
2283 574 2374 641 qui
2398 574 2696 629 enuntiavit
2750 585 2944 643 preter
2979 573 3241 631 Joannem
3266 577 3638 645 prophetatum

398 673 564 729 fuisse
608 674 911 737 neminem;
948 681 1003 728 et
1048 674 1163 728 haec
1192 672 1330 728 dixit
1374 672 1562 728 volens
1597 670 1799 741 aliquid
1839 669 2107 723 disserere
2144 667 2198 721 in
2241 667 2367 721 illud
2402 685 2415 720 :
2450 686 2470 719 ι
2517 666 2630 737 Ego
2674 681 2776 720 vox
2818 666 3107 724 clamantis
3157 668 3211 722 in
3264 669 3482 725 deserto
3512 667 3584 725 ⁸⁸.
3615 684 3633 717 ι

468 822 557 876 15.
589 817 653 872 Et
690 817 781 888 qui
809 815 954 870 missi
1001 814 1232 883 fuerant,
1260 819 1412 866 erant
1449 826 1514 865 ea:
1545 810 1854 866 Phariswis.
1896 806 1944 861 Et

2137 790 2223 846 15.
2266 790 2379 845 Καὶ
2426 793 2481 846 οι
2525 792 2968 863 ἀπεσταλμένοι
3006 790 3169 865 ἦσαν
3198 797 3268 851 ἐκ
3312 796 3432 852 τῶν
3467 800 3633 869 Φαρι-

397 916 842 980 interrogarerunt
874 923 991 962 eum
1018 922 1079 958 ac
1105 905 1351 959 dixerunt
1373 904 1419 958 ei
1444 920 1462 957 :
1494 902 1635 970 Quid
1656 918 1778 973 ergo
1802 902 1963 968 bapti-

398 1022 509 1070 ωε,
540 1004 587 1057 si
615 1015 671 1057 tu
707 1018 809 1055 non
835 1016 889 1054 es
932 997 1174 1053 Christus
1214 995 1324 1061 ille,
1365 1012 1528 1067 neque
1588 995 1759 1061 Elius,
1802 1010 1965 1066 neque

393 1099 648 1169 propheta
673 1094 762 1150 ille
788 1092 834 1125 '°
850 1094 876 1148 .’
900 1092 1000 1159 Qui
1025 1099 1239 1161 quidem
1274 1091 1343 1148 ab
1366 1089 1757 1161 Hierosolymis
1781 1104 1964 1143 sacer-

395 1194 550 1247 dotes
577 1199 632 1245 et
653 1189 869 1245 Levitas
890 1186 1312 1255 interrogaturos
1329 1182 1594 1239 Joannem
1616 1183 1875 1237 miserant
1894 1182 1959 1246 ⁶¹,

395 1297 518 1336 cum
554 1279 866 1335 didicissent
891 1276 1015 1347 quis
1057 1284 1202 1331 esset
1231 1273 1317 1329 vel
1345 1288 1453 1329 non
1483 1282 1627 1330 esset
1652 1273 1767 1343 ipse
1799 1271 1964 1327 Joan-

396 1385 516 1434 nes,
564 1366 942 1424 decentissime
967 1364 1254 1435 quiescunt
1282 1380 1296 1417 :
1324 1363 1489 1421 veluti
1525 1364 1742 1419 silentio
1775 1362 1960 1416 faven-

395 1471 499 1525 tes,
540 1469 593 1515 ct
619 1460 1053 1515 demonstrantes
1078 1471 1138 1512 se
1174 1456 1462 1511 admittere
1491 1470 1611 1526 qua:
1656 1456 1959 1525 audissent,

392 1552 538 1621 quod
567 1550 840 1618 baptizare
877 1547 1171 1603 conveniat
1195 1548 1312 1602 voci
1349 1546 1640 1603 clamantis
1663 1548 1715 1603 in
1741 1546 1962 1603 deserto

392 1646 458 1700 ad
487 1643 824 1714 dirigendam
848 1642 990 1701 viam
1014 1642 1249 1699 Domini.
1280 1641 1480 1698 Contra
1509 1655 1641 1697 vero
1674 1640 1957 1708 Pharismi,

393 1736 564 1806 utqui
589 1738 741 1804 juxta
771 1749 966 1791 nomen
999 1748 1156 1790 suum
1196 1733 1352 1789 diuisi
1383 1733 1605 1805 quidam
1633 1742 1689 1789 et
1717 1733 1958 1789 seditiosi

390 1836 593 1894 essent,
624 1845 683 1886 se
708 1828 896 1885 eadem
925 1841 1029 1884 non
1066 1827 1268 1884 sentire
1307 1826 1686 1883 demonstrant
1712 1842 1833 1882 cum
1867 1825 1961 1882 Ju-

392 1920 522 1977 dteis
563 1919 951 1975 exsistentibus
997 1916 1051 1971 in
1102 1918 1236 1973 urbe
1263 1917 1569 1986 metropoli,
1622 1926 1829 1972 etcum
1860 1917 1962 1972 mi-

394 2011 583 2066 nistris
620 2010 799 2066 cultus
837 2008 1029 2072 divini,
1084 2023 1148 2062 ac
1189 2008 1562 2064 sacerdotibus
1601 2018 1657 2064 et
1708 2008 1957 2064 Levitis:

390 2104 661 2163 mittendo
688 2103 781 2173 qui
835 2102 1001 2159 veluti
1052 2103 1425 2168 increpantes,
1482 2116 1545 2155 ac
1585 2100 1955 2171 prohibentes,

389 2205 652 2268 quantum
699 2196 752 2251 in
780 2195 911 2267 ipsis
950 2203 1115 2262 esset,
1143 2194 1457 2266 baptizare,
1507 2196 1950 2265 interrogarent:

382 2306 413 2343 σι
448 2288 586 2357 Quid
634 2301 763 2360 ergo
805 2287 1069 2358 baptizas,
1119 2286 1164 2341 si
1198 2295 1254 2343 tu
1299 2302 1405 2342 non
1449 2302 1509 2343 es
1552 2285 1641 2342 ille
1682 2286 1953 2351 Chrisms,

389 2394 567 2451 neque
613 2379 780 2449 Elias,
810 2392 988 2451 neque
1011 2378 1271 2449 propheta
1317 2378 1445 2434 ille?
1477 2398 1497 2432 ι
1532 2378 1599 2434 Ει
1643 2378 1875 2439 fortasse
1906 2378 1950 2432 si

378 2489 551 2529 unum
599 2473 653 2528 in
703 2487 902 2543 corpus
954 2482 1342 2528 connectamus
1392 2485 1514 2541 qua:
1549 2471 1601 2525 in
1644 2471 1953 2542 Evattgeliis

383 2574 512 2620 sunt
554 2565 782 2633 scripta,
818 2564 1010 2618 dicturi
1054 2577 1245 2619 sumus
1274 2577 1416 2618 nunc
1455 2564 1675 2633 quidem
1704 2577 1802 2618 eos
1836 2564 1951 2617 tunc

383 2650 605 2718 dixisse,
634 2650 831 2706 deinde
860 2665 991 2706 vero
1020 2652 1203 2706 nescio
1232 2666 1341 2721 quo
1377 2653 1534 2706 modo
1564 2667 1680 2718 eos,
1730 2667 1851 2707 cum
1893 2669 1951 2708 se

383 2744 652 2814 baptismo
681 2744 975 2813 dedissent,
1021 2759 1051 2798 a
1091 2743 1297 2801 Joanne
1326 2745 1545 2801 audisse
1583 2746 1711 2815 illud
1745 2763 1759 2800 :
1794 2747 1953 2825 124,

382 2853 405 2887 ι
448 2832 737 2903 Progenies
776 2834 1106 2904 viperarum,
1159 2835 1281 2905 quis
1330 2851 1425 2890 vos
1463 2835 1648 2891 docuit
1683 2835 1871 2906 fugere
1919 2853 1950 2893 a

383 2935 608 2981 ventura
631 2926 748 2981 ira?
775 2925 965 2983 Facite
990 2926 1154 2999 igitur
1178 2926 1416 2983 fructum
1437 2927 1655 2999 dignum
1676 2930 1946 3000 poeniten-

377 3020 454 3072 tia
485 3019 548 3072 “.
587 3038 604 3070 ι
637 3017 760 3075 ιίιιξτ
825 3018 970 3074 enim
1015 3019 1156 3090 apud
1206 3017 1516 3076 Matthaaum
1579 3021 1724 3077 dicta
1763 3031 1890 3078 sunt
1918 3038 1948 3077 a

380 3111 644 3183 Baptista,
670 3126 791 3166 cum
824 3112 1050 3168 vidisset
1084 3112 1281 3169 multos
1304 3114 1699 3171 Phariszeorum
1727 3126 1783 3171 et
1813 3117 1951 3173 Sad-

381 3204 685 3258 ducacorum
735 3203 1017 3260 venientes
1072 3207 1140 3261 ad
1184 3205 1447 3275 baptisma
1481 3225 1494 3261 :
1527 3222 1649 3263 cum
1699 3208 1950 3265 videlicet

381 3296 711 3365 pmnitentire
735 3294 941 3351 fructus
976 3313 1081 3354 non
1122 3298 1412 3367 haberent,
1450 3309 1612 3371 atque
1634 3300 1948 3358 Pharisaice

381 3388 517 3458 apud
541 3389 749 3460 seipsos
770 3388 1137 3460 gloriarentur
1159 3391 1227 3447 de
1250 3392 1530 3447 Abraham
1562 3404 1819 3464 tanquam
1847 3410 1941 3465 pa-

381 3491 463 3537 tre
498 3483 791 3551 :quocirca
830 3481 1026 3539 saevius
1060 3482 1418 3555 objurgantur
1456 3499 1486 3539 a
1516 3484 1726 3541 Joanne
1763 3486 1941 3542 zelum
1976 3519 2019 3578 ο

379 3574 510 3635 Elite
533 3575 765 3633 habente
792 3574 949 3646 juxta
981 3578 1530 3635 communicationem
1561 3579 1801 3649 Spiritus
1820 3595 1946 3637 san-

378 3667 475 3723 cti.
520 3666 870 3737 Objurgativa
914 3667 1061 3722 enim
1088 3668 1267 3723 oratio
1294 3678 1379 3725 est
1413 3668 1526 3736 illa,
1573 3686 1694 3742 qua:
1718 3670 1898 3743 inquit
1927 3690 1943 3727 :

383 3776 406 3812 ι
450 3758 525 3814 Ne
569 3760 819 3829 cogitetis
849 3760 1030 3816 dicere
1054 3761 1196 3830 apud
1228 3776 1326 3817 vos
1368 3762 1515 3834 ipsos
1548 3782 1563 3819 :
1605 3763 1820 3822 Patrem
1850 3768 1946 3823 ha-

382 3852 576 3908 bemus
620 3850 893 3906 Abraham
915 3851 1014 3904 ":i
1040 3851 1366 3909 didascalica
1405 3862 1587 3912 autem
1626 3856 1755 3923 illa,
1799 3858 1946 3930 quod

380 3944 626 3999 inﬁdeles
664 3945 756 4015 (ob
794 3959 891 3999 cor
928 3943 1201 4014 lapideum
1245 3947 1451 4019 lapides
1480 3949 1634 4022 dicti)
1668 3951 1943 4008 immutari

380 4037 611 4108 possint,
640 4036 839 4090 virtute
869 4036 982 4100 Dei,
1005 4051 1069 4091 ex
1094 4036 1365 4108 lapidibus
1390 4040 1444 4096 in
1468 4040 1669 4109 liberos
1690 4045 1943 4109 Abrahae,

381 4126 640 4198 quoniam
673 4128 920 4186 erantin
961 4129 1131 4186 oculis
1172 4134 1469 4206 prophetae,
1516 4152 1625 4195 non
1675 4137 1945 4209 fugientes

379 4222 524 4278 Silius
551 4222 789 4277 divinum
825 4223 1099 4283 obtutum.
1140 4229 1317 4294 Quam
1357 4228 1427 4283 ob
1452 4242 1671 4285 causam
1718 4229 1848 4285 illud
1876 4230 1945 4286 ab

382 4314 503 4387 ipso
524 4314 723 4370 dicitur
755 4332 770 4368 :
804 4332 823 4368 ι
859 4315 990 4373 Dico
1039 4318 1191 4374 vobis
1236 4333 1394 4389 posse
1417 4319 1583 4376 Deum
1605 4335 1638 4377 e
1677 4321 1945 4392 lapidibus

375 4414 496 4471 istis
522 4417 788 4471 suscitare
815 4415 1013 4477 liberos
1041 4417 1275 4477 Abrahae
1302 4421 1377 4475 “.
1401 4436 1422 4471 ι
1449 4418 1518 4475 Ει
1538 4424 1794 4493 quoniam
1820 4441 1942 4481 cum

375 4521 481 4561 non
523 4505 781 4564 iecissent
810 4508 1044 4566 fructum
1087 4514 1406 4581 pmuitentia
1437 4513 1695 4584 dignum,
1719 4517 1945 4576 veniunt

375 4607 444 4662 ad
469 4607 758 4678 baptisma,
797 4613 1312 4668 convenientissima
1357 4614 1488 4684 ipsis
1537 4615 1668 4672 illud
1701 4617 1941 4675 dicitur:

379 4727 400 4762 ι
434 4707 556 4766 Jam
591 4725 719 4767 vero
766 4721 823 4768 et
855 4717 1066 4771 securis
1100 4718 1166 4770 ad
1208 4718 1444 4774 radicem
1482 4720 1737 4777 arborum
1769 4724 1941 4791 posita

373 4818 477 4865 est.
507 4809 697 4865 Omnis
722 4812 885 4882 igitur
907 4815 1070 4873 arbor
1093 4834 1197 4874 non
1228 4818 1435 4877 faciens
1462 4821 1695 4877 iructum
1719 4824 1941 4894 bonum,

372 4909 662 4975 exciditur,
706 4920 761 4968 et
796 4914 849 4968 in
886 4915 1061 4987 ignem
1112 4919 1400 4990 conjicitur
1426 4920 1492 4988 ⁸⁵,
1536 4939 1554 4974 ι
1595 4923 1759 4979 veluti
1811 4924 1944 4996 ipsis

2064 885 2272 938 σαίων.
2299 884 2411 939 Καὶ
2432 884 2752 954 ἠρώτησαν
2773 885 2979 951 αὑτὸν,
3008 888 3107 941 καὶ
3135 884 3315 943 εἶπαν
3344 890 3532 958 αὐτῷ·
3576 892 3636 947 Τί

2065 975 2178 1035 οὖν
2190 977 2515 1047 βαπτίζεις,
2533 982 2587 1033 ει
2605 979 2686 1034 σὺ
2702 982 2813 1034 οὐκ
2834 976 2892 1035 εἷ
2908 984 2941 1035 ό
2956 975 3232 1051 Χριστὸς,
3250 983 3393 1038 οὐδὲ
3414 985 3633 1051 Ἠλίας.

2063 1072 2206 1127 οὐδὲ
2241 1074 2275 1126 ό
2309 1072 2653 1141 προφήτης
2680 1075 2746 1126 Οἱ
2786 1072 2885 1144 μὲν
2923 1072 3030 1126 ἀπὸ
3072 1073 3457 1146 Ἱεροσολύμων
3496 1076 3636 1146 πέμα

2060 1165 2259 1236 ψαντες
2277 1167 2402 1229 τοὺς
2422 1166 2599 1237 ὲρωτή
2608 1183 2804 1230 σαντας
2817 1165 2907 1219 τὸν
2920 1165 3172 1237 Ἰωάννην
3198 1168 3362 1238 ἱερεῖς
3377 1168 3471 1220 καὶ
3486 1167 3620 1220 Asc!

2062 1273 2179 1319 τας,
2217 1254 2477 1327 μαθόντες
2508 1257 2655 1321 ὅστις
2689 1275 2748 1311 τε
2779 1258 2878 1312 οὐκ
2902 1253 2969 1329 ἦν
2999 1259 3027 1311 6
3059 1257 3330 1330 Ἰωάννης,
3354 1258 3446 1312 καὶ
3465 1259 3525 1323 ὃς
3546 1254 3634 1330 ἦν,

2065 1347 2583 1421 σεμνοπρεπέστατα
2596 1349 2978 1421 ἡσυχάζουσιν·
2996 1349 3158 1404 οἱονεὶ
3179 1350 3640 1422 συγκατατιθέμεο

2063 1456 2142 1492 νοι
2159 1437 2247 1491 διὰ
2271 1439 2369 1509 τῆς
2391 1436 2603 1507 σιωπῆς
2617 1437 2753 1506 (15),
2773 1436 2867 1489 καὶ
2887 1436 3242 1507 ἐμφαίνοντες
3271 1436 3334 1489 τὸ
3349 1436 3651 1509 παραδέχε-

2064 1530 2266 1585 σθαιτὰ
2281 1531 2564 1603 εἰρημένα,
2577 1530 2658 1582 ὅτι
2674 1528 2901 1600 ἁρμόζει
2915 1531 2980 1600 τῇ
2997 1527 3089 1582 τοῦ
3111 1527 3343 1599 βοῶντος
3362 1529 3422 1584 ὲν
3436 1532 3503 1601 τῇ
3530 1530 3649 1601 ἐρή-

2064 1642 2148 1697 μῳ
2166 1625 2315 1695 φωνῇ
2333 1625 2413 1687 είς
2427 1623 2488 1677 τὸ
2508 1622 2749 1676 εὐθύνειν
2764 1621 2856 1692 τὴν
2873 1621 2995 1675 ὁδὸν
3011 1622 3238 1694 Κυρίου,
3258 1621 3320 1674 τὸ
3337 1620 3645 1691 βαπτίζειν·

2060 1718 2108 1770 οἱ
2138 1716 2195 1769 δὲ
2216 1717 2520 1787 Φαρισαῖοι,
2540 1715 2634 1769 ἅτε
2653 1714 2764 1785 (14)
2797 1713 2940 1769 κατὰ
2967 1714 3028 1767 τὸ
3064 1713 3237 1786 ὄνομα
3263 1715 3413 1779 ὄντες
3445 1715 3653 1785 διῃρη-

2055 1809 2224 1880 μένοι
2249 1811 2391 1874 τινὲς
2414 1810 2507 1863 καὶ
2536 1808 2874 1872 στασιώδεις,
2891 1808 2950 1862 τὸ
2980 1807 3054 1880 μὴ
3082 1810 3325 1879 ὁμονοεῖν
3348 1812 3655 1882 παριστᾶσι

2061 1903 2172 1964 τοῖς
2204 1903 2261 1954 ἐν
2292 1902 2356 1972 τῇ
2387 1899 2714 1971 μητροπόλει
2750 1898 3021 1962 Ἰουδαίοις
3052 1899 3145 1951 καὶ
3173 1901 3285 1962 τοῖς
3311 1898 3654 1971 λειτουργοῖς

2059 1991 2159 2063 τῆς
2180 1991 2273 2046 τοῦ
2305 1989 2439 2045 Θεοῦ
2468 1990 2762 2061 θεραπείας
2848 1989 3046 2062 ἱερεῦσι
3112 1989 3206 2043 καὶ
3241 1991 3497 2055 Λευῖταις
3516 2031 3534 2057 ,
3565 1992 3655 2045 διὰ

2060 2086 2153 2140 τοῦ
2183 2087 2497 2141 ἀποστεῖλαι
2531 2086 2694 2139 οἱονεὶ
2722 2083 3154 2157 ὲπιπληκτικῶς,
3179 2084 3275 2139 καλ⁵
3297 2085 3359 2137 τὸ
3397 2085 3527 2139 ὅσον
3564 2088 3653 2139 ἐπ’

2064 2180 2244 2244 αὐτοῖς
2274 2179 2587 2243 κωλυτικῶς
2618 2178 2713 2232 τοῦ
2742 2178 3042 2250 βαπτίζειν,
3069 2179 3195 2241 τοὺς
3228 2178 3651 2250 ἐρωτήσοντας·

2068 2293 2085 2324 ι
2119 2272 2184 2326 Τί
2217 2268 2308 2326 οὖν
2354 2272 2633 2342 βαπτίζεις
2657 2311 2672 2334 ,
2719 2273 2767 2325 εί
2822 2273 2886 2326 σὺ
2931 2272 3031 2325 οὐκ
3073 2265 3124 2323 εἷ
3162 2271 3191 2323 6
3221 2270 3456 2341 Χριστὸς
3482 2311 3499 2335 ,
3533 2271 3657 2325 οὐδὲ

2071 2362 2275 2426 Ἠλίας,
2310 2362 2431 2415 οὐδὲ
2462 2364 2489 2416 6
2517 2363 2833 2435 προφήτης;
2871 2381 2889 2413 ι
2918 2363 3029 2416 Καὶ
3054 2362 3194 2432 τάχα
3226 2362 3275 2413 εί
3304 2361 3657 2430 συγκλῶσαι-

2061 2472 2160 2532 μεν
2201 2456 2282 2519 είς
2323 2454 2380 2508 ἓν
2416 2455 2917 2527 σωματοποιοῦντες
2945 2454 3014 2509 τὰ
3045 2457 3101 2509 ὲν
3143 2458 3256 2520 τοῖς
3295 2455 3660 2524 Εὑαγγελίοις

2058 2549 2439 2620 γεγραμμένα,
2459 2548 2704 2620 εἴποιμεν
2729 2548 2795 2602 ἂν
2826 2547 2920 2602 νῦν
2952 2548 3048 2620 μὲν
3073 2549 3271 2613 αὐτοὺς
3300 2548 3476 2603 ταῦτα
3508 2552 3663 2622 εἰρη-

2059 2639 2231 2703 κέναι,
2264 2638 2490 2711 ὓστερον
2522 2637 2579 2692 δὲ
2602 2638 2703 2692 οὐκ
2727 2634 2822 2692 οἶδ’
2846 2639 2995 2702 ὅπως
3025 2639 3221 2702 αὐτοὺς
3251 2638 3663 2701 ὲπιδεδωκότας

2058 2729 2134 2801 τῷ
2195 2729 2562 2802 βαπτίσασθαι
2609 2730 2905 2801 ᾁκηκοέναι
2960 2730 3065 2784 ὑπὸ
3109 2729 3200 2784 τοῦ
3255 2729 3504 2784 Ἰωάννου
3554 2732 3659 2784 τό·

2064 2839 2084 2872 ι
2114 2821 2433 2892 Γεννήματα
2459 2820 2702 2892 ἐχιδνῶν,
2734 2820 2819 2884 τίς
2852 2820 3127 2886 ὑπέδειξεν
3157 2822 3287 2893 ὑμῖν
3316 2824 3510 2891 φυγεῖν
3540 2823 3666 2876 ἀπὸ

2056 2912 2156 2982 τῆς
2185 2911 2484 2984 μελλούσης
2517 2912 2687 2986 ὀργῆς
2716 2928 2731 2978 ;
2764 2913 3032 2984 Ποιήσατε
3060 2910 3154 2967 οὖν
3186 2913 3372 2981 ἀξίους
3397 2917 3665 2988 καρποὺς

2056 3001 2156 3072 τῆς
2181 3004 2485 3074 μετανοίας.
2521 3022 2539 3056 ι
2579 3002 2764 3056 Ταῦτα
2783 3003 2894 3075 γὰρ
2916 3003 3022 3058 ὑπὸ
3040 3003 3136 3058 τοῦ
3166 3004 3474 3059 Βαπτιστοῦ
3497 3008 3669 3079 εἴρη-

2058 3111 2146 3151 ται
2177 3094 2326 3167 παρὰ
2360 3095 2438 3166 τῷ
2485 3095 2750 3168 Ματθαίῳ
2772 3137 2788 3161 ,
2822 3097 3021 3162 ἰδόντος
3064 3097 3293 3163 πολλοὺς
3338 3098 3449 3152 τῶν
3482 3101 3664 3173 Φαρι-

2058 3188 2226 3241 σαίων
2256 3189 2349 3241 καὶ
2380 3187 2751 3242 Σαδδουκαίων
2781 3190 3109 3261 ἐρχομένους
3139 3190 3234 3243 ἐπὶ
3253 3190 3315 3244 τὸ
3339 3189 3663 3264 βάπτισμα·

2054 3278 2295 3350 δηλονότι
2326 3279 2426 3333 οὐκ
2455 3278 2676 3350 ἔχοντας
2705 3279 2952 3350 καρποὺς
2986 3279 3273 3350 μετανοίας
3295 3321 3310 3346 ,
3342 3281 3436 3335 καὶ
3481 3283 3666 3355 Φαρι-

2056 3370 2257 3435 σαῖκῶς
2296 3370 2783 3442 ἀλαζονευομένους
2813 3371 2870 3424 ὲν
2900 3372 3114 3435 ἑαυτοῖς
3145 3372 3239 3424 ἐπὶ
3272 3371 3351 3443 τῷ
3393 3372 3668 3446 Ἀϐραὰμ

2053 3463 2129 3527 ὡς
2156 3462 2319 3533 πατρί
2344 3479 2357 3492 ·
2401 3462 2590 3532 διόπερ
2628 3463 3059 3534 ὲπιπλήσσονται
3097 3462 3202 3515 ὑπὸ
3231 3462 3327 3516 τοῦ
3367 3463 3461 3517 τὸν
3488 3464 3669 3536 ζῆλον

2064 3556 2243 3609 Ἠλίου
2292 3555 2432 3609 κατὰ
2483 3555 2579 3627 τὴν
2624 3555 2909 3609 κοινωνίαν
2957 3553 3051 3608 τοῦ
3111 3555 3269 3623 ἁγίου
3328 3556 3670 3628 Πνεύματος

2053 3647 2263 3719 ἔχοντος
2303 3648 2568 3702 Ἰωάννου.
2610 3646 3034 3718 Ἐπιπληκτικὸς
3066 3648 3174 3719 γὰρ
3211 3648 3455 3717 λόγοςό·
3494 3668 3512 3700 ι
3558 3650 3666 3721 Μὴ

2051 3739 2237 3811 δόξητε
2296 3740 2476 3809 λέγειν
2557 3741 2615 3793 ὲν
2675 3741 2917 3805 ἑαυτοῖς”
2991 3741 3211 3812 Πατέρα
3285 3742 3488 3815 ἔχομεν
3557 3743 3669 3796 τὸν

2065 3833 2316 3907 Ἀϐραάμ
2340 3850 2353 3864 ⁶
2395 3852 2415 3885 ι
2449 3834 2542 3888 καὶ
2588 3831 2969 3896 διδασκαλικὸς
3012 3836 3040 3887 6
3073 3833 3202 3905 περὶ
3246 3834 3342 3887 τοῦ
3391 3835 3490 3888 καὶ
3520 3837 3669 3899 τοὺς

2050 3922 2137 3976 διὰ
2160 3924 2256 3995 τὴν
2288 3923 2495 3994 λιθίνην
2527 3923 2752 3995 καρδίαν
2794 3924 3056 3987 ἀπίστους
3086 3922 3268 3987 λίθους
3300 3924 3668 3996 ὀνομαζομ-

2052 4032 2174 4081 νους
2205 4016 2429 4085 δυνάμει
2453 4013 2586 4068 Θεοῦ
2639 4013 2962 4086 μεταϐαλεῖν
2988 4014 3132 4078 οἴους
3155 4032 3215 4068 τε
3249 4010 3389 4069 εἶναι
3422 4017 3537 4070 ἀπὸ
3575 4017 3671 4071 λίς

2054 4104 2160 4160 θων
2184 4106 2263 4169 είς
2293 4104 2459 4158 τέκνα
2493 4102 2763 4175 Ἀϐραὰμ,
2798 4103 2921 4157 ἐπεὶ
2954 4103 3239 4173 γεγόνασιν
3263 4106 3321 4158 ὲν
3343 4104 3672 4177 ὀφθαλμοῖς

2049 4196 2143 4253 τοῦ
2174 4197 2472 4271 προφήτου,
2508 4196 2580 4268 μὴ
2613 4195 2908 4266 φεύγοντες
2939 4198 3038 4268 τὴν
3085 4198 3235 4251 θείαν
3263 4198 3431 4253 αὑτοῦ
3474 4200 3619 4270 ὄψιν
3650 4219 3665 4231 ο

2049 4286 2234 4359 διόπερ
2266 4286 2358 4340 τό*
2397 4305 2415 4338 ι
2445 4285 2603 4355 Λέγω
2634 4286 2794 4357 ὑμῖν,
2822 4287 2903 4340 ὅτι
2941 4286 3164 4341 δύναται
3206 4290 3235 4341 6
3269 4288 3402 4352 Θεὸς
3433 4291 3501 4343 ὲκ
3535 4292 3672 4345 τῶν

2049 4377 2211 4431 λίθων
2239 4377 2443 4431 τούτων
2474 4379 2685 4450 ἐγεῖραι
2711 4377 2877 4432 τέκνα
2914 4378 2993 4450 τῷ
3038 4380 3308 4454 Ἀϐραὰμ,
3363 4401 3383 4433 ι
3420 4382 3515 4436 ὑπ’
3549 4386 3667 4437 αὑ-

2048 4470 2144 4524 τοῦ
2185 4471 2420 4540 λέγεται.
2453 4472 2565 4525 Καὶ
2607 4472 2730 4525 ἐπεὶ
2760 4472 2834 4543 μὴ
2865 4474 3441 4545 ποιήσαντεςκαρπδν
3478 4476 3671 4546 ἅγιον

2049 4561 2150 4632 τῆς
2183 4562 2466 4632 μετανοίας
2490 4561 2738 4633 ἔρχονται
2787 4561 2879 4615 ἐπὶ
2919 4563 2979 4616 τὸ
3005 4557 3307 4634 βάπτισμα,
3327 4564 3669 4637 ἁρμονικῶ-

2049 4669 2185 4705 τατα
2214 4652 2350 4723 πρὸς
2377 4653 2571 4716 αὐτοὺς
2593 4652 2811 4721 λέγεται
2835 4653 2896 4706 τό
2913 4671 2926 4684 ·
2956 4673 2976 4705 ‹
3010 4655 3149 4726 Ἤδη
3173 4659 3229 4708 δὲ
3256 4659 3288 4726 ή
3317 4656 3475 4728 ἀξίνη
3498 4660 3674 4730 πρὸς

2047 4741 2148 4813 τὴν
2178 4742 2331 4812 ῥίζαν
2363 4740 2472 4795 τῶν
2501 4741 2731 4811 δένδρων
2765 4745 2942 4796 κεῖται
2964 4759 2979 4774 ⁸
3008 4743 3123 4797 Πᾶν
3163 4744 3380 4816 δένδρον
3413 4749 3487 4817 μὴ
3514 4764 3669 4802 ποι-

2049 4834 2143 4889 οὖν
2172 4836 2382 4909 καρπὸν
2414 4834 2575 4889 καλὸν
2602 4835 2947 4900 ἐκκόπτεται,
2980 4838 3073 4890 καὶ
3095 4839 3175 4902 εἰς
3205 4838 3267 4892 τὸ
3297 4838 3413 4911 πῦρ
3452 4840 3674 4910 βάλλε-

2048 4945 2141 4982 ται
2163 4946 2176 4958 θ
2212 4949 2228 4979 ι
2256 4929 2418 4982 οἱονεὶ
2449 4928 2557 4998 γὰρ
2585 4928 2840 5000 ἄντικρύς
2874 4947 3007 5002 φησι
3040 4930 3176 5003 πρὸς
3205 4932 3404 4998 αὐτούς
3424 4947 3442 4965 ·
3479 4934 3673 4989 Ἐπεὶ

444 5073 491 5153 '3
511 5071 826 5153 ﬁeryﬁxux,
859 5075 945 5129 16.
1018 5078 1063 5110 ⁵³
1094 5076 1250 5133 Joan.
1280 5097 1319 5144 ι,
1343 5080 1433 5139 25.
1512 5083 1558 5115 ⁸⁸
1586 5083 1715 5138 ibid.
1742 5082 1831 5146 24,
1864 5084 1944 5139 25.

2062 5088 2076 5118 ⁸
2103 5087 2232 5142 ibid.
2262 5090 2349 5145 19.
2422 5086 2466 5117 ⁶¹
2497 5085 2689 5140 Matth.
2717 5102 2802 5152 ul,
2827 5087 2878 5153 7,
2920 5087 2974 5144 8.
3054 5090 3099 5121 ⁸³
3127 5089 3257 5147 ibid.
3287 5091 3343 5148 9.
3422 5092 3469 5125 “
3501 5094 3672 5149 ibid.

370 5142 421 5178 ⁸⁸
451 5144 581 5198 ibid.
606 5142 692 5198 10.

448 5274 561 5347 (15)
595 5273 699 5330 Pro
736 5273 823 5328 διὰ
852 5274 952 5345 τῆς
980 5274 1189 5344 σιωπῆς
1215 5274 1387 5330 codex
1417 5275 1734 5334 Bodleianus
1787 5280 1950 5337 habet

374 5362 441 5401 ττι
509 5362 707 5401 σιωπη.

405 5347 753 5488 maximast
776 5413 1107 5488 Φαρισαῖοι,
1145 5415 1273 5488 gite,
1305 5428 1428 5488 etc.
1457 5413 1721 5487 Origenes
1784 5429 1940 5476 tract.

373 5485 499 5557 xxiv
522 5485 577 5557 iu
608 5485 830 5550 Matth,
857 5502 945 5557 pp.
976 5486 1102 5557 855.
1134 5486 1240 5542 856
1276 5505 1291 5542 :
1348 5506 1366 5537 ι
1403 5487 1503 5549 Oui
1548 5485 1729 5543 autem
1764 5490 1940 5556 majus

373 5555 576 5627 aliquid
616 5558 932 5626 proﬁtentes
971 5556 1217 5627 dividunt
1250 5558 1457 5627 seipsos
1500 5560 1655 5627 quasi
1688 5555 1942 5614 meliores

375 5640 404 5699 a
455 5626 657 5691 multis,
692 5627 1003 5699 secundum,
1035 5628 1141 5683 hoc
1195 5626 1458 5683 Pharisaei
1510 5626 1786 5693 dicuntur,
1850 5633 1942 5699 qui

374 5695 797 5762 interpretantur
849 5698 1006 5754 divisi
1060 5710 1115 5753 et
1160 5699 1451 5769 segregati.
1507 5717 1539 5769 r_
1601 5700 1666 5752 Et
1723 5695 1940 5758 tractat.

376 5778 525 5828 uva,
557 5782 675 5837 pag.
706 5769 807 5823 8i?
838 5789 850 5823 :
884 5789 901 5823 ι
945 5770 1144 5837 Quales
1168 5767 1387 5825 luerunt
1411 5779 1467 5826 et
1510 5767 1789 5838 Pharisai,
1842 5775 1936 5842 qui

2056 5296 2205 5370 recte
2231 5286 2490 5370 Pharisaei
2518 5300 2671 5370 _snnt
2715 5291 2994 5361 appellati,
3027 5292 3212 5370 id__est_
3251 5298 3479 5370 pra-eisi,
3552 5306 3671 5370 qui

2053 5357 2765 5437 spiritualia-prophetaruni
2788 5357 2818 5437 ξι
2844 5362 3138 5437 corporali
3162 5357 3388 5422 historia
3440 5357 3679 5437 ptas-2::-

2053 5427 2301 5506 derunt.)
2347 5427 3366 5506 l_lier_onymus__aauers.'Lucifer-ianos,
3395 5427 3527 5506 cap.
3573 5427 3617 5499 8
3654 5462 3672 5498 :

2057 5516 2078 5549 ι
2117 5497 2371 5573 Pharisaei
2403 5516 2431 5553 a
2463 5497 2662 5573 Judzcis
2685 5502 2841 5556 divisi
2871 5497 3120 5570 propter'
3142 5497 3406 5573 quasdam
3435 5497 3676 5566 obser-

2054 5568 2304 5624 vationes
2330 5572 2648 5638 superﬂuas,
2682 5568 2884 5627 nomen
2905 5568 3123 5642 quoque
3151 5568 3183 5629 :3
3208 5575 3409 5633 Judmis
3436 5594 3679 5639 susce-

2052 5649 2270 5718 perunt.
2306 5658 2324 5690 ι
2350 5642 2390 5694 Α
2425 5644 2899 5718 ,ω’-πε.-σεραναυιξι,
2930 5645 3284 5718 De_sedi_tioso
3336 5656 3390 5702 et
3442 5657 3671 5718 pervi-

2052 5707 2376 5795 cacieurtnn
2420 5713 2636 5785 ingenio
2667 5707 2788 5770 Vide
2837 5711 3063 5785 Joscph.
3118 5714 3298 5787 Antiq.
3346 5707 3457 5774 lib:
3486 5736 3671 5785 xv",

2050 5793 2170 5848 cap.
2198 5793 2249 5832 ο.
3637 5808 3647 5817 ,
