3766 6142
171 381 248 434 241

1181 376 1538 433 COMMENT.
1585 376 1648 431 IN
1683 375 1873 433 JOAN.
1896 374 2155 434 'TOMUS
2186 376 2275 430 Vl.

3259 363 3371 432 25"!

167 492 423 567 ἐληλύθατε
451 492 542 546 ἐπὶ
566 492 627 544 τὸ
663 491 942 564 βάπτισμα
974 492 1048 562 μὴ
1080 493 1402 563 ποιήσαντες
1432 493 1545 564 (15)
1573 509 1706 564 καρ-

1879 505 1994 550 erte
2026 493 2255 550 dieens:
2308 492 2574 560 Quoniam
2626 490 2852 546 venistis
2901 491 2968 548 ad
3018 492 3367 565 baptismum,

161 586 249 666 βιὸν
281 582 578 654 μετανοίας,
612 581 825 652 δένδρον
849 581 970 635 ἐστέ
1009 581 1122 650 (16)
1166 581 1242 652 μὴ
1277 582 1463 636 ποιοῦν
1491 582 1705 654 καρπὸν

169 677 320 742 καλὸν,
349 674 783 745 ἐκκοπησόμενον
809 675 914 729 ἀπὸ
941 675 1041 744 τῆς
1065 674 1334 746 ὀξυτάτης
1358 677 1452 728 καὶ
1477 676 1705 730 εὐτονω-

167 769 306 839 τάτης
330 765 508 836 άξίνης
547 766 641 818 τοῦ
684 763 884 830 ζῶντος
912 766 1088 835 Λόγου
1111 807 1126 832 ,
1169 767 1262 820 καὶ
1293 766 1550 838 ἐνεργοῦς
1569 809 1583 833 ,
1613 768 1708 822 καὶ

166 859 437 930 τομωτέρου
485 858 626 928 ὑπὲρ
676 860 856 912 πᾶσαν
903 859 1176 929 μάχαιραν
1217 859 1488 930 δίστομον.
1537 857 1710 932 Παρέ-

139 953 304 1020 ςστησε
335 949 387 1003 δὲ
411 949 500 1002 τὸν
526 948 635 1001 τῶν
664 950 970 1021 Φαρισαίων
1018 949 1146 1020 περὶ
1185 950 1365 1004 αὐτῶν
1398 951 1555 1020 λόγον
1595 952 1708 1024 (17)

167 1044 240 1096 καὶ
260 1045 285 1096 6
303 1043 506 1106 Λουκᾶς
533 1041 622 1095 διὰ
653 1042 746 1096 τοῦ
772 1060 785 1073 ·
822 1062 839 1093 ι
873 1041 1186 1114 ’Ἄνθρωποι
1218 1043 1312 1097 δύο
1335 1044 1604 1116 ἀνέδησαν
1631 1048 1710 1110 είς

164 1137 213 1188 τὸ
238 1134 368 1206 ἱερὸν
393 1135 792 1207 προσεύξασθαι
811 1153 824 1165 ·
860 1139 888 1190 6
910 1131 990 1201 εἷς
1011 1138 1326 1208 Φαρισαῖος,
1355 1138 1450 1192 καὶ
1475 1140 1502 1192 6
1526 1139 1710 1211 ἕτερος

164 1226 384 1298 τελώνης.
420 1227 530 1281 Καὶ
556 1229 585 1280 ὁ
603 1229 892 1299 Φαρισαῖος
922 1230 1137 1294 σταθεὶς
1169 1230 1339 1284 ταῦτα
1361 1231 1495 1299 πρὸς
1522 1232 1710 1287 ἑαυτὸν

163 1317 464 1388 προσηύχετο
482 1333 496 1347 ·
538 1319 597 1371 '0
620 1318 772 1383 Θεὸς,
799 1319 1104 1391 εὐχαριστῶ
1136 1337 1238 1385 σοι,
1263 1322 1344 1374 ὅτι
1371 1322 1473 1376 οὐκ
1500 1321 1617 1393 εἰμὶ
1638 1323 1711 1386 ὼς

162 1411 202 1463 oi
228 1410 382 1463 λοιποὶ
409 1410 517 1464 τῶν
552 1411 876 1482 ἀνθρώπων,
911 1411 1177 1483 ἅρπαγες,
1211 1413 1406 1478 ἄδικοι,
1456 1415 1711 1488 μοιχοὶ,ἥ

164 1503 242 1555 καὶ
281 1505 350 1565 ὡς
393 1493 549 1567 οὗτος
579 1505 608 1557 6
637 1503 875 1575 τελώνης
899 1522 912 1536 ·
960 1525 978 1556 ι
1006 1506 1095 1559 ὅτε
1120 1506 1208 1560 διὰ
1231 1507 1453 1572 τούτους
1474 1511 1601 1573 τοὺς
1629 1510 1714 1563 λό-

163 1611 270 1663 γους
297 1597 324 1648 6
363 1594 601 1666 τελώνης
638 1615 656 1647 t
699 1596 898 1663 μᾶλλον
929 1598 1092 1651 αὐτοῦ
1129 1602 1209 1664 είς
1236 1601 1328 1654 τὸν
1359 1597 1506 1656 οἶκον
1546 1619 1713 1656 κατα-

161 1685 308 1739 δαίνει
344 1687 760 1759 δεδικαιωμένος
785 1727 800 1752 ,
842 1708 859 1739 ι
912 1690 1004 1742 καὶ
1042 1691 1355 1760 ἐπιλέγεται
1409 1693 1588 1748 πάντα
1625 1695 1714 1750 τὸν
1736 1687 1748 1698 ’

162 1777 369 1847 ὕψοῦντα
401 1781 596 1833 ἐαυτὸν
632 1780 1040 1836 ταπεινοῦσθαι.
1088 1784 1176 1847 Ὠς
1203 1785 1493 1857 ὑποκριταὶ
1516 1786 1712 1853 τοίνυν,

1807 601 1928 640 cum
1961 600 2068 641 non
2103 585 2340 641 feceritis
2376 584 2613 640 fructum
2650 584 3006 654 poenitentiae,
3049 587 3213 641 arbor
3239 585 3374 640 eStis

1806 688 1912 729 non
1945 675 2152 730 faciens
2180 674 2416 729 fructum
2457 674 2681 740 bonum,
2708 674 3006 730 excidenda
3037 677 3104 730 ab
3129 675 3376 730 acutissi-

1809 782 1892 820 ma
1929 775 1984 821 et
2013 767 2347 822 validissima
2371 768 2571 832 securi,
2603 781 2794 836 nempe
2816 782 2846 820 a
2875 766 3138 822 Sermone
3160 769 3376 824 vivente

1806 866 1859 912 et
1889 857 2121 921 ellicaci.
2156 859 2246 928 qui
2275 859 2647 928 penetrantior
2676 867 2760 914 est
2786 859 2978 928 quovis
3005 859 3182 930 gladio
3203 860 3386 916 utrin-’

1807 962 1914 1018 que
1961 949 2235 1006 incidente
2264 951 2329 1005 °".
2397 951 2662 1008 Caeterum
2759 945 3155 1008 Pharisaeorum
3202 952 3270 1007 de
3317 966 3391 1007 se

1807 1041 2248 1112 praedicationem
2297 1042 2548 1112 produxit
2592 1041 2768 1097 Lucas
2800 1043 2852 1096 in
2898 1043 3159 1106 medium,
3184 1057 3284 1113 per
3313 1044 3378 1098 il-

1809 1135 1898 1190 lud
1923 1132 2013 1189 δέ
2050 1152 2069 1188 t
2117 1134 2234 1190 Duo
2278 1135 2526 1188 homines
2579 1136 2952 1188 ascenderunt
2991 1137 3044 1189 in
3092 1134 3374 1205 templum,

1809 1237 1866 1282 ut
1898 1236 2252 1298 precarentur
2283 1244 2297 1281 :
2328 1243 2470 1282 unus
2515 1227 2845 1295 Pharisaeus,
2885 1236 2940 1282 et
2966 1228 3106 1284 alter
3130 1228 3380 1298 publica-

1813 1336 1932 1376 nus.
1967 1319 2276 1378 Pharisaaus
2313 1328 2464 1376 stans
2513 1321 2630 1376 haec
2675 1319 2814 1390 apud
2849 1336 2908 1376 se
2951 1321 3184 1376 orabat:
3213 1320 3378 1386 Deus,

1811 1413 2013 1483 gratias
2035 1428 2133 1486 ago
2164 1415 2284 1482 tibi,
2315 1413 2459 1484 quod
2512 1428 2619 1469 non
2670 1429 2791 1468 sum
2821 1413 3006 1484 quales
3043 1415 3226 1470 caueri
3279 1415 3380 1470 ho-

1813 1505 2006 1572 mines,
2036 1518 2304 1578 raptores,
2351 1506 2561 1576 injusti,
2594 1505 2846 1570 adulteri,
2894 1506 3069 1577 qualis
3103 1507 3269 1562 etiam
3298 1506 3382 1562 bic

1813 1598 2152 1670 publicanus.
2191 1618 2211 1652 ι
2235 1599 2465 1667 Quando
2493 1607 2717 1669 propter
2765 1599 2880 1654 haec
2922 1599 3085 1655 verba
3139 1600 3382 1670 publica-

1815 1705 1915 1745 nus
1943 1707 1963 1742 ‹
2013 1691 2234 1746 domum
2286 1705 2441 1746 suam
2495 1689 2778 1745 descendit
2824 1688 3156 1758 iustiﬁcatu's
3185 1690 3382 1760 magis,

1815 1797 1976 1852 quam
2005 1782 2093 1838 ille
2127 1782 2204 1848 '3;
2251 1799 2272 1836 ι
2315 1781 2534 1836 additur
2554 1781 2718 1837 etiam
2740 1821 2756 1847 ,
2784 1797 3006 1837 omnem
3054 1782 3384 1837 exaltantem

160 1873 276 1924 κατὰ
304 1873 424 1936 τοὺς
451 1873 546 1926 τοῦ
580 1874 833 1946 Σωτῆρος
860 1875 997 1946 πρὸς
1026 1877 1223 1940 αὐτοὺς
1255 1877 1602 1946 ἐλεγκτικοὺς
1626 1880 1706 1934 λό-

1877 1915 1892 1940 ,
1924 1873 2224 1930 humiliari.
2259 1872 2330 1930 Ut
2353 1873 2650 1944 hypocrita:
2677 1872 2845 1943 igitur
2866 1873 3043 1944 (juxta
3078 1872 3385 1928 Servatoris

159 1977 284 2029 γους,
315 1963 562 2035 ἔρχονται
593 1965 687 2017 ἐπὶ
715 1965 776 2018 τὸ
809 1965 1114 2037 βάπτισμα,
1146 1967 1205 2020 οὐ
1240 1967 1594 2034 λανθάνοντες
1620 1971 1712 2026 τὸν

159 2053 494 2121 βαπτίζοντα,
549 2055 630 2109 ἔτι
678 2056 891 2126 ἔχοντες
927 2056 1036 2110 τῶν
1081 2057 1306 2128 ἐχιδνῶν
1352 2060 1428 2112 ίὸν
1472 2061 1577 2114 ὑπὸ
1615 2061 1713 2126 τὰς

155 2144 378 2212 γλώσσας
442 2147 622 2201 αὐτῶν
680 2149 775 2201 καὶ
829 2149 918 2201 τὸν
978 2149 1088 2202 τῶν
1139 2151 1443 2206 ἀσπίδωνοι
1466 2152 1714 2225 Ἶδςιγὰρ

159 2258 174 2286 ι
208 2239 430 2291 ἀσπίδων
461 2241 569 2293 ὑπὸ
602 2239 668 2293 τὰ
702 2240 854 2311 χείλη
882 2240 1082 2294 αὐτῶν.
1124 2260 1143 2293 ι
1194 2242 1432 2313 Ἀληθῶς
1462 2261 1522 2297 τε
1547 2244 1716 2317 θυμὸς

155 2330 305 2400 αὐτῆς
330 2332 438 2401 (18)
486 2334 631 2386 κατὰ
654 2333 754 2404 τὴν
779 2333 1039 2403 ὁμοίωσιν
1078 2334 1172 2388 τοῦ
1201 2335 1376 2406 ὄφεως
1419 2332 1487 2408 ἦν
1517 2339 1718 2410 ἐμφαι-

153 2422 370 2491 νόμενος,
397 2425 493 2477 καὶ
517 2423 608 2477 διὰ
637 2424 736 2494 τῆς
765 2426 967 2495 πικρᾶς
998 2425 1201 2497 ταύτης
1239 2429 1558 2500 ἐρωτήσεως
1586 2432 1710 2503 τῆς·

158 2533 174 2566 ι
205 2515 258 2566 Τί
285 2510 374 2568 οὖν
423 2515 743 2586 βαπτίζεις,
790 2519 837 2570 εί
885 2519 949 2571 σὺ
996 2519 1095 2572 οὐκ
1143 2516 1196 2572 εί
1239 2522 1267 2573 6
1312 2522 1567 2591 Χριστὸς,
1596 2525 1718 2580 οὐδὲ

163 2607 343 2671 Ἠλίας,
367 2608 488 2661 οὐδὲ
533 2609 564 2660 6
595 2610 878 2680 προφήτης
905 2627 918 2640 ·
958 2630 976 2661 ι
1006 2611 1149 2683 Πρὸς
1174 2610 1266 2675 οὓς
1296 2613 1500 2684 εἴποιμ’
1529 2615 1615 2676 ἂν,
1642 2617 1718 2681 ὡς

153 2700 386 2770 Χριστοῦ,
410 2701 505 2754 καὶ
543 2700 745 2765 Ἡλίου,
775 2701 984 2755 καὶτοῦ
1015 2705 1293 2775 προφήτου
1327 2703 1714 2776 βαπτιζόντων,

150 2795 234 2860 τῆς
267 2792 321 2845 δέ
358 2795 415 2845 ἐν
450 2795 519 2863 τῇ
551 2793 743 2864 ἐρήμῳ
770 2795 952 2864 φωνῆς
976 2793 1071 2847 τοῦ
1119 2794 1348 2864 βοῶντος
1391 2797 1596 2868 ταύτην
1621 2799 1717 2871 τὴν

153 2884 374 2948 ἐξουσίαν
423 2884 500 2956 μὴ
552 2885 867 2955 είληφυίας·
917 2882 988 2939 Ὦ
1032 2881 1213 2952 οὗτοι,
1261 2887 1486 2959 ἀπηνῶς
1516 2891 1720 2946 πυνθάκ-

150 2977 285 3030 νεσθε
306 2977 396 3030 τοῦ
427 2977 846 3048 άπεσταλμένου
877 2979 1106 3048 ἀγγέλου
1133 2980 1238 3052 πρὸ
1265 2981 1556 3051 προσώπου
1588 2985 1721 3056 Χρι-

153 3068 280 3133 στοῦ,
304 3073 718 3124 κατασκευάσαι
747 3071 844 3142 τὴν
866 3073 982 3126 ὁδὸν
1011 3074 1174 3127 αὐτοῦ
1194 3074 1502 3147 ἔμπροσθεν
1527 3077 1715 3143 αὑτοῦ,

149 3163 236 3216 ὅλα
257 3163 320 3217 τὰ
343 3163 484 3218 κατὰ
516 3164 615 3216 τὸν
653 3164 816 3219 τόπον
853 3165 1018 3219 αὐτοῦ
1055 3167 1373 3237 ἀγνοοῦντες
1403 3172 1678 3242 μυστήρια
1703 3191 1715 3204 ·

1749 3211 1794 3269 ϐ

1815 1969 1880 2021 ad
1906 1967 2051 2036 ipsos
2092 1964 2461 2036 objurgatoria
2488 1964 2676 2032 verba)
2729 1964 2953 2019 veniunt
3002 1965 3068 2019 ad
3097 1965 3384 2034 baptisma,

1815 2074 1923 2114 non
1955 2061 2188 2115 latentes
2222 2058 2588 2127 baptizantem
2617 2056 2759 2126 quod
2809 2056 2986 2111 adhuc
3018 2056 3286 2111 baberent
3310 2055 3387 2109 vi-

1816 2167 2075 2223 perarum
2121 2161 2177 2208 et
2227 2153 2477 2223 aspidum
2528 2164 2796 2206 venenum
2857 2149 2957 2204 sub
3008 2149 3166 2204 labiis
3217 2149 3331 2205 suis
3371 2165 3387 2202 :

1823 2262 1842 2296 ι
1877 2244 2157 2300 Venenum
2193 2264 2211 2298 ι
2255 2246 2426 2313 enim,
2483 2247 2681 2316 inquit,
2718 2264 2737 2299 ι
2782 2243 3030 2314 aspidum
3079 2243 3180 2298 sub
3233 2240 3391 2296 labiis

1817 2352 2004 2392 eorum
2033 2339 2097 2392 ⁸³.
2137 2356 2158 2391 ι
2195 2338 2440 2410 Cumque
2465 2354 2591 2395 vere
2613 2354 2877 2397 venenum
2904 2339 3190 2398 haberent.
3213 2343 3273 2390 ut
3301 2349 3391 2388 ve-

1819 2445 2018 2484 nenum
2049 2432 2347 2500 serpentis,
2375 2432 2428 2486 id
2469 2433 2632 2487 etiam
2679 2439 3071 2501 expresserunt
3115 2443 3214 2499 per
3253 2429 3391 2482 hanc

1819 2534 2062 2574 amaram
2094 2521 2575 2591 interrogationem
2604 2521 2651 2554 ⁷⁸
2684 2565 2695 2576 .
2735 2540 2756 2574 ι
2791 2520 2930 2587 Quid
2961 2536 3092 2591 ergo
3122 2519 3402 2590 baptizas,

1819 2613 1863 2667 si
1893 2623 1947 2667 tu
1977 2628 2082 2668 non
2107 2629 2167 2669 es
2193 2614 2350 2684 125
2374 2615 2644 2678 Christus,
2675 2630 2850 2684 neque
2871 2613 3038 2680 Elias,
3064 2627 3239 2681 neque
3271 2625 3397 2681 pro-

1821 2708 1980 2774 pheta
2018 2705 2142 2760 ille?
2179 2725 2198 2758 ι
2257 2707 2465 2773 Quibus
2523 2722 2624 2777 ego
2655 2708 2837 2761 dicere
2859 2721 3097 2776 possem,
3137 2715 3393 2773 tanquam

1819 2796 2039 2851 Christo
2061 2807 2225 2868 atque
2255 2798 2370 2852 Elia
2402 2798 2662 2867 propheta
2697 2797 3115 2868 baptizantibus,
3141 2811 3263 2850 cum
3289 2810 3392 2850 vox

1821 2886 2108 2944 clamantis
2134 2888 2186 2945 in
2213 2903 2399 2944 eremo
2424 2890 2563 2944 hanc
2587 2889 2896 2944 facultatem
2924 2903 3029 2942 non
3075 2886 3349 2957 acceperit
3375 2902 3391 2938 :

1821 2978 2216 3046 lnhumaniter,
2252 2997 2285 3037 ο
2315 2982 2462 3048 boni,
2493 2982 2839 3052 interrogatis
2868 2983 3092 3037 missum
3139 2980 3393 3033 nuntium

1822 3082 1946 3126 ante
1975 3071 2165 3128 faciem
2193 3071 2396 3128 Christi
2430 3074 2500 3105 ἠ’
2531 3075 2599 3128 ad
2642 3074 3052 3144 praeparandum
3104 3075 3246 3127 viam
3276 3071 3397 3142 ejus

1825 3179 2013 3218 coram
2051 3164 2189 3235 ipso,
2242 3165 2495 3220 universa
2534 3164 2728 3243 ipsius,
2781 3165 2872 3235 qui
2916 3169 2984 3222 ad
3027 3165 3172 3220 hunc
3217 3165 3398 3220 locum

150 3254 289 3326 ὁγὰρ
315 3257 555 3329 Χριστὸς
581 3257 789 3328 Ἰησοῦς
810 3257 885 3311 ὢν
906 3299 920 3324 ,
961 3259 1062 3312 κᾶν
1097 3260 1170 3330 μὴ
1219 3259 1480 3334 βούλησθε
1501 3303 1515 3326 ,
1560 3265 1706 3332 αὐτὸς

1876 3259 2045 3324 ttinet,
2073 3259 2388 3329 ignorantes
2423 3260 2681 3330 mySteria
2714 3274 2728 3311 ε
2759 3273 2885 3314 nam
2919 3258 2965 3314 is
2994 3273 3118 3315 cum
3141 3257 3213 3314 sit
3238 3258 3398 3313 Chri-

149 3347 235 3400 o’nt
273 3347 603 3413 ἐϐάπτιζεν,
637 3349 750 3402 ἀλλ’
794 3350 844 3401 οἱ
886 3349 1124 3420 μαθηταὶ
1154 3350 1317 3404 αὐτοῦ
1340 3391 1352 3412 ,
1383 3353 1545 3416 αὐτὸς
1580 3353 1656 3408 ὢν
1693 3359 1723 3411 6

153 3442 439 3513 προφήτης.
470 3441 648 3494 Πόθεν
681 3441 738 3494 δὲ
771 3441 897 3513 ὑμῖν
930 3441 1286 3496 πεπίστευται
1323 3442 1506 3499 Ἠλίαν
1534 3445 1724 3516 βαπτί-

151 3549 248 3585 σειν
273 3534 358 3586 τὸν
391 3535 773 3605 ἐλευσόμενον,
798 3535 916 3588 ούδέ
949 3534 1017 3587 τὰ
1061 3536 1154 3588 ἐπὶ
1188 3534 1254 3588 τὰ
1303 3535 1397 3589 τοῦ
1435 3537 1724 3613 θυσιαστη-

150 3627 250 3698 ρίου
283 3627 433 3696 ξύλα,
461 3628 614 3682 κατα
645 3629 771 3692 τοὺς
815 3627 910 3680 τοῦ
958 3627 1165 3698 Ἀχαὰὸ
1210 3629 1434 3702 χρόνους
1455 3670 1470 3695 ,
1499 3631 1727 3704 δεόμενα

145 3719 349 3794 λουτροῦ
369 3762 384 3786 ,
419 3723 510 3776 ἴνα
550 3721 787 3792 ἐκκαυθῇ
811 3761 824 3784 ,
859 3723 1205 3790 ἐπιφανέντος
1238 3724 1294 3776 ἐν
1323 3725 1458 3795 πυρὶ
1481 3725 1574 3779 τοῦ
1615 3728 1728 3780 Ku-

148 3813 284 3883 ρίου,
315 3814 689 3884 βαπίσαντος
730 3832 744 3879 ;
784 3814 1188 3868 Ἑπικελεύεται
1235 3814 1342 3886 γὰρ
1374 3819 1485 3881 τοῖς
1525 3819 1728 3892 ίερεῦσι

145 3906 287 3959 τοῦτο
316 3910 585 3980 ποιῆσαι,
636 3909 697 3961 ού
741 3908 898 3980 μόνον
929 3907 1096 3973 ἅπαξ,
1133 3909 1282 3978 λέγει
1309 3911 1418 3981 γάρ
1442 3928 1454 3940 ·
1489 3930 1507 3962 ι
1542 3913 1732 3966 Δευτε-

151 3999 344 4068 ρώσατε
373 4043 388 4065 ,
423 4004 521 4056 ὅτε
553 4002 654 4054 καὶ
682 4000 1046 4072 ἐδευτέρωσαν
1072 4019 1084 4030 ·
1118 4002 1212 4056 καὶ
1241 4003 1578 4073 τρισσώσατε
1599 4046 1614 4068 ,
1640 4006 1729 4059 ὅτε

148 4094 230 4146 καὶ
256 4096 624 4169 ἐτρίσσωσαν.
655 4114 672 4147 ι
715 4095 770 4148 Ὀ
791 4095 967 4148 τοίνυν
1001 4094 1074 4166 μὴ
1111 4095 1271 4159 αὐτὸς
1301 4095 1564 4168 βαπτίσας
1588 4099 1727 4165 τότε,

148 4188 250 4240 ἀλλ’
276 4189 484 4260 ἑτέροις
520 4187 621 4241 τοῦ
663 4185 823 4258 ἔργου
853 4187 1264 4258 παραχωρήσας
1287 4228 1302 4252 ,
1342 4187 1456 4252 πῶς
1499 4190 1640 4244 κατὰ
1661 4190 1731 4243 τὰ

147 4280 241 4331 ὑπὸ
278 4280 370 4333 τοῦ
407 4277 700 4350 Μαλαχίου
744 4278 1012 4350 λεγόμενα
1051 4278 1393 4352 ἐπιδημήσας
1448 4280 1731 4352 βαπτίζειν

149 4370 366 4440 ἔμελλε;
402 4372 647 4445 Χριστὸς
670 4365 765 4425 οὖν
795 4372 894 4424 οὐκ
937 4373 994 4424 ἐν
1039 4370 1188 4425 ὕδατι
1227 4371 1497 4443 βαπτίζει,
1529 4374 1642 4428 ἀλλ’
1679 4375 1730 4428 οί

148 4463 374 4532 μαθηταὶ
416 4462 592 4519 αὑτοῦ
620 4480 633 4492 ·
666 4461 844 4532 ἐαυτῷ
893 4461 950 4514 δὲ
990 4465 1149 4532 τηρεῖ
1178 4463 1240 4515 τὸ
1285 4463 1429 4534 ἁγίῳ
1452 4463 1729 4534 Πνεύματι

1827 3361 1965 3417 stus,
1997 3351 2102 3416 vel,
2136 3352 2182 3407 si
2228 3351 2438 3420 nolitis,
2486 3362 2542 3408 et
2566 3354 2654 3408 ille
2695 3354 2979 3423 propheta,
3017 3352 3133 3421 ipse
3157 3363 3265 3404 non
3296 3350 3398 3404 ba.

1825 3441 2070 3511 ptizavit,
2098 3443 2192 3496 sed
2224 3441 2471 3510 discipuli
2507 3441 2649 3512 ejus.
2676 3442 2908 3498 Proinde
2939 3442 3208 3496 undenam
3242 3439 3401 3495 vobis

1825 3548 2142 3604 persuasum
2192 3545 2276 3589 est
2331 3535 2498 3589 Etiam
2550 3545 2836 3590 venturum
2870 3534 2934 3590 ad
2986 3533 3398 3603 baptisandum,

1827 3628 1918 3697 qui
1947 3641 2120 3697 neque
2149 3627 2295 3697 ligna
2335 3627 2496 3682 altari
2527 3626 2864 3699 superposita
2917 3634 3159 3696 tempore
3192 3624 3398 3687 Achab,

1827 3735 2000 3791 eaque
2050 3721 2265 3792 egentia
2300 3721 2496 3776 balneo
2540 3730 2598 3773 ut
2639 3721 3110 3785 comburerentur,
3158 3732 3278 3772 cum
3308 3731 3400 3785 ap-

1827 3813 2100 3881 paruisset
2128 3826 2228 3883 per
2274 3815 2454 3884 ignem
2502 3813 2788 3878 Dominus,
2825 3809 3214 3880 baptizaverit?
3240 3807 3402 3864 Jubet

1827 3908 1974 3964 enim
2007 3907 2405 3975 sacerdotibus,
2441 3915 2500 3962 ut
2550 3907 2732 3963 isthuc
2778 3905 3042 3968 facerent,
3069 3919 3167 3959 nec
3201 3903 3254 3958 id
3285 3913 3404 3958 tan-

1831 4011 1942 4056 tum
1969 4001 2160 4063 semel,
2207 4016 2332 4056 nam
2361 4001 2537 4058 dicit:
2571 4019 2590 4052 ι
2630 3999 2814 4056 Denuo
2845 3999 2898 4055 id
2937 3997 3100 4054 facile
3127 4014 3141 4051 ε
3171 4009 3403 4065 cumque
3452 4028 3454 4030 τ

1829 4096 2005 4150 denuo
2030 4095 2083 4149 id
2107 4095 2364 4150 fecissent
2396 4110 2410 4147 :
2448 4094 2656 4159 Tertio,
2683 4093 2880 4163 inquit,
2916 4091 2970 4146 id
2999 4089 3181 4153 facite,
3207 4097 3261 4143 et
3293 4096 3400 4141 ter-

1832 4187 1904 4241 tio
1929 4187 1982 4241 id
2006 4184 2255 4241 fecerunt
2275 4187 2341 4241 τί.
2373 4205 2392 4239 ι
2419 4185 2552 4241 Cum
2580 4199 2709 4256 ergo
2739 4186 2854 4253 ipse
2878 4193 2990 4237 tum
3024 4196 3128 4234 non
3155 4179 3402 4248 haptiza»

1830 4282 1920 4348 rit,
1962 4282 2056 4336 sed
2087 4280 2210 4336 aliis
2249 4282 2481 4336 cesserit
2530 4281 2668 4335 hanc
2698 4279 3059 4349 provinciam,
3103 4273 3402 4343 quomodo,

1828 4388 1950 4428 cum
1972 4373 2287 4438 accesserit,
2309 4373 2464 4441 juxta
2489 4369 2766 4426 Malacbiae
2789 4369 3105 4423 vaticinium
3130 4370 3198 4435 ⁷³,
3221 4367 3402 4436 bapti—

1831 4473 2051 4520 zaturus
2095 4465 2218 4520 est?
2249 4464 2422 4536 igitur
2483 4463 2735 4520 Christus
2780 4462 2834 4517 in
2869 4476 3009 4532 aqua
3061 4477 3165 4517 non
3222 4458 3404 4529 bapti-

148 4552 416 4620 βαπτίζειν
467 4555 569 4609 καὶ
607 4553 755 4625 πυρί.
785 4552 1233 4624 Παραδεξάμενος
1263 4554 1318 4607 δὲ
1353 4556 1381 4608 6
1418 4555 1706 4626 Ἠρακλέωε

1876 4569 1941 4625 at,
1989 4557 2085 4613 sed
2133 4557 2380 4627 discipuli
2413 4557 2552 4629 ejus,
2603 4560 2706 4615 sibi
2757 4557 2859 4628 ipsi
2893 4567 3180 4611 reservans
3227 4552 3405 4621 bapti-

142 4645 227 4698 τδν
257 4648 366 4701 τῶν
397 4649 720 4720 Φαρισαίων
745 4646 922 4714 λόγον,
959 4647 1033 4709 ὡς
1079 4646 1249 4715 ὑγιῶς
1282 4647 1566 4719 εἰρημένον
1598 4652 1706 4720 περ

1876 4665 2011 4703 [num
2063 4648 2116 4703 in
2152 4646 2360 4720 Spiritu
2406 4659 2600 4706 sancto
2655 4659 2711 4705 et
2776 4647 2976 4718 igni".
3011 4645 3181 4700 Porro
3233 4642 3403 4699 Hera-

144 4737 232 4792 τοῦ
255 4741 574 4808 ὀφείλεσθαι
609 4741 668 4794 τὸ
707 4741 990 4812 βαπτίζειν
1016 4739 1253 4814 Χριστῷ,
1295 4741 1388 4794 καὶ
1425 4741 1602 4813 Ἠλίᾳ,
1635 4742 1706 4794 κα

1876 4745 2009 4806 leon,
2073 4743 2368 4799 admittens
2442 4741 2843 4798 Pharisaeorum
2893 4752 3199 4795 sermonem
3253 4745 3403 4789 recte

147 4832 298 4884 παντὶ
350 4833 659 4904 προφήτῃ,
704 4834 896 4895 αὑταῖς
944 4831 1120 4898 λέξεσί
1173 4849 1371 4903 φησιν,
1420 4827 1500 4895 οἷς
1549 4831 1706 4902 μόνοις

1876 4837 2126 4902 rolatum,
2153 4836 2378 4905 perinde
2409 4837 2567 4905 quasi
2601 4846 2710 4888 tum
2755 4834 3026 4898 Christus,
3066 4841 3181 4885 tum
3237 4828 3409 4888 Elias,

144 4923 408 4990 ὀφείλεται
450 4926 516 4978 τὸ
555 4924 870 4996 βαπτίζειν·
918 4924 1012 4977 καὶ
1042 4926 1106 4977 ἐκ
1142 4924 1249 4979 τῶν
1283 4924 1584 4996 εἰρημένων
1623 4924 1706 4995 μὲε

1876 4943 1947 4980 tm
1975 4925 2209 4995 denique
2235 4927 2512 4996 prophetae
2558 4941 2748 4980 omnes
2785 4924 3060 4978 debitores
3104 4929 3288 4975 essent
3320 4918 3386 4972 bi

143 5020 264 5087 ἡμῖν
299 5019 538 5091 ἔναγχος
567 5019 942 5091 ἐλεγχόμενος,
973 5018 1201 5090 μάλιστα
1229 5017 1287 5071 δὲ
1316 5017 1397 5070 ὅτι
1422 5017 1706 5089 κοινότεροπ

1876 5018 2089 5086 tizandi,
2123 5018 2316 5074 iisdem
2345 5019 2551 5085 verbis,
2572 5017 2981 5087 inquit,quibus
3004 5016 3134 5070 solis
3160 5027 3295 5081 opus
3330 5020 3407 5063 est

143 5111 224 5164 τὴν
252 5116 546 5187 προφήτην
575 5115 827 5186 νενόηκεν
857 5115 939 5185 (οὐ
968 5114 1076 5185 γὰρ
1104 5113 1217 5185 ἔχει
1256 5112 1424 5178 δεῖξαί
1456 5130 1576 5166 τινα
1617 5113 1706 5167 τῶε

1876 5110 2110 5181 aptizare
2129 5150 2144 5175 ,
2172 5122 2405 5177 cumque
2431 5124 2460 5163 a
2489 5109 2644 5164 nobis
2669 5123 2840 5178 nuper
2875 5108 2945 5162 sit
2973 5107 3298 5174 redargutus
3337 5117 3399 5152 cx

144 5208 434 5278 προφητῶν
472 5207 869 5278 βαπτίσανταε)
893 5208 992 5260 οὐκ
1022 5206 1303 5271 ἀπιθάνως
1341 5206 1397 5259 δέ
1433 5223 1566 5278 φησι
1595 5223 1696 5259 πυν

1876 5201 1922 5258 is
1952 5215 2072 5272 quae
2099 5201 2355 5268 diximus,
2380 5201 2544 5272 idque
2567 5202 2894 5271 praesertim,
2919 5199 3011 5269 qui
3047 5213 3142 5267 per
3169 5194 3409 5265 prophe-

209 5389 253 5420 “
287 5386 458 5442 Hebr.
497 5403 572 5446 Iv.
602 5386 685 5440 12.
771 5386 815 5417 "’
850 5385 977 5440 Luc.
1010 5393 1162 5447 xvm,
1196 5385 1279 5447 Ιθ,
1316 5386 1399 5438 Η.
1478 5385 1521 5416 ⁸⁸
1545 5383 1676 5439 ibid.

1883 5384 1928 5416 ⁶⁹
1961 5383 2104 5441 Psal.
2159 5399 2278 5449 xm,
2307 5385 2360 5440 5.
2433 5387 2480 5418 το
2524 5386 2680 5441 Joau.
2728 5403 2764 5450 ι,
2806 5386 2897 5442 25.
2973 5387 3042 5417 ⁷⁰⁶
3073 5383 3238 5436 Marc.
3274 5396 3312 5434 I.
3340 5379 3398 5431 ‘2.

142 5457 183 5490 "
212 5457 276 5513 Ill
328 5460 466 5529 Reg.
498 5474 659 5524 xvm,
688 5456 781 5518 54,
813 5458 903 5512 58.
979 5457 1024 5488 ⁷¹
1050 5456 1278 5509 Malat-b.
1324 5471 1395 5521 Iv,
1429 5454 1484 5510 5.
1558 5455 1603 5485 ⁷³
1632 5455 1706 5508 Ma

1876 5456 2064 5522 ΙΙ,11;
2096 5454 2230 5512 Luc.
2261 5471 2342 5520 ill,
2375 5455 2464 5512 16.

213 5622 324 5691 (15)
356 5621 455 5688 Μὴ
481 5621 868 5688 ποιήσαντες.
916 5617 1008 5673 Sic
1053 5618 1219 5674 codex
1253 5618 1609 5691 Bodleiauus;
1665 5620 1718 5670 in

145 5683 315 5745 codd.
337 5683 515 5760 Regio
543 5683 929 5747 et‘Barhcrino
959 5704 1242 5757 perperam
1273 5693 1426 5770 deest
1455 5689 1567 5812 wh

219 5761 332 5812 tim
351 5761 605 5812 Δένδοον
633 5761 796 5812 ἐστέ.
819 5761 893 5812 Ita
919 5765 1088 5812 codex
1118 5759 1478 5812 Bodleianus:

219 5761 332 5831 (16)
351 5759 605 5828 Δέὶιδρον
633 5761 796 5815 ἐστέ.
819 5761 893 5831 Ita
919 5765 1088 5814 codex
1118 5759 1478 5831 Bodleiauus;
1523 5759 1722 5830 Regius

148 5844 199 5886 et
229 5829 580 5900 Barberiuus,
601 5832 818 5903 δένδρον
844 5830 1019 5896 ἐσται,
1055 5829 1215 5884 male.

1900 5619 2010 5689 (l7)
2032 5619 2200 5691 Codd.
2229 5618 2430 5691 Regius
2454 5629 2510 5676 et
2530 5619 2860 5676 Barberiuus
2890 5629 3171 5686 perperam
3198 5615 3406 5671 habent

1828 5691 1954 5762 περὶ
1989 5690 2332 5772 αὑτολόγωνί
2507 5762 2519 5772 _
2725 5761 2736 5772 _
2815 5760 2827 5772 .
2901 5762 2921 5772 -
3080 5757 3091 5772 Ι
3169 5755 3181 5772 θ
3237 5755 3261 5764 η

1901 5757 2015 5830 ΗΒ)
2047 5757 2265 5829 Λὺτῆς.
2305 5761 2614 5834 Legendum
2657 5761 2738 5815 vel
2770 5760 2969 5826 αὐτοῖς,
3011 5757 3092 5812 vcl
3123 5757 3321 5812 αὐτῶν.
