  <div class='ocr_page' id='page_1' title='image "/cluster/home/n/w/nwhite01/storage/ocr_20150623/14/mdp.39015052831362/135.png"; bbox 0 0 3766 6142; ppageno 0'>
   <div class='ocr_carea' id='block_1_1' title="bbox 384 369 1947 439">
    <p class='ocr_par' dir='ltr' id='par_1_1' title="bbox 384 369 1947 432">
     <span class='ocr_line' id='line_1_1' title="bbox 384 369 1947 432; baseline 0.002 -4"><span class='ocrx_word' id='word_1_1' title='bbox 384 396 389 407; x_wconf 68' lang='grc' dir='ltr'><strong>ν</strong></span> <span class='ocrx_word' id='word_1_2' title='bbox 407 369 516 428; x_wconf 70' lang='grc'><strong>245</strong></span> <span class='ocrx_word' id='word_1_3' title='bbox 1389 384 1397 392; x_wconf 91' lang='grc'><em>’</em></span> <span class='ocrx_word' id='word_1_4' title='bbox 1837 374 1947 432; x_wconf 83' lang='lat' dir='ltr'><strong>ORI</strong></span> 
     </span>
    </p>
   </div>
   <div class='ocr_carea' id='block_1_2' title="bbox 2125 369 3629 439">
    <p class='ocr_par' dir='ltr' id='par_1_2' title="bbox 2125 374 3629 439">
     <span class='ocr_line' id='line_1_2' title="bbox 2125 374 3629 439; baseline 0.005 -8"><span class='ocrx_word' id='word_1_5' title='bbox 2125 374 2157 431; x_wconf 84' lang='lat'><strong>5</strong></span> <span class='ocrx_word' id='word_1_6' title='bbox 3536 380 3629 439; x_wconf 66' lang='grc' dir='ltr'><strong>ΞΗ</strong></span> 
     </span>
    </p>
   </div>
   <div class='ocr_carea' id='block_1_3' title="bbox 404 486 1947 577">
    <p class='ocr_par' dir='ltr' id='par_1_3' title="bbox 404 486 1947 569">
     <span class='ocr_line' id='line_1_3' title="bbox 404 486 1947 569; baseline 0.006 -26"><span class='ocrx_word' id='word_1_7' title='bbox 404 497 513 543; x_wconf 88' lang='lat' dir='ltr'><strong>tam</strong></span> <span class='ocrx_word' id='word_1_8' title='bbox 541 486 689 544; x_wconf 91' lang='lat' dir='ltr'><strong>illum</strong></span> <span class='ocrx_word' id='word_1_9' title='bbox 714 487 1039 546; x_wconf 74' lang='lat' dir='ltr'><strong>intellexerit</strong></span> <span class='ocrx_word' id='word_1_10' title='bbox 1085 492 1402 564; x_wconf 78' lang='lat' dir='ltr'><strong>prophetam</strong></span> <span class='ocrx_word' id='word_1_11' title='bbox 1450 496 1757 567; x_wconf 81' lang='lat' dir='ltr'><strong>quempiam</strong></span> <span class='ocrx_word' id='word_1_12' title='bbox 1791 499 1947 569; x_wconf 80' lang='lat' dir='ltr'><strong>vnlga</strong></span> 
     </span>
    </p>
   </div>
   <div class='ocr_carea' id='block_1_4' title="bbox 2125 486 3632 577">
    <p class='ocr_par' dir='ltr' id='par_1_4' title="bbox 2125 497 3632 577">
     <span class='ocr_line' id='line_1_4' title="bbox 2125 497 3632 577; baseline 0.005 -25"><span class='ocrx_word' id='word_1_13' title='bbox 2125 497 2324 553; x_wconf 78' lang='grc' dir='ltr'>ὶνεσθαι</span> <span class='ocrx_word' id='word_1_14' title='bbox 2362 499 2489 563; x_wconf 80' lang='grc' dir='ltr'>τοὺς</span> <span class='ocrx_word' id='word_1_15' title='bbox 2525 498 2848 571; x_wconf 77' lang='grc' dir='ltr'><strong>Φαρισαίους</strong></span> <span class='ocrx_word' id='word_1_16' title='bbox 2879 501 3021 555; x_wconf 84' lang='grc' dir='ltr'>κατὰ</span> <span class='ocrx_word' id='word_1_17' title='bbox 3064 500 3166 574; x_wconf 82' lang='grc' dir='ltr'><strong>τὴν</strong></span> <span class='ocrx_word' id='word_1_18' title='bbox 3200 499 3380 557; x_wconf 80' lang='grc' dir='ltr'>αὐτῶν</span> <span class='ocrx_word' id='word_1_19' title='bbox 3413 518 3632 577; x_wconf 79' lang='grc' dir='ltr'>πανουρ-</span> 
     </span>
    </p>
   </div>
   <div class='ocr_carea' id='block_1_5' title="bbox 404 581 1947 662">
    <p class='ocr_par' dir='ltr' id='par_1_5' title="bbox 404 581 1947 659">
     <span class='ocr_line' id='line_1_5' title="bbox 404 581 1947 659; baseline 0.009 -28"><span class='ocrx_word' id='word_1_20' title='bbox 404 592 521 634; x_wconf 82' lang='lat' dir='ltr'><strong>reni</strong></span> <span class='ocrx_word' id='word_1_21' title='bbox 570 581 772 652; x_wconf 90' lang='lat' dir='ltr'><strong>(neque</strong></span> <span class='ocrx_word' id='word_1_22' title='bbox 821 583 967 638; x_wconf 91' lang='lat' dir='ltr'><strong>enim</strong></span> <span class='ocrx_word' id='word_1_23' title='bbox 1013 586 1306 642; x_wconf 75' lang='lat' dir='ltr'><strong>ostendere</strong></span> <span class='ocrx_word' id='word_1_24' title='bbox 1350 597 1527 658; x_wconf 78' lang='lat' dir='ltr'><strong>pmest</strong></span> <span class='ocrx_word' id='word_1_25' title='bbox 1581 590 1947 659; x_wconf 86' lang='lat' dir='ltr'><strong>prophetarnn</strong></span> 
     </span>
    </p>
   </div>
   <div class='ocr_carea' id='block_1_6' title="bbox 2125 581 2985 662">
    <p class='ocr_par' dir='ltr' id='par_1_6' title="bbox 2125 588 2985 662">
     <span class='ocr_line' id='line_1_6' title="bbox 2125 588 2985 662; baseline 0.005 -21"><span class='ocrx_word' id='word_1_26' title='bbox 2125 590 2218 655; x_wconf 75' lang='grc' dir='ltr'>ζαν,</span> <span class='ocrx_word' id='word_1_27' title='bbox 2251 588 2372 660; x_wconf 76' lang='grc' dir='ltr'>οὐχὶ</span> <span class='ocrx_word' id='word_1_28' title='bbox 2400 589 2477 653; x_wconf 84' lang='grc' dir='ltr'>ὡς</span> <span class='ocrx_word' id='word_1_29' title='bbox 2503 589 2693 662; x_wconf 83' lang='grc' dir='ltr'><strong>μαθεῖν</strong></span> <span class='ocrx_word' id='word_1_30' title='bbox 2715 590 2985 657; x_wconf 86' lang='grc' dir='ltr'>θέλοντας.</span> 
     </span>
    </p>
   </div>
   <div class='ocr_carea' id='block_1_7' title="bbox 397 674 3607 756">
    <p class='ocr_par' dir='ltr' id='par_1_7' title="bbox 397 674 3607 756">
     <span class='ocr_line' id='line_1_7' title="bbox 397 674 3607 756; baseline 0.003 -25"><span class='ocrx_word' id='word_1_31' title='bbox 397 674 633 743; x_wconf 86' lang='lat' dir='ltr'><strong>aliquem</strong></span> <span class='ocrx_word' id='word_1_32' title='bbox 673 674 1029 746; x_wconf 86' lang='lat' dir='ltr'><strong>baptizasse),</strong></span> <span class='ocrx_word' id='word_1_33' title='bbox 1057 691 1166 733; x_wconf 91' lang='lat' dir='ltr'><strong>non</strong></span> <span class='ocrx_word' id='word_1_34' title='bbox 1205 679 1399 735; x_wconf 82' lang='lat' dir='ltr'><strong>inscite</strong></span> <span class='ocrx_word' id='word_1_35' title='bbox 1428 680 1505 735; x_wconf 88' lang='lat' dir='ltr'><strong>ait</strong></span> <span class='ocrx_word' id='word_1_36' title='bbox 1537 679 1861 748; x_wconf 68' lang='lat' dir='ltr'><strong>Pharisaeos,</strong></span> <span class='ocrx_word' id='word_1_37' title='bbox 1904 696 2011 738; x_wconf 91' lang='lat' dir='ltr'><strong>non</strong></span> <span class='ocrx_word' id='word_1_38' title='bbox 2059 680 2187 750; x_wconf 86' lang='lat' dir='ltr'><strong>quia</strong></span> <span class='ocrx_word' id='word_1_39' title='bbox 2225 680 2428 736; x_wconf 83' lang='lat' dir='ltr'><strong>vellent</strong></span> <span class='ocrx_word' id='word_1_40' title='bbox 2479 683 2710 748; x_wconf 86' lang='lat' dir='ltr'><strong>discere,</strong></span> <span class='ocrx_word' id='word_1_41' title='bbox 2764 684 2862 739; x_wconf 88' lang='lat' dir='ltr'><strong>sed</strong></span> <span class='ocrx_word' id='word_1_42' title='bbox 2912 699 2979 741; x_wconf 83' lang='lat' dir='ltr'><strong>ex</strong></span> <span class='ocrx_word' id='word_1_43' title='bbox 3017 685 3237 756; x_wconf 89' lang='lat' dir='ltr'><strong>propria</strong></span> <span class='ocrx_word' id='word_1_44' title='bbox 3278 687 3518 742; x_wconf 84' lang='lat' dir='ltr'><strong>versutia</strong></span> <span class='ocrx_word' id='word_1_45' title='bbox 3557 686 3607 742; x_wconf 94' lang='lat' dir='ltr'><strong>in</strong></span> 
     </span>
    </p>
   </div>
   <div class='ocr_carea' id='block_1_8' title="bbox 401 777 701 838">
    <p class='ocr_par' dir='ltr' id='par_1_8' title="bbox 401 777 701 838">
     <span class='ocr_line' id='line_1_8' title="bbox 401 777 701 838; baseline 0 -16"><span class='ocrx_word' id='word_1_46' title='bbox 401 777 701 838; x_wconf 85' lang='lat' dir='ltr'><strong>terrogare.</strong></span> 
     </span>
    </p>
   </div>
   <div class='ocr_carea' id='block_1_9' title="bbox 470 860 1947 938">
    <p class='ocr_par' dir='ltr' id='par_1_9' title="bbox 470 860 1947 929">
     <span class='ocr_line' id='line_1_9' title="bbox 470 860 1947 929; baseline 0.005 -13"><span class='ocrx_word' id='word_1_47' title='bbox 470 861 560 916; x_wconf 73' lang='grc'><strong>14.</strong></span> <span class='ocrx_word' id='word_1_48' title='bbox 582 860 848 929; x_wconf 81' lang='lat' dir='ltr'><strong>Quoniam</strong></span> <span class='ocrx_word' id='word_1_49' title='bbox 874 877 1007 921; x_wconf 87' lang='lat' dir='ltr'><strong>vero</strong></span> <span class='ocrx_word' id='word_1_50' title='bbox 1032 866 1406 923; x_wconf 88' lang='lat' dir='ltr'><strong>necessarium</strong></span> <span class='ocrx_word' id='word_1_51' title='bbox 1431 868 1590 926; x_wconf 90' lang='lat' dir='ltr'><strong>nobis</strong></span> <span class='ocrx_word' id='word_1_52' title='bbox 1608 883 1732 926; x_wconf 88' lang='lat' dir='ltr'><strong>esse</strong></span> <span class='ocrx_word' id='word_1_53' title='bbox 1754 869 1947 924; x_wconf 77' lang='lat' dir='ltr'><strong>videtin</strong></span> 
     </span>
    </p>
   </div>
   <div class='ocr_carea' id='block_1_10' title="bbox 2125 860 3621 938">
    <p class='ocr_par' dir='ltr' id='par_1_10' title="bbox 2143 862 3621 938">
     <span class='ocr_line' id='line_1_10' title="bbox 2143 862 3621 938; baseline 0 -20"><span class='ocrx_word' id='word_1_54' title='bbox 2143 864 2230 918; x_wconf 73' lang='grc'><strong>14.</strong></span> <span class='ocrx_word' id='word_1_55' title='bbox 2270 864 2421 917; x_wconf 80' lang='grc' dir='ltr'>Ἐπεὶ</span> <span class='ocrx_word' id='word_1_56' title='bbox 2455 863 2513 918; x_wconf 84' lang='grc' dir='ltr'><strong>δὲ</strong></span> <span class='ocrx_word' id='word_1_57' title='bbox 2548 865 2845 933; x_wconf 82' lang='grc' dir='ltr'>ἀναγκαῖον</span> <span class='ocrx_word' id='word_1_58' title='bbox 2876 862 2987 935; x_wconf 79' lang='grc'><strong>(19)</strong></span> <span class='ocrx_word' id='word_1_59' title='bbox 3022 865 3155 936; x_wconf 83' lang='grc' dir='ltr'>ἡμῖν</span> <span class='ocrx_word' id='word_1_60' title='bbox 3190 864 3439 935; x_wconf 84' lang='grc' dir='ltr'>φαίνεται</span> <span class='ocrx_word' id='word_1_61' title='bbox 3470 882 3621 938; x_wconf 68' lang='grc' dir='ltr'>παρα.</span> 
     </span>
    </p>
   </div>
   <div class='ocr_carea' id='block_1_11' title="bbox 374 951 1947 1029">
    <p class='ocr_par' dir='ltr' id='par_1_11' title="bbox 374 951 1947 1029">
     <span class='ocr_line' id='line_1_11' title="bbox 374 951 1947 1029; baseline 0.004 -22"><span class='ocrx_word' id='word_1_62' title='bbox 374 951 454 1008; x_wconf 57' lang='grc' dir='ltr'>ιίη</span> <span class='ocrx_word' id='word_1_63' title='bbox 481 954 715 1011; x_wconf 89' lang='lat' dir='ltr'><strong>medium</strong></span> <span class='ocrx_word' id='word_1_64' title='bbox 748 954 945 1012; x_wconf 72' lang='lat' dir='ltr'><strong>afferre</strong></span> <span class='ocrx_word' id='word_1_65' title='bbox 973 957 1390 1029; x_wconf 83' lang='lat' dir='ltr'><strong>Evangeliorum</strong></span> <span class='ocrx_word' id='word_1_66' title='bbox 1418 961 1586 1018; x_wconf 85' lang='lat' dir='ltr'><strong>verba</strong></span> <span class='ocrx_word' id='word_1_67' title='bbox 1610 961 1809 1018; x_wconf 87' lang='lat' dir='ltr'><strong>similia</strong></span> <span class='ocrx_word' id='word_1_68' title='bbox 1840 960 1947 1016; x_wconf 64' lang='lat' dir='ltr'><strong>huic</strong></span> 
     </span>
    </p>
   </div>
   <div class='ocr_carea' id='block_1_12' title="bbox 2125 951 3630 1029">
    <p class='ocr_par' dir='ltr' id='par_1_12' title="bbox 2125 952 3630 1026">
     <span class='ocr_line' id='line_1_12' title="bbox 2125 952 3630 1026; baseline 0.004 -21"><span class='ocrx_word' id='word_1_69' title='bbox 2125 955 2279 1010; x_wconf 73' lang='lat' dir='ltr'><strong>Bévat</strong></span> <span class='ocrx_word' id='word_1_70' title='bbox 2325 955 2424 1018; x_wconf 86' lang='grc' dir='ltr'>τὰς</span> <span class='ocrx_word' id='word_1_71' title='bbox 2455 954 2646 1026; x_wconf 81' lang='grc' dir='ltr'>ὁμοίας</span> <span class='ocrx_word' id='word_1_72' title='bbox 2683 955 2792 1008; x_wconf 83' lang='grc' dir='ltr'><strong>τῶν</strong></span> <span class='ocrx_word' id='word_1_73' title='bbox 2828 954 3176 1024; x_wconf 80' lang='grc' dir='ltr'>Εὐαγγελίων</span> <span class='ocrx_word' id='word_1_74' title='bbox 3218 952 3395 1020; x_wconf 77' lang='grc' dir='ltr'><strong>λέξεις</strong></span> <span class='ocrx_word' id='word_1_75' title='bbox 3435 955 3544 1019; x_wconf 75' lang='grc' dir='ltr'>τοὶς</span> <span class='ocrx_word' id='word_1_76' title='bbox 3581 957 3630 1012; x_wconf 61' lang='grc' dir='ltr'>ὲν</span> 
     </span>
    </p>
   </div>
   <div class='ocr_carea' id='block_1_13' title="bbox 396 1043 1947 1123">
    <p class='ocr_par' dir='ltr' id='par_1_13' title="bbox 396 1043 1938 1123">
     <span class='ocr_line' id='line_1_13' title="bbox 396 1043 1938 1123; baseline 0.003 -24"><span class='ocrx_word' id='word_1_77' title='bbox 396 1043 677 1100; x_wconf 77' lang='lat' dir='ltr'><strong>contextui</strong></span> <span class='ocrx_word' id='word_1_78' title='bbox 712 1060 874 1116; x_wconf 85' lang='lat' dir='ltr'><strong>quem</strong></span> <span class='ocrx_word' id='word_1_79' title='bbox 909 1045 965 1101; x_wconf 90' lang='lat' dir='ltr'><strong>in</strong></span> <span class='ocrx_word' id='word_1_80' title='bbox 988 1047 1238 1102; x_wconf 91' lang='lat' dir='ltr'><strong>manibus</strong></span> <span class='ocrx_word' id='word_1_81' title='bbox 1264 1046 1528 1107; x_wconf 84' lang='lat' dir='ltr'><strong>habemus</strong></span> <span class='ocrx_word' id='word_1_82' title='bbox 1553 1050 1630 1123; x_wconf 88' lang='lat' dir='ltr'><strong>(et</strong></span> <span class='ocrx_word' id='word_1_83' title='bbox 1658 1052 1761 1108; x_wconf 91' lang='lat' dir='ltr'><strong>hoc</strong></span> <span class='ocrx_word' id='word_1_84' title='bbox 1781 1051 1938 1120; x_wconf 86' lang='lat' dir='ltr'><strong>singu</strong></span> 
     </span>
    </p>
   </div>
   <div class='ocr_carea' id='block_1_14' title="bbox 2125 1043 3634 1123">
    <p class='ocr_par' dir='ltr' id='par_1_14' title="bbox 2125 1045 3634 1122">
     <span class='ocr_line' id='line_1_14' title="bbox 2125 1045 3634 1122; baseline -0.001 -21"><span class='ocrx_word' id='word_1_85' title='bbox 2125 1050 2224 1122; x_wconf 76' lang='lat' dir='ltr'><strong>:po‘t</strong></span> <span class='ocrx_word' id='word_1_86' title='bbox 2259 1049 2442 1120; x_wconf 77' lang='grc' dir='ltr'>ῥητοῖς</span> <span class='ocrx_word' id='word_1_87' title='bbox 2466 1086 2480 1113; x_wconf 93' lang='grc'><strong>,</strong></span> <span class='ocrx_word' id='word_1_88' title='bbox 2513 1047 2629 1118; x_wconf 73' lang='grc' dir='ltr'>(καὶ</span> <span class='ocrx_word' id='word_1_89' title='bbox 2659 1045 2818 1100; x_wconf 82' lang='grc' dir='ltr'>τοῦτο</span> <span class='ocrx_word' id='word_1_90' title='bbox 2852 1046 2973 1100; x_wconf 84' lang='grc' dir='ltr'>καθ’</span> <span class='ocrx_word' id='word_1_91' title='bbox 3013 1046 3243 1100; x_wconf 72' lang='grc' dir='ltr'>ἕκαστον</span> <span class='ocrx_word' id='word_1_92' title='bbox 3278 1046 3442 1119; x_wconf 83' lang='grc' dir='ltr'>μέχρι</span> <span class='ocrx_word' id='word_1_93' title='bbox 3463 1047 3634 1115; x_wconf 66' lang='grc' dir='ltr'>τέλους</span> 
     </span>
    </p>
   </div>
   <div class='ocr_carea' id='block_1_15' title="bbox 396 1135 1947 1215">
    <p class='ocr_par' dir='ltr' id='par_1_15' title="bbox 396 1135 1947 1215">
     <span class='ocr_line' id='line_1_15' title="bbox 396 1135 1947 1215; baseline 0.006 -26"><span class='ocrx_word' id='word_1_94' title='bbox 396 1135 550 1192; x_wconf 84' lang='lat' dir='ltr'><strong>latim</strong></span> <span class='ocrx_word' id='word_1_95' title='bbox 580 1137 648 1194; x_wconf 90' lang='lat' dir='ltr'><strong>ad</strong></span> <span class='ocrx_word' id='word_1_96' title='bbox 695 1137 858 1193; x_wconf 82' lang='lat' dir='ltr'><strong>ﬁnem</strong></span> <span class='ocrx_word' id='word_1_97' title='bbox 889 1153 1059 1209; x_wconf 89' lang='lat' dir='ltr'><strong>usque</strong></span> <span class='ocrx_word' id='word_1_98' title='bbox 1084 1149 1167 1194; x_wconf 84' lang='lat' dir='ltr'><strong>est</strong></span> <span class='ocrx_word' id='word_1_99' title='bbox 1210 1139 1540 1207; x_wconf 83' lang='lat' dir='ltr'><strong>faciendum,</strong></span> <span class='ocrx_word' id='word_1_100' title='bbox 1575 1159 1683 1215; x_wconf 93' lang='lat' dir='ltr'><strong>quo</strong></span> <span class='ocrx_word' id='word_1_101' title='bbox 1707 1159 1827 1215; x_wconf 71' lang='lat' dir='ltr'><strong>quae</strong></span> <span class='ocrx_word' id='word_1_102' title='bbox 1852 1144 1947 1199; x_wconf 76' lang='lat' dir='ltr'><strong>dis</strong></span> 
     </span>
    </p>
   </div>
   <div class='ocr_carea' id='block_1_16' title="bbox 2125 1135 3636 1215">
    <p class='ocr_par' dir='ltr' id='par_1_16' title="bbox 2125 1137 3636 1212">
     <span class='ocr_line' id='line_1_16' title="bbox 2125 1137 3636 1212; baseline 0.001 -18"><span class='ocrx_word' id='word_1_103' title='bbox 2125 1142 2244 1194; x_wconf 68' lang='grc' dir='ltr'>κεῖν</span> <span class='ocrx_word' id='word_1_104' title='bbox 2287 1140 2427 1212; x_wconf 81' lang='grc' dir='ltr'>ὐπὲρ</span> <span class='ocrx_word' id='word_1_105' title='bbox 2468 1137 2562 1192; x_wconf 82' lang='grc' dir='ltr'>τοῦ</span> <span class='ocrx_word' id='word_1_106' title='bbox 2602 1138 2672 1193; x_wconf 82' lang='grc' dir='ltr'>τὰ</span> <span class='ocrx_word' id='word_1_107' title='bbox 2716 1138 2814 1210; x_wconf 87' lang='grc' dir='ltr'><strong>μὲν</strong></span> <span class='ocrx_word' id='word_1_108' title='bbox 2865 1138 3192 1210; x_wconf 80' lang='grc' dir='ltr'><strong>σύγκρουσιν</strong></span> <span class='ocrx_word' id='word_1_109' title='bbox 3237 1138 3501 1193; x_wconf 82' lang='grc' dir='ltr'>δοκοῦντα</span> <span class='ocrx_word' id='word_1_110' title='bbox 3533 1139 3636 1211; x_wconf 67' lang='lat'><strong>(20)</strong></span> 
     </span>
    </p>
   </div>
   <div class='ocr_carea' id='block_1_17' title="bbox 398 1227 1947 1301">
    <p class='ocr_par' dir='ltr' id='par_1_17' title="bbox 398 1227 1943 1299">
     <span class='ocr_line' id='line_1_17' title="bbox 398 1227 1943 1299; baseline 0.005 -17"><span class='ocrx_word' id='word_1_111' title='bbox 398 1227 740 1299; x_wconf 87' lang='lat' dir='ltr'><strong>crepantiam</strong></span> <span class='ocrx_word' id='word_1_112' title='bbox 770 1229 974 1286; x_wconf 86' lang='lat' dir='ltr'><strong>habere</strong></span> <span class='ocrx_word' id='word_1_113' title='bbox 998 1230 1268 1295; x_wconf 89' lang='lat' dir='ltr'><strong>videntur,</strong></span> <span class='ocrx_word' id='word_1_114' title='bbox 1317 1245 1558 1289; x_wconf 88' lang='lat' dir='ltr'><strong>consona</strong></span> <span class='ocrx_word' id='word_1_115' title='bbox 1582 1236 1943 1291; x_wconf 83' lang='lat' dir='ltr'><strong>ostendantur</strong></span> 
     </span>
    </p>
   </div>
   <div class='ocr_carea' id='block_1_18' title="bbox 2125 1227 3638 1301">
    <p class='ocr_par' dir='ltr' id='par_1_18' title="bbox 2125 1229 3638 1301">
     <span class='ocr_line' id='line_1_18' title="bbox 2125 1229 3638 1301; baseline -0.001 -17"><span class='ocrx_word' id='word_1_116' title='bbox 2125 1231 2478 1285; x_wconf 75' lang='grc' dir='ltr'>τοδείκνυσθαι</span> <span class='ocrx_word' id='word_1_117' title='bbox 2507 1230 2792 1301; x_wconf 86' lang='grc' dir='ltr'>σύμφωνα,</span> <span class='ocrx_word' id='word_1_118' title='bbox 2820 1229 2888 1283; x_wconf 73' lang='grc' dir='ltr'><strong>τά</strong></span> <span class='ocrx_word' id='word_1_119' title='bbox 2913 1229 2960 1283; x_wconf 82' lang='grc' dir='ltr'><strong>δ’</strong></span> <span class='ocrx_word' id='word_1_120' title='bbox 3004 1230 3153 1301; x_wconf 86' lang='grc' dir='ltr'>ὅμως</span> <span class='ocrx_word' id='word_1_121' title='bbox 3193 1229 3269 1294; x_wconf 86' lang='grc' dir='ltr'>ὡς</span> <span class='ocrx_word' id='word_1_122' title='bbox 3303 1229 3501 1301; x_wconf 74' lang='grc' dir='ltr'>ἔχοντα</span> <span class='ocrx_word' id='word_1_123' title='bbox 3519 1230 3638 1296; x_wconf 66' lang='grc' dir='ltr'>ἐκα-</span> 
     </span>
    </p>
   </div>
   <div class='ocr_carea' id='block_1_19' title="bbox 397 1320 1947 1399">
    <p class='ocr_par' dir='ltr' id='par_1_19' title="bbox 397 1320 1947 1399">
     <span class='ocr_line' id='line_1_19' title="bbox 397 1320 1947 1399; baseline 0.004 -23"><span class='ocrx_word' id='word_1_124' title='bbox 397 1328 567 1390; x_wconf 78' lang='lat' dir='ltr'><strong>atque</strong></span> <span class='ocrx_word' id='word_1_125' title='bbox 603 1320 733 1378; x_wconf 91' lang='lat' dir='ltr'><strong>item</strong></span> <span class='ocrx_word' id='word_1_126' title='bbox 798 1334 857 1379; x_wconf 93' lang='lat' dir='ltr'><strong>ut</strong></span> <span class='ocrx_word' id='word_1_127' title='bbox 900 1326 1263 1396; x_wconf 81' lang='lat' dir='ltr'><strong>explaneutur</strong></span> <span class='ocrx_word' id='word_1_128' title='bbox 1304 1342 1427 1397; x_wconf 69' lang='lat' dir='ltr'><strong>qua:</strong></span> <span class='ocrx_word' id='word_1_129' title='bbox 1470 1327 1635 1383; x_wconf 88' lang='lat' dir='ltr'><strong>veluti</strong></span> <span class='ocrx_word' id='word_1_130' title='bbox 1696 1329 1947 1399; x_wconf 66' lang='lat' dir='ltr'><strong>singulari</strong></span> 
     </span>
    </p>
   </div>
   <div class='ocr_carea' id='block_1_20' title="bbox 2125 1320 3640 1399">
    <p class='ocr_par' dir='ltr' id='par_1_20' title="bbox 2125 1320 3640 1394">
     <span class='ocr_line' id='line_1_20' title="bbox 2125 1320 3640 1394; baseline 0.001 -20"><span class='ocrx_word' id='word_1_131' title='bbox 2125 1339 2194 1376; x_wconf 73' lang='grc' dir='ltr'><strong>τον</strong></span> <span class='ocrx_word' id='word_1_132' title='bbox 2240 1323 2357 1377; x_wconf 79' lang='grc' dir='ltr'>κατ’</span> <span class='ocrx_word' id='word_1_133' title='bbox 2396 1321 2530 1375; x_wconf 86' lang='grc' dir='ltr'>ίδίαν</span> <span class='ocrx_word' id='word_1_134' title='bbox 2582 1320 2972 1393; x_wconf 74' lang='grc' dir='ltr'><strong>σαφηνίζεσθαι</strong></span> <span class='ocrx_word' id='word_1_135' title='bbox 3083 1321 3214 1393; x_wconf 87' lang='grc' dir='ltr'>φέρε</span> <span class='ocrx_word' id='word_1_136' title='bbox 3241 1320 3400 1375; x_wconf 81' lang='grc' dir='ltr'>τοῦτο</span> <span class='ocrx_word' id='word_1_137' title='bbox 3431 1322 3530 1376; x_wconf 72' lang='grc' dir='ltr'><strong>καὶ</strong></span> <span class='ocrx_word' id='word_1_138' title='bbox 3567 1324 3640 1377; x_wconf 84' lang='grc' dir='ltr'>έν-</span> 
     </span>
    </p>
   </div>
   <div class='ocr_carea' id='block_1_21' title="bbox 394 1411 1947 1490">
    <p class='ocr_par' dir='ltr' id='par_1_21' title="bbox 394 1411 1947 1490">
     <span class='ocr_line' id='line_1_21' title="bbox 394 1411 1947 1490; baseline 0.008 -25"><span class='ocrx_word' id='word_1_139' title='bbox 394 1411 673 1483; x_wconf 89' lang='lat' dir='ltr'><strong>quidpiam</strong></span> <span class='ocrx_word' id='word_1_140' title='bbox 712 1415 966 1486; x_wconf 75' lang='lat' dir='ltr'><strong>privatim</strong></span> <span class='ocrx_word' id='word_1_141' title='bbox 999 1419 1246 1490; x_wconf 83' lang='lat' dir='ltr'><strong>habent),</strong></span> <span class='ocrx_word' id='word_1_142' title='bbox 1280 1435 1401 1490; x_wconf 78' lang='lat' dir='ltr'><strong>age,</strong></span> <span class='ocrx_word' id='word_1_143' title='bbox 1434 1420 1486 1476; x_wconf 94' lang='lat' dir='ltr'><strong>id</strong></span> <span class='ocrx_word' id='word_1_144' title='bbox 1511 1423 1676 1477; x_wconf 87' lang='lat' dir='ltr'><strong>etiam</strong></span> <span class='ocrx_word' id='word_1_145' title='bbox 1711 1420 1818 1478; x_wconf 87' lang='lat' dir='ltr'><strong>hoc</strong></span> <span class='ocrx_word' id='word_1_146' title='bbox 1843 1421 1947 1478; x_wconf 75' lang='lat' dir='ltr'><strong>Ioct</strong></span> 
     </span>
    </p>
   </div>
   <div class='ocr_carea' id='block_1_22' title="bbox 2125 1411 3637 1490">
    <p class='ocr_par' dir='ltr' id='par_1_22' title="bbox 2125 1412 3637 1486">
     <span class='ocr_line' id='line_1_22' title="bbox 2125 1412 3637 1486; baseline 0 -19"><span class='ocrx_word' id='word_1_147' title='bbox 2125 1413 2239 1467; x_wconf 82' lang='grc' dir='ltr'>ιῢθα</span> <span class='ocrx_word' id='word_1_148' title='bbox 2273 1414 2608 1484; x_wconf 84' lang='grc' dir='ltr'>ποιήσωμεν.</span> <span class='ocrx_word' id='word_1_149' title='bbox 2654 1412 2727 1465; x_wconf 88' lang='grc' dir='ltr'><strong>Τὸ</strong></span> <span class='ocrx_word' id='word_1_150' title='bbox 2762 1412 2871 1484; x_wconf 88' lang='grc' dir='ltr'><strong>γάρ</strong></span> <span class='ocrx_word' id='word_1_151' title='bbox 2892 1429 2905 1442; x_wconf 87' lang='grc'><strong>·</strong></span> <span class='ocrx_word' id='word_1_152' title='bbox 2963 1432 2983 1464; x_wconf 73' lang='grc' dir='ltr'><strong>ι</strong></span> <span class='ocrx_word' id='word_1_153' title='bbox 3014 1414 3170 1483; x_wconf 83' lang='grc' dir='ltr'><strong>Φωνὴ</strong></span> <span class='ocrx_word' id='word_1_154' title='bbox 3214 1412 3447 1484; x_wconf 81' lang='grc' dir='ltr'>βοῶντος</span> <span class='ocrx_word' id='word_1_155' title='bbox 3487 1414 3545 1469; x_wconf 84' lang='grc' dir='ltr'>ὲν</span> <span class='ocrx_word' id='word_1_156' title='bbox 3575 1417 3637 1486; x_wconf 75' lang='grc' dir='ltr'>τῇ</span> 
     </span>
    </p>
   </div>
   <div class='ocr_carea' id='block_1_23' title="bbox 394 1500 1947 1580">
    <p class='ocr_par' dir='ltr' id='par_1_23' title="bbox 394 1500 1947 1570">
     <span class='ocr_line' id='line_1_23' title="bbox 394 1500 1947 1570; baseline 0.01 -15"><span class='ocrx_word' id='word_1_157' title='bbox 394 1500 681 1562; x_wconf 78' lang='lat' dir='ltr'><strong>faciamus.</strong></span> <span class='ocrx_word' id='word_1_158' title='bbox 716 1506 849 1563; x_wconf 92' lang='lat' dir='ltr'><strong>Illud</strong></span> <span class='ocrx_word' id='word_1_159' title='bbox 872 1510 1018 1564; x_wconf 90' lang='lat' dir='ltr'><strong>enim</strong></span> <span class='ocrx_word' id='word_1_160' title='bbox 1054 1528 1069 1565; x_wconf 89' lang='lat'><strong>:</strong></span> <span class='ocrx_word' id='word_1_161' title='bbox 1101 1529 1122 1562; x_wconf 76' lang='grc' dir='ltr'><strong>σ</strong></span> <span class='ocrx_word' id='word_1_162' title='bbox 1163 1511 1276 1567; x_wconf 79' lang='lat' dir='ltr'><strong>Vox</strong></span> <span class='ocrx_word' id='word_1_163' title='bbox 1306 1512 1592 1569; x_wconf 87' lang='lat' dir='ltr'><strong>clamantis</strong></span> <span class='ocrx_word' id='word_1_164' title='bbox 1622 1513 1675 1568; x_wconf 91' lang='lat' dir='ltr'><strong>in</strong></span> <span class='ocrx_word' id='word_1_165' title='bbox 1703 1514 1921 1570; x_wconf 88' lang='lat' dir='ltr'><strong>deserto</strong></span> <span class='ocrx_word' id='word_1_166' title='bbox 1946 1534 1947 1562; x_wconf 58' lang='grc' dir='ltr'>ξ</span> 
     </span>
    </p>
   </div>
   <div class='ocr_carea' id='block_1_24' title="bbox 2125 1500 3641 1580">
    <p class='ocr_par' dir='ltr' id='par_1_24' title="bbox 2125 1503 3641 1579">
     <span class='ocr_line' id='line_1_24' title="bbox 2125 1503 3641 1579; baseline 0.003 -22"><span class='ocrx_word' id='word_1_167' title='bbox 2125 1507 2257 1579; x_wconf 76' lang='grc' dir='ltr'><strong>ιήμῳ</strong></span> <span class='ocrx_word' id='word_1_168' title='bbox 2280 1523 2294 1536; x_wconf 89' lang='grc'><strong>·</strong></span> <span class='ocrx_word' id='word_1_169' title='bbox 2338 1504 2612 1560; x_wconf 84' lang='grc' dir='ltr'>Εὐθύνατε</span> <span class='ocrx_word' id='word_1_170' title='bbox 2642 1503 2741 1575; x_wconf 80' lang='grc' dir='ltr'><strong>τὴν</strong></span> <span class='ocrx_word' id='word_1_171' title='bbox 2779 1504 2897 1559; x_wconf 78' lang='grc' dir='ltr'>ὁδὸν</span> <span class='ocrx_word' id='word_1_172' title='bbox 2937 1504 3164 1575; x_wconf 85' lang='grc' dir='ltr'><strong>Κυρίου,</strong></span> <span class='ocrx_word' id='word_1_173' title='bbox 3196 1523 3215 1556; x_wconf 70' lang='grc' dir='ltr'><strong>ι</strong></span> <span class='ocrx_word' id='word_1_174' title='bbox 3246 1504 3399 1576; x_wconf 79' lang='grc' dir='ltr'>παρὰ</span> <span class='ocrx_word' id='word_1_175' title='bbox 3429 1505 3531 1577; x_wconf 82' lang='grc' dir='ltr'>μὲν</span> <span class='ocrx_word' id='word_1_176' title='bbox 3570 1507 3641 1578; x_wconf 81' lang='grc' dir='ltr'>τῷ</span> 
     </span>
    </p>
   </div>
   <div class='ocr_carea' id='block_1_25' title="bbox 395 1593 1947 1676">
    <p class='ocr_par' dir='ltr' id='par_1_25' title="bbox 395 1593 1947 1676">
     <span class='ocr_line' id='line_1_25' title="bbox 395 1593 1947 1676; baseline 0.008 -27"><span class='ocrx_word' id='word_1_177' title='bbox 395 1593 626 1667; x_wconf 84' lang='lat' dir='ltr'><strong>Dirigite</strong></span> <span class='ocrx_word' id='word_1_178' title='bbox 650 1598 795 1654; x_wconf 89' lang='lat' dir='ltr'><strong>viam</strong></span> <span class='ocrx_word' id='word_1_179' title='bbox 840 1602 1145 1670; x_wconf 73' lang='lat' dir='ltr'><strong>Domini&quot;,</strong></span> <span class='ocrx_word' id='word_1_180' title='bbox 1187 1622 1207 1656; x_wconf 74' lang='grc' dir='ltr'><strong>ι</strong></span> <span class='ocrx_word' id='word_1_181' title='bbox 1248 1606 1388 1674; x_wconf 89' lang='lat' dir='ltr'><strong>apud</strong></span> <span class='ocrx_word' id='word_1_182' title='bbox 1422 1605 1745 1676; x_wconf 88' lang='lat' dir='ltr'><strong>discipulum</strong></span> <span class='ocrx_word' id='word_1_183' title='bbox 1799 1605 1947 1661; x_wconf 87' lang='lat' dir='ltr'><strong>Joan-</strong></span> 
     </span>
    </p>
   </div>
   <div class='ocr_carea' id='block_1_26' title="bbox 2125 1593 3644 1676">
    <p class='ocr_par' dir='ltr' id='par_1_26' title="bbox 2125 1595 3644 1669">
     <span class='ocr_line' id='line_1_26' title="bbox 2125 1595 3644 1669; baseline 0.002 -20"><span class='ocrx_word' id='word_1_184' title='bbox 2125 1596 2286 1668; x_wconf 79' lang='grc' dir='ltr'>ιθητῇ</span> <span class='ocrx_word' id='word_1_185' title='bbox 2316 1596 2395 1668; x_wconf 81' lang='grc' dir='ltr'><strong>τῷ</strong></span> <span class='ocrx_word' id='word_1_186' title='bbox 2430 1595 2650 1669; x_wconf 82' lang='grc' dir='ltr'><strong>Ἰωάννῃ</strong></span> <span class='ocrx_word' id='word_1_187' title='bbox 2682 1595 2747 1648; x_wconf 89' lang='grc' dir='ltr'>ὲκ</span> <span class='ocrx_word' id='word_1_188' title='bbox 2779 1595 3071 1667; x_wconf 76' lang='grc' dir='ltr'>προσώπου</span> <span class='ocrx_word' id='word_1_189' title='bbox 3099 1596 3194 1650; x_wconf 83' lang='grc' dir='ltr'>τοῦ</span> <span class='ocrx_word' id='word_1_190' title='bbox 3234 1596 3546 1651; x_wconf 81' lang='grc' dir='ltr'>Βαπτιστοῦ</span> <span class='ocrx_word' id='word_1_191' title='bbox 3567 1597 3644 1652; x_wconf 67' lang='grc' dir='ltr'>λέν</span> 
     </span>
    </p>
   </div>
   <div class='ocr_carea' id='block_1_27' title="bbox 394 1685 1947 1765">
    <p class='ocr_par' dir='ltr' id='par_1_27' title="bbox 394 1693 1947 1765">
     <span class='ocr_line' id='line_1_27' title="bbox 394 1693 1947 1765; baseline 0.006 -25"><span class='ocrx_word' id='word_1_192' title='bbox 394 1700 516 1741; x_wconf 87' lang='lat' dir='ltr'><strong>nem</strong></span> <span class='ocrx_word' id='word_1_193' title='bbox 571 1704 642 1745; x_wconf 71' lang='lat' dir='ltr'><strong>ex</strong></span> <span class='ocrx_word' id='word_1_194' title='bbox 691 1706 923 1761; x_wconf 76' lang='lat' dir='ltr'><strong>persona</strong></span> <span class='ocrx_word' id='word_1_195' title='bbox 962 1693 1217 1764; x_wconf 71' lang='lat' dir='ltr'><strong>Baptista:</strong></span> <span class='ocrx_word' id='word_1_196' title='bbox 1268 1695 1495 1761; x_wconf 90' lang='lat' dir='ltr'><strong>dicitur;</strong></span> <span class='ocrx_word' id='word_1_197' title='bbox 1537 1696 1683 1765; x_wconf 88' lang='lat' dir='ltr'><strong>apud</strong></span> <span class='ocrx_word' id='word_1_198' title='bbox 1722 1695 1947 1753; x_wconf 72' lang='lat' dir='ltr'><strong>Marcum</strong></span> 
     </span>
    </p>
   </div>
   <div class='ocr_carea' id='block_1_28' title="bbox 2125 1685 3640 1765">
    <p class='ocr_par' dir='ltr' id='par_1_28' title="bbox 2125 1685 3640 1759">
     <span class='ocr_line' id='line_1_28' title="bbox 2125 1685 3640 1759; baseline 0.003 -21"><span class='ocrx_word' id='word_1_199' title='bbox 2125 1703 2253 1741; x_wconf 74' lang='grc' dir='ltr'>ιταιο</span> <span class='ocrx_word' id='word_1_200' title='bbox 2286 1685 2435 1758; x_wconf 85' lang='grc' dir='ltr'>παρὰ</span> <span class='ocrx_word' id='word_1_201' title='bbox 2459 1686 2514 1739; x_wconf 82' lang='grc' dir='ltr'>δὲ</span> <span class='ocrx_word' id='word_1_202' title='bbox 2547 1685 2625 1757; x_wconf 81' lang='grc' dir='ltr'>τῷ</span> <span class='ocrx_word' id='word_1_203' title='bbox 2655 1686 2866 1757; x_wconf 85' lang='grc' dir='ltr'>Μάρκῳ</span> <span class='ocrx_word' id='word_1_204' title='bbox 2897 1687 2973 1751; x_wconf 86' lang='grc' dir='ltr'><strong>ὡς</strong></span> <span class='ocrx_word' id='word_1_205' title='bbox 3000 1688 3144 1759; x_wconf 83' lang='grc' dir='ltr'>ἁρχὴ</span> <span class='ocrx_word' id='word_1_206' title='bbox 3178 1688 3272 1741; x_wconf 79' lang='grc' dir='ltr'>τοῦ</span> <span class='ocrx_word' id='word_1_207' title='bbox 3308 1689 3640 1759; x_wconf 85' lang='grc' dir='ltr'>Εὐαγγελίου</span> 
     </span>
    </p>
   </div>
   <div class='ocr_carea' id='block_1_29' title="bbox 393 1778 1947 1867">
    <p class='ocr_par' dir='ltr' id='par_1_29' title="bbox 393 1784 1947 1857">
     <span class='ocr_line' id='line_1_29' title="bbox 393 1784 1947 1857; baseline 0.005 -25"><span class='ocrx_word' id='word_1_208' title='bbox 393 1794 525 1835; x_wconf 87' lang='lat' dir='ltr'><strong>vero</strong></span> <span class='ocrx_word' id='word_1_209' title='bbox 553 1789 806 1853; x_wconf 90' lang='lat' dir='ltr'><strong>tanquam</strong></span> <span class='ocrx_word' id='word_1_210' title='bbox 831 1784 1154 1855; x_wconf 89' lang='lat' dir='ltr'><strong>principium</strong></span> <span class='ocrx_word' id='word_1_211' title='bbox 1190 1785 1467 1857; x_wconf 81' lang='lat' dir='ltr'><strong>Evangelii</strong></span> <span class='ocrx_word' id='word_1_212' title='bbox 1507 1786 1632 1843; x_wconf 88' lang='lat' dir='ltr'><strong>Jesu</strong></span> <span class='ocrx_word' id='word_1_213' title='bbox 1666 1787 1867 1843; x_wconf 84' lang='lat' dir='ltr'><strong>Christi</strong></span> <span class='ocrx_word' id='word_1_214' title='bbox 1893 1801 1947 1842; x_wconf 72' lang='lat' dir='ltr'><strong>ex</strong></span> 
     </span>
    </p>
   </div>
   <div class='ocr_carea' id='block_1_30' title="bbox 2125 1778 3641 1867">
    <p class='ocr_par' dir='ltr' id='par_1_30' title="bbox 2125 1778 3641 1852">
     <span class='ocr_line' id='line_1_30' title="bbox 2125 1778 3641 1852; baseline 0.002 -20"><span class='ocrx_word' id='word_1_215' title='bbox 2125 1778 2253 1851; x_wconf 84' lang='grc' dir='ltr'>ησοῦ</span> <span class='ocrx_word' id='word_1_216' title='bbox 2296 1778 2532 1851; x_wconf 85' lang='grc' dir='ltr'>Χριστοῦ</span> <span class='ocrx_word' id='word_1_217' title='bbox 2578 1778 2717 1833; x_wconf 78' lang='grc' dir='ltr'>κατὰ</span> <span class='ocrx_word' id='word_1_218' title='bbox 2755 1779 2855 1851; x_wconf 83' lang='grc' dir='ltr'><strong>τὴν</strong></span> <span class='ocrx_word' id='word_1_219' title='bbox 2912 1780 3133 1833; x_wconf 74' lang='grc' dir='ltr'>Ἡσαΐου</span> <span class='ocrx_word' id='word_1_220' title='bbox 3183 1780 3406 1852; x_wconf 86' lang='grc' dir='ltr'>Γραφὴν</span> <span class='ocrx_word' id='word_1_221' title='bbox 3450 1781 3641 1851; x_wconf 75' lang='grc' dir='ltr'>ἀναγέ-</span> 
     </span>
    </p>
   </div>
   <div class='ocr_carea' id='block_1_31' title="bbox 392 1870 1947 1948">
    <p class='ocr_par' dir='ltr' id='par_1_31' title="bbox 392 1870 1947 1948">
     <span class='ocr_line' id='line_1_31' title="bbox 392 1870 1947 1948; baseline 0.006 -25"><span class='ocrx_word' id='word_1_222' title='bbox 392 1870 543 1926; x_wconf 77' lang='lat' dir='ltr'><strong>Isaia:</strong></span> <span class='ocrx_word' id='word_1_223' title='bbox 571 1887 702 1929; x_wconf 89' lang='lat' dir='ltr'><strong>voce</strong></span> <span class='ocrx_word' id='word_1_224' title='bbox 740 1874 882 1930; x_wconf 91' lang='lat' dir='ltr'><strong>hunc</strong></span> <span class='ocrx_word' id='word_1_225' title='bbox 912 1876 966 1930; x_wconf 90' lang='lat' dir='ltr'><strong>in</strong></span> <span class='ocrx_word' id='word_1_226' title='bbox 997 1876 1216 1931; x_wconf 92' lang='lat' dir='ltr'><strong>modum</strong></span> <span class='ocrx_word' id='word_1_227' title='bbox 1243 1886 1327 1931; x_wconf 91' lang='lat' dir='ltr'><strong>est</strong></span> <span class='ocrx_word' id='word_1_228' title='bbox 1347 1878 1621 1948; x_wconf 88' lang='lat' dir='ltr'><strong>scriptum</strong></span> <span class='ocrx_word' id='word_1_229' title='bbox 1653 1894 1668 1930; x_wconf 92' lang='lat'><strong>:</strong></span> <span class='ocrx_word' id='word_1_230' title='bbox 1699 1897 1719 1931; x_wconf 75' lang='grc' dir='ltr'><strong>ι</strong></span> <span class='ocrx_word' id='word_1_231' title='bbox 1747 1877 1947 1933; x_wconf 84' lang='lat' dir='ltr'><strong>Initiun</strong></span> 
     </span>
    </p>
   </div>
   <div class='ocr_carea' id='block_1_32' title="bbox 2125 1870 3644 1948">
    <p class='ocr_par' dir='ltr' id='par_1_32' title="bbox 2125 1872 3644 1946">
     <span class='ocr_line' id='line_1_32' title="bbox 2125 1872 3644 1946; baseline 0.002 -22"><span class='ocrx_word' id='word_1_232' title='bbox 2125 1889 2304 1926; x_wconf 82' lang='grc' dir='ltr'>›απται</span> <span class='ocrx_word' id='word_1_233' title='bbox 2334 1873 2536 1935; x_wconf 78' lang='grc' dir='ltr'>οὕτως·</span> <span class='ocrx_word' id='word_1_234' title='bbox 2574 1890 2592 1923; x_wconf 76' lang='grc' dir='ltr'><strong>ι</strong></span> <span class='ocrx_word' id='word_1_235' title='bbox 2626 1872 2793 1944; x_wconf 83' lang='grc' dir='ltr'><strong>Ἀρχὴ</strong></span> <span class='ocrx_word' id='word_1_236' title='bbox 2828 1872 2922 1925; x_wconf 77' lang='grc' dir='ltr'>τοῦ</span> <span class='ocrx_word' id='word_1_237' title='bbox 2948 1872 3280 1942; x_wconf 86' lang='grc' dir='ltr'>Εὐαγγελίου</span> <span class='ocrx_word' id='word_1_238' title='bbox 3308 1873 3487 1945; x_wconf 78' lang='grc' dir='ltr'>Ἰησοῦ</span> <span class='ocrx_word' id='word_1_239' title='bbox 3513 1876 3644 1946; x_wconf 84' lang='grc' dir='ltr'>Χρι-</span> 
     </span>
    </p>
   </div>
   <div class='ocr_carea' id='block_1_33' title="bbox 388 1963 1947 2039">
    <p class='ocr_par' dir='ltr' id='par_1_33' title="bbox 388 1963 1947 2039">
     <span class='ocr_line' id='line_1_33' title="bbox 388 1963 1947 2039; baseline 0.004 -20"><span class='ocrx_word' id='word_1_240' title='bbox 388 1963 670 2036; x_wconf 80' lang='lat' dir='ltr'><strong>Evangelii</strong></span> <span class='ocrx_word' id='word_1_241' title='bbox 697 1966 825 2023; x_wconf 91' lang='lat' dir='ltr'><strong>Jesu</strong></span> <span class='ocrx_word' id='word_1_242' title='bbox 852 1968 1078 2037; x_wconf 83' lang='lat' dir='ltr'><strong>Christi,</strong></span> <span class='ocrx_word' id='word_1_243' title='bbox 1124 1983 1283 2039; x_wconf 88' lang='lat' dir='ltr'><strong>prout</strong></span> <span class='ocrx_word' id='word_1_244' title='bbox 1313 1971 1574 2039; x_wconf 91' lang='lat' dir='ltr'><strong>scriptum</strong></span> <span class='ocrx_word' id='word_1_245' title='bbox 1623 1980 1709 2027; x_wconf 91' lang='lat' dir='ltr'><strong>est</strong></span> <span class='ocrx_word' id='word_1_246' title='bbox 1739 1972 1793 2026; x_wconf 93' lang='lat' dir='ltr'><strong>in</strong></span> <span class='ocrx_word' id='word_1_247' title='bbox 1825 1972 1947 2028; x_wconf 64' lang='lat' dir='ltr'><strong>Isaia</strong></span> 
     </span>
    </p>
   </div>
   <div class='ocr_carea' id='block_1_34' title="bbox 2125 1963 3638 2039">
    <p class='ocr_par' dir='ltr' id='par_1_34' title="bbox 2125 1963 3638 2039">
     <span class='ocr_line' id='line_1_34' title="bbox 2125 1963 3638 2039; baseline 0.009 -27"><span class='ocrx_word' id='word_1_248' title='bbox 2125 1964 2213 2031; x_wconf 76' lang='grc' dir='ltr'>τοῦ,</span> <span class='ocrx_word' id='word_1_249' title='bbox 2243 1963 2425 2029; x_wconf 83' lang='grc' dir='ltr'>καθὼς</span> <span class='ocrx_word' id='word_1_250' title='bbox 2457 1965 2763 2036; x_wconf 83' lang='grc' dir='ltr'>γέγραπται</span> <span class='ocrx_word' id='word_1_251' title='bbox 2804 1966 2863 2018; x_wconf 80' lang='grc' dir='ltr'>ὲν</span> <span class='ocrx_word' id='word_1_252' title='bbox 2893 1964 2971 2036; x_wconf 82' lang='grc' dir='ltr'><strong>τῷ</strong></span> <span class='ocrx_word' id='word_1_253' title='bbox 3009 1965 3205 2037; x_wconf 77' lang='grc' dir='ltr'>Ἡσαΐᾳ</span> <span class='ocrx_word' id='word_1_254' title='bbox 3243 1966 3321 2037; x_wconf 83' lang='grc' dir='ltr'>τῷ</span> <span class='ocrx_word' id='word_1_255' title='bbox 3356 1968 3638 2039; x_wconf 80' lang='grc' dir='ltr'><strong>προφήτῃ·</strong></span> 
     </span>
    </p>
   </div>
   <div class='ocr_carea' id='block_1_35' title="bbox 391 2057 1963 2132">
    <p class='ocr_par' dir='ltr' id='par_1_35' title="bbox 391 2057 1963 2132">
     <span class='ocr_line' id='line_1_35' title="bbox 391 2057 1963 2132; baseline 0.007 -24"><span class='ocrx_word' id='word_1_256' title='bbox 391 2057 686 2127; x_wconf 86' lang='lat' dir='ltr'><strong>propheta:</strong></span> <span class='ocrx_word' id='word_1_257' title='bbox 726 2057 864 2114; x_wconf 89' lang='lat' dir='ltr'><strong>Ecce</strong></span> <span class='ocrx_word' id='word_1_258' title='bbox 892 2076 993 2130; x_wconf 86' lang='lat' dir='ltr'><strong>ego</strong></span> <span class='ocrx_word' id='word_1_259' title='bbox 1017 2062 1173 2116; x_wconf 85' lang='lat' dir='ltr'><strong>mitto</strong></span> <span class='ocrx_word' id='word_1_260' title='bbox 1212 2062 1476 2132; x_wconf 84' lang='lat' dir='ltr'><strong>Angelum</strong></span> <span class='ocrx_word' id='word_1_261' title='bbox 1505 2077 1687 2118; x_wconf 88' lang='lat' dir='ltr'><strong>meum</strong></span> <span class='ocrx_word' id='word_1_262' title='bbox 1735 2071 1860 2119; x_wconf 90' lang='lat' dir='ltr'><strong>ante</strong></span> <span class='ocrx_word' id='word_1_263' title='bbox 1882 2063 1963 2119; x_wconf 79' lang='lat' dir='ltr'><strong>fa-</strong></span> 
     </span>
    </p>
   </div>
   <div class='ocr_carea' id='block_1_36' title="bbox 393 2150 1959 2222">
    <p class='ocr_par' dir='ltr' id='par_1_36' title="bbox 393 2150 1959 2222">
     <span class='ocr_line' id='line_1_36' title="bbox 393 2150 1959 2222; baseline 0.007 -22"><span class='ocrx_word' id='word_1_264' title='bbox 393 2150 529 2204; x_wconf 77' lang='lat' dir='ltr'><strong>ciem</strong></span> <span class='ocrx_word' id='word_1_265' title='bbox 557 2161 723 2215; x_wconf 91' lang='lat' dir='ltr'><strong>tuam,</strong></span> <span class='ocrx_word' id='word_1_266' title='bbox 741 2151 832 2221; x_wconf 83' lang='lat' dir='ltr'><strong>qui</strong></span> <span class='ocrx_word' id='word_1_267' title='bbox 859 2166 1258 2222; x_wconf 69' lang='lat' dir='ltr'><strong>prazparaturus</strong></span> <span class='ocrx_word' id='word_1_268' title='bbox 1281 2165 1364 2212; x_wconf 92' lang='lat' dir='ltr'><strong>est</strong></span> <span class='ocrx_word' id='word_1_269' title='bbox 1386 2158 1529 2210; x_wconf 88' lang='lat' dir='ltr'><strong>viam</strong></span> <span class='ocrx_word' id='word_1_270' title='bbox 1564 2164 1709 2208; x_wconf 91' lang='lat' dir='ltr'><strong>tuam</strong></span> <span class='ocrx_word' id='word_1_271' title='bbox 1733 2165 1856 2210; x_wconf 91' lang='lat' dir='ltr'><strong>ante</strong></span> <span class='ocrx_word' id='word_1_272' title='bbox 1883 2164 1959 2211; x_wconf 89' lang='lat' dir='ltr'><strong>te.</strong></span> 
     </span>
    </p>
   </div>
   <div class='ocr_carea' id='block_1_37' title="bbox 393 2240 1956 2316">
    <p class='ocr_par' dir='ltr' id='par_1_37' title="bbox 393 2240 1956 2316">
     <span class='ocr_line' id='line_1_37' title="bbox 393 2240 1956 2316; baseline 0.004 -19"><span class='ocrx_word' id='word_1_273' title='bbox 393 2240 509 2300; x_wconf 81' lang='lat' dir='ltr'><strong>Vox</strong></span> <span class='ocrx_word' id='word_1_274' title='bbox 540 2245 825 2301; x_wconf 88' lang='lat' dir='ltr'><strong>clamantis</strong></span> <span class='ocrx_word' id='word_1_275' title='bbox 878 2247 931 2300; x_wconf 93' lang='lat' dir='ltr'><strong>in</strong></span> <span class='ocrx_word' id='word_1_276' title='bbox 985 2248 1467 2304; x_wconf 78' lang='lat' dir='ltr'><strong>desertozParate</strong></span> <span class='ocrx_word' id='word_1_277' title='bbox 1517 2247 1661 2304; x_wconf 90' lang='lat' dir='ltr'><strong>viam</strong></span> <span class='ocrx_word' id='word_1_278' title='bbox 1723 2249 1956 2316; x_wconf 89' lang='lat' dir='ltr'><strong>Domini,</strong></span> 
     </span>
    </p>
   </div>
   <div class='ocr_carea' id='block_1_38' title="bbox 391 2334 1956 2412">
    <p class='ocr_par' dir='ltr' id='par_1_38' title="bbox 391 2334 1956 2412">
     <span class='ocr_line' id='line_1_38' title="bbox 391 2334 1956 2412; baseline 0.006 -25"><span class='ocrx_word' id='word_1_279' title='bbox 391 2334 753 2391; x_wconf 79' lang='lat' dir='ltr'><strong>rectasfacite</strong></span> <span class='ocrx_word' id='word_1_280' title='bbox 786 2339 1011 2393; x_wconf 84' lang='lat' dir='ltr'><strong>semitas</strong></span> <span class='ocrx_word' id='word_1_281' title='bbox 1036 2339 1154 2408; x_wconf 86' lang='lat' dir='ltr'><strong>ejus</strong></span> <span class='ocrx_word' id='word_1_282' title='bbox 1191 2341 1258 2396; x_wconf 82' lang='grc'><strong>⁷⁸.</strong></span> <span class='ocrx_word' id='word_1_283' title='bbox 1302 2359 1322 2393; x_wconf 72' lang='grc' dir='ltr'><strong>ι</strong></span> <span class='ocrx_word' id='word_1_284' title='bbox 1359 2341 1520 2412; x_wconf 73' lang='lat'><strong>126</strong></span> <span class='ocrx_word' id='word_1_285' title='bbox 1546 2340 1813 2396; x_wconf 58' lang='lat' dir='ltr'><strong>Caeterum</strong></span> <span class='ocrx_word' id='word_1_286' title='bbox 1851 2357 1956 2397; x_wconf 91' lang='lat' dir='ltr'><strong>non</strong></span> 
     </span>
    </p>
   </div>
   <div class='ocr_carea' id='block_1_39' title="bbox 387 2427 1952 2502">
    <p class='ocr_par' dir='ltr' id='par_1_39' title="bbox 387 2427 1952 2502">
     <span class='ocr_line' id='line_1_39' title="bbox 387 2427 1952 2502; baseline 0.004 -21"><span class='ocrx_word' id='word_1_287' title='bbox 387 2427 607 2496; x_wconf 88' lang='lat' dir='ltr'><strong>ponitur</strong></span> <span class='ocrx_word' id='word_1_288' title='bbox 637 2428 692 2483; x_wconf 91' lang='lat' dir='ltr'><strong>in</strong></span> <span class='ocrx_word' id='word_1_289' title='bbox 741 2430 1002 2500; x_wconf 87' lang='lat' dir='ltr'><strong>propheta</strong></span> <span class='ocrx_word' id='word_1_290' title='bbox 1041 2446 1056 2483; x_wconf 90' lang='lat'><strong>:</strong></span> <span class='ocrx_word' id='word_1_291' title='bbox 1099 2448 1119 2482; x_wconf 84' lang='grc'><strong><em>‹</em></strong></span> <span class='ocrx_word' id='word_1_292' title='bbox 1175 2432 1402 2502; x_wconf 84' lang='lat' dir='ltr'><strong>Dirigite</strong></span> <span class='ocrx_word' id='word_1_293' title='bbox 1458 2434 1600 2487; x_wconf 88' lang='lat' dir='ltr'><strong>viam</strong></span> <span class='ocrx_word' id='word_1_294' title='bbox 1660 2432 1895 2501; x_wconf 85' lang='lat' dir='ltr'><strong>Domini,</strong></span> <span class='ocrx_word' id='word_1_295' title='bbox 1932 2453 1952 2487; x_wconf 70' lang='grc' dir='ltr'><strong>ι</strong></span> 
     </span>
    </p>
   </div>
   <div class='ocr_carea' id='block_1_40' title="bbox 387 2519 1959 2583">
    <p class='ocr_par' dir='ltr' id='par_1_40' title="bbox 387 2519 1959 2583">
     <span class='ocr_line' id='line_1_40' title="bbox 387 2519 1959 2583; baseline 0.007 -13"><span class='ocrx_word' id='word_1_296' title='bbox 387 2519 531 2583; x_wconf 82' lang='lat' dir='ltr'><strong>quod</strong></span> <span class='ocrx_word' id='word_1_297' title='bbox 559 2520 749 2575; x_wconf 81' lang='lat' dir='ltr'><strong>citavit</strong></span> <span class='ocrx_word' id='word_1_298' title='bbox 771 2519 1026 2577; x_wconf 82' lang='lat' dir='ltr'><strong>Joannes.</strong></span> <span class='ocrx_word' id='word_1_299' title='bbox 1058 2522 1289 2579; x_wconf 85' lang='lat' dir='ltr'><strong>Proinde</strong></span> <span class='ocrx_word' id='word_1_300' title='bbox 1312 2523 1435 2579; x_wconf 89' lang='lat' dir='ltr'><strong>vide</strong></span> <span class='ocrx_word' id='word_1_301' title='bbox 1460 2540 1530 2580; x_wconf 92' lang='lat' dir='ltr'><strong>ne</strong></span> <span class='ocrx_word' id='word_1_302' title='bbox 1555 2523 1698 2580; x_wconf 81' lang='lat' dir='ltr'><strong>forte</strong></span> <span class='ocrx_word' id='word_1_303' title='bbox 1720 2524 1959 2582; x_wconf 78' lang='lat' dir='ltr'><strong>Joannes</strong></span> 
     </span>
    </p>
   </div>
   <div class='ocr_carea' id='block_1_41' title="bbox 387 2616 1958 2686">
    <p class='ocr_par' dir='ltr' id='par_1_41' title="bbox 387 2616 1958 2686">
     <span class='ocr_line' id='line_1_41' title="bbox 387 2616 1958 2686; baseline 0.004 -19"><span class='ocrx_word' id='word_1_304' title='bbox 387 2617 677 2671; x_wconf 84' lang='lat' dir='ltr'><strong>decurtans</strong></span> <span class='ocrx_word' id='word_1_305' title='bbox 704 2616 835 2670; x_wconf 94' lang='lat' dir='ltr'><strong>illud</strong></span> <span class='ocrx_word' id='word_1_306' title='bbox 875 2639 886 2672; x_wconf 92' lang='lat'>:</span> <span class='ocrx_word' id='word_1_307' title='bbox 926 2635 945 2668; x_wconf 75' lang='grc' dir='ltr'><strong>ι</strong></span> <span class='ocrx_word' id='word_1_308' title='bbox 980 2617 1174 2673; x_wconf 89' lang='lat' dir='ltr'><strong>Parate</strong></span> <span class='ocrx_word' id='word_1_309' title='bbox 1202 2619 1344 2673; x_wconf 90' lang='lat' dir='ltr'><strong>viam</strong></span> <span class='ocrx_word' id='word_1_310' title='bbox 1382 2619 1617 2686; x_wconf 90' lang='lat' dir='ltr'><strong>Domini,</strong></span> <span class='ocrx_word' id='word_1_311' title='bbox 1652 2629 1834 2676; x_wconf 89' lang='lat' dir='ltr'><strong>rectas</strong></span> <span class='ocrx_word' id='word_1_312' title='bbox 1877 2620 1958 2675; x_wconf 85' lang='lat' dir='ltr'><strong>fa-</strong></span> 
     </span>
    </p>
   </div>
   <div class='ocr_carea' id='block_1_42' title="bbox 384 2707 1955 2782">
    <p class='ocr_par' dir='ltr' id='par_1_42' title="bbox 384 2707 1955 2782">
     <span class='ocr_line' id='line_1_42' title="bbox 384 2707 1955 2782; baseline 0.003 -21"><span class='ocrx_word' id='word_1_313' title='bbox 384 2707 492 2763; x_wconf 90' lang='lat' dir='ltr'><strong>cite</strong></span> <span class='ocrx_word' id='word_1_314' title='bbox 515 2708 738 2763; x_wconf 85' lang='lat' dir='ltr'><strong>semitas</strong></span> <span class='ocrx_word' id='word_1_315' title='bbox 761 2707 856 2763; x_wconf 91' lang='lat' dir='ltr'><strong>Dei</strong></span> <span class='ocrx_word' id='word_1_316' title='bbox 885 2709 1081 2775; x_wconf 87' lang='lat' dir='ltr'><strong>nostri,</strong></span> <span class='ocrx_word' id='word_1_317' title='bbox 1110 2728 1127 2760; x_wconf 77' lang='grc' dir='ltr'><strong>ι</strong></span> <span class='ocrx_word' id='word_1_318' title='bbox 1161 2709 1476 2781; x_wconf 89' lang='lat' dir='ltr'><strong>scripserit:</strong></span> <span class='ocrx_word' id='word_1_319' title='bbox 1511 2728 1530 2760; x_wconf 81' lang='grc' dir='ltr'><strong>ι</strong></span> <span class='ocrx_word' id='word_1_320' title='bbox 1562 2711 1787 2782; x_wconf 82' lang='lat' dir='ltr'><strong>Dirigite</strong></span> <span class='ocrx_word' id='word_1_321' title='bbox 1812 2712 1955 2765; x_wconf 89' lang='lat' dir='ltr'><strong>viam</strong></span> 
     </span>
    </p>
   </div>
   <div class='ocr_carea' id='block_1_43' title="bbox 390 2795 1957 2870">
    <p class='ocr_par' dir='ltr' id='par_1_43' title="bbox 390 2795 1957 2870">
     <span class='ocr_line' id='line_1_43' title="bbox 390 2795 1957 2870; baseline 0.004 -21"><span class='ocrx_word' id='word_1_322' title='bbox 390 2795 638 2864; x_wconf 82' lang='lat' dir='ltr'><strong>Domini;</strong></span> <span class='ocrx_word' id='word_1_323' title='bbox 667 2815 690 2848; x_wconf 85' lang='grc'><strong><em>›</em></strong></span> <span class='ocrx_word' id='word_1_324' title='bbox 723 2811 844 2867; x_wconf 63' lang='lat' dir='ltr'><strong>qua:</strong></span> <span class='ocrx_word' id='word_1_325' title='bbox 870 2798 1037 2854; x_wconf 87' lang='lat' dir='ltr'><strong>verba</strong></span> <span class='ocrx_word' id='word_1_326' title='bbox 1060 2798 1298 2865; x_wconf 82' lang='lat' dir='ltr'><strong>Marcus,</strong></span> <span class='ocrx_word' id='word_1_327' title='bbox 1329 2800 1463 2854; x_wconf 90' lang='lat' dir='ltr'><strong>duas</strong></span> <span class='ocrx_word' id='word_1_328' title='bbox 1489 2800 1802 2870; x_wconf 89' lang='lat' dir='ltr'><strong>prophetias</strong></span> <span class='ocrx_word' id='word_1_329' title='bbox 1824 2802 1957 2857; x_wconf 90' lang='lat' dir='ltr'><strong>duo-</strong></span> 
     </span>
    </p>
   </div>
   <div class='ocr_carea' id='block_1_44' title="bbox 382 2887 1953 2963">
    <p class='ocr_par' dir='ltr' id='par_1_44' title="bbox 382 2887 1953 2963">
     <span class='ocr_line' id='line_1_44' title="bbox 382 2887 1953 2963; baseline 0.001 -18"><span class='ocrx_word' id='word_1_330' title='bbox 382 2887 487 2945; x_wconf 88' lang='lat' dir='ltr'><strong>bus</strong></span> <span class='ocrx_word' id='word_1_331' title='bbox 514 2889 570 2945; x_wconf 92' lang='lat' dir='ltr'><strong>in</strong></span> <span class='ocrx_word' id='word_1_332' title='bbox 597 2888 733 2946; x_wconf 92' lang='lat' dir='ltr'><strong>locis</strong></span> <span class='ocrx_word' id='word_1_333' title='bbox 757 2891 932 2946; x_wconf 88' lang='lat' dir='ltr'><strong>dictas</strong></span> <span class='ocrx_word' id='word_1_334' title='bbox 956 2906 987 2945; x_wconf 90' lang='lat' dir='ltr'><strong>a</strong></span> <span class='ocrx_word' id='word_1_335' title='bbox 1010 2891 1220 2948; x_wconf 89' lang='lat' dir='ltr'><strong>duobus</strong></span> <span class='ocrx_word' id='word_1_336' title='bbox 1249 2893 1529 2963; x_wconf 88' lang='lat' dir='ltr'><strong>prophetis</strong></span> <span class='ocrx_word' id='word_1_337' title='bbox 1554 2893 1609 2947; x_wconf 92' lang='lat' dir='ltr'><strong>in</strong></span> <span class='ocrx_word' id='word_1_338' title='bbox 1640 2908 1806 2948; x_wconf 92' lang='lat' dir='ltr'><strong>unum</strong></span> <span class='ocrx_word' id='word_1_339' title='bbox 1838 2893 1953 2949; x_wconf 89' lang='lat' dir='ltr'><strong>col-</strong></span> 
     </span>
    </p>
   </div>
   <div class='ocr_carea' id='block_1_45' title="bbox 382 2981 1951 3055">
    <p class='ocr_par' dir='ltr' id='par_1_45' title="bbox 382 2981 1951 3055">
     <span class='ocr_line' id='line_1_45' title="bbox 382 2981 1951 3055; baseline 0.004 -21"><span class='ocrx_word' id='word_1_340' title='bbox 382 2982 576 3052; x_wconf 87' lang='lat' dir='ltr'><strong>ligens,</strong></span> <span class='ocrx_word' id='word_1_341' title='bbox 609 2982 794 3052; x_wconf 90' lang='lat' dir='ltr'><strong>posuit</strong></span> <span class='ocrx_word' id='word_1_342' title='bbox 826 2999 841 3036; x_wconf 91' lang='lat'><strong>:</strong></span> <span class='ocrx_word' id='word_1_343' title='bbox 881 3000 902 3035; x_wconf 81' lang='grc' dir='ltr'><strong>ι</strong></span> <span class='ocrx_word' id='word_1_344' title='bbox 935 2981 1104 3044; x_wconf 81' lang='lat' dir='ltr'><strong>Pr,out</strong></span> <span class='ocrx_word' id='word_1_345' title='bbox 1138 2983 1397 3047; x_wconf 81' lang='lat' dir='ltr'><strong>scriptum</strong></span> <span class='ocrx_word' id='word_1_346' title='bbox 1456 2992 1539 3039; x_wconf 89' lang='lat' dir='ltr'><strong>est</strong></span> <span class='ocrx_word' id='word_1_347' title='bbox 1566 2984 1617 3038; x_wconf 95' lang='lat' dir='ltr'><strong>in</strong></span> <span class='ocrx_word' id='word_1_348' title='bbox 1651 2983 1786 3040; x_wconf 85' lang='lat' dir='ltr'><strong>Isaia</strong></span> <span class='ocrx_word' id='word_1_349' title='bbox 1823 3000 1951 3055; x_wconf 86' lang='lat' dir='ltr'><strong>pro-</strong></span> 
     </span>
    </p>
   </div>
   <div class='ocr_carea' id='block_1_46' title="bbox 384 3072 1950 3144">
    <p class='ocr_par' dir='ltr' id='par_1_46' title="bbox 384 3072 1950 3144">
     <span class='ocr_line' id='line_1_46' title="bbox 384 3072 1950 3144; baseline 0.003 -17"><span class='ocrx_word' id='word_1_350' title='bbox 384 3076 549 3143; x_wconf 77' lang='lat' dir='ltr'><strong>pheta</strong></span> <span class='ocrx_word' id='word_1_351' title='bbox 580 3090 596 3130; x_wconf 92' lang='lat'><strong>:</strong></span> <span class='ocrx_word' id='word_1_352' title='bbox 630 3072 774 3129; x_wconf 86' lang='lat' dir='ltr'><strong>Ecce</strong></span> <span class='ocrx_word' id='word_1_353' title='bbox 798 3088 899 3144; x_wconf 88' lang='lat' dir='ltr'><strong>ego</strong></span> <span class='ocrx_word' id='word_1_354' title='bbox 920 3075 1078 3129; x_wconf 92' lang='lat' dir='ltr'><strong>mitto</strong></span> <span class='ocrx_word' id='word_1_355' title='bbox 1112 3076 1360 3130; x_wconf 92' lang='lat' dir='ltr'><strong>nuntium</strong></span> <span class='ocrx_word' id='word_1_356' title='bbox 1390 3090 1569 3130; x_wconf 89' lang='lat' dir='ltr'><strong>meum</strong></span> <span class='ocrx_word' id='word_1_357' title='bbox 1601 3085 1727 3132; x_wconf 88' lang='lat' dir='ltr'><strong>ante</strong></span> <span class='ocrx_word' id='word_1_358' title='bbox 1754 3076 1950 3132; x_wconf 80' lang='lat' dir='ltr'><strong>faciem</strong></span> 
     </span>
    </p>
   </div>
   <div class='ocr_carea' id='block_1_47' title="bbox 2076 2057 3642 2132">
    <p class='ocr_par' dir='ltr' id='par_1_47' title="bbox 2076 2057 3642 2132">
     <span class='ocr_line' id='line_1_47' title="bbox 2076 2057 3642 2132; baseline 0.003 -22"><span class='ocrx_word' id='word_1_359' title='bbox 2076 2057 2206 2112; x_wconf 84' lang='grc' dir='ltr'><strong>Ἰδού</strong></span> <span class='ocrx_word' id='word_1_360' title='bbox 2230 2057 2341 2128; x_wconf 80' lang='grc' dir='ltr'>ἐγὼ</span> <span class='ocrx_word' id='word_1_361' title='bbox 2371 2058 2682 2112; x_wconf 77' lang='grc' dir='ltr'>ἀποστέλλω</span> <span class='ocrx_word' id='word_1_362' title='bbox 2704 2059 2795 2114; x_wconf 78' lang='grc' dir='ltr'><strong>τὸν</strong></span> <span class='ocrx_word' id='word_1_363' title='bbox 2827 2058 3055 2128; x_wconf 78' lang='grc' dir='ltr'>ἄγγελόν</span> <span class='ocrx_word' id='word_1_364' title='bbox 3085 2077 3186 2130; x_wconf 87' lang='grc' dir='ltr'><strong>μου</strong></span> <span class='ocrx_word' id='word_1_365' title='bbox 3217 2060 3323 2132; x_wconf 77' lang='grc' dir='ltr'>πρὸ</span> <span class='ocrx_word' id='word_1_366' title='bbox 3349 2058 3642 2132; x_wconf 79' lang='grc' dir='ltr'>προσώπου</span> 
     </span>
    </p>
   </div>
   <div class='ocr_carea' id='block_1_48' title="bbox 2064 2147 3637 2222">
    <p class='ocr_par' dir='ltr' id='par_1_48' title="bbox 2064 2147 3637 2222">
     <span class='ocr_line' id='line_1_48' title="bbox 2064 2147 3637 2222; baseline 0 -21"><span class='ocrx_word' id='word_1_367' title='bbox 2064 2165 2187 2213; x_wconf 90' lang='grc' dir='ltr'>σου,</span> <span class='ocrx_word' id='word_1_368' title='bbox 2230 2148 2288 2213; x_wconf 82' lang='grc' dir='ltr'>ὃς</span> <span class='ocrx_word' id='word_1_369' title='bbox 2321 2147 2721 2202; x_wconf 85' lang='grc' dir='ltr'>κατασκευάσει</span> <span class='ocrx_word' id='word_1_370' title='bbox 2750 2148 2849 2219; x_wconf 82' lang='grc' dir='ltr'><strong>τὴν</strong></span> <span class='ocrx_word' id='word_1_371' title='bbox 2880 2147 2997 2201; x_wconf 83' lang='grc' dir='ltr'>ὁδόν</span> <span class='ocrx_word' id='word_1_372' title='bbox 3044 2164 3140 2201; x_wconf 91' lang='grc' dir='ltr'><strong>σου</strong></span> <span class='ocrx_word' id='word_1_373' title='bbox 3179 2149 3495 2222; x_wconf 71' lang='grc' dir='ltr'>ἔμπροσθέν</span> <span class='ocrx_word' id='word_1_374' title='bbox 3532 2167 3637 2204; x_wconf 86' lang='grc' dir='ltr'>σου.</span> 
     </span>
    </p>
   </div>
   <div class='ocr_carea' id='block_1_49' title="bbox 2060 2239 3643 2312">
    <p class='ocr_par' dir='ltr' id='par_1_49' title="bbox 2060 2239 3643 2312">
     <span class='ocr_line' id='line_1_49' title="bbox 2060 2239 3643 2312; baseline -0.001 -18"><span class='ocrx_word' id='word_1_375' title='bbox 2060 2239 2215 2312; x_wconf 84' lang='grc' dir='ltr'>Φωνὴ</span> <span class='ocrx_word' id='word_1_376' title='bbox 2245 2239 2474 2311; x_wconf 84' lang='grc' dir='ltr'>βοῶντος</span> <span class='ocrx_word' id='word_1_377' title='bbox 2516 2241 2576 2293; x_wconf 86' lang='grc' dir='ltr'>ὲν</span> <span class='ocrx_word' id='word_1_378' title='bbox 2617 2242 2682 2310; x_wconf 84' lang='grc' dir='ltr'>τῇ</span> <span class='ocrx_word' id='word_1_379' title='bbox 2731 2240 2958 2311; x_wconf 76' lang='grc' dir='ltr'>ἐρήμῳ·</span> <span class='ocrx_word' id='word_1_380' title='bbox 2997 2240 3357 2310; x_wconf 86' lang='grc' dir='ltr'>Ἑτοιμάσατε</span> <span class='ocrx_word' id='word_1_381' title='bbox 3396 2239 3501 2307; x_wconf 78' lang='grc' dir='ltr'><strong>τὴν</strong></span> <span class='ocrx_word' id='word_1_382' title='bbox 3531 2241 3643 2293; x_wconf 79' lang='grc' dir='ltr'>ὁδὸν</span> 
     </span>
    </p>
   </div>
   <div class='ocr_carea' id='block_1_50' title="bbox 2061 2332 3641 2406">
    <p class='ocr_par' dir='ltr' id='par_1_50' title="bbox 2061 2332 3641 2406">
     <span class='ocr_line' id='line_1_50' title="bbox 2061 2332 3641 2406; baseline -0.001 -18"><span class='ocrx_word' id='word_1_383' title='bbox 2061 2334 2291 2406; x_wconf 81' lang='grc' dir='ltr'>Κυρίου,</span> <span class='ocrx_word' id='word_1_384' title='bbox 2322 2332 2538 2398; x_wconf 79' lang='grc' dir='ltr'>εὐθείας</span> <span class='ocrx_word' id='word_1_385' title='bbox 2580 2336 2782 2386; x_wconf 86' lang='grc' dir='ltr'>ποιεῖτε</span> <span class='ocrx_word' id='word_1_386' title='bbox 2809 2333 2907 2396; x_wconf 83' lang='grc' dir='ltr'><strong>τὰς</strong></span> <span class='ocrx_word' id='word_1_387' title='bbox 2940 2333 3157 2405; x_wconf 90' lang='grc' dir='ltr'>τρίϐους</span> <span class='ocrx_word' id='word_1_388' title='bbox 3200 2334 3387 2390; x_wconf 85' lang='grc' dir='ltr'>αὐτοῦ.</span> <span class='ocrx_word' id='word_1_389' title='bbox 3408 2335 3641 2393; x_wconf 61' lang='lat'><strong>306152-</strong></span> 
     </span>
    </p>
   </div>
   <div class='ocr_carea' id='block_1_51' title="bbox 2058 2424 3644 2498">
    <p class='ocr_par' dir='ltr' id='par_1_51' title="bbox 2058 2424 3644 2498">
     <span class='ocr_line' id='line_1_51' title="bbox 2058 2424 3644 2498; baseline -0.001 -18"><span class='ocrx_word' id='word_1_390' title='bbox 2058 2445 2147 2480; x_wconf 92' lang='grc' dir='ltr'><strong>ται</strong></span> <span class='ocrx_word' id='word_1_391' title='bbox 2193 2426 2441 2498; x_wconf 79' lang='grc' dir='ltr'>μέντοιγε</span> <span class='ocrx_word' id='word_1_392' title='bbox 2488 2426 2546 2479; x_wconf 81' lang='grc' dir='ltr'>ὲν</span> <span class='ocrx_word' id='word_1_393' title='bbox 2589 2424 2668 2497; x_wconf 82' lang='grc' dir='ltr'>τῷ</span> <span class='ocrx_word' id='word_1_394' title='bbox 2710 2426 2996 2497; x_wconf 74' lang='grc' dir='ltr'>προφήτῃο</span> <span class='ocrx_word' id='word_1_395' title='bbox 3032 2444 3050 2476; x_wconf 74' lang='grc' dir='ltr'><strong>ι</strong></span> <span class='ocrx_word' id='word_1_396' title='bbox 3087 2424 3361 2478; x_wconf 80' lang='grc' dir='ltr'>Εὐθύνατε</span> <span class='ocrx_word' id='word_1_397' title='bbox 3393 2424 3499 2496; x_wconf 90' lang='grc' dir='ltr'><strong>τὴν</strong></span> <span class='ocrx_word' id='word_1_398' title='bbox 3533 2424 3644 2478; x_wconf 79' lang='grc' dir='ltr'>ὁδὸν</span> 
     </span>
    </p>
   </div>
   <div class='ocr_carea' id='block_1_52' title="bbox 2057 2513 3643 2593">
    <p class='ocr_par' dir='ltr' id='par_1_52' title="bbox 2057 2513 3643 2593">
     <span class='ocr_line' id='line_1_52' title="bbox 2057 2513 3643 2593; baseline -0.004 -17"><span class='ocrx_word' id='word_1_399' title='bbox 2057 2521 2290 2593; x_wconf 84' lang='grc' dir='ltr'>Κυρίου,</span> <span class='ocrx_word' id='word_1_400' title='bbox 2330 2540 2348 2571; x_wconf 77' lang='grc' dir='ltr'><strong>ι</strong></span> <span class='ocrx_word' id='word_1_401' title='bbox 2377 2521 2513 2588; x_wconf 84' lang='grc' dir='ltr'>ὅπερ</span> <span class='ocrx_word' id='word_1_402' title='bbox 2538 2517 2808 2590; x_wconf 82' lang='grc' dir='ltr'>παρέθετο</span> <span class='ocrx_word' id='word_1_403' title='bbox 2833 2520 2861 2572; x_wconf 86' lang='grc' dir='ltr'>ὁ</span> <span class='ocrx_word' id='word_1_404' title='bbox 2888 2518 3114 2588; x_wconf 89' lang='grc' dir='ltr'>Μάρκος</span> <span class='ocrx_word' id='word_1_405' title='bbox 3141 2516 3275 2587; x_wconf 74' lang='grc'><strong>(21).</strong></span> <span class='ocrx_word' id='word_1_406' title='bbox 3309 2518 3530 2589; x_wconf 72' lang='grc' dir='ltr'>Μήποτ’</span> <span class='ocrx_word' id='word_1_407' title='bbox 3552 2513 3643 2572; x_wconf 82' lang='grc' dir='ltr'>οὖν</span> 
     </span>
    </p>
   </div>
   <div class='ocr_carea' id='block_1_53' title="bbox 2056 2609 3643 2682">
    <p class='ocr_par' dir='ltr' id='par_1_53' title="bbox 2056 2609 3643 2682">
     <span class='ocr_line' id='line_1_53' title="bbox 2056 2609 3643 2682; baseline -0.003 -15"><span class='ocrx_word' id='word_1_408' title='bbox 2056 2615 2086 2667; x_wconf 87' lang='grc' dir='ltr'>ὁ</span> <span class='ocrx_word' id='word_1_409' title='bbox 2146 2612 2428 2681; x_wconf 82' lang='grc' dir='ltr'>Ἰωάννης,</span> <span class='ocrx_word' id='word_1_410' title='bbox 2471 2610 2896 2681; x_wconf 80' lang='grc' dir='ltr'>ὲπιτεμνόμενος</span> <span class='ocrx_word' id='word_1_411' title='bbox 2939 2610 3029 2663; x_wconf 84' lang='grc' dir='ltr'>τό’</span> <span class='ocrx_word' id='word_1_412' title='bbox 3087 2629 3106 2662; x_wconf 79' lang='grc' dir='ltr'><strong>ι</strong></span> <span class='ocrx_word' id='word_1_413' title='bbox 3161 2609 3523 2680; x_wconf 85' lang='grc' dir='ltr'>Ἑτοιμάσατε</span> <span class='ocrx_word' id='word_1_414' title='bbox 3549 2609 3643 2682; x_wconf 84' lang='grc' dir='ltr'><strong>τὴν</strong></span> 
     </span>
    </p>
   </div>
   <div class='ocr_carea' id='block_1_54' title="bbox 2056 2700 3641 2775">
    <p class='ocr_par' dir='ltr' id='par_1_54' title="bbox 2056 2700 3641 2775">
     <span class='ocr_line' id='line_1_54' title="bbox 2056 2700 3641 2775; baseline -0.003 -16"><span class='ocrx_word' id='word_1_415' title='bbox 2056 2704 2173 2759; x_wconf 86' lang='grc' dir='ltr'>ὁδὸν</span> <span class='ocrx_word' id='word_1_416' title='bbox 2211 2704 2447 2775; x_wconf 85' lang='grc' dir='ltr'>Κυρίου,</span> <span class='ocrx_word' id='word_1_417' title='bbox 2489 2702 2704 2766; x_wconf 85' lang='grc' dir='ltr'>εὐθείας</span> <span class='ocrx_word' id='word_1_418' title='bbox 2740 2704 2941 2755; x_wconf 90' lang='grc' dir='ltr'>ποιεῖτε</span> <span class='ocrx_word' id='word_1_419' title='bbox 2986 2700 3085 2765; x_wconf 81' lang='grc' dir='ltr'>τὰς</span> <span class='ocrx_word' id='word_1_420' title='bbox 3115 2701 3336 2773; x_wconf 88' lang='grc' dir='ltr'>τρίϐους</span> <span class='ocrx_word' id='word_1_421' title='bbox 3368 2701 3467 2755; x_wconf 79' lang='grc' dir='ltr'>τοῦ</span> <span class='ocrx_word' id='word_1_422' title='bbox 3509 2701 3641 2755; x_wconf 81' lang='grc' dir='ltr'><strong>Θεοῦ</strong></span> 
     </span>
    </p>
   </div>
   <div class='ocr_carea' id='block_1_55' title="bbox 2055 2794 3637 2870">
    <p class='ocr_par' dir='ltr' id='par_1_55' title="bbox 2055 2794 3637 2870">
     <span class='ocr_line' id='line_1_55' title="bbox 2055 2794 3637 2870; baseline -0.003 -19"><span class='ocrx_word' id='word_1_423' title='bbox 2055 2796 2233 2870; x_wconf 87' lang='grc' dir='ltr'>ήμῶν,</span> <span class='ocrx_word' id='word_1_424' title='bbox 2277 2816 2296 2848; x_wconf 69' lang='grc' dir='ltr'><strong>ι</strong></span> <span class='ocrx_word' id='word_1_425' title='bbox 2335 2795 2668 2867; x_wconf 79' lang='grc' dir='ltr'>ἀνέγραψεν·</span> <span class='ocrx_word' id='word_1_426' title='bbox 2710 2814 2728 2847; x_wconf 76' lang='grc' dir='ltr'><strong>ι</strong></span> <span class='ocrx_word' id='word_1_427' title='bbox 2760 2794 3031 2850; x_wconf 89' lang='grc' dir='ltr'>Εὐθύνατε</span> <span class='ocrx_word' id='word_1_428' title='bbox 3059 2794 3158 2865; x_wconf 84' lang='grc' dir='ltr'><strong>τὴν</strong></span> <span class='ocrx_word' id='word_1_429' title='bbox 3190 2795 3308 2848; x_wconf 83' lang='grc' dir='ltr'>ὁδὸν</span> <span class='ocrx_word' id='word_1_430' title='bbox 3340 2795 3553 2867; x_wconf 85' lang='grc' dir='ltr'>Κυρίου</span> <span class='ocrx_word' id='word_1_431' title='bbox 3572 2812 3588 2825; x_wconf 79' lang='lat'><strong><em>°</em></strong></span> <span class='ocrx_word' id='word_1_432' title='bbox 3617 2814 3637 2846; x_wconf 72' lang='grc' dir='ltr'><strong>ι</strong></span> 
     </span>
    </p>
   </div>
   <div class='ocr_carea' id='block_1_56' title="bbox 2036 2886 3643 2960">
    <p class='ocr_par' dir='ltr' id='par_1_56' title="bbox 2036 2886 3643 2960">
     <span class='ocr_line' id='line_1_56' title="bbox 2036 2886 3643 2960; baseline -0.004 -16"><span class='ocrx_word' id='word_1_433' title='bbox 2036 2891 2138 2944; x_wconf 55' lang='grc' dir='ltr'>ηὸτι</span> <span class='ocrx_word' id='word_1_434' title='bbox 2160 2891 2189 2942; x_wconf 89' lang='grc' dir='ltr'><strong>ό</strong></span> <span class='ocrx_word' id='word_1_435' title='bbox 2216 2889 2442 2960; x_wconf 83' lang='grc' dir='ltr'>Μάρκος</span> <span class='ocrx_word' id='word_1_436' title='bbox 2464 2888 2556 2941; x_wconf 88' lang='grc' dir='ltr'><strong>δύο</strong></span> <span class='ocrx_word' id='word_1_437' title='bbox 2590 2886 2921 2959; x_wconf 86' lang='grc' dir='ltr'>προφητείας</span> <span class='ocrx_word' id='word_1_438' title='bbox 2950 2888 3008 2939; x_wconf 83' lang='grc' dir='ltr'>ὲν</span> <span class='ocrx_word' id='word_1_439' title='bbox 3039 2886 3312 2958; x_wconf 84' lang='grc' dir='ltr'>διαφόροις</span> <span class='ocrx_word' id='word_1_440' title='bbox 3338 2886 3643 2957; x_wconf 74' lang='grc' dir='ltr'>εἰρημένας</span> 
     </span>
    </p>
   </div>
   <div class='ocr_carea' id='block_1_57' title="bbox 2054 2979 3642 3052">
    <p class='ocr_par' dir='ltr' id='par_1_57' title="bbox 2054 2979 3642 3052">
     <span class='ocr_line' id='line_1_57' title="bbox 2054 2979 3642 3052; baseline -0.001 -16"><span class='ocrx_word' id='word_1_441' title='bbox 2054 2982 2243 3045; x_wconf 87' lang='grc' dir='ltr'>τόποις</span> <span class='ocrx_word' id='word_1_442' title='bbox 2273 2981 2377 3035; x_wconf 85' lang='grc' dir='ltr'>ὑπὸ</span> <span class='ocrx_word' id='word_1_443' title='bbox 2412 2980 2506 3034; x_wconf 88' lang='grc' dir='ltr'>δύο</span> <span class='ocrx_word' id='word_1_444' title='bbox 2536 2979 2826 3052; x_wconf 87' lang='grc' dir='ltr'>προφητῶν</span> <span class='ocrx_word' id='word_1_445' title='bbox 2849 2981 2929 3043; x_wconf 86' lang='grc' dir='ltr'><strong>είς</strong></span> <span class='ocrx_word' id='word_1_446' title='bbox 2958 2980 3014 3033; x_wconf 83' lang='grc' dir='ltr'>ἓν</span> <span class='ocrx_word' id='word_1_447' title='bbox 3055 2979 3302 3049; x_wconf 86' lang='grc' dir='ltr'>συνάγων</span> <span class='ocrx_word' id='word_1_448' title='bbox 3327 2981 3607 3051; x_wconf 81' lang='grc' dir='ltr'>πεποίηκε</span> <span class='ocrx_word' id='word_1_449' title='bbox 3625 2997 3642 3011; x_wconf 76' lang='grc' dir='ltr'><strong>ο</strong></span> 
     </span>
    </p>
   </div>
   <div class='ocr_carea' id='block_1_58' title="bbox 2060 3068 3644 3143">
    <p class='ocr_par' dir='ltr' id='par_1_58' title="bbox 2060 3068 3644 3143">
     <span class='ocr_line' id='line_1_58' title="bbox 2060 3068 3644 3143; baseline 0.001 -20"><span class='ocrx_word' id='word_1_450' title='bbox 2060 3090 2080 3123; x_wconf 75' lang='lat' dir='ltr'><strong>r</strong></span> <span class='ocrx_word' id='word_1_451' title='bbox 2102 3068 2299 3133; x_wconf 83' lang='grc' dir='ltr'>Καθὼς</span> <span class='ocrx_word' id='word_1_452' title='bbox 2328 3068 2636 3141; x_wconf 85' lang='grc' dir='ltr'>γέγραπται</span> <span class='ocrx_word' id='word_1_453' title='bbox 2666 3070 2723 3124; x_wconf 82' lang='grc' dir='ltr'>ὲν</span> <span class='ocrx_word' id='word_1_454' title='bbox 2748 3068 2825 3138; x_wconf 83' lang='grc' dir='ltr'>τῷ</span> <span class='ocrx_word' id='word_1_455' title='bbox 2868 3070 3065 3142; x_wconf 78' lang='grc' dir='ltr'>Ἡσαΐᾳ</span> <span class='ocrx_word' id='word_1_456' title='bbox 3091 3068 3170 3140; x_wconf 82' lang='grc' dir='ltr'>τῷ</span> <span class='ocrx_word' id='word_1_457' title='bbox 3199 3072 3461 3143; x_wconf 71' lang='grc' dir='ltr'>προφήτῃ</span> <span class='ocrx_word' id='word_1_458' title='bbox 3479 3087 3495 3101; x_wconf 88' lang='grc'><strong>·</strong></span> <span class='ocrx_word' id='word_1_459' title='bbox 3515 3070 3644 3124; x_wconf 88' lang='grc' dir='ltr'><strong>Ἰδού</strong></span> 
     </span>
    </p>
   </div>
   <div class='ocr_carea' id='block_1_59' title="bbox 379 3158 1947 3237">
    <p class='ocr_par' dir='ltr' id='par_1_59' title="bbox 379 3165 1947 3237">
     <span class='ocr_line' id='line_1_59' title="bbox 379 3165 1947 3237; baseline 0.001 -14"><span class='ocrx_word' id='word_1_460' title='bbox 379 3176 552 3234; x_wconf 81' lang='lat' dir='ltr'><strong>tuam,</strong></span> <span class='ocrx_word' id='word_1_461' title='bbox 577 3165 673 3235; x_wconf 91' lang='lat' dir='ltr'><strong>qui</strong></span> <span class='ocrx_word' id='word_1_462' title='bbox 703 3167 1030 3237; x_wconf 62' lang='lat' dir='ltr'><strong>praeparabit</strong></span> <span class='ocrx_word' id='word_1_463' title='bbox 1061 3167 1204 3223; x_wconf 90' lang='lat' dir='ltr'><strong>viam</strong></span> <span class='ocrx_word' id='word_1_464' title='bbox 1249 3177 1395 3223; x_wconf 91' lang='lat' dir='ltr'><strong>tuam</strong></span> <span class='ocrx_word' id='word_1_465' title='bbox 1439 3181 1565 3225; x_wconf 91' lang='lat' dir='ltr'><strong>ante</strong></span> <span class='ocrx_word' id='word_1_466' title='bbox 1591 3180 1663 3224; x_wconf 91' lang='lat' dir='ltr'><strong>te.</strong></span> <span class='ocrx_word' id='word_1_467' title='bbox 1701 3167 1816 3224; x_wconf 80' lang='lat' dir='ltr'><strong>Vox</strong></span> <span class='ocrx_word' id='word_1_468' title='bbox 1845 3170 1947 3225; x_wconf 77' lang='lat' dir='ltr'><strong>cla-</strong></span> 
     </span>
    </p>
   </div>
   <div class='ocr_carea' id='block_1_60' title="bbox 2125 3158 3644 3237">
    <p class='ocr_par' dir='ltr' id='par_1_60' title="bbox 2125 3158 3644 3234">
     <span class='ocr_line' id='line_1_60' title="bbox 2125 3158 3644 3234; baseline 0 -21"><span class='ocrx_word' id='word_1_469' title='bbox 2125 3159 2168 3213; x_wconf 87' lang='grc' dir='ltr'><strong>ὼ</strong></span> <span class='ocrx_word' id='word_1_470' title='bbox 2206 3158 2519 3214; x_wconf 84' lang='grc' dir='ltr'>ἀποστέλλω</span> <span class='ocrx_word' id='word_1_471' title='bbox 2541 3159 2631 3215; x_wconf 81' lang='grc' dir='ltr'>τὸν</span> <span class='ocrx_word' id='word_1_472' title='bbox 2658 3160 2888 3230; x_wconf 78' lang='grc' dir='ltr'>ἄγγελόν</span> <span class='ocrx_word' id='word_1_473' title='bbox 2921 3178 3022 3231; x_wconf 91' lang='grc' dir='ltr'><strong>μου</strong></span> <span class='ocrx_word' id='word_1_474' title='bbox 3055 3162 3162 3234; x_wconf 84' lang='grc' dir='ltr'><strong>πρὸ</strong></span> <span class='ocrx_word' id='word_1_475' title='bbox 3193 3160 3494 3233; x_wconf 86' lang='grc' dir='ltr'>προσώπου</span> <span class='ocrx_word' id='word_1_476' title='bbox 3526 3178 3644 3224; x_wconf 91' lang='grc' dir='ltr'>σου,</span> 
     </span>
    </p>
   </div>
   <div class='ocr_carea' id='block_1_61' title="bbox 383 3251 1951 3325">
    <p class='ocr_par' dir='ltr' id='par_1_61' title="bbox 383 3251 1951 3325">
     <span class='ocr_line' id='line_1_61' title="bbox 383 3251 1951 3325; baseline 0.002 -12"><span class='ocrx_word' id='word_1_477' title='bbox 383 3258 672 3316; x_wconf 84' lang='lat' dir='ltr'><strong>mantisin</strong></span> <span class='ocrx_word' id='word_1_478' title='bbox 697 3260 914 3317; x_wconf 86' lang='lat' dir='ltr'><strong>deserto</strong></span> <span class='ocrx_word' id='word_1_479' title='bbox 947 3275 961 3311; x_wconf 90' lang='lat'><strong>:</strong></span> <span class='ocrx_word' id='word_1_480' title='bbox 994 3251 1191 3315; x_wconf 83' lang='lat' dir='ltr'><strong>Parate</strong></span> <span class='ocrx_word' id='word_1_481' title='bbox 1217 3260 1359 3315; x_wconf 87' lang='lat' dir='ltr'><strong>viam</strong></span> <span class='ocrx_word' id='word_1_482' title='bbox 1399 3261 1637 3325; x_wconf 88' lang='lat' dir='ltr'><strong>Domini,</strong></span> <span class='ocrx_word' id='word_1_483' title='bbox 1670 3273 1846 3317; x_wconf 89' lang='lat' dir='ltr'><strong>rectas</strong></span> <span class='ocrx_word' id='word_1_484' title='bbox 1871 3261 1951 3316; x_wconf 84' lang='lat' dir='ltr'><strong>fa-</strong></span> 
     </span>
    </p>
   </div>
   <div class='ocr_carea' id='block_1_62' title="bbox 378 3348 1947 3419">
    <p class='ocr_par' dir='ltr' id='par_1_62' title="bbox 378 3348 1947 3419">
     <span class='ocr_line' id='line_1_62' title="bbox 378 3348 1947 3419; baseline 0.003 -15"><span class='ocrx_word' id='word_1_485' title='bbox 378 3349 489 3405; x_wconf 88' lang='lat' dir='ltr'><strong>cite</strong></span> <span class='ocrx_word' id='word_1_486' title='bbox 521 3349 746 3406; x_wconf 87' lang='lat' dir='ltr'><strong>semitas</strong></span> <span class='ocrx_word' id='word_1_487' title='bbox 767 3349 906 3419; x_wconf 85' lang='lat' dir='ltr'><strong>ejus.</strong></span> <span class='ocrx_word' id='word_1_488' title='bbox 939 3367 959 3402; x_wconf 73' lang='grc' dir='ltr'><strong>ι</strong></span> <span class='ocrx_word' id='word_1_489' title='bbox 997 3348 1126 3405; x_wconf 92' lang='lat' dir='ltr'><strong>Illud</strong></span> <span class='ocrx_word' id='word_1_490' title='bbox 1153 3351 1295 3406; x_wconf 86' lang='lat' dir='ltr'><strong>enim</strong></span> <span class='ocrx_word' id='word_1_491' title='bbox 1323 3368 1339 3406; x_wconf 91' lang='lat'>:</span> <span class='ocrx_word' id='word_1_492' title='bbox 1370 3371 1389 3403; x_wconf 73' lang='grc' dir='ltr'><strong>ε</strong></span> <span class='ocrx_word' id='word_1_493' title='bbox 1431 3351 1543 3407; x_wconf 84' lang='lat' dir='ltr'><strong>Vox</strong></span> <span class='ocrx_word' id='word_1_494' title='bbox 1571 3353 1859 3411; x_wconf 80' lang='lat' dir='ltr'><strong>clamantis</strong></span> <span class='ocrx_word' id='word_1_495' title='bbox 1893 3356 1947 3409; x_wconf 90' lang='lat' dir='ltr'><strong>in</strong></span> 
     </span>
    </p>
   </div>
   <div class='ocr_carea' id='block_1_63' title="bbox 378 3435 1951 3509">
    <p class='ocr_par' dir='ltr' id='par_1_63' title="bbox 378 3435 1951 3509">
     <span class='ocr_line' id='line_1_63' title="bbox 378 3435 1951 3509; baseline 0.005 -19"><span class='ocrx_word' id='word_1_496' title='bbox 378 3435 601 3492; x_wconf 84' lang='lat' dir='ltr'><strong>deserto</strong></span> <span class='ocrx_word' id='word_1_497' title='bbox 640 3455 662 3491; x_wconf 72' lang='grc' dir='ltr'><strong>ι</strong></span> <span class='ocrx_word' id='word_1_498' title='bbox 694 3451 820 3509; x_wconf 70' lang='lat' dir='ltr'><strong>mox</strong></span> <span class='ocrx_word' id='word_1_499' title='bbox 847 3437 1108 3506; x_wconf 90' lang='lat' dir='ltr'><strong>scriptum</strong></span> <span class='ocrx_word' id='word_1_500' title='bbox 1141 3448 1225 3494; x_wconf 91' lang='lat' dir='ltr'><strong>est</strong></span> <span class='ocrx_word' id='word_1_501' title='bbox 1251 3450 1373 3508; x_wconf 87' lang='lat' dir='ltr'><strong>post</strong></span> <span class='ocrx_word' id='word_1_502' title='bbox 1402 3440 1686 3497; x_wconf 86' lang='lat' dir='ltr'><strong>historiam</strong></span> <span class='ocrx_word' id='word_1_503' title='bbox 1721 3459 1951 3498; x_wconf 88' lang='lat' dir='ltr'><strong>narran-</strong></span> 
     </span>
    </p>
   </div>
   <div class='ocr_carea' id='block_1_64' title="bbox 381 3526 1946 3596">
    <p class='ocr_par' dir='ltr' id='par_1_64' title="bbox 381 3526 1946 3596">
     <span class='ocr_line' id='line_1_64' title="bbox 381 3526 1946 3596; baseline 0.004 -14"><span class='ocrx_word' id='word_1_504' title='bbox 381 3538 490 3583; x_wconf 88' lang='lat' dir='ltr'><strong>tem</strong></span> <span class='ocrx_word' id='word_1_505' title='bbox 516 3527 807 3584; x_wconf 87' lang='lat' dir='ltr'><strong>Ezecbiam</strong></span> <span class='ocrx_word' id='word_1_506' title='bbox 833 3543 899 3584; x_wconf 82' lang='lat' dir='ltr'><strong>ex</strong></span> <span class='ocrx_word' id='word_1_507' title='bbox 937 3526 1128 3587; x_wconf 87' lang='lat' dir='ltr'><strong>morbo</strong></span> <span class='ocrx_word' id='word_1_508' title='bbox 1152 3531 1531 3596; x_wconf 84' lang='lat' dir='ltr'><strong>convaluisse;</strong></span> <span class='ocrx_word' id='word_1_509' title='bbox 1567 3532 1699 3588; x_wconf 89' lang='lat' dir='ltr'><strong>illud</strong></span> <span class='ocrx_word' id='word_1_510' title='bbox 1730 3543 1946 3591; x_wconf 87' lang='lat' dir='ltr'><strong>autem:</strong></span> 
     </span>
    </p>
   </div>
   <div class='ocr_carea' id='block_1_65' title="bbox 384 3620 1946 3692">
    <p class='ocr_par' dir='ltr' id='par_1_65' title="bbox 384 3620 1946 3692">
     <span class='ocr_line' id='line_1_65' title="bbox 384 3620 1946 3692; baseline 0.004 -19"><span class='ocrx_word' id='word_1_511' title='bbox 384 3636 407 3673; x_wconf 76' lang='grc' dir='ltr'><strong>ι</strong></span> <span class='ocrx_word' id='word_1_512' title='bbox 440 3620 576 3676; x_wconf 85' lang='lat' dir='ltr'><strong>Ecce</strong></span> <span class='ocrx_word' id='word_1_513' title='bbox 595 3635 697 3692; x_wconf 86' lang='lat' dir='ltr'><strong>ego</strong></span> <span class='ocrx_word' id='word_1_514' title='bbox 718 3621 874 3678; x_wconf 91' lang='lat' dir='ltr'><strong>mitto</strong></span> <span class='ocrx_word' id='word_1_515' title='bbox 897 3622 1143 3677; x_wconf 88' lang='lat' dir='ltr'><strong>nuntium</strong></span> <span class='ocrx_word' id='word_1_516' title='bbox 1164 3636 1342 3678; x_wconf 86' lang='lat' dir='ltr'><strong>meum</strong></span> <span class='ocrx_word' id='word_1_517' title='bbox 1368 3633 1494 3678; x_wconf 90' lang='lat' dir='ltr'><strong>ante</strong></span> <span class='ocrx_word' id='word_1_518' title='bbox 1515 3624 1709 3681; x_wconf 80' lang='lat' dir='ltr'><strong>faciem</strong></span> <span class='ocrx_word' id='word_1_519' title='bbox 1730 3636 1898 3690; x_wconf 88' lang='lat' dir='ltr'><strong>tuam,</strong></span> <span class='ocrx_word' id='word_1_520' title='bbox 1923 3645 1946 3680; x_wconf 75' lang='grc' dir='ltr'><strong>ι</strong></span> 
     </span>
    </p>
   </div>
   <div class='ocr_carea' id='block_1_66' title="bbox 383 3713 1950 3787">
    <p class='ocr_par' dir='ltr' id='par_1_66' title="bbox 383 3713 1950 3787">
     <span class='ocr_line' id='line_1_66' title="bbox 383 3713 1950 3787; baseline 0.004 -19"><span class='ocrx_word' id='word_1_521' title='bbox 383 3732 413 3766; x_wconf 86' lang='lat' dir='ltr'><strong>a</strong></span> <span class='ocrx_word' id='word_1_522' title='bbox 442 3714 705 3770; x_wconf 78' lang='lat' dir='ltr'><strong>Malacbia</strong></span> <span class='ocrx_word' id='word_1_523' title='bbox 735 3716 801 3769; x_wconf 75' lang='grc'><strong>⁷⁸.</strong></span> <span class='ocrx_word' id='word_1_524' title='bbox 829 3713 981 3782; x_wconf 83' lang='lat' dir='ltr'><strong>Quod</strong></span> <span class='ocrx_word' id='word_1_525' title='bbox 1011 3725 1192 3772; x_wconf 88' lang='lat' dir='ltr'><strong>autem</strong></span> <span class='ocrx_word' id='word_1_526' title='bbox 1215 3717 1434 3787; x_wconf 88' lang='lat' dir='ltr'><strong>scripsit</strong></span> <span class='ocrx_word' id='word_1_527' title='bbox 1470 3715 1725 3783; x_wconf 88' lang='lat' dir='ltr'><strong>Joannes,</strong></span> <span class='ocrx_word' id='word_1_528' title='bbox 1753 3720 1950 3775; x_wconf 89' lang='lat' dir='ltr'><strong>abbre—</strong></span> 
     </span>
    </p>
   </div>
   <div class='ocr_carea' id='block_1_67' title="bbox 380 3805 1950 3886">
    <p class='ocr_par' dir='ltr' id='par_1_67' title="bbox 380 3805 1950 3886">
     <span class='ocr_line' id='line_1_67' title="bbox 380 3805 1950 3886; baseline 0.004 -28"><span class='ocrx_word' id='word_1_529' title='bbox 380 3805 541 3862; x_wconf 85' lang='lat' dir='ltr'><strong>vians</strong></span> <span class='ocrx_word' id='word_1_530' title='bbox 569 3815 773 3861; x_wconf 82' lang='lat' dir='ltr'><strong>textum</strong></span> <span class='ocrx_word' id='word_1_531' title='bbox 803 3823 834 3863; x_wconf 91' lang='lat' dir='ltr'><strong>a</strong></span> <span class='ocrx_word' id='word_1_532' title='bbox 861 3820 923 3861; x_wconf 84' lang='lat' dir='ltr'><strong>se</strong></span> <span class='ocrx_word' id='word_1_533' title='bbox 948 3806 1198 3873; x_wconf 89' lang='lat' dir='ltr'><strong>citatum,</strong></span> <span class='ocrx_word' id='word_1_534' title='bbox 1235 3807 1289 3862; x_wconf 93' lang='lat' dir='ltr'><strong>id</strong></span> <span class='ocrx_word' id='word_1_535' title='bbox 1326 3806 1541 3862; x_wconf 80' lang='lat' dir='ltr'><strong>Marcus</strong></span> <span class='ocrx_word' id='word_1_536' title='bbox 1561 3808 1728 3886; x_wconf 81' lang='lat' dir='ltr'><strong>etiam</strong></span> <span class='ocrx_word' id='word_1_537' title='bbox 1753 3810 1867 3879; x_wconf 90' lang='lat' dir='ltr'><strong>ipse</strong></span> <span class='ocrx_word' id='word_1_538' title='bbox 1894 3809 1950 3865; x_wconf 88' lang='lat' dir='ltr'><strong>in</strong></span> 
     </span>
    </p>
   </div>
   <div class='ocr_carea' id='block_1_68' title="bbox 379 3895 1951 3969">
    <p class='ocr_par' dir='ltr' id='par_1_68' title="bbox 379 3895 1951 3969">
     <span class='ocr_line' id='line_1_68' title="bbox 379 3895 1951 3969; baseline 0.004 -19"><span class='ocrx_word' id='word_1_539' title='bbox 379 3895 484 3950; x_wconf 90' lang='lat' dir='ltr'><strong>alia</strong></span> <span class='ocrx_word' id='word_1_540' title='bbox 509 3896 748 3953; x_wconf 82' lang='lat' dir='ltr'><strong>dictione</strong></span> <span class='ocrx_word' id='word_1_541' title='bbox 770 3897 1215 3967; x_wconf 61' lang='lat' dir='ltr'><strong>reprasentavit;</strong></span> <span class='ocrx_word' id='word_1_542' title='bbox 1241 3898 1701 3969; x_wconf 89' lang='lat' dir='ltr'><strong>quandoquidem,</strong></span> <span class='ocrx_word' id='word_1_543' title='bbox 1735 3900 1951 3957; x_wconf 84' lang='lat' dir='ltr'><strong>dicente</strong></span> 
     </span>
    </p>
   </div>
   <div class='ocr_carea' id='block_1_69' title="bbox 300 3988 1948 4062">
    <p class='ocr_par' dir='ltr' id='par_1_69' title="bbox 300 3988 1948 4062">
     <span class='ocr_line' id='line_1_69' title="bbox 300 3988 1948 4062; baseline 0.005 -21"><span class='ocrx_word' id='word_1_544' title='bbox 300 4044 307 4049; x_wconf 76' lang='grc'>,</span> <span class='ocrx_word' id='word_1_545' title='bbox 380 3990 640 4062; x_wconf 67' lang='lat' dir='ltr'><strong>propheta</strong></span> <span class='ocrx_word' id='word_1_546' title='bbox 672 4004 689 4042; x_wconf 87' lang='lat'><strong>:</strong></span> <span class='ocrx_word' id='word_1_547' title='bbox 725 4007 744 4042; x_wconf 78' lang='grc' dir='ltr'><strong>ι</strong></span> <span class='ocrx_word' id='word_1_548' title='bbox 782 3988 978 4044; x_wconf 87' lang='lat' dir='ltr'><strong>Parate</strong></span> <span class='ocrx_word' id='word_1_549' title='bbox 1002 3992 1141 4044; x_wconf 88' lang='lat' dir='ltr'><strong>viam</strong></span> <span class='ocrx_word' id='word_1_550' title='bbox 1192 3990 1431 4056; x_wconf 87' lang='lat' dir='ltr'><strong>Domini,</strong></span> <span class='ocrx_word' id='word_1_551' title='bbox 1455 4000 1632 4061; x_wconf 82' lang='lat' dir='ltr'><strong>rectas</strong></span> <span class='ocrx_word' id='word_1_552' title='bbox 1671 3992 1837 4050; x_wconf 77' lang='lat' dir='ltr'><strong>facile</strong></span> <span class='ocrx_word' id='word_1_553' title='bbox 1861 4009 1948 4049; x_wconf 86' lang='lat' dir='ltr'><strong>se-</strong></span> 
     </span>
    </p>
   </div>
   <div class='ocr_carea' id='block_1_70' title="bbox 384 4080 1949 4152">
    <p class='ocr_par' dir='ltr' id='par_1_70' title="bbox 384 4080 1949 4152">
     <span class='ocr_line' id='line_1_70' title="bbox 384 4080 1949 4152; baseline 0.004 -16"><span class='ocrx_word' id='word_1_554' title='bbox 384 4080 544 4138; x_wconf 85' lang='lat' dir='ltr'><strong>mitas</strong></span> <span class='ocrx_word' id='word_1_555' title='bbox 594 4082 687 4136; x_wconf 90' lang='lat' dir='ltr'><strong>Dei</strong></span> <span class='ocrx_word' id='word_1_556' title='bbox 737 4081 927 4147; x_wconf 89' lang='lat' dir='ltr'><strong>nostri,</strong></span> <span class='ocrx_word' id='word_1_557' title='bbox 960 4101 979 4134; x_wconf 74' lang='grc' dir='ltr'><strong>ι</strong></span> <span class='ocrx_word' id='word_1_558' title='bbox 1007 4082 1285 4151; x_wconf 89' lang='lat' dir='ltr'><strong>scripserit</strong></span> <span class='ocrx_word' id='word_1_559' title='bbox 1312 4084 1473 4152; x_wconf 89' lang='lat' dir='ltr'><strong>ipse:</strong></span> <span class='ocrx_word' id='word_1_560' title='bbox 1513 4102 1533 4136; x_wconf 75' lang='grc' dir='ltr'><strong>ι</strong></span> <span class='ocrx_word' id='word_1_561' title='bbox 1568 4084 1763 4140; x_wconf 88' lang='lat' dir='ltr'><strong>Parate</strong></span> <span class='ocrx_word' id='word_1_562' title='bbox 1807 4085 1949 4142; x_wconf 83' lang='lat' dir='ltr'><strong>viam</strong></span> 
     </span>
    </p>
   </div>
   <div class='ocr_carea' id='block_1_71' title="bbox 386 4170 1952 4245">
    <p class='ocr_par' dir='ltr' id='par_1_71' title="bbox 386 4170 1952 4245">
     <span class='ocr_line' id='line_1_71' title="bbox 386 4170 1952 4245; baseline 0.003 -20"><span class='ocrx_word' id='word_1_563' title='bbox 386 4170 626 4236; x_wconf 87' lang='lat' dir='ltr'><strong>Domini,</strong></span> <span class='ocrx_word' id='word_1_564' title='bbox 676 4180 852 4231; x_wconf 86' lang='lat' dir='ltr'><strong>rectas</strong></span> <span class='ocrx_word' id='word_1_565' title='bbox 897 4170 1066 4227; x_wconf 78' lang='lat' dir='ltr'><strong>facite</strong></span> <span class='ocrx_word' id='word_1_566' title='bbox 1112 4174 1335 4229; x_wconf 87' lang='lat' dir='ltr'><strong>semitas</strong></span> <span class='ocrx_word' id='word_1_567' title='bbox 1380 4175 1520 4245; x_wconf 86' lang='lat' dir='ltr'><strong>ejus.</strong></span> <span class='ocrx_word' id='word_1_568' title='bbox 1557 4193 1578 4228; x_wconf 75' lang='grc' dir='ltr'><strong>ι</strong></span> <span class='ocrx_word' id='word_1_569' title='bbox 1613 4174 1757 4237; x_wconf 90' lang='lat' dir='ltr'><strong>Idem</strong></span> <span class='ocrx_word' id='word_1_570' title='bbox 1824 4175 1952 4233; x_wconf 85' lang='lat' dir='ltr'><strong>fecit</strong></span> 
     </span>
    </p>
   </div>
   <div class='ocr_carea' id='block_1_72' title="bbox 380 4261 1948 4337">
    <p class='ocr_par' dir='ltr' id='par_1_72' title="bbox 380 4261 1948 4337">
     <span class='ocr_line' id='line_1_72' title="bbox 380 4261 1948 4337; baseline 0.004 -21"><span class='ocrx_word' id='word_1_571' title='bbox 380 4264 544 4319; x_wconf 88' lang='lat' dir='ltr'><strong>etiam</strong></span> <span class='ocrx_word' id='word_1_572' title='bbox 586 4263 639 4317; x_wconf 93' lang='lat' dir='ltr'><strong>in</strong></span> <span class='ocrx_word' id='word_1_573' title='bbox 672 4261 780 4318; x_wconf 92' lang='lat' dir='ltr'><strong>illis</strong></span> <span class='ocrx_word' id='word_1_574' title='bbox 809 4263 990 4317; x_wconf 87' lang='lat' dir='ltr'><strong>verbis</strong></span> <span class='ocrx_word' id='word_1_575' title='bbox 1025 4279 1039 4315; x_wconf 91' lang='lat'><strong>:</strong></span> <span class='ocrx_word' id='word_1_576' title='bbox 1082 4281 1101 4313; x_wconf 78' lang='grc' dir='ltr'><strong>ι</strong></span> <span class='ocrx_word' id='word_1_577' title='bbox 1147 4263 1289 4319; x_wconf 87' lang='lat' dir='ltr'><strong>Ecce</strong></span> <span class='ocrx_word' id='word_1_578' title='bbox 1341 4279 1441 4335; x_wconf 81' lang='lat' dir='ltr'><strong>ego</strong></span> <span class='ocrx_word' id='word_1_579' title='bbox 1494 4266 1651 4321; x_wconf 90' lang='lat' dir='ltr'><strong>mitto</strong></span> <span class='ocrx_word' id='word_1_580' title='bbox 1698 4266 1948 4337; x_wconf 83' lang='lat' dir='ltr'><strong>angelum</strong></span> 
     </span>
    </p>
   </div>
   <div class='ocr_carea' id='block_1_73' title="bbox 380 4354 1950 4426">
    <p class='ocr_par' dir='ltr' id='par_1_73' title="bbox 380 4354 1950 4426">
     <span class='ocr_line' id='line_1_73' title="bbox 380 4354 1950 4426; baseline 0.002 -15"><span class='ocrx_word' id='word_1_581' title='bbox 380 4370 558 4411; x_wconf 87' lang='lat' dir='ltr'><strong>meum</strong></span> <span class='ocrx_word' id='word_1_582' title='bbox 581 4364 709 4410; x_wconf 88' lang='lat' dir='ltr'><strong>ante</strong></span> <span class='ocrx_word' id='word_1_583' title='bbox 741 4354 936 4410; x_wconf 79' lang='lat' dir='ltr'><strong>faciem</strong></span> <span class='ocrx_word' id='word_1_584' title='bbox 970 4364 1139 4421; x_wconf 87' lang='lat' dir='ltr'><strong>tuam,</strong></span> <span class='ocrx_word' id='word_1_585' title='bbox 1166 4357 1257 4426; x_wconf 91' lang='lat' dir='ltr'><strong>qui</strong></span> <span class='ocrx_word' id='word_1_586' title='bbox 1286 4358 1612 4426; x_wconf 61' lang='lat' dir='ltr'><strong>praeparabit</strong></span> <span class='ocrx_word' id='word_1_587' title='bbox 1635 4359 1776 4413; x_wconf 89' lang='lat' dir='ltr'><strong>viam</strong></span> <span class='ocrx_word' id='word_1_588' title='bbox 1804 4367 1950 4414; x_wconf 86' lang='lat' dir='ltr'><strong>tuam</strong></span> 
     </span>
    </p>
   </div>
   <div class='ocr_carea' id='block_1_74' title="bbox 379 4448 1946 4520">
    <p class='ocr_par' dir='ltr' id='par_1_74' title="bbox 379 4448 1946 4520">
     <span class='ocr_line' id='line_1_74' title="bbox 379 4448 1946 4520; baseline 0.004 -19"><span class='ocrx_word' id='word_1_589' title='bbox 379 4457 507 4505; x_wconf 88' lang='lat' dir='ltr'><strong>ante</strong></span> <span class='ocrx_word' id='word_1_590' title='bbox 543 4459 614 4515; x_wconf 88' lang='lat' dir='ltr'><strong>te,</strong></span> <span class='ocrx_word' id='word_1_591' title='bbox 650 4468 671 4501; x_wconf 74' lang='grc' dir='ltr'><strong>ι</strong></span> <span class='ocrx_word' id='word_1_592' title='bbox 705 4448 927 4512; x_wconf 90' lang='lat' dir='ltr'><strong>addens,</strong></span> <span class='ocrx_word' id='word_1_593' title='bbox 956 4467 976 4499; x_wconf 74' lang='grc' dir='ltr'><strong>ι</strong></span> <span class='ocrx_word' id='word_1_594' title='bbox 1035 4457 1164 4503; x_wconf 88' lang='lat' dir='ltr'><strong>ante</strong></span> <span class='ocrx_word' id='word_1_595' title='bbox 1205 4456 1278 4513; x_wconf 88' lang='lat' dir='ltr'><strong>te,</strong></span> <span class='ocrx_word' id='word_1_596' title='bbox 1314 4466 1333 4500; x_wconf 73' lang='grc' dir='ltr'><strong>ι</strong></span> <span class='ocrx_word' id='word_1_597' title='bbox 1363 4450 1508 4519; x_wconf 91' lang='lat' dir='ltr'><strong>quod</strong></span> <span class='ocrx_word' id='word_1_598' title='bbox 1557 4452 1795 4520; x_wconf 91' lang='lat' dir='ltr'><strong>positum</strong></span> <span class='ocrx_word' id='word_1_599' title='bbox 1838 4467 1946 4508; x_wconf 91' lang='lat' dir='ltr'><strong>non</strong></span> 
     </span>
    </p>
   </div>
   <div class='ocr_carea' id='block_1_75' title="bbox 381 4540 1949 4612">
    <p class='ocr_par' dir='ltr' id='par_1_75' title="bbox 381 4540 1949 4612">
     <span class='ocr_line' id='line_1_75' title="bbox 381 4540 1949 4612; baseline 0.003 -18"><span class='ocrx_word' id='word_1_600' title='bbox 381 4540 559 4595; x_wconf 81' lang='lat' dir='ltr'><strong>fuerat</strong></span> <span class='ocrx_word' id='word_1_601' title='bbox 596 4556 626 4594; x_wconf 87' lang='lat' dir='ltr'><strong>a</strong></span> <span class='ocrx_word' id='word_1_602' title='bbox 655 4543 941 4612; x_wconf 89' lang='lat' dir='ltr'><strong>propheta.</strong></span> <span class='ocrx_word' id='word_1_603' title='bbox 967 4540 1195 4610; x_wconf 88' lang='lat' dir='ltr'><strong>Insuper</strong></span> <span class='ocrx_word' id='word_1_604' title='bbox 1227 4540 1567 4611; x_wconf 82' lang='lat' dir='ltr'><strong>diligentiam</strong></span> <span class='ocrx_word' id='word_1_605' title='bbox 1627 4544 1949 4600; x_wconf 85' lang='lat' dir='ltr'><strong>adhibentes</strong></span> 
     </span>
    </p>
   </div>
   <div class='ocr_carea' id='block_1_76' title="bbox 381 4630 1949 4702">
    <p class='ocr_par' dir='ltr' id='par_1_76' title="bbox 381 4630 1949 4702">
     <span class='ocr_line' id='line_1_76' title="bbox 381 4630 1949 4702; baseline 0.005 -19"><span class='ocrx_word' id='word_1_606' title='bbox 381 4631 435 4684; x_wconf 91' lang='lat' dir='ltr'><strong>in</strong></span> <span class='ocrx_word' id='word_1_607' title='bbox 458 4630 591 4686; x_wconf 87' lang='lat' dir='ltr'><strong>illud</strong></span> <span class='ocrx_word' id='word_1_608' title='bbox 619 4649 633 4684; x_wconf 90' lang='lat'><strong>:</strong></span> <span class='ocrx_word' id='word_1_609' title='bbox 664 4651 684 4684; x_wconf 74' lang='grc' dir='ltr'><strong>ι</strong></span> <span class='ocrx_word' id='word_1_610' title='bbox 712 4632 782 4687; x_wconf 84' lang='grc' dir='ltr'>Ει</span> <span class='ocrx_word' id='word_1_611' title='bbox 805 4636 897 4702; x_wconf 91' lang='lat' dir='ltr'><strong>qui</strong></span> <span class='ocrx_word' id='word_1_612' title='bbox 921 4634 1067 4689; x_wconf 88' lang='lat' dir='ltr'><strong>missi</strong></span> <span class='ocrx_word' id='word_1_613' title='bbox 1093 4632 1330 4699; x_wconf 83' lang='lat' dir='ltr'><strong>fuerant,</strong></span> <span class='ocrx_word' id='word_1_614' title='bbox 1363 4642 1522 4689; x_wconf 84' lang='lat' dir='ltr'><strong>erant</strong></span> <span class='ocrx_word' id='word_1_615' title='bbox 1549 4649 1616 4689; x_wconf 80' lang='lat' dir='ltr'><strong>ex</strong></span> <span class='ocrx_word' id='word_1_616' title='bbox 1638 4634 1949 4702; x_wconf 68' lang='lat' dir='ltr'><strong>Pharisaais,</strong></span> 
     </span>
    </p>
   </div>
   <div class='ocr_carea' id='block_1_77' title="bbox 2052 3254 3642 3326">
    <p class='ocr_par' dir='ltr' id='par_1_77' title="bbox 2052 3254 3642 3326">
     <span class='ocr_line' id='line_1_77' title="bbox 2052 3254 3642 3326; baseline -0.001 -17"><span class='ocrx_word' id='word_1_617' title='bbox 2052 3256 2112 3320; x_wconf 82' lang='grc' dir='ltr'>ὃς</span> <span class='ocrx_word' id='word_1_618' title='bbox 2138 3256 2535 3310; x_wconf 90' lang='grc' dir='ltr'>κατασκευάσει</span> <span class='ocrx_word' id='word_1_619' title='bbox 2573 3255 2674 3326; x_wconf 83' lang='grc' dir='ltr'><strong>τὴν</strong></span> <span class='ocrx_word' id='word_1_620' title='bbox 2716 3254 2834 3309; x_wconf 82' lang='grc' dir='ltr'>ὁδόν</span> <span class='ocrx_word' id='word_1_621' title='bbox 2868 3271 2961 3308; x_wconf 90' lang='grc' dir='ltr'><strong>σου</strong></span> <span class='ocrx_word' id='word_1_622' title='bbox 2985 3272 2999 3284; x_wconf 88' lang='grc'>·</span> <span class='ocrx_word' id='word_1_623' title='bbox 3034 3255 3189 3326; x_wconf 74' lang='grc' dir='ltr'>Φωνὴ</span> <span class='ocrx_word' id='word_1_624' title='bbox 3220 3254 3457 3325; x_wconf 82' lang='grc' dir='ltr'>βοῶντος</span> <span class='ocrx_word' id='word_1_625' title='bbox 3485 3259 3545 3308; x_wconf 81' lang='grc' dir='ltr'>ὲν</span> <span class='ocrx_word' id='word_1_626' title='bbox 3577 3257 3642 3325; x_wconf 77' lang='grc' dir='ltr'>τῇ</span> 
     </span>
    </p>
   </div>
   <div class='ocr_carea' id='block_1_78' title="bbox 2051 3344 3642 3419">
    <p class='ocr_par' dir='ltr' id='par_1_78' title="bbox 2051 3344 3642 3419">
     <span class='ocr_line' id='line_1_78' title="bbox 2051 3344 3642 3419; baseline -0.001 -20"><span class='ocrx_word' id='word_1_627' title='bbox 2051 3347 2260 3419; x_wconf 77' lang='grc' dir='ltr'><strong>ἐρήμῳ·</strong></span> <span class='ocrx_word' id='word_1_628' title='bbox 2287 3344 2641 3417; x_wconf 87' lang='grc' dir='ltr'>Ἑτοιμάσατε</span> <span class='ocrx_word' id='word_1_629' title='bbox 2670 3345 2767 3416; x_wconf 85' lang='grc' dir='ltr'><strong>τὴν</strong></span> <span class='ocrx_word' id='word_1_630' title='bbox 2792 3345 2908 3399; x_wconf 75' lang='grc' dir='ltr'>ὁδὸν</span> <span class='ocrx_word' id='word_1_631' title='bbox 2931 3345 3158 3417; x_wconf 89' lang='grc' dir='ltr'>Κυρίου,</span> <span class='ocrx_word' id='word_1_632' title='bbox 3187 3346 3402 3409; x_wconf 84' lang='grc' dir='ltr'>εὐθείας</span> <span class='ocrx_word' id='word_1_633' title='bbox 3429 3347 3642 3400; x_wconf 80' lang='grc' dir='ltr'>ποιεῖτε</span> 
     </span>
    </p>
   </div>
   <div class='ocr_carea' id='block_1_79' title="bbox 2050 3436 3641 3510">
    <p class='ocr_par' dir='ltr' id='par_1_79' title="bbox 2050 3436 3641 3510">
     <span class='ocr_line' id='line_1_79' title="bbox 2050 3436 3641 3510; baseline -0.001 -17"><span class='ocrx_word' id='word_1_634' title='bbox 2050 3439 2149 3503; x_wconf 75' lang='grc' dir='ltr'>τὰς</span> <span class='ocrx_word' id='word_1_635' title='bbox 2190 3437 2407 3508; x_wconf 89' lang='grc' dir='ltr'>τρίϐους</span> <span class='ocrx_word' id='word_1_636' title='bbox 2451 3436 2638 3492; x_wconf 81' lang='grc' dir='ltr'>αὐτοῦ.</span> <span class='ocrx_word' id='word_1_637' title='bbox 2677 3457 2694 3489; x_wconf 78' lang='grc' dir='ltr'><strong>ι</strong></span> <span class='ocrx_word' id='word_1_638' title='bbox 2735 3437 2807 3490; x_wconf 83' lang='grc' dir='ltr'>Τὸ</span> <span class='ocrx_word' id='word_1_639' title='bbox 2846 3437 2945 3508; x_wconf 85' lang='grc' dir='ltr'><strong>μὲν</strong></span> <span class='ocrx_word' id='word_1_640' title='bbox 2977 3439 3103 3510; x_wconf 90' lang='grc' dir='ltr'>γάρ·</span> <span class='ocrx_word' id='word_1_641' title='bbox 3144 3458 3163 3490; x_wconf 76' lang='grc' dir='ltr'><strong>ι</strong></span> <span class='ocrx_word' id='word_1_642' title='bbox 3199 3437 3354 3509; x_wconf 80' lang='grc' dir='ltr'>Φωνὴ</span> <span class='ocrx_word' id='word_1_643' title='bbox 3395 3437 3641 3509; x_wconf 85' lang='grc' dir='ltr'>βοῶντος</span> 
     </span>
    </p>
   </div>
   <div class='ocr_carea' id='block_1_80' title="bbox 2052 3529 3643 3601">
    <p class='ocr_par' dir='ltr' id='par_1_80' title="bbox 2052 3529 3643 3601">
     <span class='ocr_line' id='line_1_80' title="bbox 2052 3529 3643 3601; baseline 0.001 -19"><span class='ocrx_word' id='word_1_644' title='bbox 2052 3531 2110 3583; x_wconf 83' lang='grc' dir='ltr'>ὲν</span> <span class='ocrx_word' id='word_1_645' title='bbox 2137 3532 2204 3601; x_wconf 82' lang='grc' dir='ltr'><strong>τῇ</strong></span> <span class='ocrx_word' id='word_1_646' title='bbox 2232 3530 2441 3601; x_wconf 77' lang='grc' dir='ltr'>ἐρήμῳ,</span> <span class='ocrx_word' id='word_1_647' title='bbox 2479 3548 2497 3581; x_wconf 75' lang='grc' dir='ltr'><strong>ι</strong></span> <span class='ocrx_word' id='word_1_648' title='bbox 2537 3529 2674 3600; x_wconf 80' lang='grc' dir='ltr'>μετὰ</span> <span class='ocrx_word' id='word_1_649' title='bbox 2704 3529 2801 3600; x_wconf 87' lang='grc' dir='ltr'><strong>τὴν</strong></span> <span class='ocrx_word' id='word_1_650' title='bbox 2827 3529 2957 3600; x_wconf 77' lang='grc' dir='ltr'>περὶ</span> <span class='ocrx_word' id='word_1_651' title='bbox 2986 3529 3079 3583; x_wconf 78' lang='grc' dir='ltr'>τοῦ</span> <span class='ocrx_word' id='word_1_652' title='bbox 3108 3529 3354 3593; x_wconf 80' lang='grc' dir='ltr'>Ἐζεκίου</span> <span class='ocrx_word' id='word_1_653' title='bbox 3390 3529 3643 3601; x_wconf 81' lang='grc' dir='ltr'>ἱστορίαν</span> 
     </span>
    </p>
   </div>
   <div class='ocr_carea' id='block_1_81' title="bbox 2051 3620 3641 3693">
    <p class='ocr_par' dir='ltr' id='par_1_81' title="bbox 2051 3620 3641 3693">
     <span class='ocr_line' id='line_1_81' title="bbox 2051 3620 3641 3693; baseline -0.002 -16"><span class='ocrx_word' id='word_1_654' title='bbox 2051 3622 2381 3685; x_wconf 87' lang='grc' dir='ltr'>ἀναστάντος</span> <span class='ocrx_word' id='word_1_655' title='bbox 2423 3622 2489 3675; x_wconf 78' lang='grc' dir='ltr'>ἐκ</span> <span class='ocrx_word' id='word_1_656' title='bbox 2526 3620 2626 3692; x_wconf 84' lang='grc' dir='ltr'>τῆς</span> <span class='ocrx_word' id='word_1_657' title='bbox 2656 3622 2811 3674; x_wconf 89' lang='grc' dir='ltr'>νόσου</span> <span class='ocrx_word' id='word_1_658' title='bbox 2844 3620 3046 3685; x_wconf 81' lang='grc' dir='ltr'>εὐθέως</span> <span class='ocrx_word' id='word_1_659' title='bbox 3072 3621 3380 3693; x_wconf 83' lang='grc' dir='ltr'>γέγραπται</span> <span class='ocrx_word' id='word_1_660' title='bbox 3399 3638 3413 3650; x_wconf 91' lang='grc'><strong>·</strong></span> <span class='ocrx_word' id='word_1_661' title='bbox 3453 3621 3520 3674; x_wconf 82' lang='grc' dir='ltr'>τὺ</span> <span class='ocrx_word' id='word_1_662' title='bbox 3543 3620 3604 3674; x_wconf 84' lang='grc' dir='ltr'>δέ</span> <span class='ocrx_word' id='word_1_663' title='bbox 3626 3636 3641 3651; x_wconf 71' lang='grc' dir='ltr'><strong>ο</strong></span> 
     </span>
    </p>
   </div>
   <div class='ocr_carea' id='block_1_82' title="bbox 2056 3712 3625 3787">
    <p class='ocr_par' dir='ltr' id='par_1_82' title="bbox 2056 3712 3625 3787">
     <span class='ocr_line' id='line_1_82' title="bbox 2056 3712 3625 3787; baseline 0.001 -22"><span class='ocrx_word' id='word_1_664' title='bbox 2056 3732 2077 3765; x_wconf 71' lang='grc' dir='ltr'><strong>ι</strong></span> <span class='ocrx_word' id='word_1_665' title='bbox 2119 3713 2247 3768; x_wconf 83' lang='grc' dir='ltr'>Ἰδοὺ</span> <span class='ocrx_word' id='word_1_666' title='bbox 2279 3712 2392 3783; x_wconf 82' lang='grc' dir='ltr'>ἐγὼ</span> <span class='ocrx_word' id='word_1_667' title='bbox 2423 3713 2734 3768; x_wconf 85' lang='grc' dir='ltr'>ἀποστέλλω</span> <span class='ocrx_word' id='word_1_668' title='bbox 2761 3715 2853 3769; x_wconf 73' lang='grc' dir='ltr'>τὸν</span> <span class='ocrx_word' id='word_1_669' title='bbox 2885 3714 3114 3784; x_wconf 77' lang='grc' dir='ltr'>ἄγγελόν</span> <span class='ocrx_word' id='word_1_670' title='bbox 3147 3732 3248 3785; x_wconf 89' lang='grc' dir='ltr'><strong>μου</strong></span> <span class='ocrx_word' id='word_1_671' title='bbox 3281 3712 3388 3784; x_wconf 79' lang='grc' dir='ltr'><strong>πρὸ</strong></span> <span class='ocrx_word' id='word_1_672' title='bbox 3418 3712 3625 3787; x_wconf 84' lang='grc' dir='ltr'>προσώ</span> 
     </span>
    </p>
   </div>
   <div class='ocr_carea' id='block_1_83' title="bbox 2051 3806 3634 3878">
    <p class='ocr_par' dir='ltr' id='par_1_83' title="bbox 2051 3806 3634 3878">
     <span class='ocr_line' id='line_1_83' title="bbox 2051 3806 3634 3878; baseline -0.001 -18"><span class='ocrx_word' id='word_1_673' title='bbox 2051 3824 2153 3861; x_wconf 88' lang='grc' dir='ltr'><strong>που</strong></span> <span class='ocrx_word' id='word_1_674' title='bbox 2187 3824 2302 3872; x_wconf 94' lang='grc' dir='ltr'>σου,</span> <span class='ocrx_word' id='word_1_675' title='bbox 2336 3826 2355 3858; x_wconf 70' lang='grc' dir='ltr'><strong>ι</strong></span> <span class='ocrx_word' id='word_1_676' title='bbox 2393 3807 2498 3861; x_wconf 84' lang='grc' dir='ltr'><strong>ὑπὸ</strong></span> <span class='ocrx_word' id='word_1_677' title='bbox 2524 3807 2823 3877; x_wconf 82' lang='grc' dir='ltr'>Μαλαχίου.</span> <span class='ocrx_word' id='word_1_678' title='bbox 2860 3808 3036 3876; x_wconf 81' lang='grc' dir='ltr'>Ὅπερ</span> <span class='ocrx_word' id='word_1_679' title='bbox 3078 3806 3135 3860; x_wconf 85' lang='grc' dir='ltr'><strong>δὲ</strong></span> <span class='ocrx_word' id='word_1_680' title='bbox 3170 3806 3428 3878; x_wconf 79' lang='grc' dir='ltr'>ἐποίησεν</span> <span class='ocrx_word' id='word_1_681' title='bbox 3454 3808 3487 3859; x_wconf 83' lang='grc' dir='ltr'><strong>ὁ</strong></span> <span class='ocrx_word' id='word_1_682' title='bbox 3527 3809 3634 3859; x_wconf 86' lang='grc' dir='ltr'>Ἰω-</span> 
     </span>
    </p>
   </div>
   <div class='ocr_carea' id='block_1_84' title="bbox 2050 3897 3642 3972">
    <p class='ocr_par' dir='ltr' id='par_1_84' title="bbox 2050 3897 3642 3972">
     <span class='ocr_line' id='line_1_84' title="bbox 2050 3897 3642 3972; baseline -0.003 -17"><span class='ocrx_word' id='word_1_683' title='bbox 2050 3900 2216 3971; x_wconf 87' lang='grc' dir='ltr'>άννης</span> <span class='ocrx_word' id='word_1_684' title='bbox 2252 3900 2677 3972; x_wconf 83' lang='grc' dir='ltr'>ὲπιτεμνόμενος</span> <span class='ocrx_word' id='word_1_685' title='bbox 2722 3899 2750 3952; x_wconf 85' lang='grc' dir='ltr'><strong>ὃ</strong></span> <span class='ocrx_word' id='word_1_686' title='bbox 2792 3899 3061 3972; x_wconf 83' lang='grc' dir='ltr'>παρέθετο</span> <span class='ocrx_word' id='word_1_687' title='bbox 3108 3898 3300 3970; x_wconf 79' lang='grc' dir='ltr'>ῥητὸν,</span> <span class='ocrx_word' id='word_1_688' title='bbox 3342 3897 3508 3953; x_wconf 80' lang='grc' dir='ltr'>τοῦτο</span> <span class='ocrx_word' id='word_1_689' title='bbox 3554 3900 3642 3952; x_wconf 76' lang='grc' dir='ltr'><strong>ἐπ’</strong></span> 
     </span>
    </p>
   </div>
   <div class='ocr_carea' id='block_1_85' title="bbox 2049 3990 3643 4064">
    <p class='ocr_par' dir='ltr' id='par_1_85' title="bbox 2049 3990 3643 4064">
     <span class='ocr_line' id='line_1_85' title="bbox 2049 3990 3643 4064; baseline -0.003 -16"><span class='ocrx_word' id='word_1_690' title='bbox 2049 3992 2215 4062; x_wconf 76' lang='grc' dir='ltr'>ἄλλης</span> <span class='ocrx_word' id='word_1_691' title='bbox 2251 3990 2449 4059; x_wconf 80' lang='grc' dir='ltr'>λέξεως</span> <span class='ocrx_word' id='word_1_692' title='bbox 2483 3994 2512 4046; x_wconf 91' lang='grc' dir='ltr'><strong>ό</strong></span> <span class='ocrx_word' id='word_1_693' title='bbox 2547 3992 2773 4064; x_wconf 85' lang='grc' dir='ltr'>Μάρκος</span> <span class='ocrx_word' id='word_1_694' title='bbox 2819 3993 2912 4045; x_wconf 74' lang='grc' dir='ltr'><strong>καὶ</strong></span> <span class='ocrx_word' id='word_1_695' title='bbox 2939 3992 3100 4055; x_wconf 84' lang='grc' dir='ltr'>αὐτὸς</span> <span class='ocrx_word' id='word_1_696' title='bbox 3139 3990 3431 4062; x_wconf 76' lang='grc' dir='ltr'>ἐνέφηνενο</span> <span class='ocrx_word' id='word_1_697' title='bbox 3467 3992 3501 4043; x_wconf 88' lang='grc' dir='ltr'><strong>ό</strong></span> <span class='ocrx_word' id='word_1_698' title='bbox 3544 3990 3643 4061; x_wconf 79' lang='grc' dir='ltr'>μὲν</span> 
     </span>
    </p>
   </div>
   <div class='ocr_carea' id='block_1_86' title="bbox 2049 4082 3642 4156">
    <p class='ocr_par' dir='ltr' id='par_1_86' title="bbox 2049 4082 3642 4156">
     <span class='ocr_line' id='line_1_86' title="bbox 2049 4082 3642 4156; baseline -0.002 -19"><span class='ocrx_word' id='word_1_699' title='bbox 2049 4084 2161 4156; x_wconf 84' lang='grc' dir='ltr'><strong>γάρ</strong></span> <span class='ocrx_word' id='word_1_700' title='bbox 2194 4084 2475 4156; x_wconf 83' lang='grc' dir='ltr'>προφήτης</span> <span class='ocrx_word' id='word_1_701' title='bbox 2500 4084 2662 4155; x_wconf 87' lang='grc' dir='ltr'>φησίν</span> <span class='ocrx_word' id='word_1_702' title='bbox 2681 4100 2693 4113; x_wconf 93' lang='grc'><strong>·</strong></span> <span class='ocrx_word' id='word_1_703' title='bbox 2721 4104 2738 4134; x_wconf 80' lang='grc' dir='ltr'><strong>ι</strong></span> <span class='ocrx_word' id='word_1_704' title='bbox 2761 4083 3116 4154; x_wconf 87' lang='grc' dir='ltr'>Ἑτοιμάσατε</span> <span class='ocrx_word' id='word_1_705' title='bbox 3140 4083 3239 4154; x_wconf 81' lang='grc' dir='ltr'><strong>τὴν</strong></span> <span class='ocrx_word' id='word_1_706' title='bbox 3263 4083 3378 4137; x_wconf 79' lang='grc' dir='ltr'>ὁδὸν</span> <span class='ocrx_word' id='word_1_707' title='bbox 3397 4082 3642 4153; x_wconf 86' lang='grc' dir='ltr'>Κυρίου,</span> 
     </span>
    </p>
   </div>
   <div class='ocr_carea' id='block_1_87' title="bbox 2050 4177 3641 4250">
    <p class='ocr_par' dir='ltr' id='par_1_87' title="bbox 2050 4177 3641 4250">
     <span class='ocr_line' id='line_1_87' title="bbox 2050 4177 3641 4250; baseline -0.003 -17"><span class='ocrx_word' id='word_1_708' title='bbox 2050 4179 2265 4243; x_wconf 85' lang='grc' dir='ltr'>εὐθείας</span> <span class='ocrx_word' id='word_1_709' title='bbox 2308 4182 2512 4233; x_wconf 89' lang='grc' dir='ltr'>ποιεῖτε</span> <span class='ocrx_word' id='word_1_710' title='bbox 2552 4179 2651 4242; x_wconf 80' lang='grc' dir='ltr'>τὰς</span> <span class='ocrx_word' id='word_1_711' title='bbox 2690 4179 2908 4250; x_wconf 88' lang='grc' dir='ltr'>τρίϐους</span> <span class='ocrx_word' id='word_1_712' title='bbox 2945 4179 3036 4232; x_wconf 80' lang='grc' dir='ltr'><strong>τοῦ</strong></span> <span class='ocrx_word' id='word_1_713' title='bbox 3068 4178 3203 4232; x_wconf 81' lang='grc' dir='ltr'>Θεοῦ</span> <span class='ocrx_word' id='word_1_714' title='bbox 3230 4177 3420 4249; x_wconf 74' lang='grc' dir='ltr'>ἡμῶνο</span> <span class='ocrx_word' id='word_1_715' title='bbox 3468 4198 3487 4228; x_wconf 75' lang='grc' dir='ltr'><strong>ι</strong></span> <span class='ocrx_word' id='word_1_716' title='bbox 3528 4179 3560 4231; x_wconf 81' lang='grc' dir='ltr'>ὁ</span> <span class='ocrx_word' id='word_1_717' title='bbox 3588 4177 3641 4229; x_wconf 76' lang='grc' dir='ltr'><strong>δὲ</strong></span> 
     </span>
    </p>
   </div>
   <div class='ocr_carea' id='block_1_88' title="bbox 2051 4269 3642 4342">
    <p class='ocr_par' dir='ltr' id='par_1_88' title="bbox 2051 4269 3642 4342">
     <span class='ocr_line' id='line_1_88' title="bbox 2051 4269 3642 4342; baseline -0.001 -19"><span class='ocrx_word' id='word_1_718' title='bbox 2051 4270 2309 4342; x_wconf 82' lang='grc' dir='ltr'>Μάρκος’</span> <span class='ocrx_word' id='word_1_719' title='bbox 2361 4289 2381 4321; x_wconf 72' lang='grc' dir='ltr'><strong><em>ι</em></strong></span> <span class='ocrx_word' id='word_1_720' title='bbox 2415 4269 2769 4340; x_wconf 84' lang='grc' dir='ltr'>Ἑτοιμάσατε</span> <span class='ocrx_word' id='word_1_721' title='bbox 2810 4270 2908 4342; x_wconf 84' lang='grc' dir='ltr'><strong>τὴν</strong></span> <span class='ocrx_word' id='word_1_722' title='bbox 2954 4270 3071 4324; x_wconf 78' lang='grc' dir='ltr'>ὁδὸν</span> <span class='ocrx_word' id='word_1_723' title='bbox 3126 4271 3373 4342; x_wconf 89' lang='grc' dir='ltr'>Κυρίου,</span> <span class='ocrx_word' id='word_1_724' title='bbox 3418 4270 3642 4333; x_wconf 80' lang='grc' dir='ltr'>εὐθείας</span> 
     </span>
    </p>
   </div>
   <div class='ocr_carea' id='block_1_89' title="bbox 2055 4359 3644 4437">
    <p class='ocr_par' dir='ltr' id='par_1_89' title="bbox 2055 4359 3644 4437">
     <span class='ocr_line' id='line_1_89' title="bbox 2055 4359 3644 4437; baseline -0.003 -23"><span class='ocrx_word' id='word_1_725' title='bbox 2055 4363 2257 4414; x_wconf 89' lang='grc' dir='ltr'>ποιεῖτε</span> <span class='ocrx_word' id='word_1_726' title='bbox 2288 4359 2386 4423; x_wconf 75' lang='grc' dir='ltr'><strong>τὰς</strong></span> <span class='ocrx_word' id='word_1_727' title='bbox 2410 4361 2629 4437; x_wconf 88' lang='grc' dir='ltr'>τρίϐους</span> <span class='ocrx_word' id='word_1_728' title='bbox 2657 4361 2842 4415; x_wconf 81' lang='grc' dir='ltr'>αὐτοῦ.</span> <span class='ocrx_word' id='word_1_729' title='bbox 2876 4380 2895 4413; x_wconf 71' lang='grc' dir='ltr'><strong>ι</strong></span> <span class='ocrx_word' id='word_1_730' title='bbox 2933 4361 3045 4433; x_wconf 91' lang='grc' dir='ltr'>Τὴν</span> <span class='ocrx_word' id='word_1_731' title='bbox 3067 4360 3111 4413; x_wconf 89' lang='grc' dir='ltr'><strong>δ’</strong></span> <span class='ocrx_word' id='word_1_732' title='bbox 3145 4360 3337 4432; x_wconf 85' lang='grc' dir='ltr'>ὁμοίαν</span> <span class='ocrx_word' id='word_1_733' title='bbox 3364 4360 3644 4430; x_wconf 77' lang='grc' dir='ltr'>ἐπιτομὴν</span> 
     </span>
    </p>
   </div>
   <div class='ocr_carea' id='block_1_90' title="bbox 2055 4449 3641 4522">
    <p class='ocr_par' dir='ltr' id='par_1_90' title="bbox 2055 4449 3641 4522">
     <span class='ocr_line' id='line_1_90' title="bbox 2055 4449 3641 4522; baseline -0.002 -18"><span class='ocrx_word' id='word_1_734' title='bbox 2055 4451 2343 4522; x_wconf 88' lang='grc' dir='ltr'>πεποίηται</span> <span class='ocrx_word' id='word_1_735' title='bbox 2388 4453 2483 4506; x_wconf 80' lang='grc' dir='ltr'><strong>καὶ</strong></span> <span class='ocrx_word' id='word_1_736' title='bbox 2530 4452 2624 4506; x_wconf 78' lang='grc' dir='ltr'><strong>ἐπὶ</strong></span> <span class='ocrx_word' id='word_1_737' title='bbox 2652 4450 2770 4517; x_wconf 76' lang='grc' dir='ltr'>τοῦ,</span> <span class='ocrx_word' id='word_1_738' title='bbox 2810 4471 2829 4503; x_wconf 72' lang='grc' dir='ltr'><strong>ί</strong></span> <span class='ocrx_word' id='word_1_739' title='bbox 2871 4451 2999 4505; x_wconf 83' lang='grc' dir='ltr'>Ἰδοὺ</span> <span class='ocrx_word' id='word_1_740' title='bbox 3040 4449 3151 4521; x_wconf 78' lang='grc' dir='ltr'>ἐγὼ</span> <span class='ocrx_word' id='word_1_741' title='bbox 3197 4451 3516 4506; x_wconf 83' lang='grc' dir='ltr'>ἀποστέλλω</span> <span class='ocrx_word' id='word_1_742' title='bbox 3547 4449 3641 4503; x_wconf 78' lang='grc' dir='ltr'><strong>τὸν</strong></span> 
     </span>
    </p>
   </div>
   <div class='ocr_carea' id='block_1_91' title="bbox 2058 4543 3643 4616">
    <p class='ocr_par' dir='ltr' id='par_1_91' title="bbox 2058 4543 3643 4616">
     <span class='ocr_line' id='line_1_91' title="bbox 2058 4543 3643 4616; baseline 0.001 -20"><span class='ocrx_word' id='word_1_743' title='bbox 2058 4543 2285 4612; x_wconf 84' lang='grc' dir='ltr'>ἄγγελόν</span> <span class='ocrx_word' id='word_1_744' title='bbox 2315 4562 2414 4615; x_wconf 91' lang='grc' dir='ltr'><strong>μου</strong></span> <span class='ocrx_word' id='word_1_745' title='bbox 2444 4544 2549 4616; x_wconf 83' lang='grc' dir='ltr'><strong>πρὸ</strong></span> <span class='ocrx_word' id='word_1_746' title='bbox 2577 4543 2869 4616; x_wconf 87' lang='grc' dir='ltr'>προσώπου</span> <span class='ocrx_word' id='word_1_747' title='bbox 2893 4562 3008 4609; x_wconf 92' lang='grc' dir='ltr'>σου,</span> <span class='ocrx_word' id='word_1_748' title='bbox 3025 4544 3084 4609; x_wconf 87' lang='grc' dir='ltr'>ὃς</span> <span class='ocrx_word' id='word_1_749' title='bbox 3110 4545 3515 4600; x_wconf 78' lang='grc' dir='ltr'>κατασκευάσει</span> <span class='ocrx_word' id='word_1_750' title='bbox 3543 4544 3643 4615; x_wconf 77' lang='grc' dir='ltr'><strong>τὴν</strong></span> 
     </span>
    </p>
   </div>
   <div class='ocr_carea' id='block_1_92' title="bbox 2055 4634 3643 4707">
    <p class='ocr_par' dir='ltr' id='par_1_92' title="bbox 2055 4634 3643 4707">
     <span class='ocr_line' id='line_1_92' title="bbox 2055 4634 3643 4707; baseline -0.001 -18"><span class='ocrx_word' id='word_1_751' title='bbox 2055 4634 2171 4689; x_wconf 82' lang='grc' dir='ltr'>ὀδόν</span> <span class='ocrx_word' id='word_1_752' title='bbox 2202 4651 2294 4688; x_wconf 89' lang='grc' dir='ltr'><strong>σου</strong></span> <span class='ocrx_word' id='word_1_753' title='bbox 2324 4634 2630 4706; x_wconf 75' lang='grc' dir='ltr'>ἔμπροσθέν</span> <span class='ocrx_word' id='word_1_754' title='bbox 2656 4652 2749 4689; x_wconf 93' lang='grc' dir='ltr'><strong>σου</strong></span> <span class='ocrx_word' id='word_1_755' title='bbox 2770 4653 2784 4667; x_wconf 73' lang='grc' dir='ltr'><strong>ο</strong></span> <span class='ocrx_word' id='word_1_756' title='bbox 2814 4655 2833 4688; x_wconf 72' lang='grc' dir='ltr'><strong>ι</strong></span> <span class='ocrx_word' id='word_1_757' title='bbox 2860 4634 3124 4707; x_wconf 83' lang='grc' dir='ltr'>παρέθετο</span> <span class='ocrx_word' id='word_1_758' title='bbox 3145 4636 3254 4706; x_wconf 83' lang='grc' dir='ltr'>γὰρ</span> <span class='ocrx_word' id='word_1_759' title='bbox 3270 4634 3380 4704; x_wconf 73' lang='grc'><strong>(22)</strong></span> <span class='ocrx_word' id='word_1_760' title='bbox 3413 4636 3475 4688; x_wconf 71' lang='grc' dir='ltr'>τὺ</span> <span class='ocrx_word' id='word_1_761' title='bbox 3505 4652 3643 4706; x_wconf 86' lang='grc' dir='ltr'>προ-</span> 
     </span>
    </p>
   </div>
   <div class='ocr_carea' id='block_1_93' title="bbox 377 4722 1947 4801">
    <p class='ocr_par' dir='ltr' id='par_1_93' title="bbox 377 4722 1947 4797">
     <span class='ocr_line' id='line_1_93' title="bbox 377 4722 1947 4797; baseline 0.004 -21"><span class='ocrx_word' id='word_1_762' title='bbox 377 4731 436 4776; x_wconf 88' lang='lat' dir='ltr'><strong>et</strong></span> <span class='ocrx_word' id='word_1_763' title='bbox 497 4722 972 4795; x_wconf 89' lang='lat' dir='ltr'><strong>interrogaverunt</strong></span> <span class='ocrx_word' id='word_1_764' title='bbox 1035 4741 1159 4781; x_wconf 84' lang='lat' dir='ltr'><strong>eum</strong></span> <span class='ocrx_word' id='word_1_765' title='bbox 1209 4726 1277 4790; x_wconf 82' lang='grc'>⁷⁷,</span> <span class='ocrx_word' id='word_1_766' title='bbox 1330 4744 1350 4777; x_wconf 76' lang='grc' dir='ltr'><strong>ι</strong></span> <span class='ocrx_word' id='word_1_767' title='bbox 1405 4740 1507 4780; x_wconf 87' lang='lat' dir='ltr'><strong>nos</strong></span> <span class='ocrx_word' id='word_1_768' title='bbox 1555 4728 1947 4797; x_wconf 67' lang='lat' dir='ltr'><strong>praeposuimus</strong></span> 
     </span>
    </p>
   </div>
   <div class='ocr_carea' id='block_1_94' title="bbox 2125 4722 3637 4801">
    <p class='ocr_par' dir='ltr' id='par_1_94' title="bbox 2125 4727 3637 4801">
     <span class='ocr_line' id='line_1_94' title="bbox 2125 4727 3637 4801; baseline 0.002 -22"><span class='ocrx_word' id='word_1_769' title='bbox 2125 4727 2304 4798; x_wconf 72' lang='grc' dir='ltr'>ίμενον</span> <span class='ocrx_word' id='word_1_770' title='bbox 2338 4728 2400 4781; x_wconf 92' lang='grc' dir='ltr'><strong>τό</strong></span> <span class='ocrx_word' id='word_1_771' title='bbox 2423 4744 2434 4755; x_wconf 89' lang='grc'>·</span> <span class='ocrx_word' id='word_1_772' title='bbox 2482 4748 2500 4779; x_wconf 82' lang='grc' dir='ltr'><strong>ι</strong></span> <span class='ocrx_word' id='word_1_773' title='bbox 2536 4728 2842 4801; x_wconf 80' lang='grc' dir='ltr'>ἔμπροσθέν</span> <span class='ocrx_word' id='word_1_774' title='bbox 2881 4746 2994 4782; x_wconf 91' lang='grc' dir='ltr'>σου.</span> <span class='ocrx_word' id='word_1_775' title='bbox 3036 4748 3055 4781; x_wconf 71' lang='grc' dir='ltr'><strong>ι</strong></span> <span class='ocrx_word' id='word_1_776' title='bbox 3092 4729 3211 4782; x_wconf 86' lang='grc' dir='ltr'><strong>Ὅτι</strong></span> <span class='ocrx_word' id='word_1_777' title='bbox 3248 4728 3341 4781; x_wconf 77' lang='grc' dir='ltr'><strong>ἐπὶ</strong></span> <span class='ocrx_word' id='word_1_778' title='bbox 3372 4729 3434 4781; x_wconf 85' lang='grc' dir='ltr'><strong>τό</strong></span> <span class='ocrx_word' id='word_1_779' title='bbox 3478 4727 3637 4798; x_wconf 72' lang='grc'>(25)”</span> 
     </span>
    </p>
   </div>
   <div class='ocr_carea' id='block_1_95' title="bbox 375 4813 1947 4893">
    <p class='ocr_par' dir='ltr' id='par_1_95' title="bbox 375 4813 1947 4888">
     <span class='ocr_line' id='line_1_95' title="bbox 375 4813 1947 4888; baseline 0.003 -19"><span class='ocrx_word' id='word_1_780' title='bbox 375 4813 779 4872; x_wconf 68' lang='lat' dir='ltr'><strong>Pharisaeorum</strong></span> <span class='ocrx_word' id='word_1_781' title='bbox 807 4817 1291 4888; x_wconf 86' lang='lat' dir='ltr'><strong>interrogationem</strong></span> <span class='ocrx_word' id='word_1_782' title='bbox 1325 4816 1491 4888; x_wconf 91' lang='lat' dir='ltr'><strong>(quod</strong></span> <span class='ocrx_word' id='word_1_783' title='bbox 1520 4817 1807 4873; x_wconf 60' lang='lat' dir='ltr'><strong>Mattheus</strong></span> <span class='ocrx_word' id='word_1_784' title='bbox 1828 4834 1947 4873; x_wconf 82' lang='lat' dir='ltr'><strong>eam</strong></span> 
     </span>
    </p>
   </div>
   <div class='ocr_carea' id='block_1_96' title="bbox 2125 4813 3643 4893">
    <p class='ocr_par' dir='ltr' id='par_1_96' title="bbox 2125 4816 3643 4893">
     <span class='ocr_line' id='line_1_96' title="bbox 2125 4816 3643 4893; baseline 0.001 -21"><span class='ocrx_word' id='word_1_785' title='bbox 2125 4819 2524 4891; x_wconf 77' lang='grc' dir='ltr'>Απεσταλμένοι</span> <span class='ocrx_word' id='word_1_786' title='bbox 2552 4816 2692 4893; x_wconf 75' lang='grc' dir='ltr'>ἦσαν</span> <span class='ocrx_word' id='word_1_787' title='bbox 2718 4823 2782 4875; x_wconf 84' lang='grc' dir='ltr'>ὲκ</span> <span class='ocrx_word' id='word_1_788' title='bbox 2804 4821 2911 4875; x_wconf 87' lang='grc' dir='ltr'><strong>τῶν</strong></span> <span class='ocrx_word' id='word_1_789' title='bbox 2935 4822 3262 4893; x_wconf 87' lang='grc' dir='ltr'>Φαρισαίων,</span> <span class='ocrx_word' id='word_1_790' title='bbox 3297 4822 3393 4876; x_wconf 80' lang='grc' dir='ltr'><strong>καὶ</strong></span> <span class='ocrx_word' id='word_1_791' title='bbox 3422 4820 3643 4892; x_wconf 69' lang='grc' dir='ltr'>ἠρώτηε</span> 
     </span>
    </p>
   </div>
   <div class='ocr_carea' id='block_1_97' title="bbox 378 4908 1947 4996">
    <p class='ocr_par' dir='ltr' id='par_1_97' title="bbox 378 4908 1942 4981">
     <span class='ocr_line' id='line_1_97' title="bbox 378 4908 1942 4981; baseline 0.002 -18"><span class='ocrx_word' id='word_1_792' title='bbox 378 4908 631 4979; x_wconf 86' lang='lat' dir='ltr'><strong>tacuerit)</strong></span> <span class='ocrx_word' id='word_1_793' title='bbox 684 4909 772 4965; x_wconf 88' lang='lat' dir='ltr'><strong>his</strong></span> <span class='ocrx_word' id='word_1_794' title='bbox 812 4926 931 4978; x_wconf 81' lang='lat' dir='ltr'><strong>quae</strong></span> <span class='ocrx_word' id='word_1_795' title='bbox 979 4913 1180 4981; x_wconf 82' lang='lat' dir='ltr'><strong>scripta</strong></span> <span class='ocrx_word' id='word_1_796' title='bbox 1241 4923 1370 4968; x_wconf 89' lang='lat' dir='ltr'><strong>sunt</strong></span> <span class='ocrx_word' id='word_1_797' title='bbox 1418 4913 1563 4967; x_wconf 83' lang='lat' dir='ltr'><strong>facta</strong></span> <span class='ocrx_word' id='word_1_798' title='bbox 1594 4911 1762 4967; x_wconf 87' lang='lat' dir='ltr'><strong>fuisse</strong></span> <span class='ocrx_word' id='word_1_799' title='bbox 1803 4912 1942 4981; x_wconf 90' lang='lat' dir='ltr'><strong>apud</strong></span> 
     </span>
    </p>
   </div>
   <div class='ocr_carea' id='block_1_98' title="bbox 2125 4908 3643 4996">
    <p class='ocr_par' dir='ltr' id='par_1_98' title="bbox 2125 4912 3643 4996">
     <span class='ocr_line' id='line_1_98' title="bbox 2125 4912 3643 4996; baseline 0 -30"><span class='ocrx_word' id='word_1_800' title='bbox 2125 4929 2149 4996; x_wconf 70' lang='grc' dir='ltr'><strong>ν</strong></span> <span class='ocrx_word' id='word_1_801' title='bbox 2198 4913 2396 4996; x_wconf 70' lang='grc' dir='ltr'>αὐτὸν,</span> <span class='ocrx_word' id='word_1_802' title='bbox 2434 4932 2453 4965; x_wconf 78' lang='grc' dir='ltr'><strong>ι</strong></span> <span class='ocrx_word' id='word_1_803' title='bbox 2500 4912 2843 4980; x_wconf 77' lang='grc' dir='ltr'>ἐξετάζοντες</span> <span class='ocrx_word' id='word_1_804' title='bbox 2884 4917 3047 4985; x_wconf 77' lang='grc' dir='ltr'>ἡμεῖς</span> <span class='ocrx_word' id='word_1_805' title='bbox 3100 4914 3483 4987; x_wconf 80' lang='grc' dir='ltr'>προετάξαμεν</span> <span class='ocrx_word' id='word_1_806' title='bbox 3536 4914 3643 4984; x_wconf 83' lang='grc' dir='ltr'><strong>τὴν</strong></span> 
     </span>
    </p>
   </div>
   <div class='ocr_carea' id='block_1_99' title="bbox 381 4985 1947 5079">
    <p class='ocr_par' dir='ltr' id='par_1_99' title="bbox 381 5001 1941 5074">
     <span class='ocr_line' id='line_1_99' title="bbox 381 5001 1941 5074; baseline 0.001 -15"><span class='ocrx_word' id='word_1_807' title='bbox 381 5001 689 5059; x_wconf 66' lang='grc' dir='ltr'>Μειιιιωυιη</span> <span class='ocrx_word' id='word_1_808' title='bbox 718 5002 1024 5069; x_wconf 89' lang='lat' dir='ltr'><strong>dicentem;</strong></span> <span class='ocrx_word' id='word_1_809' title='bbox 1057 5007 1200 5074; x_wconf 90' lang='lat' dir='ltr'><strong>quod</strong></span> <span class='ocrx_word' id='word_1_810' title='bbox 1230 5006 1456 5061; x_wconf 91' lang='lat' dir='ltr'><strong>intuitus</strong></span> <span class='ocrx_word' id='word_1_811' title='bbox 1480 5004 1719 5063; x_wconf 87' lang='lat' dir='ltr'><strong>Joannes</strong></span> <span class='ocrx_word' id='word_1_812' title='bbox 1744 5004 1941 5060; x_wconf 90' lang='lat' dir='ltr'><strong>multos</strong></span> 
     </span>
    </p>
   </div>
   <div class='ocr_carea' id='block_1_100' title="bbox 2125 4985 3641 5079">
    <p class='ocr_par' dir='ltr' id='par_1_100' title="bbox 2125 4985 3641 5079">
     <span class='ocr_line' id='line_1_100' title="bbox 2125 4985 3641 5079; baseline 0 -23"><span class='ocrx_word' id='word_1_813' title='bbox 2125 4985 2316 5074; x_wconf 58' lang='grc' dir='ltr'>ὧτησιν</span> <span class='ocrx_word' id='word_1_814' title='bbox 2340 5003 2450 5059; x_wconf 85' lang='grc' dir='ltr'>τῶν</span> <span class='ocrx_word' id='word_1_815' title='bbox 2479 5005 2808 5078; x_wconf 86' lang='grc' dir='ltr'>Φαρισαίων,</span> <span class='ocrx_word' id='word_1_816' title='bbox 2840 5006 2915 5069; x_wconf 85' lang='grc' dir='ltr'>ὡς</span> <span class='ocrx_word' id='word_1_817' title='bbox 2941 4985 3357 5079; x_wconf 78' lang='grc' dir='ltr'>σεσιωπημένην</span> <span class='ocrx_word' id='word_1_818' title='bbox 3380 4985 3542 5078; x_wconf 75' lang='grc' dir='ltr'>παρὰ</span> <span class='ocrx_word' id='word_1_819' title='bbox 3562 5006 3641 5078; x_wconf 77' lang='grc' dir='ltr'>τῷ</span> 
     </span>
    </p>
   </div>
   <div class='ocr_carea' id='block_1_101' title="bbox 442 5127 1947 5208">
    <p class='ocr_par' dir='ltr' id='par_1_101' title="bbox 442 5127 1943 5207">
     <span class='ocr_line' id='line_1_101' title="bbox 442 5127 1943 5207; baseline 0.008 -24"><span class='ocrx_word' id='word_1_820' title='bbox 442 5127 492 5164; x_wconf 56' lang='grc' dir='ltr'><strong>ἰ</strong></span> <span class='ocrx_word' id='word_1_821' title='bbox 516 5129 672 5186; x_wconf 89' lang='lat' dir='ltr'><strong>Joan.</strong></span> <span class='ocrx_word' id='word_1_822' title='bbox 696 5148 734 5194; x_wconf 88' lang='grc' dir='ltr'><strong>ι,</strong></span> <span class='ocrx_word' id='word_1_823' title='bbox 772 5132 865 5187; x_wconf 76' lang='lat'><strong>9.5.</strong></span> <span class='ocrx_word' id='word_1_824' title='bbox 939 5133 986 5164; x_wconf 80' lang='grc'><strong>⁷⁸</strong></span> <span class='ocrx_word' id='word_1_825' title='bbox 1026 5133 1188 5189; x_wconf 81' lang='lat' dir='ltr'><strong>Marc.</strong></span> <span class='ocrx_word' id='word_1_826' title='bbox 1216 5152 1254 5200; x_wconf 82' lang='grc' dir='ltr'><strong>ι,</strong></span> <span class='ocrx_word' id='word_1_827' title='bbox 1287 5138 1420 5204; x_wconf 77' lang='grc'><strong>1-5;</strong></span> <span class='ocrx_word' id='word_1_828' title='bbox 1456 5136 1685 5195; x_wconf 84' lang='lat' dir='ltr'><strong>Malach.</strong></span> <span class='ocrx_word' id='word_1_829' title='bbox 1709 5154 1792 5206; x_wconf 91' lang='lat' dir='ltr'><strong>III,</strong></span> <span class='ocrx_word' id='word_1_830' title='bbox 1820 5141 1839 5193; x_wconf 85' lang='lat' dir='ltr'><strong>l</strong></span> <span class='ocrx_word' id='word_1_831' title='bbox 1870 5159 1885 5207; x_wconf 93' lang='lat'><strong>;</strong></span> <span class='ocrx_word' id='word_1_832' title='bbox 1923 5140 1943 5195; x_wconf 96' lang='lat' dir='ltr'><strong>I</strong></span> 
     </span>
    </p>
   </div>
   <div class='ocr_carea' id='block_1_102' title="bbox 2125 5127 3432 5208">
    <p class='ocr_par' dir='ltr' id='par_1_102' title="bbox 2125 5128 3432 5208">
     <span class='ocr_line' id='line_1_102' title="bbox 2125 5128 3432 5208; baseline 0.002 -13"><span class='ocrx_word' id='word_1_833' title='bbox 2125 5157 2173 5203; x_wconf 87' lang='lat' dir='ltr'><strong>L,</strong></span> <span class='ocrx_word' id='word_1_834' title='bbox 2198 5142 2251 5196; x_wconf 79' lang='lat'><strong>5.</strong></span> <span class='ocrx_word' id='word_1_835' title='bbox 2327 5143 2375 5173; x_wconf 80' lang='grc'><strong>⁷⁸</strong></span> <span class='ocrx_word' id='word_1_836' title='bbox 2401 5141 2627 5196; x_wconf 85' lang='lat' dir='ltr'><strong>Malach.</strong></span> <span class='ocrx_word' id='word_1_837' title='bbox 2660 5128 2745 5207; x_wconf 75' lang='grc' dir='ltr'>ιιι,</span> <span class='ocrx_word' id='word_1_838' title='bbox 2777 5145 2828 5197; x_wconf 76' lang='grc'><strong>1.</strong></span> <span class='ocrx_word' id='word_1_839' title='bbox 2904 5144 2948 5175; x_wconf 83' lang='grc'><strong>⁷⁷</strong></span> <span class='ocrx_word' id='word_1_840' title='bbox 2969 5141 3126 5198; x_wconf 85' lang='lat' dir='ltr'><strong>Joan.</strong></span> <span class='ocrx_word' id='word_1_841' title='bbox 3156 5159 3195 5208; x_wconf 85' lang='grc' dir='ltr'><strong>ι,</strong></span> <span class='ocrx_word' id='word_1_842' title='bbox 3217 5143 3310 5208; x_wconf 71' lang='grc'><strong>24,</strong></span> <span class='ocrx_word' id='word_1_843' title='bbox 3341 5143 3432 5197; x_wconf 71' lang='lat'><strong>25.</strong></span> 
     </span>
    </p>
   </div>
   <div class='ocr_carea' id='block_1_103' title="bbox 376 5266 1946 5401">
    <p class='ocr_par' dir='ltr' id='par_1_103' title="bbox 376 5266 1946 5401">
     <span class='ocr_line' id='line_1_103' title="bbox 446 5266 1939 5348; baseline 0.005 -26"><span class='ocrx_word' id='word_1_844' title='bbox 446 5269 561 5339; x_wconf 57' lang='lat'><strong>‘19)</strong></span> <span class='ocrx_word' id='word_1_845' title='bbox 606 5266 761 5320; x_wconf 77' lang='grc' dir='ltr'>Ἐπεὶ</span> <span class='ocrx_word' id='word_1_846' title='bbox 795 5266 864 5318; x_wconf 83' lang='grc' dir='ltr'><strong>δὲ</strong></span> <span class='ocrx_word' id='word_1_847' title='bbox 891 5268 1235 5337; x_wconf 76' lang='grc' dir='ltr'>ἀναγκαῖον.</span> <span class='ocrx_word' id='word_1_848' title='bbox 1280 5283 1388 5327; x_wconf 90' lang='lat' dir='ltr'><strong>etc.</strong></span> <span class='ocrx_word' id='word_1_849' title='bbox 1445 5272 1575 5328; x_wconf 84' lang='lat' dir='ltr'><strong>Vide</strong></span> <span class='ocrx_word' id='word_1_850' title='bbox 1627 5276 1939 5348; x_wconf 87' lang='lat' dir='ltr'><strong>Hieronym.</strong></span> 
     </span>
     <span class='ocr_line' id='line_1_104' title="bbox 376 5337 1946 5401; baseline 0.003 -6"><span class='ocrx_word' id='word_1_851' title='bbox 376 5343 428 5395; x_wconf 87' lang='lat' dir='ltr'><strong>in</strong></span> <span class='ocrx_word' id='word_1_852' title='bbox 465 5338 699 5394; x_wconf 79' lang='lat' dir='ltr'><strong>Maluch.</strong></span> <span class='ocrx_word' id='word_1_853' title='bbox 731 5337 947 5391; x_wconf 57' lang='lat' dir='ltr'><strong>unhon</strong></span> <span class='ocrx_word' id='word_1_854' title='bbox 985 5342 1071 5392; x_wconf 87' lang='lat' dir='ltr'><strong>ubi</strong></span> <span class='ocrx_word' id='word_1_855' title='bbox 1100 5343 1263 5396; x_wconf 60' lang='lat' dir='ltr'><strong>codex</strong></span> <span class='ocrx_word' id='word_1_856' title='bbox 1299 5343 1623 5400; x_wconf 83' lang='lat' dir='ltr'><strong>Bodleianus</strong></span> <span class='ocrx_word' id='word_1_857' title='bbox 1655 5347 1816 5401; x_wconf 84' lang='lat' dir='ltr'><strong>habet</strong></span> <span class='ocrx_word' id='word_1_858' title='bbox 1846 5365 1946 5399; x_wconf 85' lang='grc' dir='ltr'>πα-</span> 
     </span>
    </p>
   </div>
   <div class='ocr_carea' id='block_1_104' title="bbox 374 5408 1947 5486">
    <p class='ocr_par' dir='ltr' id='par_1_104' title="bbox 374 5408 1947 5486">
     <span class='ocr_line' id='line_1_105' title="bbox 374 5408 1947 5486; baseline 0.005 -23"><span class='ocrx_word' id='word_1_859' title='bbox 374 5410 682 5482; x_wconf 86' lang='grc' dir='ltr'>ρατιθέναι,</span> <span class='ocrx_word' id='word_1_860' title='bbox 738 5409 792 5462; x_wconf 92' lang='lat' dir='ltr'><strong>in</strong></span> <span class='ocrx_word' id='word_1_861' title='bbox 867 5408 1109 5466; x_wconf 87' lang='lat' dir='ltr'><strong>editione</strong></span> <span class='ocrx_word' id='word_1_862' title='bbox 1176 5412 1351 5468; x_wconf 88' lang='lat' dir='ltr'><strong>lluetii</strong></span> <span class='ocrx_word' id='word_1_863' title='bbox 1407 5414 1602 5483; x_wconf 83' lang='lat' dir='ltr'><strong>legitur</strong></span> <span class='ocrx_word' id='word_1_864' title='bbox 1664 5416 1947 5486; x_wconf 79' lang='grc' dir='ltr'>προστιθέ-</span> 
     </span>
    </p>
   </div>
   <div class='ocr_carea' id='block_1_105' title="bbox 376 5498 488 5536">
    <p class='ocr_par' dir='ltr' id='par_1_105' title="bbox 376 5498 488 5536">
     <span class='ocr_line' id='line_1_106' title="bbox 376 5498 488 5536; baseline -0.018 0"><span class='ocrx_word' id='word_1_865' title='bbox 376 5498 488 5536; x_wconf 85' lang='grc' dir='ltr'>ναι.</span> 
     </span>
    </p>
   </div>
   <div class='ocr_carea' id='block_1_106' title="bbox 445 5550 1948 5627">
    <p class='ocr_par' dir='ltr' id='par_1_106' title="bbox 445 5550 1948 5627">
     <span class='ocr_line' id='line_1_107' title="bbox 445 5550 1948 5627; baseline 0.003 -22"><span class='ocrx_word' id='word_1_866' title='bbox 445 5551 558 5627; x_wconf 62' lang='lat'><strong>(20)</strong></span> <span class='ocrx_word' id='word_1_867' title='bbox 585 5552 961 5627; x_wconf 59' lang='grc' dir='ltr'>Σξύγκρουσιν</span> <span class='ocrx_word' id='word_1_868' title='bbox 987 5550 1302 5627; x_wconf 66' lang='grc' dir='ltr'>ᾇωςοῦντα.</span> <span class='ocrx_word' id='word_1_869' title='bbox 1328 5554 1635 5627; x_wconf 67' lang='lat' dir='ltr'><strong>Legemluin</strong></span> <span class='ocrx_word' id='word_1_870' title='bbox 1676 5556 1757 5627; x_wconf 83' lang='lat' dir='ltr'><strong>vel</strong></span> <span class='ocrx_word' id='word_1_871' title='bbox 1816 5573 1948 5627; x_wconf 85' lang='grc' dir='ltr'>συγ-</span> 
     </span>
    </p>
   </div>
   <div class='ocr_carea' id='block_1_107' title="bbox 374 5621 1947 5696">
    <p class='ocr_par' dir='ltr' id='par_1_107' title="bbox 374 5621 1905 5696">
     <span class='ocr_line' id='line_1_108' title="bbox 374 5621 1905 5696; baseline 0.003 -21"><span class='ocrx_word' id='word_1_872' title='bbox 374 5621 892 5696; x_wconf 34' lang='grc' dir='ltr'>κρούειν-δοκοῦντα,</span> <span class='ocrx_word' id='word_1_873' title='bbox 925 5621 1006 5696; x_wconf 78' lang='lat' dir='ltr'><strong>vel</strong></span> <span class='ocrx_word' id='word_1_874' title='bbox 1031 5621 1357 5696; x_wconf 84' lang='grc' dir='ltr'>σύγκρουσιν</span> <span class='ocrx_word' id='word_1_875' title='bbox 1385 5621 1641 5679; x_wconf 82' lang='grc' dir='ltr'>δοκοῦντα</span> <span class='ocrx_word' id='word_1_876' title='bbox 1677 5626 1841 5696; x_wconf 78' lang='grc' dir='ltr'>ἔχειν.</span> <span class='ocrx_word' id='word_1_877' title='bbox 1894 5621 1905 5627; x_wconf 78' lang='grc'><em>’</em></span> 
     </span>
    </p>
   </div>
   <div class='ocr_carea' id='block_1_108' title="bbox 2125 5621 2826 5696">
    <p class='ocr_par' dir='ltr' id='par_1_108' title="bbox 2125 5621 2826 5683">
     <span class='ocr_line' id='line_1_109' title="bbox 2125 5621 2826 5683; baseline 0.006 -4"><span class='ocrx_word' id='word_1_878' title='bbox 2125 5644 2237 5682; x_wconf 77' lang='lat' dir='ltr'><strong>irco</strong></span> <span class='ocrx_word' id='word_1_879' title='bbox 2281 5628 2541 5683; x_wconf 85' lang='lat' dir='ltr'><strong>laudavit.</strong></span> <span class='ocrx_word' id='word_1_880' title='bbox 2566 5621 2826 5683; x_wconf 49' lang='lat' dir='ltr'><strong>Il&#39;us&#39;nus.</strong></span> 
     </span>
    </p>
   </div>
   <div class='ocr_carea' id='block_1_109' title="bbox 444 5691 1947 5770">
    <p class='ocr_par' dir='ltr' id='par_1_109' title="bbox 444 5691 1947 5770">
     <span class='ocr_line' id='line_1_110' title="bbox 444 5691 1947 5770; baseline 0.005 -27"><span class='ocrx_word' id='word_1_881' title='bbox 444 5692 779 5770; x_wconf 38' lang='lat' dir='ltr'><strong>(21)“&quot;ngcp</strong></span> <span class='ocrx_word' id='word_1_882' title='bbox 811 5691 1097 5770; x_wconf 46' lang='grc' dir='ltr'>παρέζετο</span> <span class='ocrx_word' id='word_1_883' title='bbox 1135 5691 1460 5770; x_wconf 43' lang='grc' dir='ltr'>ιδ’-Μάρκος.</span> <span class='ocrx_word' id='word_1_884' title='bbox 1516 5696 1592 5749; x_wconf 87' lang='lat' dir='ltr'><strong>Ita</strong></span> <span class='ocrx_word' id='word_1_885' title='bbox 1637 5691 1790 5749; x_wconf 73' lang='lat' dir='ltr'><strong>codd.</strong></span> <span class='ocrx_word' id='word_1_886' title='bbox 1847 5698 1947 5770; x_wconf 69' lang='grc' dir='ltr'><strong>[ἰε-</strong></span> 
     </span>
    </p>
   </div>
   <div class='ocr_carea' id='block_1_110' title="bbox 2125 5691 3642 5770">
    <p class='ocr_par' dir='ltr' id='par_1_110' title="bbox 2125 5697 3642 5770">
     <span class='ocr_line' id='line_1_111' title="bbox 2125 5697 3642 5770; baseline 0.004 -20"><span class='ocrx_word' id='word_1_887' title='bbox 2125 5698 2237 5767; x_wconf 74' lang='lat'><strong>(9.2)</strong></span> <span class='ocrx_word' id='word_1_888' title='bbox 2269 5697 2437 5753; x_wconf 86' lang='lat' dir='ltr'><strong>Codd.</strong></span> <span class='ocrx_word' id='word_1_889' title='bbox 2459 5698 2786 5754; x_wconf 85' lang='lat' dir='ltr'><strong>Bodleianus</strong></span> <span class='ocrx_word' id='word_1_890' title='bbox 2815 5707 2871 5753; x_wconf 91' lang='lat' dir='ltr'><strong>ct</strong></span> <span class='ocrx_word' id='word_1_891' title='bbox 2897 5698 3247 5765; x_wconf 84' lang='lat' dir='ltr'><strong>Barbcrinus,</strong></span> <span class='ocrx_word' id='word_1_892' title='bbox 3268 5700 3330 5753; x_wconf 83' lang='grc' dir='ltr'><strong>οὐ</strong></span> <span class='ocrx_word' id='word_1_893' title='bbox 3357 5698 3642 5770; x_wconf 79' lang='grc' dir='ltr'>παρέθετο</span> 
     </span>
    </p>
   </div>
   <div class='ocr_carea' id='block_1_111' title="bbox 374 5761 2127 5836">
    <p class='ocr_par' dir='ltr' id='par_1_111' title="bbox 374 5761 2127 5836">
     <span class='ocr_line' id='line_1_112' title="bbox 374 5761 2127 5836; baseline 0.005 -24"><span class='ocrx_word' id='word_1_894' title='bbox 374 5763 515 5836; x_wconf 77' lang='lat' dir='ltr'><strong>gius,</strong></span> <span class='ocrx_word' id='word_1_895' title='bbox 552 5761 878 5836; x_wconf 84' lang='lat' dir='ltr'><strong>Bodlei_anus</strong></span> <span class='ocrx_word' id='word_1_896' title='bbox 903 5773 956 5836; x_wconf 88' lang='lat' dir='ltr'><strong>et</strong></span> <span class='ocrx_word' id='word_1_897' title='bbox 978 5761 1329 5827; x_wconf 80' lang='lat' dir='ltr'><strong>Barberinus,</strong></span> <span class='ocrx_word' id='word_1_898' title='bbox 1358 5780 1506 5836; x_wconf 16' lang='lat' dir='ltr'><strong>quos,</strong></span> <span class='ocrx_word' id='word_1_899' title='bbox 1527 5775 1828 5821; x_wconf 83' lang='lat' dir='ltr'><strong>assectatur</strong></span> <span class='ocrx_word' id='word_1_900' title='bbox 1859 5767 1953 5823; x_wconf 75' lang='lat' dir='ltr'><strong>I‘c-</strong></span> <span class='ocrx_word' id='word_1_901' title='bbox 2055 5769 2127 5836; x_wconf 86' lang='grc' dir='ltr'><strong>γά</strong></span> 
     </span>
    </p>
   </div>
   <div class='ocr_carea' id='block_1_112' title="bbox 374 5831 1946 5903">
    <p class='ocr_par' dir='ltr' id='par_1_112' title="bbox 374 5831 1946 5903">
     <span class='ocr_line' id='line_1_113' title="bbox 374 5831 1946 5903; baseline 0.006 -17"><span class='ocrx_word' id='word_1_902' title='bbox 374 5831 586 5888; x_wconf 88' lang='lat' dir='ltr'><strong>rionius</strong></span> <span class='ocrx_word' id='word_1_903' title='bbox 607 5848 621 5898; x_wconf 81' lang='lat'><strong>;</strong></span> <span class='ocrx_word' id='word_1_904' title='bbox 652 5841 706 5888; x_wconf 88' lang='lat' dir='ltr'><strong>at</strong></span> <span class='ocrx_word' id='word_1_905' title='bbox 729 5831 1034 5903; x_wconf 82' lang='lat' dir='ltr'><strong>Ferrarius,</strong></span> <span class='ocrx_word' id='word_1_906' title='bbox 1081 5836 1218 5903; x_wconf 82' lang='lat' dir='ltr'><strong>quod</strong></span> <span class='ocrx_word' id='word_1_907' title='bbox 1263 5831 1440 5893; x_wconf 60' lang='lat' dir='ltr'><strong>citabit</strong></span> <span class='ocrx_word' id='word_1_908' title='bbox 1476 5835 1743 5903; x_wconf 76' lang='lat' dir='ltr'><strong>Joannes,</strong></span> <span class='ocrx_word' id='word_1_909' title='bbox 1778 5847 1946 5901; x_wconf 80' lang='lat' dir='ltr'><strong>recte.</strong></span> 
     </span>
    </p>
   </div>
   <div class='ocr_carea' id='block_1_113' title="bbox 2054 5276 3639 5344">
    <p class='ocr_par' dir='ltr' id='par_1_113' title="bbox 2054 5276 3639 5344">
     <span class='ocr_line' id='line_1_114' title="bbox 2054 5276 3639 5344; baseline 0.003 -13"><span class='ocrx_word' id='word_1_910' title='bbox 2054 5294 2177 5331; x_wconf 84' lang='lat' dir='ltr'><strong>nam</strong></span> <span class='ocrx_word' id='word_1_911' title='bbox 2218 5276 2451 5333; x_wconf 79' lang='lat' dir='ltr'><strong>Joannes</strong></span> <span class='ocrx_word' id='word_1_912' title='bbox 2477 5279 2639 5334; x_wconf 84' lang='lat' dir='ltr'><strong>habet</strong></span> <span class='ocrx_word' id='word_1_913' title='bbox 2663 5295 2704 5341; x_wconf 87' lang='grc' dir='ltr'><strong>ι,</strong></span> <span class='ocrx_word' id='word_1_914' title='bbox 2730 5279 2823 5344; x_wconf 77' lang='lat'><strong>‘23,</strong></span> <span class='ocrx_word' id='word_1_915' title='bbox 2860 5279 3152 5344; x_wconf 78' lang='grc' dir='ltr'>Εὐθύνατε,</span> <span class='ocrx_word' id='word_1_916' title='bbox 3181 5278 3398 5336; x_wconf 82' lang='lat' dir='ltr'><strong>Marcus</strong></span> <span class='ocrx_word' id='word_1_917' title='bbox 3440 5293 3639 5336; x_wconf 86' lang='lat' dir='ltr'><strong>autem</strong></span> 
     </span>
    </p>
   </div>
   <div class='ocr_carea' id='block_1_114' title="bbox 2055 5348 3643 5421">
    <p class='ocr_par' dir='ltr' id='par_1_114' title="bbox 2055 5348 3643 5421">
     <span class='ocr_line' id='line_1_115' title="bbox 2055 5348 3643 5421; baseline 0.002 -19"><span class='ocrx_word' id='word_1_918' title='bbox 2055 5365 2095 5413; x_wconf 89' lang='grc' dir='ltr'><strong>ι,</strong></span> <span class='ocrx_word' id='word_1_919' title='bbox 2125 5348 2179 5414; x_wconf 81' lang='grc'>5,</span> <span class='ocrx_word' id='word_1_920' title='bbox 2208 5349 2585 5421; x_wconf 84' lang='grc' dir='ltr'>Ἑτοιμάσατε,</span> <span class='ocrx_word' id='word_1_921' title='bbox 2609 5360 2675 5421; x_wconf 73' lang='lat' dir='ltr'><strong>ut</strong></span> <span class='ocrx_word' id='word_1_922' title='bbox 2700 5365 2761 5421; x_wconf 81' lang='lat' dir='ltr'><strong>ca</strong></span> <span class='ocrx_word' id='word_1_923' title='bbox 2794 5364 2914 5417; x_wconf 74' lang='lat' dir='ltr'><strong>quae</strong></span> <span class='ocrx_word' id='word_1_924' title='bbox 2944 5361 3248 5421; x_wconf 61' lang='lat' dir='ltr'><strong>sequuntur</strong></span> <span class='ocrx_word' id='word_1_925' title='bbox 3275 5354 3416 5420; x_wconf 85' lang='lat' dir='ltr'><strong>apud</strong></span> <span class='ocrx_word' id='word_1_926' title='bbox 3435 5351 3643 5421; x_wconf 81' lang='lat' dir='ltr'><strong>Orige-</strong></span> 
     </span>
    </p>
   </div>
   <div class='ocr_carea' id='block_1_115' title="bbox 2055 5417 3640 5483">
    <p class='ocr_par' dir='ltr' id='par_1_115' title="bbox 2055 5417 3640 5483">
     <span class='ocr_line' id='line_1_116' title="bbox 2055 5417 3640 5483; baseline 0.004 -12"><span class='ocrx_word' id='word_1_927' title='bbox 2055 5434 2202 5483; x_wconf 88' lang='lat' dir='ltr'><strong>ncm,</strong></span> <span class='ocrx_word' id='word_1_928' title='bbox 2227 5420 2277 5470; x_wconf 88' lang='lat' dir='ltr'><strong>id</strong></span> <span class='ocrx_word' id='word_1_929' title='bbox 2307 5417 2583 5473; x_wconf 83' lang='lat' dir='ltr'><strong>evincunt.</strong></span> <span class='ocrx_word' id='word_1_930' title='bbox 2619 5417 2843 5472; x_wconf 86' lang='lat' dir='ltr'><strong>Videtur</strong></span> <span class='ocrx_word' id='word_1_931' title='bbox 2886 5417 3063 5473; x_wconf 65' lang='lat' dir='ltr'><strong>tamen</strong></span> <span class='ocrx_word' id='word_1_932' title='bbox 3108 5417 3392 5473; x_wconf 82' lang='lat' dir='ltr'><strong>Ferrarius</strong></span> <span class='ocrx_word' id='word_1_933' title='bbox 3433 5417 3640 5477; x_wconf 79' lang='lat' dir='ltr'><strong>emén-</strong></span> 
     </span>
    </p>
   </div>
   <div class='ocr_carea' id='block_1_116' title="bbox 2052 5487 3637 5557">
    <p class='ocr_par' dir='ltr' id='par_1_116' title="bbox 2052 5487 3637 5557">
     <span class='ocr_line' id='line_1_117' title="bbox 2052 5487 3637 5557; baseline 0.003 -16"><span class='ocrx_word' id='word_1_934' title='bbox 2052 5489 2210 5543; x_wconf 73' lang='lat' dir='ltr'><strong>desse</strong></span> <span class='ocrx_word' id='word_1_935' title='bbox 2235 5487 2548 5555; x_wconf 81' lang='lat' dir='ltr'><strong>Origenem,</strong></span> <span class='ocrx_word' id='word_1_936' title='bbox 2577 5504 2737 5557; x_wconf 83' lang='lat' dir='ltr'><strong>quem</strong></span> <span class='ocrx_word' id='word_1_937' title='bbox 2769 5489 3006 5542; x_wconf 75' lang='lat' dir='ltr'><strong>Marcum</strong></span> <span class='ocrx_word' id='word_1_938' title='bbox 3035 5506 3132 5557; x_wconf 80' lang='lat' dir='ltr'><strong>pm</strong></span> <span class='ocrx_word' id='word_1_939' title='bbox 3159 5490 3371 5544; x_wconf 84' lang='lat' dir='ltr'><strong>Joanne</strong></span> <span class='ocrx_word' id='word_1_940' title='bbox 3402 5491 3637 5545; x_wconf 76' lang='lat' dir='ltr'><strong>laudas-</strong></span> 
     </span>
    </p>
   </div>
   <div class='ocr_carea' id='block_1_117' title="bbox 2052 5559 3640 5632">
    <p class='ocr_par' dir='ltr' id='par_1_117' title="bbox 2052 5559 3640 5632">
     <span class='ocr_line' id='line_1_118' title="bbox 2052 5559 3640 5632; baseline 0.003 -19"><span class='ocrx_word' id='word_1_941' title='bbox 2052 5574 2111 5632; x_wconf 66' lang='lat' dir='ltr'><strong>se</strong></span> <span class='ocrx_word' id='word_1_942' title='bbox 2144 5561 2530 5632; x_wconf 75' lang='lat' dir='ltr'><strong>crediderim_:</strong></span> <span class='ocrx_word' id='word_1_943' title='bbox 2568 5559 3034 5632; x_wconf 58' lang='lat' dir='ltr'><strong>quemadmodum</strong></span> <span class='ocrx_word' id='word_1_944' title='bbox 3096 5561 3236 5614; x_wconf 81' lang='lat' dir='ltr'><strong>inira</strong></span> <span class='ocrx_word' id='word_1_945' title='bbox 3283 5559 3488 5616; x_wconf 86' lang='lat' dir='ltr'><strong>Lucam</strong></span> <span class='ocrx_word' id='word_1_946' title='bbox 3531 5578 3640 5632; x_wconf 77' lang='lat' dir='ltr'><strong>pro</strong></span> 
     </span>
    </p>
   </div>
   <div class='ocr_carea' id='block_1_118' title="bbox 2125 5780 3595 5908">
    <p class='ocr_par' dir='ltr' id='par_1_118' title="bbox 2125 5780 3595 5908">
     <span class='ocr_line' id='line_1_119' title="bbox 2125 5780 3595 5908; baseline 0.003 -14"><span class='ocrx_word' id='word_1_947' title='bbox 2125 5780 2393 5904; x_wconf 50' lang='lat' dir='ltr'><strong>tpéﬁflsbn</strong></span> <span class='ocrx_word' id='word_1_948' title='bbox 2416 5840 2512 5895; x_wconf 76' lang='grc' dir='ltr'><strong>ἐπὶ</strong></span> <span class='ocrx_word' id='word_1_949' title='bbox 2544 5840 2630 5906; x_wconf 85' lang='grc' dir='ltr'><strong>τό,</strong></span> <span class='ocrx_word' id='word_1_950' title='bbox 2658 5849 2766 5898; x_wconf 91' lang='lat' dir='ltr'><strong>etc.</strong></span> <span class='ocrx_word' id='word_1_951' title='bbox 2792 5840 3100 5908; x_wconf 83' lang='lat' dir='ltr'><strong>chendum</strong></span> <span class='ocrx_word' id='word_1_952' title='bbox 3135 5841 3215 5893; x_wconf 73' lang='grc' dir='ltr'>ἔτι</span> <span class='ocrx_word' id='word_1_953' title='bbox 3240 5841 3333 5894; x_wconf 71' lang='grc' dir='ltr'><strong>ἐπὶ</strong></span> <span class='ocrx_word' id='word_1_954' title='bbox 3353 5840 3431 5908; x_wconf 85' lang='grc' dir='ltr'><strong>τό,</strong></span> <span class='ocrx_word' id='word_1_955' title='bbox 3462 5850 3595 5898; x_wconf 86' lang='lat' dir='ltr'><strong>etc.</strong></span> 
     </span>
    </p>
   </div>
  </div>
