3766 6142
117 404 201 457 245

1157 401 1510 460 COMMENT.
1549 402 1619 460 IN
1649 400 1840 462 JOAN.
1891 403 2120 463 I‘OMUS
2150 403 2240 463 Vl.

3231 398 3340 454 360

115 512 350 585 Ματθαίῳ
368 554 383 580 ,
412 514 511 568 τοῦ
553 514 1040 587 ἀναγεγραμμένον
1080 517 1357 587 γεγονέναι
1403 520 1553 589 παρά
1590 518 1668 591 τῷ

1782 519 2167 579 Pharisaeorum
2206 532 2259 578 et
2311 520 2730 579 Sadducaeorum
2787 519 3064 577 venientes
3122 518 3187 573 ad
3239 520 3338 575 ba-

114 603 349 674 Ματθαίῳ
371 619 387 633 ·
431 604 519 657 ὃτι
563 605 687 658 ἰδὼν
720 607 748 659 ὁ
792 605 1041 677 Ἰωάννης
1075 606 1303 671 πολλοὺς
1345 609 1452 663 τῶν
1503 610 1666 680 Φαρι-

114 694 258 749 σαίων
282 695 374 749 καὶ
396 696 779 751 Σαδδουκαίων
802 697 1129 769 ἐρχομένους
1154 698 1246 751 ἐπὶ
1275 699 1335 752 τὸ
1364 698 1663 770 βάπτισμα,

116 781 246 839 εἶπεν
266 787 472 851 αὐτοῖς·
510 809 528 838 ι
569 788 890 860 Γεννήματα
922 787 1170 860 ἐχιδνῶν,
1207 808 1225 841 ι
1262 790 1357 844 καὶ
1392 790 1462 845 τὰ
1504 791 1629 862 sea;
1650 808 1663 820 '

114 878 375 934 ἀκόλουθον
396 880 510 953 γάρ
544 883 665 935 ἐστι
695 881 914 953 πρῶτον
946 881 1242 948 πυθέσθαι,
1274 878 1373 937 εἴτ’
1416 883 1667 956 ἐληλυθέ-

116 983 205 1020 ναι.
241 967 346 1021 Καὶ
381 967 547 1023 τοῦτο
589 970 1004 1043 παρατηρητέον
1022 1010 1038 1034 ,
1071 971 1153 1026 ὅτι
1188 975 1217 1025 ὁ
1256 972 1356 1044 μὲν
1395 973 1670 1037 Ματθαῖος

113 1056 559 1129 ἐπιπορευομένους
586 1060 725 1133 πρὸς
758 1061 849 1115 τὸν
889 1061 1163 1133 Ἰωάννην,
1196 1062 1267 1117 τὰ
1301 1063 1666 1135 Ἰεροσόλυμα,

114 1150 194 1202 καὶ
214 1149 386 1203 πᾶσαν
426 1150 532 1223 τὴν
578 1152 867 1218 Ἰουδαίαν,
894 1153 990 1207 καὶ
1024 1155 1204 1207 πᾶσαν
1245 1154 1671 1226 τὴνσπερίχωρον

112 1241 194 1297 τοῦ
227 1242 520 1314 Ἰορδάνου,
571 1244 668 1300 ἐπὶ
700 1245 779 1317 τῷ
827 1246 1197 1316 βαπτίσασθαι
1228 1250 1286 1302 ἐν
1318 1247 1396 1320 τῷ
1433 1248 1669 1321 Ἰορδάνῃ

114 1334 337 1405 ποταμῷ,
351 1334 886 1409 ἐξομολογουμένους
908 1338 1117 1393 ἑαυτῶν
1138 1340 1236 1403 τὰς
1263 1339 1556 1413 ἁμαρτίας,
1584 1341 1674 1393 οὐ-

114 1424 221 1479 δένα
232 1425 379 1497 λόγον
393 1427 799 1500 ἐπιπληκτικὼ
814 1430 907 1483 καὶ¹
926 1429 1237 1500 ἐλεγκτικόν
1256 1447 1419 1503 φησιν
1440 1430 1674 1503 ἀκηκοέ-

113 1532 188 1569 ναι
216 1517 318 1571 ἀπὸ
347 1517 444 1572 τοῦ
484 1518 801 1573 Βαπτιστοῦ
821 1558 837 1583 ,
875 1520 1070 1591 μόνους
1093 1520 1150 1575 δέ
1179 1520 1305 1584 τοὺς
1329 1521 1673 1594 ἑωραμένους

113 1606 313 1673 πολλοὺς
339 1608 451 1663 τῶν
477 1610 795 1682 Φαρισαίων
829 1612 926 1666 καὶ
956 1612 1325 1666 Σαδδουκαίων
1352 1612 1675 1683 ἐληλυθότας

111 1701 379 1770 ἀκηκοέναι
408 1703 472 1756 τό
491 1704 869 1776 ἀΓεννήματα
898 1704 1142 1775 ἐχιδνῶν,
1160 1703 1529 1776 imbuisti-714'
1562 1708 1592 1760 ὁ
1618 1706 1674 1762 δὲ

112 1793 311 1862 Μάρκος
346 1792 504 1846 οὐδέν
542 1810 712 1865 φησιν
744 1795 1138 1866 ἐπιπληκτικδν
1162 1795 1415 1868 εἰρῆσθαι
1445 1796 1551 1849 ὐπὸ
1581 1795 1674 1850 τοῦ

123 1884 344 1938 Ἰωάννου
365 1889 481 1950 τοῖς
502 1886 844 1958 ἐληλυθόσιν,
858 1883 976 1942 οὖσι
999 1887 1223 1960 πάσῃτῇ
1240 1886 1468 1961 Ἰουδαίᾳ
1482 1889 1575 1944 καὶ
1590 1890 1677 1942 Ἰε-
1706 1871 1748 1925 Β

114 1976 469 2049 ροσολυμίταις
491 1981 654 2044 πᾶσι,
680 1981 775 2035 καὶ
791 1978 1206 2052 βαπτιζομένοις
1222 1980 1312 2034 ὐπ’
1335 1981 1498 2035 αὐτοῦ
1519 1983 1577 2035 ἐν
1599 1982 1675 2053 τῷ

123 2069 359 2142 Ἰορδάνῃ,
413 2072 513 2127 καὶ
570 2072 1082 2145 ἐξομολογουμένοις
1116 2073 1215 2137 τὰς
1262 2073 1533 2145 ἁμαρτίας
1574 2074 1675 2127 αὐ-

111 2158 222 2228 τῶν,
244 2161 563 2227 ἀκολούθως
588 2163 667 2235 τῷ
684 2163 819 2235 μηδὲ
843 2164 1184 2235 ὠνομακέναι
1211 2166 1335 2230 τούς
1354 2166 1675 2231 Φαρισαίους

111 2252 191 2304 καὶ
211 2253 631 2319 Σαδδουκαίους.
666 2256 786 2308 Ἔτι
819 2256 876 2310 δέ
903 2256 1000 2311 καὶ
1022 2257 1182 2311 τοῦτο
1208 2258 1508 2327 ἀναγκαῖον
1531 2260 1677 2329 ἡμᾶς

113 2344 453 2414 παραθέσθαι,
486 2347 576 2400 ὅτι
610 2346 908 2419 ἀμφότεροι
951 2348 1074 2418 μὲν,
1109 2348 1138 2401 ὅ
1176 2365 1237 2401 τε
1270 2348 1548 2415 Ματθαῖος
1584 2349 1678 2404 καὶ

115 2433 409 2506 ὀκάρκος,
439 2436 976 2508 ἐξομολογουμένους
1022 2438 1124 2503 τὰς
1175 2439 1454 2511 ἁμαρτίας
1501 2441 1679 2495 αὐτῶν

115 2539 225 2590 φασι
271 2523 661 2594 βαπτίζεσθαι,
707 2528 889 2580 πᾶσαν
950 2525 1314 2598 Ἰεροσόλυμα,
1362 2528 1457 2580 καὶ
1502 2529 1678 2581 πᾶσαν

114 2614 196 2686 τὴν
234 2616 500 2671 Ἰουδαίαν
531 2616 630 2671 καὶ
664 2618 844 2671 πᾶσαν
877 2615 975 2689 τὴν
1007 2617 1312 2691 περίχωρον
1337 2617 1436 2672 τοῦ
1484 2618 1678 2691 Ἰορδά-

114 2705 253 2777 νου,ῆ
284 2709 470 2762 πᾶσαν
491 2709 599 2780 τὴν
632 2708 893 2764 Ἰουδαίαν
925 2707 1132 2781 χώραν,
1164 2709 1259 2763 καὶ
1286 2710 1415 2775 τοὺς
1452 2710 1679 2782 Ἱεροσο-

114 2794 319 2866 λυμίτας
359 2798 611 2863 πάντας·
645 2800 673 2851 ὁ
702 2798 759 2852 δὲ
802 2798 1079 2863 Ματθαῖος
1123 2799 1336 2868 εἰσάγει
1380 2798 1479 2871 μὲν
1521 2801 1677 2872 ἐρχο-

116 2886 287 2957 μένους
329 2888 424 2940 ἐπὶ
463 2888 531 2942 τὸ
576 2886 860 2959 βάπτισμα
894 2888 1021 2953 τούς
1064 2889 1390 2961 Φαρισαίους
1424 2888 1519 2942 καὶ
1551 2889 1681 2943 Σαδ-

112 2978 391 3046 δουκαίους,
435 2980 499 3034 οὐ
547 2980 655 3051 μὴν
695 2979 1222 3052 ἐξομολογουμένους
1253 2979 1352 3044 τὰς
1403 2980 1679 3052 ἁμαρτίας

114 3071 271 3126 αὐτῶν
291 3089 305 3104 ο
338 3073 539 3146 διόπερ
573 3073 723 3137 εἰκὸς
748 3074 842 3127 καὶ
880 3073 1040 3128 τοῦτο
1076 3072 1296 3144 εὔλογον
1330 3070 1467 3127 εἶναι
1511 3073 1681 3127 αἴτιον

112 3163 194 3218 τοῦ
230 3165 534 3237 ἀκηκοέναι
575 3165 795 3230 αὐτοὺς,
830 3184 851 3217 ι
897 3166 1219 3238 Γεννήματα
1253 3166 1496 3237 ἐχιδνῶν.
1531 3184 1550 3216 ι
1587 3165 1679 3237 Μὴ

114 3254 369 3332 ὐπολάὸῃς
405 3258 452 3312 δ’
477 3258 636 3330 ἡμᾶς
667 3258 762 3312 καὶ
788 3257 1054 3330 ἀκαίρως
1075 3258 1143 3312 τά
1184 3259 1291 3314 ἀπὸ
1330 3259 1439 3313 τῶν
1477 3259 1680 3331 ἐτέρων

115 3347 439 3418 Εὐαγγελίων
472 3348 907 3421 παρατεθεῖσθαι
936 3349 1003 3404 τὰ
1029 3350 1094 3403 ἐκ
1125 3349 1234 3405 τῶν
1258 3351 1682 3422 ἀπεσταλμένων

114 3434 169 3486 ὲκ
204 3436 306 3489 τῶν
347 3437 669 3509 Φαρισαίων
710 3438 803 3492 καί
845 3438 1239 3511 ἐρωτησάντων
1281 3440 1369 3493 τὸν
1430 3441 1682 3511 Ἰωάννην

115 3525 464 3595 ἐξετάζοντας.
516 3531 584 3583 Εἰ
625 3530 735 3602 γὰρ
778 3531 957 3595 καλῶς
992 3531 1385 3605 ὲφηρμόσαμεν
1435 3532 1533 3604 τὴν
1578 3532 1683 3585 τῶν

114 3619 398 3690 ⁴ιοαριοετιιίων
418 3622 643 3685 πεῦσιν,
663 3623 1163 3696 ἀναγεγραμμένην
1183 3623 1335 3694 παρὰ
1363 3623 1443 3695 τῷ
1468 3623 1682 3696 μαθητῇ

124 3703 345 3785 Ἰωάννῃ,
396 3712 479 3784 τῷ
537 3710 829 3784 βαπτισμῷ
878 3712 1057 3767 αὐτῶν
1101 3713 1252 3784 παρά
1299 3713 1378 3784 τῷ
1423 3714 1686 3786 Ματθαίῳ

115 3802 351 3872 κειμένῳ,
401 3804 707 3859 ἀκόλουθον
742 3800 811 3876 ἦν
855 3804 1111 3869 ἐξετάσαι
1150 3807 1217 3859 τὰ
1258 3807 1399 3859 κατὰ
1439 3808 1565 3870 τοὺς
1601 3808 1686 3861 τό·

115 3910 254 3959 τους,
285 3897 380 3950 καὶ
411 3896 766 3968 παραθέσθαι
797 3895 864 3949 τὰ
891 3897 1184 3967 εὑρεθέντα
1210 3897 1680 3968 παρατηρήματα.

123 3984 337 4055 Ὁμοίως
382 3987 443 4041 δὲ
490 3986 578 4057 τῷ
618 3987 832 4059 Μάρκῳ
877 3988 973 4041 καὶ
1020 3989 1049 4040 ὁ
1087 3988 1298 4049 Λουκᾶς
1330 3986 1421 4039 τοῦ
1465 4006 1483 4038 ι
1531 3988 1686 4057 Φωνὴ

115 4075 398 4146 βοῶντοςέν
420 4082 495 4152 τῇ
519 4081 730 4151 ἐρήμῳ,
759 4098 777 4130 ι
807 4081 1078 4151 μέμνηται
1109 4080 1216 4134 ἀπὸ
1241 4080 1369 4134 ἰδίου
1391 4077 1684 4152 προσώπου

113 4166 288 4233 οὕτως’
318 4189 338 4224 ι
397 4170 643 4240 Εγένετο
675 4170 827 4242 ρῆμα
852 4170 987 4223 Θεοῦ
1032 4171 1126 4224 ἐπὶ
1172 4170 1428 4241 Ἰωάννην
1466 4170 1557 4222 τὸν
1586 4171 1688 4223 Ζα-

114 4260 290 4333 χαρίου
319 4263 436 4317 υίδν
465 4265 531 4316 ἐν
561 4264 627 4333 τῇ
658 4263 868 4334 ἐρήμῳ.
908 4263 1020 4316 Καὶ
1048 4258 1213 4334 ἦλθεν
1251 4264 1332 4326 είς
1361 4263 1539 4316 πᾶσαν
1586 4279 1684 4314 πε·-

116 4353 332 4426 ρίχωρον
366 4354 466 4409 τοῦ
526 4354 814 4426 Ἰορδάνου,
853 4355 1146 4428 κηρύσσων
1189 4355 1474 4426 βάπτισμα
1521 4371 1689 4425 μετα-

115 4446 246 4513 νοίας
279 4451 360 4512 είς
383 4449 591 4518 ἄφεσιν
635 4447 944 4522 ἁμαρτιῶν,
970 4447 1047 4510 ὡς
1073 4447 1381 4519 γέγραπται
1426 4447 1485 4500 ἐν
1521 4445 1686 4516 βίϐλῳ

1767 611 1987 682 ptisma,
2023 612 2222 668 dixerit
2267 612 2372 669 illis
2402 626 2420 668 :
2457 631 2476 666 ι
2512 612 2805 685 Progenies
2849 613 3163 684 viperarum
3195 612 3264 679 ⁷⁸,
3311 630 3332 665 ι

1769 715 1823 761 et
1863 721 1979 775 qua:
2009 716 2333 776 sequuntur,
2364 720 2701 777 consequens
2726 721 2846 760 cum
2874 706 2944 761 sit
2979 705 3216 775 primum
3244 719 3340 772 eos

1770 799 2155 870 interrogasse,
2192 810 2302 855 tum
2331 813 2460 855 vero
2489 800 2790 855 advenisse.
2821 798 2934 856 Hoc
2960 800 3123 855 etiam
3161 799 3341 855 obiter

1768 892 2164 947 observandum
2194 903 2299 958 est,
2334 891 2474 963 quod
2502 892 2827 948 exeuntibus
2866 901 2981 951 tum
3024 891 3341 963 Hierosoly-

1770 1000 1878 1051 ma,
1910 994 2023 1040 tum
2071 994 2180 1040 tota
2218 985 2421 1054 Iudaea,
2454 996 2567 1045 tum
2603 1002 2730 1044 vero
2775 997 2883 1042 tota
2916 987 3138 1055 regione
3169 973 3336 1042 ﬂuvio

1770 1078 1989 1134 Jordani
2015 1077 2361 1147 circumiecta
2392 1081 2457 1147 7°,
2489 1097 2585 1136 sua
2632 1080 2872 1149 ipsorum
2898 1089 3122 1149 peccata
3163 1077 3340 1135 conﬁ-

1772 1171 2031 1238 tentibus,
2085 1169 2341 1227 Matthmo
2381 1154 2586 1228 nullum
2637 1172 2855 1229 dicente
2901 1187 2997 1229 eos
3044 1173 3274 1228 verbum
3304 1187 3332 1224 a

1772 1259 2015 1330 Baptista
2084 1261 2303 1320 audisse
2345 1264 2780 1335 objurgatorium
2841 1273 2896 1318 et
2930 1277 3207 1335 asperum,
3241 1261 3335 1317 sed

1771 1354 1917 1411 solos
1941 1355 2263 1424 Pbarisaeos,
2286 1365 2343 1412 et
2374 1357 2723 1426 Sadducaaos,
2745 1371 2946 1427 eosque
2975 1356 3340 1422 multos,cum

1773 1442 2043 1507 venirent,
2095 1455 2422 1516 conspectos
2476 1447 2699 1503 audisse
2748 1446 2926 1502 illud:
2961 1464 2982 1498 ι
3035 1446 3344 1519 Progenies.

1774 1535 2107 1604 viperarum,
2143 1558 2162 1589 ι
2193 1547 2249 1593 et
2304 1553 2424 1609 quae
2466 1547 2790 1609 sequuntur,
2845 1539 3086 1596 Marcum
3143 1556 3338 1597 conse-

1775 1637 2004 1695 quenter
2032 1627 2099 1695 ⁸⁸,
2130 1629 2257 1699 quia
2311 1645 2418 1686 non
2471 1632 2765 1690 nominarit
2800 1633 3129 1701 Pharismos,
3159 1648 3338 1704 neque

1775 1716 2120 1786 Sadducazos,
2179 1720 2386 1776 nullum
2441 1721 2872 1795 objurgatorium
2925 1725 3151 1780 verbum
3204 1738 3338 1779 nar-

1777 1825 1903 1865 rare
1932 1810 2137 1868 dictum
2165 1813 2332 1869 fuisse
2383 1829 2414 1868 a
2461 1812 2670 1871 Joanne
2700 1814 2788 1870 his
2828 1814 2921 1885 qui
2947 1816 3015 1871 ad
3066 1830 3126 1873 se
3172 1828 3343 1873 vene-

1779 1918 1923 1973 runt,
1950 1923 2073 1964 cum
2102 1910 2464 1967 accessissent
2496 1911 2564 1965 ad
2617 1926 2739 1967 eum
2769 1919 2877 1965 tota
2908 1910 3090 1967 ludam
3117 1925 3179 1968 ac
3207 1910 3341 1968 Hie-

1778 2001 2107 2072 sosolymitae
2171 2016 2397 2071 omnes,
2465 2012 2522 2058 et
2584 2004 2997 2074 baptizarentur
3048 2006 3118 2059 ab
3173 2019 3239 2062 eo
3287 2003 3342 2059 in

1784 2093 1939 2166 127
1981 2091 2237 2160 Iordane,
2290 2092 2615 2149 conﬁtentes
2656 2103 2881 2164 peccata
2931 2110 3051 2151 sua.
3100 2094 3237 2163 Quin
3285 2106 3345 2151 et

1781 2188 1884 2240 hoc
1917 2182 2227 2240 necessario
2254 2183 2518 2239 addamus
2544 2193 2782 2254 oportet,
2823 2198 3018 2256 nempe
3059 2194 3343 2255 utrosque,

1780 2276 2093 2332 Mattbaaum
2146 2275 2401 2347 videlicet
2450 2284 2506 2331 et
2540 2275 2804 2343 Marcum,
2838 2276 3022 2334 dicere
3058 2276 3126 2344 θ’,
3175 2285 3344 2332 totam

1780 2368 2238 2440 Hierosolymam,
2270 2378 2549 2440 totamque
2574 2369 2834 2439 Judaeam,
2874 2385 2939 2427 ac
2985 2384 3200 2426 omnem
3231 2369 3345 2425 cir—

1781 2469 2106 2540 cumiectam
2156 2466 2412 2525 Jordanis
2459 2468 2755 2538 regionem,
2784 2465 2869 2520 vel
2902 2474 3069 2522 totam
3105 2462 3344 2521 Iudaeam

1781 2560 2062 2633 regionem
2112 2570 2169 2617 et
2206 2560 2660 2631 Hierosolymitas
2694 2574 2884 2616 omnes
2926 2558 3195 2615 conﬁteri,
3220 2571 3349 2624 pec-

1781 2661 1902 2706 cata
1934 2666 2030 2707 sua
2057 2668 2074 2719 ;
2105 2651 2199 2707 sed
2226 2666 2349 2707 cum
2380 2650 2661 2707 Mattbzeus
2691 2651 2736 2683 ⁸¹
2763 2650 3036 2706 induxerit
3070 2648 3352 2715 venientes

1783 2747 1847 2801 ad
1883 2744 2154 2815 baptisma
2184 2742 2491 2800 Pharisaeos
2535 2752 2591 2801 et
2619 2742 2972 2806 Sadducaaos,
3010 2757 3115 2796 non
3164 2751 3348 2798 tamen

1784 2837 2106 2893 conﬁtentes
2145 2846 2365 2906 peccata
2422 2850 2542 2899 sua,
2593 2832 2871 2905 probabile
2915 2848 3039 2889 esse
3072 2840 3234 2901 atque
3260 2847 3351 2887 ra-

1786 2930 1919 2985 tioni
1956 2940 2384 2987 consentaneum
2416 2936 2474 2981 ut
2511 2928 2651 2983 banc
2679 2926 2749 2982 ob
2777 2940 2998 2982 causam
3030 2924 3346 2981 audierint:

1790 3038 1809 3071 ι
1846 3020 2142 3092 Progenies
2173 3020 2481 3088 viperarum
2507 3016 2577 3073 ⁸³.
2602 3036 2622 3070 ι
2644 3015 2917 3072 Caeterum
2941 3031 3009 3070 ne
3035 3030 3134 3070 nos
3161 3011 3354 3068 existi-

1785 3129 1901 3170 mes
1926 3115 2242 3183 importune
2268 3126 2390 3182 quae
2425 3123 2661 3180 quatuor
2694 3108 3039 3179 evangelista:
3069 3110 3348 3177 dixerunt,

1707 3217 1749 3276 ε
1782 3207 2104 3272 contulisse,
2155 3205 2498 3277 inquirentes
2547 3218 2670 3273 qua:
2712 3203 2988 3273 pertinent
3027 3201 3094 3256 ad
3125 3215 3221 3256 eos
3257 3199 3363 3270 qui,

1785 3301 1935 3356 missi
1993 3299 2213 3356 fuerant
2269 3312 2338 3352 ex
2406 3294 2698 3352 Pharisaais
2758 3304 2812 3349 et
2879 3295 3351 3364 interrogaverunt

1782 3393 2065 3449 Joannem.
2110 3392 2245 3447 Nam
2283 3391 2331 3447 si
2362 3392 2500 3446 bene
2538 3387 2911 3456 adaptavimus
2952 3386 3353 3453 Pharisaaorum

1786 3485 2264 3557 interrogationem
2287 3484 2546 3553 scriptam
2568 3484 2708 3555 apud
2724 3480 3047 3551 discipulum
3064 3479 3363 3545 loannem,.

1783 3578 2060 3650 baptismo
2096 3579 2338 3650 ipsorum
2373 3578 2549 3648 posito
2596 3578 2741 3647 apud
2774 3574 3111 3640 Mattbazum,
3156 3587 3354 3630 conse-

1785 3685 1960 3742 quens
1984 3681 2105 3728 erat
2129 3672 2407 3743 inquirere
2432 3686 2553 3741 qua:
2576 3669 2643 3724 ad
2677 3669 2792 3725 haec
2822 3668 2938 3724 loca
2967 3668 3132 3724 etiam
3160 3665 3369 3722 intellis

1786 3765 1959 3837 genda
1985 3766 2355 3838 pertinebant,
2387 3774 2443 3821 et
2476 3778 2609 3835 quas
2650 3763 3048 3817 invenissemus
3087 3761 3356 3819 observa-

1786 3857 1961 3912 tiones
1988 3856 2207 3914 addere.
2239 3855 2485 3909 Meminit
2508 3863 2688 3911 autem
2716 3850 2911 3916 Lucas,
2937 3849 3162 3921 perinde
3187 3858 3366 3918 atque

1788 3947 2022 4014 Marcus,
2062 3936 2142 4005 ex
2184 3962 2419 4018 persona
2469 3945 2713 4016 propria,
2781 3959 2967 3999 eorum
3021 3941 3351 3998 verborum:

1794 4062 1813 4094 ι
1865 4043 1981 4098 Vox
2024 4043 2310 4099 clamantis
2355 4042 2410 4096 in
2464 4042 2711 4105 deserto,
2747 4058 2768 4092 ι
2803 4038 2948 4093 hunc
2988 4037 3042 4091 in
3086 4034 3352 4091 modum:

1769 4151 1813 4187 ‘c
1848 4136 2071 4191 Factum
2101 4148 2189 4194 est
2210 4137 2436 4191 verbum
2468 4134 2680 4190 Domini
2706 4134 2771 4188 ad
2793 4130 3056 4187 Joannem
3078 4127 3365 4183 Zachariae

1791 4229 2040 4284 ﬁliumin
2068 4228 2408 4285 deserto..Et
2430 4228 2579 4283 venit
2609 4228 2662 4280 iu
2685 4240 2899 4279 onmem
2927 4223 3201 4290 regionem
3234 4220 3357 4272 lini-

1792 4326 1978 4378 timam
2027 4323 2274 4387 Jordani,
2322 4321 2626 4392 praedicans
2658 4320 2984 4388 baptismum
3024 4313 3367 4385 paenitentia}

1790 4420 1843 4474 in
1874 4417 2254 4473 remissionem
2294 4423 2667 4485 peccatorum,
2706 4413 2846 4467 sicut
2878 4408 3141 4479 scriptum
3177 4416 3263 4463 est
3299 4407 3358 4460 in

115 4497 271 4608 lci-nm:
297 4497 528 4596 ’ἑο-αἱου
577 4497 700 4594 τοῦΓ
729 4497 1044 4614 τιξροφήτου·³
1268 4539 1495 4610 βοῶντος
1521 4497 1589 4592 Ιἐν
1616 4503 1672 4610 τέ

1791 4512 1930 4569 libro
1960 4523 2271 4566 sermonum
2311 4506 2464 4562 Isaia:
2487 4505 2763 4574 praphetae
2793 4501 3067 4557 dicentis:
3108 4498 3232 4553 Vox
3251 4497 3363 4553 cla-

1795 4605 1991 4625 -__-_..2_
2031 4603 2082 4625 ε..
2123 4602 2335 4625 ,1----ιιι
2365 4619 2379 4625 -
2410 4599 2605 4625 nm“..-
2632 4598 2777 4625 ":nm
2810 4592 3024 4625 ΠΛιννιῖηἷ
3079 4600 3253 4625 panum
3280 4589 3359 4625 fu-

114 4627 291 4702 ἐρήμῳ
311 4646 329 4664 ο
390 4630 756 4701 Ἑτοιμάσατε
823 4631 922 4702 τὴν
976 4631 1095 4685 ὁδὸν
1163 4630 1370 4702 Κυρίου
1394 4671 1409 4696 ,
1471 4630 1686 4693 εὐθείας

119 4723 302 4775 ποιεῖτε
331 4722 435 4786 τὰς
457 4721 683 4794 τρίϐους
708 4722 891 4777 αὐτοϋ.
923 4740 943 4774 ι
970 4722 1253 4793 Προέθηκε
1271 4721 1383 4792 (24)
1413 4720 1471 4775 δὲ
1495 4723 1523 4775 ὁ
1552 4723 1685 4775 Λου-

119 4810 211 4873 κᾶς
244 4813 336 4865 καὶ
368 4812 442 4866 τὰ
482 4811 611 4882 ἑξῆς
650 4811 750 4882 τῆς
795 4811 1163 4885 προφητείαςο
1213 4829 1232 4861 ι
1270 4812 1429 4864 Πᾶσα
1470 4809 1687 4883 φάραγξ

118 4902 550 4976 πληρωθήσεται,
586 4904 684 4957 καὶ
723 4906 831 4960 πᾶν
862 4905 1008 4976 ὅρος,
1054 4904 1152 4958 καὶ
1197 4902 1381 4974 βουνὸς
1418 4921 1688 4958 ταπεινω-

120 4992 348 5066 θήσεται⁸
393 4996 495 5050 καὶ
541 4994 695 5049 ἔσται
738 4995 809 5049 τὰ
852 4996 1042 5050 σκολιά
1087 4998 1166 5060 εἰς
1210 4994 1446 5062 εὐθείας,
1495 4998 1589 5050 καὶ
1627 4998 1685 5050 αἱ

119 5090 356 5159 τραχεῖαι
403 5089 490 5151 είς
531 5087 689 5151 ὁδοὺς
716 5087 887 5151 λείας,
918 5088 1015 5143 καὶ
1041 5086 1232 5158 ὄψεται
1256 5088 1412 5142 πᾶσα
1459 5086 1598 5159 σὰρξ
1625 5087 1688 5142 τὸ

122 5178 377 5248 σωτήρων
400 5178 501 5233 τοῦ
526 5177 663 5232 Θεοῦ
681 5194 695 5207 ⁸
727 5196 746 5229 ι
778 5177 980 5249 ὁμοίως
1007 5175 1089 5247 τῷ
1119 5176 1333 5248 Μάρκῳ
1365 5178 1689 5249 ἀναγράψας

121 5265 191 5319 τὸο
223 5287 241 5319 ι
275 5270 507 5334 Εὐθείας
528 5271 733 5323 ποιεῖτε
760 5267 860 5332 τὰς
885 5267 1107 5339 τρίϐους
1127 5267 1315 5331 αὐτοῦ,
1350 5289 1369 5321 ι
1403 5271 1690 5340 ἐπιτεμνό-

128 5374 291 5428 μενος,
317 5363 395 5426 ὼς
417 5363 852 5434 προειρήκαμεν,
884 5361 971 5415 τό’
1018 5379 1037 5412 ι
1074 5361 1306 5425 Εὐθείας
1338 5365 1542 5416 ποιεῖτε
1589 5363 1689 5429 τὰς

124 5449 329 5519 τρίϐους
348 5452 447 5507 τοῦ
472 5452 609 5506 Θεοῦ
650 5452 830 5524 ἡμῶν.
870 5471 890 5503 ι
937 5451 1084 5505 Ἀντὶ
1111 5452 1168 5505 δὲ
1192 5452 1307 5518 τοῦ,
1338 5471 1358 5505 ι
1390 5453 1501 5506 Καὶ
1529 5450 1681 5505 ἔσται

126 5541 293 5599 πάντα
333 5546 520 5601 σκολιά
570 5548 652 5610 εἰς
683 5546 919 5611 εὐθείας,
958 5563 976 5596 ›
1010 5546 1179 5617 χωρὶς
1223 5547 1315 5600 τοῦ
1358 5564 1377 5597 ι
1420 5545 1616 5609 πάντα,
1653 5563 1670 5596 ι

1792 4605 1993 4659 mantis
2031 4603 2086 4658 in
2119 4602 2338 4658 deserto
2365 4619 2380 4655 :
2410 4599 2607 4653 Parate
2632 4598 2777 4652 viam
2810 4592 3048 4659 Domini,
3079 4600 3256 4647 rectas
3280 4589 3359 4644 fa—

1788 4697 1896 4751 cite
1923 4695 2148 4751 semitas
2178 4692 2294 4762 ejus
2339 4691 2412 4746 “.
2445 4707 2465 4742 ι
2502 4688 2729 4744 Addidit
2778 4687 2942 4742 etiam
2991 4684 3167 4739 Lucas
3216 4683 3359 4753 quod

1793 4789 2061 4858 reliquum
2087 4795 2207 4844 erat
2230 4783 2531 4855 prophetiae
2562 4796 2579 4836 :
2623 4799 2642 4831 ι
2675 4779 2868 4836 Omnis
2908 4776 3066 4832 vallis
3105 4774 3360 4846 implebi-

1790 4894 1900 4949 tur,
1929 4891 1986 4938 et
2013 4881 2195 4937 omnis
2222 4892 2400 4944 mons,
2420 4886 2478 4931 et
2505 4876 2661 4933 collis
2680 4873 2934 4928 reddetur
2963 4871 3206 4932 humilis,
3240 4882 3364 4923 vera

1790 4984 2082 5045 teuturque
2110 4974 2345 5029 distorta
2367 4973 2422 5026 in
2452 4971 2568 5028 vias
2600 4977 2806 5032 rectas,
2837 4975 2893 5023 et
2924 4980 3132 5035 asperae
3162 4964 3262 5017 via:
3302 4961 3361 5015 in

1788 5071 1996 5139 planas,
2034 5067 2347 5135 videbitque
2393 5064 2570 5120 omnis
2619 5075 2777 5119 caro.
2805 5060 3053 5117 salutare
3087 5057 3181 5111 Dei
3215 5054 3261 5087 ⁸⁸
3288 5073 3304 5121 ;
3333 5071 3365 5106 ι

1788 5161 2011 5234 perinde
2057 5168 2219 5229 atque
2251 5158 2488 5221 Marcus,
2534 5171 2658 5211 cum
2698 5154 3053 5223 scripsisset:
3097 5167 3117 5201 ι
3162 5146 3364 5202 Rectas

1760 5255 1951 5327 .l'acite
1999 5254 2225 5308 semitas
2268 5249 2407 5318 ejus,
2448 5268 2466 5327 ι
2517 5250 2830 5308 decurtans,
2882 5254 2939 5297 ut
2988 5239 3369 5309 praediximus,

1791 5349 1963 5404 illud:
1999 5365 2019 5399 ι
2056 5346 2256 5401 Rectas
2284 5325 2706 5400 facite‘semitas
2736 5341 2832 5396 Dei
2869 5339 3067 5394 nostri.
3109 5355 3128 5387 ι
3163 5334 3217 5387 In
3253 5332 3361 5387 illis

1791 5456 1920 5497 vero
1952 5441 2166 5497 verbis:
2192 5459 2211 5491 ‹
2241 5439 2306 5493 Et
2331 5443 2493 5492 erunt
2524 5436 2707 5491 omnia
2730 5432 2949 5503 obliqua
2982 5432 3036 5485 in
3071 5435 3298 5489 rectum,
3334 5444 3368 5476 ι.

1794 5550 1980 5595 vocem
2017 5553 2036 5586 ι
2073 5534 2255 5590 omnia
2295 5550 2314 5585 ι
2352 5529 2725 5601 praetermisit,
2782 5525 3014 5597 plut-ium
3058 5521 3218 5576 etiam
3262 5535 3362 5574 ιιιικ-

191 5662 237 5742 ζ’
269 5664 458 5721 Matth.
483 5683 569 5742 tu,
588 5668 638 5721 7.
674 5666 1017 5742 “Diluti-.5.“
1071 5667 1117 5697 ⁸⁸
1143 5666 1307 5726 Marc.
1341 5670 1452 5735 1,3.
1532 5669 1575 5700 ⁸³
1606 5666 1672 5723 Mt

1782 5680 1902 5731 .m,
1933 5663 1988 5731 5,
2018 5660 2084 5725 6;
2113 5657 2276 5715 Marc.
2312 5672 2347 5721 ι,
2383 5654 2439 5709 5.
2526 5656 2570 5685 ⁸³
2595 5653 2723 5722 Cap.
2759 5664 2839 5717 In,
2873 5644 3075 5703 vcrsfl.
3152 5638 3197 5670 ⁸³
3221 5643 3371 5703 ibid.

128 5733 170 5762 "
199 5731 329 5790 Luc.
373 5752 456 5801 nt,
483 5739 597 5793 2-4.
671 5737 717 5769 ⁸⁸
747 5737 951 5804 ibid-5.
986 5735 1041 5789 δ·

201 5848 309 5911 (at)
328 5853 633 5923 Προέθηκε.
668 5842 977 5924 Legendum
1002 5853 1327 5924 προσέθηκε.
