3766 6142
399 374 502 428 247

1854 371 2176 428 ORIGENIS

3539 371 3641 427 ειῑς

401 499 554 543 mero
589 502 608 537 ι
642 491 820 540 rectas
855 504 872 537 ι
919 485 1129 551 «licens,
1155 486 1297 555 quod
1333 505 1351 539 ι
1390 493 1592 541 rectam
1632 505 1651 539 ι
1702 486 1964 558 singulari

2107 486 2167 558 ὴν
2187 485 2330 550 λέξιν
2353 483 2535 556 ἔθηκε,
2571 484 2707 556 μετὰ
2728 484 2821 538 τοῦ
2847 485 2967 539 ἀντὶ
2994 484 3173 540 ἑνικοῦ
3203 504 3222 537 ι
3262 486 3342 549 εἰς
3372 484 3586 539 εὐθεῖαν
3617 506 3634 537 ι

402 594 634 636 numero
667 577 871 632 dictum
904 577 1104 634 fuerat.
1155 579 1236 632 Ad
1265 580 1377 633 haec
1408 580 1572 633 etiam
1605 594 1707 647 pro
1735 595 1799 633 eo
1828 581 1969 649 quod

401 680 487 725 est
516 688 536 722 ι
575 684 767 740 aspera
795 668 849 725 in
886 670 1195 740 planitiem,
1227 689 1243 721 ι
1276 670 1427 731 fecit,
1471 689 1490 721 ι
1527 680 1580 724 et
1620 686 1827 739 asperae
1873 671 1971 725 vite

403 760 457 813 in
489 758 721 831 planas;
765 778 785 811 ι
826 773 1064 828 cumque
1091 756 1532 828 prmtermisisset
1576 760 1730 827 illud,
1769 781 1786 812 ι
1827 762 1974 816 vide-

404 847 553 904 bitur
585 850 756 921 gloria
791 849 1028 915 Domini,
1067 868 1087 902 ι
1124 849 1337 905 addidit
1373 850 1651 921 deinceps,
1688 869 1709 904 ι
1743 862 1800 907 et
1822 852 1974 908 vide-

406 938 485 995 bit
517 941 694 995 omnis
734 955 865 996 caro
915 939 1154 996 salutare
1207 938 1321 996 Dei.
1372 954 1392 993 ι
1437 937 1645 997 Przeter
1691 943 1795 997 hoc
1843 958 1975 1000 vero

405 1034 693 1089 conferunt
741 1035 906 1092 etiam
953 1035 1262 1104 huiusmodi
1310 1034 1724 1093 observationes
1773 1038 1841 1093 ad
1883 1038 1977 1092 de-

409 1129 821 1183 monstrandum
850 1127 1133 1184 decurtata
1159 1127 1327 1186 fuisse
1358 1131 1427 1184 ab
1454 1124 1813 1201 evangelistis
1845 1145 1974 1200 pro-

408 1218 642 1287 phetica.
675 1218 756 1275 Ad
788 1221 903 1277 haec
923 1236 1054 1278 vero
1083 1219 1487 1278 observandum
1510 1230 1594 1278 est
1624 1221 1775 1290 illud,
1799 1241 1819 1276 ι
1842 1223 1978 1279 Pro-

406 1311 597 1379 genies
630 1310 962 1381 viperarum,
992 1332 1012 1366 ι
1040 1320 1233 1385 etquae
1249 1325 1571 1385 sequuntur,
1595 1308 1900 1373 Matthaeum
1930 1317 1977 1349 ⁸⁸

411 1403 575 1474 128
619 1418 869 1468 narrare,
921 1405 1124 1461 dictum
1177 1400 1349 1462 fuisse
1396 1403 1686 1463 Pharisteis
1732 1417 1787 1464 et
1836 1409 1978 1465 Sad-

407 1488 610 1549 duczeis'
630 1493 1049 1549 adventantibus
1075 1494 1142 1547 ad
1163 1492 1518 1563 baptismum,
1571 1496 1805 1554 diversis
1832 1497 1979 1554 exsi-

406 1584 680 1643 stentibns
714 1587 783 1643 ab
828 1588 912 1644 his
948 1587 1040 1658 qui
1068 1590 1472 1645 conﬁtebantur
1494 1599 1717 1659 peccata
1769 1605 1890 1656 sua,
1925 1599 1982 1646 et

408 1679 542 1734 nihil
568 1681 675 1735 tale
696 1680 1027 1746 audiebant;
1056 1677 1257 1737 Lucam
1297 1697 1427 1738 vero
1478 1682 1549 1749 ⁸⁷,
1577 1683 1979 1752 egredientibus

409 1770 609 1835 turbis,
645 1780 703 1825 ut
738 1771 1143 1841 baptizarentur
1172 1773 1240 1829 ab
1268 1770 1408 1841 ipso,
1440 1773 1557 1828 haec
1586 1768 1733 1828 dicta
1786 1774 1976 1840 fuisse,

2073 578 2427 650 πεποιηκέναι
2467 577 2825 649 πληθυντικὸν
2863 598 2881 628 ι
2919 576 3168 641 εὐθείας·
3222 597 3243 630 ι
3279 578 3404 631 Ἔτι
3456 578 3513 630 δὲ
3553 578 3640 630 καὶ

2071 671 2192 724 ἀντὶ
2223 671 2340 734 τοῦ,
2392 690 2409 721 ι
2460 671 2526 723 Ἦ
2555 670 2780 741 τραχεῖα
2819 672 2900 733 είς
2943 669 3433 741 πεδίαμὲποίησε,
3479 687 3497 720 ι
3536 668 3641 724 Καὶ

2073 765 2129 817 αἱ
2165 765 2410 836 τραχεῖαι
2442 764 2521 826 εἰς
2559 763 2711 827 ὀδοὺς
2735 762 2910 826 λείας·
2956 780 2974 814 ι
3014 760 3341 834 παραλιπιίιν
3371 777 3453 822 τε,
3494 780 3513 811 ι
3536 762 3643 814 Καὶ

2074 856 2370 928 ὀφθήσεται
2413 856 2448 926 ἡ
2483 854 2611 922 δόξα
2654 856 2886 927 Κυρίου,
2933 873 2953 909 ι
2996 854 3266 927 παρέθετο
3302 853 3363 907 τὸ
3404 851 3536 922 ἑξῆς
3564 852 3639 905 τό·

2081 970 2099 1003 ι
2135 948 2246 1003 Καὶ
2305 949 2495 1019 ὄψεται
2531 950 2683 1003 πᾶσα
2712 948 2850 1020 σὰρξ
2871 948 2935 1002 τὸ
2961 948 3226 1019 σωτήριον
3267 944 3363 1000 τοῦ
3414 944 3573 999 Θεοῦ.
3619 963 3641 998 ι

2075 1042 2349 1112 Χρήσιμοι
2391 1040 2448 1094 δὲ
2485 1043 2542 1095 al
2577 1036 2987 1112 παρατηρήσεις
3032 1039 3170 1112 πρὸς
3205 1036 3487 1104 ἀπόδειξιν
3525 1036 3649 1110 περὶ

2075 1132 2169 1186 τοῦ
2195 1133 2583 1205 ἐπιτέμνεσθαι
2618 1134 2743 1197 τοὺς
2786 1132 3181 1202 εὐαγγελιστάς
3210 1131 3281 1185 τά
3315 1130 3643 1202 προφητικά.

2081 1222 2201 1275 Ἔτι
2225 1222 2281 1276 δὲ
2305 1222 2399 1276 καὶ
2424 1221 2581 1275 τοῦτο
2609 1221 3049 1294 παρατηρητέον,
3071 1223 3153 1275 ὄτι
3180 1220 3251 1274 τά
3281 1238 3299 1272 ι
3332 1220 3647 1291 Γεννήματα

2077 1313 2318 1384 ἐχιδνῶν,
2351 1333 2369 1365 ι
2405 1311 2501 1367 καὶ
2537 1313 2607 1368 τὰ
2648 1313 2793 1384 ἑξῆς,
2821 1316 2850 1367 ὁ
2882 1313 2979 1384 μὲν
3018 1312 3296 1376 Ματθαῖος
3331 1314 3450 1375 τοῖς
3493 1313 3650 1383 Φαριο

2081 1408 2250 1472 σαίοις
2275 1408 2368 1462 καὶ
2395 1408 2775 1468 Σαδδουκαίοις
2811 1407 3129 1479 ἐρχομένοις
3161 1408 3256 1461 ἐπὶ
3281 1407 3342 1460 τό
3371 1406 3651 1476 βάπτισμα

2077 1499 2330 1571 εἰρῆσθαί
2370 1517 2556 1572 φησιν,
2608 1500 2818 1571 ἑτέροις
2855 1496 3007 1553 οῦσιν
3050 1498 3203 1571 παρὰ
3236 1501 3363 1564 τοὺς
3407 1499 3653 1570 ἐξομολο-

2079 1593 2382 1664 γουμένους
2408 1591 2508 1657 τὰς
2535 1593 2811 1665 ἁμαρτίας
2850 1591 3052 1655 αὐτῶν,
3089 1593 3186 1647 καὶ
3220 1592 3385 1664 μηδὲν
3419 1592 3653 1646 τοιοῦτον

2079 1683 2396 1748 ἀκούοντας·
2439 1686 2469 1738 ό
2490 1684 2547 1738 δέ
2583 1684 2797 1749 Λουκᾶς
2836 1686 2949 1748 τοῖς
2982 1683 3441 1755 ἐκπορευομένοις
3486 1683 3651 1753 ὄχλοις

2085 1773 2446 1846 βαπτισθῆναι
2487 1776 2579 1828 ὑπ’
2626 1774 2792 1828 αὐτοῦ
2836 1774 2987 1828 ταῦτ’
3034 1773 3285 1845 εἰρῆσθαι
3325 1774 3650 1846 ἀναγράφει,

409 1875 516 1914 non
548 1857 836 1915 facientem
864 1861 1000 1918 duos
1028 1862 1249 1919 ordines
1278 1879 1469 1919 eorum
1505 1864 1600 1934 qui
1631 1865 1967 1934 baptizabant

2107 1866 2141 1919 ιύ
2180 1841 2411 1938 ποιήσας
2437 1864 2532 1919 δύο
2562 1866 2819 1937 τάγματα
2865 1841 3297 1936 βαπτιζονμένων.
3514 1841 3653 1937 παρὰ

411 1962 522 2019 tur,
577 1954 720 2023 quod
777 1954 916 2021 apud
974 1952 1285 2010 Matthmum
1326 1956 1660 2012 invenimus.
1701 1956 1808 2012 Sed
1860 1959 1981 2028 jure

412 2042 695 2101 Matthzeus
746 2045 793 2079 ⁸⁸
835 2044 1128 2116 Baptistam
1182 2044 1392 2103 inducit
1441 2048 1712 2103 dicentem
1758 2050 1978 2105 turbis:

415 2155 434 2187 ι
508 2135 807 2209 Progenies
866 2140 1197 2210 viperarum,
1257 2158 1276 2192 ι
1341 2149 1395 2196 et
1451 2155 1573 2211 quae
1639 2151 1979 2213 sequuntur,

411 2226 638 2298 quando
663 2229 833 2285 turbae
867 2233 920 2285 in
953 2234 1148 2287 bonam
1179 2241 1391 2303 partem
1441 2247 1547 2288 non
1586 2243 1896 2300 sumuntur,
1924 2244 1984 2289 ut

328 2378 331 2381 ν
411 2320 833 2378 observantibus
861 2324 1205 2394 perspicuum
1231 2325 1356 2380 erit.
1390 2322 1687 2381 Pharisaeis
1719 2335 1981 2396 praeterea

407 2422 466 2468 et
496 2410 813 2471 Sadducteis
840 2424 1068 2471 numero
1090 2414 1354 2487 singulari
1385 2416 1588 2474 dictum
1606 2430 1690 2474 est
1713 2412 1759 2453 ⁸ο
1788 2437 1846 2475 ιι
1875 2419 1983 2475 Fa-

409 2505 521 2562 cite
552 2505 792 2563 fructum
824 2508 1045 2577 dignum
1080 2507 1437 2577 poenitentia;
1472 2526 1491 2562 ›
1526 2508 1703 2565 turbis
1725 2523 1858 2564 vero
1886 2526 1986 2563 nu-

411 2609 564 2653 mero
590 2597 847 2669 plurium,
879 2618 898 2651 ι
925 2598 1134 2656 fructus
1152 2599 1344 2669 dignos
1370 2600 1691 2670 paenitentia
1709 2602 1776 2655 ".
1804 2623 1823 2655 ι
1852 2601 1987 2656 For-

415 2691 579 2747 tassis
626 2692 775 2747 enim
812 2692 1024 2747 fructus
1057 2691 1393 2762 pmnitentize
1448 2693 1681 2748 eximius
1715 2708 1746 2748 ιι
1788 2691 1986 2749 Phario

413 2782 539 2838 satis
567 2783 825 2855 exigitur,
856 2786 949 2854 qui
983 2800 1089 2841 non
1114 2784 1255 2840 alius
1286 2795 1369 2840 est
1404 2800 1566 2853 quant
1588 2782 1746 2841 .lesus
1772 2796 1827 2841 et
1854 2786 1988 2843 ﬁdes

410 2888 542 2946 erga
582 2875 757 2947 ipsum
787 2893 801 2940 ;
833 2892 862 2931 a
894 2877 1069 2932 turbis
1093 2886 1295 2943 autem,
1327 2890 1501 2946 neque
1533 2876 1861 2947 principium
1893 2880 1988 2933 bo-

417 2980 608 3022 norum
657 2967 1002 3033 habentibus,
1051 2980 1244 3023 omnes
1307 2967 1601 3039 exiguntur
1651 2966 1988 3039 poenitentiae

416 3057 649 3113 fructus.
696 3057 1063 3125 Quamobrem
1109 3056 1344 3128 plurium
1394 3072 1669 3114 numero:
1723 3077 1743 3111 ι
1779 3058 1986 3115 fructus

413 3150 600 3217 facite,
642 3168 661 3203 ι
695 3146 832 3206 dixit
883 3151 1016 3219 ipsis
1067 3151 1331 3219 Baptista.
1383 3151 1518 3208 Illud
1568 3153 1737 3208 etiam
1790 3164 1986 3224 praeter

414 3242 531 3297 hac
563 3240 854 3298 Pharisaeis
882 3243 1083 3297 dicitur
1106 3245 1152 3276 ἰ
1182 3261 1195 3297 :
1235 3264 1255 3296 ι
1300 3243 1378 3300 Ne
1404 3245 1657 3315 cegitetis
1693 3246 1834 3316 apud
1867 3261 1991 3300 vos-

415 3334 679 3405 metipsos
721 3334 903 3391 dicere
947 3353 961 3390 :
1017 3336 1230 3390 Patrem
1290 3336 1552 3394 habemus
1600 3337 1902 3393 Abraham.
1966 3358 1985 3393 ι

417 3424 575 3500 [(27)
604 3426 753 3482 Multi
772 3429 917 3483 enim
949 3444 1093 3484 nunc
1122 3431 1447 3500 principium
1478 3432 1707 3497 habent,
1737 3438 1993 3501 putantes

414 3535 476 3575 sc
505 3518 570 3573 ad
597 3519 842 3574 divinum
871 3522 1094 3575 verbum
1122 3523 1490 3590 introduci,ut
1517 3524 1781 3577 accedant
1805 3524 1871 3577 ad
1901 3539 1994 3578 ve-

418 3610 656 3666 ritatem.
709 3609 900 3681 Itaque
936 3611 1122 3667 dicere
1169 3622 1355 3668 secum
1395 3613 1449 3668 in
1487 3613 1672 3668 animo
1706 3612 1991 3685 incipiunt,

423 3719 446 3755 ι
474 3700 691 3759 Patrem
722 3702 986 3759 habemus
1018 3698 1314 3757 Abraham.
1348 3721 1368 3755 ι
1394 3702 1416 3776 ]
1448 3700 1702 3759 Ριιοιιεωι
1727 3714 1858 3759 vero
1887 3721 1991 3761 non

420 3794 705 3865 incipiunt,
760 3797 855 3851 sed
906 3794 1078 3850 multo
1129 3804 1258 3849 ante
1306 3794 1409 3850 hoc
1454 3796 1721 3865 cogitant.
1768 3790 1996 3868 Utrique

419 3896 605 3944 tamen
631 3888 920 3959 praedictos
943 3887 1152 3957 lapides
1181 3895 1433 3942 ostensos
1458 3882 1706 3952 audiunt,
1736 3888 1895 3958 quasi
1926 3902 1996 3945 ex

422 3978 509 4033 his
539 3979 791 4034 suscitari
817 3987 1045 4049 possent
1073 3974 1228 4033 liberi
1264 3974 1499 4032 Abraha:
1532 3978 1635 4048 ipsl
1663 3979 1731 4045 θ’,
1760 3978 1994 4036 suscita-

420 4082 576 4126 turus
606 4068 675 4125 ab
707 4071 1123 4126 insensibilitate
1162 4080 1217 4128 et
1262 4072 1707 4127 mortificationo.
1752 4072 1995 4127 Observa

422 4168 604 4217 autem
654 4160 940 4216 Phariszeis
966 4162 1138 4234 (juxta
1183 4164 1233 4217 id
1266 4163 1411 4232 quod
1462 4163 1669 4218 dictum
1708 4164 1808 4218 fuit
1854 4149 1995 4234 apud

422 4255 742 4323 prophetam
769 4254 817 4288 "
851 4272 866 4308 :
909 4273 927 4305 ι
968 4254 1294 4310 Comedistis
1325 4256 1559 4311 fructum
1594 4257 1907 4312 mendacem
1934 4275 1953 4309 ι
1973 4256 1994 4329 )

425 4347 748 4404 habentibus
772 4345 1005 4401 fructum
1035 4348 1349 4404 mendacem
1381 4349 1487 4404 dici
1515 4370 1525 4403 :
1550 4344 1573 4399 ἰ
1607 4348 1800 4405 Omnis
1832 4348 1999 4418 igitur

422 4442 589 4496 arbor
611 4456 718 4495 non
751 4439 957 4494 faciens
982 4438 1219 4495 fructum
1250 4442 1449 4494 bonum
1475 4441 1817 4496 exscinditnr
1842 4438 1995 4512 [(29)

2081 1959 2158 2030 τῷ
2189 1958 2452 2028 Ματθαίῳ
2479 1958 2734 2031 εὕρομεν.
2768 1960 3009 2024 Εἰκότως
3043 1958 3101 2012 δὲ
3129 1960 3224 2013 καὶ
3247 1951 3428 2022 οὗτος,
3459 1960 3580 2011 ἐπεὶ
3607 1959 3654 2011 οι

2080 2050 2226 2121 ὄχλοι
2247 2050 2345 2103 οὐκ
2368 2051 2427 2103 ἐν
2452 2049 2655 2121 ἐπαίνῳ
2675 2051 2985 2114 τάσσονται,
3007 2050 3084 2114 ὡς
3101 2052 3212 2113 τοῖς
3233 2048 3465 2121 τηροῦσι
3497 2049 3652 2119 σαφὲς

2082 2141 2232 2195 ἔσται
2257 2181 2273 2206 ,
2304 2143 2416 2200 τοῖς
2436 2140 2613 2211 ὄχλοις
2636 2141 2845 2210 εἰσάγει
2865 2141 3093 2210 λέγοντα
3123 2141 3216 2195 τὸν
3241 2140 3555 2211 Ba.th
3579 2140 3649 2194 τό·

2088 2253 2107 2285 ι
2145 2234 2463 2304 Γεννήματα
2510 2232 2752 2303 ἐχιδνῶν,
2794 2251 2812 2284 ι
2845 2233 2939 2285 κα)⁵
2973 2231 3044 2284 τά
3079 2232 3231 2303 ἑξῆς.
3270 2230 3395 2286 Ἔτι
3434 2231 3493 2285 δέ
3527 2233 3652 2304 πρὸς

2085 2325 2186 2398 μὲν
2210 2326 2338 2389 τοὺς
2360 2325 2708 2396 Φαρισαίους,
2743 2325 2837 2379 καὶ
2866 2323 3274 2390 Σαδδουκαίους,
3320 2330 3630 2397 «ποιήσταε,

2083 2419 2294 2490 εἴρηται
2335 2417 2553 2483 ἑνικῶς,
2587 2437 2607 2470 ι
2636 2416 2850 2491 καρπὸν
2872 2417 3021 2483 ἄξιον
3059 2418 3161 2489 τῆς
3185 2418 3480 2490 μετανοίας
3499 2418 3650 2490 (25h

2083 2514 2221 2585 πρὸς
2248 2512 2306 2566 δὲ
2332 2514 2459 2577 τοὺς
2486 2514 2677 2585 ὄχλους
2706 2513 3108 2585 πληθυντικῶς,
3151 2532 3171 2564 ι
3202 2512 3391 2580 ἀξίους
3420 2510 3656 2582 καρποὺς

2083 2606 2182 2677 τῆς
2211 2606 2518 2676 μετανοίας.
2543 2625 2561 2656 ι
2587 2606 2739 2676 Τάχα
2761 2605 2872 2677 γὰρ
2898 2606 2947 2658 oi
2968 2605 3066 2676 μὲν
3092 2605 3376 2676 Φαρισαῖοι
3408 2601 3502 2654 τὸν
3525 2598 3656 2664 ἐξαί-

2089 2714 2240 2769 ρετον
2274 2694 2630 2750 ἀπαιτοῦνται
2662 2697 2871 2769 καρπὸν
2902 2695 3192 2763 μετανοίας
3219 2696 3322 2748 οὐκ
3346 2694 3510 2748 ἄλλον
3538 2691 3656 2745 ὄντα

2084 2788 2180 2843 τοῦ
2217 2789 2369 2852 Υίοῦ,
2407 2789 2500 2843 καὶ⁵
2546 2788 2646 2858 τῆς
2678 2790 2758 2853 εἰς
2800 2789 2964 2843 αὑτὸν
3005 2789 3275 2851 πίστεως·
3313 2787 3364 2839 οί
3400 2786 3459 2839 δὲ
3499 2784 3654 2855 ὄχλοι,

2085 2878 2208 2933 οὐδὲ
2249 2880 2423 2951 ἀρχὴν
2475 2878 2690 2949 ἔχοντες
2741 2878 2981 2948 ἀγαθῶν,
3034 2878 3246 2940 πάντας
3299 2874 3651 2930 ἀπαιτοῦνται

2082 2970 2212 3033 τοὺς
2234 2970 2482 3042 καρποὺς
2512 2969 2611 3040 τῆς
2649 2969 2955 3032 μετανοίας·
2996 2968 3184 3039 διόπερ
3212 2967 3353 3039 πρὸς
3378 2966 3576 3029 αὐτοὺς
3597 2966 3650 3018 τὸ

2087 3060 2443 3134 πληθυντικὸν
2496 3060 2749 3133 εἰρῆσθαι
2800 3060 2933 3132 (26).
2969 3060 3201 3130 Λέγεται
3266 3059 3406 3129 πρὸς
3462 3057 3656 3117 τούτοις

2088 3159 2201 3221 τοῖς
2253 3155 2586 3228 Φαρισαίοις·
2646 3173 2666 3205 r
2711 3153 2802 3225 Μὴ
2849 3153 3040 3226 δόξητε
3091 3152 3271 3223 λέγειν
3314 3154 3374 3205 ἐν
3420 3153 3653 3212 ἑαυτοῖς·

2093 3251 2312 3323 Πατέρα
2334 3249 2529 3320 ἔχομεν
2555 3247 2648 3301 τὸν
2695 3247 2967 3319 Ἀϐραάμ.
2996 3265 3015 3298 ι
3044 3246 3107 3300 Oi
3131 3246 3231 3317 μὲν
3260 3243 3368 3316 γὰρ
3393 3243 3546 3314 ὄχλοι
3572 3240 3656 3295 νῦν

2092 3341 2266 3414 ἀρχὴν
2315 3341 2517 3412 έχουσι,
2560 3338 2843 3403 δοκοῦντες
2888 3338 3206 3408 εἰσάγεσθαι
3254 3340 3334 3401 είς
3384 3337 3479 3389 τὸν
3527 3335 3656 3387 θεῖον

2093 3435 2248 3504 λόγον
2285 3434 2380 3487 τοῦ
2424 3433 2707 3505 προσιέναι
2752 3435 2819 3504 τῇ
2862 3431 3111 3502 ἀληθεία.
3166 3429 3367 3498 Διόπερ
3412 3427 3654 3499 ἄρχονται

2094 3528 2273 3599 λέγειν
2299 3529 2357 3582 ἐν
2390 3527 2621 3593 ἑαυτοῖς,
2644 3547 2663 3579 ι
2688 3526 2907 3597 Πατέρα
2926 3525 3121 3596 ἔχομεν
3154 3524 3245 3577 τὸν
3273 3521 3546 3593 Ἀδραάμ·
3572 3538 3588 3570 ι
3612 3519 3654 3571 οἱ

2092 3618 2151 3672 δὲ
2184 3620 2463 3689 Φαρισαῖοι
2501 3618 2602 3671 οὐκ
2634 3617 2910 3688 ἄρχονται,
2951 3613 3086 3668 ἀλλὰ
3128 3612 3236 3684 πρὸ
3273 3610 3472 3664 πολλοῦ
3512 3607 3655 3661 τοῦτο

2093 3708 2394 3776 δοξάζουσι.
2422 3707 2569 3780 Πλὴν
2602 3708 2853 3779 ἑκάτεροι
2884 3705 3011 3769 τοὺς
3031 3703 3464 3775 προειρημένους
3490 3699 3656 3761 λίθους

2093 3802 2469 3873 δεικνυμένους
2493 3801 2802 3864 ἀκούουσιν,
2830 3799 2906 3863 ὡς
2937 3802 3002 3853 ἐκ
3031 3797 3236 3852 τούτων
3266 3796 3379 3868 (28)
3410 3794 3652 3850 δύνασθαι

2096 3893 2387 3965 ἐγερθῆναι
2427 3893 2594 3947 τέκνα
2624 3892 2704 3963 τῷ
2742 3891 3014 3963 Ἀϐραὰμ,
3047 3889 3154 3944 ἀπὸ
3176 3889 3277 3959 τῆς
3315 3886 3653 3957 ἀναισθησίας

2095 3986 2189 4039 καὶ
2220 3985 2543 4056 νεκρότητος
2582 3983 3078 4055 ἁναστησομένους.
3121 3981 3441 4053 Παρατήρει
3472 3980 3546 4040 δὲ,
3577 3979 3653 4034 ὅτι

2095 4079 2207 4141 τοῖς
2245 4076 2341 4147 μὲν
2371 4074 2685 4146 Φαρισαίοις
2716 4073 2881 4143 (κατά
2910 4073 2973 4126 τὸ
3016 4075 3136 4144 είρη
3147 4072 3306 4143 μένον
3352 4073 3410 4123 ἐν
3443 4069 3520 4140 τῷ
3545 4083 3654 4139 re)

2099 4168 2274 4237 φήτῃ·
2316 4185 2334 4217 ι
2382 4167 2645 4234 Ἑφάγετε
2676 4164 2888 4235 καρπὸν
2917 4163 3174 4234 ψευδῆ-ι)
3205 4162 3391 4233 ἔχουσι
3424 4162 3521 4232 μὲν
3543 4177 3656 4231 καρ-

2099 4260 2198 4312 πὸν
2222 4258 2393 4328 ψευδῆ
2421 4258 2659 4326 λέγεται·
2695 4276 2714 4308 ι
2741 4257 2857 4310 Πᾶν
2878 4252 2972 4310 οὖν
3000 4255 3213 4326 δένδρον
3240 4254 3314 4327 μὴ
3334 4253 3522 4308 ποιοῦν
3542 4266 3655 4322 καρ-

2097 4352 2196 4404 πὸν
2217 4351 2377 4404 καλὸν
2393 4350 2740 4410 ἐκκόπτεται,
2757 4350 2851 4402 καὶ
2872 4349 2952 4410 εἰς
2971 4347 3083 4417 πῦρ
3100 4345 3371 4416 βάλλεται·
3386 4347 3521 4407 ιτοῖς
3533 4343 3652 4404 ὅλως

2096 4445 2155 4498 δέ
2194 4443 2371 4514 ὄχλοις
2402 4442 2524 4497 οὐδὲ
2575 4439 2984 4513 καρποφοροῦσι
3023 4438 3107 4501 τὸ,
3145 4457 3164 4489 ι
3202 4438 3319 4491 Πᾶν
3342 4433 3436 4491 οὖν
3460 4434 3652 4505 δένδρον

420 4539 478 4588 et
527 4534 582 4587 in
630 4532 808 4604 ignem
855 4533 1131 4586 mittitur:
1172 4551 1191 4584 ι
1230 4533 1409 4587 turbis
1455 4541 1636 4586 autem
1677 4547 1799 4601 quae
1848 4531 1967 4585 ιιιιΙΙ‹

2107 4537 2177 4609 μὴ
2197 4535 2382 4590 ποιοῦν
2409 4534 2620 4608 καρπὸν
2649 4533 2997 4587 ἐκκόπτεται.
3028 4551 3046 4583 ι
3077 4531 3152 4584 Τὸ
3174 4531 3273 4602 μὲν
3297 4530 3409 4601 γὰρ
3442 4529 3513 4599 μὴ
3545 4527 3650 4596 ἕχον

425 4628 585 4683 modo
635 4625 873 4682 fructum
926 4624 1162 4681 ferunt:
1204 4642 1224 4675 ι
1267 4622 1458 4679 Omnis
1500 4640 1630 4695 ergo
1673 4625 1837 4679 arbor
1889 4638 1995 4679 non

427 4722 633 4777 faciens
676 4721 934 4785 fructum,
989 4719 1272 4774 excidetur
1319 4718 1387 4771 ⁸⁵.
1436 4735 1456 4768 ι
1485 4715 1507 4789 ]
1538 4715 1595 4770 ιιι
1635 4717 1801 4782 enim,
1849 4716 1997 4785 quod

426 4814 664 4870 fructum
696 4826 801 4868 non
834 4815 1018 4879 habet,
1049 4828 1120 4869 ne
1148 4813 1351 4867 bonum
1379 4810 1595 4880 quidem
1630 4806 1864 4863 fructum
1900 4808 1999 4863 ha-

426 4907 517 4961 bet
541 4922 556 4971 ;
585 4905 937 4976 quamobrem
965 4906 1184 4976 dignum
1215 4913 1301 4960 est
1330 4913 1389 4958 ut
1431 4900 1784 4956 exscindatur
1811 4917 1825 4954 :
1850 4902 1996 4969 quod

424 5004 608 5051 autem
645 4994 877 5050 fructum
905 4997 1095 5063 habet,
1136 4996 1188 5051 id
1241 5012 1347 5050 non
1383 4992 1607 5049 omnino
1637 4991 1872 5046 fructum
1902 4992 2000 5046 bo-

427 5104 556 5144 num
590 5088 796 5155 habet;
831 5103 1004 5158 quare
1044 5087 1164 5159 iure
1202 5101 1259 5145 et
1289 5089 1468 5160 ipsmn
1518 5102 1549 5142 a
1591 5086 1768 5141 securi
1802 5085 1996 5155 dejici-

428 5192 537 5236 tur.
591 5179 861 5234 Caeterum
919 5181 968 5235 si
1019 5181 1333 5236 accuratius
1379 5177 1819 5247 qunisicrimus,
1876 5176 1994 5230 ﬁeri

492 5275 540 5309 ⁸⁸
580 5275 773 5329 Matth.
808 5291 890 5337 ιιι,
931 5278 983 5329 7.
1060 5277 1105 5309 ⁸⁷
1132 5275 1264 5332 an.
1296 5290 1378 5341 ιιι,
1404 5276 1457 5328 7.
1538 5275 1583 5307 ⁸⁸
1622 5273 1809 5327 Matth.
1847 5286 1929 5337 ιιι,
1955 5272 2013 5327 7.

425 5347 473 5381 "
497 5345 623 5403 Ose.
668 5363 724 5409 ι,
769 5346 879 5413 15;
920 5346 1107 5401 Matth.
1158 5346 1354 5413 ttt,10.
1430 5343 1478 5376 “
1516 5344 1647 5397 Luc.
1692 5360 1774 5409 ιιι,
1811 5343 1864 5398 9.

522 5439 613 5509 25)
640 5439 881 5507 Εἴρηται
899 5437 1133 5504 ἑνικῶς,
1164 5437 1400 5507 καρπὸν
1456 5436 1627 5501 ἄξιον
1658 5434 1768 5503 τῆς
1821 5452 1997 5503 μετα-

523 5461 613 5509 za)
640 5461 881 5507 ῠιρηται
899 5461 1133 5504 ενικως,
1164 5461 1400 5507 καρπον·
1456 5461 1627 5501 agtur
1658 5461 1768 5503 της
1821 5461 1997 5503 μετα-

427 5461 615 5576 νοίας.
645 5511 701 5565 Id
732 5508 1099 5578 praeferebant
1127 5511 1343 5578 codices
1391 5522 1580 5561 omnes
1620 5509 1815 5578 quibus
1870 5521 1999 5560 usus

429 5594 513 5632 est
554 5580 689 5633 Rob.
733 5576 1079 5647 Stephanus,
1127 5590 1183 5633 et
1226 5577 1476 5647 Vulgata,
1536 5584 1591 5629 et
1642 5576 1896 5636 Arabica,
1943 5584 2001 5628 ct

433 5647 762 5718 Ethiopica,
789 5660 843 5703 et
871 5650 1103 5703 Persica.
1141 5648 1211 5702 At
1253 5649 1475 5718 Syriaca
1510 5660 1789 5718 numerum
1819 5649 1999 5715 plura-

433 5723 538 5770 lem
574 5715 777 5771 servat.
813 5720 963 5785 Quod
997 5721 1069 5772 ait
1092 5731 1271 5773 autem
1297 5715 1587 5771 Ferrarius
1613 5715 1832 5781 Origeni
1865 5730 1999 5768 con-

437 5788 640 5839 sentire
667 5789 1110 5856 Cht'ysoslomttm
1138 5800 1192 5843 et
1240 5785 1725 5857 'fheophylaclum,
1763 5788 1813 5840 id
1871 5801 1996 5839 nus-

440 5870 597 5923 quam
628 5871 855 5924 reperto.
895 5860 1153 5916 "LEIIL'b.

2101 4628 2310 4699 καρτὼν
2351 4627 2474 4680 οὐδὲ
2511 4625 2678 4680 καλὸν
2714 4625 2826 4695 ἔχει
2892 4624 3103 4695 καρπόν
3125 4639 3140 4654 ·
3193 4622 3384 4693 διόπερ
3431 4617 3651 4686 ἐκκοπῆς

2098 4724 2244 4774 ἐστιν
2276 4720 2444 4788 ἀξιον·
2462 4720 2524 4773 τὸ
2554 4718 2615 4775 δὲ
2638 4718 2760 4791 ἕχον
2788 4720 3019 4789 καρπὸν,
3042 4718 3104 4771 οὐ
3134 4716 3352 4781 πάντως
3376 4716 3531 4770 καλὸν
3552 4714 3651 4784 ἔχει

2101 4811 2333 4883 καρπὸν,
2375 4811 2566 4883 διόπερ
2606 4812 2702 4864 καὶ
2739 4810 2907 4873 αὐτὸς
2946 4808 3182 4876 εὐλόγως
3216 4807 3323 4861 ὑπὸ
3350 4807 3449 4878 τῆς
3483 4804 3650 4873 ἀξίνης

2102 4903 2517 4958 καταϐάλλεται.
2585 4900 2711 4955 Ἐάν
2752 4902 2809 4955 δὲ
2851 4900 3241 4973 ἀκριϐέστερον
3290 4899 3649 4970 ἑρευνήσωμεν

2104 4995 2173 5049 τὰ
2212 4996 2341 5067 περὶ
2381 4996 2505 5059 τοὺς
2535 4995 2799 5066 καρποὺς,
2834 4993 3156 5064 εὑρήσομεν,
3192 4992 3274 5045 ὅτι
3304 4992 3573 5062 ἀμήχανον
3599 4984 3650 5040 τὸ

2105 5088 2223 5158 ἀρτι
2275 5088 2369 5142 τοῦ
2410 5086 2774 5160 γεωργεῖσθαι
2811 5086 3135 5156 ἀρχόμενον,
3188 5083 3291 5137 κᾶν
3331 5080 3648 5155 καρποφορῇ,

2104 5183 2229 5245 τοὺς
2261 5181 2510 5253 πρώτους
2551 5182 2794 5249 ἐνεγκεῖν
2821 5180 3067 5251 καρποὺς
3108 5177 3324 5241 καλούς.
3370 5176 3569 5245 ’Λγαπᾷ
3600 5172 3650 5226 δὲ

2082 5274 2128 5308 ⁸⁸
2168 5280 2297 5334 ibid.
2328 5280 2383 5334 8.
2460 5278 2505 5310 ’°
2525 5277 2661 5333 Luc.
2689 5292 2769 5344 ιιι,
2793 5275 2848 5331 8.
2918 5274 2964 5308 ⁸³
2989 5274 3178 5328 Matth.
3201 5284 3285 5335 tu.
3313 5272 3371 5327 9.
3460 5272 3504 5303 ⁹¹
3531 5266 3645 5324 ibid.

2174 5438 2287 5508 (‘26)
2315 5432 2957 5508 Elpﬁa'ﬂat._Legendttm
2984 5430 3219 5508 εἴρηται.
3436 5494 3473 5508 __
3534 5497 3547 5508 .

2176 5494 2289 5579 (‘27)
2320 5494 2466 5574 Haec,
2513 5523 2541 5560 a
2605 5494 2854 5579 Ferrario
2915 5494 3303 5571 praetermissa,
3353 5514 3386 5554 e
3435 5494 3647 5552 Perionii

2113 5575 2557 5651 interpretatione
2579 5575 2965 5651 supplet/imus.
3047 5643 3060 5651 Δ
3237 5641 3269 5651 __
3389 5640 3424 5651 Ἀ

2181 5639 2293 5720 (28)
2332 5649 2423 5714 Ὡς
2468 5639 2811 5720 exsatiatur.
2863 5643 2988 5720 Ilzec
3042 5643 3100 5720 in
3153 5641 3340 5720 codice
3389 5639 3647 5695 Bodleiano

2112 5712 2503 5793 legunturpsetl
2535 5719 2737 5793 desunt
2758 5716 2809 5767 in
2838 5714 3024 5767 codice
3042 5712 3230 5793 Regio.
3290 5781 3299 5793 ,

2184 5791 2294 5861 (Q9)
2326 5788 2582 5859 Supplcta
2612 5789 2725 5842 haec
2746 5799 2961 5855 quoque
2994 5798 3059 5837 cx
3089 5783 3359 5837 l’crionio.
