3766 6142
169 362 259 420 169
1192 363 1551 420 COMMENT.
1587 362 1654 418 IN
1695 361 1886 420 JOAN.
1925 359 2166 417 TOMUS
2210 357 2297 417 Vl.

3285 359 3392 414 250

166 481 192 534 6
215 477 435 549 γεωργὸς
480 477 699 549 πρῶτον
746 477 805 531 τὸ
853 478 1101 546 ἐνεγκεῖν
1147 478 1296 549 αὐτῷ
1319 478 1446 543 τοὺς
1494 477 1702 532 ἐπιϐάλ-

1873 492 1929 531 ιιι
1961 490 2121 545 posse
2148 474 2471 539 videbimus,
2515 479 2575 525 ut
2620 471 2674 526 id
2714 471 2860 540 quod
2902 476 3075 540 nttper
3112 470 3285 527 excoli
3319 474 3393 529 sit

168 581 329 633 ιοντας
354 571 593 641 καρποὺς
616 571 677 624 τὸ
701 570 1000 643 ἀρχόμενον
1025 570 1299 642 γεωργίας
1325 570 1456 639 ('50)‘
1485 568 1710 640 ὕστερον

167 662 356 733 ιδῷδιά
388 661 496 715 τῶν
527 663 845 733 πρεπόντων
888 664 1165 732 γεωργικῇ
1219 662 1531 733 καθαρσίων
1573 660 1709 732 μετὰ

166 755 270 816 τοὺς
303 751 513 815 ὁποίους
549 751 752 822 δήποτε
798 753 1044 824 καρποὺς
1088 752 1392 824 ληψόμενος
1439 752 1534 806 καὶ
1577 767 1710 822 καρ-

167 842 280 904 ποὺς
300 840 508 905 καλούς.
540 842 650 895 Καὶ
685 844 714 895 6
744 842 908 911 νόμος
932 843 988 896 δὲ
1013 843 1185 915 ταύτῃ
1219 846 1287 915 τῇ
1322 843 1513 914 ἐκδοχῇ
1550 842 1706 914 ἡμῶν

165 936 403 1007 μαρτυρεῖ
438 933 612 1001 λέγων
654 934 764 986 δεῖν
792 933 882 987 τὸν
923 937 1265 1004 φυτεύσαντα
1305 935 1417 1004 (5|)
1458 934 1585 1005 τρία
1613 933 1706 1005 ἐτη

164 1026 311 1078 ποιεῖν
338 1024 774 1098 ἀπερικάθαρτον
817 1025 993 1080 ἐῶντα
1029 1026 1092 1081 τὸ
1136 1027 1561 1098 πεφυτευμένον.
1609 1028 1709 1081 οὐκ

165 1115 458 1187 ἐσθιομένων
480 1116 648 1171 αὐτοῦ
678 1117 786 1171 τῶν
812 1118 1065 1190 καρπῶν·
1107 1136 1125 1170 ι
1152 1119 1291 1190 Τρία
1314 1139 1332 1170 ι
1367 1120 1495 1190 γάρ,
1520 1120 1706 1191 φησὶν,

169 1228 184 1260 ι
213 1207 295 1280 ἔτη
323 1211 445 1281 ὑμῖν
470 1213 499 1265 6
528 1212 746 1283 καρπὸς
773 1212 1235 1284 άπερικάθαρτος,
1261 1214 1322 1265 ού
1347 1213 1703 1284 βρωθήσεται·

166 1302 227 1370 τῷ
253 1301 305 1354 δὲ
343 1301 584 1376 τετάρτῳ
632 1302 743 1356 ἔτει
776 1303 931 1358 ἔσται
966 1306 1075 1368 πᾶς
1106 1307 1135 1358 6
1180 1304 1388 1375 καρπὸς
1422 1305 1595 1373 ἅγιος,
1621 1306 1707 1358 αί-

163 1395 289 1459 νετδς
307 1394 378 1465 τῷ
402 1397 612 1467 Κυρίῳ.
648 1416 665 1447 ι
698 1396 952 1465 Εὑλόγως
986 1396 1164 1450 τοίνυν
1199 1397 1336 1468 πρὸς
1369 1398 1493 1460 τοὺς
1518 1395 1707 1467 ὄχλους

162 1489 304 1560 χωρὶς
330 1490 424 1561 τῆς
452 1489 548 1542 τοῦ
576 1489 744 1544 καλοῦ
790 1488 1111 1560 προσθήκης
1141 1488 1380 1557 λέγεται·
1420 1508 1439 1540 ι
1474 1490 1589 1542 Πᾶν
1615 1486 1708 1543 οὖν

161 1579 345 1651 δένδρον
382 1582 458 1653 μὴ
486 1581 677 1636 ποιοῦν
711 1582 925 1653 καρπὸν
970 1582 1320 1645 ἐκκόπτεται,
1368 1582 1461 1636 καὶ
1494 1582 1574 1644 εἰς
1598 1580 1708 1653 πῦρ

163 1669 397 1739 βάλλεται·
423 1692 444 1724 ι
472 1673 587 1727 Καὶ
614 1672 677 1725 τὸ
702 1673 795 1725 ἐπὶ
824 1671 1003 1725 πλεῖον
1023 1672 1081 1725 δὲ
1106 1672 1269 1743 φέρον
1293 1673 1503 1744 καρπὸν
1523 1673 1709 1743 ὅμοιον

160 1764 212 1832 τῇ
236 1763 387 1833 ἀρχῇ,
411 1764 629 1835 δένδρον
666 1764 929 1835 τυγχάνον
962 1766 1036 1837 μὴ
1068 1765 1256 1820 ποιοῦν
1280 1765 1491 1836 καρπὸν
1522 1765 1704 1830 καλὸν,

158 1854 470 1920 ἐκκόπτεται,
517 1855 613 1910 καὶ
654 1857 733 1918 εἰς
760 1857 871 1928 πῦρ
914 1856 1195 1926 βάλλεται·
1234 1856 1393 1921 ἐπάν,
1436 1856 1703 1926 ἐνστάσης
1736 1847 1776 1902 Β

155 1946 235 2015 τῆς
265 1949 396 2016 μετὰ
424 1947 522 2019 τὴν
546 1949 740 2020 τριάδα
766 1951 1097 2020 εἰσαγωγῆς,
1129 1952 1186 2002 ἐν
1212 1952 1277 2020 τῇ
1306 1950 1520 2021 τετράδι
1549 1949 1703 2017 γενό-

157 2055 291 2107 μενος
332 2041 404 2111 μὴ
453 2044 583 2113 ποιῇ
625 2043 839 2113 καρπὸν
886 2044 1062 2111 ἇγιον,
1110 2044 1321 2096 αἰνετὸν
1362 2044 1443 2114 τῷ
1490 2042 1701 2115 Κυρίῳ.

154 2127 314 2183 Ταῦτα
336 2130 393 2182 δὲ
418 2132 619 2197 πάντα,
644 2135 693 2187 εἰ
714 2135 808 2187 καὶ
844 2133 985 2205 μετὰ
1011 2134 1406 2206 παρεκϐάσεως
1429 2133 1540 2205 (52)
1571 2136 1704 2205 ἡμῖν

151 2220 370 2293 εἰρῆσθαι
415 2224 566 2278 δοκεῖ
594 2226 1046 2298 παρατιθεμένοις
1084 2227 1180 2281 καὶ
1212 2226 1282 2280 τὰ
1321 2227 1429 2280 άπὸ
1461 2226 1568 2282 τῶν
1597 2226 1706 2280 λοι-

151 2310 250 2364 πῶν
284 2314 646 2386 Εὐαγγελίων,
672 2319 773 2371 οὐκ
801 2319 1004 2390 ἄκαιρα
1037 2319 1096 2372 δὲ
1126 2318 1250 2390 ἐμοὶ
1282 2320 1552 2388 φαίνεται,
1583 2319 1705 2373 οὐδὲ

151 2403 377 2478 ἀλλότρια
408 2408 510 2478 τῆς
555 2411 914 2483 ἐνεστηκυίας
961 2411 1228 2481 σκέψεως.
1264 2413 1550 2483 Φαρισαῖοι
1583 2413 1695 2483 γάρ

150 2495 510 2554 ἀποστέλλουσι
567 2500 706 2570 πρὸς
763 2501 854 2555 τὸν
917 2502 1168 2572 Ἰωάννην
1223 2503 1363 2573 μετὰ
1414 2504 1542 2566 τοὺς
1594 2502 1705 2557 ἀπὸ

159 2585 516 2661 Ἰεροσολύμων
557 2593 724 2663 ἱερεῖς
766 2594 863 2648 καὶ
906 2593 1146 2661 λευῖτας,
1186 2593 1535 2665 πεμφθέντας
1567 2595 1704 2665 ἐρω-

150 2676 288 2745 τῆσαι
311 2681 470 2736 αὐτὸν
494 2683 646 2748 ὅστις
681 2684 789 2756 εἴη,
824 2684 1193 2751 ἐξετάζοντες·
1238 2706 1257 2739 ι
1287 2687 1353 2740 Τί
1381 2682 1474 2741 οὖν
1505 2685 1703 2756 βαπτί-

149 2767 261 2835 ζεις,
283 2774 328 2825 εί
358 2774 420 2827 σὺ
445 2776 547 2829 οὐκ
572 2772 627 2830 εἷ
645 2779 676 2830 6
703 2777 958 2847 Χριστὸς,
982 2777 1107 2831 οὐδὲ
1141 2777 1344 2843 Ἠλίας,
1378 2777 1500 2832 οὐδὲ
1522 2778 1551 2830 6
1577 2793 1705 2849 προ-

149 2864 337 2934 φήτης;
373 2886 393 2918 ι
444 2869 542 2922 καὶ
579 2869 934 2934 ἐξετάσαντες
984 2869 1219 2925 ἐνταῦθα
1247 2870 1373 2942 ἐξῆς
1406 2871 1704 2942 παραγινό-

148 2967 277 3023 μενοι
333 2955 739 3030 βαπτισόμενοι,
804 2961 881 3026 ὡς
948 2963 981 3016 6
1037 2961 1318 3026 Ματθαῖος
1373 2963 1698 3033 ἀναγράφει,

144 3047 370 3103 ἀκούουσι
397 3051 453 3104 δὲ
494 3053 568 3106 τά
607 3051 916 3124 ἁρμόζοντα
953 3053 1136 3109 αὐτῶν
1175 3054 1244 3127 τῇ
1284 3054 1577 3129 ἀλαζονείᾳ
1609 3056 1703 3111 καὶ

146 3139 417 3212 ὑποκρίσει.
471 3145 630 3198 Ἐπεὶ
666 3145 723 3198 δὲ
758 3147 921 3217 ὅμοια
950 3143 1019 3218 ἦν
1063 3148 1131 3202 τὰ
1170 3148 1384 3212 τούτοις
1434 3149 1701 3221 εἰρημένα

146 3235 239 3296 τοῖς
278 3234 586 3306 λεγομένοις
633 3237 771 3308 πρὸς
805 3241 934 3303 τοὺς
975 3240 1187 3312 ὄχλους,
1239 3241 1410 3313 ἐχρῆν
1453 3243 1554 3312 τὴν
1593 3241 1702 3296 τῶν

147 3324 299 3393 ῥητῶν
332 3327 621 3401 σύγκρισιν
650 3332 744 3384 καὶ
778 3333 1077 3404 σαφήνειαν
1107 3334 1472 3405 ποιήσασθαι·
1506 3328 1586 3390 ὧν
1615 3352 1703 3404 γι-

146 3414 354 3483 νομένων
400 3417 627 3475 πλείονα
668 3422 950 3494 ἀπῄτησεν
982 3423 1092 3493 (33)
1145 3425 1293 3495 ἡμᾶς
1335 3427 1368 3495 ἡ
1411 3424 1703 3480 ἀκολουθία

145 3503 408 3578 θεωρῆσαι.
439 3513 565 3566 Ἔτι
596 3513 654 3567 δὲ
680 3515 776 3568 καὶ
797 3515 972 3571 ταῦτα
995 3519 1109 3581 τοῖς
1140 3517 1450 3589 εἰρημένοις
1474 3518 1704 3582 δεόντως

147 3600 496 3674 προσθήσομεν
518 3605 645 3677 (54)
671 3606 766 3660 δύο
790 3608 1050 3679 τάγματα
1085 3610 1412 3680 πεμπόντων
1449 3610 1602 3683 παρὰ
1624 3609 1703 3681 τῷ

156 3687 349 3764 Ἰωάννῃ
398 3696 837 3769 ἀναγέγραπται,
885 3698 945 3754 ἓν
999 3701 1097 3771 μὲν
1139 3702 1411 3756 Ἰουδαίων
1440 3701 1551 3756 τῶν
1590 3701 1703 3758 άπὸ

155 3778 516 3857 Ἰεροσολύμων
542 3789 987 3845 ἀποστελλόντων
1015 3794 1178 3861 ἱερεῖς
1205 3792 1298 3847 καὶ
1335 3792 1565 3856 λευῒτας·
1587 3791 1702 3845 ἐτε-

146 3882 225 3943 ρον
246 3876 299 3930 δὲ
324 3879 636 3951 Φαρισαίων
667 3884 1087 3954 ἐπαπορούντων
1103 3885 1193 3939 διὰ
1212 3886 1266 3940 τί
1288 3883 1557 3957 βαπτίζει.
1590 3884 1701 3937 Καὶ

143 3965 555 4042 ἀποδεδώκαμεν,
586 3976 671 4029 ὅτι
698 3976 837 4047 μετὰ
860 3977 960 4048 τὴν
988 3977 1182 4032 πεῦσιν
1205 3980 1256 4030 οἱ
1287 3978 1567 4048 Φαρισαῖοι
1599 3993 1702 4032 πα-

145 4062 423 4131 ραγίνονται
454 4068 845 4141 βαπτισόμενοι
868 4073 1003 4143 (55).
1026 4074 1239 4145 Μήποτ’
1259 4070 1352 4127 οὖν
1376 4074 1481 4145 πρὸ
1497 4074 1701 4130 τούτων

143 4153 185 4203 οἱ
209 4156 305 4228 πρὸ
323 4159 522 4214 τούτων
544 4163 970 4230 ἀποστείλαντες
994 4168 1106 4221 ἀπὸ
1143 4166 1532 4238 Ἰεροσολύμων
1574 4167 1703 4220 Ἰου-

143 4242 262 4301 ἃιῖοι
288 4252 719 4326 παραδεξάμενοι
744 4257 871 4322 τοὺς
918 4257 1168 4313 Ἰωάννου
1192 4258 1406 4327 λόγους,
1439 4259 1534 4313 ατε
1564 4258 1700 4330 πρό-

141 4348 270 4407 apo:
292 4340 393 4395 τῶν
406 4343 725 4415 Φαρισαίων
754 4348 1091 4419 πέμψαντες,
1120 4350 1215 4403 καὶ
1234 4349 1491 4421 πρότεροι
1520 4349 1702 4421 ἔρχον-

141 4442 237 4483 ται.
278 4430 624 4509 Ἰεροσόλυμα
642 4438 773 4512 γάρ,
800 4442 950 4494 πᾶσα
985 4441 1237 4506 Ἰουδαία,
1270 4440 1365 4495 καὶ
1387 4441 1698 4507 ἀκολούθως

1816 576 2079 636 coeptum,
2110 564 2325 619 etiamsi
2370 561 2683 628 fructiﬁcet,
2715 562 2923 633 primos
2953 562 3149 617 all‘erat
3182 563 3393 620 fructus

1816 658 2007 712 bonos.
2024 657 2433 726 Contentusque
2448 655 2779 725 estagricola
2799 656 3027 724 primam
3048 656 3262 709 arboris
3282 657 3393 710 cul-

1818 768 1994 812 turam
2019 754 2403 810 convenientes
2434 751 2643 806 fructus
2667 749 2932 819 proferre,
2968 758 3077 802 tum
3111 765 3243 806 vero
3263 764 3392 820 pro-

1816 848 2045 903 cedente
2094 856 2371 915 tempore,
2429 852 2551 914 post
2612 841 2771 913 129
2820 842 2919 896 bus
2973 841 3389 912 qualescunque

1816 941 2045 1002 lrurtus,
2073 948 2393 1008 smupturus
2426 937 2591 991 etiam
2637 935 2850 990 fructus
2890 936 3081 1001 bonos,
3127 937 3396 992 adhibitis

1815 1032 2226 1105 purgationibus
2255 1028 2603 1099 agriculturte
2631 1027 3108 1082 convenientibus.
3130 1027 3271 1093 Quin
3304 1026 3395 1081 lex

1813 1127 1979 1180 etiam
2017 1125 2144 1178 huic
2179 1133 2377 1178 nostra:
2428 1120 2805 1189 intelligentiae
2841 1128 3133 1175 attestatur
3164 1121 3353 1176 dicens
3375 1158 3392 1184 ,

1814 1229 2072 1287 Oportere
2097 1232 2221 1271 eum
2260 1215 2353 1284 qui
2386 1213 2714 1284 plantaverit
2745 1213 3112 1283 impurgatum
3151 1211 3390 1269 triennio

1816 1311 2001 1364 sinere
2034 1309 2183 1379 quod
2212 1307 2567 1379 plantaverit,
2614 1319 2723 1359 non
2767 1305 3000 1359 comesis
3028 1306 3105 1358 rei
3134 1304 3390 1375 plantam

1816 1404 2122 1458 fructibus:
2174 1416 2192 1454 ι
2239 1401 2599 1465 Τνεειοιιίιη,
2656 1398 2836 1467 inquit
2884 1397 3186 1465 ",tannos
3235 1399 3388 1455 vobis

1814 1495 2024 1550 fructus
2056 1497 2399 1564 impurgatus
2433 1508 2538 1547 non
2573 1491 2891 1547 comedetur
2925 1506 2942 1557 ;
2976 1496 3174 1560 quarto
3206 1499 3385 1544 autem

1814 1602 1960 1640 anno
2004 1586 2112 1641 erit
2163 1586 2343 1640 omnis
2387 1583 2602 1638 [ructus
2662 1591 2905 1646 sanctus,
2951 1581 3238 1637 laudabilis
3283 1583 3388 1635 Da-

1814 1678 1984 1731 mino.
2021 1696 2040 1728 ι
2079 1674 2211 1729 Jure
2248 1692 2381 1744 ergo
2411 1676 2477 1728 ad
2505 1674 2695 1729 turbas
2717 1674 2925 1743 absque
2955 1672 3236 1728 additioue
3261 1674 3387 1727 boni

1812 1767 2055 1821 dicitur:
2095 1783 2114 1815 ι
2150 1763 2343 1821 Omnis
2392 1764 2560 1835 igitur
2603 1762 2769 1817 arbor
2812 1778 2934 1832 qua:
2961 1777 3068 1817 nou
3110 1760 3237 1817 facit
3269 1761 3385 1816 frn-

1804 1870 1969 1920 ctmn,
2030 1857 2375 1912 exscinditur
2420 1863 2473 1910 ct
2519 1856 2572 1908 in
2617 1854 2795 1924 ignem
2831 1853 3121 1924 conjicitur
3148 1852 3196 1887 '°
3221 1870 3238 1921 ;
3268 1873 3289 1907 ι
3324 1867 3376 1909 et

1804 1967 1927 2021 quae
1960 1951 2161 2005 diutius
2203 1951 2443 2003 fructum
2484 1948 2594 2002 fert
2634 1947 2904 2018 principio
2950 1947 3206 2012 similem,
3259 1962 3381 2001 cum

1805 2046 1876 2099 sit
1913 2044 2078 2098 arbor
2098 2059 2220 2114 qua:
2248 2056 2357 2098 non
2383 2042 2516 2096 facit
2540 2040 2778 2095 fructum
2811 2040 3040 2108 bonum,
3069 2040 3383 2095 excindltur

1803 2133 1939 2190 etin
1965 2134 2146 2204 ignem
2184 2132 2445 2197 mittitur,
2494 2129 2957 2200 quandoquidem,
3013 2140 3134 2199 post
3160 2131 3384 2185 triennii

1803 2227 2103 2291 culturam,
2157 2226 2211 2281 in
2264 2240 2408 2281 anno
2446 2234 2645 2294 quarto
2674 2238 2782 2277 non
2829 2222 2960 2278 facit
2994 2222 3229 2278 fructum
3255 2239 3380 2278 sau-

1804 2330 1977 2383 ctum,
2028 2316 2355 2373 laudabilem
2416 2315 2672 2372 Domino.
2736 2314 2864 2370 Haec
2919 2324 3102 2373 autem
3169 2315 3379 2382 omnia,

1804 2410 2054 2481 quamvis
2092 2425 2189 2480 per
2222 2409 2616 2479 digressionem
2643 2406 2935 2462 videantur
2964 2424 2993 2460 a
3027 2406 3185 2461 nobis
3215 2408 3381 2471 dicta,

1803 2502 2251 2571 comparantibus
2276 2502 2442 2556 etiam
2476 2514 2597 2569 qua:
2622 2509 2820 2553 caetera
2848 2498 3141 2568 Ettangelia
3175 2499 3381 2566 dicant,

1805 2608 1912 2648 non
1944 2594 2258 2661 importune
2285 2603 2465 2646 tamen
2501 2589 2697 2653 ascita,
2730 2604 2907 2659 neque
2951 2590 3129 2644 aliena
3168 2606 3197 2643 a
3246 2604 3369 2662 pta}

1802 2687 1942 2744 senti
1995 2685 2440 2742 comideratione
2483 2682 2690 2752 judicio
2745 2693 2873 2738 sunt
2921 2697 3064 2740 meo.
3119 2682 3384 2740 Pharisaei

1801 2781 1948 2836 enim
1985 2780 2211 2834 mittunt
2239 2778 2307 2832 ad
2329 2776 2597 2834 Joannem
2635 2786 2759 2847 pnst
2790 2779 3108 2833 sacerdotes
3134 2788 3187 2833 ct
3247 2776 3385 2832 levi-

1804 2881 1888 2928 tas
1946 2872 2017 2926 ab
2074 2869 2467 2940 Hierosolymis
2518 2869 2736 2935 missos,
2792 2869 2859 2923 ad
2919 2869 3374 2939 interrogandum

1803 2964 1979 3032 ipsum
2012 2962 2263 3031 quisnam
2299 2969 2467 3024 esset,
2514 2958 2918 3029 interrogantes
2963 2976 2979 3013 :
3016 2976 3037 3012 ι
3083 2958 3222 3025 Quid
3252 2974 3386 3028 ergo

1803 3054 2069 3124 baptizas.
2112 3052 2157 3106 si
2209 3061 2267 3105 tu
2299 3065 2403 3105 non
2445 3064 2507 3105 es
2538 3049 2630 3104 ille
2666 3049 2937 3113 Christus.
2980 3063 3161 3120 neque
3208 3049 3383 3114 Elias,

1804 3160 1980 3216 neque
2032 3143 2125 3199 ille
2172 3142 2436 3213 propheta
2481 3140 2525 3173 ³⁷
2565 3140 2589 3195 2
2628 3158 2649 3192 ι
2680 3154 2916 3211 cumque
2955 3142 3387 3212 interrogassent

1807 3240 1911 3293 hoc
1962 3238 2014 3291 in
2058 3236 2204 3303 loco,
2258 3235 2522 3301 deinceps
2573 3232 2802 3302 profecti
2845 3244 2905 3289 ut
2946 3236 3383 3305 baptizarentur,

1805 3340 1865 3384 ut
1892 3328 2083 3384 scribit
2111 3325 2405 3381 Mattheus
2434 3325 2506 3391 “,
2547 3326 2775 3380 audiunt
2803 3328 3182 3382 convenientia
3222 3325 3383 3383 fastui

1801 3432 1858 3478 et
1885 3418 2224 3478 simulationi
2250 3432 2383 3473 suae.
2417 3415 2592 3472 Porro
2615 3417 2874 3487 quoniam
2905 3417 2990 3472 his
3014 3417 3205 3473 eadem
3243 3418 3382 3484 itare,

1803 3528 1930 3584 qum
1964 3513 2142 3568 turbis
2176 3511 2320 3565 dicta
2373 3507 2615 3572 luet-ant,
2660 3507 3013 3578 postulabant
3058 3508 3175 3562 haec
3212 3507 3381 3563 colla-

1804 3607 2007 3661 tionem
2035 3612 2200 3674 atque
2229 3603 2700 3672 explanationem,
2732 3612 2855 3669 quae
2876 3600 3003 3655 dum
3038 3600 3193 3667 ﬁunt,
3230 3600 3383 3669 plura

1801 3696 2064 3769 compulit
2092 3710 2192 3751 nos
2218 3693 2610 3764 consequentia
2643 3707 2825 3748 rerum
2863 3690 3244 3747 considerare.
3287 3689 3385 3745 llis

1804 3791 2033 3858 insuper
2093 3802 2219 3856 qua:
2266 3783 2506 3838 diximus
2555 3783 2870 3838 necessario
2925 3781 3056 3836 illud
3100 3780 3383 3843 addemus,

1801 3878 2065 3934 Joannem
2109 3877 2357 3932 scribere
2404 3874 2540 3927 duos
2575 3872 2795 3929 ordines
2841 3886 2969 3928 esse
3010 3872 3380 3927 mittentium:

1802 3972 2031 4023 alterum
2060 3969 2279 4037 quidem
2301 3964 2622 4019 Jndatorum
2654 3963 2987 4017 mittentium
3022 3964 3090 4018 ab
3124 3961 3381 4017 Hieroso-

1802 4061 1963 4132 lymis
1988 4060 2304 4116 sacerdotes
2344 4067 2402 4111 et
2441 4054 2666 4109 Levites
2695 4054 2743 4086 ”
2768 4072 2785 4121 ;
2815 4055 3047 4111 alterum
3077 4064 3210 4109 vero
3234 4054 3384 4109 Pha-

1802 4153 2084 4206 risaeorum
2111 4148 2550 4204 addubitantium
2589 4162 2759 4216 quare
2800 4146 3039 4214 baptiaet
3079 4145 3120 4201 ⁸.
3184 4144 3383 4199 Tradi-

1801 4243 1980 4297 dintus
2010 4242 2178 4297 etiam
2213 4240 2525 4295 Pbarisaeos
2564 4249 2688 4309 post
2735 4239 3219 4308 interrogationem
3259 4251 3387 4305 pro-

1800 4336 1973 4390 fectos
2000 4332 2171 4389 fuisse
2196 4343 2257 4389 ut
2281 4335 2712 4404 baptizarentur.
2741 4331 2976 4386 Proinde
2994 4330 3135 4395 vide,
3162 4344 3229 4386 ne
3243 4330 3385 4386 forte

1800 4428 1971 4485 Judaei
2002 4429 2093 4498 qui
2122 4436 2252 4484 ante
2280 4427 2587 4485 Pharisatos
2635 4416 2906 4481 miserant
2953 4422 3025 4479 ab
3069 4422 3383 4495 Hierosoly-

146 4519 335 4621 ⁸ιιιῖσαιή
369 4526 679 4600 περίχωρος
714 4528 810 4583 τοῦ
854 4530 1119 4601 Ἰορδάνου
1153 4531 1508 4597 ἐϐαπτίζοντο
1536 4534 1596 4587 ἐν
1618 4532 1698 4605 τῷ

1873 4526 1930 4586 Ls,
1961 4520 2199 4576 admissa
2225 4517 2458 4574 Joannis
2486 4519 2762 4581 oratione,
2794 4517 2922 4587 quia
2955 4515 3165 4585 priores
3189 4514 3386 4571 Phari-

156 4610 369 4689 Ἰορδάνῃ
418 4620 653 4692 σωταμῷ
705 4623 797 4675 ὑπ’
839 4623 1026 4687 αὐτοῦ,
1077 4624 1568 4695 ἐξομολογούμενοι.
1599 4624 1698 4689 τὰς

144 4701 391 4776 ἁμαρτίας
416 4712 621 4768 αὐτῶνθ
638 4714 695 4783 ἢ,
723 4713 801 4778 ὡς
822 4715 852 4766 6
877 4715 1092 4780 Λουκᾶς
1112 4733 1275 4787 φησιν
1297 4715 1431 4786 (156)-
1474 4736 1493 4767 ί
1546 4716 1695 4781 Ἐξε-

146 4795 381 4865 πορεύετο
408 4802 546 4873 πρὸς
583 4804 747 4858 αὐτὸν
779 4805 928 4859 πᾶσα
968 4806 1002 4877 ἠ
1062 4806 1291 4860 Ἰουδαία
1314 4804 1489 4878 χώρα,
1519 4806 1612 4860 καὶ
1644 4807 1696 4859 οί

156 4885 550 4961 Ἱεροσολυμῖται
594 4894 820 4961 πάντες,
856 4898 951 4950 καὶ
993 4895 1352 4962 ἐϐαπτίζοντο
1394 4897 1487 4950 ὑπ’
1530 4895 1695 4950 αὐτοῦ

143 4977 195 5031 ιν
216 4978 287 5051 τῷ
320 4982 557 5057 Ἰορδάνῃ
590 4988 842 5060 ποταμῷ,
874 4988 1356 5061 ἐξομολογούμενοι
1388 4988 1486 5053 τὰς
1520 4989 1697 5060 ἁμαρ·

146 5159 167 5193 ,
192 5092 699 5193 ἓέξνίξς.ιιένὲδθ
798 5105 846 5137 ⁸⁸⁸
888 5104 1020 5161 Luc.
1061 5121 1145 5172 ιιι,
1195 5107 1248 5161 9.

189 5162 361 5223 Matth.
397 5184 479 5240 ιιι,
508 5162 644 5239 5,’6.

208 5278 310 5356 (30)
332 5283 499 5350 Αὐτῷ
533 5283 676 5352 τοὺς
712 5283 1152 5351 ἐπιϐάλλοντας
1190 5285 1459 5354 καρποὺς
1503 5286 1571 5340 τὸ
1598 5289 1702 5356 dp-

151 5350 379 5420 χόμενοιγ
412 5350 715 5425 γεωργίας.
748 5356 843 5409 Sic
896 5363 1044 5408 recte
1069 5356 1228 5409 habet
1253 5350 1702 5412 contex’Bodlet'a-

151 5436 268 5500 nus;
290 5425 453 5500 editio
474 5438 654 5500 autem
685 5425 1121 5500 Huetii,_a6:obg
1150 5425 1539 5492 ἐπιϐάλλοντας
1561 5445 1700 5500 καρ-

150 5491 366 5581 Si:
390 5494 679 5581 ἐρκοιιένῳ
706 5495 1005 5581 γεωργίας·

210 5560 312 5631 (31)
338 5560 611 5619 Asia-"£6:-
650 5560 1061 5635 'guzet’zdawa.
1114 5564 1206 5619 Sic
1238 5569 1408 5621 codex
1454 5567 1698 5622 Bodleia-

154 5636 460 5705 nusicodex
492 5635 708 5705 Regius,
742 5636 821 5688 δεῖ
838 5635 931 5705 τὸν
964 5636 1283 5705 φυτεύοντα.

216 5701 320 5772 ('61)
366 5701 810 5772 Παρεκδιὶσεως.
870 5704 947 5759 lta
978 5701 988 5705 ⁷
1022 5707 1180 5760 codd.
1262 5706 1591 5764 Barberinus
1640 5717 1694 5763 et

157 5766 487 5846 Bodleianus';
514 5776 677 5829 editio
702 5766 902 5836 Iltielii.
926 5775 1352 5846 παρεμφάσεως.

217 5837 321 5908 (55)
361 5837 698 5914 Ἀπῂτησεν.
730 5847 819 5902 Sic
864 5837 1031 5902 codoi
1075 5837 1443 5915 'Botlleiauus;
1494 5846 1693 5916 Regius

1350 5106 1394 5138 ⁹⁷
1421 5103 1579 5160 Joan.
1605 5121 1643 5171 I,
1663 5105 1755 5161 ‘25.
1834 5103 1879 5139 "
1913 5101 2107 5158 Matth.
2149 5116 2230 5169 ιιι,
2260 5098 2313 5153 7.

1800 4612 1926 4669 θεῖε
1961 4613 2234 4676 miserint,
2265 4612 2478 4681 priores
2506 4612 2671 4665 etiam
2712 4610 2958 4663 veniant.
3007 4606 3383 4679 Hierosolyma

1798 4707 1970 4773 enim,
2011 4716 2069 4760 et
2115 4714 2227 4759 tota
2255 4700 2466 4765 Judaea,
2490 4713 2548 4757 et
2582 4712 2983 4770 consequenter
3011 4698 3192 4754 omnis
3226 4700 3383 4770 regio

1799 4799 2029 4856 Jordani
2063 4797 2293 4852 linitima
2336 4794 2757 4865 baptizabantur
2788 4793 2855 4846 ab
2889 4791 3007 4862 ipso
3047 4791 3106 4845 in
3132 4788 3377 4846 Jordane

1802 4893 1996 4958 ﬂuvio,
2024 4892 2350 4945 conﬁtentes
2370 4895 2599 4957 peccata
2621 4902 2718 4941 sua
2751 4886 2772 4916 ²
2802 4903 2816 4939 :
2850 4885 2955 4951 vel,
2986 4893 3046 4939 ut
3069 4883 3249 4939 Lucas
3297 4884 3386 4938 in-

1802 4986 1963 5055 quit:
2006 5000 2025 5035 ι
2057 4980 2460 5052 Egrediebatur
2505 4980 2572 5032 ad
2618 4978 2796 5049 ipsum
2837 4976 2997 5047 130
3038 4985 3149 5033 tota
3194 4973 3383 5030 Judara

2415 5096 2461 5130 "
2499 5095 2657 5153 Joan.
2690 5112 2734 5164 ι,
2771 5094 2860 5153 l9.
2936 5097 2958 5129 ¹
2990 5095 3124 5153 ibid.
3166 5093 3261 5162 24,
3287 5092 3380 5151 25.

1801 5297 1856 5341 et
1893 5282 2249 5359 harberlnus,
2278 5284 2610 5359 ἀπήντησεν.

1873 5356 1988 5427 (54)
2010 5355 2585 5427 Προσθήσομὲνζὸιιι
2615 5355 2783 5412 codex
2818 5355 3177 5423 Bodleiauus;
3214 5355 3382 5413 editio

1803 5425 2007 5502 Hoeni,
2030 5425 2439 5502 προσθήσομαι.

1875 5497 1990 5569 (55)
2021 5495 2479 5567 Βάπτιόνόιὶενοι.
2532 5498 2628 5569 Ita,
2657 5496 2875 5553 codices
2930 5495 3261 5552 Barberintts
3323 5506 3380 5551 et

1802 5567 2156 5639 Bodleianus;
2192 5568 2361 5623 editio
2376 5569 2581 5639 lluetii,
2607 5567 3022 5639 βαπτισάμενοι.

1871 5637 1985 5707 (56)
2054 5638 2150 5701 Ὡς
2197 5637 2436 5708 Λουκᾶς
2485 5636 2705 5708 φησιν,
2751 5636 2863 5694 θιεζ
2916 5637 3042 5708 Haec
3105 5636 3378 5708 habentur

1801 5709 1972 5763 Marc.
2009 5723 2047 5772 ι,
2074 5708 2139 5774 5;
2173 5707 2343 5763 altum
2369 5706 2512 5778 apud
2538 5709 2744 5778 Lucam
2769 5708 2836 5763 de
2859 5708 2925 5762 iis
2942 5706 3244 5763 silentium.
3278 5707 3374 5763 Vel

1797 5779 2063 5833 memoria
2106 5778 2270 5847 igitur
2309 5777 2494 5848 lapsus
2531 5790 2615 5834 est
2646 5777 2933 5847 Origenes,
2961 5786 3015 5831 ut
3063 5795 3237 5848 sa'pe;
3293 5781 3375 5834 vel

1794 5865 1956 5906 manu
1987 5848 2358 5915 ταγυγράφος,
2390 5860 2446 5905 ιιι
2471 5850 2785 5908 smuissimc.
2831 5848 3088 5905 "UETIUS.
