3766 6142
366 337 467 395 251

1843 299 2187 396 ostentus

3499 341 3600 396 252

368 451 544 521 regio,
581 460 637 507 et
679 451 1115 523 Hierosolymita‘,
1156 465 1370 520 omnes,
1416 461 1472 510 et
1521 451 1929 524 baptizabantur

2062 451 2155 515 δίας
2183 448 2381 507 αὐτῶν·
2410 469 2428 502 ι
2450 449 2587 506 Οὔτε
2611 449 2796 522 μέντοι
2817 450 3093 517 Ματθαῖος
3133 452 3259 515 τοὺς
3283 453 3603 525 Φαρισαίους

367 636 636 689 Caeterum
657 648 832 707 neque
854 634 1141 691 Matthzeus
1166 634 1475 692 Pharisaeos
1503 647 1558 691 et
1587 636 1934 700 Sadducazos,

252 598 255 601 ι
370 544 440 598 ab
473 544 588 612 ipso
612 541 667 597 in
693 541 934 598 Jordane
959 542 1150 608 ﬂuvio,
1177 544 1745 613 conﬁtentespeccata
1768 558 1886 598 sua.
1909 560 1928 596 ι

2062 546 2131 599 tat
2147 545 2552 613 Σαδδουκαίους,
2580 546 2716 619 πρὸς
2736 544 2830 611 οὓς
2852 544 3094 614 λέγεται,
3117 565 3137 597 ι
3157 546 3475 617 Γεννήματα
3492 545 3605 618 ιέχι-

2035 637 2193 703 δνῶν,
2228 658 2246 690 ι
2273 637 2394 691 οὔτε
2416 639 2629 702 Λουκᾶς
2655 639 2781 702 τοὺς
2796 637 2986 708 ὄχλους
3009 638 3111 709 τὴν
3131 637 3301 708 αὐτὴν
3327 637 3605 709 ἐπίπληξιν

364 728 564 796 quibus
597 727 839 785 dicitur:
891 748 912 782 ι
946 729 1241 801 Progenies
1273 729 1582 798 viperarum
1621 730 1663 794 ³,
1702 748 1721 781 ι
1763 743 1929 797 neque

2062 730 2337 793 ικούοντας
2356 728 2657 797 εἰσάγουσι,
2682 727 3201 799 ἐξομολογουμένους
3223 726 3323 792 τὰς
3343 728 3609 802 ἁμαρτίας

365 815 543 874 Lucas
575 818 761 875 turbas
782 820 1029 875 eamdem
1063 819 1492 890 increpationetn
1524 820 1744 877 audisse
1774 820 1937 876 indu-

364 918 500 967 cunt
528 910 847 967 conﬁtentes
870 919 1095 982 peccata
1124 925 1246 967 sua.
1280 909 1417 966 Illud
1440 926 1574 968 vero
1600 912 1940 967 dubitatione

364 1001 590 1074 dignum
622 1013 729 1069 est,
758 1005 1052 1074 quomodo,
1095 1018 1218 1058 cum
1253 1012 1360 1060 tota
1399 1002 1939 1074 Hierosolymitarum

332 1096 524 1162 .urbs,
556 1105 610 1151 et
643 1105 753 1152 tota
783 1096 993 1160 Judaea,
1027 1103 1083 1150 et
1113 1103 1221 1149 tota
1251 1096 1400 1167 regio
1437 1095 1661 1151 Jordani
1711 1096 1940 1151 tinitima

332 1234 335 1239 ι
367 1187 788 1258 baptizarentur
817 1189 873 1244 in
897 1187 1141 1245 Jordane
1162 1205 1193 1243 a
1216 1187 1448 1253 Joanne,
1477 1188 1739 1244 Servatur
1757 1188 1939 1243 dicat:

372 1299 393 1331 ι
438 1280 601 1337 Venit
628 1280 868 1337 Joannes
902 1280 1148 1351 Baptista
1179 1294 1354 1349 neque
1383 1280 1739 1343 manducans,
1769 1294 1944 1350 neque

367 1371 580 1438 bibens,
626 1381 681 1427 et
708 1371 925 1427 dicitis:
961 1371 1297 1429 Daemonium
1316 1371 1494 1429 habet
1522 1371 1585 1439 Ιι;
1618 1389 1637 1423 ι
1672 1380 1727 1427 et
1775 1372 1945 1427 inter-

367 1462 731 1535 rogantibus:
768 1481 788 1516 ι
820 1464 875 1517 In
905 1478 1012 1533 qua
1044 1472 1316 1533 potestate
1353 1463 1470 1519 haec
1515 1464 1653 1521 facis
1678 1464 1699 1497 ⁵
1727 1464 1751 1518 ?
1787 1482 1808 1517 ι
1861 1465 1945 1520 di-

367 1557 482 1613 cit:
531 1576 551 1608 ι
584 1556 936 1628 Interrogabo
963 1567 1018 1612 et
1048 1573 1148 1628 ego
1166 1573 1263 1614 vos
1298 1574 1466 1615 unum
1498 1559 1723 1615 verbum
1751 1575 1767 1624 ;
1797 1559 1944 1629 quod

368 1647 414 1700 si
460 1647 709 1703 dixeritis
755 1648 911 1715 mihi,
961 1648 1138 1703 dicam
1173 1650 1341 1704 etiam
1386 1664 1488 1720 ego
1531 1649 1706 1713 vobis,
1743 1648 1799 1702 in
1838 1662 1945 1718 qua

2040 821 2241 876 αὐτῶν.
2279 820 2464 890 ’Ἄξιον
2493 822 2551 876 δέ
2596 822 2946 893 ἐπαπορῆσαι
2988 819 3129 884 πῶς,
3160 819 3343 892 πάσης
3367 820 3466 892 τῆς
3515 820 3605 874 Ἱε-

2044 914 2410 987 ροσολυμιτῶν
2455 914 2685 980 πόλεως,
2714 914 2808 967 καὶ
2848 913 3030 984 πάσης
3064 913 3165 983 τῆς
3207 912 3485 976 Ἰουδαίας,
3516 914 3606 967 καὶ

2041 1005 2222 1077 πάσης
2256 1007 2357 1079 τῆς
2399 1006 2711 1079 περιχώρου
2748 1005 2841 1060 τοῦ
2888 1003 3153 1076 Ἰορδάνου
3201 1002 3605 1075 βαπτιζομένων

2041 1098 2100 1152 ἐν
2159 1097 2237 1169 τῷ
2303 1099 2544 1172 Ἰορδάνῃ
2594 1098 2700 1152 ὑπὸ
2765 1098 3033 1163 Ἰωάννου,
3095 1096 3125 1149 ὁ
3176 1095 3367 1166 Σωτήρ
3412 1108 3604 1165 φησιν·

2050 1211 2069 1244 ι
2115 1191 2403 1264 Ἐλήλυθεν
2450 1193 2480 1245 ὁ
2523 1191 2777 1262 Ἰωάννης
2803 1192 2831 1244 ὁ
2861 1187 3192 1259 Βαπτιστὴς,
3231 1188 3372 1259 μήτε
3398 1184 3607 1251 ἐσθίων,

2047 1284 2183 1355 μήτε
2215 1284 2405 1348 πίνων,
2435 1284 2531 1338 καὶ
2558 1283 2748 1351 λέγετε
2767 1301 2781 1314 ’
2812 1282 3098 1355 Δαιμόνιον
3128 1266 3270 1352 ἔχει·
3308 1298 3328 1331 ι
3357 1279 3454 1333 καὶ
3479 1277 3606 1349 πρὸς

2043 1376 2169 1440 τοὺς
2196 1375 2562 1447 πυθομένουςο
2595 1394 2613 1427 ι
2655 1376 2742 1429 Ἐν
2773 1375 2901 1446 ποίᾳ
2923 1373 3140 1444 ἐξουσίᾳ
3156 1372 3329 1427 ταῦτα
3356 1371 3559 1436 ποιεϊς;
3586 1388 3603 1421 ι

2043 1468 2211 1538 λέγει·
2243 1487 2262 1520 ι
2287 1466 2458 1536 Κάγὼ
2474 1468 2735 1539 ἐρωτήσω
2755 1467 2898 1538 ὑμᾶς
2922 1466 3019 1521 ἕνα
3037 1465 3217 1534 λόγον,
3235 1463 3297 1517 ὃν
3321 1462 3418 1517 ἐὰν
3431 1459 3610 1532 είπητέ

2049 1576 2160 1628 μοι,
2205 1558 2361 1628 κάγὼ
2401 1560 2531 1629 ὑμῖν
2574 1559 2706 1630 ἐρῶ,
2740 1560 2800 1613 ἐν
2834 1558 2962 1629 ποίᾳ
3004 1556 3224 1627 ἐξουσίᾳ
3253 1554 3431 1609 ταῦτα
3460 1551 3606 1606 ποιῶ⁶

2046 1647 2120 1701 Τὸ
2173 1647 2453 1718 βάπτισμα
2497 1648 2559 1701 τὸ
2622 1647 2867 1701 Ἰωάννου
2915 1647 3079 1701 πόθεν
3109 1642 3212 1718 ἦν;
3256 1646 3317 1714 ἐξ
3365 1641 3610 1716 οὐρανοῦ,

368 1746 635 1808 potestate
667 1739 787 1794 hzec
820 1740 983 1795 facio.
1022 1738 1331 1808 Baptismus
1353 1739 1578 1796 Joannis
1607 1740 1750 1796 unde
1777 1749 1894 1795 erat
1920 1739 1929 1792 ἲ

2062 1740 2081 1809 ἢ
2117 1739 2227 1811 ('57)
2270 1739 2329 1807 ἐξ
2361 1739 2698 1812 ἁνθρώπωνς
2725 1740 2817 1793 ὅτε
2848 1739 2945 1793 καὶ
2975 1734 3406 1808 διαλογιζόμενοι
3436 1747 3610 1804 φασινο

367 1847 402 1890 e
441 1832 580 1889 coelo
625 1849 694 1888 an
736 1850 804 1889 ex
845 1835 1156 1892 hominibus
1204 1836 1270 1890 ³2
1321 1855 1340 1888 ι
1401 1837 1623 1906 quando
1667 1846 1724 1892 et
1769 1837 1929 1894 disce

2062 1805 2080 1884 li
2267 1805 2535 1903 είπωμεν,
2565 1831 2624 1899 ἐξ
2654 1830 2909 1903 οὐρανοῦ,
2943 1831 3093 1902 ἐρεῖ·
3131 1805 3230 1882 Διὰ
3252 1805 3330 1880 ’τί
3370 1819 3473 1880 οὐκ
3504 1826 3613 1879 ἐπι-

368 1931 589 1991 ptantes
627 1925 918 1994 inquiunt:
957 1942 975 1975 ι
1003 1923 1059 1979 Si
1098 1926 1419 1991 dixerimus,
1462 1942 1493 1982 e
1544 1927 1704 1996 cmlo,
1747 1929 1891 1985 dicet
1927 1946 1942 1983 :

369 2015 548 2082 Quare
584 2032 693 2072 non
719 2018 1030 2074 credidistis
1054 2018 1128 2073 illi
1153 2019 1221 2072 ’ἲ
1251 2037 1271 2071 ι
1315 2017 1423 2074 Sed
1459 2019 1691 2075 solvitur
1718 2020 1861 2077 hunc
1891 2023 1945 2078 in

372 2108 591 2163 modum
634 2107 903 2164 dubitatio
943 2125 958 2162 :
992 2108 1277 2175 Pharisaei,
1323 2119 1384 2164 ut
1422 2121 1580 2166 antea
1631 2113 1945 2168 observavi-

373 2215 520 2266 Inus,
556 2201 647 2270 qui
681 2200 986 2268 audierant,
1017 2220 1035 2253 ι
1065 2201 1364 2273 Progenies
1393 2202 1731 2273 viperarum,
1777 2223 1798 2258 ι
1847 2220 1948 2262 nec

371 2290 448 2346 illi
480 2291 849 2362 crediderant,
880 2297 1148 2352 accedunt
1172 2296 1240 2351 ad
1272 2282 1624 2366 baptismum,
1664 2297 1945 2364 timentes,

370 2383 446 2438 uti
475 2386 758 2454 probabile
785 2400 890 2454 est,
918 2390 1154 2454 turbam,
1192 2398 1357 2460 atque
1378 2398 1600 2460 propter
1628 2389 1749 2446 illos
1777 2391 1918 2446 simu

352 2474 485 2537 ,late
520 2477 766 2533 volentes
818 2479 1014 2546 lavari,
1067 2495 1138 2535 ne
1190 2490 1271 2537 tot
1307 2483 1622 2537 hominibus
1671 2481 1946 2537 adversari

370 2566 712 2623 viderentur.
743 2568 1057 2626 Sentientes
1084 2571 1249 2641 igitur
1296 2572 1476 2643 ipsum
1507 2571 1577 2627 ab
1609 2571 1946 2638 hominibus,

375 2674 483 2714 non
518 2674 550 2714 e
580 2659 721 2715 coelo
750 2662 954 2716 habere
984 2663 1336 2733 baptismum,
1369 2665 1562 2719 timent
1591 2662 1737 2733 quod
1768 2662 1949 2733 suspi-

371 2760 571 2807 cantur
598 2753 802 2820 dicere,
855 2770 923 2811 ne
975 2755 1117 2813 forte
1163 2757 1471 2828 Iapidentur
1496 2771 1527 2811 a
1558 2757 1738 2812 turba.
1770 2755 1950 2823 Quare

371 2861 493 2915 quae
523 2845 782 2903 Servatur
805 2848 1096 2907 Pharisaeis
1126 2851 1346 2906 locutus
1370 2859 1474 2917 est,
1516 2850 1798 2906 contraria
1836 2864 1946 2904 non

375 2946 504 2993 sunt
534 2937 620 2994 his
653 2952 773 3008 qua
795 2942 998 3012 scripta
1028 2942 1250 2998 fuerunt
1280 2943 1334 2998 in
1363 2941 1675 3012 Evangeliis
1709 2942 1777 2996 de
1807 2939 1948 2995 mul-

375 3029 610 3085 titudine
632 3046 821 3088 eorum
846 3034 938 3102 qui
963 3034 1106 3104 apud
1123 3033 1389 3089 Joannem
1415 3032 1681 3102 baptizati
1705 3030 1946 3098 fuerunt,

373 3134 501 3176 cum
547 3120 746 3192 alioqui
786 3123 1108 3178 temeritatis
1144 3122 1543 3178 Pharisaeorum
1575 3121 1740 3176 fuerit
1768 3121 1949 3176 dicere

376 3206 641 3264 Joannem
667 3210 871 3266 habere
902 3211 1245 3276 daemonium,
1275 3224 1331 3268 et
1357 3212 1543 3269 Jesum
1578 3212 1632 3267 in
1663 3211 1948 3268 Beelzean

377 3301 770 3356 daemoniorum
797 3303 1042 3373 principe
1070 3304 1310 3361 virtutes
1337 3305 1575 3361 edidisse
1598 3304 1643 3362 ⁸.

452 3401 538 3457 15.
564 3400 845 3471 Respondit
904 3396 1014 3450 illis
1074 3395 1338 3459 Joannes,
1393 3395 1596 3448 dicens:
1652 3394 1760 3465 Ego
1821 3397 1940 3466 qui-

379 3497 496 3551 dem
538 3495 744 3565 baptizo
794 3509 881 3546 vos
925 3492 981 3545 in
1030 3505 1211 3561 aqua:
1246 3490 1301 3542 in
1338 3489 1508 3542 medio
1564 3496 1741 3542 autem
1788 3490 1943 3543 vestri

378 3596 504 3654 stat,
535 3604 686 3658 quem
735 3601 822 3640 vos
868 3582 1091 3637 nescitis.
1123 3581 1240 3651 Ipse
1281 3589 1375 3645 est,
1412 3582 1503 3651 qui
1540 3589 1655 3650 post
1689 3599 1771 3636 me
1815 3598 1943 3636 uen-

380 3691 529 3735 turus
583 3686 686 3743 est,
739 3676 887 3745 cujus
939 3689 1039 3727 non
1095 3689 1213 3727 sum
1251 3673 1435 3742 dignus
1488 3681 1545 3724 ut
1590 3671 1788 3726 solvam
1828 3673 1943 3742 ejus

379 3772 661 3842 corrigiam
708 3768 1044 3822 calceamenti
1072 3766 1115 3820 ’.
1151 3765 1414 3835 Equidem
1474 3763 1778 3819 Heracleon
1824 3765 1943 3820 exi-

378 3863 563 3919 stimat
606 3862 868 3916 Joannem
928 3858 1260 3928 respondere
1314 3857 1401 3912 his
1439 3856 1532 3927 qui
1574 3872 1606 3910 a
1650 3857 1942 3912 Pharisaais

382 3942 537 3994 missi
578 3941 820 4006 fuerant,
859 3943 1004 4010 quod
1050 3944 1167 4013 ipse
1209 3942 1443 4011 volebat,
1486 3957 1595 3999 non
1632 3943 1700 3999 ad
1727 3943 1780 3998 id
1811 3942 1956 4015 quod

383 4028 458 4083 illi
510 4029 1018 4099 interrogaveram,
1077 4049 1185 4089 non
1237 4034 1528 4090 advertens
1584 4048 1645 4090 se
1703 4034 1958 4091 incusare

379 4121 700 4193 prophetam
743 4124 994 4189 inscitiae,
1052 4125 1098 4179 si
1137 4124 1282 4181 aliud
1326 4125 1724 4197 interrogatus,
1776 4126 1843 4182 de
1895 4139 1957 4180 re

380 4213 490 4275 alia
528 4214 822 4283 respondet
862 4235 876 4271 :
926 4216 1228 4271 cavendum
1276 4218 1422 4272 enim
1477 4217 1636 4272 nobis
1669 4220 1766 4277 Sest
1827 4216 1956 4282 hoc,

380 4306 509 4361 dum
563 4306 949 4376 colloquimur,
999 4316 1257 4378 tanquam
1315 4310 1531 4364 vitium.
1588 4308 1817 4376 Contra,
1858 4322 1959 4364 nos

2049 1922 2307 1976 στεύσατε
2329 1921 2510 1994 αὐτῷ;
2546 1941 2565 1974 ι
2598 1921 2799 1976 Λύεται
2827 1922 2885 1974 δὲ
2907 1921 2971 1974 τὸ
2994 1920 3270 1993 ἀπορηθὲν
3293 1918 3489 1981 οὕτως’
3517 1918 3616 1972 Φα-

2051 2016 2264 2085 ρισαῖοι,
2303 2015 2379 2078 ὼς
2412 2014 2925 2086 προτετηρήκαμεν,
2956 2014 3003 2067 οἱ
3042 2010 3396 2073 ἀκούσαντες,
3442 2028 3461 2060 ι
3499 2008 3614 2061 Γεν-

2046 2109 2261 2179 νήματα
2276 2107 2518 2178 ἐχιδνῶν,
2532 2109 2617 2161 »οὐ
2636 2105 3058 2169 πεπιστευκότες
3071 2102 3220 2174 αὐτῷ
3237 2101 3617 2174 παραγίνονται

2047 2201 2140 2255 ἐπὶ
2176 2200 2238 2254 τὸ
2267 2200 2572 2272 βάπτισμα,
2612 2200 2782 2265 εἰκὸς,
2828 2199 2911 2252 ὅτι
2947 2198 3040 2252 τὸν
3084 2196 3240 2267 ὄχλον
3279 2192 3616 2264 φοϐούμενοι,

2047 2292 2139 2346 καὶ
2189 2291 2332 2346 κατὰ
2383 2293 2483 2364 τὴν
2536 2291 2675 2364 πρὸς
2722 2292 2965 2354 ἐκείνους
3009 2290 3299 2361 ὑπόκρισιν
3354 2285 3617 2351 ἀξιοῦντες

2046 2383 2360 2449 λούσασθαι,
2393 2384 2484 2437 ἵνα
2523 2383 2598 2457 μὴ
2647 2384 2855 2439 δοκοῖεν
2886 2380 3261 2438 ἐναντιοῦσθαι
3300 2381 3417 2442 τοῖς
3442 2376 3614 2432 τοσού-

2046 2493 2177 2540 τοις.
2217 2474 2543 2548 Φρονοῦντες
2578 2474 2710 2544 γοῦν
2755 2474 2918 2530 αὐτὸν
2966 2475 3064 2529 ἀπ’
3102 2470 3415 2543 ἀνθρώπων
3461 2470 3615 2540 ἔχειν,

2048 2570 2143 2625 καὶ
2177 2570 2278 2623 οὐκ
2314 2571 2410 2626 ἀπ’
2452 2567 2686 2642 οὐρανοῦ
2731 2569 2793 2622 τὸ
2834 2565 3138 2638 βαπτίζειν,
3173 2564 3262 2617 διά
3313 2564 3423 2649 τὸν.
3447 2562 3614 2633 ὄχλον,

2052 2667 2264 2737 μήποτε
2289 2661 2637 2727 λιθασθῶσιν,
2665 2658 2956 2731 φοϐοῦνται
2988 2658 3126 2729 ὅπερ
3152 2654 3618 2725 ὑπολαμϐάνουσιν

2051 2760 2246 2813 εἰπεῖν’
2271 2755 2413 2810 ὥστε
2444 2755 2546 2809 οὐκ
2571 2751 2911 2809 ἐναντιοῦται
2939 2750 3047 2804 ὑπὸ
3070 2747 3163 2802 τοῦ
3195 2747 3454 2818 Σωτῆρος
3480 2747 3619 2817 είρη-

2055 2853 2191 2924 μένα
2230 2849 2367 2921 πρὸς
2408 2849 2535 2911 τοὺς
2577 2844 2924 2918 Φαρισαίους,
2967 2845 3080 2907 τοῖς
3114 2838 3620 2911 ἀναγεγραμμένοις

2050 2945 2110 2998 ἐν
2134 2944 2248 3007 τοῖς
2284 2939 2641 3011 Εὑαγγελίοις
2663 2938 2794 3010 περὶ
2822 2935 2916 2991 τοῦ
2952 2933 3191 3008 πλήθους
3234 2931 3347 2987 τῶν
3379 2929 3529 3003 παρὰ
3549 2927 3621 2999 τῷ

2064 3036 2285 3107 Ἰωάννῃ
2331 3030 2753 3105 βαπτισαμένων
2772 3046 2786 3060 ’
2849 3026 2942 3081 τοῦ
2976 3025 3213 3099 θράσους
3234 3023 3296 3077 δὲ
3337 3021 3448 3075 τῶν
3468 3022 3622 3092 Φαρι-

2057 3127 2223 3180 σαίων
2266 3122 2334 3197 ἦν
2366 3123 2647 3196 δαιμόνιον
2678 3120 2825 3191 ἔχειν
2864 3117 3046 3188 λέγειν
3091 3116 3184 3169 τὸν
3231 3114 3505 3185 Ἰωάννην,
3538 3112 3622 3165 καὶ

2051 3222 2110 3274 ἐν
2144 3218 2472 3285 Βεελζεὸοὺλ
2501 3216 2582 3288 τῷ
2620 3215 2843 3287 ἄρχοντι
2870 3210 2980 3265 τῶν
3021 3207 3315 3281 δαιμονίων
3346 3208 3447 3272 τὰς
3475 3205 3621 3260 δυνά-

2056 3329 2175 3382 μεις
2202 3310 2431 3380 φάσκειν
2457 3309 2551 3362 τὸν
2591 3303 2801 3378 Ἰησοῦν
2830 3300 3211 3372 πεποιηκέναι.

2130 3406 2215 3461 15.
2248 3402 2621 3471 Ἀπεκρίνατο
2649 3393 2852 3462 αὐτοῖς
2875 3398 2909 3450 ὁ
2937 3392 3216 3484 Ἰωάννης

2056 3495 2318 3566 βαπτίζω
2331 3497 2400 3551 ἐν
2414 3496 2603 3549 ὕδατι·
2616 3490 2807 3562 μέσος
2828 3486 2895 3540 δὲ
2912 3483 3077 3555 ὑμῶν
3094 3482 3352 3549 ἔστηκεν
3364 3477 3437 3532 ὃν
3453 3477 3608 3545 ὑμεῖς

2059 3593 2170 3646 οὐκ
2192 3589 2411 3643 οἴδατε.
2442 3584 2634 3650 Αὐτός
2656 3582 2827 3636 ἐστιν
2854 3580 2888 3633 ὁ
2917 3577 3108 3631 ὀπίσω
3137 3590 3255 3643 μου
3277 3569 3608 3638 ἐρχόμενος,

2061 3677 2132 3739 οὗ
2159 3683 2269 3736 οὐκ
2291 3679 2407 3748 εἰμι
2429 3676 2544 3747 ἐγὼ
2563 3675 2732 3739 ἄξιος
2751 3672 2854 3727 ἵνα
2871 3670 3040 3727 λύσω
3067 3664 3250 3721 αὑτοῦ
3281 3662 3393 3717 τὸν
3411 3657 3610 3730 ἱμάντα

2063 3775 2170 3828 τοῦ
2201 3770 2598 3837 ὑποδήματος.
2627 3768 2685 3820 '0
2714 3765 2812 3838 μὲν
2843 3759 3150 3834 Ἡρακλέων
3174 3757 3367 3820 οίεται,
3388 3753 3470 3806 ὅτι
3488 3750 3611 3803 arto.

2066 3864 2308 3936 κρίνεται
2330 3862 2360 3915 ὁ
2385 3860 2637 3930 Ἰωάννης
2671 3857 2784 3919 τοῖς
2829 3853 2894 3907 ἐκ
2912 3850 3019 3905 τῶν
3042 3845 3349 3919 Φαρισαίων
3368 3838 3612 3936 ueneﬁci-

2069 3928 2173 4021 σίν,
2196 3949 2258 4011 οὗ
2296 3953 2433 4026 πρὸς
2455 3953 2484 4007 ὃ
2513 3928 2708 4006 ἐκεῖνοι
2739 3947 3057 4019 ἐπηρώτων,
3087 3939 3200 3996 ἀλλ’
3230 3938 3260 3991 ὃ
3288 3935 3451 3998 αὐτὸς
3472 3928 3613 3986 ἐϐού-

2069 4050 2207 4106 λετο,
2234 4025 2424 4101 ἑαυτὸν
2452 4041 2724 4096 λανθάνων
2742 4079 2758 4102 ,
2789 4038 2871 4091 ὅτι
2903 4032 3195 4104 κατηγορεῖ
3217 4028 3312 4083 τοῦ
3346 4025 3613 4099 προφήτου

2058 4128 2316 4202 ἀμαθίας,
2361 4129 2476 4197 εῐγε
2523 4127 2651 4183 ἄλλο
2705 4123 3060 4199 ἐρωτώμενος
3105 4122 3235 4195 περὶ⁵
3279 4119 3445 4173 άλλου
3502 4116 3624 4168 ἀπο-

2061 4220 2325 4294 κρίνεται’
2376 4216 2483 4289 χρὴ
2520 4216 2631 4288 γὰρ
2688 4216 2785 4270 καὶ
2833 4212 2995 4267 τοῦτο
3046 4208 3414 4282 φυλάττεσθαι
3465 4206 3536 4294 ᾡς
3574 4204 3624 4256 ἐν

2062 4293 2370 4380 κοινολογίᾳ
2435 4307 2740 4378 ἁμάρτημα
2797 4302 3089 4373 τυγχάνον.
3169 4299 3361 4370 Ἡμεῖς
3422 4293 3477 4347 δέ
3529 4306 3622 4360 φα-

364 4397 542 4469 νιει
576 4398 813 4454 dicimus
857 4399 1095 4456 maxime
1139 4403 1444 4471 appositam
1491 4416 1612 4457 esse
1656 4400 1929 4470 responsio

2066 4416 2186 4471 μεν,
2238 4400 2320 4453 ὅτι
2374 4395 2609 4468 μάλιστα
2671 4393 2809 4466 πρὸς
2867 4391 2998 4455 ἐπος
3045 4389 3194 4443 ἐστὶν
3247 4387 3282 4457 ἡ
3328 4382 3621 4471 ἀπόκρισις,

381 4466 539 4546 nent:
559 4489 805 4560 Namque
840 4494 905 4547 ad
938 4493 1104 4547 illud:
1139 4466 1324 4560 (Quid
1348 4509 1479 4565 ergo
1513 4466 1783 4564 baptizas,
1814 4492 1862 4548 si
1897 4503 1929 4546 tt

2066 4466 2210 4565 Πρὸς
2239 4490 2348 4562 γὰρ
2377 4466 2477 4543 έό⁶
2517 4506 2535 4539 ι
2572 4486 2637 4540 Τί
2691 4481 2783 4540 οὖν
2833 4482 3139 4555 βαπτίζεις,
3187 4479 3235 4531 εἰ
3280 4477 3346 4530 σὺ
3386 4475 3485 4529 οὐκ
3527 4466 3575 4524 εἴ
3600 4470 3625 4521 ὁ

381 4598 489 4639 non
520 4597 582 4639 es
615 4584 704 4639 ille
749 4585 1001 4642 Christus
1025 4587 1108 4640 ὀι
1136 4606 1155 4640 ι
1199 4587 1330 4656 quid
1384 4587 1531 4642 aliud
1568 4587 1675 4642 dici
1710 4566 1928 4656 opertui

2062 4582 2325 4657 Χριστός;
2369 4599 2388 4633 ι
2416 4580 2470 4633 τί
2497 4578 2626 4633 ἄλλο
2650 4577 2816 4649 ἐχρῆν
2842 4577 3038 4639 εἰπεῖν,
3066 4574 3101 4644 ἦ
3133 4590 3194 4626 τε
3222 4571 3283 4626 τὸ
3311 4569 3442 4623 ἴδιον
3466 4581 3624 4637 παρα-

370 4691 543 4744 .qnam
586 4678 873 4735 ostendere
916 4680 1183 4748 baptisma
1230 4694 1390 4734 suum
1446 4694 1570 4735 esse
1625 4680 1912 4750 corporale

2062 4676 2249 4747 στῆναι
2288 4674 2570 4745 βάπτισμα
2605 4667 3061 4741 σωματικώτερον
3092 4666 3380 4763 τυγχάνοις
3402 4680 3424 4714 ι
3461 4658 3615 4763 Ἰξγώι

388 4784 409 4820 ι
431 4767 544 4840 Ego
565 4788 584 4822 ι
636 4771 802 4837 enim,
856 4771 1054 4843 inquit,
1087 4792 1106 4825 ι
1132 4772 1352 4843 baptizo
1380 4772 1435 4827 in
1480 4773 1724 4842 aqua“;
1759 4792 1778 4827 ι
1804 4788 1928 4830 cum

2062 4768 2192 4840 γὰρ.
2215 4768 2399 4841 φησὶν,
2418 4787 2436 4821 ι
2462 4763 2706 4835 βαπτίζω
2748 4762 2806 4815 ἐν
2836 4759 2990 4814 ῦδατι
3010 4776 3025 4789 ο
3077 4776 3096 4809 ι
3146 4756 3240 4809 καὶ
3276 4752 3447 4843 τοῦτο
3476 4751 3625 4802 εἰπὼν

383 4876 492 4932 que
520 4862 625 4918 hoc
649 4842 1025 4933 respondisset
1049 4864 1117 4918 ad
1147 4842 1282 4919 illud
1315 4880 1332 4920 :
1365 4882 1385 4916 ι
1410 4863 1549 4930 Quid
1601 4878 1734 4933 ergo
1782 4865 1929 4936 bapti

2068 4860 2206 4931 πρὸς
2232 4859 2329 4912 τό·
2374 4876 2393 4908 ι
2440 4856 2505 4909 Τί
2541 4850 2634 4909 οὖν
2690 4852 3010 4924 βαπτίζεις;
3051 4869 3070 4901 ι
3114 4844 3337 4937 πρὺςτὺ
3364 4842 3623 4937 δεύτερον·

390 4929 528 5011 sas?
555 4973 575 5008 ι
607 4954 678 5010 ad
717 4929 992 5010 alterum:
1032 4955 1133 5010 «Si
1180 4963 1234 5010 tu
1274 4970 1382 5010 non
1421 4929 1481 5011 es
1519 4954 1609 5010 ille
1638 4929 1915 5022 Christus,

2074 4970 2093 5004 ι
2119 4929 2191 5004 Et
2245 4947 2308 5001 σὺ
2341 4947 2444 5000 οὐκ
2491 4941 2542 4998 ει
2586 4945 2615 4996 ὁ
2658 4940 2914 5015 Χριστὸς,
2954 4959 2973 4990 ι
3019 4934 3324 5017 δοξολογίαν
3372 4929 3501 5036 περὶ
3542 4929 3627 4995 τῆς

385 5045 574 5102 laudes
602 5057 823 5103 enarrat
854 5048 919 5103 de
948 5049 1224 5120 pratcipua
1253 5064 1315 5105 ac
1340 5048 1674 5116 praecedenti
1703 5050 1929 5105 substau

2066 5040 2484 5114 προηγουμένης
2509 5036 2697 5100 οὐσίας
2717 5032 2952 5107 Χριστοῦ
2979 5032 3288 5120 διηγεῖται,
3305 5025 3388 5120 ὅτι
3417 5025 3625 5120 δύναμιν

390 5140 463 5194 tia
493 5139 717 5205 Christi,
760 5109 967 5209 nempe.
997 5109 1138 5211 quod
1201 5141 1451 5197 Christus
1499 5152 1713 5196 tantum
1764 5142 1929 5196 viriur

2065 5109 2333 5205 τοσαῦτην
2362 5109 2496 5204 ἔχει,
2517 5132 2592 5194 ὡς
2618 5129 2714 5183 καὶ
2738 5127 2971 5199 ἀόρατος
3005 5119 3145 5177 εἶναι
3175 5122 3241 5190 τῇ
3269 5117 3503 5211 θειότητι
3535 5109 3624 5209 at):

388 5228 573 5298 habet,
621 5238 683 5284 ut
725 5206 1028 5287 invisibilis
1052 5231 1216 5286 etiam
1250 5232 1323 5285 sit
1356 5232 1639 5288 divinitate
1664 5247 1787 5297 sua,
1811 5247 1929 5287 omn

2069 5225 2189 5289 τοῦ,
2223 5224 2413 5297 παρὼν
2443 5224 2607 5277 παντὶ
2646 5218 2938 5291 ἀνθρώπῳ,
2988 5213 3148 5270 παντὶ
3189 5206 3526 5301 δὲκαὶ-ὅλῳ
3564 5206 3629 5301 Et?

390 5321 598 5378 homini
634 5336 893 5391 praesens,
924 5333 980 5378 et
1001 5337 1099 5395 per
1128 5322 1441 5377 universum
1468 5322 1657 5378 orbem
1682 5330 1929 5378 extensus

2072 5321 2263 5392 κόσμῳ
2288 5296 2889 5390 συμπαρεκτεινόμενος
2911 5327 2924 5340 ·
2953 5309 3092 5378 ὅπερ
3117 5300 3374 5395 δηλοῦται
3396 5296 3484 5352 διά
3512 5296 3598 5395 τοῦ
3616 5304 3627 5318 ·

389 5416 533 5486 quod
569 5384 888 5472 declaratur
920 5384 1021 5484 per
1067 5411 1240 5469 illud:
1275 5431 1295 5464 ι
1325 5412 1380 5468 1η
1419 5413 1600 5468 medio
1649 5413 1815 5468 vestri
1860 5423 1929 5469 st:

2082 5430 2101 5464 ι
2342 5384 2496 5483 ῦμῶν
2524 5384 2742 5479 ἓστηκεζ
2776 5425 2795 5457 ι
2825 5404 2937 5457 Καὶ
2972 5400 3095 5454 ἐπεὶ
3133 5396 3283 5450 οὐδὲν
3330 5393 3380 5445 οἱ
3427 5384 3623 5461 προσδο-

460 5578 483 5610 ⁸
518 5577 706 5633 Matth.
738 5591 821 5641 ιιι,
852 5573 908 5630 7.
977 5571 1001 5605 ⁸
1029 5571 1221 5627 Matth.
1250 5586 1325 5636 XI,
1350 5571 1441 5626 i8.
1488 5571 1537 5641 κ’
1567 5569 1756 5627 Matth.
1779 5589 1893 5637 1x1,
1915 5574 2004 5629 ‘23.
2085 5573 2105 5601 ⁶
2139 5567 2271 5625 ibid.
2304 5566 2397 5632 ει,
2419 5563 2510 5619 95.
2592 5563 2611 5593 ⁷
2639 5562 2769 5618 ibid.
2806 5559 2895 5616 26.
2975 5559 2997 5589 ”
3023 5555 3151 5610 Luc.
3180 5568 3255 5619 tu,
3277 5547 3364 5601 15.
3440 5542 3462 5574 ’
3489 5537 3625 5597 Joan.

383 5670 420 5721 ι,
464 5648 555 5714 36,
580 5647 670 5702 27.
747 5640 983 5703 "’Joan.
1012 5660 1053 5712 ι,
1076 5642 1168 5697 25.
1249 5643 1289 5672 “
1312 5644 1444 5740 ibid.
1477 5640 1568 5709 26.

446 5787 580 5859 ’(⁵7)
617 5788 713 5856 Ἐξ
745 5791 1024 5858 οὐρανοῦ,
1060 5789 1120 5859 ἦ.
1148 5789 1309 5846 Dccst
1346 5788 1402 5844 in
1451 5783 1692 5843 editione
1723 5779 1928 5844 lluetii,

2082 5774 2385 5833 restituitur
2417 5786 2482 5829 ex
2513 5770 2670 5827 codd.
2703 5763 2995 5822 Bodleiano
3024 5771 3076 5817 et
3101 5756 3419 5815 Barberiuo.
