3766 6142
137 377 220 432 255
1145 372 1502 432 COMMENT.
1542 372 1612 428 ΚΝ
1642 369 1838 429 JOAN.
1876 371 2111 430 TOMUS
2152 371 2242 428 Vl.

3239 373 3344 428 256

136 492 304 554 κῶντες
348 491 578 563 Χριστοῦ
634 491 932 564 ἐπιδημίαν
996 493 1280 564 Φαρισαῖοι
1351 490 1668 564 τηλικοῦτον

1867 529 1882 557 ,
1914 488 2096 562 [quem
2133 504 2231 546 vos
2276 487 2500 546 nescitis
2524 469 2588 543 η.
2627 487 2754 559 ›]Ει
2779 487 3038 556 quoniam
3066 487 3200 544 nihil
3235 489 3344 545 tale

134 587 235 656 περὶ
271 583 426 638 αὑτοῦ
457 583 668 656 ἐώρων,
720 585 1004 656 ἄνθρωπον
1059 585 1265 638 τέλειον
1307 585 1458 654 ἆγιον
1507 584 1668 655 μόνον

134 676 561 747 ὑπολαμϐάνοντες
608 676 773 730 αὐτὸν
805 672 967 740 εἶναι,
1015 675 1270 747 ἐμμελῶς
1323 675 1536 746 ἐλέγχει
1569 674 1668 744 τὴν

131 769 347 842 περὶτῆς
371 768 645 840 ὑπεροχῆς
671 767 837 822 αὑτοῦ
859 769 1167 841 Φαρισαίων
1194 768 1439 837 ἄγνοιαν,
1457 784 1670 840 προστι-

132 863 224 926 Θεὶς
256 861 342 932 τῷ·
369 881 388 911 ε
425 861 606 924 Μέσος
635 861 788 932 ὑμῶν
811 861 1033 933 ἕστηκε,
1077 882 1095 914 ι
1129 862 1190 916 τὸ
1220 881 1238 913 ι
1268 865 1363 915 ’⁸ον
1388 863 1546 932 ὑμεῖς
1569 863 1670 915 οὑκ

129 955 294 1009 οἴδατε.
317 974 335 1006 ι
357 954 464 1008 Καὶ
483 954 570 1007 ἵνα
595 957 668 1026 μή
697 972 784 1018 τις
808 955 1056 1028 ὑπολάϐῃ
1079 955 1265 1027 ἕτερον
1297 951 1437 1010 εἶναι
1461 955 1553 1009 τὸν
1574 956 1670 1010 ἀό-

132 1066 265 1121 ρατον
291 1049 379 1103 καὶ
405 1049 662 1121 διήκοντα
689 1051 782 1104 ἐπὶ
809 1050 986 1104 πάντα
1015 1049 1321 1120 ἄνθρωπον,
1438 1049 1532 1103 καὶ
1575 1049 1669 1102 ἐπὶ

128 1145 226 1197 δλον
251 1141 333 1196 τὸν
358 1142 582 1212 κόσμον,
616 1142 770 1215 παρὰ
791 1143 884 1196 τὸν
914 1141 1071 1195 ἐνανθ
1081 1142 1432 1213 ρωπήσαντα,
1457 1142 1552 1196 καὶ
1577 1142 1669 1195 ἐπὶ

126 1236 206 1305 τῆς
232 1234 325 1305 γῆς
346 1233 598 1304 ὀφθέντα,
649 1236 743 1288 καὶ
779 1237 891 1299 τοῖς
946 1233 1255 1306 ἀνθρώποις
1301 1251 1668 1306 συναναστρα-

126 1329 284 1396 ςέντα,
333 1327 593 1380 συνάπτει
637 1327 749 1397 τῷ’
792 1347 811 1381 ι
867 1329 1047 1393 Μέσος
1102 1327 1256 1398 ὑμῶν
1311 1328 1561 1398 ἔστηκεν,
1609 1329 1668 1381 ὂν

124 1419 256 1488 ὑμεῖς
283 1417 376 1470 οὑκ
407 1417 611 1482 οἴδατε,
645 1436 664 1470 ι
697 1417 777 1471 τό·
819 1438 837 1471 ‹
877 1420 934 1472 '0
955 1419 1132 1472 ὀπίσω
1156 1436 1258 1489 μου
1293 1418 1604 1490 ἐρχόμενος,
1645 1439 1662 1470 ι

120 1507 336 1560 τουτέστι
378 1507 501 1577 μετ’
555 1507 657 1577 ἐμὲ
712 1507 1236 1579 φανερωθησόμενος
1262 1523 1273 1536 ·
1320 1500 1380 1558 οὗ
1420 1506 1514 1558 καὶ
1570 1504 1668 1575 τὴν

124 1600 535 1672 ὑπρὸάλλουσαν
565 1603 839 1675 ὑπεροχὴν
885 1602 1086 1664 συνιεὶς
1131 1598 1281 1672 παρὰ
1325 1598 1423 1670 τὴν
1475 1598 1668 1652 ἑαυτοῦ

121 1690 778 1764 φύσιν,ἀμφι6αλλομένην
823 1691 927 1745 ὑπό
967 1707 1148 1755 τινων,
1209 1687 1405 1760 μήποτ’
1433 1686 1518 1758 ἄρ’
1567 1686 1666 1739 αὑ-

122 1782 192 1844 τὸς
212 1781 288 1852 είη
320 1782 574 1853 Χριστὸς,
605 1783 728 1835 ὅσον
779 1780 1130 1836 ἀπολείπεται
1161 1776 1261 1848 τῆς
1299 1776 1392 1829 τοῦ
1431 1773 1666 1845 Χριστοῦ

1772 593 2154 654 exspectantes
2199 583 2401 640 Christi
2451 584 2747 639 adventum
2798 581 3061 638 Pharisaei
3111 583 3180 638 de
3226 584 3344 653 ipso

1771 676 2052 742 videbant,
2093 685 2303 731 tantum
2357 676 2700 746 suspicantes
2740 690 2864 730 cum
2905 690 3030 732 esse
3069 676 3344 733 hominem

1771 780 2046 834 sanctum,
2090 769 2358 823 concinne
2410 767 2689 836 redarguit
2738 767 3138 822 Pharisaeorum
3193 768 3346 839 igno-

1774 864 2031 926 rantiam,
2061 861 2156 931 qui
2197 862 2365 930 ipsius
2407 859 2786 916 excellentiam
2825 860 3173 930 ignorabant,
3212 862 3349 931 adji-

1771 957 1923 1011 ciens
1951 969 1967 1009 :
1999 975 2018 1007 ι
2041 953 2211 1022 Quem
2241 968 2336 1009 vos
2367 954 2615 1020 nescitis,
2646 972 2664 1005 ι
2687 953 2793 1008 illis
2829 953 3052 1010 verbis:
3090 974 3108 1006 ι
3136 953 3192 1009 In
3231 970 3348 1010 ine-

1772 1049 1862 1104 dio
1888 1048 2056 1103 vestri
2103 1055 2233 1102 stat.
2266 1065 2286 1098 ι
2319 1045 2386 1100 Ει
2418 1061 2486 1101 ηε
2519 1046 2643 1116 quis
2671 1045 2980 1116 suspicetur
3010 1061 3134 1102 eum
3159 1048 3254 1117 qui
3278 1046 3350 1103 sit

1774 1138 2088 1205 invisibilis,
2116 1138 2321 1208 quique
2352 1147 2601 1208 penetret
2635 1137 2701 1191 ad
2746 1151 2962 1193 omnem
2997 1139 3272 1194 hominem
3291 1146 3351 1194 et

1771 1229 1836 1284 ad
1868 1239 2038 1284 totum
2073 1229 2359 1295 mundum,
2391 1227 2668 1283 diversum
2699 1242 2820 1282 esse
2844 1228 2913 1283 ab
2936 1243 3002 1283 eo
3035 1229 3126 1298 qui
3155 1229 3350 1283 buma-

1772 1336 1896 1376 nam
1935 1321 2168 1390 sumpsit
2217 1333 2462 1383 carnem,
2498 1329 2553 1374 et
2585 1337 2604 1371 ι
2635 1333 2800 1389 super
2833 1328 3032 1375 terram
3071 1329 3155 1376 est
3179 1322 3350 1390 visus,

1770 1423 1979 1468 etcum
2035 1411 2346 1467 hominibus
2400 1422 2485 1466 est
2535 1414 3019 1481 conversatus”,i
3070 1413 3352 1486 conjungit

1773 1502 1878 1558 illis
1899 1503 2083 1558 verbis
2113 1521 2127 1558 :
2163 1521 2180 1554 ι
2207 1505 2264 1557 In
2296 1503 2476 1558 medio
2502 1504 2673 1559 vestri
2699 1512 2826 1569 stat,
2857 1519 3020 1575 quem
3047 1520 3149 1562 vos
3174 1507 3352 1563 nesci-

1774 1595 1882 1661 tis;
1915 1613 1935 1646 ι
1968 1594 2099 1648 illud
2133 1613 2145 1651 :
2184 1612 2203 1645 ι
2231 1594 2332 1661 Qui
2369 1603 2490 1664 post
2535 1610 2620 1649 me
2652 1605 2915 1651 venturus
2945 1605 3028 1653 est
3065 1597 3129 1663 ¹¹³,
3174 1616 3194 1650 ι
3245 1598 3352 1654 hoc

1770 1695 1875 1752 est,
1904 1688 1996 1757 qui
2024 1698 2148 1757 post
2179 1703 2264 1743 me
2296 1687 2728 1744 manifestandus
2767 1699 2870 1745 est.
2897 1691 3064 1760 Cujus
3087 1705 3208 1747 cum
3240 1706 3340 1746 ex—

1771 1781 2000 1835 cedente
2070 1791 2126 1837 et
2188 1792 2557 1851 exsuperante
2607 1782 2937 1838 excellcntia
2993 1782 3353 1839 intellexisset

123 1875 506 1947 μεγαλειότητος
561 1875 911 1946 παραστῆσαι
947 1871 1292 1942 βουλόμενος,
1341 1868 1427 1921 ἵνα
1467 1869 1538 1939 μή
1586 1884 1670 1930 τις

1873 1889 2008 1929 nnes
2053 1890 2207 1929 suam
2262 1877 2429 1946 ipsius
2470 1887 2720 1932 naturam
2763 1879 3034 1950 superari,
3075 1878 3144 1934 ob
3187 1893 3351 1948 quam

120 1969 184 2030 εἰς
209 1969 357 2022 αὑτὸν
384 1969 674 2039 λογίσηται
706 1967 848 2037 ὑπὲρ
879 1968 907 2020 ὂ
950 1966 1157 2038 βλέπει,
1184 1965 1217 2035 ἢ
1265 1962 1451 2017 ἀκούει
1482 1959 1542 2024 ἐξ
1570 1961 1670 2012 αύ-

119 2060 212 2122 τοῦ,
243 2059 382 2128 λέγει
412 2061 512 2114 καὶ
541 2059 600 2112 τό
621 2075 636 2090 ⁸
679 2081 695 2110 ι
729 2055 803 2113 υἷι
829 2057 928 2112 οὐκ
949 2060 1063 2129 εἰμὶ
1085 2055 1195 2127 ἐγὼ
1234 2055 1384 2123 ἄξιος
1412 2055 1499 2109 ἵνα
1525 2053 1672 2106 λύσω

121 2151 258 2204 αὑτοῦ
281 2152 371 2208 σὺν
410 2151 615 2224 ἱμάντα
637 2151 731 2205 τοῦ
756 2152 1124 2222 ὑποδήματος,
1159 2169 1178 2200 ι
1210 2147 1579 2218 αἰνιττόμενος
1611 2145 1674 2199 τὺ

117 2247 196 2316 οὑχ
217 2247 386 2310 ἱκανὸς
416 2242 560 2300 εἶναι
600 2246 692 2300 τὸν
722 2246 850 2317 περ)⁵
882 2245 983 2315 τῆς
1023 2244 1464 2315 ἐνσωματώσεως
1510 2241 1672 2296 αὑτοῦ

117 2338 244 2406 λόγον
274 2339 454 2408 (οἱονεὶ
499 2339 802 2410 δεδεμένον,
858 2339 952 2390 καὶ
993 2338 1378 2408 κεκρυμμένον
1428 2339 1540 2400 τοῖς
1597 2337 1671 2407 μὴ

116 2429 307 2501 νοοῦσι),
333 2431 494 2483 λύσαι
527 2431 621 2484 καὶ
647 2428 961 2500 σαφηνίσαι,
1004 2429 1144 2482 ὥστε
1183 2428 1331 2495 ἄξιόν
1352 2446 1405 2481 τι
1450 2429 1546 2499 τῆς
1586 2446 1674 2480 το-

118 2520 288 2593 σαύτης
312 2521 614 2593 ἐπιδημίας
641 2523 720 2586 εἰς
738 2521 882 2575 οὕτω
908 2519 1227 2592 βραχύτητα
1240 2518 1674 2590 συνεσταλμένης

117 2617 280 2669 εἰπεῖν.

1777 1967 2128 2038 ambigebant
2164 1969 2406 2024 nonnulli
2439 1985 2506 2023 an
2540 1970 2654 2040 ipse
2684 1980 2831 2026 esset
2868 1970 3138 2036 Christus,
3166 1981 3353 2026 osten-

1779 2059 1912 2113 dere
1939 2058 2128 2113 volens
2154 2069 2364 2126 quanto
2394 2059 2622 2113 inferior
2647 2070 2793 2114 esset
2839 2059 3044 2115 Christi
3077 2061 3353 2130 magnitu-

1775 2149 1924 2218 dine,
1967 2165 2036 2205 ne
2067 2151 2189 2219 quis
2214 2150 2281 2205 de
2313 2165 2372 2206 se
2400 2151 2661 2220 cogitaret
2691 2151 2896 2220 aliquid
2930 2166 3091 2221 supra
3129 2151 3180 2206 id
3206 2153 3353 2221 quod

1786 2241 1936 2295 videt
1973 2250 2068 2293 aut
2107 2240 2259 2294 audit
2309 2256 2338 2294 a
2383 2241 2706 2310 semetipso,
2761 2241 2893 2295 dicit
2945 2242 3112 2296 etiam
3165 2239 3298 2295 illud
3332 2257 3350 2294 :

1781 2351 1798 2382 ς
1822 2331 1988 2400 Cujus
2017 2347 2124 2387 non
2165 2348 2286 2387 sum
2321 2349 2422 2403 ego
2452 2333 2646 2403 dignus
2677 2343 2740 2386 ut-
2765 2332 2972 2388 solvam
3003 2333 3120 2400 ejus
3166 2333 3345 2388 corri-

1773 2425 1916 2493 giam
1936 2425 2290 2480 calceamenti
2327 2426 2394 2491 η,
2421 2444 2439 2478 ι
2477 2425 2603 2480 illud
2630 2427 2865 2480 innuens
2896 2439 2956 2481 se
2979 2426 3203 2482 minime
3233 2425 3352 2482 ido-

1781 2533 1942 2572 neum
1979 2533 2102 2574 esse
2133 2520 2226 2588 qui
2260 2520 2327 2574 de
2351 2519 2518 2589 ipsius
2545 2519 2746 2575 Christi
2792 2520 3233 2590 incorporatione
3266 2535 3357 2574 ra-

1778 2612 1979 2664 tionem
2007 2610 2152 2684 (quae
2183 2611 2352 2666 veluti
2395 2612 2558 2683 ligata
2599 2621 2684 2668 est
2721 2623 2776 2667 ct
2819 2613 3090 2668 occultata
3136 2627 3240 2668 non
3273 2613 3357 2666 in-

119 2709 474 2780 telligentibus)
535 2708 712 2765 solvat
777 2708 1160 2779 explicetque,
1211 2707 1433 2778 dignum
1488 2704 1694 2774 aliquid
1753 2705 1988 2762 dicendo
2043 2707 2111 2763 de
2162 2715 2314 2762 tanto
2359 2707 2598 2763 adventu
2653 2708 2708 2762 in
2769 2717 2977 2764 tantam
3031 2706 3354 2763 brevitatem

112 2810 377 2857 εοοιηειο.

171 2893 245 2946 16.
278 2897 390 2949 Οὑκ
419 2896 655 2966 ἄκαιρον
699 2893 756 2946 δὲ
784 2891 1131 2960 ἐξετάζουσιν
1162 2892 1296 2964 ἡμῖν
1339 2890 1433 2944 τόο
1465 2909 1483 2941 ‹
1539 2887 1671 2958 Ἐγὼ

1867 2886 1943 2940 16.
1987 2886 2192 2942 Verum
2255 2886 2538 2942 enimvero
2585 2886 2725 2944 haud
2770 2888 3142 2959 importunum
3193 2887 3357 2942 fuerit

115 2980 328 3048 βαπτίζω
368 2985 427 3037 ἐν
460 2982 643 3048 ὕδατι,
681 3002 700 3034 ι
733 2983 831 3047 τὰς
869 2981 1062 3054 ὁμοίας
1101 2981 1210 3035 τῶν
1265 2979 1671 3050 Εὐαγγελιστῶν

1867 2976 2180 3046 [uirentibus
2210 2977 2370 3032 nobis
2399 2975 2530 3032 illud
2557 2992 2572 3032 :
2595 2995 2614 3030 ι
2638 2977 2749 3048 Ego
2767 2979 2820 3032 in
2845 2993 2986 3048 aqua
3009 2977 3225 3048 baptizo
3251 2978 3348 3040 ",i

116 3071 426 3142 παραθέσθαι
459 3075 598 3146 περὶ
643 3074 832 3127 τούτου
888 3072 1084 3138 λέξεις,
1132 3073 1228 3124 καὶ
1278 3073 1565 3142 συγκρῖναι
1608 3071 1671 3142 τῇ

1867 3071 2002 3135 lere,
2032 3070 2077 3124 si
2101 3071 2232 3140 quid
2260 3070 2438 3126 simile
2472 3071 2538 3126 de
2569 3071 2674 3126 hoc
2715 3071 2953 3128 dixerint
2975 3071 3348 3142 evangelistas,

115 3167 438 3241 προκειμένῃ.
478 3167 624 3238 Φησὶ
653 3167 832 3220 τοίνυν
872 3168 901 3219 6
934 3164 1242 3229 Mareatioq,
1282 3162 1406 3218 ἰδὼν
1451 3163 1671 3228 πολλοὺς

1867 3176 1978 3215 :um
2011 3176 2071 3216 re
2111 3177 2215 3232 qua
2243 3161 2312 3217 de
2336 3163 2512 3232 agitur
2541 3162 2816 3220 conferre.
2847 3164 3036 3233 Itaque
3063 3163 3350 3220 Matthaaus

114 3256 202 3308 τῶν
225 3257 535 3329 Φαρισαίων
561 3257 657 3311 καὶ
695 3255 1091 3318 Σαδδουκαίων,
1139 3253 1464 3325 ἐρχομένους
1494 3253 1587 3306 ἐπὶ
1617 3254 1671 3306 τὸ

1867 3254 1973 3320 iuit,
2004 3269 2128 3308 cum
2179 3256 2563 3324 conspexisset
2621 3255 2820 3310 multos
2862 3271 2930 3310 ex
2966 3255 3260 3313 Pharisaeis
3299 3269 3357 3313 et

116 3350 366 3422 βάπτισμα
400 3350 574 3422 (μετὰ
602 3349 670 3402 τὰ
711 3347 1089 3418 ἐπιπληκτικὰ
1138 3346 1265 3417 περὶ
1314 3339 1388 3400 ὧν
1422 3343 1679 3410 ἐξετάσα-

117 3445 239 3515 μεν,)
270 3465 286 3496 ι
337 3443 482 3512 Ἐγὼ
523 3443 624 3513 μὲν
649 3444 794 3514 ὑμᾶς
829 3444 886 3496 ὲν
911 3440 1065 3495 ὕδατι
1093 3438 1340 3511 βαπτίζω
1386 3440 1466 3501 είς
1515 3438 1680 3507 μετά-

114 3555 271 3591 νοιαν·
309 3540 337 3592 6
367 3539 425 3592 δὲ
464 3537 651 3590 ὀπίσω
701 3553 802 3606 μου
851 3533 1148 3606 ἐρχόμενος
1191 3528 1538 3602 ἰσχυρότερός
1575 3545 1677 3600 μου

116 3633 259 3696 ἐστὶν,
287 3627 344 3686 οὗ
376 3630 479 3686 οὐκ
515 3633 639 3702 εἰμὶ
664 3629 847 3691 ἱκανὸς
889 3627 958 3681 τὰ
1007 3626 1329 3697 ὑποδήματα
1375 3625 1674 3696 βαστάσαι·

115 3724 253 3788 αὐτὸς
271 3726 412 3796 ὑμᾶς
441 3723 704 3796 βαπτίσει
731 3724 790 3774 ἐν
831 3720 1112 3790 Πνεύματι
1141 3718 1281 3788 ἁγίῳ
1325 3718 1418 3770 καὶ
1447 3715 1579 3786 πυρί
1597 3734 1609 3746 ·
1656 3736 1673 3766 ι

119 3815 382 3886 σύμφωνον
433 3817 515 3889 τῷ
564 3816 705 3870 κατὰ
740 3815 992 3884 Ἰωάννην
1041 3811 1204 3880 λόγῳ,
1252 3810 1350 3881 τὴν
1391 3809 1682 3880 ὁμολογίαν

115 3909 193 3962 τοῦ
238 3913 292 3964 ἐν
330 3910 485 3966 ὕδατι
515 3911 894 3982 βαπτίσματος
917 3906 1057 3978 πρὸς
1087 3907 1215 3968 τοὺς
1244 3902 1593 3975 πεμφθέντας
1618 3904 1682 3954 ἐκ

113 4002 392 4072 Φαρισαίων
427 4003 666 4071 λέγοντι.
706 4001 766 4053 '0
831 3997 888 4052 δὲ
940 3998 1188 4062 Μάρκος,
1221 4015 1238 4046 ι
1291 3994 1615 4065 Ἐκήρυσσε,
1655 4010 1674 4043 ι

113 4095 278 4166 φησὶν,
338 4097 632 4168 Ἰωάννης(
670 4094 876 4162 λέγων·
935 4091 1196 4161 Ἔρχεται
1249 4090 1278 4142 6
1333 4084 1681 4158 ἰσχυρότερός

117 4204 202 4256 μου
227 4189 416 4251 ὀπίσω,
433 4184 496 4244 οὗ
509 4188 618 4240 οὒκ
643 4185 762 4257 εἰμὶ
782 4183 964 4247 ἱκανὸς
983 4181 1161 4252 κύψας
1181 4179 1337 4234 λῦσαι
1361 4179 1452 4232 τὸν
1473 4177 1673 4248 ἱμάντα

113 4279 206 4331 τῶν
233 4280 598 4352 ὑποδημάτων
625 4277 810 4333 αὑτοῦ.
851 4274 992 4344 Ἐγὼ
1022 4274 1290 4328 ἐϐάπτισα
1321 4273 1467 4344 ὑμᾶς
1495 4270 1672 4335 ὕδατι,

114 4370 253 4434 αὑτὸς
278 4371 332 4423 δὲ
367 4370 627 4441 βαπτίσει
645 4368 754 4439 (58)
774 4369 917 4438 ὑμᾶς
948 4369 1006 4419 ἐν
1028 4365 1307 4436 Πνεύματι
1333 4371 1488 4441 ἁγίῳ·
1505 4387 1522 4418 ι
1549 4362 1684 4434 πρὸς

1777 3361 1841 3400 ex
1886 3345 2200 3401 Sadducaais
2232 3348 2508 3403 venientes
2547 3349 2614 3402 ad
2659 3349 2989 3416 baptismum
3019 3350 3163 3420 (post
3191 3352 3354 3406 verba

1781 3439 2170 3510 increpatoria,
2198 3440 2264 3494 de
2301 3440 2500 3509 quibus
2545 3441 2995 3512 inquisivimus):
3034 3459 3052 3492 ι
3087 3442 3196 3510 Ego
3242 3443 3359 3510 qui-

1779 3530 1900 3584 dem
1940 3543 2036 3583 vos
2065 3529 2118 3583 iii
2147 3545 2284 3598 aqua
2316 3530 2530 3597 baptizo
2552 3530 2618 3583 ad
2653 3529 3088 3599 resipiscentiam
3122 3545 3136 3582 :
3161 3538 3219 3582 at
3246 3527 3355 3593 ille,

1781 3621 1871 3688 qui
1900 3629 2024 3689 post
2056 3635 2141 3674 me
2178 3631 2442 3675 Venturus
2489 3630 2591 3686 est,
2629 3622 2902 3690 potentior
2940 3635 3026 3674 me
3066 3627 3173 3686 est,
3206 3619 3359 3688 cujus

1782 3727 1886 3765 non
1915 3726 2034 3765 sum
2066 3709 2316 3772 idoneus,
2355 3719 2415 3762 ut
2442 3708 2805 3765 calceamenta
2838 3719 3088 3780 portem:
3120 3711 3235 3781 ipse
3264 3725 3358 3765 vos

1783 3803 2081 3872 baptizabit
2125 3803 2178 3856 in
2233 3801 2441 3871 Spiritu
2482 3813 2675 3858 sancto
2707 3811 2759 3856 et
2789 3802 2899 3873 igni
2928 3803 2971 3834 ⁸⁷
2998 3819 3012 3866 ;
3039 3820 3060 3854 ι
3093 3817 3218 3857 cum
3243 3816 3358 3857 ser-

1785 3912 1945 3963 mone
1981 3895 2208 3952 Joannis
2265 3895 2598 3950 conveniens
2647 3907 2912 3950 narrante
2957 3895 3358 3952 confessionem

1787 3986 2042 4054 baptismi
2074 3985 2126 4039 in
2165 3999 2304 4053 aqua
2328 3984 2396 4038 ad
2431 3999 2526 4039 cos
2559 3985 2653 4053 qui
2702 3984 2854 4040 missi
2885 3985 3100 4040 fuerant
3127 3999 3194 4040 ex
3217 3985 3361 4040 Pha-

1786 4078 1980 4132 riszeis.
2007 4083 2079 4132 At
2111 4076 2326 4132 Marcus
2359 4095 2372 4131 :
2411 4097 2429 4130 ι
2454 4077 2810 4141 Ρταιύίεοὴοι,
2835 4072 3097 4144 ιίηψιίι,‹
3121 4077 3361 4133 Joannes

1785 4167 1972 4223 dicens
2011 4165 2232 4230 :Venit,
2270 4167 2361 4236 qui
2401 4167 2594 4221 l‘ortior
2622 4177 2707 4221 est
2749 4181 2855 4234 me,
2890 4177 3011 4234 post
3059 4182 3167 4231 me,
3204 4167 3362 4236 cujus

1786 4274 1892 4314 non
1949 4259 2107 4330 132
2162 4275 2282 4314 sum
2329 4260 2577 4324 idoneus,
2629 4268 2688 4313 ut
2745 4260 3108 4328 procumbens
3153 4260 3361 4316 solvam

1787 4353 2079 4421 corrigiam
2119 4353 2616 4408 calceamentorum
2649 4351 2785 4422 ejus.
2829 4352 2942 4422 Ego
2985 4355 3205 4422 quidem
3265 4355 3362 4408 ba-

115 4460 341 4527 πλείονας
373 4465 471 4516 καὶ
500 4462 714 4523 πάντας
740 4459 863 4522 τοὺς
893 4457 1192 4519 ἀκούοντας
1222 4455 1488 4509 διδάσκων
1513 4453 1671 4506 ταῦτα

1869 4461 1936 4500 zo
1961 4460 2058 4501 vos
2096 4460 2260 4514 aqua,
2292 4445 2383 4499 ille
2407 4459 2534 4500 vero
2582 4444 2876 4514 baptisabit
2909 4459 3004 4500 vos
3053 4446 3105 4499 in
3152 4445 3362 4515 Spiritu

114 4557 449 4628 κεκηρύχθαι.
494 4556 560 4606 '0
583 4553 639 4606 δὲ
665 4553 880 4614 Λουκᾶς
913 4566 1103 4620 φησιν,
1130 4549 1236 4611 ὅτι,
1269 4546 1678 4618 προσδοκῶντος

113 4647 195 4700 τοῦ
217 4647 360 4711 λαοῦ,
401 4648 500 4700 καὶ
527 4642 983 4716 διαλογιζομένων
1014 4639 1230 4692 πάντων
1278 4640 1335 4692 ἐν
1378 4641 1496 4701 ταῖς
1546 4655 1679 4709 καρ-

114 4739 237 4802 δίαις
261 4740 438 4793 αὑτῶν
486 4738 621 4808 περὶ
668 4735 761 4788 τοῦ
807 4734 1074 4796 Ἰωάννου,
1114 4732 1323 4802 μήποτε
1348 4730 1511 4789 αὐτὸς
1543 4729 1626 4800 εἴη
1652 4730 1682 4781 6

117 4835 346 4905 Χριστὸς,
379 4832 723 4905 ἁπεκρίνατο
746 4829 917 4898 λέγων
941 4828 1106 4880 πᾶσιν
1127 4827 1157 4878 6
1200 4824 1453 4894 Ἰωάννης
1474 4839 1518 4873 ·‹
1544 4820 1684 4889 Ἐγὼ

120 4929 202 4995 μὲν
234 4927 384 4980 ὕδατι
418 4926 670 4998 βαπτίζω
697 4925 841 4994 ὑμᾶς
862 4939 878 4953 ⁸
928 4921 1147 4992 ἔρχεται
1195 4918 1252 4970 δὲ
1281 4919 1310 4970 6
1342 4913 1686 4986 ἰσχυρότερός

121 5036 227 5086 μου,
259 5013 318 5074 οὗ
347 5018 450 5072 οὐκ
479 5019 604 5088 εἰμι,
647 5015 831 5077 ίκανδς
875 5012 1038 5066 λῦσαι
1065 5012 1158 5064 τὸν
1188 5010 1387 5081 ἱμάντα
1413 5008 1522 5060 τῶν
1553 5008 1686 5059 ὑπο-

117 5109 350 5180 δημάτων
382 5109 581 5164 αὐτοῦ’
626 5107 798 5170 Αὐτὸς
839 5107 984 5177 ὑμᾶς
1030 5102 1282 5175 βαπτίσει
1315 5103 1371 5156 ἐν
1404 5099 1680 5170 Πνεύματι

119 5203 244 5275 ἁγίῳ
262 5204 356 5258 καὶ
379 5203 538 5276 πυρί.
591 5220 611 5254 ι

188 5386 266 5441 17.
297 5387 553 5458 Ἔχοντες
586 5385 768 5440 τοίνυν
787 5384 885 5448 τὰς
915 5383 1107 5454 ὁμοίας
1155 5381 1325 5448 λέξεις
1354 5379 1460 5433 τῶν
1488 5377 1685 5432 τεσσά-

126 5495 243 5550 ρων,
275 5481 403 5552 φέρε
424 5481 568 5534 κατὰ
597 5478 658 5532 τὸ
686 5477 913 5531 δυνατὸν
946 5477 1142 5547 ἴδωμεν
1169 5475 1270 5545 ἰδίᾳ
1298 5474 1389 5527 τὸν
1422 5471 1546 5528 νοῦν
1559 5470 1687 5524 ἐκά-

1783 4548 1974 4594 sancto
1997 4538 2077 4602 ἐς
2105 4538 2200 4593 iad
2219 4534 2810 4608 complures,etomnes
2833 4536 3114 4592 audientes
3150 4539 3355 4594 docens

1786 4634 1904 4687 haec
1932 4632 2228 4700 praedicata
2260 4629 2447 4684 fuisse.
2483 4629 2718 4685 Rursum
2762 4628 2936 4685 Lucas
2983 4630 3177 4701 inquit,
3218 4635 3362 4702 quod

1786 4732 2138 4795 exspectante
2167 4723 2387 4792 populo,
2419 4730 2474 4775 et
2494 4720 2859 4790 cogitantibus
2884 4723 3136 4778 omnibus
3164 4724 3215 4778 in
3243 4740 3364 4780 cor-

1793 4818 1953 4874 dibus
2003 4819 2118 4874 suis
2163 4817 2230 4871 de
2274 4815 2506 4877 Joanne,
2543 4829 2612 4868 an
2659 4814 2774 4882 ipse
2801 4824 2947 4869 esset
2973 4814 3243 4883 Christus,
3273 4833 3362 4872 re-

1787 4911 2072 4981 sponderit
2104 4910 2344 4966 Joannes
2381 4908 2570 4962 dicens
2599 4906 2872 4961 universis
2902 4924 2917 4961 :
2955 4925 2974 4959 (
3000 4907 3112 4977 Ego
3141 4909 3362 4977 quidem

1790 5019 1932 5073 aqua
1982 5003 2200 5072 baptizo
2237 5016 2358 5062 vos;
2411 5000 2506 5054 sed
2555 4997 2758 5061 veniet,
2807 4997 2901 5066 qui
2955 4985 3232 5068 potentior
3280 5007 3366 5052 cst

1788 5114 1896 5163 me,
1925 5096 2080 5165 cujus
2111 5110 2216 5149 non
2265 5109 2383 5149 sum
2417 5093 2645 5146 idoneus
2676 5089 2890 5147 solvere
2934 5091 3221 5162 corrigiam
3252 5091 3363 5146 cal-

1790 5198 2197 5244 ceamentorum
2237 5187 2379 5253 ejus.
2429 5185 2546 5255 lpsc
2587 5199 2683 5240 vos
2734 5183 3036 5255 baptizabit
3072 5185 3127 5240 in
3157 5183 3362 5254 Spiritu

1791 5291 1979 5339 sancto
2000 5291 2055 5335 et
2084 5282 2193 5352 igni
2213 5281 2278 5333 ".
2311 5299 2330 5338 ι

1867 5375 1955 5430 l7.
1999 5374 2273 5430 Tenentes
2322 5373 2485 5444 igitur
2537 5384 2771 5444 quatuor
2799 5371 3251 5443 evangelistaruin
3289 5371 3364 5424 si-

1799 5468 1945 5523 milia
1993 5470 2182 5534 verba,
2244 5482 2367 5538 age,
2421 5466 2704 5523 videamus
2764 5481 2862 5538 pro
2924 5463 3068 5520 virili
3115 5478 3363 5519 seorsum

195 5661 572 5741 '_'Joan.i,_%6.
647 5658 1119 5718 “Baruc.tn.38.
1201 5656 1568 5714 “Joan.t.‘2"’
1670 5663 1671 5668 ‘

1867 5690 1872 5705 .
1951 5651 1994 5682 ³⁸
2015 5651 2146 5708 ibid.
2169 5651 2258 5709 26.
2340 5650 2378 5682 ⁸⁷
2405 5647 2589 5704 Matth.
2615 5661 2696 5710 Ill,
2730 5645 2816 5702 ll.
2907 5643 2950 5673 ¹⁸
2973 5642 3140 5696 Marc.
3167 5656 3206 5705 ι,
3241 5635 3364 5698 68.

135 5732 173 5765 ⁸³
202 5732 325 5788 Luc.
355 5732 552 5799 in,'16.

200 5849 308 5908 (38)
332 5849 624 5904 Βαπτίσει.
653 5847 746 5906 Sic
773 5847 944 5904 codex
977 5841 1336 5907 Bodleianus;
1368 5839 1534 5895 editio
1559 5835 1671 5893 Huc

1867 5833 2037 5900 ιτίζει.
