3766 6142
410 371 518 430 255
1871 367 2190 425 ORIGENIS
3565 371 3675 427 256

419 484 845 557 uniuscujusque
886 483 1041 538 VCI‘N
1084 496 1299 538 sensum
1336 493 1393 538 et
1441 481 1798 549 dittorentias,
1832 484 1905 538 ini

2191 502 2219 546 ς
2255 484 2350 538 καὶ
2382 482 2481 548 τὰς
2529 483 2811 555 διαφορὰς,
2878 485 3176 556 ἀρξάμενοι
3213 485 3323 539 άπὸ
3377 486 3480 542 τοῦ
3511 489 3672 543 Ματ-

415 588 628 649 sumpto
652 595 683 633 a
718 578 993 641 Matthaeo,
1027 579 1118 648 qui
1153 580 1359 647 primus
1392 584 1709 631 ceterorum
1751 575 1902 628 tradit

2191 594 2261 640 )U,
2289 576 2348 640 ὃς
2390 577 2484 631 καὶ
2517 576 2877 648 παραδέδοται
2911 578 3128 651 πρῶτος
3166 578 3281 649 (59)
3307 578 3419 634 τῶν
3466 580 3678 636 λοιπῶν

416 673 770 744 Evangelium
805 670 1095 726 tradidisse
1130 670 1370 725 Hebraeis
1395 671 1487 737 qui
1515 685 1580 723 ex
1613 668 1903 722 circumcis

2193 688 2194 691 η
2233 652 2504 737 Ἑϐραίοις
2548 666 2899 721 ἐκδεδωκὼαι
2949 667 3011 721 τὸ
3053 667 3409 736 Εὑαγγέλιον,
3443 672 3564 732 τοῖς
3617 672 3680 724 ἐκ

416 785 484 821 ne
530 766 874 821 crediderant
909 781 922 817 :
958 764 1110 834 «Ego
1146 778 1261 825 vos,
1349 763 1544 832 inquit,
1619 763 1670 815 in
1708 775 1847 831 aqua
1895 761 1903 815 1

2197 758 2386 829 ιτομῆς
2415 758 2762 812 πιστεύουσιν
2781 776 2795 789 ⁸
2832 777 2851 809 ι
2898 757 3040 828 Ἐγὼ
3070 758 3191 831 μὲν.
3222 760 3410 831 φησὶν,
3441 761 3595 832 ὑμᾶς
3624 763 3679 814 ἐν

414 859 559 929 ptizo
588 858 655 913 ad
702 858 1159 927 resipiscentiam,
1185 874 1205 907 ι
1258 854 1422 908 veluti
1471 868 1707 925 purgans
1731 853 1901 906 etdet

2189 868 2236 905 τι
2267 850 2376 921 (40)
2396 849 2642 921 βαπτίζω
2669 853 2749 915 είς
2781 851 3093 922 μετάνοιαν,
3127 872 3144 903 ι
3165 852 3331 905 οἱονεὶ
3359 851 3676 924 καθαίρων,

414 966 542 1006 rens
566 948 786 1008 a..rebus
817 947 995 1009 malis,
1024 957 1080 1001 et
1113 946 1180 1000 ad
1228 944 1657 1011 resipiscentiam
1703 943 1901 996 invitan

2198 943 2635 1015 ἀποτρεπόμενος
2660 942 2768 995 ἀπὸ
2795 944 2904 995 τῶν
2928 943 3208 1014 χειρόνων,
3230 944 3326 998 καὶ
3362 944 3461 996 ἐπὶ⁵
3500 942 3677 1011 μετά-

415 1053 471 1097 nt
494 1056 791 1112 praeparent
822 1040 966 1093 enim
999 1037 1252 1108 populum
1277 1037 1598 1091 instructum
1626 1050 1725 1106 ego
1757 1035 1902 1090 veni’

2186 1051 2230 1087 ιν
2258 1032 2620 1106 παρακαλῶνο
2659 1031 3082 1104 ἑτοιμάσαιγὰρ
3112 1032 3306 1103 Κυρίῳ
3332 1032 3464 1086 λαὸν
3506 1047 3673 1085 κατε-

413 1140 468 1186 et
498 1133 565 1186 ad
594 1131 1005 1202 praeparandum
1049 1128 1223 1181 locum
1276 1127 1662 1196 resipiscentiw
1686 1141 1780 1194 per
1810 1127 1900 1195 bat

2185 1126 2452 1195 υασμένον
2485 1123 2594 1194 ἐγὼ
2615 1124 2867 1196 ἐλήλυθα,
2898 1124 2992 1178 καὶ⁸
3017 1124 3201 1195 χώραν
3226 1125 3318 1178 διὰ
3340 1125 3437 1178 τοῦ
3478 1124 3671 1195 βαπτί-

413 1237 588 1277 smum
610 1228 731 1291 post
757 1234 842 1273 me
868 1230 1123 1283 venturo,
1154 1219 1243 1288 qui
1274 1218 1375 1272 hac
1398 1219 1565 1272 etiam
1598 1220 1808 1272 ratione
1832 1218 1898 1271 l0|

2181 1235 2288 1281 ιτος
2317 1217 2415 1288 τῆς
2457 1217 2742 1288 μετανοίας
2769 1217 3090 1288 εὐτρεπίσαι
3114 1215 3192 1287 τῷ
3228 1217 3348 1286 μετ’
3376 1217 3485 1287 ἐμὲ
3507 1217 3668 1286 ἥξον-

413 1309 691 1377 potentius
740 1307 1197 1378 pratstantiusque
1252 1322 1412 1376 quam
1464 1323 1581 1361 mea
1616 1308 1688 1361 sit
1717 1318 1900 1376 potent

2185 1312 2278 1365 καὶ
2299 1310 2385 1363 διὰ
2417 1309 2577 1363 τοῦτο
2613 1309 2959 1381 ἰσχυρότερον
2990 1308 3171 1380 πολλῷ
3200 1309 3301 1380 τῆς
3331 1310 3480 1381 ἐμῆς
3511 1309 3671 1362 δυνά-

417 1402 569 1455 vobis
611 1401 925 1470 adjumcnto
967 1401 1186 1453 futurus
1215 1410 1318 1454 est.
1355 1400 1636 1470 Siquidem
1681 1400 1826 1454 illius
1859 1401 1904 1453 b:

2184 1421 2252 1469 ›ς,
2286 1403 2379 1457 καὶ
2412 1405 2656 1474 κρεῖττον
2694 1404 2837 1473 ὑμᾶς
2861 1401 3197 1472 ὠφελήσοντι
3220 1417 3234 1431 ο
3271 1401 3331 1454 οὐ
3350 1401 3671 1472 σωματικὸν

418 1494 610 1547 tismus
641 1507 747 1546 non
803 1503 889 1546 est
936 1491 1256 1561 corporalis,
1283 1506 1405 1546 cum
1443 1491 1848 1559 resipiscentem
1895 1506 1905 1544 ι

2184 1515 2192 1545 ν
2222 1495 2283 1548 τὸ
2304 1495 2512 1550 ἐκείνου
2535 1495 2839 1566 βάπτισμα,
2873 1494 2965 1546 τὸν
2991 1492 3357 1564 μετανοοῦντα
3390 1492 3671 1564 πληροῦν-

415 1589 555 1656 plcat
587 1587 823 1656 Spiritus
865 1596 1089 1641 sanctus
1123 1585 1246 1656 igne
1282 1585 1560 1651 diviniori,
1611 1585 1873 1654 quidquid
1901 1601 1902 1606 η

2198 1588 2352 1657 ἁγίου
2403 1587 2737 1657 Πνεῦματος,
2773 1586 2868 1638 καὶ
2907 1584 3179 1654 Θειοτέρου
3208 1585 3379 1656 πυρὸς
3410 1586 3529 1640 πᾶν
3562 1584 3670 1638 ὑλι-

416 1679 703 1735 maleriale
734 1680 819 1733 vel
859 1688 1131 1733 terrenum
1160 1678 1324 1731 fuerit
1353 1677 1684 1732 demoliente
1710 1686 1768 1731 et
1787 1691 1903 1731 con:

2202 1680 2571 1751 άφανίζοντος,
2602 1679 2695 1731 καὶ
2720 1680 2826 1732 πᾶν
2851 1677 3053 1745 γεῶδες
3076 1675 3556 1741 ἐξαναλίσκοντος,
3610 1676 3667 1728 οὺ

414 1782 617 1827 mente.
653 1769 720 1824 Et
766 1772 868 1824 hoc
900 1784 1004 1824 non
1048 1779 1253 1823 tantum
1303 1769 1354 1823 in
1395 1783 1461 1825 eo
1487 1769 1578 1839 qui
1621 1769 1793 1838 ipsum
1822 1770 1901 1822 adi

2182 1789 2246 1826 νον
2279 1770 2387 1824 ἀπὸ
2437 1769 2531 1823 τοῦ
2572 1770 2920 1840 χωρήσαντος
2969 1767 3120 1831 αὐτὸ,
3144 1765 3283 1821 ἀλλὰ
3304 1766 3400 1818 καὶ
3429 1765 3548 1819 ἀπὸ
3579 1764 3669 1818 τοῦ

411 1861 564 1925 serit,
595 1861 687 1915 sed
716 1861 880 1914 etiam
919 1860 970 1913 in
1001 1875 1067 1914 eo
1100 1859 1191 1927 qui
1226 1858 1458 1914 audierit
1488 1860 1663 1929 ipsum
1698 1861 1892 1915 habent

2181 1880 2193 1915 ι
2238 1862 2468 1933 ἐχόντων
2516 1859 2824 1921 ἀκούοντος.
2895 1856 3160 1911 Τοσοῦτον
3206 1856 3267 1908 δέ
3322 1857 3475 1909 ἐστιν
3529 1855 3668 1925 ἐμοῦ

413 1954 590 2008 Tanto
618 1963 803 2008 autem
828 1964 910 2007 est
938 1967 1024 2007 me
1069 1950 1284 2018 l‘ortior,
1321 1951 1413 2021 qui
1452 1961 1575 2020 post
1606 1966 1693 2006 me
1725 1963 1900 2005 ventui

2182 1956 2432 2028 υρότερος
2457 1955 2485 2006 ὁ
2526 1956 2641 2025 μετ’
2670 1953 2770 2024 ἐμὲ
2804 1951 3100 2022 ἐρχόμενος
3135 1949 3269 2020 (41),
3299 1948 3376 2013 ὡς
3428 1948 3575 2019 μηδὲ
3605 1949 3669 2001 τά

411 2056 516 2113 est,
554 2055 612 2099 ut
647 2060 716 2100 ne
761 2060 825 2099 ea
872 2044 1093 2113 quidem
1128 2059 1249 2113 qua:
1307 2046 1377 2098 ad
1422 2043 1680 2097 amictum
1737 2054 1898 2109 speet:

2179 2069 2185 2109 :
2217 2048 2508 2120 περιϐολῆς
2560 2046 2668 2099 τῶν
2709 2044 2838 2116 περὶ
2883 2044 3046 2098 αὐτὸν
3072 2043 3353 2114 δυνάμεων
3389 2041 3666 2111 ἐσχάτων,

412 2147 784 2192 extremarum
831 2134 1198 2205 potentiorum
1247 2149 1365 2203 qua:
1418 2143 1545 2189 sunt
1589 2136 1734 2189 circa
1786 2137 1899 2205 ipsn

2180 2138 2457 2211 iyupvé'w
2509 2136 2865 2207 ἐκκειμένων,
2895 2134 3037 2188 ὥστε
3082 2134 3177 2188 καὶ
3223 2133 3354 2197 τοὺς
3402 2131 3667 2201 τυχόντας

415 2239 655 2298 portare,
685 2230 769 2284 vel
817 2230 908 2298 qui
954 2244 1018 2283 ea
1056 2227 1352 2290 sustinent,
1383 2226 1526 2282 ferre
1577 2229 1678 2283 sint
1708 2229 1902 2284 idoneu

2177 2239 2223 2287 ἰν
2250 2233 2389 2287 αὐτὰ
2419 2229 2697 2293 δύνασθαι,
2723 2229 2909 2282 ἱκανόν
2952 2245 3019 2298 με
3046 2226 3332 2298 τυγχάνειν
3369 2224 3664 2296 βαστάσαι,

414 2339 537 2378 cum
570 2337 677 2377 non
710 2324 795 2377 ita
832 2325 972 2375 nuda
1013 2330 1278 2391 prostent,
1304 2330 1363 2375 ut
1400 2336 1462 2374 ea
1491 2321 1635 2377 obvii
1666 2322 1868 2392 quique
1896 2322 1901 2375 i

2175 2327 2221 2380 δέ
2248 2326 2418 2380 ταῦτα
2443 2323 2813 2394 ὑπομένοντας
2840 2321 3045 2391 φέρειν.
3073 2320 3188 2373 Οὐκ
3217 2314 3335 2371 οἶδα
3363 2318 3430 2389 δὴ
3463 2316 3662 2370 ὁπότε-

416 2417 663 2488 telligere
705 2417 929 2485 possint.
971 2415 1140 2483 Igitur
1188 2431 1296 2469 non
1348 2415 1470 2469 novi
1514 2424 1696 2469 utrum
1724 2416 1903 2486 priusi

2177 2441 2179 2459 ι
2209 2421 2365 2482 εἴπω,
2398 2418 2624 2488 πότερον
2649 2417 2747 2487 τὴν
2779 2414 2978 2487 πολλήν
3006 2431 3106 2484 μου
3129 2412 3435 2475 ἀσθένειαν,
3471 2410 3543 2463 τὰ
3574 2410 3664 2462 εὑ-

416 2525 558 2575 cant,
589 2525 836 2563 meamne
865 2508 1089 2562 multam
1127 2508 1579 2575 imbecillitatem,
1614 2524 1735 2578 quae
1773 2525 1839 2564 ne
1863 2510 1903 2562 vi

2179 2513 2212 2583 ἦ
2243 2511 2336 2565 τοῦ
2364 2508 2596 2583 Χριστοῦ
2644 2507 2925 2579 συγκρίσει
2950 2504 3058 2559 τῶν
3090 2505 3222 2577 περὶ
3254 2504 3447 2557 ἐαυτὸν
3480 2502 3666 2574 μειζό-

414 2602 633 2671 qnidem
660 2600 859 2657 Christi
894 2603 1237 2670 (magnarum
1268 2614 1450 2654 rerum
1480 2601 1624 2655 circa
1652 2603 1823 2670 ipsum
1843 2616 1901 2655 ex

2179 2622 2191 2658 ρ
2222 2603 2408 2676 φέρειν
2445 2600 2518 2673 μὴ
2550 2599 2877 2670 δυναμένην,
2908 2598 2942 2669 ἢ
2974 2597 3061 2651 διά
3108 2596 3206 2668 τὴν
3252 2595 3462 2650 ἐκείνου
3490 2595 3666 2665 ὑπερ-

416 2694 679 2748 stentium
740 2691 1165 2762 comparatione)
1212 2691 1353 2745 ferre
1393 2701 1578 2761 queat,
1620 2707 1689 2749 an
1731 2693 1903 2749 divinil

2172 2695 2384 2750 ιλουσαν
2415 2694 2510 2747 καὶ
2533 2691 2753 2763 μείζονα
2778 2689 2978 2753 παντὸς
3014 2688 3105 2743 τοῦ
3132 2689 3336 2759 κόσμου
3374 2687 3659 2758 θειότητα·

417 2794 527 2851 tem
584 2786 729 2840 illius
788 2786 1115 2840 eminentem
1159 2795 1214 2839 et
1265 2793 1376 2839 toto
1443 2785 1641 2838 mundo
1701 2784 1902 2853 majore

2176 2806 2191 2841 ε
2223 2786 2333 2857 ἐγὼ
2360 2789 2389 2840 ό
2420 2783 2751 2857 τηλικαύτην
2776 2784 3030 2853 χωρήσας
3053 2782 3234 2854 χάριν,
3262 2782 3339 2846 ὠς
3387 2782 3485 2837 καὶ
3519 2798 3663 2853 προ-

412 2878 853 2948 quandoquidem
881 2894 1002 2949 ego,
1037 2879 1130 2948 qui
1179 2886 1381 2931 tantum
1423 2877 1609 2945 accepi
1654 2876 1884 2947 gratiam

2177 2880 2312 2941 τείας
2335 2876 2599 2948 ἠξιῶσθαι
2625 2892 2713 2947 με,
2742 2874 3115 2945 προλεγούσης
3158 2873 3229 2927 τὰ
3276 2873 3407 2946 περὶ
3434 2874 3539 2944 τῆς
3586 2876 3664 2936 είς

412 2971 699 3041 prophetia
723 2972 920 3041 dignus
946 2971 1160 3025 habitus
1182 2970 1398 3034 luerim,
1424 2984 1548 3039 quae
1572 2984 1749 3025 meum
1778 2968 1899 3023 adve

2201 2971 2313 3042 βίον
2337 2969 2443 3023 τῶν
2470 2967 2771 3040 ἀνθρώπων
2796 2966 3084 3038 ἐπιδημίας
3103 2984 3226 3037 μου,
3244 2968 3304 3019 ἐν
3321 2966 3402 3037 τῷ
3426 2985 3441 2997 ο
3474 2986 3493 3018 ι
3517 2968 3663 3038 Ἐγὼ

416 3071 527 3117 tum
566 3063 633 3117 ad
675 3063 843 3116 vitam
897 3063 1177 3116 hominum
1230 3060 1573 3130 praediceret,
1617 3059 1725 3114 illis
1758 3060 1903 3115 verbi

2177 3063 2235 3134 νὴ
2270 3060 2497 3131 βοῶντος
2539 3062 2597 3113 ἐν
2626 3062 2691 3132 τῇ
2726 3060 2938 3130 ἐρήμῳ,
2979 3059 3123 3115 ικαί·
3146 3078 3167 3109 ι
3215 3057 3345 3111 Ἰδοὺ
3385 3058 3497 3127 ἐγὼ
3522 3060 3664 3113 ἀπο-

419 3173 438 3207 (
472 3154 582 3225 Ego
611 3169 713 3208 vox
742 3154 1030 3211 clamantis
1060 3155 1114 3208 in
1146 3153 1422 3208 deserto“
1451 3169 1467 3218 ;
1498 3172 1518 3205 ι
1550 3161 1606 3207 et
1638 3170 1694 3206 τι
1720 3151 1858 3206 Ecce
1886 3165 1906 3205 ε

2173 3155 2288 3208 ἱλλω
2305 3155 2395 3207 τὸν
2419 3152 2648 3222 άγγελόν
2685 3168 2784 3223 μου
2816 3149 2921 3222 πρὸ
2949 3149 3239 3221 προσώπου
3275 3167 3368 3204 σου
3389 3169 3403 3183 υ
3445 3171 3464 3203 ι
3493 3151 3660 3220 Ἐγὼ,

416 3247 576 3300 mitto
606 3247 852 3300 nuntium
899 3260 1078 3300 meum
1121 3255 1248 3298 ante
1272 3245 1470 3299 faciem
1499 3253 1645 3297 tuam
1668 3244 1717 3274 “
1751 3259 1764 3295 :
1800 3262 1819 3295 ι
1849 3242 1903 3312 Ei

2174 3249 2273 3319 τὴν
2298 3248 2508 3317 γένεσιν
2538 3245 2774 3318 Γαϐριὴλ
2813 3247 2842 3299 ό
2868 3243 3230 3316 παρεστηκὼς
3277 3244 3510 3298 ἐνώπιον
3565 3244 3659 3299 τοῦ

414 3336 569 3405 cujus
592 3346 770 3390 ortum
797 3335 1019 3393 Gabriel
1064 3346 1254 3390 astans
1286 3350 1469 3390 coram
1502 3334 1659 3388 altari
1690 3334 1896 3388 admira

2175 3342 2218 3395 r3
2250 3340 2566 3413 παραδόξως
2610 3338 3001 3411 εὐηγγελίσατο
3028 3337 3086 3389 ἐν
3122 3335 3270 3408 γήρᾳ
3306 3338 3662 3408 γεγενημένῳ

416 3427 540 3481 liter
586 3426 1024 3489 annuntiavit“,
1053 3437 1208 3494 patre
1251 3440 1375 3479 meo
1416 3425 1470 3477 in
1522 3434 1798 3494 senectute
1828 3423 1903 3494 ιε

2194 3434 2368 3505 Πατρί
2423 3448 2556 3504 μουο
2605 3430 2767 3501 Ἐγὼ,
2802 3432 2886 3500 ἐφ’
2919 3425 2980 3484 οὗ
3012 3428 3091 3500 τῷ
3125 3428 3350 3499 ὀνόματι
3384 3429 3660 3500 Ζαχαρίας

414 3518 740 3584 exsistente;
791 3534 915 3588 ego,
959 3518 1026 3573 ad
1078 3517 1234 3587 cujus
1290 3531 1486 3571 nomen
1541 3514 1836 3571 Zacharias
1859 3532 1901 3568 tu

2172 3545 2203 3581 α
2230 3526 2471 3581 ἀπέλαϐε
2493 3522 2592 3597 τὴν
2621 3525 2826 3594 φωνὴν,
2858 3523 2954 3577 καὶ
2975 3522 3034 3576 λῶ
3062 3520 3426 3592 προφητεύειν
3450 3521 3516 3575 δι’
3561 3522 3659 3574 αὑ-

415 3626 605 3667 vocem
645 3611 871 3680 recepit,
899 3619 1062 3680 atque
1087 3611 1249 3664 etiam
1281 3606 1638 3677 prophetandi
1662 3623 1860 3661 lllllllllS
1890 3623 1902 3676 ι

2172 3636 2214 3683 ;-
2257 3618 2417 3686 Ἐγὼ,
2448 3620 2476 3671 ὁ
2503 3616 2608 3670 ὑπὸ
2634 3615 2726 3669 τοῦ
2745 3614 2950 3687 Κυρίου
2976 3631 3077 3685 μου
3100 3612 3659 3685 μαρτυρούμενοςνὼς

418 3705 588 3774 ipsam
612 3703 689 3771 “;
729 3717 848 3773 ego,
879 3704 945 3757 de
997 3719 1105 3771 quo
1151 3701 1409 3755 Dominus
1457 3698 1777 3754 testiﬁcatus
1812 3710 1896 3754 est

2167 3726 2194 3761 α
2229 3708 2430 3775 μείζων
2461 3709 2518 3761 ἐν
2539 3708 2817 3778 γεννητοῖς
2857 3702 3134 3772 γυναικῶν
3155 3700 3292 3772 ἐμοῦ
3319 3702 3495 3764 οὐδεὶς
3523 3718 3654 3768 τυγ-

376 3820 382 3827 -
417 3797 688 3851 netninem
724 3796 867 3850 inter
913 3805 1073 3848 natos
1104 3795 1392 3847 mulierum
1426 3806 1512 3846 me
1545 3791 1804 3859 majorem
1835 3808 1863 3847 e

2169 3819 2257 3863 νει,
2275 3799 2394 3853 οὺδέ
2411 3800 2477 3853 τὰ
2494 3797 2813 3869 ὑποδήματα
2829 3795 3092 3866 βαστάσαι
3118 3794 3421 3867 ίκανόςμῖ)
3439 3796 3578 3867 εἰμι.
3593 3794 3656 3845 Ei

416 3898 596 3952 stere;
630 3902 806 3957 neque
853 3886 1223 3941 calceamenta
1272 3883 1391 3951 ejus
1443 3884 1669 3939 idoneus
1711 3901 1830 3939 sum
1858 3900 1903 3954 pi

2166 3890 2240 3962 μὴ
2269 3889 2338 3943 τὰ
2370 3888 2712 3960 ὑποδήματα,
2738 3887 2791 3940 τί
2812 3886 3029 3939 λεκτέον
3053 3886 3181 3957 περὶ
3201 3884 3311 3938 τῶν
3342 3882 3653 3954 ἐνδυμάτων

419 3991 554 4034 tare.
589 3981 741 4047 Quod
769 3981 813 4034 si
857 3996 961 4035 non
1006 3979 1399 4044 calceamenta,
1430 3976 1559 4047 quid
1601 3977 1886 4033 dicendum

2167 3982 2284 4049 τοῦς
2311 3982 2405 4047 Τις
2434 3974 2588 4045 οὗτος
2623 3980 2731 4052 (45)
2754 3980 2813 4044 ὃς
2843 3979 3133 4052 ὁλόκληρον
3159 3976 3326 4032 αὑτοῦ
3350 3978 3412 4031 τὸ
3440 3976 3654 4047 ἱμάτιον

416 4072 764 4126 vestimentis
798 4070 954 4139 ejus?
981 4070 1113 4137 Quis
1158 4080 1339 4124 tantus
1382 4072 1474 4140 qui
1527 4079 1696 4125 totam
1726 4070 1903 4126 illius‘

2165 4080 2317 4148 ρῆσαι
2344 4076 2658 4148 δυνήσεταις
2680 4074 2796 4139 Τίς,
2821 4073 2880 4138 ὃς
2905 4075 3085 4146 νοήσει
3106 4072 3195 4126 τὸν
3219 4073 3285 4126 ἐκ
3313 4071 3420 4126 τῶν
3448 4071 3652 4125 ἄνωθεν

415 4174 554 4220 Blettl
595 4164 870 4218 custodire
912 4161 1117 4230 queat?
1146 4161 1277 4228 Quis
1303 4170 1386 4216 est
1428 4161 1520 4231 qui
1548 4162 1884 4232 cogitaturus

2165 4167 2284 4220 πῶνα
2330 4167 2573 4239 άρραφον
2598 4164 2686 4217 διὰ
2732 4164 2795 4217 τὸ
2834 4164 2900 4216 δι’
2936 4164 3057 4216 ὅλου
3098 4160 3332 4231 ὑφαντὺν
3364 4162 3652 4232 τυγχάνειν

415 4273 476 4312 se
498 4257 1014 4326 comprehensurum
1053 4258 1316 4310 rationem
1349 4271 1470 4311 eam
1518 4272 1678 4326 quam
1710 4257 1902 4312 habet!

2164 4258 2403 4311 ταλαϐεἶν
2434 4255 2491 4308 ὃν
2520 4254 2633 4325 ἔχει
2662 4252 2851 4321 λόγον;
2884 4251 3309 4324 Παρατηρητέον
3331 4251 3407 4316 δὲ,
3438 4253 3651 4305 ὅτιτῶν

418 4351 536 4404 nica
580 4364 611 4402 a
661 4363 874 4404 summo
924 4348 1360 4415 inconsutilis“,
1391 4347 1518 4417 quia
1569 4349 1642 4403 sit
1689 4363 1784 4418 per
1814 4357 1905 4402 toti

2163 4352 2360 4424 ςσάρων
2372 4348 2664 4421 εἰρηκότων
2678 4348 2738 4401 τὸ
2749 4347 2858 4419 (44)
2872 4350 2928 4400 ἐν
2947 4346 3098 4400 ὕδατι
3109 4341 3386 4416 ὁμολογεῖν
3402 4344 3650 4413 Ἰωάννην

417 4442 714 4497 contexta?
756 4442 890 4496 Illud
936 4456 1068 4495 vero
1105 4440 1506 4496 observandum
1548 4441 1713 4509 quod,
1755 4449 1902 4510 quati

2162 4439 2402 4512 ηλυθὲναι
2429 4434 2732 4509 βαπτίζειν,
2759 4435 2918 4508 μόνος
2946 4433 3222 4497 Ματθαῖος
3234 4433 3411 4503 τούτῳ
3467 4433 3649 4504 προσέ-

419 4533 776 4604 Evangelistis
802 4533 1104 4588 dicentibus
1134 4534 1394 4588 Joannem
1426 4533 1583 4587 fateri
1612 4546 1672 4586 se
1702 4531 1906 4585 adveni:

2165 4551 2216 4585 ιε
2245 4534 2324 4595 τὸ,
2359 4552 2377 4584 ι
2412 4534 2491 4596 είς
2520 4532 2825 4603 μετάνοιαν·
2858 4550 2876 4582 ι
2914 4530 3180 4583 διδάσκων
3208 4528 3269 4581 τί,
3298 4527 3409 4580 ἀπὸ
3435 4528 3531 4580 τοῦ
3562 4526 3652 4595 βα-

418 4624 484 4677 ad
514 4623 897 4692 baptizandum
942 4623 997 4677 in
1048 4636 1212 4692 aqua,
1248 4621 1396 4677 solus
1428 4620 1715 4675 Matthatus
1745 4619 1872 4674 huic
1904 4640 1905 4673 ἡ

2146 4625 2380 4696 ῖίσματος
2400 4624 2672 4694 ὠφέλειαν
2694 4623 2912 4694 ἔχεσθαι
2934 4623 3030 4692 τῆς
3052 4620 3427 4692 προαιρέσεως
3450 4619 3546 4673 τοῦ
3567 4622 3633 4689 βα

418 4714 691 4770 addiderit
709 4715 781 4781 "',
809 4734 828 4768 ι
850 4715 916 4768 ad
946 4714 1400 4784 resipiscentiam,
1431 4731 1451 4766 ι
1493 4712 1748 4767 nimirum
1779 4711 1905 4767 doce

2163 4716 2425 4787 ιζομένου,
2443 4715 2521 4787 τῷ
2545 4715 2890 4787 μετανοοῦντι
2917 4714 3016 4786 μὲν
3037 4712 3417 4783 ἐγγινομένην,
3442 4711 3554 4783 (45)
3576 4711 3650 4779 τῷ

418 4808 709 4864 utilitatem
743 4809 981 4864 futuram
1025 4807 1370 4877 baptismatis
1403 4807 1453 4861 ei
1486 4805 1579 4875 qui
1606 4821 1670 4859 ex
1703 4820 1900 4875 propos

2165 4809 2239 4881 μὴ
2275 4809 2620 4880 μετανοοῦντι
2645 4807 2921 4879 προσιόντι
2962 4809 3043 4869 είς
3070 4805 3246 4875 κρίμα
3274 4802 3651 4873 χαλεπώτερον

419 4901 807 4972 baptizaretur,
861 4920 984 4974 qua:
1030 4905 1099 4959 ad
1132 4903 1537 4973 resipiscentem
1564 4900 1904 4968 perveniens,

2158 4898 2371 4971 ομένην.
2404 4897 2523 4968 Χρὴ
2554 4896 2612 4950 δὲ
2661 4895 2877 4960 εἰδέναι,
2927 4894 3030 4958 ὄτι,
3080 4893 3269 4965 ὥσπερ
3298 4893 3356 4946 αἱ
3386 4891 3530 4946 κατὰ
3554 4891 3645 4954 τὰς

419 4995 508 5062 qui
539 4996 823 5050 accederet
870 5012 977 5052 non
1038 4996 1389 5065 resipiscens,
1439 4992 1690 5063 asperius
1715 4988 1905 5059 judicit

2158 4990 2455 5063 γενημένας
2482 4988 2586 5042 ὑπὸ
2615 4985 2708 5040 τοῦ
2742 4986 2992 5057 Σωτῆρος
3036 4984 3331 5056 θεραπείας
3379 4983 3645 5057 τεράστια

488 5128 535 5160 ’⁸
565 5128 694 5185 an.
722 5148 757 5196 ι,
792 5126 877 5183 17.
954 5129 1000 5163 ¹¹
1033 5128 1134 5182 lsa.
1193 5143 1282 5194 ιι,
1314 5129 1370 5183 5.
1442 5127 1488 5159 ²²
1516 5124 1745 5181 Malach.
1786 5134 1865 5188 Ill,
1897 5126 1947 5180 l.

2153 5144 2259 5183 .uc.
2296 5144 2338 5194 ι,
2376 5127 2430 5193 7,
2459 5126 2518 5180 ii
2551 5135 2606 5180 et
2633 5138 2749 5193 seq.
2825 5122 2871 5155 “
2900 5120 3029 5176 Luc.
3054 5135 3094 5186 ι,
3127 5111 3324 5188 63,64,
3352 5118 3422 5173 67
3449 5130 3505 5174 et
3533 5132 3640 5186 seq.

421 5200 466 5231 “
502 5198 688 5255 Matth.
723 5212 797 5265 XI,
831 5202 916 5256 H.
995 5198 1217 5255 “Joan.
1248 5215 1358 5263 xix,
1387 5197 1479 5253 93.
1558 5198 1603 5229 ’⁷
1645 5196 1835 5252 Matth.
1864 5197 2056 5263 1",“.

491 5332 602 5402 (59)
637 5333 733 5398 Ὃς
752 5333 848 5386 καὶ
880 5331 1273 5401 παραδέδοται
1302 5329 1548 5402 πρῶτος,
1563 5328 1978 5402 clc.l:‘.uscbius,

2154 5332 2244 5402 ~e_s_t
2263 5322 2399 5402 εἰμί,
2424 5329 2474 5402 et
2501 5334 2625 5402 mox
2656 5317 2848 5387 legitur
2874 5315 3041 5402 Είμὴ
3071 5314 3181 5402 γὰρ
3205 5318 3272 5370 τὰ
3294 5359 3305 5372 ,
3329 5312 3641 5402 deice-de:

424 5393 887 5466 Ηὲὲι.’1ἰι).ἰιι,ο.
919 5393 1013 5464 εῑι,
1055 5413 1110 5455 et
1156 5405 1251 5462 lib.
1302 5393 1377 5467 vi,
1431 5417 1481 5455 c.
1505 5393 1628 5465 ‘25;
1663 5393 1987 5471 ChrysostoL
2091 5394 2414 5471 Bodleianits
2440 5393 2727 5471 lectionem
2785 5393 2957 5471 nostri
2992 5398 3177 5471 textui
3204 5394 3573 5471 reprarsentat':

423 5452 1251 5538 in};tioiumintra?"
1441 5452 1477 5455 *⁷
1566 5452 1627 5465 “’
1678 5452 1691 5453 ί

2165 5462 2277 5533 (45)
2312 5465 2408 5538 Ὣς
2433 5461 2787 5538 όλόμᾴῃρον.
2813 5458 2905 5512 Sic
2933 5458 3105 5513 codex
3141 5455 3505 5518 liodlcianns;
3544 5452 3641 5505 Re-

490 5530 605 5613 (40)
650 5543 754 5596 Ἐν
809 5542 998 5597 ὕδατι.
1058 5543 1387 5597 ιίυειίιυὶιιιι·
1429 5555 1460 5595 e
1506 5541 1692 5595 codice
1739 5538 1977 5593 Bodleia-

2090 5530 2419 5613 gius,_tn_a_l_e,
2496 5530 2815 5613 fléxlq‘pov.
2902 5595 2920 5613 ³
3043 5597 3080 5613 n
3139 5596 3170 5613 η
3454 5593 3490 5613 n
3563 5592 3572 5602 .

495 5593 603 5613 \“l
665 5593 727 5596 —-
818 5593 997 5597 --ηννν
1058 5593 1375 5597 -ή--τ--π-ίνν
1439 5593 1450 5595 ~
1551 5593 1594 5595 η
1642 5593 1682 5594 κν

422 5628 510 5666 110.
872 5659 874 5662 ,

2159 5605 2271 5675 (4.4)
2306 5603 2409 5675 Ἐν
2446 5601 2635 5675 tidem.
2676 5593 2771 5653 Sic
2823 5595 2995 5651 codex
3043 5596 3405 5661 Bodleianus,
3454 5593 3641 5662 Regius

312 5726 318 5734 .
423 5651 602 5753 πίω)
637 5683 770 5736 Μετ’
812 5659 915 5753 ἐμὲ
949 5682 1288 5752 ἐρχόμενος.
1339 5679 1431 5734 Sic
1467 5678 1585 5734 cod.
1621 5677 1799 5733 Bodlci

1415 5696 1431 5734 3
1467 5678 1585 5734 cod.
1621 5677 1982 5743 Bodleianus;
2089 5651 2375 5753 [tci'|_ier.zﬂt
2392 5671 2670 5753 ἐνδύματι.
2878 5738 2902 5748 η

422 5732 1288 5825 aut};namgausapa“:’
1355 5732 1424 5825 ’ζ
1712 5732 1717 5733 ί

2305 5732 2388 5806 TC)
2413 5732 2594 5825 δὲ
2613 5738 2997 5825 μετανροιξςντι
3026 5736 3357 5825 ἱεροσιόνξι.
3389 5733 3461 5786 Ita
3489 5732 3637 5788 mdes

490 5820 603 5891 (te)
627 5805 882 5892 Ezpzi'e‘z
918 5805 993 5877 δὲ’
1016 5805 1102 5895 ῖιῆ
1132 5805 1241 5895 «τάξ
1265 5831 1370 5877 etc.
1407 5819 1461 5875 ln
1517 5817 1755 5875 editione
1812 5817 1977 5875 lluetii

1939 5818 1990 5872 lii
2096 5805 2457 5878 Bodleianus;
2494 5805 2713 5881 Regius,
2757 5808 2831 5882 μὴ
2861 5808 3004 5863 οὕτω
3033 5807 3090 5860 δέ
3131 5805 3426 5877 προσιόντι.
