3766 6142
124 280 209 335 25Ἱ

1143 274 1498 333 COMMENT.
1546 273 1609 328 IN
1648 271 1841 330 JOA'N.
1875 273 2112 331 TOMUS
2155 274 2238 333 Vl.

3239 285 3344 341 258

121 397 367 465 δυνάμεις,
425 394 667 466 σύμϐολα
697 396 1058 467 τυγχάνουσαι
1092 396 1201 449 τῶν
1240 397 1326 450 ἀεὶ
1369 395 1529 466 Λόγῳ
1575 394 1661 448 τοῦ

1776 393 1953 449 futura
1983 405 2147 451 esset.
2180 395 2469 451 Sciendum
2499 405 2584 452 est
2616 395 2855 468 insuper,
2889 397 3346 468 quemadmodum

123 488 235 541 Θεοῦ
277 484 770 557 ἀπαλλαττομένων
824 487 1003 558 πάσης
1042 487 1197 541 νόσου
1234 488 1327 542 καὶ
1374 487 1667 557 μαλακίας,

121 582 250 635 οὐδὲν
269 578 429 652 ἦττον
450 583 544 636 καὶ
564 581 892 652 σωματικῶς
910 582 1194 652 γενόμεναι
1214 583 1323 653 (46)
1337 582 1447 653 ῶνη
1456 601 1572 645 σαν,
1591 583 1670 645 εἰς

124 675 279 727 πεπιν
307 674 819 746 προσκαλεσάμεναι
840 676 966 751 τοὺς
987 675 1441 746 εὐεργετηθέντας
1464 693 1479 705 ·
1497 674 1670 738 οὕτως

123 768 218 831 H7)
248 767 338 821 καὶ
370 767 433 819 τὸ
457 767 547 820 διὰ
578 764 674 821 τοῦ
707 766 897 831 ὕδατος
945 767 1190 840 λουτρὸν,
1228 767 1492 839 σύμϐολον
1542 784 1671 837 τυγ-

121 860 258 929 χάνον
302 857 601 928 καθαρσίου
627 858 825 928 ψυχῆς,
877 859 1055 914 πάντα
1105 859 1274 933 ῥύπον
1323 860 1432 915 ἀπὸ
1474 860 1670 924 κακίας

120 951 741 1023 ἀποπλυνομένης,ὀύδὲν
782 947 944 1024 ἦττον
987 952 1081 1005 καὶ
1124 956 1244 1006 κατ’
1285 952 1417 1007 αὐτὸ
1457 951 1535 1024 τῷ
1566 954 1668 1024 ἐμ-

122 1041 384 1115 παρέχοντι
416 1043 610 1096 ἑαυτὸν
639 1045 703 1113 τῇ
735 1042 970 1113 θειότητι
992 1043 1093 1113 τῆς
1127 1043 1407 1116 δυνάμεως
1439 1043 1546 1096 τῶν
1571 1043 1669 1113 τῆς

121 1134 471 1205 προσκυνητῆς
496 1133 728 1204 Τριάδος
764 1134 1100 1207 ὲπικλήσεών
1133 1138 1281 1188 ἐστιν
1319 1137 1352 1207 ἡ
1394 1136 1667 1206 χαρισμά-

120 1248 209 1283 των
236 1228 387 1282 θείων
420 1229 566 1300 ἁρχὴ
613 1228 707 1282 καὶ
758 1230 907 1299 πηγή
931 1246 944 1258 ·
980 1248 999 1279 ι
1034 1230 1340 1301 Διαιρέσεις
1368 1230 1478 1301 γὰρ
1510 1246 1636 1300 χαρι

120 1322 312 1395 σμάτων
341 1320 468 1375 είσί.
519 1341 536 1371 ι
567 1323 854 1393 Μαρτυρεῖ
880 1321 938 1374 δέ
974 1339 1075 1392 μου
1099 1321 1177 1392 τῷ
1205 1323 1347 1394 λόγῳ
1384 1325 1416 1395 ή
1457 1324 1513 1376 ὲν
1549 1327 1667 1387 ταῖς

119 1412 208 1465 τῶν
241 1411 550 1465 ἀποστόλων
602 1412 874 1484 Πράξεσιν
925 1413 1386 1485 ἀναγεγραμμένη
1435 1414 1663 1484 ἱστορία,

122 1505 229 1576 περὶ
260 1502 350 1557 τοῦ
377 1502 554 1569 οὕτως
588 1505 831 1577 ἐναργῶς
852 1505 973 1558 τότε
1001 1506 1062 1559 τὸ
1091 1507 1306 1578 πνεῦμα
1333 1510 1442 1572 τοῖς
1476 1507 1665 1578 βαπτι-

120 1596 329 1668 ζομένοις
371 1598 880 1670 ἐπιδεδημηκέναι,
930 1601 1455 1674 προευτρεπίσαντος
1516 1601 1664 1672 αὐτῷ

118 1690 194 1742 τοῦ
222 1689 402 1753 ὓδατος
427 1693 545 1754 τοῖς
580 1692 818 1763 γνησίως
844 1691 1161 1763 προσιοῦσιν
1182 1694 1330 1748 ὁδόν·
1359 1693 1435 1758 ὼς
1455 1695 1551 1748 καὶ
1574 1694 1665 1748 τὸν

120 1781 266 1850 μάτον
292 1781 516 1852 Σίμωνα
560 1784 976 1852 καταπλαγέντα
1006 1784 1179 1838 θέλειν
1215 1787 1313 1858 μὲν
1358 1788 1455 1858 τὴν
1505 1789 1665 1859 χάριν

120 1873 288 1943 ταύτην
315 1873 422 1927 ἀπὺ
449 1872 547 1927 τοῦ
583 1876 790 1947 Πέτρου
815 1876 1019 1941 λαϐεῖν,
1052 1877 1257 1932 ἐθέλειν
1291 1879 1349 1933 δὲ
1374 1880 1436 1932 τὸ
1464 1881 1665 1936 δικαιό-

119 1984 250 2020 τατον
268 1967 353 2020 διὰ
384 1966 477 2021 τοῦ
510 1973 794 2040 μαμμωνᾶ
840 1974 941 2043 τῆς
981 1972 1211 2035 ἀδικίας.
1249 1973 1359 2025 Καὶ
1413 1973 1568 2027 τοῦτο
1608 1974 1664 2028 δὲ

120 2060 596 2131 παρασημειωτέον,
630 2063 711 2115 ὅτι
760 2063 823 2115 τὸ
863 2065 1111 2118 Ἰωάννου
1151 2065 1434 2136 βάπτισμα
1467 2067 1663 2121 ὑποδε-
1700 2067 1729 2118 Ι-

119 2150 306 2222 ἐςτερον
336 2150 604 2223 ἐτύγχανε
637 2153 730 2207 τοῦ
758 2154 1135 2227 βαπτίσματος
1173 2155 1348 2228 Ἰησοῦ
1389 2157 1664 2229 διδομένου

120 2242 190 2294 διὰ
232 2242 334 2297 τῶν
386 2244 650 2317 μαθητῶν
683 2247 866 2300 αὑτοῦ.
902 2250 965 2300 υί
1009 2248 1141 2318 γοῦν
1175 2252 1232 2303 ὲν
1263 2252 1384 2315 ταῖς
1426 2251 1665 2322 Πράξεσι

120 2334 510 2408 βεϐαπτισμένοι
550 2340 634 2402 είς
676 2338 737 2392 τὸ
778 2338 1022 2395 Ἰωάννου
1077 2340 1381 2413 βάπτισμα,
1428 2343 1562 2418 μηδέ
1614 2346 1665 2397 εί

122 2427 309 2500 Πνεῦμα
340 2429 495 2497 ἀγιόν
533 2431 684 2483 ἐστιν
716 2422 1068 2497 ἀκούσαντες,
1110 2433 1462 2503 βαπτίζονται
1485 2435 1667 2489 δεύτε-

123 2536 195 2588 ρον
216 2519 311 2574 ὑπὸ
345 2520 439 2574 τοῦ
476 2517 826 2578 Ἀποστόλου.
874 2524 947 2577 Τὸ
991 2526 1098 2600 γὰρ
1133 2527 1235 2598 τῆς
1259 2529 1664 2601 ἀναγεννήσεως

122 2614 170 2663 οὗ
198 2614 334 2685 παρά
366 2614 443 2686 τῷ
486 2616 734 2689 Ἰωάννῃ,
769 2617 904 2671 ἀλλὰ
939 2619 1088 2690 παρά
1114 2620 1191 2692 τῷ
1234 2620 1408 2692 Ἰησοῦ
1433 2622 1521 2675 διὰ
1552 2622 1663 2677 τῶν

124 2705 342 2776 μαθητῶν
376 2708 541 2762 αὑτοῦ
576 2710 806 2779 ἐγίνετο.
848 2710 942 2764 καὶ
995 2711 1411 2782 παλιγγενεσίας
1462 2716 1661 2784 ὀνομα-

122 2797 310 2865 ζόμενον
327 2799 571 2871 λουτρὸν,
602 2800 743 2872 μετὰ
762 2803 1176 2869 ἀνακαινώσεως
1195 2806 1476 2878 γινόμενον
1499 2808 1663 2861 πνεύ-

125 2904 281 2955 ματος,
309 2890 400 2943 τοῦ
431 2893 527 2944 καὶ
571 2892 669 2947 νῦν
699 2896 1114 2967 ἐπιφερομένου,
1145 2897 1330 2969 ἐπειδὴ
1365 2898 1516 2971 παρὰ
1549 2899 1660 2971 (48)

121 2979 230 3032 Θεοῦ
264 2983 435 3047 ἐστιν,
478 2985 668 3039 ἐπάνω
705 2986 798 3040 τοῦ
847 2982 1064 3052 ὕδατος,
1110 2989 1226 3042 ἀλλ’
1261 2991 1321 3043 ού
1353 2991 1486 3043 πᾶσι
1524 2991 1663 3061 μετὰ

121 3074 168 3124 τὸ
196 3073 322 3147 ὕδωρ
348 3077 724 3149 ἐγγινομένου.
761 3080 870 3133 Καὶ
904 3081 1076 3136 ταῦτα
1112 3082 1210 3152 μὲν
1246 3085 1327 3148 εἰς
1352 3083 1449 3154 τὴν
1477 3083 1665 3149 ἐξέτα-

124 3177 190 3217 σιν
212 3167 307 3221 τῶν
324 3169 379 3222 ἐν
405 3169 484 3240 τῷ
507 3170 652 3224 κατὰ
684 3171 963 3226 Ματθαίον
992 3173 1317 3245 Εὑαγγελίῳ
1343 3174 1479 3229 (49).

1777 486 2100 554 prodigiosa:
2159 487 2387 542 virtutes
2442 486 2495 540 in
2546 488 2924 543 curationibus
2972 504 3004 544 a
3051 488 3346 547 Servatore

1777 578 1955 639 factis.
1989 591 2129 635 noue
2155 580 2485 635 exsistentes
2507 594 2717 648 eorum,
2746 582 2838 651 qui
2866 595 3082 653 semper
3105 598 3134 638 a
3162 582 3346 657 Λόγῳ,

1777 668 1853 740 [id
1889 680 1971 725 est
2006 669 2147 725 Filio
2177 669 2296 741 Dei]
2337 671 2638 727 liberantur
2670 682 2781 729 tum
2832 675 2900 729 ab
2942 676 3089 729 omni
3129 678 3343 747 a‘gritu-

1773 762 1920 828 dine,
1956 774 2068 818 tum
2113 780 2142 817 a
2187 764 2437 830 mollitie,
2467 764 2792 835 profuerunt
2820 764 3011 837 (etiam
3038 768 3343 836 corporali-

1773 873 1856 918 ter
1895 862 2069 932 factm)
2118 862 2409 917 imitantes
2461 863 2529 918 ad
2581 863 2741 919 ﬁdem
2791 879 2885 920 eos
2929 866 3020 935 qui
3071 866 3337 922 beneﬁcio

1771 954 2173 1017 adiciebantur;
2222 954 2295 1009 ita
2352 953 2624 1009 lavacrum
2685 970 2871 1024 aquae,
2932 957 3231 1024 symbolum
3282 965 3337 1012 et

1769 1055 1896 1101 nota
1925 1046 2189 1101 exsistcns
2215 1046 2606 1115 puriﬁcationis
2645 1046 2839 1101 animae
2873 1048 3069 1103 abluta:
3117 1049 3184 1103 ab
3215 1065 3335 1103 om-

1771 1139 1824 1193 ni
1854 1139 2011 1193 sorde
2058 1138 2294 1202 mal'rtiae,
2334 1140 2706 1203 nihilominus,
2765 1141 2925 1195 etiam
2973 1155 3037 1194 ex
3087 1155 3165 1205 se,
3213 1155 3335 1195 esse

1769 1230 2095 1300 principium
2125 1245 2189 1286 ac
2218 1230 2422 1285 fontem
2456 1246 2741 1285 munerum
2761 1231 3086 1296 divinorum,
3110 1241 3335 1301 propter

1769 1323 2063 1391 potentiam
2102 1322 2505 1378 invocationum
2545 1322 2832 1377 adorandze
2882 1322 3111 1388 Triadis,
3152 1323 3200 1377 ei
3240 1324 3331 1392 qui

1769 1426 1827 1467 se
1857 1410 2164 1466 exhibuerit
2211 1411 2418 1466 deitati.
2454 1432 2471 1463 ι
2510 1411 2808 1467 Divisiones
2860 1431 2878 1462 ι
2924 1412 3068 1467 enim
3112 1429 3132 1463 ι
3163 1413 3335 1468 dono-

1768 1518 1888 1557 rum
1915 1512 2041 1558 sunt
2060 1503 2125 1558 ".
2152 1522 2171 1555 ι
2206 1503 2594 1558 Testimonium
2629 1514 2807 1560 autem
2836 1505 2970 1561 meis
2986 1506 3163 1561 verbis
3192 1522 3333 1576 prae-

1767 1597 1862 1653 bet
1889 1597 2116 1653 historia
2157 1598 2211 1653 in
2252 1598 2401 1653 Actis
2437 1598 2802 1667 apostolorum
2825 1600 2869 1629 "
2909 1599 3112 1668 scripta
3148 1599 3217 1654 de
3266 1614 3333 1653 eo

1768 1690 1913 1760 quod
1964 1690 2100 1745 adeo
2147 1689 2426 1745 evidenter
2481 1699 2609 1745 tunc
2651 1690 2931 1745 advenerit
2968 1690 3205 1762 Spiritus
3246 1691 3333 1746 his

1768 1781 1861 1850 qui
1899 1781 2331 1850 baptizabantur,
2380 1790 2738 1852 praestruente
2786 1783 2927 1838 viam
2956 1800 3092 1853 aqua
3125 1785 3212 1840 his
3239 1785 3329 1855 qui

1768 1875 1978 1929 sincere
2020 1876 2087 1929 ad
2122 1875 2296 1944 ipsum
2341 1877 2709 1943 accedebant;
2755 1878 2889 1932 adeo
2926 1888 2985 1934 ut
3025 1878 3210 1934 Simon
3243 1880 3332 1933 ille

1769 1965 1954 2036 Magus
1995 1966 2404 2035 obstupefactus
2452 1968 2616 2023 vellet
2653 1983 2684 2022 a
2722 1969 2882 2023 Petro
2925 1970 3067 2025 hanc
3105 1970 3328 2041 gratiam

1769 2058 2033 2128 accipere,
2065 2059 2335 2128 velletque
2376 2076 2491 2115 rem
2522 2062 2874 2129 justissimam
2904 2079 3004 2132 per
3023 2080 3328 2118 mammona

1768 2149 2086 2219 iniquitatis.
2136 2150 2277 2216 Quin
2332 2158 2386 2204 et
2431 2152 2534 2206 hoc
2582 2153 2802 2222 insuper
2842 2154 3137 2209 notandum
3184 2157 3328 2225 quod

1766 2237 1989 2294 Joannis
2038 2239 2337 2308 baptismus
2387 2239 2515 2294 Jesu
2562 2240 2857 2309 baptismo,
2908 2242 3053 2311 quod
3105 2244 3333 2299 dabatur

1768 2346 1864 2401 per
1898 2330 2192 2401 discipulos
2223 2332 2360 2400 ejus.
2395 2332 2621 2386 inferior
2640 2343 2774 2388 erat.
2803 2333 2906 2400 Qui
2945 2350 3072 2407 ergo
3097 2335 3152 2390 in
3184 2336 3333 2393 Actis

1766 2422 2019 2493 baptizati
2048 2430 2203 2478 erant
2239 2422 2293 2476 in
2322 2423 2545 2478 Joannis
2570 2425 2835 2494 baptismo
2855 2427 2920 2491 '°,
2944 2436 2999 2481 et
3032 2443 3229 2497 neque,
3260 2446 3328 2483 an

1765 2513 1997 2585 Spiritus
2039 2523 2258 2571 sanctus
2298 2523 2472 2580 esset,
2512 2516 2818 2581 audierant,
2852 2519 3032 2574 denuo
3068 2521 3137 2576 ab
3183 2523 3330 2591 Apo-

1766 2608 1904 2663 stolo
1930 2608 2296 2678 baptizantur,
2334 2608 2458 2678 quia
2486 2611 2822 2679 regeneratio
2854 2627 2963 2667 non
2996 2616 3136 2682 apud
3172 2616 3333 2689 134

1764 2699 2047 2765 Joannem,
2077 2699 2171 2755 sed
2214 2699 2358 2768 apud
2405 2698 2589 2754 Jesum
2632 2715 2730 2770 per
2761 2705 3034 2772 apostolos
3072 2722 3200 2763 suos
3230 2706 3329 2764 ﬁe-

1764 2791 1876 2854 bat,
1912 2800 2072 2860 atque
2112 2791 2274 2848 etiam
2306 2791 2734 2862 regenerationis
2774 2796 2917 2863 quod
2950 2796 3150 2853 dicitur
3176 2800 3328 2854 lava-

1765 2898 1942 2946 crum,
1974 2884 2121 2952 qued
2166 2884 2328 2939 ﬁebat
2379 2900 2506 2939 cum
2551 2888 2909 2942 renovatione
2956 2890 3201 2959 Spiritus,
3233 2892 3324 2962 qui

1766 2973 1926 3028 etiam
1974 2989 2121 3029 nunc
2154 2974 2441 3044 praefertur
2486 2991 2659 3045 aquae,
2696 2980 2952 3047 quoniam
2992 2996 3022 3034 a
3067 2982 3178 3037 Deo
3219 2993 3323 3050 est,

1765 3063 1859 3119 sed
1887 3079 1996 3119 non
2034 3063 2285 3120 omnibus
2322 3074 2447 3134 post
2479 3081 2670 3137 aquam
2711 3067 3056 3138 imprimitur,
3089 3081 3145 3129 et
3174 3073 3326 3144 inge—

1766 3162 2005 3209 neratur.
2038 3154 2107 3208 Et
2133 3153 2251 3208 haec
2294 3154 2514 3224 quidem
2559 3154 2840 3222 hactenus,
2874 3161 3017 3228 quod
3043 3161 3110 3215 ad
3147 3163 3325 3234 inqui-

1765 3245 2013 3300 sitionem
2056 3245 2250 3300 attinet
2287 3261 2478 3300 eorum
2505 3262 2627 3317 qua:
2656 3256 2784 3305 sunt
2820 3248 2876 3303 in
2913 3250 3207 3324 Evangelia
3236 3271 3325 3311 se-

1764 3336 1999 3391 cundum
2026 3335 2355 3391 Matthaeum.

180 3419 252 3474 l8.
280 3421 412 3493 Ἤδη
462 3422 521 3476 δὲ
572 3423 669 3477 καὶ
698 3424 767 3479 τά
818 3425 1046 3497 Μάρκου
1100 3427 1548 3500 κατανοήσωμεν,
1600 3428 1660 3493 ὃς

1834 3427 1920 3482 18.
1958 3426 2190 3483 Proinde
2225 3428 2337 3498 jam
2383 3427 2622 3486 Marcum
2679 3431 2844 3487 etiam
2894 3436 3323 3502 consideremus,

126 3511 357 3586 ἀνέγραψε
381 3516 726 3588 κηρύσσοντα
758 3518 849 3572 τὸν
895 3520 1147 3590 Ἰωάννην
1181 3521 1353 3575 ταῦτα
1382 3523 1481 3593 μὲν
1516 3525 1662 3594 εἰρη-

126 3603 248 3657 κέναι
275 3607 404 3660 κατά
422 3609 517 3661 τό·
559 3629 581 3660 ι
620 3612 879 3682 Ἔρχεται
911 3614 938 3665 ὁ
972 3612 1318 3684 ἰσχυρότερός
1354 3631 1455 3683 μου
1486 3615 1661 3668 ὀπίσω

127 3713 237 3762 μου·
275 3719 292 3749 ι
328 3701 641 3773 ἰσοδυναμεί
662 3702 769 3775 γὰρ
799 3703 971 3758 ταῦτα
1000 3704 1106 3774 “cfp-
1149 3724 1167 3755 ι
1221 3707 1279 3760 ὐ
1321 3707 1497 3761 ὀπίσω
1558 3726 1660 3779 μου

124 3787 371 3860 ἐρχόμενος
429 3795 781 3867 ίσχυρότερός
836 3796 937 3867 μού
969 3798 1116 3850 ἐστιν
1141 3816 1153 3827 ·
1187 3818 1204 3849 ι
1242 3799 1342 3852 οὐκ
1386 3800 1465 3853 ἔτι
1499 3801 1556 3854 δὲ
1594 3801 1664 3856 τὰ

124 3881 239 3935 αὐτὰ
278 3886 330 3936 ὲν
373 3885 477 3957 τῷ·
514 3906 531 3938 ι
572 3885 688 3940 υύκ
731 3890 847 3958 εἰμὶ
911 3889 1095 3954 ἱκανὸς
1152 3890 1332 3960 κύψας
1364 3891 1522 3946 λῦσαι
1568 3892 1661 3947 τὸν

123 3970 291 4054 ίμάντα
314 3975 418 4029 τῶν
451 3977 817 4050 ὑποδημάτων
859 3979 1044 4032 αὐτοῦ.
1080 4000 1099 4032 ι
1142 3982 1368 4052 Ἕτερον
1415 3982 1514 4053 μὲν
1554 3983 1662 4056 γὰρ

123 4062 173 4116 τὸ
214 4064 481 4134 βαστάζειν
531 4069 606 4123 τὰ
664 4071 1010 4141 ὑποδήματα,
1075 4071 1321 4143 δηλονότι
1360 4074 1460 4145 ἤδη
1501 4073 1658 4128 λελυ-

129 4155 240 4222 μένα
268 4159 368 4212 ἀπὺ
391 4160 497 4214 τῶν
519 4161 616 4215 τοῦ
654 4161 1038 4233 ὑποδεδεμένου
1074 4163 1249 4217 ποδῶν
1267 4180 1281 4194 ·
1314 4164 1500 4236 ἕτερον
1525 4167 1583 4220 δὲ
1602 4166 1667 4220 τὸ

128 4249 336 4320 κύψαντα
376 4254 532 4309 λῦσαι
583 4255 677 4309 τὸν
705 4255 906 4326 ἱμάντα
937 4253 1046 4308 τῶν
1075 4255 1436 4329 ὑποδημάτων
1472 4257 1659 4313 αὐτοῦ.

127 4339 215 4392 Καὶ
237 4343 511 4399 ἀκόλουθόν
538 4363 603 4416 γε
629 4345 856 4416 μηδενὸς
884 4344 1251 4417 σφαλλομένου
1274 4345 1383 4403 τῶν
1413 4346 1661 4417 Εὐαγγε-

127 4429 309 4497 λιστῶν,
338 4436 466 4507 μηδὲ
492 4436 849 4507 ψευδομένου,
884 4437 961 4500 ὡς
982 4436 1185 4490 εἴποιεν
1213 4437 1279 4491 ἂν
1309 4438 1359 4491 οἱ
1382 4438 1663 4493 πιστεύον-

127 4538 218 4590 τες,
235 4528 504 4602 ἀμφότερα
524 4530 670 4584 κατὰ
689 4531 976 4603 διαφόρους
994 4532 1220 4602 καιροὺς
1240 4530 1530 4602 εὑρηκέναι
1548 4531 1660 4603 (50)

127 4614 202 4670 tit»
246 4619 540 4695 Βαπτιστὴν
593 4621 719 4678 καθ’
773 4624 960 4695 ἕτερον
1014 4624 1110 4678 καὶ
1153 4624 1339 4698 ἕτερον
1391 4623 1518 4679 νοῦν
1573 4642 1657 4679 κι-

1764 3520 1855 3590 qui
1904 3519 2285 3589 pmdicantem
2322 3521 2540 3589 quidem
2580 3522 2844 3579 Joannem
2882 3526 3071 3582 eadem
3113 3528 3329 3598 scripsit

1766 3610 2006 3675 dixisse,
2055 3611 2206 3679 juxta
2263 3609 2430 3667 illud:
2474 3631 2492 3664 ι
2529 3612 2690 3669 Venit
2740 3617 3016 3685 potentior
3070 3632 3157 3672 me
3203 3629 3328 3688 post

1768 3714 1854 3752 me
1881 3699 1956 3761 ³¹;
1997 3717 2015 3750 ι
2051 3699 2167 3754 haec
2207 3700 2354 3754 enim
2404 3715 2557 3770 atque
2614 3701 2795 3756 valent
2846 3712 3008 3773 atque
3035 3718 3101 3758 ea
3128 3705 3321 3763 verba:

1770 3809 1790 3841 σ
1829 3790 1929 3855 Qui
1951 3801 2076 3861 post
2107 3802 2195 3847 me
2226 3801 2496 3848 venturus
2530 3801 2633 3858 est,
2678 3795 2955 3864 potentior
2980 3812 3069 3851 me
3097 3805 3181 3851 est
3196 3796 3275 3862 ³²;
3302 3814 3321 3846 ι

1763 3896 1871 3945 non
1900 3883 2131 3953 amplius
2178 3899 2307 3939 vero
2334 3886 2545 3951 eadem,
2588 3885 2722 3961 dum
2769 3884 2975 3958 inquit:
3003 3907 3022 3939 ι
3050 3887 3168 3942 Non
3203 3902 3324 3943 sum

1763 3972 1991 4028 idoneus
2016 3977 2380 4044 procumbens
2421 3978 2630 4033 solvere
2657 3978 2945 4049 corrigiam
2983 3979 3325 4035 calceamen-

1765 4072 1942 4117 torum
1987 4067 2106 4135 ejus
2127 4065 2190 4121 ³⁸.
2224 4086 2242 4117 ι
2284 4068 2444 4124 Aliud
2488 4079 2574 4124 est
2610 4071 2811 4125 etenim
2858 4079 3068 4141 gestare
3114 4071 3325 4126 calcea-

1763 4164 1966 4222 menta,
2000 4157 2105 4226 iam
2140 4159 2346 4215 scilicet
2369 4161 2543 4216 soluta
2571 4178 2601 4217 a
2629 4162 2860 4232 pedibus
2883 4163 3137 4230 calceati;
3180 4162 3327 4217 aliud

1764 4257 1956 4322 etiam,
2014 4256 2463 4327 procumbentem
2513 4258 2727 4312 solvere
2777 4256 3071 4326 corrigiam
3119 4256 3335 4336 calcea-

1766 4358 2070 4404 mentorum
2121 4347 2261 4417 cjus.
2305 4348 2542 4405 Proinde
2586 4363 2931 4420 consequens
2958 4357 3063 4414 est,
3097 4347 3247 4402 nullo
3273 4362 3331 4404 ea

1764 4438 2133 4511 Evangelistis
2176 4443 2258 4495 vel
2310 4441 2556 4506 fallente,
2597 4441 2682 4499 vel
2729 4440 3051 4515 mentiente,
3103 4448 3164 4493 ut
3197 4439 3342 4498 dice-

1766 4538 1888 4584 reut
1916 4530 2010 4600 qui
2055 4530 2306 4594 credunt,
2345 4541 2582 4600 utraque
2623 4512 2926 4600 Baptistaui
2952 4512 3183 4584 diversis
3204 4539 3341 4585 tem-

1766 4622 1991 4693 poribus
2021 4622 2227 4678 dixisse
2275 4623 2574 4677 secundum
2603 4621 2765 4676 aliam
2815 4629 2871 4676 et
2899 4620 3059 4678 aliam
3107 4632 3342 4679 mentem

129 4707 377 4779 νούμενον·
402 4714 463 4767 οὐ
494 4714 608 4786 γὰρ
642 4715 772 4786 περ)⁵
800 4714 910 4768 τῶν
938 4715 1140 4779 αὐτῶν,
1173 4715 1249 4780 ὡς
1278 4716 1481 4771 οἴονταί
1517 4734 1661 4783 τινες

1776 4724 1996 4773 motum.
2028 4714 2146 4770 Non
2178 4715 2323 4770 enim
2351 4716 2417 4771 de
2440 4716 2629 4769 iisdem
2656 4715 2817 4769 rebus
2840 4713 2989 4767 varie
3022 4713 3186 4768 locuti
3217 4721 3343 4768 sunt

130 4799 169 4850 οί
190 4799 724 4877 ἀπομνημονεύοντες,
748 4805 1019 4879 διαφόρως
1047 4806 1354 4879 ἠνέχθησαν
1393 4807 1469 4881 μὴ
1505 4811 1661 4884 ἀκρι-

1776 4807 2152 4878 Evangelistze,
2202 4818 2257 4862 ιιι
2297 4808 2515 4878 quidam
2558 4807 2907 4877 expositores.
2937 4816 3149 4877 putant,
3176 4820 3339 4861 accu-

184 4918 259 4988 ῬΙ
292 4921 404 4976 Cor.
432 4939 529 4988 xu,
555 4925 611 4979 4.

135 4984 170 5016 ⁸³
198 4987 341 5045 Marc.
370 5010 407 5059 ι,
434 4995 489 5050 7.

188 5082 285 5163 (ᾇϐ)
306 5085 404 5163 Ρνο
421 5088 656 5163 ὤνησανῄ
667 5104 952 5160 perperam
981 5092 1034 5147 in
1058 5091 1218 5147 codd.
1248 5090 1420 5162 Regio
1442 5101 1499 5145 et
1519 5090 1651 5146 Bar-

136 5147 788 5245 “fitalfsilur'évﬁ'w':

189 5224 284 5295 (⁵7)
306 5224 493 5297 Οῧτως
520 5233 616 5288 καὶ
653 5224 733 5286 ’τὸ
766 5230 863 5284 διὰ
902 5230 1007 5285 τοῦ
1029 5229 1267 5297 ὕδατος,
1295 5242 1402 5287 etc.
1451 5231 1651 5286 Locum

137 5288 727 5372 hunc'prolert'Basilius
754 5302 891 5356 libro
924 5301 999 5354 De
1028 5288 1463 5367 Spirituiiancto,
1482 5318 1531 5357 c.
1558 5302 1648 5357 29.

138 5364 219 5426 Qui
246 5364 401 5434 locus,
429 5378 681 5438 quoniam
716 5374 874 5427 aliter
917 5364 1079 5439 paulo
1109 5375 1249 5440 apud
1301 5375 1473 5439 ipsum
1529 5388 1653 5425 Cott-

137 5443 295 5512 Crptns
321 5449 417 5512 est,
445 5442 535 5512 hic
557 5460 585 5497 a
623 5444 776 5512 nobis
804 5443 1124 5496 recitabitnr
1149 5457 1163 5491 τ
1192 5443 1292 5505 Ὅς
1321 5458 1385 5509 γε
1411 5442 1652 5512 (γὀριγέ-

140 5506 234 5589 ντξς)
268 5509 469 5587 κατὰτὸ
502 5513 657 5568 ἕκτον
680 5509 833 5585 οἶμαι
860 5512 969 5566 τῶν
1003 5514 1082 5576 εἰς
1115 5512 1176 5566 τὺ
1217 5506 1358 5565 κατά
1409 5506 1657 5582 Ἰωάννην

139 5571 333 5638 Euam.
353 5597 424 5635 ιον
489 5583 890 5638 Ἐεηγητικῶν.
939 5584 1032 5636 καὶ
1102 5582 1472 5638 ποοσκυνητὺν
1526 5583 1658 5636 αὐτὸ

139 5584 333 5655 Εῠαᾙέ)
353 5597 424 5635 ιον
489 5584 890 5656 Ἐξηγητικῶν,
939 5584 1032 5636 καὶ
1102 5584 1472 5654 προσκυνητὺν
1526 5584 1655 5636 αὐτὸ

138 5642 366 5731 {mittet}.
382 5650 541 5731 ἅγιον)
568 5654 1169 5731 φανερῶς-ἀπεφήνατο,
1191 5654 1389 5731 οὑτωσὶ
1426 5653 1655 5731 γράιεων

140 5664 348 5769 tm“?
382 5664 541 5731 ἅγιον)
568 5664 814 5728 φανερῶς
837 5664 1169 5724 ἀπεφήνατο,
1191 5664 1389 5706 οὑτωσὶ
1426 5664 1655 5723 γράφων

319 5717 415 5784 ἕξιν
436 5746 447 5758 ·
476 5732 590 5806 ξὉτι
617 5725 701 5806 ,τὸ
741 5724 1071 5806 τοῦηὓδατος
1121 5724 1342 5806 λουτρὸν
1390 5724 1656 5806 σύμϐολον

140 5793 360 5856 τυγχάνει
394 5824 421 5862 μ
446 5795 693 5867 λῢαι-σίου
733 5794 933 5866 ψυχῆς,
980 5796 1158 5850 πάντα
1201 5793 1369 5864 ῥύπον
1424 5793 1516 5847 τὸν
1557 5795 1660 5849 ἀπὸ

728 4926 774 4958 ’³
808 4926 930 5003 Act.
970 4940 1087 4993 vm,
1117 4924 1187 4979 15
1214 4935 1270 4981 et
1300 4940 1417 4996 seq.

1531 4928 1578 4961 ³ο
1603 4930 1725 4987 Act.
1754 4945 1870 4995 xix,
1897 4929 1934 4983 2
1969 4938 2023 4986 et
2051 4945 2168 5002 seq.

2283 4929 2328 4961 ³⁸
2361 4928 2530 4985 Marc.
2567 4944 2606 4995 ι,
2641 4927 2697 4982 7.
2808 4925 2853 4956 ³¹
2894 4920 3084 4978 Matth.
3127 4935 3210 4985 In,
3250 4919 3339 4973 Η.

1763 5092 1962 5156 κακίας
2015 5091 2494 5162 ἀποπλυναμένης.
2554 5090 2718 5144 Οὐδὲν
2761 5089 2816 5162 δὲ
2851 5086 3020 5162 -ἧττον
3069 5090 3162 5162 καὶ.
3216 5088 3339 5144 καθ’

1762 5164 1924 5218 ἑαυτὸ
1950 5162 2028 5233 τῷ
2060 5159 2440 5233 ἐμπαρέχοντι
2458 5162 2740 5233 ἑαυτὸνᾼτῇ
2775 5159 2984 5233 θεότητι
3008 5159 3145 5233 μτῆς,
3168 5177 3340 5232 προσ-

1760 5229 2369 5305 κυνητῆςΤριάδος-διὰ
2403 5233 2505 5303 τῆς
2544 5229 2822 5305 δυνάμεως
2852 5229 2959 5287 τῶν
3002 5229 3341 5305 ὲπίκλήὰεων

1761 5303 2120 5377 χαρισμάτων
2145 5303 2317 5375 ἀρχὴν
2334 5305 2449 5376 ἔχει
2479 5303 2573 5365 καὶ
2605 5307 2808 5374 πηγήν.

1832 5398 1945 5467 (48)
1986 5396 2173 5466 Παρὰ.
2208 5399 2281 5453 Ita
2311 5403 2483 5456 codex
2516 5398 2869 5463 Bodleianus;
2890 5395 3092 5468 Regius
3122 5405 3175 5452 et
3200 5392 3339 5448 Bar-

1762 5470 2006 5532 berinus,
2038 5469 2187 5540 περί.

1837 5559 1949 5633 (l9)
1975 5560 2336 5633 Εὐαγγελίῳ.
2370 5558 2543 5633 Deest
2565 5562 2616 5615 in
2650 5561 2809 5633 codd.
2846 5558 3015 5629 Regio
3046 5566 3102 5612 et
3141 5555 3337 5614 Barba.

1762 5631 1909 5695 riuo,
1931 5631 2032 5686 sed
2066 5632 2368 5685 restimitur
2400 5646 2431 5685 e
2450 5632 2635 5686 codice
2666 5631 2972 5685 Bodleiano.

1839 5722 1952 5791 (50)
1990 5722 2342 5793 Εἰιρηκέναι.
2374 5720 2687 5793 Legendum
2731 5721 2943 5777 videtur
2978 5732 3102 5775 cum
3139 5716 3337 5773 Ferra-

1766 5794 1873 5861 rio,
1898 5791 2193 5866 εἰρηκέναι.
2459 5791 2473 5793 ’
3302 5832 3311 5841 ,
