3766 6142
383 298 488 356 959

1822 304 1980 361 ORIG
1991 305 2142 361 ENIS

3515 323 3604 375 ξω

383 437 504 478 rate
529 437 636 478 non
668 422 1011 493 inquirentes
1046 425 1259 496 singula
1289 425 1433 480 dicta
1462 424 1545 481 vel
1572 426 1737 482 facta.
1770 437 1897 498 Atqt

2050 429 2271 494 ϐοῦντες
2295 432 2362 502 τῇ
2390 431 2578 504 μνήμῃ
2604 429 2831 486 ἕκαστον
2847 431 2956 486 τῶν
2983 432 3311 506 εἰρημένων,
3344 434 3378 507 ἦ
3407 452 3608 509 γεγενη-

381 530 636 586 magnum
687 516 909 586 quidem
958 526 1042 573 est
1089 530 1306 589 gestare
1361 517 1491 574 .lesu
1553 519 1953 586 calceamenta,

377 603 473 658 sed
501 617 753 673 magnum
785 605 952 660 etiam
986 615 1074 660 est
1095 606 1249 669 illud,
1292 610 1741 677 procumbentem
1772 611 1837 665 ad
1870 611 1952 680 ip-

375 694 495 750 sius
529 695 840 765 corporalia
880 699 1131 753 deorsum
1174 697 1340 764 facta,
1383 700 1762 755 considerandi
1789 716 1953 755 causa

376 783 669 855 imaginem
696 786 1034 855 inferiorem,
1062 789 1275 843 solvere
1301 791 1535 844 obscura
1561 806 1789 861 quaeque
1830 807 1951 861 my-

372 878 532 935 sterii
562 879 981 946 incarnationis,
1023 894 1149 950 quae
1182 881 1346 936 veluti
1396 894 1521 938 sunt
1558 884 1956 940 calceamento—

372 984 493 1024 rum
524 970 765 1041 corrigia
794 989 808 1026 :
837 987 1005 1027 unum
1057 974 1201 1030 enim
1240 984 1324 1031 est
1362 976 1720 1032 obscuritatis
1764 975 1952 1029 vincu-

371 1061 511 1129 lum,
565 1063 707 1118 sicut
749 1063 913 1120 etiam
962 1078 1068 1119 una
1107 1065 1349 1122 scientia:
1373 1078 1458 1122 est
1498 1067 1690 1131 clavis,
1731 1082 1855 1138 quae
1884 1082 1950 1122 ne

372 1158 494 1226 ipse
547 1158 765 1229 quidem
812 1158 988 1234 maior
1036 1161 1178 1218 inter
1238 1170 1397 1218 natos
1453 1162 1736 1216 mulierum
1787 1177 1851 1216 ex
1890 1175 1949 1216 sc

369 1250 588 1307 solvere
622 1252 709 1312 vel
751 1257 967 1328 aperire
1007 1256 1237 1312 idoneus
1275 1265 1391 1319 est;
1426 1270 1619 1326 nempe
1643 1270 1707 1310 eo
1735 1254 1847 1310 solo
1888 1255 1948 1308 li-

368 1353 535 1418 gante
555 1351 964 1420 aperienteqne,
1004 1349 1097 1419 qui
1128 1348 1327 1419 quibus
1350 1349 1466 1416 ipse
1492 1348 1644 1413 velit,
1677 1347 1940 1417 elargitur

367 1444 581 1499 solvere
601 1453 658 1498 et
682 1445 898 1513 aperire
925 1442 1217 1512 corrigiam
1247 1440 1747 1496 calceamentorum
1775 1447 1937 1507 atque

364 1535 529 1589 etiam
560 1549 681 1605 qua:
699 1533 882 1590 clausa
908 1542 1053 1590 sunt.
1071 1533 1227 1601 Quod
1259 1532 1305 1589 si
1333 1532 1598 1605 mysticus
1623 1541 1707 1585 est
1724 1530 1939 1585 calcea-

365 1636 670 1682 mentorum
693 1627 864 1691 locns,
886 1642 955 1682 ne
971 1627 1116 1681 hunc
1146 1627 1365 1696 quidem
1398 1625 1678 1695 praeterire
1709 1623 1936 1693 dignum

361 1729 464 1775 est.
504 1718 672 1790 Igitur
702 1718 898 1788 opinor
922 1715 1159 1772 hominis
1192 1715 1638 1784 assumptionem,
1669 1727 1791 1769 cum
1820 1727 1935 1767 car-

2057 522 2257 592 μένων.
2290 522 2452 591 Μέγα
2481 524 2579 593 μὲν
2621 520 2714 577 οὖν
2764 524 2824 577 τὸ
2881 524 3149 594 βαστάσαι
3202 526 3295 580 τοῦ
3339 527 3507 599 Ἰησοῦ
3546 532 3606 585 τὰ

2055 610 2397 683 ὑποδήματα,
2428 613 2572 682 μέγα
2599 612 2656 665 δὲ
2682 613 2776 665 καὶ
2819 613 2881 666 τὸ
2919 615 3011 667 ἐπὶ
3043 614 3113 667 τὰ
3146 617 3433 687 σωματικά
3463 619 3605 673 αὐτοῦ

2053 702 2204 756 κάτω
2236 720 2336 755 που
2369 702 2732 773 γεγενημένα,
2760 702 3009 773 κύψαντα
3032 705 3173 777 ὑπὲρ
3197 706 3291 759 τοῦ
3324 707 3423 778 τὴν
3447 710 3608 765 εἰκόνα

2052 794 2201 847 κάτω
2232 793 2550 857 θεάσασθαι,
2569 793 2727 848 λῦσαι
2751 795 2980 847 ἕκαστον
3013 796 3124 850 τῶν
3154 799 3283 869 περὶ
3304 799 3399 851 τοῦ
3433 817 3610 873 μυστη-

2054 885 2170 955 ρίου
2215 886 2325 955 (51)
2381 885 2482 954 τῆς
2529 885 2971 957 ὲνσωματώσεως
3025 889 3272 958 ἀσαφῶν,
3319 893 3479 945 οἱονεὶ
3528 893 3608 949 τὸν

2052 978 2250 1047 ἱμάντα
2272 976 2381 1032 τῶν
2409 978 2776 1049 ὑποδημάτων
2803 981 3139 1060 τυγχάνοντα
3159 999 3172 1012 ·
3221 977 3305 1046 εἷς
3330 984 3440 1056 γὰρ
3468 988 3494 1038 6
3523 986 3607 1059 τῆς

2048 1076 2318 1146 ἀσαφείας
2367 1074 2584 1145 δεσμὸς,
2638 1076 2827 1146 ὥσπερ
2869 1077 2969 1129 καὶ
3002 1077 3037 1148 ἡ
3085 1077 3186 1147 μία
3228 1079 3330 1150 τῆς
3373 1081 3607 1148 γνώσεως

2048 1169 2215 1233 κλεὶς,
2258 1169 2415 1222 ἅτινα
2449 1168 2569 1221 οὐδὲ
2612 1170 2642 1221 6
2695 1169 2896 1238 μείζων
2947 1170 3003 1222 ὲν
3034 1175 3315 1242 γεννητοῖς
3353 1174 3608 1241 γυναικῶν

2046 1258 2166 1312 καθ’
2197 1259 2359 1312 αὑτὸν
2395 1258 2575 1321 ἱκανὸς
2597 1257 2829 1329 λῦσαι,ἢ
2861 1259 3091 1326 ἀνοῖξαι,
3116 1260 3210 1313 τοῦ
3240 1260 3503 1332 δήσαντος
3525 1265 3608 1318 καὶ

2044 1351 2356 1413 κλείσαντος
2397 1350 2558 1420 μόνου
2584 1349 2923 1421 δωρουμένου
2950 1346 3032 1407 οἷς
3064 1350 3311 1420 βούλεται
3343 1353 3407 1407 τὸ
3436 1354 3606 1419 λῦσαι,

2044 1444 2137 1497 καὶ
2200 1442 2408 1507 ἀνοῖξαι
2438 1443 2528 1495 τὸν
2575 1441 2775 1513 ἱμάντα
2822 1441 2929 1497 τῶν
2969 1441 3354 1515 ὑποδημάτων,
3407 1445 3502 1499 καὶ
3548 1452 3609 1502 τὰ

2042 1535 2420 1605 κεκλεισμένα.
2470 1534 2534 1587 El
2582 1533 2639 1586 δὲ
2692 1533 2957 1604 μυστικὸς
3013 1535 3042 1586 ὁ
3092 1535 3364 1606 περὶτῶν
3417 1536 3609 1608 ὑποδη-

2042 1628 2229 1698 μάτων
2271 1627 2453 1692 τόπος,
2503 1626 2624 1680 οὐδὲ
2674 1625 2863 1679 τοῦτον
2923 1625 3216 1696 παρελθεῖν
3273 1627 3424 1694 ἀξιον
3482 1629 3603 1699 (52).

2037 1715 2202 1790 Οἶμαι
2226 1717 2403 1772 τοίνυν
2423 1718 2523 1788 τὴν
2557 1717 2655 1789 μὲν
2701 1716 3141 1788 ἐνανθρώπησιν,
3171 1718 3261 1770 ὅτε
3304 1718 3489 1789 σάρκα
3525 1719 3610 1775 καὶ

359 1825 482 1866 nem
507 1821 563 1866 et
586 1825 709 1866 ossa
738 1808 935 1880 recipit
968 1809 1060 1864 Dei
1099 1807 1295 1873 Filius,
1320 1806 1551 1862 alterum
1576 1819 1696 1860 esse
1725 1805 1897 1859 calcet!

2050 1779 2197 1864 Βστέα
2255 1779 2627 1880 ἁναλαμδάνει
2675 1811 2705 1863 6
2770 1779 2878 1862 1:05-
2916 1779 3052 1862 Θεοῦ
3113 1779 3264 1875 Υἱὸς,
3320 1779 3390 1864 τὸ¹
3432 1811 3607 1882 ἕτερον

359 1912 690 1966 mentorum,
708 1901 941 1957 alterum
964 1912 1142 1956 autem
1168 1912 1290 1955 esse
1312 1898 1631 1953 descensum
1666 1895 1734 1949 ad
1765 1895 1933 1951 infcr-

358 2008 510 2062 num,
546 1992 703 2064 135
724 1992 969 2062 quisquis
997 1991 1212 2045 tandem
1248 1990 1320 2044 sit
1348 1986 1437 2043 ille
1477 1986 1743 2056 infernus,
1781 1997 1835 2041 et
1865 1988 1932 2044 ad

356 2102 631 2145 carcerem
658 2103 782 2144 cum
808 2086 1017 2158 Spiritu
1043 2087 1165 2141 iter.
1194 2085 1327 2139 lllud
1361 2083 1429 2138 de
1457 2084 1721 2140 descensu
1746 2084 1812 2139 ad
1848 2085 1930 2138 in-

356 2179 570 2234 fernum
599 2178 859 2235 scribitur
894 2178 949 2233 in
970 2177 1161 2248 quinto
1184 2176 1394 2231 decimo
1417 2174 1623 2245 psalmo
1645 2175 1692 2207 "'
1716 2194 1730 2231 :
1763 2195 1782 2227 ι
1812 2174 1925 2229 Non

354 2271 699 2344 derelinques
742 2271 979 2325 animam
1032 2284 1208 2325 meam
1266 2270 1320 2323 in
1382 2267 1677 2325 infernum.
1712 2285 1730 2320 ι
1769 2267 1835 2322 Et
1861 2268 1927 2322 de

355 2363 548 2418 itinere
564 2378 686 2417 cum
704 2362 910 2433 Spiritu
936 2362 1003 2417 ad
1023 2374 1300 2418 carcerem
1332 2359 1474 2430 apud
1508 2358 1724 2414 Petrum
1751 2359 1802 2411 in
1823 2358 1927 2412 Ca-

353 2453 548 2510 tholica
563 2452 829 2523 Epistola:
852 2470 872 2504 ‹
893 2451 1271 2508 Μονιίίίοοιιιε»
1292 2450 1462 2515 enim,
1481 2448 1675 2519 inquit,
1698 2463 1919 2515 «carne,

348 2546 446 2601 sed
476 2546 787 2601 viviﬁcatus
812 2544 1018 2615 Spiritu
1049 2563 1063 2599 :
1097 2544 1150 2599 in
1184 2558 1292 2614 quo
1320 2543 1484 2598 etiam
1516 2541 1792 2609 profectus
1813 2540 1923 2609 spi-

349 2639 567 2705 ritibus,
598 2639 687 2709 qui
719 2649 878 2694 erant
908 2639 962 2693 in
990 2652 1231 2703 carcere,
1281 2636 1601 2707 praedicavit
1632 2654 1648 2688 :
1688 2633 1781 2704 qni
1804 2634 1922 2687 ino-

347 2728 627 2787 hedientes
654 2729 874 2785 fuerunt
901 2732 1196 2799 quondam,
1226 2744 1350 2784 cum
1384 2726 1805 2799 exspectabatur
1826 2725 1917 2780 Dei

344 2822 543 2878 lenitas
573 2823 627 2878 in
656 2822 846 2879 diebus
895 2821 1026 2888 Noe,
1057 2836 1181 2878 cum
1214 2820 1586 2891 apparabatur
1619 2833 1745 2874 arca
1779 2817 1849 2871 ³⁸.
1890 2835 1910 2868 ι

344 2914 445 2982 Qui
478 2914 683 2984 itaque,
712 2924 772 2970 ut
794 2913 1016 2985 dignum
1043 2923 1128 2969 est
1153 2913 1395 2982 utrisque
1425 2912 1770 2979 adventibus,
1792 2926 1912 2965 ora-

2036 1900 2173 1958 είναι
2205 1903 2313 1957 τῶν
2356 1903 2738 1974 ὑποδημάτων,
2778 1903 2878 1973 τὴν
2922 1901 2979 1955 δὲ
3021 1903 3105 1965 είς
3132 1902 3258 1973 ᾅδου
3289 1904 3606 1972 κατάϐασιν,

2032 1996 2181 2059 ὅστις
2211 1995 2347 2048 ποτέ
2380 1997 2525 2048 ἐστιν
2566 1997 2595 2047 6
2640 1994 2771 2066 ᾅδης
2809 1992 2945 2064 (55),
2990 1994 3084 2047 καὶ
3114 1994 3212 2065 τὴν
3243 1996 3324 2059 εἰς
3357 1995 3599 2069 φυλακὴν

2035 2087 2171 2158 μετά
2223 2086 2318 2140 τοῦ
2362 2087 2680 2157 Πνεύματος
2718 2086 2963 2158 πορείαν,
2998 2085 3060 2139 τὸ
3090 2085 3295 2139 λοιπόν.
3341 2088 3483 2159 Περὶ
3512 2089 3603 2160 τῆς

2030 2183 2110 2244 εἰς
2155 2180 2282 2251 ᾅδου
2333 2179 2689 2241 καταϐάσεως
2731 2178 2820 2231 τό’
2858 2196 2878 2229 ι
2903 2179 3016 2231 Οὐκ
3050 2180 3471 2250 ἐγκαταλείψεις
3509 2182 3598 2252 τὴν

2027 2272 2203 2342 ψυχήν
2238 2288 2341 2342 μου
2370 2272 2450 2333 εἰς
2480 2270 2571 2324 τὸν
2600 2269 2753 2340 ᾅδην,
2778 2289 2798 2320 ι
2826 2270 2883 2321 ὲν
2910 2275 2968 2323 ιε’
2995 2268 3194 2342 ψαλμῷ
3223 2271 3446 2344 εἴρηται
3464 2290 3479 2304 ⁸
3513 2274 3603 2328 καὶ

2028 2365 2155 2434 περὶ
2187 2362 2286 2433 τῆς
2331 2363 2390 2414 ὲν
2423 2363 2636 2432 φυλακῇ
2681 2362 2905 2431 πορείας
2939 2361 3077 2430 μετὰ
3110 2362 3430 2434 ΙΙνεύματος
3460 2364 3602 2437 παρὰ

2023 2456 2103 2527 τῷ
2130 2454 2322 2526 Πέτρῳ
2358 2455 2416 2506 ὲν
2451 2455 2518 2525 τῇ
2588 2452 2846 2524 καθολικῇ
2877 2452 3187 2525 Ἐπιστολῇο
3212 2475 3232 2507 ι
3260 2455 3602 2523 Θανατωθεὶς

2023 2548 2151 2620 γὰρ,
2185 2546 2338 2618 φησὶ,
2387 2545 2587 2617 σαρκὶ,
2621 2544 2974 2617 ζωοποιηθεὶς
3004 2544 3061 2598 δὲ
3112 2546 3389 2619 Πνεύματι
3411 2564 3431 2580 ο
3462 2550 3520 2602 ὲν
3557 2543 3601 2619 ᾧ

2022 2636 2117 2688 καὶ
2160 2637 2269 2698 τοῖς
2301 2636 2358 2687 ὲν
2392 2632 2605 2703 φυλακῇ
2652 2632 2926 2703 πνεύμασι
2973 2635 3262 2705 πορευθεὶς
3308 2636 3598 2711 ἐκήρυξεν,

2020 2724 2354 2797 ἀπειθήσασί
2402 2741 2567 2786 ποτε,
2602 2725 2690 2778 ὅτε
2729 2723 2878 2790 ἅπαξ
2922 2723 3197 2798 ἐξεδέχετο
3253 2729 3373 2801 (54)
3416 2732 3452 2803 ἡ
3506 2731 3597 2786 τοῦ

2019 2820 2153 2876 Θεοῦ
2201 2818 2588 2892 μακροθυμία,
2635 2820 2693 2872 ὲν
2726 2820 2960 2891 ἡμέραις
3010 2820 3134 2874 Νῶε
3188 2827 3595 2891 κατασκευαζο-

2020 2912 2188 2984 μένης
2234 2911 2487 2966 κιϐωτοῦ.
2520 2931 2538 2963 ι
2583 2912 2640 2965 '0
2677 2912 2854 2965 τοίνυν
2892 2914 3012 2965 κατ’
3057 2912 3214 2978 ἀξίαν
3265 2916 3597 2991 ἀμφοτέρων

341 3011 544 3063 tionem
568 3009 767 3064 habere
796 3017 998 3078 potest,
1027 3007 1318 3078 corrigiam
1344 3006 1553 3063 solvere
1576 3006 1897 3062 calceamen-

2050 3005 2123 3059 ὧν
2162 3003 2464 3075 ὲπιδημιῶν
2509 3005 2634 3067 τοὺς
2670 3002 2861 3070 λόγους
2888 3005 3237 3075 παραστῆσαι
3264 3006 3589 3078 δυνάμενος,

342 3110 519 3155 torum
541 3098 670 3157 Jesu
698 3101 925 3157 idoneus
956 3109 1059 3166 est,
1096 3101 1261 3154 etiam
1307 3099 1424 3170 ipse
1458 3107 1638 3153 mente
1658 3111 1897 3168 procum-

2050 3097 2105 3151 ὸν
2141 3097 2338 3169 ἱμάντα
2383 3095 2529 3149 λύειν
2581 3095 2689 3149 τῶν
2734 3095 2909 3167 Ἰησοῦ
2953 3097 3134 3162 ἱκανός
3184 3101 3334 3152 ἐστιν
3387 3102 3593 3173 ὐποδη-

338 3192 493 3254 hens.
513 3192 829 3261 pariterque
856 3205 980 3245 cum
1004 3189 1369 3245 descendente
1399 3189 1452 3243 in
1484 3187 1754 3242 infernum
1811 3186 1897 3243 de-

2050 3190 2223 3254 .ἀτων,
2262 3188 2358 3243 καὶ
2389 3188 2550 3252 αὐτὸς
2578 3187 2657 3259 τῷ
2686 3187 2768 3241 νοῖ
2812 3187 3055 3254 κύπτων,
3086 3190 3181 3243 καὶ
3215 3193 3590 3260 συγκαταϐαί-

338 3283 631 3348 scendens,
662 3293 717 3339 et
742 3300 771 3337 a
795 3282 936 3340 caelo
952 3292 1009 3339 et
1037 3297 1068 3338 a
1085 3284 1358 3354 mysteriis
1388 3281 1689 3336 divinitatis
1709 3278 1892 3335 Christ

2050 3298 2117 3334 ων
2163 3278 2240 3349 τῷ
2287 3277 2688 3350 καταϐεϐηκότι
2736 3280 2816 3343 εἰς
2863 3277 3023 3350 ᾅδου,
3066 3281 3161 3333 καὶ
3193 3281 3302 3335 ἀπὸ
3333 3284 3593 3356 ούρανοῦ,

334 3375 670 3432 descendens
689 3376 755 3430 ad
778 3376 950 3446 ipsius
977 3375 1119 3446 apud
1149 3390 1248 3429 nos
1281 3362 1571 3428 adventum
1598 3373 1897 3427 necessario

2052 3374 2108 3426 αὶ
2148 3373 2254 3426 τῶν
2294 3373 2421 3442 περὶ
2450 3373 2548 3443 τῆς
2580 3371 2832 3443 θεότητος
2864 3373 3100 3443 Χριστοῦ
3145 3376 3466 3448 μυστηρίων
3498 3397 3591 3433 κα-

333 3465 564 3534 fnctum,
594 3483 715 3524 cum
743 3468 1022 3524 hominem
1058 3466 1267 3538 ligavit.
1306 3465 1476 3521 Porro
1502 3467 1595 3536 qui
1630 3466 1897 3520 hominem

2050 3465 2281 3520 αϐαίνων
2302 3464 2394 3517 ἐπὶ
2422 3464 2520 3534 τὴν
2553 3464 2867 3532 ἀναγκαίως
2900 3465 3272 3537 γεγενημένην
3304 3471 3440 3541 παρ’
3462 3472 3590 3542 ἡμῖν

399 3583 449 3618 ⁸⁸
478 3583 634 3640 Vers.
660 3580 748 3638 10.
823 3582 867 3613 ³⁸
898 3580 918 3635 l
946 3580 1092 3635 Petr.
1124 3594 1207 3648 ιιι,
1233 3578 1423 3635 18-20.

402 3704 517 3775 (Si)
542 3704 917 3772 Μυστηρίου.
946 3701 1145 3775 Eodem
1183 3701 1659 3775 modo‘corrigiam
1692 3701 1899 3775 calcea-

329 3771 508 3830 menti
528 3771 918 3842 interpretatur
942 3771 1204 3841 Origenes
1238 3774 1291 3826 in
1324 3771 1538 3828 Catena
1559 3774 1896 3828 Corderiana

327 3848 387 3899 in
420 3844 700 3906 Joannem,
727 3843 794 3897 ad
829 3844 1021 3911 capitis
1051 3859 1067 3897 t
1094 3857 1236 3897 vers.
1273 3842 1364 3896 27.

400 3915 514 3984 (52)
540 3914 866 3982 ﬂag)lele
902 3913 1095 3975 ἄξιον.
1129 3981 1139 3984 _
1165 3912 1277 3984 Sic
1307 3912 1479 3968 codex
1526 3912 1895 3980 Bodleianus;

332 3981 536 4053 Regius
557 3995 614 4038 et
629 3981 951 4045 ’Barherinq
982 3981 1365 4054 παρελθετέον.

397 4055 512 4124 (55)
543 4055 752 4124 Ὅστις
796 4054 940 4105 ποτέ
971 4053 1146 4124 ἐστιν
1189 4058 1222 4107 ό
1270 4054 1441 4121 ᾅδης.
1491 4053 1652 4109 Varie
1699 4053 1899 4124 quippe

327 4122 572 4179 veterum
621 4122 845 4179 Patrum
894 4123 1613 4194 disputationibusagitata
1674 4124 1778 4178 fuit
1817 4122 1893 4194 ea

325 4195 573 4263 quaestio.
604 4194 863 4264 Origenes
894 4194 990 4247 lib.
1018 4210 1052 4247 ιι
1082 4194 1221 4262 Περὶ
1247 4193 1469 4264 ἀρχῶν,
1488 4210 1538 4250 c.
1572 4195 1663 4257 11,
1686 4210 1739 4263 p.
1769 4193 1903 4258 £06,

324 4262 599 4319 infernum
630 4264 683 4318 in
713 4262 893 4331 aliquo
925 4274 1081 4317 terra:
1112 4265 1229 4319 loco
1257 4262 1466 4331 statuit,
1499 4265 1589 4320 nbi
1623 4262 1894 4320 diuturnis
1997 4262 2391 4316 de'inl‘erorum
2423 4262 2553 4314 sede
2602 4263 2742 4315 inter
2783 4264 2927 4333 ipsos
2959 4277 3062 4316 non
3107 4262 3453 4333 conveniret,
3489 4287 3558 4325 ne

321 4333 808 4403 exerCitationihus
851 4334 1061 4403 purgati
1107 4334 1359 4389 homines
1408 4337 1547 4390 C(BIO
1592 4336 1894 4389 succedere
1995 4345 2100 4399 Que
2129 4341 2280 4403 certo
2309 4340 2584 4384 constaret
2616 4340 2789 4384 utram
2823 4331 3119 4403 inferorum
3165 4346 3373 4402 partem
3407 4331 3575 4394 Chri-

320 4412 654 4459 mereantur.
685 4401 1057 4458 Tertullianus
1085 4403 1282 4459 lih.De
1314 4406 1525 4472 anima,
1560 4420 1682 4473 cap.
1716 4404 1808 4466 55.
1837 4415 1894 4460 et

2053 4418 2115 4457 us
2146 4402 2392 4466 adiisset,
2425 4414 2583 4473 nemo
2612 4410 2791 4473 tamen
2828 4402 2894 4454 ad
2929 4401 3132 4457 inferos
3157 4401 3437 4462 Christum
3475 4411 3573 4465 de-

319 4474 445 4546 alihi
481 4488 645 4546 saepe,
675 4474 1126 4546 sanctositidetn
1148 4484 1205 4529 et
1230 4475 1424 4546 impios
1450 4470 1552 4529 sub
1590 4470 1791 4529 terram
1831 4476 1884 4529 in
1923 4489 1967 4546 ι)
1992 4474 2272 4546 scendisse
2311 4470 2562 4546 negabat.
2616 4470 2773 4525 Clara
2818 4481 2909 4546 est
2959 4476 3230 4546 sententia
3285 4476 3573 4546 OrigeniS,

318 4543 533 4598 diversa
559 4538 863 4599 inferorum
908 4542 1025 4598 loca
1076 4544 1220 4599 diem
1258 4538 1446 4612 iudicii
1477 4554 1890 4613 exspectaturos
1925 4538 1961 4546 ’⁷
1993 4541 2087 4597 lib.
2125 4558 2165 4597 ll
2206 4538 2408 4613 Cpntrd
2439 4538 2667 4613 Celsum,
2704 4557 2758 4609 p.
2804 4541 2930 4613 419,
2965 4543 3052 4595 ubi
3087 4547 3168 4598 ait
3198 4546 3264 4599 de
3289 4538 3522 4604 (ἐὴῆειο
3554 4538 3571 4604 Ξ

316 4614 529 4690 detrudi
558 4617 751 4690 docet;
782 4623 838 4690 et
868 4615 1133 4690 superiori
1166 4610 1381 4690 quidem
1417 4610 1712 4690 inferorum
1756 4629 1892 4669 con-

2050 4616 2168 4690 ’μνῇ
2201 4610 2452 4690 εώμαῑεος
2477 4612 2763 4690 ιενόμενρς
2798 4612 2941 4690 item
2956 4614 3088 4690 Esi:
3108 4619 3349 4690 γυμναῖς
3374 4620 3569 4690 σωμά-

318 4685 606 4757 tignationi
633 4682 950 4757 paradisum
980 4682 1524 4757 assignat,__i_nferiori
1561 4684 1885 4755 gehennam.

2050 4682 2095 4736 ›ν
2114 4682 2313 4757 ὡμίλειἈ
2340 4682 2576 4757 ,ψυχαῖς
2595 4694 2664 4757 _et
2705 4684 2895 4757 homil.
2920 4682 2985 4735 15
3007 4685 3062 4737 in
3096 4682 3316 4751 Getica,
3346 4703 3402 4757 p.
3435 4682 3568 4757 ΠΗ,

315 4750 678 4825 Νᾲᾷοιηυιανῖι
701 4755 1049 4825 sententiam,
1083 4750 1208 4808 cum
1249 4754 1344 4807 lib.
1382 4753 1458 4825 De
1504 4750 1727 4816 rasum,
1762 4769 1884 4823 cap.
1987 4750 2380 4821 ipsum'serihit
2406 4750 2500 4820 pro
2525 4750 2696 4805 salute
2716 4753 2895 4806 mundi
2926 4768 3092 4822 usque
3121 4758 3189 4808 ad
3212 4750 3427 4825 inferna
3457 4750 3559 4814 de;

312 4821 404 4888 43,
436 4824 551 4878 haec
576 4825 652 4879 ait
684 4842 697 4877 :
733 4823 997 4878 Paradiso
1024 4825 1246 4890 scilicet,
1281 4839 1387 4877 non
1422 4824 1608 4893 inferis
1644 4821 1885 4877 diversit-
1983 4825 2265 4887 scendisse,
2295 4834 2344 4877 et
2366 4825 2487 4877 inde
2516 4825 2897 4891 protoplastum
2930 4821 3233 4890 revocasse;
3273 4821 3331 4881 et
3358 4829 3558 4885 homil.

311 4908 442 4959 rus,-
464 4894 620 4965 quasi
654 4896 939 4963 paradisus
968 4904 1024 4949 et
1052 4892 1210 4950 inferi
1246 4907 1352 4947 non
1388 4892 1529 4949 idem
1560 4895 1708 4950 sint:
1742 4895 1882 4949 infe-

2050 4896 2098 4946 in
2134 4893 2334 4957 Emam,
2360 4893 2581 4965 p._M9:
2606 4893 2709 4946 Sed
2739 4905 2788 4946 et
2815 4909 2907 4965 nos
2933 4903 3063 4961 puto
3083 4896 3378 4965 aliquando
3408 4912 3560 4954 terra

311 4976 405 5037 ros
425 4964 624 5033 quippe
654 4965 857 5037 usitato
881 4964 1120 5037 modoet
1151 4970 1369 5037 recepto
1394 4980 1490 5035 pro
1507 4965 1754 5036 gehenna
1779 4964 1878 5037 hoc
1981 4963 2255 5037 devorato;
2278 4967 2331 5018 in
2350 4963 2541 5032 inferni
2557 4964 2915 5037 penetralibus
2944 4963 3221 5029 retinebat,
3246 4978 3295 5020 et
3317 4980 3544 5037 propter

310 5032 788 5107 loco’usurpavit;
823 5034 950 5107 licet
990 5035 1147 5102 alias,
1181 5049 1249 5090 ex
1280 5032 1453 5103 ipsius
1477 5032 1875 5107 séntentia,__ad
1977 5049 2039 5086 ea
2087 5034 2336 5107 Dominus
2384 5047 2559 5087 noster
2599 5034 2863 5107 descendit
2909 5050 3012 5087 non
3055 5038 3226 5089 solum
3274 5032 3438 5107 usque
3484 5039 3561 5092 ad

308 5104 717 5176 paradisum_et
764 5104 1065 5175 gehennam
1114 5119 1366 5173 peraeque
1416 5106 1756 5176 pertineant.
1779 5103 1876 5160 His
1978 5112 2166 5176 terras,
2204 5106 2315 5176 sed.
2336 5120 2496 5174 usque
2538 5105 2606 5156 ad
2648 5105 2905 5176 inferiora
2948 5112 3143 5176 terrae;
3175 5118 3230 5160 et
3281 5103 3375 5162 lib.
3406 5125 3462 5162 vt
3501 5114 3561 5165 in

306 5175 577 5229 consentit
606 5171 952 5231 ﬂehrtéorum
980 5171 1356 5243 doetrina,qui
1383 5171 1689 5244 paradisum
1725 5174 1871 5228 illum

2050 5185 2147 5227 vast.
2179 5180 2247 5227 ad
2279 5171 2452 5236 Roml,
2489 5189 2611 5241 cap.
2641 5171 2714 5237 v1,
2747 5190 2800 5226 n.
2824 5174 2896 5227 6:
2938 5171 3042 5227 Sed
3069 5186 3117 5228 et
3142 5176 3338 5245 inferni
3371 5178 3553 5244 locus,

303 5245 579 5316 appellant
615 5252 710 5333 rm
754 5253 807 5332 μ
829 5282 845 5308 ,
876 5254 951 5311 et,
992 5246 1300 5313 paradisum
1352 5246 1682 5315 inferiorem;
1720 5256 1776 5298 ut
1838 5261 1868 5298 a
1974 5244 2029 5296 in
2057 5259 2160 5333 quo
2180 5247 2373 5333 anime:
2394 5245 2762 5333 detinebantur
2789 5260 2826 5326 ρ
2849 5253 3038 5333 morte,
3060 5244 3221 5333 etiam
3250 5248 3371 5315 ipsa
3400 5266 3557 5304 more

302 5313 556 5402 paradiso
616 5313 917 5403 superiore,
976 5332 1114 5389 ctelo
1166 5313 1450 5398 nimirum,
1485 5333 1864 5402 distinguant;
1971 5313 3557 5403 (ξηξξβέᾲξξιέτςίδράήῇ1ιὲΗν·οξειξιεῖοηείῖεςοιςείξιξ,ρυιιιοιίᾳιι

299 5385 1306 5474 εεςίιῐάιεεζεέδετίιθ’έεέιέηξιιίίειίιέιςίε
1328 5385 1867 5474 interiaciebat
1968 5385 2403 5474 stegignsuinggg
2428 5386 2868 5474 segne-dearum
2904 5386 3503 5474 δοβρειιρρξίιωβυηι
3535 5406 3553 5456 ς

300 5456 684 5529 έὶιῖιῖέζυὶιὶιέ
708 5456 976 5543 ιοεοριιῗιε
1001 5456 1354 5542 prmtniaﬂsub
1390 5456 1533 5527 terra
1576 5456 1762 5527 itiden't
1784 5456 1864 5528 ut

2050 5470 2142 5543 [tia-
2169 5456 2651 5543 quidislsentirunt,
2685 5457 3296 5543 miris.expositionibus
3325 5461 3556 5515 descen-

300 5559 493 5612 poenas
538 5545 746 5600 servari
784 5524 975 5599 docet.
1003 5524 1370 5597 ‘tiiiiii'iei-iie
1395 5524 1863 5598 'v'i's’cériihi‘éréé

2050 5543 2066 5612 ι
2084 5524 2289 5612 Christi
2333 5529 2398 5581 ad
2453 5526 2656 5580 inferos
2705 5526 2942 5595 gratiam
2989 5528 3264 5598 hodieque
3300 5531 3551 5587 elevant.

298 5594 518 5697 gnate
540 5594 1775 5697 gstitarr.;ifmiqiii“reseratam
1807 5594 1863 5667 ei
1961 5594 2223 5697 Ηυξςξξυξο

296 5681 500 5759 limini,
548 5684 811 5759 lgnatius,
865 5681 1126 5748 Irenmtis,
1174 5684 1474 5759 Gregorius
1540 5683 1852 5754 Nyssenus,

2054 5684 2141 5755 5(ί)
2184 5684 2381 5752 ’Ἂπαξ
2405 5686 2733 5757 ἐξεδέχετο.
2758 5686 2939 5747 Codex
2966 5688 3313 5759 Bodleianus,
3339 5690 3554 5750 mea-

299 5753 704 5825 'l‘hcodore‘tus,
742 5755 1147 5829 Hieronymus,
1186 5754 1492 5814 Vicwrinus
1521 5753 1761 5825 martyr,
1801 5767 1855 5829 et
1956 5753 2161 5825 δέκετο.

2004 3700 2143 3777 alii._
2165 3699 2236 3777 ᾼι
2279 3698 2504 3777 multum
2547 3697 2635 3753 hic
2667 3708 2861 3777 aestuat
2892 3700 3231 3777 Augustinus
3259 3722 3274 3758 :
3306 3705 3584 3777 duplicem

2005 3770 2271 3838 siquidem
2323 3768 2614 3831 infernum,
2643 3768 3066 3838 snperiorem‘et
3116 3768 3437 3832 inferiorem
3471 3791 3584 3834 sta-

2007 3842 2142 3905 tuit;
2169 3841 2382 3911 animas
2406 3840 2752 3911 autemdicm
2774 3840 2962 3909 jndicii
2991 3856 3373 3911 cx3pectantes
3394 3864 3582 3904 secre-

2000 3913 2072 3987 tis
2096 3913 2161 3967 iis
2186 3910 2430 3987 latibulis
2461 3910 2846 3987 contine_ri,_et_
2865 3912 3075 3987 piorum
3092 3910 3315 3987 quidem
3336 3919 3391 3971 in
3415 3935 3581 3987 snpe-

2004 3984 2151 4036 riore
2180 3986 2332 4036 loco:
2356 3981 2644 4049 impiorum
2677 3981 2728 4033 in
2764 3979 3019 4035 inferiore
3042 3979 3275 4051 :qiiibus
3307 3988 3398 4042 vix
3430 3979 3583 4046 Stare

2000 4053 2193 4106 deinde
2230 4059 2425 4120 potest.
2474 4052 2605 4104 Cum
2647 4062 2828 4104 autem
2865 4052 2931 4105 de
2962 4052 3258 4108 inferorum
3306 4057 3430 4112 loco
3474 4077 3580 4115 non

2000 4121 2307 4176 constiterit
2349 4121 2488 4189 aptnl
2540 4130 2773 4188 veteres,
2824 4121 2896 4172 ita
2952 4137 3128 4190 neque
3173 4127 3237 4179 de
3265 4126 3476 4183 Christi
3513 4133 3582 4185 ad

1998 4190 2203 4266 inferos
2230 4193 2683 4266 descensu_ce_rta
2743 4193 3013 4266 sententia
3059 4194 3191 4248 fuit:
3225 4209 3280 4249 at
3316 4202 3579 4266 quamvis
