  <div class='ocr_page' id='page_1' title='image "/cluster/home/n/w/nwhite01/storage/ocr_20150623/14/mdp.39015052831362/144.png"; bbox 0 0 3766 6142; ppageno 0'>
   <div class='ocr_carea' id='block_1_1' title="bbox 160 262 2236 333">
    <p class='ocr_par' dir='ltr' id='par_1_1' title="bbox 160 262 2236 333">
     <span class='ocr_line' id='line_1_1' title="bbox 160 262 2236 333; baseline -0.006 -2"><span class='ocrx_word' id='word_1_1' title='bbox 160 276 239 333; x_wconf 71' lang='grc' dir='ltr'><strong>ἳΰΙ</strong></span> <span class='ocrx_word' id='word_1_2' title='bbox 1140 264 1497 323; x_wconf 76' lang='lat' dir='ltr'><strong>COMMENT.</strong></span> <span class='ocrx_word' id='word_1_3' title='bbox 1540 264 1610 317; x_wconf 89' lang='lat' dir='ltr'><strong>IN</strong></span> <span class='ocrx_word' id='word_1_4' title='bbox 1644 263 1838 320; x_wconf 88' lang='lat' dir='ltr'><strong>JOAN.</strong></span> <span class='ocrx_word' id='word_1_5' title='bbox 1879 262 2117 320; x_wconf 78' lang='lat' dir='ltr'><strong>TOMUS</strong></span> <span class='ocrx_word' id='word_1_6' title='bbox 2150 263 2236 319; x_wconf 80' lang='lat' dir='ltr'><strong>Vl.</strong></span> 
     </span>
    </p>
   </div>
   <div class='ocr_carea' id='block_1_2' title="bbox 3270 262 3381 321">
    <p class='ocr_par' dir='ltr' id='par_1_2' title="bbox 3270 262 3381 321">
     <span class='ocr_line' id='line_1_2' title="bbox 3270 262 3381 321; baseline -0.045 1"><span class='ocrx_word' id='word_1_7' title='bbox 3270 262 3381 321; x_wconf 71' lang='lat'><strong>26?.</strong></span> 
     </span>
    </p>
   </div>
   <div class='ocr_carea' id='block_1_3' title="bbox 157 352 1686 433">
    <p class='ocr_par' dir='ltr' id='par_1_3' title="bbox 157 358 1686 433">
     <span class='ocr_line' id='line_1_3' title="bbox 157 358 1686 433; baseline -0.005 -13"><span class='ocrx_word' id='word_1_8' title='bbox 157 364 293 424; x_wconf 78' lang='grc' dir='ltr'>αὑτοῦ</span> <span class='ocrx_word' id='word_1_9' title='bbox 320 362 620 433; x_wconf 77' lang='grc' dir='ltr'><strong>ἐπιδημίαν,</strong></span> <span class='ocrx_word' id='word_1_10' title='bbox 650 363 739 415; x_wconf 76' lang='grc' dir='ltr'><strong>ὅτε</strong></span> <span class='ocrx_word' id='word_1_11' title='bbox 773 361 864 415; x_wconf 82' lang='grc' dir='ltr'><strong>τὸν</strong></span> <span class='ocrx_word' id='word_1_12' title='bbox 898 360 1183 432; x_wconf 83' lang='grc' dir='ltr'>ἄνθρωπον</span> <span class='ocrx_word' id='word_1_13' title='bbox 1222 360 1528 431; x_wconf 81' lang='grc' dir='ltr'><strong>ὑπεδήσατο</strong></span> <span class='ocrx_word' id='word_1_14' title='bbox 1558 358 1686 427; x_wconf 81' lang='grc'>(55).</span> 
     </span>
    </p>
   </div>
   <div class='ocr_carea' id='block_1_4' title="bbox 1860 352 3368 433">
    <p class='ocr_par' dir='ltr' id='par_1_4' title="bbox 1860 352 3368 426">
     <span class='ocr_line' id='line_1_4' title="bbox 1860 352 3368 426; baseline 0.003 -17"><span class='ocrx_word' id='word_1_15' title='bbox 1860 357 2016 426; x_wconf 73' lang='lat' dir='ltr'><strong>gavit,</strong></span> <span class='ocrx_word' id='word_1_16' title='bbox 2052 356 2217 411; x_wconf 88' lang='lat' dir='ltr'><strong>etiam</strong></span> <span class='ocrx_word' id='word_1_17' title='bbox 2254 363 2528 411; x_wconf 88' lang='lat' dir='ltr'><strong>mortuum</strong></span> <span class='ocrx_word' id='word_1_18' title='bbox 2569 352 2795 424; x_wconf 83' lang='lat' dir='ltr'><strong>ligavit:</strong></span> <span class='ocrx_word' id='word_1_19' title='bbox 2831 373 2849 406; x_wconf 72' lang='grc' dir='ltr'><strong>ι</strong></span> <span class='ocrx_word' id='word_1_20' title='bbox 2884 353 2941 409; x_wconf 86' lang='lat' dir='ltr'><strong>In</strong></span> <span class='ocrx_word' id='word_1_21' title='bbox 2978 355 3079 411; x_wconf 76' lang='lat' dir='ltr'><strong>hac</strong></span> <span class='ocrx_word' id='word_1_22' title='bbox 3112 357 3256 413; x_wconf 88' lang='lat' dir='ltr'><strong>enim</strong></span> <span class='ocrx_word' id='word_1_23' title='bbox 3288 358 3368 412; x_wconf 84' lang='lat' dir='ltr'><strong>Je-</strong></span> 
     </span>
    </p>
   </div>
   <div class='ocr_carea' id='block_1_5' title="bbox 168 450 1695 528">
    <p class='ocr_par' dir='ltr' id='par_1_5' title="bbox 168 450 1695 528">
     <span class='ocr_line' id='line_1_5' title="bbox 168 450 1695 528; baseline -0.006 -16"><span class='ocrx_word' id='word_1_24' title='bbox 168 461 218 512; x_wconf 89' lang='grc' dir='ltr'>Ὅ</span> <span class='ocrx_word' id='word_1_25' title='bbox 242 459 292 512; x_wconf 81' lang='grc' dir='ltr'>δὲ</span> <span class='ocrx_word' id='word_1_26' title='bbox 321 458 407 510; x_wconf 82' lang='grc' dir='ltr'><strong>τὸν</strong></span> <span class='ocrx_word' id='word_1_27' title='bbox 438 454 720 528; x_wconf 82' lang='grc' dir='ltr'>ἄνθρωπον</span> <span class='ocrx_word' id='word_1_28' title='bbox 754 454 1164 526; x_wconf 82' lang='grc' dir='ltr'><strong>ὑποδησάμενος</strong></span> <span class='ocrx_word' id='word_1_29' title='bbox 1210 454 1306 508; x_wconf 77' lang='grc' dir='ltr'>καὶ</span> <span class='ocrx_word' id='word_1_30' title='bbox 1355 453 1448 506; x_wconf 82' lang='grc' dir='ltr'><strong>τὸν</strong></span> <span class='ocrx_word' id='word_1_31' title='bbox 1503 450 1695 522; x_wconf 80' lang='grc' dir='ltr'>νεκρὸν</span> 
     </span>
    </p>
   </div>
   <div class='ocr_carea' id='block_1_6' title="bbox 156 541 1695 621">
    <p class='ocr_par' dir='ltr' id='par_1_6' title="bbox 156 541 1695 621">
     <span class='ocr_line' id='line_1_6' title="bbox 156 541 1695 621; baseline -0.008 -16"><span class='ocrx_word' id='word_1_32' title='bbox 156 551 452 621; x_wconf 78' lang='grc' dir='ltr'>ὑπεδήσατοο</span> <span class='ocrx_word' id='word_1_33' title='bbox 494 568 511 599; x_wconf 81' lang='grc' dir='ltr'><strong>ι</strong></span> <span class='ocrx_word' id='word_1_34' title='bbox 540 548 635 611; x_wconf 82' lang='grc' dir='ltr'>Είς</span> <span class='ocrx_word' id='word_1_35' title='bbox 666 547 825 600; x_wconf 77' lang='grc' dir='ltr'>τοῦτο</span> <span class='ocrx_word' id='word_1_36' title='bbox 885 545 993 617; x_wconf 85' lang='grc' dir='ltr'>γὰρ</span> <span class='ocrx_word' id='word_1_37' title='bbox 1040 543 1248 616; x_wconf 78' lang='grc' dir='ltr'>Ἰησοῦς</span> <span class='ocrx_word' id='word_1_38' title='bbox 1297 541 1557 607; x_wconf 83' lang='grc' dir='ltr'>ἀπέθανε,</span> <span class='ocrx_word' id='word_1_39' title='bbox 1602 541 1695 594; x_wconf 74' lang='grc' dir='ltr'>καὶ</span> 
     </span>
    </p>
   </div>
   <div class='ocr_carea' id='block_1_7' title="bbox 154 634 1695 713">
    <p class='ocr_par' dir='ltr' id='par_1_7' title="bbox 154 634 1695 713">
     <span class='ocr_line' id='line_1_7' title="bbox 154 634 1695 713; baseline -0.007 -16"><span class='ocrx_word' id='word_1_40' title='bbox 154 645 347 713; x_wconf 78' lang='grc' dir='ltr'>ἀνέστη,</span> <span class='ocrx_word' id='word_1_41' title='bbox 373 642 455 695; x_wconf 84' lang='grc' dir='ltr'><strong>ῖνα</strong></span> <span class='ocrx_word' id='word_1_42' title='bbox 487 640 579 694; x_wconf 74' lang='grc' dir='ltr'><strong>καὶ</strong></span> <span class='ocrx_word' id='word_1_43' title='bbox 606 640 819 711; x_wconf 82' lang='grc' dir='ltr'>νεκρῶν</span> <span class='ocrx_word' id='word_1_44' title='bbox 851 639 945 692; x_wconf 80' lang='grc' dir='ltr'><strong>καὶ</strong></span> <span class='ocrx_word' id='word_1_45' title='bbox 974 635 1192 703; x_wconf 74' lang='grc' dir='ltr'>ζώντων</span> <span class='ocrx_word' id='word_1_46' title='bbox 1241 635 1526 709; x_wconf 77' lang='grc' dir='ltr'>κυριεύση’</span> <span class='ocrx_word' id='word_1_47' title='bbox 1558 655 1575 685; x_wconf 81' lang='grc' dir='ltr'><strong>ι</strong></span> <span class='ocrx_word' id='word_1_48' title='bbox 1601 634 1695 687; x_wconf 73' lang='grc' dir='ltr'>καὶ</span> 
     </span>
    </p>
   </div>
   <div class='ocr_carea' id='block_1_8' title="bbox 152 726 1693 804">
    <p class='ocr_par' dir='ltr' id='par_1_8' title="bbox 152 726 1693 804">
     <span class='ocr_line' id='line_1_8' title="bbox 152 726 1693 804; baseline -0.008 -13"><span class='ocrx_word' id='word_1_49' title='bbox 152 737 223 791; x_wconf 81' lang='grc' dir='ltr'>διὰ</span> <span class='ocrx_word' id='word_1_50' title='bbox 243 734 388 789; x_wconf 84' lang='grc' dir='ltr'>τοῦτο</span> <span class='ocrx_word' id='word_1_51' title='bbox 414 733 589 798; x_wconf 70' lang='grc' dir='ltr'>ζῶντα</span> <span class='ocrx_word' id='word_1_52' title='bbox 618 732 715 786; x_wconf 75' lang='grc' dir='ltr'><strong>καὶ</strong></span> <span class='ocrx_word' id='word_1_53' title='bbox 747 732 938 804; x_wconf 84' lang='grc' dir='ltr'>νεκρὸν</span> <span class='ocrx_word' id='word_1_54' title='bbox 966 731 1292 801; x_wconf 81' lang='grc' dir='ltr'><strong>ὑπεδήσατο,</strong></span> <span class='ocrx_word' id='word_1_55' title='bbox 1325 727 1571 781; x_wconf 81' lang='grc' dir='ltr'><strong>τουτέστι</strong></span> <span class='ocrx_word' id='word_1_56' title='bbox 1602 726 1693 779; x_wconf 86' lang='grc' dir='ltr'>τὺν</span> 
     </span>
    </p>
   </div>
   <div class='ocr_carea' id='block_1_9' title="bbox 151 818 1693 896">
    <p class='ocr_par' dir='ltr' id='par_1_9' title="bbox 151 818 1693 896">
     <span class='ocr_line' id='line_1_9' title="bbox 151 818 1693 896; baseline -0.004 -16"><span class='ocrx_word' id='word_1_57' title='bbox 151 828 201 880; x_wconf 71' lang='grc' dir='ltr'><strong>ἐν</strong></span> <span class='ocrx_word' id='word_1_58' title='bbox 227 828 309 896; x_wconf 76' lang='grc' dir='ltr'><strong>τῇ,</strong></span> <span class='ocrx_word' id='word_1_59' title='bbox 339 825 428 877; x_wconf 82' lang='grc' dir='ltr'><strong>καὶ</strong></span> <span class='ocrx_word' id='word_1_60' title='bbox 458 823 548 876; x_wconf 82' lang='grc' dir='ltr'><strong>τὸν</strong></span> <span class='ocrx_word' id='word_1_61' title='bbox 588 824 644 874; x_wconf 87' lang='grc' dir='ltr'><strong>ἐν</strong></span> <span class='ocrx_word' id='word_1_62' title='bbox 682 822 807 894; x_wconf 79' lang='grc' dir='ltr'>ᾇδου</span> <span class='ocrx_word' id='word_1_63' title='bbox 830 862 843 884; x_wconf 94' lang='grc'><strong>,</strong></span> <span class='ocrx_word' id='word_1_64' title='bbox 879 823 965 874; x_wconf 83' lang='grc' dir='ltr'><strong>ἴνα</strong></span> <span class='ocrx_word' id='word_1_65' title='bbox 998 822 1094 875; x_wconf 79' lang='grc' dir='ltr'><strong>καὶ</strong></span> <span class='ocrx_word' id='word_1_66' title='bbox 1117 820 1325 893; x_wconf 83' lang='grc' dir='ltr'>νεκρῶν</span> <span class='ocrx_word' id='word_1_67' title='bbox 1357 820 1453 874; x_wconf 75' lang='grc' dir='ltr'><strong>καὶ</strong></span> <span class='ocrx_word' id='word_1_68' title='bbox 1478 818 1693 883; x_wconf 73' lang='grc' dir='ltr'>ζώντων</span> 
     </span>
    </p>
   </div>
   <div class='ocr_carea' id='block_1_10' title="bbox 150 909 1692 988">
    <p class='ocr_par' dir='ltr' id='par_1_10' title="bbox 150 909 1692 988">
     <span class='ocr_line' id='line_1_10' title="bbox 150 909 1692 988; baseline -0.007 -15"><span class='ocrx_word' id='word_1_69' title='bbox 150 915 397 988; x_wconf 74' lang='grc' dir='ltr'>κυριεύσῃ.</span> <span class='ocrx_word' id='word_1_70' title='bbox 420 914 515 978; x_wconf 84' lang='grc' dir='ltr'>Τίς</span> <span class='ocrx_word' id='word_1_71' title='bbox 535 911 631 967; x_wconf 81' lang='grc' dir='ltr'><strong>οὖν</strong></span> <span class='ocrx_word' id='word_1_72' title='bbox 660 912 767 986; x_wconf 77' lang='grc' dir='ltr'>ἄρα</span> <span class='ocrx_word' id='word_1_73' title='bbox 790 911 974 975; x_wconf 84' lang='grc' dir='ltr'>ίκανὸς</span> <span class='ocrx_word' id='word_1_74' title='bbox 997 910 1176 981; x_wconf 72' lang='grc' dir='ltr'>κύψας</span> <span class='ocrx_word' id='word_1_75' title='bbox 1195 910 1353 964; x_wconf 82' lang='grc' dir='ltr'>λῦσαι</span> <span class='ocrx_word' id='word_1_76' title='bbox 1376 911 1465 963; x_wconf 81' lang='grc' dir='ltr'><strong>τὸν</strong></span> <span class='ocrx_word' id='word_1_77' title='bbox 1494 909 1692 981; x_wconf 87' lang='grc' dir='ltr'>ίμὰντα</span> 
     </span>
    </p>
   </div>
   <div class='ocr_carea' id='block_1_11' title="bbox 148 1004 1689 1077">
    <p class='ocr_par' dir='ltr' id='par_1_11' title="bbox 148 1004 1689 1077">
     <span class='ocr_line' id='line_1_11' title="bbox 148 1004 1689 1077; baseline -0.005 -14"><span class='ocrx_word' id='word_1_78' title='bbox 148 1008 239 1063; x_wconf 81' lang='grc' dir='ltr'>τῶν</span> <span class='ocrx_word' id='word_1_79' title='bbox 281 1006 523 1061; x_wconf 84' lang='grc' dir='ltr'>τοιούτων</span> <span class='ocrx_word' id='word_1_80' title='bbox 573 1006 959 1077; x_wconf 81' lang='grc' dir='ltr'><strong>ὑποδημάτων,</strong></span> <span class='ocrx_word' id='word_1_81' title='bbox 1025 1007 1120 1061; x_wconf 75' lang='grc' dir='ltr'><strong>καὶ</strong></span> <span class='ocrx_word' id='word_1_82' title='bbox 1168 1004 1338 1069; x_wconf 80' lang='grc' dir='ltr'>λύσας</span> <span class='ocrx_word' id='word_1_83' title='bbox 1384 1004 1458 1076; x_wconf 84' lang='grc' dir='ltr'>μὴ</span> <span class='ocrx_word' id='word_1_84' title='bbox 1494 1005 1689 1066; x_wconf 74' lang='grc' dir='ltr'>ἐᾶσαι,</span> 
     </span>
    </p>
   </div>
   <div class='ocr_carea' id='block_1_12' title="bbox 149 1096 1692 1170">
    <p class='ocr_par' dir='ltr' id='par_1_12' title="bbox 149 1096 1692 1170">
     <span class='ocr_line' id='line_1_12' title="bbox 149 1096 1692 1170; baseline -0.005 -13"><span class='ocrx_word' id='word_1_85' title='bbox 149 1102 262 1158; x_wconf 74' lang='grc' dir='ltr'>ἀλλὰ</span> <span class='ocrx_word' id='word_1_86' title='bbox 288 1100 421 1155; x_wconf 82' lang='grc' dir='ltr'>κατὰ</span> <span class='ocrx_word' id='word_1_87' title='bbox 462 1099 719 1170; x_wconf 79' lang='grc' dir='ltr'>δευτέραν</span> <span class='ocrx_word' id='word_1_88' title='bbox 752 1099 1042 1169; x_wconf 82' lang='grc' dir='ltr'>ίκανότητα</span> <span class='ocrx_word' id='word_1_89' title='bbox 1075 1096 1363 1164; x_wconf 74' lang='grc' dir='ltr'>ἀναλαϐεῖν</span> <span class='ocrx_word' id='word_1_90' title='bbox 1393 1096 1553 1161; x_wconf 83' lang='grc' dir='ltr'>αὑτὰ,</span> <span class='ocrx_word' id='word_1_91' title='bbox 1596 1096 1692 1149; x_wconf 65' lang='grc' dir='ltr'><strong>κα)⁸</strong></span> 
     </span>
    </p>
   </div>
   <div class='ocr_carea' id='block_1_13' title="bbox 151 1188 1691 1262">
    <p class='ocr_par' dir='ltr' id='par_1_13' title="bbox 151 1188 1691 1262">
     <span class='ocr_line' id='line_1_13' title="bbox 151 1188 1691 1262; baseline -0.003 -16"><span class='ocrx_word' id='word_1_92' title='bbox 151 1193 412 1262; x_wconf 80' lang='grc' dir='ltr'>βαστάσαι,</span> <span class='ocrx_word' id='word_1_93' title='bbox 455 1189 547 1245; x_wconf 82' lang='grc' dir='ltr'>διὰ</span> <span class='ocrx_word' id='word_1_94' title='bbox 591 1188 687 1244; x_wconf 81' lang='grc' dir='ltr'>τοῦ</span> <span class='ocrx_word' id='word_1_95' title='bbox 735 1193 792 1244; x_wconf 89' lang='grc' dir='ltr'><strong>ἐν</strong></span> <span class='ocrx_word' id='word_1_96' title='bbox 823 1192 890 1262; x_wconf 76' lang='grc' dir='ltr'>τῇ</span> <span class='ocrx_word' id='word_1_97' title='bbox 941 1191 1127 1262; x_wconf 84' lang='grc' dir='ltr'>μνήμῃ</span> <span class='ocrx_word' id='word_1_98' title='bbox 1160 1189 1476 1262; x_wconf 82' lang='grc' dir='ltr'>περιφέρειν</span> <span class='ocrx_word' id='word_1_99' title='bbox 1506 1189 1575 1244; x_wconf 86' lang='grc' dir='ltr'>τὰ</span> <span class='ocrx_word' id='word_1_100' title='bbox 1606 1205 1691 1243; x_wconf 90' lang='grc' dir='ltr'>νε-</span> 
     </span>
    </p>
   </div>
   <div class='ocr_carea' id='block_1_14' title="bbox 150 1285 388 1354">
    <p class='ocr_par' dir='ltr' id='par_1_14' title="bbox 150 1285 388 1354">
     <span class='ocr_line' id='line_1_14' title="bbox 150 1285 388 1354; baseline 0.004 -1"><span class='ocrx_word' id='word_1_101' title='bbox 150 1285 354 1354; x_wconf 82' lang='grc' dir='ltr'><strong>νοημένα</strong></span> <span class='ocrx_word' id='word_1_102' title='bbox 373 1299 388 1349; x_wconf 89' lang='grc'><strong>;</strong></span> 
     </span>
    </p>
   </div>
   <div class='ocr_carea' id='block_1_15' title="bbox 206 1370 1688 1446">
    <p class='ocr_par' dir='ltr' id='par_1_15' title="bbox 206 1370 1688 1446">
     <span class='ocr_line' id='line_1_15' title="bbox 206 1370 1688 1446; baseline -0.002 -19"><span class='ocrx_word' id='word_1_103' title='bbox 206 1376 280 1430; x_wconf 88' lang='lat' dir='ltr'><strong>l9.</strong></span> <span class='ocrx_word' id='word_1_104' title='bbox 315 1375 402 1446; x_wconf 82' lang='grc' dir='ltr'><strong>Μὴ</strong></span> <span class='ocrx_word' id='word_1_105' title='bbox 430 1373 790 1441; x_wconf 79' lang='grc' dir='ltr'>ἀνεξέταστον</span> <span class='ocrx_word' id='word_1_106' title='bbox 817 1374 874 1426; x_wconf 83' lang='grc' dir='ltr'><strong>δὲ</strong></span> <span class='ocrx_word' id='word_1_107' title='bbox 902 1373 1080 1427; x_wconf 85' lang='grc' dir='ltr'>ἐάσθω</span> <span class='ocrx_word' id='word_1_108' title='bbox 1111 1373 1172 1426; x_wconf 81' lang='grc' dir='ltr'>τὸ</span> <span class='ocrx_word' id='word_1_109' title='bbox 1214 1373 1384 1444; x_wconf 75' lang='grc' dir='ltr'>χωρὶς</span> <span class='ocrx_word' id='word_1_110' title='bbox 1409 1372 1507 1445; x_wconf 71' lang='grc' dir='ltr'>τοῦ</span> <span class='ocrx_word' id='word_1_111' title='bbox 1543 1391 1560 1423; x_wconf 78' lang='grc' dir='ltr'><strong>ι</strong></span> <span class='ocrx_word' id='word_1_112' title='bbox 1590 1370 1688 1424; x_wconf 91' lang='grc' dir='ltr'>κύ-</span> 
     </span>
    </p>
   </div>
   <div class='ocr_carea' id='block_1_16' title="bbox 144 1463 1691 1537">
    <p class='ocr_par' dir='ltr' id='par_1_16' title="bbox 144 1463 1691 1537">
     <span class='ocr_line' id='line_1_16' title="bbox 144 1463 1691 1537; baseline 0.025 -38"><span class='ocrx_word' id='word_1_113' title='bbox 144 1467 274 1536; x_wconf 59' lang='grc' dir='ltr'><strong>ψας,</strong></span> <span class='ocrx_word' id='word_1_114' title='bbox 301 1465 498 1536; x_wconf 61' lang='grc' dir='ltr'><strong>ὁμοίως</strong></span> <span class='ocrx_word' id='word_1_115' title='bbox 532 1463 684 1537; x_wconf 81' lang='grc' dir='ltr'>παρὰ</span> <span class='ocrx_word' id='word_1_116' title='bbox 732 1464 811 1535; x_wconf 82' lang='grc' dir='ltr'>τῷ</span> <span class='ocrx_word' id='word_1_117' title='bbox 845 1465 1031 1537; x_wconf 84' lang='grc' dir='ltr'>Λουκᾷ</span> <span class='ocrx_word' id='word_1_118' title='bbox 1071 1465 1166 1519; x_wconf 82' lang='grc' dir='ltr'><strong>και</strong></span> <span class='ocrx_word' id='word_1_119' title='bbox 1207 1466 1425 1537; x_wconf 78' lang='grc' dir='ltr'>Ἰωάννῃ</span> <span class='ocrx_word' id='word_1_120' title='bbox 1465 1464 1691 1536; x_wconf 74' lang='grc' dir='ltr'>εἰρημέ-</span> 
     </span>
    </p>
   </div>
   <div class='ocr_carea' id='block_1_17' title="bbox 144 1555 1691 1627">
    <p class='ocr_par' dir='ltr' id='par_1_17' title="bbox 144 1555 1691 1627">
     <span class='ocr_line' id='line_1_17' title="bbox 144 1555 1691 1627; baseline 0 -17"><span class='ocrx_word' id='word_1_121' title='bbox 144 1574 234 1610; x_wconf 85' lang='grc' dir='ltr'>νον.</span> <span class='ocrx_word' id='word_1_122' title='bbox 257 1557 357 1611; x_wconf 77' lang='lat' dir='ltr'><strong>Ka‘t</strong></span> <span class='ocrx_word' id='word_1_123' title='bbox 397 1556 543 1627; x_wconf 88' lang='grc' dir='ltr'>τάχα</span> <span class='ocrx_word' id='word_1_124' title='bbox 592 1556 865 1627; x_wconf 86' lang='grc' dir='ltr'>ἐνδέχεται</span> <span class='ocrx_word' id='word_1_125' title='bbox 902 1556 999 1627; x_wconf 84' lang='grc' dir='ltr'><strong>μὲν</strong></span> <span class='ocrx_word' id='word_1_126' title='bbox 1041 1556 1290 1626; x_wconf 76' lang='grc' dir='ltr'>κύψαντα</span> <span class='ocrx_word' id='word_1_127' title='bbox 1335 1555 1492 1610; x_wconf 80' lang='grc' dir='ltr'>λῦσαι</span> <span class='ocrx_word' id='word_1_128' title='bbox 1550 1556 1691 1610; x_wconf 80' lang='grc' dir='ltr'>κατὰ</span> 
     </span>
    </p>
   </div>
   <div class='ocr_carea' id='block_1_18' title="bbox 142 1645 1687 1720">
    <p class='ocr_par' dir='ltr' id='par_1_18' title="bbox 142 1645 1687 1720">
     <span class='ocr_line' id='line_1_18' title="bbox 142 1645 1687 1720; baseline -0.001 -19"><span class='ocrx_word' id='word_1_129' title='bbox 142 1645 193 1701; x_wconf 70' lang='grc' dir='ltr'>τὺ</span> <span class='ocrx_word' id='word_1_130' title='bbox 214 1646 613 1720; x_wconf 78' lang='grc' dir='ltr'>προειρημένον·</span> <span class='ocrx_word' id='word_1_131' title='bbox 643 1646 861 1700; x_wconf 84' lang='grc' dir='ltr'>δυνατὸν</span> <span class='ocrx_word' id='word_1_132' title='bbox 897 1647 955 1701; x_wconf 82' lang='grc' dir='ltr'>δὲ</span> <span class='ocrx_word' id='word_1_133' title='bbox 985 1648 1079 1701; x_wconf 73' lang='grc' dir='ltr'><strong>καὶ</strong></span> <span class='ocrx_word' id='word_1_134' title='bbox 1098 1689 1113 1713; x_wconf 90' lang='grc'><strong>,</strong></span> <span class='ocrx_word' id='word_1_135' title='bbox 1166 1647 1226 1701; x_wconf 88' lang='grc' dir='ltr'><strong>τὸ</strong></span> <span class='ocrx_word' id='word_1_136' title='bbox 1254 1647 1542 1719; x_wconf 83' lang='grc' dir='ltr'>ἀνάστημα</span> <span class='ocrx_word' id='word_1_137' title='bbox 1594 1647 1687 1701; x_wconf 82' lang='grc' dir='ltr'>τοῦ</span> 
     </span>
    </p>
   </div>
   <div class='ocr_carea' id='block_1_19' title="bbox 142 1739 1683 1813">
    <p class='ocr_par' dir='ltr' id='par_1_19' title="bbox 142 1739 1683 1813">
     <span class='ocr_line' id='line_1_19' title="bbox 142 1739 1683 1813; baseline 0.001 -21"><span class='ocrx_word' id='word_1_138' title='bbox 142 1739 232 1793; x_wconf 78' lang='grc' dir='ltr'><strong>ἀπὺ</strong></span> <span class='ocrx_word' id='word_1_139' title='bbox 257 1740 342 1793; x_wconf 82' lang='grc' dir='ltr'><strong>τοὺ</strong></span> <span class='ocrx_word' id='word_1_140' title='bbox 390 1740 573 1811; x_wconf 84' lang='grc' dir='ltr'>Λόγου</span> <span class='ocrx_word' id='word_1_141' title='bbox 613 1741 931 1813; x_wconf 82' lang='grc' dir='ltr'>ἐπάρματος</span> <span class='ocrx_word' id='word_1_142' title='bbox 963 1739 1294 1808; x_wconf 85' lang='grc' dir='ltr'>φυλάττοντα</span> <span class='ocrx_word' id='word_1_143' title='bbox 1313 1782 1327 1805; x_wconf 93' lang='grc'><strong>,</strong></span> <span class='ocrx_word' id='word_1_144' title='bbox 1378 1740 1557 1811; x_wconf 86' lang='grc' dir='ltr'>εὑρεῖν</span> <span class='ocrx_word' id='word_1_145' title='bbox 1588 1740 1683 1811; x_wconf 83' lang='grc' dir='ltr'>τὴν</span> 
     </span>
    </p>
   </div>
   <div class='ocr_carea' id='block_1_20' title="bbox 143 1830 1678 1907">
    <p class='ocr_par' dir='ltr' id='par_1_20' title="bbox 143 1830 1678 1907">
     <span class='ocr_line' id='line_1_20' title="bbox 143 1830 1678 1907; baseline 0 -21"><span class='ocrx_word' id='word_1_146' title='bbox 143 1830 270 1887; x_wconf 75' lang='grc' dir='ltr'>λύσιν</span> <span class='ocrx_word' id='word_1_147' title='bbox 307 1835 413 1888; x_wconf 84' lang='grc' dir='ltr'>τῶν</span> <span class='ocrx_word' id='word_1_148' title='bbox 444 1837 505 1889; x_wconf 82' lang='grc' dir='ltr'>ὲν</span> <span class='ocrx_word' id='word_1_149' title='bbox 535 1835 615 1907; x_wconf 82' lang='grc' dir='ltr'>τῷ</span> <span class='ocrx_word' id='word_1_150' title='bbox 656 1834 936 1905; x_wconf 79' lang='grc' dir='ltr'>ζητεῖσθαι</span> <span class='ocrx_word' id='word_1_151' title='bbox 967 1833 1263 1904; x_wconf 82' lang='grc' dir='ltr'>δεδεμένων</span> <span class='ocrx_word' id='word_1_152' title='bbox 1299 1834 1678 1905; x_wconf 87' lang='grc' dir='ltr'>ὑποδημάτων·</span> 
     </span>
    </p>
   </div>
   <div class='ocr_carea' id='block_1_21' title="bbox 140 1926 1680 1998">
    <p class='ocr_par' dir='ltr' id='par_1_21' title="bbox 140 1926 1680 1998">
     <span class='ocr_line' id='line_1_21' title="bbox 140 1926 1680 1998; baseline -0.003 -17"><span class='ocrx_word' id='word_1_153' title='bbox 140 1926 229 1991; x_wconf 76' lang='grc' dir='ltr'>ινα,</span> <span class='ocrx_word' id='word_1_154' title='bbox 262 1928 326 1983; x_wconf 83' lang='grc' dir='ltr'>τὰ</span> <span class='ocrx_word' id='word_1_155' title='bbox 355 1930 497 1984; x_wconf 87' lang='grc' dir='ltr'>αὑτά</span> <span class='ocrx_word' id='word_1_156' title='bbox 522 1947 609 1993; x_wconf 86' lang='grc' dir='ltr'><strong>τις</strong></span> <span class='ocrx_word' id='word_1_157' title='bbox 640 1930 807 1991; x_wconf 86' lang='grc' dir='ltr'>λύσας</span> <span class='ocrx_word' id='word_1_158' title='bbox 838 1926 945 1980; x_wconf 81' lang='grc' dir='ltr'><strong>τῶν</strong></span> <span class='ocrx_word' id='word_1_159' title='bbox 985 1927 1267 1998; x_wconf 83' lang='grc' dir='ltr'>χωριστῶν</span> <span class='ocrx_word' id='word_1_160' title='bbox 1296 1926 1680 1996; x_wconf 87' lang='grc' dir='ltr'>ὑποδημάτων,</span> 
     </span>
    </p>
   </div>
   <div class='ocr_carea' id='block_1_22' title="bbox 139 2014 1683 2092">
    <p class='ocr_par' dir='ltr' id='par_1_22' title="bbox 139 2014 1683 2092">
     <span class='ocr_line' id='line_1_22' title="bbox 139 2014 1683 2092; baseline -0.002 -21"><span class='ocrx_word' id='word_1_161' title='bbox 139 2015 206 2089; x_wconf 68' lang='lat' dir='ltr'><strong>Bg</strong></span> <span class='ocrx_word' id='word_1_162' title='bbox 230 2019 388 2089; x_wconf 82' lang='grc' dir='ltr'>Λόγον</span> <span class='ocrx_word' id='word_1_163' title='bbox 414 2021 624 2092; x_wconf 85' lang='grc' dir='ltr'>γυμνὸν</span> <span class='ocrx_word' id='word_1_164' title='bbox 655 2020 763 2073; x_wconf 84' lang='grc' dir='ltr'><strong>τῶν</strong></span> <span class='ocrx_word' id='word_1_165' title='bbox 791 2016 1190 2092; x_wconf 82' lang='grc' dir='ltr'>ὑποδεεστέρων</span> <span class='ocrx_word' id='word_1_166' title='bbox 1225 2015 1344 2071; x_wconf 86' lang='grc' dir='ltr'>καθ’</span> <span class='ocrx_word' id='word_1_167' title='bbox 1369 2015 1531 2069; x_wconf 84' lang='grc' dir='ltr'>αὑτὸν</span> <span class='ocrx_word' id='word_1_168' title='bbox 1556 2014 1683 2068; x_wconf 83' lang='grc' dir='ltr'>Υἱὸν</span> 
     </span>
    </p>
   </div>
   <div class='ocr_carea' id='block_1_23' title="bbox 137 2111 491 2169">
    <p class='ocr_par' dir='ltr' id='par_1_23' title="bbox 137 2111 491 2169">
     <span class='ocr_line' id='line_1_23' title="bbox 137 2111 491 2169; baseline 0.014 -6"><span class='ocrx_word' id='word_1_169' title='bbox 137 2111 215 2165; x_wconf 79' lang='grc' dir='ltr'>τοῦ</span> <span class='ocrx_word' id='word_1_170' title='bbox 236 2112 382 2169; x_wconf 82' lang='grc' dir='ltr'>Θεοῦ.</span> <span class='ocrx_word' id='word_1_171' title='bbox 482 2132 491 2141; x_wconf 78' lang='grc'><strong>”</strong></span> 
     </span>
    </p>
   </div>
   <div class='ocr_carea' id='block_1_24' title="bbox 190 2287 1682 2363">
    <p class='ocr_par' dir='ltr' id='par_1_24' title="bbox 190 2287 1682 2363">
     <span class='ocr_line' id='line_1_24' title="bbox 190 2287 1682 2363; baseline -0.001 -19"><span class='ocrx_word' id='word_1_172' title='bbox 190 2290 271 2347; x_wconf 73' lang='grc'><strong>20.</strong></span> <span class='ocrx_word' id='word_1_173' title='bbox 309 2291 381 2344; x_wconf 88' lang='grc' dir='ltr'>Οὑ</span> <span class='ocrx_word' id='word_1_174' title='bbox 409 2288 610 2345; x_wconf 85' lang='grc' dir='ltr'>ταυτὸν</span> <span class='ocrx_word' id='word_1_175' title='bbox 648 2290 705 2344; x_wconf 82' lang='grc' dir='ltr'>δὲ</span> <span class='ocrx_word' id='word_1_176' title='bbox 732 2290 793 2344; x_wconf 85' lang='grc' dir='ltr'><strong>τὸ</strong></span> <span class='ocrx_word' id='word_1_177' title='bbox 838 2311 856 2343; x_wconf 83' lang='lat' dir='ltr'><strong>t</strong></span> <span class='ocrx_word' id='word_1_178' title='bbox 889 2290 963 2363; x_wconf 79' lang='grc' dir='ltr'>μὴ</span> <span class='ocrx_word' id='word_1_179' title='bbox 997 2287 1136 2346; x_wconf 80' lang='grc' dir='ltr'>εῖναι</span> <span class='ocrx_word' id='word_1_180' title='bbox 1169 2291 1352 2345; x_wconf 84' lang='grc' dir='ltr'>ἱκανὸν</span> <span class='ocrx_word' id='word_1_181' title='bbox 1378 2310 1397 2344; x_wconf 77' lang='grc' dir='ltr'><strong>ι</strong></span> <span class='ocrx_word' id='word_1_182' title='bbox 1440 2289 1519 2362; x_wconf 85' lang='grc' dir='ltr'>τῷ</span> <span class='ocrx_word' id='word_1_183' title='bbox 1557 2309 1575 2343; x_wconf 78' lang='grc' dir='ltr'><strong>ι</strong></span> <span class='ocrx_word' id='word_1_184' title='bbox 1608 2292 1682 2363; x_wconf 82' lang='grc' dir='ltr'>μὴ</span> 
     </span>
    </p>
   </div>
   <div class='ocr_carea' id='block_1_25' title="bbox 136 2378 1684 2456">
    <p class='ocr_par' dir='ltr' id='par_1_25' title="bbox 136 2378 1684 2456">
     <span class='ocr_line' id='line_1_25' title="bbox 136 2378 1684 2456; baseline -0.001 -19"><span class='ocrx_word' id='word_1_185' title='bbox 136 2378 252 2437; x_wconf 81' lang='grc' dir='ltr'>εἶναι</span> <span class='ocrx_word' id='word_1_186' title='bbox 296 2384 462 2452; x_wconf 77' lang='grc' dir='ltr'>ἄξιον,</span> <span class='ocrx_word' id='word_1_187' title='bbox 485 2406 505 2436; x_wconf 75' lang='grc' dir='ltr'><strong>ι</strong></span> <span class='ocrx_word' id='word_1_188' title='bbox 547 2385 852 2456; x_wconf 81' lang='grc' dir='ltr'>ἀναγράφει</span> <span class='ocrx_word' id='word_1_189' title='bbox 891 2387 920 2438; x_wconf 88' lang='grc' dir='ltr'>ὁ</span> <span class='ocrx_word' id='word_1_190' title='bbox 965 2387 1216 2455; x_wconf 86' lang='grc' dir='ltr'>Ἰωάννης</span> <span class='ocrx_word' id='word_1_191' title='bbox 1239 2403 1251 2415; x_wconf 84' lang='grc'><strong>·</strong></span> <span class='ocrx_word' id='word_1_192' title='bbox 1303 2383 1526 2437; x_wconf 74' lang='grc' dir='ltr'>δυνατὸν</span> <span class='ocrx_word' id='word_1_193' title='bbox 1576 2383 1684 2453; x_wconf 81' lang='grc' dir='ltr'>γὰρ</span> 
     </span>
    </p>
   </div>
   <div class='ocr_carea' id='block_1_26' title="bbox 137 2474 1684 2547">
    <p class='ocr_par' dir='ltr' id='par_1_26' title="bbox 137 2474 1684 2547">
     <span class='ocr_line' id='line_1_26' title="bbox 137 2474 1684 2547; baseline -0.002 -18"><span class='ocrx_word' id='word_1_194' title='bbox 137 2476 199 2547; x_wconf 75' lang='grc' dir='ltr'><strong>μή</strong></span> <span class='ocrx_word' id='word_1_195' title='bbox 221 2476 337 2530; x_wconf 72' lang='grc' dir='ltr'>ὅντα</span> <span class='ocrx_word' id='word_1_196' title='bbox 364 2477 515 2543; x_wconf 75' lang='grc' dir='ltr'>ἀξιον</span> <span class='ocrx_word' id='word_1_197' title='bbox 546 2476 798 2544; x_wconf 78' lang='grc' dir='ltr'>γενέσθαι</span> <span class='ocrx_word' id='word_1_198' title='bbox 824 2476 1007 2531; x_wconf 82' lang='grc' dir='ltr'>ἱκανόν</span> <span class='ocrx_word' id='word_1_199' title='bbox 1026 2494 1039 2507; x_wconf 87' lang='grc'><strong>·</strong></span> <span class='ocrx_word' id='word_1_200' title='bbox 1075 2475 1297 2530; x_wconf 88' lang='grc' dir='ltr'>δυνατὸν</span> <span class='ocrx_word' id='word_1_201' title='bbox 1325 2476 1382 2529; x_wconf 88' lang='grc' dir='ltr'>δὲ</span> <span class='ocrx_word' id='word_1_202' title='bbox 1416 2476 1510 2529; x_wconf 78' lang='grc' dir='ltr'><strong>καὶ</strong></span> <span class='ocrx_word' id='word_1_203' title='bbox 1535 2474 1684 2539; x_wconf 80' lang='grc' dir='ltr'>ἄξιον</span> 
     </span>
    </p>
   </div>
   <div class='ocr_carea' id='block_1_27' title="bbox 133 2565 1685 2641">
    <p class='ocr_par' dir='ltr' id='par_1_27' title="bbox 133 2565 1685 2641">
     <span class='ocr_line' id='line_1_27' title="bbox 133 2565 1685 2641; baseline -0.001 -21"><span class='ocrx_word' id='word_1_204' title='bbox 133 2565 241 2622; x_wconf 69' lang='grc' dir='ltr'>ὄντα</span> <span class='ocrx_word' id='word_1_205' title='bbox 294 2568 521 2640; x_wconf 83' lang='grc' dir='ltr'>μηδέπω</span> <span class='ocrx_word' id='word_1_206' title='bbox 573 2565 712 2621; x_wconf 81' lang='grc' dir='ltr'>εἶναι</span> <span class='ocrx_word' id='word_1_207' title='bbox 754 2568 957 2623; x_wconf 80' lang='grc' dir='ltr'>ἱκανόν.</span> <span class='ocrx_word' id='word_1_208' title='bbox 1017 2571 1080 2623; x_wconf 83' lang='grc' dir='ltr'><strong>Εἰ</strong></span> <span class='ocrx_word' id='word_1_209' title='bbox 1127 2569 1237 2641; x_wconf 80' lang='grc' dir='ltr'><strong>γάρ</strong></span> <span class='ocrx_word' id='word_1_210' title='bbox 1283 2570 1380 2622; x_wconf 72' lang='grc' dir='ltr'>καὶ</span> <span class='ocrx_word' id='word_1_211' title='bbox 1434 2567 1573 2641; x_wconf 83' lang='grc' dir='ltr'>πρὸς</span> <span class='ocrx_word' id='word_1_212' title='bbox 1623 2567 1685 2620; x_wconf 83' lang='grc' dir='ltr'>τὸ</span> 
     </span>
    </p>
   </div>
   <div class='ocr_carea' id='block_1_28' title="bbox 136 2647 1685 2733">
    <p class='ocr_par' dir='ltr' id='par_1_28' title="bbox 136 2647 1685 2733">
     <span class='ocr_line' id='line_1_28' title="bbox 136 2647 1685 2733; baseline 0.001 -22"><span class='ocrx_word' id='word_1_213' title='bbox 136 2661 378 2732; x_wconf 80' lang='grc' dir='ltr'>συμφέρον</span> <span class='ocrx_word' id='word_1_214' title='bbox 404 2660 608 2715; x_wconf 82' lang='grc' dir='ltr'>δίδοται</span> <span class='ocrx_word' id='word_1_215' title='bbox 643 2647 1090 2733; x_wconf 55' lang='grc' dir='ltr'>τὰ“χαρίσματα,</span> <span class='ocrx_word' id='word_1_216' title='bbox 1126 2661 1221 2715; x_wconf 69' lang='grc' dir='ltr'><strong>καὶ¹</strong></span> <span class='ocrx_word' id='word_1_217' title='bbox 1251 2661 1312 2714; x_wconf 93' lang='grc' dir='ltr'><strong>οὑ</strong></span> <span class='ocrx_word' id='word_1_218' title='bbox 1344 2661 1504 2733; x_wconf 92' lang='grc' dir='ltr'>μόνον</span> <span class='ocrx_word' id='word_1_219' title='bbox 1544 2659 1685 2715; x_wconf 84' lang='grc' dir='ltr'>κατὰ</span> 
     </span>
    </p>
   </div>
   <div class='ocr_carea' id='block_1_29' title="bbox 134 2752 1683 2827">
    <p class='ocr_par' dir='ltr' id='par_1_29' title="bbox 134 2752 1683 2827">
     <span class='ocr_line' id='line_1_29' title="bbox 134 2752 1683 2827; baseline 0 -21"><span class='ocrx_word' id='word_1_220' title='bbox 134 2752 214 2824; x_wconf 77' lang='grc' dir='ltr'>τὴν</span> <span class='ocrx_word' id='word_1_221' title='bbox 259 2753 553 2824; x_wconf 82' lang='grc' dir='ltr'>ἀναλογίαν</span> <span class='ocrx_word' id='word_1_222' title='bbox 603 2753 706 2824; x_wconf 81' lang='grc' dir='ltr'><strong>τῆς</strong></span> <span class='ocrx_word' id='word_1_223' title='bbox 753 2754 1016 2819; x_wconf 73' lang='grc' dir='ltr'>πίστεως,</span> <span class='ocrx_word' id='word_1_224' title='bbox 1065 2753 1446 2826; x_wconf 79' lang='grc' dir='ltr'>φιλανθρώπου</span> <span class='ocrx_word' id='word_1_225' title='bbox 1485 2754 1551 2808; x_wconf 76' lang='grc' dir='ltr'>ἂν</span> <span class='ocrx_word' id='word_1_226' title='bbox 1598 2753 1683 2827; x_wconf 77' lang='grc' dir='ltr'><strong>εἴη</strong></span> 
     </span>
    </p>
   </div>
   <div class='ocr_carea' id='block_1_30' title="bbox 132 2844 1685 2918">
    <p class='ocr_par' dir='ltr' id='par_1_30' title="bbox 132 2844 1685 2918">
     <span class='ocr_line' id='line_1_30' title="bbox 132 2844 1685 2918; baseline 0 -21"><span class='ocrx_word' id='word_1_227' title='bbox 132 2845 243 2898; x_wconf 74' lang='grc' dir='ltr'>θεοῦ</span> <span class='ocrx_word' id='word_1_228' title='bbox 300 2846 491 2917; x_wconf 77' lang='grc' dir='ltr'>ἔργον,</span> <span class='ocrx_word' id='word_1_229' title='bbox 548 2846 937 2918; x_wconf 85' lang='grc' dir='ltr'>προορωμένου</span> <span class='ocrx_word' id='word_1_230' title='bbox 1007 2844 1211 2917; x_wconf 75' lang='grc' dir='ltr'>βλάϐην</span> <span class='ocrx_word' id='word_1_231' title='bbox 1262 2845 1370 2900; x_wconf 81' lang='grc' dir='ltr'><strong>ἀπὸ</strong></span> <span class='ocrx_word' id='word_1_232' title='bbox 1422 2845 1685 2917; x_wconf 84' lang='grc' dir='ltr'>οἰήματος</span> 
     </span>
    </p>
   </div>
   <div class='ocr_carea' id='block_1_31' title="bbox 131 2936 1685 3011">
    <p class='ocr_par' dir='ltr' id='par_1_31' title="bbox 131 2936 1685 3011">
     <span class='ocr_line' id='line_1_31' title="bbox 131 2936 1685 3011; baseline 0 -21"><span class='ocrx_word' id='word_1_233' title='bbox 131 2938 663 3011; x_wconf 79' lang='grc' dir='ltr'>ὲπακολουθήσοντος,</span> <span class='ocrx_word' id='word_1_234' title='bbox 708 2937 1127 3010; x_wconf 82' lang='grc' dir='ltr'>ἢφυσιώσεως,</span> <span class='ocrx_word' id='word_1_235' title='bbox 1165 2938 1227 2991; x_wconf 80' lang='grc' dir='ltr'>τὸ</span> <span class='ocrx_word' id='word_1_236' title='bbox 1278 2939 1369 2991; x_wconf 78' lang='grc' dir='ltr'><strong>καὶ</strong></span> <span class='ocrx_word' id='word_1_237' title='bbox 1413 2936 1492 3009; x_wconf 84' lang='grc' dir='ltr'>τῷ</span> <span class='ocrx_word' id='word_1_238' title='bbox 1549 2936 1685 3009; x_wconf 83' lang='grc' dir='ltr'><strong>ἀξίῳ</strong></span> 
     </span>
    </p>
   </div>
   <div class='ocr_carea' id='block_1_32' title="bbox 1794 449 3372 513">
    <p class='ocr_par' dir='ltr' id='par_1_32' title="bbox 1794 449 3372 513">
     <span class='ocr_line' id='line_1_32' title="bbox 1794 449 3372 513; baseline -0.001 -9"><span class='ocrx_word' id='word_1_239' title='bbox 1794 462 1887 504; x_wconf 89' lang='lat' dir='ltr'><strong>sus</strong></span> <span class='ocrx_word' id='word_1_240' title='bbox 1916 457 2164 503; x_wconf 90' lang='lat' dir='ltr'><strong>mortuus</strong></span> <span class='ocrx_word' id='word_1_241' title='bbox 2187 456 2290 512; x_wconf 88' lang='lat' dir='ltr'><strong>est,</strong></span> <span class='ocrx_word' id='word_1_242' title='bbox 2315 458 2370 503; x_wconf 89' lang='lat' dir='ltr'><strong>et</strong></span> <span class='ocrx_word' id='word_1_243' title='bbox 2394 449 2718 513; x_wconf 82' lang='lat' dir='ltr'><strong>resurrexit,</strong></span> <span class='ocrx_word' id='word_1_244' title='bbox 2746 458 2803 501; x_wconf 93' lang='lat' dir='ltr'><strong>ut</strong></span> <span class='ocrx_word' id='word_1_245' title='bbox 2828 457 2883 501; x_wconf 89' lang='lat' dir='ltr'><strong>et</strong></span> <span class='ocrx_word' id='word_1_246' title='bbox 2924 450 3157 504; x_wconf 86' lang='lat' dir='ltr'><strong>mortuis</strong></span> <span class='ocrx_word' id='word_1_247' title='bbox 3205 458 3260 505; x_wconf 91' lang='lat' dir='ltr'><strong>et</strong></span> <span class='ocrx_word' id='word_1_248' title='bbox 3293 452 3372 503; x_wconf 65' lang='grc' dir='ltr'><strong>νίς</strong></span> 
     </span>
    </p>
   </div>
   <div class='ocr_carea' id='block_1_33' title="bbox 1793 540 3373 613">
    <p class='ocr_par' dir='ltr' id='par_1_33' title="bbox 1793 540 3373 613">
     <span class='ocr_line' id='line_1_33' title="bbox 1793 540 3373 613; baseline -0.002 -16"><span class='ocrx_word' id='word_1_249' title='bbox 1793 543 2044 598; x_wconf 89' lang='lat' dir='ltr'><strong>ventibns</strong></span> <span class='ocrx_word' id='word_1_250' title='bbox 2080 543 2391 597; x_wconf 86' lang='lat' dir='ltr'><strong>dominetur</strong></span> <span class='ocrx_word' id='word_1_251' title='bbox 2422 542 2503 605; x_wconf 82' lang='grc'><strong>⁸⁸;</strong></span> <span class='ocrx_word' id='word_1_252' title='bbox 2547 561 2566 594; x_wconf 79' lang='grc' dir='ltr'><strong>ι</strong></span> <span class='ocrx_word' id='word_1_253' title='bbox 2601 540 2755 613; x_wconf 82' lang='lat'><strong>[(56)</strong></span> <span class='ocrx_word' id='word_1_254' title='bbox 2781 542 2850 595; x_wconf 87' lang='lat' dir='ltr'><strong>ob</strong></span> <span class='ocrx_word' id='word_1_255' title='bbox 2889 555 3118 612; x_wconf 84' lang='lat' dir='ltr'><strong>eamque</strong></span> <span class='ocrx_word' id='word_1_256' title='bbox 3146 556 3373 597; x_wconf 83' lang='lat' dir='ltr'><strong>causam</strong></span> 
     </span>
    </p>
   </div>
   <div class='ocr_carea' id='block_1_34' title="bbox 1794 632 3373 703">
    <p class='ocr_par' dir='ltr' id='par_1_34' title="bbox 1794 632 3373 703">
     <span class='ocr_line' id='line_1_34' title="bbox 1794 632 3373 703; baseline -0.003 -14"><span class='ocrx_word' id='word_1_257' title='bbox 1794 648 1849 690; x_wconf 89' lang='lat' dir='ltr'><strong>et</strong></span> <span class='ocrx_word' id='word_1_258' title='bbox 1884 636 2069 690; x_wconf 90' lang='lat' dir='ltr'><strong>vivum</strong></span> <span class='ocrx_word' id='word_1_259' title='bbox 2116 644 2170 689; x_wconf 90' lang='lat' dir='ltr'><strong>et</strong></span> <span class='ocrx_word' id='word_1_260' title='bbox 2200 642 2472 689; x_wconf 87' lang='lat' dir='ltr'><strong>mortuum</strong></span> <span class='ocrx_word' id='word_1_261' title='bbox 2503 634 2705 702; x_wconf 77' lang='lat' dir='ltr'><strong>ligavit,</strong></span> <span class='ocrx_word' id='word_1_262' title='bbox 2737 632 2791 687; x_wconf 90' lang='lat' dir='ltr'><strong>id</strong></span> <span class='ocrx_word' id='word_1_263' title='bbox 2818 642 2901 687; x_wconf 87' lang='lat' dir='ltr'><strong>est</strong></span> <span class='ocrx_word' id='word_1_264' title='bbox 2938 641 2992 687; x_wconf 92' lang='lat' dir='ltr'><strong>et</strong></span> <span class='ocrx_word' id='word_1_265' title='bbox 3034 648 3157 686; x_wconf 90' lang='lat' dir='ltr'><strong>eum</strong></span> <span class='ocrx_word' id='word_1_266' title='bbox 3190 633 3282 703; x_wconf 91' lang='lat' dir='ltr'><strong>qui</strong></span> <span class='ocrx_word' id='word_1_267' title='bbox 3322 633 3373 686; x_wconf 86' lang='lat' dir='ltr'><strong>in</strong></span> 
     </span>
    </p>
   </div>
   <div class='ocr_carea' id='block_1_35' title="bbox 1796 724 3370 796">
    <p class='ocr_par' dir='ltr' id='par_1_35' title="bbox 1796 724 3370 796">
     <span class='ocr_line' id='line_1_35' title="bbox 1796 724 3370 796; baseline -0.001 -15"><span class='ocrx_word' id='word_1_268' title='bbox 1796 735 1961 792; x_wconf 87' lang='lat' dir='ltr'><strong>terra,</strong></span> <span class='ocrx_word' id='word_1_269' title='bbox 1983 737 2037 782; x_wconf 92' lang='lat' dir='ltr'><strong>et</strong></span> <span class='ocrx_word' id='word_1_270' title='bbox 2052 741 2174 781; x_wconf 87' lang='lat' dir='ltr'><strong>eum</strong></span> <span class='ocrx_word' id='word_1_271' title='bbox 2207 727 2299 796; x_wconf 88' lang='lat' dir='ltr'><strong>qui</strong></span> <span class='ocrx_word' id='word_1_272' title='bbox 2329 727 2564 793; x_wconf 84' lang='lat' dir='ltr'><strong>estapud</strong></span> <span class='ocrx_word' id='word_1_273' title='bbox 2586 724 2811 790; x_wconf 90' lang='lat' dir='ltr'><strong>inferos,</strong></span> <span class='ocrx_word' id='word_1_274' title='bbox 2850 734 2911 778; x_wconf 92' lang='lat' dir='ltr'><strong>ut</strong></span> <span class='ocrx_word' id='word_1_275' title='bbox 2941 734 2995 780; x_wconf 90' lang='lat' dir='ltr'><strong>et</strong></span> <span class='ocrx_word' id='word_1_276' title='bbox 3025 725 3079 779; x_wconf 91' lang='lat' dir='ltr'><strong>in</strong></span> <span class='ocrx_word' id='word_1_277' title='bbox 3109 726 3249 781; x_wconf 81' lang='lat' dir='ltr'><strong>vivis</strong></span> <span class='ocrx_word' id='word_1_278' title='bbox 3278 726 3370 779; x_wconf 85' lang='lat' dir='ltr'><strong>do-</strong></span> 
     </span>
    </p>
   </div>
   <div class='ocr_carea' id='block_1_36' title="bbox 1793 815 3368 889">
    <p class='ocr_par' dir='ltr' id='par_1_36' title="bbox 1793 815 3368 889">
     <span class='ocr_line' id='line_1_36' title="bbox 1793 815 3368 889; baseline -0.001 -18"><span class='ocrx_word' id='word_1_279' title='bbox 1793 819 2032 872; x_wconf 84' lang='lat' dir='ltr'><strong>minetur</strong></span> <span class='ocrx_word' id='word_1_280' title='bbox 2058 827 2114 872; x_wconf 91' lang='lat' dir='ltr'><strong>et</strong></span> <span class='ocrx_word' id='word_1_281' title='bbox 2143 818 2196 871; x_wconf 92' lang='lat' dir='ltr'><strong>in</strong></span> <span class='ocrx_word' id='word_1_282' title='bbox 2229 816 2511 889; x_wconf 89' lang='lat' dir='ltr'><strong>mortuis.]</strong></span> <span class='ocrx_word' id='word_1_283' title='bbox 2542 816 2673 883; x_wconf 85' lang='lat' dir='ltr'><strong>Quis</strong></span> <span class='ocrx_word' id='word_1_284' title='bbox 2720 830 2849 886; x_wconf 83' lang='lat' dir='ltr'><strong>ergo</strong></span> <span class='ocrx_word' id='word_1_285' title='bbox 2882 815 3109 870; x_wconf 90' lang='lat' dir='ltr'><strong>idoneus</strong></span> <span class='ocrx_word' id='word_1_286' title='bbox 3138 828 3224 872; x_wconf 88' lang='lat' dir='ltr'><strong>est</strong></span> <span class='ocrx_word' id='word_1_287' title='bbox 3244 830 3368 886; x_wconf 92' lang='lat' dir='ltr'><strong>pro-</strong></span> 
     </span>
    </p>
   </div>
   <div class='ocr_carea' id='block_1_37' title="bbox 1792 907 3366 979">
    <p class='ocr_par' dir='ltr' id='par_1_37' title="bbox 1792 907 3366 979">
     <span class='ocr_line' id='line_1_37' title="bbox 1792 907 3366 979; baseline -0.001 -14"><span class='ocrx_word' id='word_1_288' title='bbox 1792 912 2055 965; x_wconf 85' lang='lat' dir='ltr'><strong>cumbens</strong></span> <span class='ocrx_word' id='word_1_289' title='bbox 2086 910 2303 965; x_wconf 87' lang='lat' dir='ltr'><strong>solvere</strong></span> <span class='ocrx_word' id='word_1_290' title='bbox 2320 910 2609 979; x_wconf 79' lang='lat' dir='ltr'><strong>corrigiam</strong></span> <span class='ocrx_word' id='word_1_291' title='bbox 2637 909 2824 963; x_wconf 88' lang='lat' dir='ltr'><strong>talium</strong></span> <span class='ocrx_word' id='word_1_292' title='bbox 2852 907 3366 974; x_wconf 83' lang='lat' dir='ltr'><strong>calceamentorum,</strong></span> 
     </span>
    </p>
   </div>
   <div class='ocr_carea' id='block_1_38' title="bbox 1791 1001 3365 1073">
    <p class='ocr_par' dir='ltr' id='par_1_38' title="bbox 1791 1001 3365 1073">
     <span class='ocr_line' id='line_1_38' title="bbox 1791 1001 3365 1073; baseline 0 -15"><span class='ocrx_word' id='word_1_293' title='bbox 1791 1017 1961 1073; x_wconf 83' lang='lat' dir='ltr'><strong>eaque</strong></span> <span class='ocrx_word' id='word_1_294' title='bbox 1988 1002 2166 1058; x_wconf 86' lang='lat' dir='ltr'><strong>soluta</strong></span> <span class='ocrx_word' id='word_1_295' title='bbox 2195 1017 2304 1057; x_wconf 92' lang='lat' dir='ltr'><strong>non</strong></span> <span class='ocrx_word' id='word_1_296' title='bbox 2333 1001 2744 1066; x_wconf 89' lang='lat' dir='ltr'><strong>dimittere,sed</strong></span> <span class='ocrx_word' id='word_1_297' title='bbox 2778 1016 2842 1056; x_wconf 80' lang='lat' dir='ltr'><strong>ex</strong></span> <span class='ocrx_word' id='word_1_298' title='bbox 2875 1001 3044 1055; x_wconf 85' lang='lat' dir='ltr'><strong>altera</strong></span> <span class='ocrx_word' id='word_1_299' title='bbox 3071 1001 3365 1058; x_wconf 88' lang='lat' dir='ltr'><strong>idoneitate</strong></span> 
     </span>
    </p>
   </div>
   <div class='ocr_carea' id='block_1_39' title="bbox 1789 1094 3361 1165">
    <p class='ocr_par' dir='ltr' id='par_1_39' title="bbox 1789 1094 3361 1165">
     <span class='ocr_line' id='line_1_39' title="bbox 1789 1094 3361 1165; baseline -0.001 -15"><span class='ocrx_word' id='word_1_300' title='bbox 1789 1111 1851 1150; x_wconf 88' lang='lat' dir='ltr'><strong>ca</strong></span> <span class='ocrx_word' id='word_1_301' title='bbox 1896 1096 2139 1165; x_wconf 83' lang='lat' dir='ltr'><strong>recipere</strong></span> <span class='ocrx_word' id='word_1_302' title='bbox 2168 1105 2223 1149; x_wconf 90' lang='lat' dir='ltr'><strong>et</strong></span> <span class='ocrx_word' id='word_1_303' title='bbox 2254 1109 2490 1163; x_wconf 77' lang='lat' dir='ltr'><strong>geStare,</strong></span> <span class='ocrx_word' id='word_1_304' title='bbox 2516 1110 2581 1151; x_wconf 90' lang='lat' dir='ltr'><strong>eo</strong></span> <span class='ocrx_word' id='word_1_305' title='bbox 2607 1096 2751 1165; x_wconf 87' lang='lat' dir='ltr'><strong>quod</strong></span> <span class='ocrx_word' id='word_1_306' title='bbox 2785 1094 3139 1150; x_wconf 82' lang='lat' dir='ltr'><strong>circumferat</strong></span> <span class='ocrx_word' id='word_1_307' title='bbox 3166 1094 3221 1151; x_wconf 91' lang='lat' dir='ltr'><strong>in</strong></span> <span class='ocrx_word' id='word_1_308' title='bbox 3246 1108 3361 1149; x_wconf 83' lang='lat' dir='ltr'><strong>nte-</strong></span> 
     </span>
    </p>
   </div>
   <div class='ocr_carea' id='block_1_40' title="bbox 1791 1186 2524 1258">
    <p class='ocr_par' dir='ltr' id='par_1_40' title="bbox 1791 1186 2524 1258">
     <span class='ocr_line' id='line_1_40' title="bbox 1791 1186 2524 1258; baseline 0 -17"><span class='ocrx_word' id='word_1_309' title='bbox 1791 1189 1961 1243; x_wconf 89' lang='lat' dir='ltr'><strong>moria</strong></span> <span class='ocrx_word' id='word_1_310' title='bbox 1994 1203 2116 1258; x_wconf 67' lang='lat' dir='ltr'><strong>qure</strong></span> <span class='ocrx_word' id='word_1_311' title='bbox 2145 1186 2478 1244; x_wconf 76' lang='lat' dir='ltr'><strong>intellexerit</strong></span> <span class='ocrx_word' id='word_1_312' title='bbox 2499 1187 2524 1241; x_wconf 67' lang='grc' dir='ltr'><em>ἲ</em></span> 
     </span>
    </p>
   </div>
   <div class='ocr_carea' id='block_1_41' title="bbox 1860 1388 3362 1457">
    <p class='ocr_par' dir='ltr' id='par_1_41' title="bbox 1860 1388 3362 1457">
     <span class='ocr_line' id='line_1_41' title="bbox 1860 1388 3362 1457; baseline 0.001 -14"><span class='ocrx_word' id='word_1_313' title='bbox 1860 1391 1946 1446; x_wconf 83' lang='lat' dir='ltr'><strong>l9.</strong></span> <span class='ocrx_word' id='word_1_314' title='bbox 1983 1390 2092 1446; x_wconf 87' lang='lat' dir='ltr'><strong>Nee</strong></span> <span class='ocrx_word' id='word_1_315' title='bbox 2113 1389 2245 1446; x_wconf 91' lang='lat' dir='ltr'><strong>illud</strong></span> <span class='ocrx_word' id='word_1_316' title='bbox 2271 1390 2480 1446; x_wconf 87' lang='lat' dir='ltr'><strong>sinatur</strong></span> <span class='ocrx_word' id='word_1_317' title='bbox 2508 1391 2797 1455; x_wconf 88' lang='lat' dir='ltr'><strong>intactum,</strong></span> <span class='ocrx_word' id='word_1_318' title='bbox 2825 1390 3049 1457; x_wconf 85' lang='lat' dir='ltr'><strong>Lucam,</strong></span> <span class='ocrx_word' id='word_1_319' title='bbox 3080 1388 3362 1446; x_wconf 86' lang='lat' dir='ltr'><strong>similiter—</strong></span> 
     </span>
    </p>
   </div>
   <div class='ocr_carea' id='block_1_42' title="bbox 1793 1482 3361 1553">
    <p class='ocr_par' dir='ltr' id='par_1_42' title="bbox 1793 1482 3361 1553">
     <span class='ocr_line' id='line_1_42' title="bbox 1793 1482 3361 1553; baseline -0.002 -16"><span class='ocrx_word' id='word_1_320' title='bbox 1793 1498 1898 1553; x_wconf 89' lang='lat' dir='ltr'><strong>que</strong></span> <span class='ocrx_word' id='word_1_321' title='bbox 1926 1483 2187 1539; x_wconf 79' lang='lat' dir='ltr'><strong>Joannem</strong></span> <span class='ocrx_word' id='word_1_322' title='bbox 2239 1499 2450 1550; x_wconf 89' lang='lat' dir='ltr'><strong>vocem,</strong></span> <span class='ocrx_word' id='word_1_323' title='bbox 2483 1503 2501 1534; x_wconf 77' lang='grc' dir='ltr'><strong>ι</strong></span> <span class='ocrx_word' id='word_1_324' title='bbox 2540 1484 2906 1553; x_wconf 81' lang='lat' dir='ltr'><strong>procumbens</strong></span> <span class='ocrx_word' id='word_1_325' title='bbox 2942 1482 3009 1547; x_wconf 82' lang='grc'><strong>³⁷,</strong></span> <span class='ocrx_word' id='word_1_326' title='bbox 3040 1500 3058 1533; x_wconf 83' lang='grc' dir='ltr'><strong>ι</strong></span> <span class='ocrx_word' id='word_1_327' title='bbox 3089 1482 3361 1537; x_wconf 88' lang='lat' dir='ltr'><strong>omisisse.</strong></span> 
     </span>
    </p>
   </div>
   <div class='ocr_carea' id='block_1_43' title="bbox 1794 1573 3361 1647">
    <p class='ocr_par' dir='ltr' id='par_1_43' title="bbox 1794 1573 3361 1647">
     <span class='ocr_line' id='line_1_43' title="bbox 1794 1573 3361 1647; baseline -0.003 -17"><span class='ocrx_word' id='word_1_328' title='bbox 1794 1576 1859 1630; x_wconf 82' lang='lat' dir='ltr'><strong>Et</strong></span> <span class='ocrx_word' id='word_1_329' title='bbox 1893 1576 2145 1632; x_wconf 83' lang='lat' dir='ltr'><strong>fortassis</strong></span> <span class='ocrx_word' id='word_1_330' title='bbox 2189 1576 2411 1647; x_wconf 88' lang='lat' dir='ltr'><strong>quidem</strong></span> <span class='ocrx_word' id='word_1_331' title='bbox 2446 1577 2712 1646; x_wconf 88' lang='lat' dir='ltr'><strong>contingit</strong></span> <span class='ocrx_word' id='word_1_332' title='bbox 2741 1584 2799 1629; x_wconf 92' lang='lat' dir='ltr'><strong>ut</strong></span> <span class='ocrx_word' id='word_1_333' title='bbox 2841 1575 2931 1644; x_wconf 92' lang='lat' dir='ltr'><strong>qui</strong></span> <span class='ocrx_word' id='word_1_334' title='bbox 2986 1573 3361 1644; x_wconf 86' lang='lat' dir='ltr'><strong>procubuerit,</strong></span> 
     </span>
    </p>
   </div>
   <div class='ocr_carea' id='block_1_44' title="bbox 1789 1664 3360 1738">
    <p class='ocr_par' dir='ltr' id='par_1_44' title="bbox 1789 1664 3360 1738">
     <span class='ocr_line' id='line_1_44' title="bbox 1789 1664 3360 1738; baseline -0.003 -15"><span class='ocrx_word' id='word_1_335' title='bbox 1789 1670 1986 1735; x_wconf 86' lang='lat' dir='ltr'><strong>solvat,</strong></span> <span class='ocrx_word' id='word_1_336' title='bbox 2008 1670 2166 1735; x_wconf 82' lang='lat' dir='ltr'><strong>juxta</strong></span> <span class='ocrx_word' id='word_1_337' title='bbox 2199 1669 2253 1724; x_wconf 91' lang='lat' dir='ltr'><strong>id</strong></span> <span class='ocrx_word' id='word_1_338' title='bbox 2284 1668 2427 1738; x_wconf 89' lang='lat' dir='ltr'><strong>quod</strong></span> <span class='ocrx_word' id='word_1_339' title='bbox 2468 1676 2553 1723; x_wconf 88' lang='lat' dir='ltr'><strong>est</strong></span> <span class='ocrx_word' id='word_1_340' title='bbox 2583 1668 2827 1732; x_wconf 88' lang='lat' dir='ltr'><strong>dictum;</strong></span> <span class='ocrx_word' id='word_1_341' title='bbox 2867 1667 2963 1722; x_wconf 91' lang='lat' dir='ltr'><strong>sed</strong></span> <span class='ocrx_word' id='word_1_342' title='bbox 3010 1665 3171 1722; x_wconf 82' lang='lat' dir='ltr'><strong>facile</strong></span> <span class='ocrx_word' id='word_1_343' title='bbox 3217 1664 3360 1720; x_wconf 85' lang='lat' dir='ltr'><strong>factu</strong></span> 
     </span>
    </p>
   </div>
   <div class='ocr_carea' id='block_1_45' title="bbox 1788 1755 3363 1831">
    <p class='ocr_par' dir='ltr' id='par_1_45' title="bbox 1788 1755 3363 1831">
     <span class='ocr_line' id='line_1_45' title="bbox 1788 1755 3363 1831; baseline -0.003 -17"><span class='ocrx_word' id='word_1_344' title='bbox 1788 1768 1871 1814; x_wconf 89' lang='lat' dir='ltr'><strong>est</strong></span> <span class='ocrx_word' id='word_1_345' title='bbox 1901 1761 2063 1814; x_wconf 86' lang='lat' dir='ltr'><strong>etiam</strong></span> <span class='ocrx_word' id='word_1_346' title='bbox 2094 1768 2155 1815; x_wconf 93' lang='lat' dir='ltr'><strong>ut</strong></span> <span class='ocrx_word' id='word_1_347' title='bbox 2192 1760 2285 1831; x_wconf 90' lang='lat' dir='ltr'><strong>qui</strong></span> <span class='ocrx_word' id='word_1_348' title='bbox 2330 1762 2587 1813; x_wconf 84' lang='lat' dir='ltr'><strong>observat</strong></span> <span class='ocrx_word' id='word_1_349' title='bbox 2630 1756 2973 1811; x_wconf 86' lang='lat' dir='ltr'><strong>altitudinem</strong></span> <span class='ocrx_word' id='word_1_350' title='bbox 3002 1755 3272 1811; x_wconf 88' lang='lat' dir='ltr'><strong>intervalli</strong></span> <span class='ocrx_word' id='word_1_351' title='bbox 3305 1766 3363 1810; x_wconf 90' lang='lat' dir='ltr'><strong>et</strong></span> 
     </span>
    </p>
   </div>
   <div class='ocr_carea' id='block_1_46' title="bbox 1788 1847 3362 1922">
    <p class='ocr_par' dir='ltr' id='par_1_46' title="bbox 1788 1847 3362 1922">
     <span class='ocr_line' id='line_1_46' title="bbox 1788 1847 3362 1922; baseline 0 -18"><span class='ocrx_word' id='word_1_352' title='bbox 1788 1852 1950 1921; x_wconf 84' lang='lat' dir='ltr'><strong>spatii</strong></span> <span class='ocrx_word' id='word_1_353' title='bbox 1990 1852 2310 1908; x_wconf 81' lang='lat' dir='ltr'><strong>cxsistentis</strong></span> <span class='ocrx_word' id='word_1_354' title='bbox 2344 1867 2373 1905; x_wconf 89' lang='lat' dir='ltr'><strong>a</strong></span> <span class='ocrx_word' id='word_1_355' title='bbox 2415 1852 2574 1921; x_wconf 83' lang='grc' dir='ltr'><strong>Λόγῳ</strong></span> <span class='ocrx_word' id='word_1_356' title='bbox 2600 1849 2761 1922; x_wconf 80' lang='lat' dir='ltr'><strong>[Filio</strong></span> <span class='ocrx_word' id='word_1_357' title='bbox 2786 1847 2930 1920; x_wconf 88' lang='lat' dir='ltr'><strong>Dei,]</strong></span> <span class='ocrx_word' id='word_1_358' title='bbox 2967 1848 3213 1904; x_wconf 88' lang='lat' dir='ltr'><strong>inveniat</strong></span> <span class='ocrx_word' id='word_1_359' title='bbox 3247 1848 3362 1904; x_wconf 87' lang='lat' dir='ltr'><strong>cal-</strong></span> 
     </span>
    </p>
   </div>
   <div class='ocr_carea' id='block_1_47' title="bbox 1786 1942 3360 2011">
    <p class='ocr_par' dir='ltr' id='par_1_47' title="bbox 1786 1942 3360 2011">
     <span class='ocr_line' id='line_1_47' title="bbox 1786 1942 3360 2011; baseline -0.001 -14"><span class='ocrx_word' id='word_1_360' title='bbox 1786 1952 2195 1998; x_wconf 80' lang='lat' dir='ltr'><strong>ceamentorum</strong></span> <span class='ocrx_word' id='word_1_361' title='bbox 2242 1942 2590 2008; x_wconf 90' lang='lat' dir='ltr'><strong>solutionem,</strong></span> <span class='ocrx_word' id='word_1_362' title='bbox 2640 1956 2780 2011; x_wconf 64' lang='lat' dir='ltr'><strong>quaa,</strong></span> <span class='ocrx_word' id='word_1_363' title='bbox 2818 1956 2939 1995; x_wconf 92' lang='lat' dir='ltr'><strong>cum</strong></span> <span class='ocrx_word' id='word_1_364' title='bbox 2971 1942 3095 2011; x_wconf 89' lang='lat' dir='ltr'><strong>quis</strong></span> <span class='ocrx_word' id='word_1_365' title='bbox 3122 1955 3182 1994; x_wconf 88' lang='lat' dir='ltr'><strong>ea</strong></span> <span class='ocrx_word' id='word_1_366' title='bbox 3209 1956 3360 2011; x_wconf 68' lang='lat' dir='ltr'><strong>quaa-</strong></span> 
     </span>
    </p>
   </div>
   <div class='ocr_carea' id='block_1_48' title="bbox 1788 2032 3360 2106">
    <p class='ocr_par' dir='ltr' id='par_1_48' title="bbox 1788 2032 3360 2106">
     <span class='ocr_line' id='line_1_48' title="bbox 1788 2032 3360 2106; baseline -0.001 -19"><span class='ocrx_word' id='word_1_367' title='bbox 1788 2037 1875 2099; x_wconf 84' lang='lat' dir='ltr'><strong>rit,</strong></span> <span class='ocrx_word' id='word_1_368' title='bbox 1915 2035 2076 2106; x_wconf 88' lang='lat' dir='ltr'><strong>ligata</strong></span> <span class='ocrx_word' id='word_1_369' title='bbox 2108 2044 2396 2104; x_wconf 88' lang='lat' dir='ltr'><strong>apparent,</strong></span> <span class='ocrx_word' id='word_1_370' title='bbox 2448 2042 2509 2088; x_wconf 93' lang='lat' dir='ltr'><strong>ut</strong></span> <span class='ocrx_word' id='word_1_371' title='bbox 2543 2048 2606 2087; x_wconf 88' lang='lat' dir='ltr'><strong>ea</strong></span> <span class='ocrx_word' id='word_1_372' title='bbox 2651 2032 2772 2104; x_wconf 88' lang='lat' dir='ltr'><strong>quis</strong></span> <span class='ocrx_word' id='word_1_373' title='bbox 2803 2048 2927 2087; x_wconf 90' lang='lat' dir='ltr'><strong>eum</strong></span> <span class='ocrx_word' id='word_1_374' title='bbox 2982 2032 3206 2088; x_wconf 88' lang='lat' dir='ltr'><strong>solverit</strong></span> <span class='ocrx_word' id='word_1_375' title='bbox 3249 2033 3360 2087; x_wconf 89' lang='lat' dir='ltr'><strong>cal-</strong></span> 
     </span>
    </p>
   </div>
   <div class='ocr_carea' id='block_1_49' title="bbox 1785 2121 3361 2195">
    <p class='ocr_par' dir='ltr' id='par_1_49' title="bbox 1785 2121 3361 2195">
     <span class='ocr_line' id='line_1_49' title="bbox 1785 2121 3361 2195; baseline -0.001 -18"><span class='ocrx_word' id='word_1_376' title='bbox 1785 2135 2089 2191; x_wconf 83' lang='lat' dir='ltr'><strong>ceamenla,</strong></span> <span class='ocrx_word' id='word_1_377' title='bbox 2122 2139 2243 2195; x_wconf 87' lang='lat' dir='ltr'><strong>quae</strong></span> <span class='ocrx_word' id='word_1_378' title='bbox 2276 2124 2608 2194; x_wconf 87' lang='lat' dir='ltr'><strong>separabilia</strong></span> <span class='ocrx_word' id='word_1_379' title='bbox 2651 2132 2800 2190; x_wconf 86' lang='lat' dir='ltr'><strong>sunt,</strong></span> <span class='ocrx_word' id='word_1_380' title='bbox 2832 2124 3016 2179; x_wconf 88' lang='lat' dir='ltr'><strong>videat</strong></span> <span class='ocrx_word' id='word_1_381' title='bbox 3039 2121 3209 2192; x_wconf 86' lang='grc' dir='ltr'>Λόγον</span> <span class='ocrx_word' id='word_1_382' title='bbox 3240 2121 3361 2195; x_wconf 87' lang='lat' dir='ltr'><strong>[Dei</strong></span> 
     </span>
    </p>
   </div>
   <div class='ocr_carea' id='block_1_50' title="bbox 1784 2211 3076 2287">
    <p class='ocr_par' dir='ltr' id='par_1_50' title="bbox 1784 2211 3076 2287">
     <span class='ocr_line' id='line_1_50' title="bbox 1784 2211 3076 2287; baseline -0.005 -16"><span class='ocrx_word' id='word_1_383' title='bbox 1784 2214 2005 2287; x_wconf 88' lang='lat' dir='ltr'><strong>Filium]</strong></span> <span class='ocrx_word' id='word_1_384' title='bbox 2038 2229 2134 2284; x_wconf 88' lang='lat' dir='ltr'><strong>per</strong></span> <span class='ocrx_word' id='word_1_385' title='bbox 2168 2227 2226 2269; x_wconf 86' lang='lat' dir='ltr'><strong>se</strong></span> <span class='ocrx_word' id='word_1_386' title='bbox 2266 2214 2474 2268; x_wconf 89' lang='lat' dir='ltr'><strong>nudum</strong></span> <span class='ocrx_word' id='word_1_387' title='bbox 2508 2212 2675 2269; x_wconf 89' lang='lat' dir='ltr'><strong>rebus</strong></span> <span class='ocrx_word' id='word_1_388' title='bbox 2701 2211 3076 2268; x_wconf 89' lang='lat' dir='ltr'><strong>inferioribus.</strong></span> 
     </span>
    </p>
   </div>
   <div class='ocr_carea' id='block_1_51' title="bbox 1861 2300 3364 2379">
    <p class='ocr_par' dir='ltr' id='par_1_51' title="bbox 1861 2300 3364 2379">
     <span class='ocr_line' id='line_1_51' title="bbox 1861 2300 3364 2379; baseline -0.005 -15"><span class='ocrx_word' id='word_1_389' title='bbox 1861 2308 2021 2379; x_wconf 80' lang='lat'><strong>136</strong></span> <span class='ocrx_word' id='word_1_390' title='bbox 2063 2306 2155 2361; x_wconf 74' lang='lat'><strong>20.</strong></span> <span class='ocrx_word' id='word_1_391' title='bbox 2193 2305 2492 2362; x_wconf 86' lang='lat' dir='ltr'><strong>Perscribit</strong></span> <span class='ocrx_word' id='word_1_392' title='bbox 2540 2313 2718 2361; x_wconf 89' lang='lat' dir='ltr'><strong>autem</strong></span> <span class='ocrx_word' id='word_1_393' title='bbox 2765 2304 3001 2360; x_wconf 87' lang='lat' dir='ltr'><strong>Joannes</strong></span> <span class='ocrx_word' id='word_1_394' title='bbox 3026 2302 3074 2335; x_wconf 78' lang='grc'>³⁸</span> <span class='ocrx_word' id='word_1_395' title='bbox 3116 2318 3133 2357; x_wconf 89' lang='lat'><strong>:</strong></span> <span class='ocrx_word' id='word_1_396' title='bbox 3173 2320 3194 2355; x_wconf 75' lang='grc' dir='ltr'><strong>ι</strong></span> <span class='ocrx_word' id='word_1_397' title='bbox 3243 2300 3364 2358; x_wconf 85' lang='grc' dir='ltr'>Νοιι</span> 
     </span>
    </p>
   </div>
   <div class='ocr_carea' id='block_1_52' title="bbox 1784 2394 3363 2470">
    <p class='ocr_par' dir='ltr' id='par_1_52' title="bbox 1784 2394 3363 2470">
     <span class='ocr_line' id='line_1_52' title="bbox 1784 2394 3363 2470; baseline -0.003 -16"><span class='ocrx_word' id='word_1_398' title='bbox 1784 2417 1906 2455; x_wconf 81' lang='lat' dir='ltr'><strong>sum</strong></span> <span class='ocrx_word' id='word_1_399' title='bbox 1931 2416 2033 2469; x_wconf 77' lang='lat' dir='ltr'><strong>ego</strong></span> <span class='ocrx_word' id='word_1_400' title='bbox 2062 2400 2278 2470; x_wconf 85' lang='lat' dir='ltr'><strong>dignus,</strong></span> <span class='ocrx_word' id='word_1_401' title='bbox 2319 2418 2338 2450; x_wconf 77' lang='grc' dir='ltr'><strong>ι</strong></span> <span class='ocrx_word' id='word_1_402' title='bbox 2367 2397 2511 2469; x_wconf 91' lang='lat' dir='ltr'><strong>quod</strong></span> <span class='ocrx_word' id='word_1_403' title='bbox 2534 2397 2675 2453; x_wconf 87' lang='lat' dir='ltr'><strong>idem</strong></span> <span class='ocrx_word' id='word_1_404' title='bbox 2709 2413 2817 2454; x_wconf 89' lang='lat' dir='ltr'><strong>non</strong></span> <span class='ocrx_word' id='word_1_405' title='bbox 2852 2406 2937 2453; x_wconf 92' lang='lat' dir='ltr'><strong>est</strong></span> <span class='ocrx_word' id='word_1_406' title='bbox 2963 2411 3087 2452; x_wconf 90' lang='lat' dir='ltr'><strong>cum</strong></span> <span class='ocrx_word' id='word_1_407' title='bbox 3108 2394 3214 2450; x_wconf 91' lang='lat' dir='ltr'><strong>illis</strong></span> <span class='ocrx_word' id='word_1_408' title='bbox 3240 2410 3363 2450; x_wconf 85' lang='lat' dir='ltr'><strong>ver-</strong></span> 
     </span>
    </p>
   </div>
   <div class='ocr_carea' id='block_1_53' title="bbox 1787 2488 3366 2562">
    <p class='ocr_par' dir='ltr' id='par_1_53' title="bbox 1787 2488 3366 2562">
     <span class='ocr_line' id='line_1_53' title="bbox 1787 2488 3366 2562; baseline -0.002 -16"><span class='ocrx_word' id='word_1_409' title='bbox 1787 2493 1872 2548; x_wconf 87' lang='lat' dir='ltr'><strong>bis</strong></span> <span class='ocrx_word' id='word_1_410' title='bbox 1901 2492 1945 2524; x_wconf 79' lang='lat'>”</span> <span class='ocrx_word' id='word_1_411' title='bbox 1975 2509 1992 2547; x_wconf 87' lang='lat'><strong>:</strong></span> <span class='ocrx_word' id='word_1_412' title='bbox 2032 2509 2052 2544; x_wconf 76' lang='grc' dir='ltr'><strong>ι</strong></span> <span class='ocrx_word' id='word_1_413' title='bbox 2092 2490 2210 2546; x_wconf 88' lang='lat' dir='ltr'><strong>Non</strong></span> <span class='ocrx_word' id='word_1_414' title='bbox 2243 2506 2365 2547; x_wconf 91' lang='lat' dir='ltr'><strong>sum</strong></span> <span class='ocrx_word' id='word_1_415' title='bbox 2393 2505 2494 2562; x_wconf 87' lang='lat' dir='ltr'><strong>ego</strong></span> <span class='ocrx_word' id='word_1_416' title='bbox 2520 2490 2777 2557; x_wconf 88' lang='lat' dir='ltr'><strong>idoneus;</strong></span> <span class='ocrx_word' id='word_1_417' title='bbox 2805 2507 2825 2542; x_wconf 77' lang='grc' dir='ltr'><strong>ι</strong></span> <span class='ocrx_word' id='word_1_418' title='bbox 2862 2489 2979 2544; x_wconf 82' lang='lat' dir='ltr'><strong>ﬁeri</strong></span> <span class='ocrx_word' id='word_1_419' title='bbox 3014 2488 3170 2559; x_wconf 33' lang='lat' dir='ltr'><strong>enim.</strong></span> <span class='ocrx_word' id='word_1_420' title='bbox 3185 2494 3366 2558; x_wconf 88' lang='lat' dir='ltr'><strong>potest</strong></span> 
     </span>
    </p>
   </div>
   <div class='ocr_carea' id='block_1_54' title="bbox 1786 2582 3365 2655">
    <p class='ocr_par' dir='ltr' id='par_1_54' title="bbox 1786 2582 3365 2655">
     <span class='ocr_line' id='line_1_54' title="bbox 1786 2582 3365 2655; baseline -0.001 -17"><span class='ocrx_word' id='word_1_421' title='bbox 1786 2583 1954 2655; x_wconf 87' lang='lat' dir='ltr'><strong>utqui</strong></span> <span class='ocrx_word' id='word_1_422' title='bbox 1982 2583 2177 2655; x_wconf 86' lang='lat' dir='ltr'><strong>dignus</strong></span> <span class='ocrx_word' id='word_1_423' title='bbox 2193 2599 2299 2639; x_wconf 93' lang='lat' dir='ltr'><strong>non</strong></span> <span class='ocrx_word' id='word_1_424' title='bbox 2330 2583 2514 2648; x_wconf 89' lang='lat' dir='ltr'><strong>sit,sit</strong></span> <span class='ocrx_word' id='word_1_425' title='bbox 2538 2583 2800 2650; x_wconf 88' lang='lat' dir='ltr'><strong>idoneus;</strong></span> <span class='ocrx_word' id='word_1_426' title='bbox 2822 2592 3014 2638; x_wconf 88' lang='lat' dir='ltr'><strong>contra</strong></span> <span class='ocrx_word' id='word_1_427' title='bbox 3042 2582 3136 2651; x_wconf 90' lang='lat' dir='ltr'><strong>qui</strong></span> <span class='ocrx_word' id='word_1_428' title='bbox 3170 2582 3365 2652; x_wconf 69' lang='lat' dir='ltr'><strong>dignus</strong></span> 
     </span>
    </p>
   </div>
   <div class='ocr_carea' id='block_1_55' title="bbox 1785 2673 3362 2745">
    <p class='ocr_par' dir='ltr' id='par_1_55' title="bbox 1785 2673 3362 2745">
     <span class='ocr_line' id='line_1_55' title="bbox 1785 2673 3362 2745; baseline 0.001 -16"><span class='ocrx_word' id='word_1_429' title='bbox 1785 2675 1879 2739; x_wconf 87' lang='lat' dir='ltr'><strong>sit,</strong></span> <span class='ocrx_word' id='word_1_430' title='bbox 1916 2675 2155 2728; x_wconf 91' lang='lat' dir='ltr'><strong>nondum</strong></span> <span class='ocrx_word' id='word_1_431' title='bbox 2188 2675 2260 2730; x_wconf 88' lang='lat' dir='ltr'><strong>sit</strong></span> <span class='ocrx_word' id='word_1_432' title='bbox 2293 2674 2542 2730; x_wconf 85' lang='lat' dir='ltr'><strong>idoneus.</strong></span> <span class='ocrx_word' id='word_1_433' title='bbox 2574 2673 2633 2729; x_wconf 88' lang='lat' dir='ltr'><strong>Si</strong></span> <span class='ocrx_word' id='word_1_434' title='bbox 2662 2675 2808 2730; x_wconf 91' lang='lat' dir='ltr'><strong>enim</strong></span> <span class='ocrx_word' id='word_1_435' title='bbox 2832 2675 2999 2730; x_wconf 87' lang='lat' dir='ltr'><strong>ctiam</strong></span> <span class='ocrx_word' id='word_1_436' title='bbox 3032 2674 3099 2729; x_wconf 89' lang='lat' dir='ltr'><strong>ad</strong></span> <span class='ocrx_word' id='word_1_437' title='bbox 3133 2675 3185 2730; x_wconf 92' lang='lat' dir='ltr'><strong>id</strong></span> <span class='ocrx_word' id='word_1_438' title='bbox 3215 2674 3362 2745; x_wconf 88' lang='lat' dir='ltr'><strong>quod</strong></span> 
     </span>
    </p>
   </div>
   <div class='ocr_carea' id='block_1_56' title="bbox 1785 2765 3366 2834">
    <p class='ocr_par' dir='ltr' id='par_1_56' title="bbox 1785 2765 3366 2834">
     <span class='ocr_line' id='line_1_56' title="bbox 1785 2765 3366 2834; baseline 0.001 -17"><span class='ocrx_word' id='word_1_439' title='bbox 1785 2766 2003 2834; x_wconf 79' lang='lat' dir='ltr'><strong>expedit</strong></span> <span class='ocrx_word' id='word_1_440' title='bbox 2029 2765 2152 2820; x_wconf 85' lang='lat' dir='ltr'><strong>data</strong></span> <span class='ocrx_word' id='word_1_441' title='bbox 2183 2775 2314 2820; x_wconf 88' lang='lat' dir='ltr'><strong>sunt</strong></span> <span class='ocrx_word' id='word_1_442' title='bbox 2363 2767 2504 2821; x_wconf 87' lang='lat' dir='ltr'><strong>dona</strong></span> <span class='ocrx_word' id='word_1_443' title='bbox 2531 2766 2624 2831; x_wconf 65' lang='grc' dir='ltr'><strong>⁸ο,</strong></span> <span class='ocrx_word' id='word_1_444' title='bbox 2649 2781 2751 2821; x_wconf 89' lang='lat' dir='ltr'><strong>nec</strong></span> <span class='ocrx_word' id='word_1_445' title='bbox 2790 2766 2844 2821; x_wconf 91' lang='lat' dir='ltr'><strong>id</strong></span> <span class='ocrx_word' id='word_1_446' title='bbox 2896 2775 3107 2820; x_wconf 86' lang='lat' dir='ltr'><strong>tantum</strong></span> <span class='ocrx_word' id='word_1_447' title='bbox 3142 2781 3208 2819; x_wconf 80' lang='lat' dir='ltr'><strong>ex</strong></span> <span class='ocrx_word' id='word_1_448' title='bbox 3244 2779 3366 2834; x_wconf 78' lang='lat' dir='ltr'><strong>pro-</strong></span> 
     </span>
    </p>
   </div>
   <div class='ocr_carea' id='block_1_57' title="bbox 1786 2856 3361 2929">
    <p class='ocr_par' dir='ltr' id='par_1_57' title="bbox 1786 2856 3361 2929">
     <span class='ocr_line' id='line_1_57' title="bbox 1786 2856 3361 2929; baseline 0 -18"><span class='ocrx_word' id='word_1_449' title='bbox 1786 2857 2035 2926; x_wconf 83' lang='lat' dir='ltr'><strong>portione</strong></span> <span class='ocrx_word' id='word_1_450' title='bbox 2068 2856 2214 2923; x_wconf 87' lang='lat' dir='ltr'><strong>lidei,</strong></span> <span class='ocrx_word' id='word_1_451' title='bbox 2265 2859 2359 2912; x_wconf 88' lang='lat' dir='ltr'><strong>Dei</strong></span> <span class='ocrx_word' id='word_1_452' title='bbox 2399 2858 2697 2914; x_wconf 87' lang='lat' dir='ltr'><strong>humanum</strong></span> <span class='ocrx_word' id='word_1_453' title='bbox 2746 2873 2919 2929; x_wconf 86' lang='lat' dir='ltr'><strong>genus</strong></span> <span class='ocrx_word' id='word_1_454' title='bbox 2958 2857 3193 2912; x_wconf 86' lang='lat' dir='ltr'><strong>amantis</strong></span> <span class='ocrx_word' id='word_1_455' title='bbox 3241 2856 3361 2912; x_wconf 76' lang='lat' dir='ltr'><strong>olli-</strong></span> 
     </span>
    </p>
   </div>
   <div class='ocr_carea' id='block_1_58' title="bbox 1786 2948 3362 3019">
    <p class='ocr_par' dir='ltr' id='par_1_58' title="bbox 1786 2948 3362 3019">
     <span class='ocr_line' id='line_1_58' title="bbox 1786 2948 3362 3019; baseline 0 -14"><span class='ocrx_word' id='word_1_456' title='bbox 1786 2948 1927 3005; x_wconf 91' lang='lat' dir='ltr'><strong>cinm</strong></span> <span class='ocrx_word' id='word_1_457' title='bbox 1958 2948 2066 3004; x_wconf 90' lang='lat' dir='ltr'><strong>erit</strong></span> <span class='ocrx_word' id='word_1_458' title='bbox 2089 2949 2439 3019; x_wconf 65' lang='lat' dir='ltr'><strong>praevidentis</strong></span> <span class='ocrx_word' id='word_1_459' title='bbox 2475 2959 2865 3006; x_wconf 88' lang='lat' dir='ltr'><strong>nocumentum</strong></span> <span class='ocrx_word' id='word_1_460' title='bbox 2903 2965 2970 3004; x_wconf 82' lang='lat' dir='ltr'><strong>ex</strong></span> <span class='ocrx_word' id='word_1_461' title='bbox 3010 2948 3248 3005; x_wconf 87' lang='lat' dir='ltr'><strong>elatione</strong></span> <span class='ocrx_word' id='word_1_462' title='bbox 3275 2950 3362 3005; x_wconf 87' lang='lat' dir='ltr'><strong>vel</strong></span> 
     </span>
    </p>
   </div>
   <div class='ocr_carea' id='block_1_59' title="bbox 132 3031 1686 3111">
    <p class='ocr_par' dir='ltr' id='par_1_59' title="bbox 132 3031 1686 3108">
     <span class='ocr_line' id='line_1_59' title="bbox 132 3031 1686 3108; baseline 0.001 -24"><span class='ocrx_word' id='word_1_463' title='bbox 132 3033 242 3086; x_wconf 82' lang='grc' dir='ltr'>ποτὲ</span> <span class='ocrx_word' id='word_1_464' title='bbox 288 3034 360 3105; x_wconf 82' lang='grc' dir='ltr'><strong>μὴ</strong></span> <span class='ocrx_word' id='word_1_465' title='bbox 413 3033 621 3089; x_wconf 87' lang='grc' dir='ltr'>διδόναι</span> <span class='ocrx_word' id='word_1_466' title='bbox 674 3035 774 3108; x_wconf 84' lang='grc' dir='ltr'>τὴν</span> <span class='ocrx_word' id='word_1_467' title='bbox 833 3034 1143 3106; x_wconf 83' lang='grc' dir='ltr'>ίκανότητα.</span> <span class='ocrx_word' id='word_1_468' title='bbox 1205 3034 1420 3087; x_wconf 88' lang='grc' dir='ltr'>Οίκεῖον</span> <span class='ocrx_word' id='word_1_469' title='bbox 1473 3031 1530 3086; x_wconf 84' lang='grc' dir='ltr'><strong>δέ</strong></span> <span class='ocrx_word' id='word_1_470' title='bbox 1588 3031 1686 3102; x_wconf 83' lang='grc' dir='ltr'>τῆς</span> 
     </span>
    </p>
   </div>
   <div class='ocr_carea' id='block_1_60' title="bbox 1860 3031 3364 3111">
    <p class='ocr_par' dir='ltr' id='par_1_60' title="bbox 1860 3039 3364 3111">
     <span class='ocr_line' id='line_1_60' title="bbox 1860 3039 3364 3111; baseline 0.001 -18"><span class='ocrx_word' id='word_1_471' title='bbox 1860 3039 2065 3096; x_wconf 76' lang='lat' dir='ltr'><strong>latione</strong></span> <span class='ocrx_word' id='word_1_472' title='bbox 2111 3041 2448 3109; x_wconf 86' lang='lat' dir='ltr'><strong>insecutura,</strong></span> <span class='ocrx_word' id='word_1_473' title='bbox 2492 3054 2561 3094; x_wconf 90' lang='lat' dir='ltr'><strong>ne</strong></span> <span class='ocrx_word' id='word_1_474' title='bbox 2590 3041 2754 3109; x_wconf 85' lang='lat' dir='ltr'><strong>digno</strong></span> <span class='ocrx_word' id='word_1_475' title='bbox 2795 3040 3013 3110; x_wconf 86' lang='lat' dir='ltr'><strong>quidem</strong></span> <span class='ocrx_word' id='word_1_476' title='bbox 3069 3040 3364 3111; x_wconf 89' lang='lat' dir='ltr'><strong>aliquando</strong></span> 
     </span>
    </p>
   </div>
   <div class='ocr_carea' id='block_1_61' title="bbox 130 3122 1684 3198">
    <p class='ocr_par' dir='ltr' id='par_1_61' title="bbox 130 3122 1684 3198">
     <span class='ocr_line' id='line_1_61' title="bbox 130 3122 1684 3198; baseline -0.001 -20"><span class='ocrx_word' id='word_1_477' title='bbox 130 3125 465 3197; x_wconf 73' lang='grc' dir='ltr'>χρηστότητος</span> <span class='ocrx_word' id='word_1_478' title='bbox 504 3125 605 3180; x_wconf 81' lang='grc' dir='ltr'>τοῦ</span> <span class='ocrx_word' id='word_1_479' title='bbox 636 3125 770 3180; x_wconf 84' lang='grc' dir='ltr'><strong>Θεοῦ</strong></span> <span class='ocrx_word' id='word_1_480' title='bbox 819 3127 976 3198; x_wconf 78' lang='grc' dir='ltr'>νικᾷν</span> <span class='ocrx_word' id='word_1_481' title='bbox 1019 3127 1077 3181; x_wconf 87' lang='grc' dir='ltr'><strong>ἐν</strong></span> <span class='ocrx_word' id='word_1_482' title='bbox 1108 3126 1187 3197; x_wconf 81' lang='grc' dir='ltr'><strong>τῷ</strong></span> <span class='ocrx_word' id='word_1_483' title='bbox 1237 3126 1546 3197; x_wconf 82' lang='grc' dir='ltr'>εὐεργετεῖν</span> <span class='ocrx_word' id='word_1_484' title='bbox 1594 3122 1684 3177; x_wconf 82' lang='grc' dir='ltr'>τὸν</span> 
     </span>
    </p>
   </div>
   <div class='ocr_carea' id='block_1_62' title="bbox 130 3216 1683 3291">
    <p class='ocr_par' dir='ltr' id='par_1_62' title="bbox 130 3216 1683 3291">
     <span class='ocr_line' id='line_1_62' title="bbox 130 3216 1683 3291; baseline 0.002 -24"><span class='ocrx_word' id='word_1_485' title='bbox 130 3216 556 3290; x_wconf 69' lang='grc' dir='ltr'>εὐεργετούμενον</span> <span class='ocrx_word' id='word_1_486' title='bbox 604 3218 1057 3291; x_wconf 76' lang='grc' dir='ltr'>προλαμϐάνοντα</span> <span class='ocrx_word' id='word_1_487' title='bbox 1090 3219 1181 3272; x_wconf 84' lang='grc' dir='ltr'><strong>τὸν</strong></span> <span class='ocrx_word' id='word_1_488' title='bbox 1213 3218 1470 3290; x_wconf 84' lang='grc' dir='ltr'>ἐσόμενον</span> <span class='ocrx_word' id='word_1_489' title='bbox 1512 3216 1683 3281; x_wconf 79' lang='grc' dir='ltr'>ἄξιον,</span> 
     </span>
    </p>
   </div>
   <div class='ocr_carea' id='block_1_63' title="bbox 131 3308 1687 3383">
    <p class='ocr_par' dir='ltr' id='par_1_63' title="bbox 131 3308 1687 3383">
     <span class='ocr_line' id='line_1_63' title="bbox 131 3308 1687 3383; baseline 0.004 -24"><span class='ocrx_word' id='word_1_490' title='bbox 131 3308 209 3360; x_wconf 79' lang='grc' dir='ltr'><strong>καὶ</strong></span> <span class='ocrx_word' id='word_1_491' title='bbox 237 3308 359 3381; x_wconf 82' lang='grc' dir='ltr'>πρὶν</span> <span class='ocrx_word' id='word_1_492' title='bbox 397 3311 631 3383; x_wconf 84' lang='grc' dir='ltr'>γένηται</span> <span class='ocrx_word' id='word_1_493' title='bbox 668 3309 816 3375; x_wconf 79' lang='grc' dir='ltr'>ἄξιος</span> <span class='ocrx_word' id='word_1_494' title='bbox 851 3310 1161 3382; x_wconf 83' lang='grc' dir='ltr'>κοσμοῦντα</span> <span class='ocrx_word' id='word_1_495' title='bbox 1208 3311 1371 3365; x_wconf 82' lang='grc' dir='ltr'>αὑτὸν</span> <span class='ocrx_word' id='word_1_496' title='bbox 1402 3313 1468 3382; x_wconf 86' lang='grc' dir='ltr'>τῇ</span> <span class='ocrx_word' id='word_1_497' title='bbox 1509 3310 1687 3365; x_wconf 81' lang='grc' dir='ltr'>ἱκανό-</span> 
     </span>
    </p>
   </div>
   <div class='ocr_carea' id='block_1_64' title="bbox 129 3401 1685 3476">
    <p class='ocr_par' dir='ltr' id='par_1_64' title="bbox 129 3401 1685 3476">
     <span class='ocr_line' id='line_1_64' title="bbox 129 3401 1685 3476; baseline 0.003 -24"><span class='ocrx_word' id='word_1_498' title='bbox 129 3413 251 3469; x_wconf 81' lang='grc' dir='ltr'>τητι,</span> <span class='ocrx_word' id='word_1_499' title='bbox 273 3401 358 3455; x_wconf 87' lang='grc' dir='ltr'><strong>ἴνα</strong></span> <span class='ocrx_word' id='word_1_500' title='bbox 392 3402 534 3473; x_wconf 73' lang='grc' dir='ltr'>μετὰ</span> <span class='ocrx_word' id='word_1_501' title='bbox 561 3403 665 3474; x_wconf 84' lang='grc' dir='ltr'>τὴν</span> <span class='ocrx_word' id='word_1_502' title='bbox 712 3403 1003 3475; x_wconf 81' lang='grc' dir='ltr'>ίκανότητα</span> <span class='ocrx_word' id='word_1_503' title='bbox 1035 3402 1165 3476; x_wconf 76' lang='grc' dir='ltr'>ἔλθῃ</span> <span class='ocrx_word' id='word_1_504' title='bbox 1206 3404 1298 3457; x_wconf 78' lang='grc' dir='ltr'><strong>ἐπὶ</strong></span> <span class='ocrx_word' id='word_1_505' title='bbox 1330 3403 1391 3457; x_wconf 82' lang='grc' dir='ltr'><strong>τὸ</strong></span> <span class='ocrx_word' id='word_1_506' title='bbox 1430 3404 1685 3473; x_wconf 86' lang='grc' dir='ltr'>γενέσθαι</span> 
     </span>
    </p>
   </div>
   <div class='ocr_carea' id='block_1_65' title="bbox 129 3489 1685 3567">
    <p class='ocr_par' dir='ltr' id='par_1_65' title="bbox 129 3489 1685 3567">
     <span class='ocr_line' id='line_1_65' title="bbox 129 3489 1685 3567; baseline 0.004 -24"><span class='ocrx_word' id='word_1_507' title='bbox 129 3489 274 3559; x_wconf 75' lang='grc' dir='ltr'>ἄξιος,</span> <span class='ocrx_word' id='word_1_508' title='bbox 304 3495 396 3549; x_wconf 75' lang='grc' dir='ltr'>καὶ</span> <span class='ocrx_word' id='word_1_509' title='bbox 428 3496 506 3567; x_wconf 85' lang='grc' dir='ltr'>μὴ</span> <span class='ocrx_word' id='word_1_510' title='bbox 540 3496 761 3559; x_wconf 87' lang='grc' dir='ltr'>πάντως</span> <span class='ocrx_word' id='word_1_511' title='bbox 787 3495 899 3567; x_wconf 88' lang='grc'>(57)</span> <span class='ocrx_word' id='word_1_512' title='bbox 932 3496 1039 3549; x_wconf 82' lang='grc' dir='ltr'>ἀπὸ</span> <span class='ocrx_word' id='word_1_513' title='bbox 1058 3495 1152 3548; x_wconf 80' lang='grc' dir='ltr'><strong>τοῦ</strong></span> <span class='ocrx_word' id='word_1_514' title='bbox 1190 3492 1329 3550; x_wconf 76' lang='grc' dir='ltr'>εἶναι</span> <span class='ocrx_word' id='word_1_515' title='bbox 1360 3496 1508 3563; x_wconf 81' lang='grc' dir='ltr'>ἄξιος</span> <span class='ocrx_word' id='word_1_516' title='bbox 1552 3496 1685 3566; x_wconf 81' lang='grc' dir='ltr'>φθά-</span> 
     </span>
    </p>
   </div>
   <div class='ocr_carea' id='block_1_66' title="bbox 129 3587 1687 3662">
    <p class='ocr_par' dir='ltr' id='par_1_66' title="bbox 129 3587 1687 3662">
     <span class='ocr_line' id='line_1_66' title="bbox 129 3587 1687 3662; baseline 0.002 -23"><span class='ocrx_word' id='word_1_517' title='bbox 129 3602 219 3639; x_wconf 85' lang='grc' dir='ltr'><strong>νων</strong></span> <span class='ocrx_word' id='word_1_518' title='bbox 258 3588 346 3642; x_wconf 86' lang='grc' dir='ltr'><strong>τὺν</strong></span> <span class='ocrx_word' id='word_1_519' title='bbox 377 3588 746 3662; x_wconf 85' lang='grc' dir='ltr'>δωρούμενον,</span> <span class='ocrx_word' id='word_1_520' title='bbox 781 3588 877 3641; x_wconf 77' lang='grc' dir='ltr'>καὶ</span> <span class='ocrx_word' id='word_1_521' title='bbox 926 3587 1215 3659; x_wconf 82' lang='grc' dir='ltr'>προλαϐὼν</span> <span class='ocrx_word' id='word_1_522' title='bbox 1248 3587 1414 3641; x_wconf 81' lang='grc' dir='ltr'>αὑτοῦ</span> <span class='ocrx_word' id='word_1_523' title='bbox 1448 3587 1548 3651; x_wconf 83' lang='grc' dir='ltr'>τὰς</span> <span class='ocrx_word' id='word_1_524' title='bbox 1588 3588 1687 3658; x_wconf 84' lang='grc' dir='ltr'>χά-</span> 
     </span>
    </p>
   </div>
   <div class='ocr_carea' id='block_1_67' title="bbox 130 3680 1687 3755">
    <p class='ocr_par' dir='ltr' id='par_1_67' title="bbox 130 3680 1687 3755">
     <span class='ocr_line' id='line_1_67' title="bbox 130 3680 1687 3755; baseline 0.001 -24"><span class='ocrx_word' id='word_1_525' title='bbox 130 3684 280 3749; x_wconf 69' lang='grc' dir='ltr'>ριτας,</span> <span class='ocrx_word' id='word_1_526' title='bbox 305 3680 433 3755; x_wconf 74' lang='grc' dir='ltr'>ἔλθη</span> <span class='ocrx_word' id='word_1_527' title='bbox 462 3683 562 3735; x_wconf 75' lang='grc' dir='ltr'>ἐπὶ</span> <span class='ocrx_word' id='word_1_528' title='bbox 588 3681 651 3735; x_wconf 87' lang='grc' dir='ltr'><strong>τὸ</strong></span> <span class='ocrx_word' id='word_1_529' title='bbox 676 3680 930 3750; x_wconf 86' lang='grc' dir='ltr'>γενέσθαι</span> <span class='ocrx_word' id='word_1_530' title='bbox 967 3680 1165 3744; x_wconf 82' lang='grc' dir='ltr'>ἱκανός.</span> <span class='ocrx_word' id='word_1_531' title='bbox 1209 3681 1267 3734; x_wconf 87' lang='grc' dir='ltr'><strong>Ὀ</strong></span> <span class='ocrx_word' id='word_1_532' title='bbox 1295 3680 1473 3734; x_wconf 84' lang='grc' dir='ltr'>τοίνυν</span> <span class='ocrx_word' id='word_1_533' title='bbox 1514 3680 1687 3734; x_wconf 87' lang='grc' dir='ltr'>Ἰωάν-</span> 
     </span>
    </p>
   </div>
   <div class='ocr_carea' id='block_1_68' title="bbox 129 3766 1683 3844">
    <p class='ocr_par' dir='ltr' id='par_1_68' title="bbox 129 3766 1683 3844">
     <span class='ocr_line' id='line_1_68' title="bbox 129 3766 1683 3844; baseline -0.001 -21"><span class='ocrx_word' id='word_1_534' title='bbox 129 3783 208 3837; x_wconf 80' lang='grc' dir='ltr'><strong>νης</strong></span> <span class='ocrx_word' id='word_1_535' title='bbox 239 3772 368 3839; x_wconf 60' lang='grc' dir='ltr'>φησὶ</span> <span class='ocrx_word' id='word_1_536' title='bbox 408 3771 568 3844; x_wconf 83' lang='grc' dir='ltr'>παρὰ</span> <span class='ocrx_word' id='word_1_537' title='bbox 613 3773 714 3844; x_wconf 82' lang='grc' dir='ltr'>μὲν</span> <span class='ocrx_word' id='word_1_538' title='bbox 763 3775 878 3836; x_wconf 85' lang='grc' dir='ltr'>τοῖς</span> <span class='ocrx_word' id='word_1_539' title='bbox 920 3771 1095 3844; x_wconf 78' lang='grc' dir='ltr'>τρισὶν</span> <span class='ocrx_word' id='word_1_540' title='bbox 1137 3771 1240 3824; x_wconf 88' lang='grc' dir='ltr'><strong>οὑκ</strong></span> <span class='ocrx_word' id='word_1_541' title='bbox 1277 3766 1415 3823; x_wconf 75' lang='grc' dir='ltr'>εἶναι</span> <span class='ocrx_word' id='word_1_542' title='bbox 1465 3769 1683 3833; x_wconf 85' lang='grc' dir='ltr'>ἱκανὸς,</span> 
     </span>
    </p>
   </div>
   <div class='ocr_carea' id='block_1_69' title="bbox 130 3859 1685 3934">
    <p class='ocr_par' dir='ltr' id='par_1_69' title="bbox 130 3859 1685 3934">
     <span class='ocr_line' id='line_1_69' title="bbox 130 3859 1685 3934; baseline 0.002 -22"><span class='ocrx_word' id='word_1_543' title='bbox 130 3861 259 3932; x_wconf 75' lang='grc' dir='ltr'>παρὰ</span> <span class='ocrx_word' id='word_1_544' title='bbox 304 3860 360 3915; x_wconf 72' lang='grc' dir='ltr'>δὲ</span> <span class='ocrx_word' id='word_1_545' title='bbox 414 3862 494 3934; x_wconf 81' lang='grc' dir='ltr'>τῷ</span> <span class='ocrx_word' id='word_1_546' title='bbox 537 3863 764 3934; x_wconf 82' lang='grc' dir='ltr'>Ἰωάννῃ</span> <span class='ocrx_word' id='word_1_547' title='bbox 812 3863 913 3918; x_wconf 88' lang='grc' dir='ltr'><strong>οὑκ</strong></span> <span class='ocrx_word' id='word_1_548' title='bbox 963 3859 1104 3917; x_wconf 84' lang='grc' dir='ltr'>εἶναι</span> <span class='ocrx_word' id='word_1_549' title='bbox 1167 3861 1338 3929; x_wconf 79' lang='grc' dir='ltr'>ἄξιος.</span> <span class='ocrx_word' id='word_1_550' title='bbox 1388 3862 1502 3916; x_wconf 87' lang='grc' dir='ltr'>Οὑκ</span> <span class='ocrx_word' id='word_1_551' title='bbox 1548 3862 1685 3916; x_wconf 85' lang='grc' dir='ltr'>ἀπο-</span> 
     </span>
    </p>
   </div>
   <div class='ocr_carea' id='block_1_70' title="bbox 129 3952 1687 4025">
    <p class='ocr_par' dir='ltr' id='par_1_70' title="bbox 129 3952 1687 4025">
     <span class='ocr_line' id='line_1_70' title="bbox 129 3952 1687 4025; baseline -0.001 -18"><span class='ocrx_word' id='word_1_552' title='bbox 129 3952 339 4009; x_wconf 65' lang='grc' dir='ltr'>κλείεται</span> <span class='ocrx_word' id='word_1_553' title='bbox 368 3956 427 4011; x_wconf 84' lang='grc' dir='ltr'>δὲ</span> <span class='ocrx_word' id='word_1_554' title='bbox 456 3958 518 4021; x_wconf 82' lang='grc' dir='ltr'>ὃς</span> <span class='ocrx_word' id='word_1_555' title='bbox 551 3972 618 4025; x_wconf 87' lang='grc' dir='ltr'><strong>γε</strong></span> <span class='ocrx_word' id='word_1_556' title='bbox 657 3953 851 4025; x_wconf 70' lang='grc' dir='ltr'>ἔλεγεν</span> <span class='ocrx_word' id='word_1_557' title='bbox 896 3955 1109 4010; x_wconf 82' lang='grc' dir='ltr'>οὐδέπω</span> <span class='ocrx_word' id='word_1_558' title='bbox 1159 3954 1236 4009; x_wconf 88' lang='grc' dir='ltr'>ὣν</span> <span class='ocrx_word' id='word_1_559' title='bbox 1297 3955 1479 4019; x_wconf 82' lang='grc' dir='ltr'>ίκανδς</span> <span class='ocrx_word' id='word_1_560' title='bbox 1527 3971 1687 4023; x_wconf 88' lang='grc' dir='ltr'>γεγο-</span> 
     </span>
    </p>
   </div>
   <div class='ocr_carea' id='block_1_71' title="bbox 126 4043 1685 4120">
    <p class='ocr_par' dir='ltr' id='par_1_71' title="bbox 126 4043 1685 4120">
     <span class='ocr_line' id='line_1_71' title="bbox 126 4043 1685 4120; baseline -0.001 -19"><span class='ocrx_word' id='word_1_561' title='bbox 126 4047 253 4101; x_wconf 87' lang='grc' dir='ltr'>νέναι</span> <span class='ocrx_word' id='word_1_562' title='bbox 280 4050 484 4115; x_wconf 84' lang='grc' dir='ltr'>ἱκανὸς,</span> <span class='ocrx_word' id='word_1_563' title='bbox 515 4051 568 4103; x_wconf 81' lang='grc' dir='ltr'><strong>εί</strong></span> <span class='ocrx_word' id='word_1_564' title='bbox 602 4049 697 4103; x_wconf 72' lang='grc' dir='ltr'>καὶ</span> <span class='ocrx_word' id='word_1_565' title='bbox 736 4049 810 4120; x_wconf 79' lang='grc' dir='ltr'>μὴ</span> <span class='ocrx_word' id='word_1_566' title='bbox 839 4048 987 4113; x_wconf 79' lang='grc' dir='ltr'>ἄξιός</span> <span class='ocrx_word' id='word_1_567' title='bbox 1016 4066 1103 4102; x_wconf 85' lang='grc' dir='ltr'><strong>πω</strong></span> <span class='ocrx_word' id='word_1_568' title='bbox 1129 4043 1198 4120; x_wconf 80' lang='grc' dir='ltr'>ἦν</span> <span class='ocrx_word' id='word_1_569' title='bbox 1217 4064 1231 4078; x_wconf 75' lang='grc'><strong>⁸</strong></span> <span class='ocrx_word' id='word_1_570' title='bbox 1273 4048 1367 4102; x_wconf 75' lang='grc' dir='ltr'><strong>καὶ</strong></span> <span class='ocrx_word' id='word_1_571' title='bbox 1400 4047 1562 4101; x_wconf 91' lang='grc' dir='ltr'>πάλιν</span> <span class='ocrx_word' id='word_1_572' title='bbox 1595 4049 1685 4101; x_wconf 76' lang='grc' dir='ltr'><strong>ὅτε</strong></span> 
     </span>
    </p>
   </div>
   <div class='ocr_carea' id='block_1_72' title="bbox 129 4124 1685 4207">
    <p class='ocr_par' dir='ltr' id='par_1_72' title="bbox 129 4124 1685 4207">
     <span class='ocr_line' id='line_1_72' title="bbox 129 4124 1685 4207; baseline -0.001 -17"><span class='ocrx_word' id='word_1_573' title='bbox 129 4134 287 4207; x_wconf 75' lang='grc' dir='ltr'>Ξλεγεν</span> <span class='ocrx_word' id='word_1_574' title='bbox 311 4140 412 4193; x_wconf 86' lang='grc' dir='ltr'><strong>οὑκ</strong></span> <span class='ocrx_word' id='word_1_575' title='bbox 440 4135 589 4194; x_wconf 79' lang='grc' dir='ltr'>εἶναι</span> <span class='ocrx_word' id='word_1_576' title='bbox 621 4124 771 4205; x_wconf 67' lang='grc' dir='ltr'>ἄξιος</span> <span class='ocrx_word' id='word_1_577' title='bbox 809 4138 909 4190; x_wconf 89' lang='grc' dir='ltr'><strong>οὑκ</strong></span> <span class='ocrx_word' id='word_1_578' title='bbox 946 4135 1021 4191; x_wconf 79' lang='grc' dir='ltr'>ὢν</span> <span class='ocrx_word' id='word_1_579' title='bbox 1052 4136 1220 4203; x_wconf 80' lang='grc' dir='ltr'>ἄξιος,</span> <span class='ocrx_word' id='word_1_580' title='bbox 1269 4136 1564 4207; x_wconf 78' lang='grc' dir='ltr'>ἐφθακέναι</span> <span class='ocrx_word' id='word_1_581' title='bbox 1592 4138 1685 4190; x_wconf 77' lang='grc' dir='ltr'>ἐπὶ</span> 
     </span>
    </p>
   </div>
   <div class='ocr_carea' id='block_1_73' title="bbox 1786 3132 3360 3189">
    <p class='ocr_par' dir='ltr' id='par_1_73' title="bbox 1786 3132 3360 3189">
     <span class='ocr_line' id='line_1_73' title="bbox 1786 3132 3360 3189; baseline 0 -1"><span class='ocrx_word' id='word_1_582' title='bbox 1786 3133 2138 3188; x_wconf 87' lang='lat' dir='ltr'><strong>idoneitatem</strong></span> <span class='ocrx_word' id='word_1_583' title='bbox 2193 3133 2342 3188; x_wconf 90' lang='lat' dir='ltr'><strong>dare.</strong></span> <span class='ocrx_word' id='word_1_584' title='bbox 2396 3132 2881 3189; x_wconf 85' lang='lat' dir='ltr'><strong>Accommodatum</strong></span> <span class='ocrx_word' id='word_1_585' title='bbox 2936 3141 3022 3188; x_wconf 89' lang='lat' dir='ltr'><strong>est</strong></span> <span class='ocrx_word' id='word_1_586' title='bbox 3062 3140 3242 3187; x_wconf 87' lang='lat' dir='ltr'><strong>autem</strong></span> <span class='ocrx_word' id='word_1_587' title='bbox 3292 3132 3360 3188; x_wconf 81' lang='lat' dir='ltr'><strong>ad</strong></span> 
     </span>
    </p>
   </div>
   <div class='ocr_carea' id='block_1_74' title="bbox 1788 3224 3365 3293">
    <p class='ocr_par' dir='ltr' id='par_1_74' title="bbox 1788 3224 3365 3293">
     <span class='ocr_line' id='line_1_74' title="bbox 1788 3224 3365 3293; baseline -0.001 -11"><span class='ocrx_word' id='word_1_588' title='bbox 1788 3235 2038 3282; x_wconf 88' lang='lat' dir='ltr'><strong>naturam</strong></span> <span class='ocrx_word' id='word_1_589' title='bbox 2066 3225 2328 3282; x_wconf 87' lang='lat' dir='ltr'><strong>bonitatis</strong></span> <span class='ocrx_word' id='word_1_590' title='bbox 2356 3226 2475 3293; x_wconf 90' lang='lat' dir='ltr'><strong>Dei,</strong></span> <span class='ocrx_word' id='word_1_591' title='bbox 2523 3225 2750 3282; x_wconf 91' lang='lat' dir='ltr'><strong>vincere</strong></span> <span class='ocrx_word' id='word_1_592' title='bbox 2793 3226 2847 3280; x_wconf 93' lang='lat' dir='ltr'><strong>in</strong></span> <span class='ocrx_word' id='word_1_593' title='bbox 2889 3224 3238 3282; x_wconf 72' lang='lat' dir='ltr'><strong>conferendis</strong></span> <span class='ocrx_word' id='word_1_594' title='bbox 3272 3227 3365 3281; x_wconf 82' lang='lat' dir='ltr'><strong>be-</strong></span> 
     </span>
    </p>
   </div>
   <div class='ocr_carea' id='block_1_75' title="bbox 1784 3317 3365 3387">
    <p class='ocr_par' dir='ltr' id='par_1_75' title="bbox 1784 3317 3365 3387">
     <span class='ocr_line' id='line_1_75' title="bbox 1784 3317 3365 3387; baseline 0 -15"><span class='ocrx_word' id='word_1_595' title='bbox 1784 3318 1996 3373; x_wconf 87' lang='lat' dir='ltr'><strong>neﬁciis</strong></span> <span class='ocrx_word' id='word_1_596' title='bbox 2020 3332 2143 3373; x_wconf 90' lang='lat' dir='ltr'><strong>eum</strong></span> <span class='ocrx_word' id='word_1_597' title='bbox 2174 3319 2229 3374; x_wconf 93' lang='lat' dir='ltr'><strong>in</strong></span> <span class='ocrx_word' id='word_1_598' title='bbox 2271 3333 2431 3387; x_wconf 87' lang='lat' dir='ltr'><strong>quem</strong></span> <span class='ocrx_word' id='word_1_599' title='bbox 2482 3317 2750 3374; x_wconf 86' lang='lat' dir='ltr'><strong>beneﬁcia</strong></span> <span class='ocrx_word' id='word_1_600' title='bbox 2783 3317 3171 3384; x_wconf 87' lang='lat' dir='ltr'><strong>conferuntur,</strong></span> <span class='ocrx_word' id='word_1_601' title='bbox 3219 3318 3365 3373; x_wconf 85' lang='lat' dir='ltr'><strong>anti-</strong></span> 
     </span>
    </p>
   </div>
   <div class='ocr_carea' id='block_1_76' title="bbox 1784 3410 3365 3482">
    <p class='ocr_par' dir='ltr' id='par_1_76' title="bbox 1784 3410 3365 3482">
     <span class='ocr_line' id='line_1_76' title="bbox 1784 3410 3365 3482; baseline -0.001 -16"><span class='ocrx_word' id='word_1_602' title='bbox 1784 3412 2076 3481; x_wconf 88' lang='lat' dir='ltr'><strong>cipareque</strong></span> <span class='ocrx_word' id='word_1_603' title='bbox 2103 3425 2252 3475; x_wconf 90' lang='lat' dir='ltr'><strong>eum,</strong></span> <span class='ocrx_word' id='word_1_604' title='bbox 2281 3410 2373 3479; x_wconf 91' lang='lat' dir='ltr'><strong>qui</strong></span> <span class='ocrx_word' id='word_1_605' title='bbox 2399 3411 2595 3482; x_wconf 86' lang='lat' dir='ltr'><strong>dignus</strong></span> <span class='ocrx_word' id='word_1_606' title='bbox 2626 3410 2840 3465; x_wconf 89' lang='lat' dir='ltr'><strong>futurus</strong></span> <span class='ocrx_word' id='word_1_607' title='bbox 2857 3418 2960 3474; x_wconf 89' lang='lat' dir='ltr'><strong>est,</strong></span> <span class='ocrx_word' id='word_1_608' title='bbox 2980 3417 3143 3480; x_wconf 87' lang='lat' dir='ltr'><strong>atque</strong></span> <span class='ocrx_word' id='word_1_609' title='bbox 3162 3421 3365 3464; x_wconf 79' lang='lat' dir='ltr'><strong>ornare</strong></span> 
     </span>
    </p>
   </div>
   <div class='ocr_carea' id='block_1_77' title="bbox 1785 3499 3368 3571">
    <p class='ocr_par' dir='ltr' id='par_1_77' title="bbox 1785 3499 3368 3571">
     <span class='ocr_line' id='line_1_77' title="bbox 1785 3499 3368 3571; baseline -0.002 -15"><span class='ocrx_word' id='word_1_610' title='bbox 1785 3502 2100 3566; x_wconf 88' lang='lat' dir='ltr'><strong>idoneitate,</strong></span> <span class='ocrx_word' id='word_1_611' title='bbox 2134 3509 2194 3555; x_wconf 93' lang='lat' dir='ltr'><strong>ut</strong></span> <span class='ocrx_word' id='word_1_612' title='bbox 2217 3506 2342 3571; x_wconf 91' lang='lat' dir='ltr'><strong>post</strong></span> <span class='ocrx_word' id='word_1_613' title='bbox 2369 3501 2721 3557; x_wconf 88' lang='lat' dir='ltr'><strong>idoneitatem</strong></span> <span class='ocrx_word' id='word_1_614' title='bbox 2772 3509 3099 3569; x_wconf 86' lang='lat' dir='ltr'><strong>assequatur</strong></span> <span class='ocrx_word' id='word_1_615' title='bbox 3128 3514 3251 3555; x_wconf 86' lang='lat' dir='ltr'><strong>esse</strong></span> <span class='ocrx_word' id='word_1_616' title='bbox 3276 3499 3329 3553; x_wconf 91' lang='lat' dir='ltr'><strong>di</strong></span> <span class='ocrx_word' id='word_1_617' title='bbox 3352 3529 3368 3543; x_wconf 76' lang='grc' dir='ltr'><strong><em>ο</em></strong></span> 
     </span>
    </p>
   </div>
   <div class='ocr_carea' id='block_1_78' title="bbox 1784 3588 3365 3664">
    <p class='ocr_par' dir='ltr' id='par_1_78' title="bbox 1784 3588 3365 3664">
     <span class='ocr_line' id='line_1_78' title="bbox 1784 3588 3365 3664; baseline -0.001 -20"><span class='ocrx_word' id='word_1_618' title='bbox 1784 3590 2354 3664; x_wconf 85' lang='lat' dir='ltr'><strong>gnus:netalisdignu</strong></span> <span class='ocrx_word' id='word_1_619' title='bbox 2400 3590 2622 3645; x_wconf 90' lang='lat' dir='ltr'><strong>omnino</strong></span> <span class='ocrx_word' id='word_1_620' title='bbox 2655 3604 2774 3644; x_wconf 88' lang='lat' dir='ltr'><strong>cum</strong></span> <span class='ocrx_word' id='word_1_621' title='bbox 2804 3588 2988 3657; x_wconf 88' lang='lat' dir='ltr'><strong>fuerit,</strong></span> <span class='ocrx_word' id='word_1_622' title='bbox 3024 3589 3365 3661; x_wconf 62' lang='lat' dir='ltr'><strong>praeveniens</strong></span> 
     </span>
    </p>
   </div>
   <div class='ocr_carea' id='block_1_79' title="bbox 1785 3680 3362 3753">
    <p class='ocr_par' dir='ltr' id='par_1_79' title="bbox 1785 3680 3362 3753">
     <span class='ocr_line' id='line_1_79' title="bbox 1785 3680 3362 3753; baseline -0.003 -16"><span class='ocrx_word' id='word_1_623' title='bbox 1785 3683 1955 3738; x_wconf 89' lang='lat' dir='ltr'><strong>Deum</strong></span> <span class='ocrx_word' id='word_1_624' title='bbox 1983 3697 2213 3737; x_wconf 89' lang='lat' dir='ltr'><strong>munera</strong></span> <span class='ocrx_word' id='word_1_625' title='bbox 2243 3680 2590 3752; x_wconf 83' lang='lat' dir='ltr'><strong>largientem,</strong></span> <span class='ocrx_word' id='word_1_626' title='bbox 2626 3682 2905 3752; x_wconf 88' lang='lat' dir='ltr'><strong>ipsiusque</strong></span> <span class='ocrx_word' id='word_1_627' title='bbox 2931 3682 3139 3753; x_wconf 77' lang='lat' dir='ltr'><strong>gratias</strong></span> <span class='ocrx_word' id='word_1_628' title='bbox 3160 3682 3362 3748; x_wconf 77' lang='lat' dir='ltr'><strong>antici-</strong></span> 
     </span>
    </p>
   </div>
   <div class='ocr_carea' id='block_1_80' title="bbox 1783 3771 3363 3844">
    <p class='ocr_par' dir='ltr' id='par_1_80' title="bbox 1783 3771 3363 3844">
     <span class='ocr_line' id='line_1_80' title="bbox 1783 3771 3363 3844; baseline -0.001 -15"><span class='ocrx_word' id='word_1_629' title='bbox 1783 3789 1939 3844; x_wconf 90' lang='lat' dir='ltr'><strong>pans,</strong></span> <span class='ocrx_word' id='word_1_630' title='bbox 1982 3776 2051 3830; x_wconf 90' lang='lat' dir='ltr'><strong>ad</strong></span> <span class='ocrx_word' id='word_1_631' title='bbox 2094 3774 2196 3829; x_wconf 80' lang='lat' dir='ltr'><strong>hoc</strong></span> <span class='ocrx_word' id='word_1_632' title='bbox 2230 3774 2501 3844; x_wconf 86' lang='lat' dir='ltr'><strong>pertingat</strong></span> <span class='ocrx_word' id='word_1_633' title='bbox 2545 3782 2605 3828; x_wconf 92' lang='lat' dir='ltr'><strong>ut</strong></span> <span class='ocrx_word' id='word_1_634' title='bbox 2639 3773 2712 3827; x_wconf 90' lang='lat' dir='ltr'><strong>sit</strong></span> <span class='ocrx_word' id='word_1_635' title='bbox 2746 3774 2997 3828; x_wconf 87' lang='lat' dir='ltr'><strong>idoneus.</strong></span> <span class='ocrx_word' id='word_1_636' title='bbox 3035 3773 3176 3843; x_wconf 81' lang='lat' dir='ltr'><strong>Ergo</strong></span> <span class='ocrx_word' id='word_1_637' title='bbox 3215 3771 3363 3843; x_wconf 88' lang='lat' dir='ltr'><strong>apud</strong></span> 
     </span>
    </p>
   </div>
   <div class='ocr_carea' id='block_1_81' title="bbox 1785 3863 3365 3936">
    <p class='ocr_par' dir='ltr' id='par_1_81' title="bbox 1785 3863 3365 3936">
     <span class='ocr_line' id='line_1_81' title="bbox 1785 3863 3365 3936; baseline -0.001 -14"><span class='ocrx_word' id='word_1_638' title='bbox 1785 3877 1897 3923; x_wconf 84' lang='lat' dir='ltr'><strong>tres</strong></span> <span class='ocrx_word' id='word_1_639' title='bbox 1929 3865 2293 3935; x_wconf 84' lang='lat' dir='ltr'><strong>evangelistas</strong></span> <span class='ocrx_word' id='word_1_640' title='bbox 2325 3879 2386 3920; x_wconf 87' lang='lat' dir='ltr'><strong>se</strong></span> <span class='ocrx_word' id='word_1_641' title='bbox 2421 3879 2527 3919; x_wconf 87' lang='lat' dir='ltr'><strong>non</strong></span> <span class='ocrx_word' id='word_1_642' title='bbox 2559 3879 2683 3919; x_wconf 90' lang='lat' dir='ltr'><strong>esse</strong></span> <span class='ocrx_word' id='word_1_643' title='bbox 2733 3864 2986 3919; x_wconf 90' lang='lat' dir='ltr'><strong>idoneum</strong></span> <span class='ocrx_word' id='word_1_644' title='bbox 3038 3865 3216 3936; x_wconf 90' lang='lat' dir='ltr'><strong>inquit</strong></span> <span class='ocrx_word' id='word_1_645' title='bbox 3259 3863 3365 3920; x_wconf 79' lang='lat' dir='ltr'><strong>Ba-</strong></span> 
     </span>
    </p>
   </div>
   <div class='ocr_carea' id='block_1_82' title="bbox 1783 3955 3363 4028">
    <p class='ocr_par' dir='ltr' id='par_1_82' title="bbox 1783 3955 3363 4028">
     <span class='ocr_line' id='line_1_82' title="bbox 1783 3955 3363 4028; baseline 0.001 -16"><span class='ocrx_word' id='word_1_646' title='bbox 1783 3958 1971 4028; x_wconf 89' lang='lat' dir='ltr'><strong>ptista,</strong></span> <span class='ocrx_word' id='word_1_647' title='bbox 2008 3958 2146 4026; x_wconf 90' lang='lat' dir='ltr'><strong>apud</strong></span> <span class='ocrx_word' id='word_1_648' title='bbox 2178 3955 2444 4011; x_wconf 84' lang='lat' dir='ltr'><strong>Joannem</strong></span> <span class='ocrx_word' id='word_1_649' title='bbox 2474 3965 2654 4011; x_wconf 87' lang='lat' dir='ltr'><strong>autem</strong></span> <span class='ocrx_word' id='word_1_650' title='bbox 2691 3971 2796 4011; x_wconf 91' lang='lat' dir='ltr'><strong>non</strong></span> <span class='ocrx_word' id='word_1_651' title='bbox 2827 3972 2945 4012; x_wconf 90' lang='lat' dir='ltr'><strong>esse</strong></span> <span class='ocrx_word' id='word_1_652' title='bbox 2979 3956 3222 4027; x_wconf 81' lang='lat' dir='ltr'><strong>dignum.</strong></span> <span class='ocrx_word' id='word_1_653' title='bbox 3249 3956 3363 4015; x_wconf 77' lang='lat' dir='ltr'><strong>Nec</strong></span> 
     </span>
    </p>
   </div>
   <div class='ocr_carea' id='block_1_83' title="bbox 1782 4048 3361 4121">
    <p class='ocr_par' dir='ltr' id='par_1_83' title="bbox 1782 4048 3361 4121">
     <span class='ocr_line' id='line_1_83' title="bbox 1782 4048 3361 4121; baseline 0.001 -17"><span class='ocrx_word' id='word_1_654' title='bbox 1782 4048 2025 4120; x_wconf 86' lang='lat' dir='ltr'><strong>profecto</strong></span> <span class='ocrx_word' id='word_1_655' title='bbox 2073 4049 2168 4119; x_wconf 86' lang='lat' dir='ltr'><strong>qui</strong></span> <span class='ocrx_word' id='word_1_656' title='bbox 2202 4048 2426 4104; x_wconf 81' lang='lat' dir='ltr'><strong>dixitse</strong></span> <span class='ocrx_word' id='word_1_657' title='bbox 2476 4048 2716 4103; x_wconf 88' lang='lat' dir='ltr'><strong>nondum</strong></span> <span class='ocrx_word' id='word_1_658' title='bbox 2761 4051 3030 4105; x_wconf 87' lang='lat' dir='ltr'><strong>exsistere</strong></span> <span class='ocrx_word' id='word_1_659' title='bbox 3061 4050 3361 4121; x_wconf 88' lang='lat' dir='ltr'><strong>idoneum,</strong></span> 
     </span>
    </p>
   </div>
   <div class='ocr_carea' id='block_1_84' title="bbox 1782 4137 3357 4208">
    <p class='ocr_par' dir='ltr' id='par_1_84' title="bbox 1782 4137 3357 4208">
     <span class='ocr_line' id='line_1_84' title="bbox 1782 4137 3357 4208; baseline -0.002 -12"><span class='ocrx_word' id='word_1_660' title='bbox 1782 4139 2110 4204; x_wconf 80' lang='lat' dir='ltr'><strong>excluditur,</strong></span> <span class='ocrx_word' id='word_1_661' title='bbox 2140 4140 2231 4208; x_wconf 90' lang='lat' dir='ltr'><strong>qni</strong></span> <span class='ocrx_word' id='word_1_662' title='bbox 2264 4137 2441 4193; x_wconf 84' lang='lat' dir='ltr'><strong>factus</strong></span> <span class='ocrx_word' id='word_1_663' title='bbox 2470 4137 2635 4193; x_wconf 89' lang='lat' dir='ltr'><strong>fuerit</strong></span> <span class='ocrx_word' id='word_1_664' title='bbox 2680 4148 2865 4208; x_wconf 89' lang='lat' dir='ltr'><strong>postea</strong></span> <span class='ocrx_word' id='word_1_665' title='bbox 2897 4139 3159 4206; x_wconf 89' lang='lat' dir='ltr'><strong>idoneus,</strong></span> <span class='ocrx_word' id='word_1_666' title='bbox 3192 4140 3357 4194; x_wconf 87' lang='lat' dir='ltr'><strong>etiam</strong></span> 
     </span>
    </p>
   </div>
   <div class='ocr_carea' id='block_1_85' title="bbox 132 4228 1686 4302">
    <p class='ocr_par' dir='ltr' id='par_1_85' title="bbox 132 4228 1683 4302">
     <span class='ocr_line' id='line_1_85' title="bbox 132 4228 1683 4302; baseline 0.001 -20"><span class='ocrx_word' id='word_1_667' title='bbox 132 4228 177 4282; x_wconf 75' lang='grc' dir='ltr'><strong>ιδ</strong></span> <span class='ocrx_word' id='word_1_668' title='bbox 200 4231 473 4300; x_wconf 84' lang='grc' dir='ltr'>γεγονέναι</span> <span class='ocrx_word' id='word_1_669' title='bbox 510 4231 699 4298; x_wconf 73' lang='grc' dir='ltr'>ἄξιος·</span> <span class='ocrx_word' id='word_1_670' title='bbox 739 4232 789 4284; x_wconf 84' lang='grc' dir='ltr'><strong>εί</strong></span> <span class='ocrx_word' id='word_1_671' title='bbox 824 4229 901 4301; x_wconf 82' lang='grc' dir='ltr'>μὴ</span> <span class='ocrx_word' id='word_1_672' title='bbox 933 4229 1040 4302; x_wconf 77' lang='grc' dir='ltr'>ἄρα</span> <span class='ocrx_word' id='word_1_673' title='bbox 1068 4247 1153 4293; x_wconf 89' lang='grc' dir='ltr'><strong>τις</strong></span> <span class='ocrx_word' id='word_1_674' title='bbox 1184 4231 1302 4302; x_wconf 86' lang='grc' dir='ltr'>ἐρεῖ</span> <span class='ocrx_word' id='word_1_675' title='bbox 1331 4229 1425 4283; x_wconf 74' lang='grc' dir='ltr'><strong>ἐπὶ</strong></span> <span class='ocrx_word' id='word_1_676' title='bbox 1470 4230 1531 4283; x_wconf 84' lang='grc' dir='ltr'><strong>τὸ</strong></span> <span class='ocrx_word' id='word_1_677' title='bbox 1564 4231 1683 4284; x_wconf 87' lang='grc' dir='ltr'>κατ’</span> 
     </span>
    </p>
   </div>
   <div class='ocr_carea' id='block_1_86' title="bbox 1860 4228 3361 4302">
    <p class='ocr_par' dir='ltr' id='par_1_86' title="bbox 1860 4230 3361 4301">
     <span class='ocr_line' id='line_1_86' title="bbox 1860 4230 3361 4301; baseline 0 -15"><span class='ocrx_word' id='word_1_678' title='bbox 1860 4231 2094 4286; x_wconf 89' lang='lat' dir='ltr'><strong>nondum</strong></span> <span class='ocrx_word' id='word_1_679' title='bbox 2132 4231 2329 4301; x_wconf 86' lang='lat' dir='ltr'><strong>dignus</strong></span> <span class='ocrx_word' id='word_1_680' title='bbox 2362 4240 2546 4298; x_wconf 89' lang='lat' dir='ltr'><strong>esset;</strong></span> <span class='ocrx_word' id='word_1_681' title='bbox 2577 4232 2669 4300; x_wconf 92' lang='lat' dir='ltr'><strong>qui</strong></span> <span class='ocrx_word' id='word_1_682' title='bbox 2708 4231 2950 4286; x_wconf 81' lang='lat' dir='ltr'><strong>vicissim</strong></span> <span class='ocrx_word' id='word_1_683' title='bbox 2978 4246 3101 4286; x_wconf 91' lang='lat' dir='ltr'><strong>cum</strong></span> <span class='ocrx_word' id='word_1_684' title='bbox 3134 4230 3272 4286; x_wconf 76' lang='lat' dir='ltr'><strong>dixit</strong></span> <span class='ocrx_word' id='word_1_685' title='bbox 3301 4245 3361 4286; x_wconf 86' lang='lat' dir='ltr'><strong>se</strong></span> 
     </span>
    </p>
   </div>
   <div class='ocr_carea' id='block_1_87' title="bbox 129 4320 1686 4395">
    <p class='ocr_par' dir='ltr' id='par_1_87' title="bbox 129 4320 1684 4395">
     <span class='ocr_line' id='line_1_87' title="bbox 129 4320 1684 4395; baseline 0.003 -21"><span class='ocrx_word' id='word_1_686' title='bbox 129 4320 263 4385; x_wconf 64' lang='grc' dir='ltr'>ἑξίαν</span> <span class='ocrx_word' id='word_1_687' title='bbox 294 4324 394 4394; x_wconf 78' lang='grc' dir='ltr'>τῆς</span> <span class='ocrx_word' id='word_1_688' title='bbox 428 4323 646 4388; x_wconf 85' lang='grc' dir='ltr'>λύσεως</span> <span class='ocrx_word' id='word_1_689' title='bbox 691 4324 785 4377; x_wconf 77' lang='grc' dir='ltr'>καὶ</span> <span class='ocrx_word' id='word_1_690' title='bbox 837 4323 1149 4394; x_wconf 83' lang='grc' dir='ltr'>βαστάξεως</span> <span class='ocrx_word' id='word_1_691' title='bbox 1201 4322 1318 4394; x_wconf 89' lang='grc'>(58)</span> <span class='ocrx_word' id='word_1_692' title='bbox 1368 4323 1569 4387; x_wconf 85' lang='grc' dir='ltr'>αὐτῶν,</span> <span class='ocrx_word' id='word_1_693' title='bbox 1609 4323 1684 4395; x_wconf 81' lang='grc' dir='ltr'>μὴ</span> 
     </span>
    </p>
   </div>
   <div class='ocr_carea' id='block_1_88' title="bbox 1860 4320 3365 4395">
    <p class='ocr_par' dir='ltr' id='par_1_88' title="bbox 1860 4323 3365 4393">
     <span class='ocr_line' id='line_1_88' title="bbox 1860 4323 3365 4393; baseline 0.001 -16"><span class='ocrx_word' id='word_1_694' title='bbox 1860 4339 1890 4377; x_wconf 85' lang='grc' dir='ltr'><strong>ιι</strong></span> <span class='ocrx_word' id='word_1_695' title='bbox 1920 4338 2041 4378; x_wconf 87' lang='lat' dir='ltr'><strong>esse</strong></span> <span class='ocrx_word' id='word_1_696' title='bbox 2071 4324 2313 4393; x_wconf 85' lang='lat' dir='ltr'><strong>dignum,</strong></span> <span class='ocrx_word' id='word_1_697' title='bbox 2343 4339 2468 4378; x_wconf 88' lang='lat' dir='ltr'><strong>cum</strong></span> <span class='ocrx_word' id='word_1_698' title='bbox 2507 4339 2613 4379; x_wconf 91' lang='lat' dir='ltr'><strong>non</strong></span> <span class='ocrx_word' id='word_1_699' title='bbox 2647 4331 2798 4378; x_wconf 90' lang='lat' dir='ltr'><strong>esset</strong></span> <span class='ocrx_word' id='word_1_700' title='bbox 2846 4323 3076 4393; x_wconf 86' lang='lat' dir='ltr'><strong>dignus,</strong></span> <span class='ocrx_word' id='word_1_701' title='bbox 3113 4339 3222 4379; x_wconf 91' lang='lat' dir='ltr'><strong>non</strong></span> <span class='ocrx_word' id='word_1_702' title='bbox 3270 4337 3365 4379; x_wconf 79' lang='lat' dir='ltr'><strong>ex-</strong></span> 
     </span>
    </p>
   </div>
   <div class='ocr_carea' id='block_1_89' title="bbox 127 4413 1686 4500">
    <p class='ocr_par' dir='ltr' id='par_1_89' title="bbox 127 4413 1686 4487">
     <span class='ocr_line' id='line_1_89' title="bbox 127 4413 1686 4487; baseline 0.002 -21"><span class='ocrx_word' id='word_1_703' title='bbox 127 4413 386 4485; x_wconf 79' lang='grc' dir='ltr'>χωροῦσαν</span> <span class='ocrx_word' id='word_1_704' title='bbox 413 4415 518 4487; x_wconf 79' lang='grc' dir='ltr'>τὴν</span> <span class='ocrx_word' id='word_1_705' title='bbox 576 4414 777 4487; x_wconf 75' lang='grc' dir='ltr'>θνητήν</span> <span class='ocrx_word' id='word_1_706' title='bbox 829 4416 988 4487; x_wconf 88' lang='grc' dir='ltr'>φύσιν</span> <span class='ocrx_word' id='word_1_707' title='bbox 1033 4416 1190 4487; x_wconf 77' lang='grc' dir='ltr'>ἥκειν</span> <span class='ocrx_word' id='word_1_708' title='bbox 1242 4414 1394 4481; x_wconf 82' lang='grc' dir='ltr'>ποτὲ,</span> <span class='ocrx_word' id='word_1_709' title='bbox 1425 4413 1686 4485; x_wconf 85' lang='grc' dir='ltr'>ἀληθευό-</span> 
     </span>
    </p>
   </div>
   <div class='ocr_carea' id='block_1_90' title="bbox 1860 4413 3360 4500">
    <p class='ocr_par' dir='ltr' id='par_1_90' title="bbox 1860 4415 3360 4486">
     <span class='ocr_line' id='line_1_90' title="bbox 1860 4415 3360 4486; baseline 0.001 -17"><span class='ocrx_word' id='word_1_710' title='bbox 1860 4415 2042 4480; x_wconf 85' lang='lat' dir='ltr'><strong>tditur,</strong></span> <span class='ocrx_word' id='word_1_711' title='bbox 2070 4416 2200 4485; x_wconf 86' lang='lat' dir='ltr'><strong>quin</strong></span> <span class='ocrx_word' id='word_1_712' title='bbox 2230 4415 2297 4470; x_wconf 86' lang='lat' dir='ltr'><strong>ad</strong></span> <span class='ocrx_word' id='word_1_713' title='bbox 2335 4416 2439 4470; x_wconf 91' lang='lat' dir='ltr'><strong>hoc</strong></span> <span class='ocrx_word' id='word_1_714' title='bbox 2458 4430 2566 4471; x_wconf 88' lang='lat' dir='ltr'><strong>non</strong></span> <span class='ocrx_word' id='word_1_715' title='bbox 2589 4415 2952 4486; x_wconf 85' lang='lat' dir='ltr'><strong>pertigeritut</strong></span> <span class='ocrx_word' id='word_1_716' title='bbox 2975 4423 3122 4469; x_wconf 88' lang='lat' dir='ltr'><strong>esset</strong></span> <span class='ocrx_word' id='word_1_717' title='bbox 3141 4415 3360 4485; x_wconf 84' lang='lat' dir='ltr'><strong>dignus.</strong></span> 
     </span>
    </p>
   </div>
   <div class='ocr_carea' id='block_1_91' title="bbox 129 4505 1686 4582">
    <p class='ocr_par' dir='ltr' id='par_1_91' title="bbox 129 4505 1684 4582">
     <span class='ocr_line' id='line_1_91' title="bbox 129 4505 1684 4582; baseline -0.002 -18"><span class='ocrx_word' id='word_1_718' title='bbox 129 4525 269 4577; x_wconf 84' lang='grc' dir='ltr'>μενον</span> <span class='ocrx_word' id='word_1_719' title='bbox 294 4509 435 4581; x_wconf 83' lang='grc' dir='ltr'>ἔχειν</span> <span class='ocrx_word' id='word_1_720' title='bbox 463 4509 530 4564; x_wconf 82' lang='grc' dir='ltr'>τὸ</span> <span class='ocrx_word' id='word_1_721' title='bbox 572 4508 839 4582; x_wconf 78' lang='grc' dir='ltr'>μηδέποτε</span> <span class='ocrx_word' id='word_1_722' title='bbox 881 4507 1137 4578; x_wconf 87' lang='grc' dir='ltr'>γενέσθαι</span> <span class='ocrx_word' id='word_1_723' title='bbox 1184 4505 1369 4562; x_wconf 82' lang='grc' dir='ltr'>ἱκανὸν</span> <span class='ocrx_word' id='word_1_724' title='bbox 1401 4506 1560 4561; x_wconf 78' lang='grc' dir='ltr'>λύσαι</span> <span class='ocrx_word' id='word_1_725' title='bbox 1594 4507 1684 4561; x_wconf 77' lang='grc' dir='ltr'>τὸν</span> 
     </span>
    </p>
   </div>
   <div class='ocr_carea' id='block_1_92' title="bbox 1860 4505 3363 4582">
    <p class='ocr_par' dir='ltr' id='par_1_92' title="bbox 1860 4507 3363 4579">
     <span class='ocr_line' id='line_1_92' title="bbox 1860 4507 3363 4579; baseline -0.001 -15"><span class='ocrx_word' id='word_1_726' title='bbox 1860 4508 1901 4564; x_wconf 88' lang='lat' dir='ltr'><strong>si</strong></span> <span class='ocrx_word' id='word_1_727' title='bbox 1958 4507 2100 4563; x_wconf 87' lang='lat' dir='ltr'><strong>forte</strong></span> <span class='ocrx_word' id='word_1_728' title='bbox 2126 4509 2250 4579; x_wconf 83' lang='lat' dir='ltr'><strong>quis</strong></span> <span class='ocrx_word' id='word_1_729' title='bbox 2280 4508 2530 4565; x_wconf 91' lang='lat' dir='ltr'><strong>dicturus</strong></span> <span class='ocrx_word' id='word_1_730' title='bbox 2557 4518 2660 4575; x_wconf 91' lang='lat' dir='ltr'><strong>est,</strong></span> <span class='ocrx_word' id='word_1_731' title='bbox 2690 4522 2756 4564; x_wconf 92' lang='lat' dir='ltr'><strong>eo</strong></span> <span class='ocrx_word' id='word_1_732' title='bbox 2787 4508 2931 4576; x_wconf 89' lang='lat' dir='ltr'><strong>quod</strong></span> <span class='ocrx_word' id='word_1_733' title='bbox 2964 4507 3211 4563; x_wconf 85' lang='lat' dir='ltr'><strong>mortalis</strong></span> <span class='ocrx_word' id='word_1_734' title='bbox 3263 4524 3363 4563; x_wconf 88' lang='lat' dir='ltr'><strong>na-</strong></span> 
     </span>
    </p>
   </div>
   <div class='ocr_carea' id='block_1_93' title="bbox 128 4599 1686 4674">
    <p class='ocr_par' dir='ltr' id='par_1_93' title="bbox 128 4599 1686 4674">
     <span class='ocr_line' id='line_1_93' title="bbox 128 4599 1686 4674; baseline -0.002 -16"><span class='ocrx_word' id='word_1_735' title='bbox 128 4600 305 4671; x_wconf 76' lang='grc' dir='ltr'>ἱμάντα</span> <span class='ocrx_word' id='word_1_736' title='bbox 335 4604 444 4658; x_wconf 83' lang='grc' dir='ltr'>τῶν</span> <span class='ocrx_word' id='word_1_737' title='bbox 487 4599 873 4674; x_wconf 81' lang='grc' dir='ltr'>ὑποδημάτων,</span> <span class='ocrx_word' id='word_1_738' title='bbox 899 4603 997 4657; x_wconf 77' lang='grc' dir='ltr'>καὶ</span> <span class='ocrx_word' id='word_1_739' title='bbox 1029 4601 1178 4667; x_wconf 78' lang='grc' dir='ltr'>ἄξιον</span> <span class='ocrx_word' id='word_1_740' title='bbox 1217 4600 1312 4655; x_wconf 81' lang='grc' dir='ltr'>τοῦ</span> <span class='ocrx_word' id='word_1_741' title='bbox 1348 4600 1514 4655; x_wconf 81' lang='grc' dir='ltr'>αὑτοῦ</span> <span class='ocrx_word' id='word_1_742' title='bbox 1534 4617 1548 4631; x_wconf 89' lang='grc'><strong>·</strong></span> <span class='ocrx_word' id='word_1_743' title='bbox 1585 4600 1686 4655; x_wconf 83' lang='grc' dir='ltr'>ὅσα</span> 
     </span>
    </p>
   </div>
   <div class='ocr_carea' id='block_1_94' title="bbox 1860 4599 3366 4674">
    <p class='ocr_par' dir='ltr' id='par_1_94' title="bbox 1860 4600 3366 4671">
     <span class='ocr_line' id='line_1_94' title="bbox 1860 4600 3366 4671; baseline 0.001 -17"><span class='ocrx_word' id='word_1_744' title='bbox 1860 4616 1906 4656; x_wconf 80' lang='lat' dir='ltr'><strong>ra</strong></span> <span class='ocrx_word' id='word_1_745' title='bbox 1937 4616 2045 4656; x_wconf 91' lang='lat' dir='ltr'><strong>non</strong></span> <span class='ocrx_word' id='word_1_746' title='bbox 2085 4616 2261 4671; x_wconf 86' lang='lat' dir='ltr'><strong>capax</strong></span> <span class='ocrx_word' id='word_1_747' title='bbox 2285 4601 2358 4657; x_wconf 86' lang='lat' dir='ltr'><strong>sit</strong></span> <span class='ocrx_word' id='word_1_748' title='bbox 2385 4614 2564 4671; x_wconf 88' lang='lat' dir='ltr'><strong>neque</strong></span> <span class='ocrx_word' id='word_1_749' title='bbox 2594 4600 2771 4669; x_wconf 88' lang='lat' dir='ltr'><strong>possit</strong></span> <span class='ocrx_word' id='word_1_750' title='bbox 2802 4600 2891 4655; x_wconf 94' lang='lat' dir='ltr'><strong>illo</strong></span> <span class='ocrx_word' id='word_1_751' title='bbox 2930 4601 3243 4671; x_wconf 75' lang='lat' dir='ltr'><strong>pertingere</strong></span> <span class='ocrx_word' id='word_1_752' title='bbox 3265 4600 3366 4655; x_wconf 87' lang='lat' dir='ltr'><strong>ali-</strong></span> 
     </span>
    </p>
   </div>
   <div class='ocr_carea' id='block_1_95' title="bbox 126 4690 1686 4768">
    <p class='ocr_par' dir='ltr' id='par_1_95' title="bbox 126 4690 1686 4768">
     <span class='ocr_line' id='line_1_95' title="bbox 126 4690 1686 4768; baseline -0.001 -23"><span class='ocrx_word' id='word_1_753' title='bbox 126 4691 174 4745; x_wconf 83' lang='grc' dir='ltr'>δὲ</span> <span class='ocrx_word' id='word_1_754' title='bbox 198 4693 285 4747; x_wconf 77' lang='grc' dir='ltr'>ἐὰν</span> <span class='ocrx_word' id='word_1_755' title='bbox 326 4696 693 4768; x_wconf 77' lang='grc' dir='ltr'>χωρήσωμεν,</span> <span class='ocrx_word' id='word_1_756' title='bbox 723 4693 802 4747; x_wconf 75' lang='grc' dir='ltr'>ἔτι</span> <span class='ocrx_word' id='word_1_757' title='bbox 836 4693 1188 4747; x_wconf 88' lang='grc' dir='ltr'>ὑπολείπεται</span> <span class='ocrx_word' id='word_1_758' title='bbox 1220 4690 1288 4745; x_wconf 87' lang='grc' dir='ltr'>τὰ</span> <span class='ocrx_word' id='word_1_759' title='bbox 1334 4691 1559 4763; x_wconf 87' lang='grc' dir='ltr'>μηδέπω</span> <span class='ocrx_word' id='word_1_760' title='bbox 1601 4707 1686 4745; x_wconf 90' lang='grc' dir='ltr'>νε-</span> 
     </span>
    </p>
   </div>
   <div class='ocr_carea' id='block_1_96' title="bbox 1860 4690 3364 4768">
    <p class='ocr_par' dir='ltr' id='par_1_96' title="bbox 1862 4692 3364 4763">
     <span class='ocr_line' id='line_1_96' title="bbox 1862 4692 3364 4763; baseline 0.001 -15"><span class='ocrx_word' id='word_1_761' title='bbox 1862 4696 2005 4749; x_wconf 89' lang='lat' dir='ltr'><strong>ando</strong></span> <span class='ocrx_word' id='word_1_762' title='bbox 2040 4702 2100 4748; x_wconf 89' lang='lat' dir='ltr'><strong>ut</strong></span> <span class='ocrx_word' id='word_1_763' title='bbox 2138 4694 2508 4749; x_wconf 82' lang='lat' dir='ltr'><strong>calceamenta</strong></span> <span class='ocrx_word' id='word_1_764' title='bbox 2554 4693 2673 4763; x_wconf 86' lang='lat' dir='ltr'><strong>ipsa</strong></span> <span class='ocrx_word' id='word_1_765' title='bbox 2704 4692 2921 4748; x_wconf 87' lang='lat' dir='ltr'><strong>solvere</strong></span> <span class='ocrx_word' id='word_1_766' title='bbox 2949 4702 3114 4763; x_wconf 89' lang='lat' dir='ltr'><strong>atque</strong></span> <span class='ocrx_word' id='word_1_767' title='bbox 3147 4705 3364 4763; x_wconf 81' lang='lat' dir='ltr'><strong>gestare</strong></span> 
     </span>
    </p>
   </div>
   <div class='ocr_carea' id='block_1_97' title="bbox 127 4781 1686 4859">
    <p class='ocr_par' dir='ltr' id='par_1_97' title="bbox 127 4783 1686 4859">
     <span class='ocr_line' id='line_1_97' title="bbox 127 4783 1686 4859; baseline -0.002 -18"><span class='ocrx_word' id='word_1_768' title='bbox 127 4788 370 4858; x_wconf 68' lang='grc' dir='ltr'>νοημέναυ</span> <span class='ocrx_word' id='word_1_769' title='bbox 417 4807 438 4839; x_wconf 77' lang='grc' dir='ltr'><strong>ι</strong></span> <span class='ocrx_word' id='word_1_770' title='bbox 473 4787 633 4842; x_wconf 83' lang='grc' dir='ltr'>Ἐπεὶ</span> <span class='ocrx_word' id='word_1_771' title='bbox 679 4788 807 4841; x_wconf 85' lang='grc' dir='ltr'>ὅταν</span> <span class='ocrx_word' id='word_1_772' title='bbox 850 4786 1146 4859; x_wconf 83' lang='grc' dir='ltr'>συντελέσῃ</span> <span class='ocrx_word' id='word_1_773' title='bbox 1196 4784 1513 4858; x_wconf 84' lang='grc' dir='ltr'>ἄνθρωπος,</span> <span class='ocrx_word' id='word_1_774' title='bbox 1564 4783 1686 4838; x_wconf 88' lang='grc' dir='ltr'>τότε</span> 
     </span>
    </p>
   </div>
   <div class='ocr_carea' id='block_1_98' title="bbox 1860 4781 3362 4859">
    <p class='ocr_par' dir='ltr' id='par_1_98' title="bbox 1860 4781 3362 4856">
     <span class='ocr_line' id='line_1_98' title="bbox 1860 4781 3362 4856; baseline 0 -16"><span class='ocrx_word' id='word_1_775' title='bbox 1860 4785 1983 4850; x_wconf 91' lang='lat' dir='ltr'><strong>ssit,</strong></span> <span class='ocrx_word' id='word_1_776' title='bbox 2010 4794 2069 4838; x_wconf 93' lang='lat' dir='ltr'><strong>ut</strong></span> <span class='ocrx_word' id='word_1_777' title='bbox 2098 4783 2318 4856; x_wconf 84' lang='lat' dir='ltr'><strong>dignum</strong></span> <span class='ocrx_word' id='word_1_778' title='bbox 2352 4794 2437 4839; x_wconf 90' lang='lat' dir='ltr'><strong>est</strong></span> <span class='ocrx_word' id='word_1_779' title='bbox 2462 4784 2597 4854; x_wconf 87' lang='lat' dir='ltr'><strong>ipsis</strong></span> <span class='ocrx_word' id='word_1_780' title='bbox 2624 4823 2640 4849; x_wconf 94' lang='lat'><strong>,</strong></span> <span class='ocrx_word' id='word_1_781' title='bbox 2672 4781 2937 4838; x_wconf 87' lang='lat' dir='ltr'><strong>Joannem</strong></span> <span class='ocrx_word' id='word_1_782' title='bbox 2970 4799 3100 4840; x_wconf 84' lang='lat' dir='ltr'><strong>vera</strong></span> <span class='ocrx_word' id='word_1_783' title='bbox 3130 4800 3362 4841; x_wconf 88' lang='lat' dir='ltr'><strong>narran-</strong></span> 
     </span>
    </p>
   </div>
   <div class='ocr_carea' id='block_1_99' title="bbox 126 4873 1686 4952">
    <p class='ocr_par' dir='ltr' id='par_1_99' title="bbox 126 4876 1676 4952">
     <span class='ocr_line' id='line_1_99' title="bbox 126 4876 1676 4952; baseline 0 -21"><span class='ocrx_word' id='word_1_784' title='bbox 126 4876 351 4947; x_wconf 73' lang='grc' dir='ltr'>ἀρχεται·</span> <span class='ocrx_word' id='word_1_785' title='bbox 381 4879 478 4933; x_wconf 83' lang='grc' dir='ltr'><strong>καὶ</strong></span> <span class='ocrx_word' id='word_1_786' title='bbox 502 4879 631 4933; x_wconf 79' lang='grc' dir='ltr'>ὅταν</span> <span class='ocrx_word' id='word_1_787' title='bbox 658 4877 846 4952; x_wconf 82' lang='grc' dir='ltr'>παύσῃ</span> <span class='ocrx_word' id='word_1_788' title='bbox 877 4877 1010 4949; x_wconf 83' lang='grc'>(59),</span> <span class='ocrx_word' id='word_1_789' title='bbox 1036 4878 1159 4931; x_wconf 88' lang='grc' dir='ltr'>τότε</span> <span class='ocrx_word' id='word_1_790' title='bbox 1192 4877 1625 4950; x_wconf 84' lang='grc' dir='ltr'>άπορηθήσεται,</span> <span class='ocrx_word' id='word_1_791' title='bbox 1657 4897 1676 4931; x_wconf 76' lang='grc' dir='ltr'><strong>ι</strong></span> 
     </span>
    </p>
   </div>
   <div class='ocr_carea' id='block_1_100' title="bbox 1860 4873 3368 4952">
    <p class='ocr_par' dir='ltr' id='par_1_100' title="bbox 1860 4873 3368 4944">
     <span class='ocr_line' id='line_1_100' title="bbox 1860 4873 3368 4944; baseline -0.001 -13"><span class='ocrx_word' id='word_1_792' title='bbox 1860 4892 1897 4931; x_wconf 84' lang='lat' dir='ltr'><strong>n</strong></span> <span class='ocrx_word' id='word_1_793' title='bbox 1930 4876 2133 4931; x_wconf 89' lang='lat' dir='ltr'><strong>habere</strong></span> <span class='ocrx_word' id='word_1_794' title='bbox 2160 4876 2317 4939; x_wconf 90' lang='lat' dir='ltr'><strong>illud,</strong></span> <span class='ocrx_word' id='word_1_795' title='bbox 2355 4884 2415 4930; x_wconf 91' lang='lat' dir='ltr'><strong>ut</strong></span> <span class='ocrx_word' id='word_1_796' title='bbox 2449 4889 2724 4944; x_wconf 91' lang='lat' dir='ltr'><strong>nunquam</strong></span> <span class='ocrx_word' id='word_1_797' title='bbox 2750 4873 2918 4929; x_wconf 90' lang='lat' dir='ltr'><strong>fuerit</strong></span> <span class='ocrx_word' id='word_1_798' title='bbox 2947 4874 3174 4931; x_wconf 89' lang='lat' dir='ltr'><strong>idoneus</strong></span> <span class='ocrx_word' id='word_1_799' title='bbox 3211 4889 3276 4930; x_wconf 89' lang='lat' dir='ltr'><strong>ac</strong></span> <span class='ocrx_word' id='word_1_800' title='bbox 3297 4886 3368 4931; x_wconf 84' lang='lat' dir='ltr'><strong>ne</strong></span> 
     </span>
    </p>
   </div>
   <div class='ocr_carea' id='block_1_101' title="bbox 127 4967 1686 5042">
    <p class='ocr_par' dir='ltr' id='par_1_101' title="bbox 127 4968 1203 5042">
     <span class='ocr_line' id='line_1_101' title="bbox 127 4968 1203 5042; baseline 0.002 -21"><span class='ocrx_word' id='word_1_801' title='bbox 127 4968 252 5022; x_wconf 81' lang='grc' dir='ltr'>κατὰ</span> <span class='ocrx_word' id='word_1_802' title='bbox 279 4970 378 5042; x_wconf 83' lang='grc' dir='ltr'>τὴν</span> <span class='ocrx_word' id='word_1_803' title='bbox 406 4968 587 5041; x_wconf 79' lang='grc' dir='ltr'>Ἰησοῦ</span> <span class='ocrx_word' id='word_1_804' title='bbox 619 4968 738 5023; x_wconf 80' lang='grc' dir='ltr'><strong>υίοῦ</strong></span> <span class='ocrx_word' id='word_1_805' title='bbox 760 4969 959 5041; x_wconf 85' lang='grc' dir='ltr'>Σειρὰχ</span> <span class='ocrx_word' id='word_1_806' title='bbox 981 4968 1203 5037; x_wconf 86' lang='grc' dir='ltr'>Σοφίαν.</span> 
     </span>
    </p>
   </div>
   <div class='ocr_carea' id='block_1_102' title="bbox 1860 4967 3364 5042">
    <p class='ocr_par' dir='ltr' id='par_1_102' title="bbox 1860 4967 3364 5039">
     <span class='ocr_line' id='line_1_102' title="bbox 1860 4967 3364 5039; baseline 0.001 -16"><span class='ocrx_word' id='word_1_807' title='bbox 1860 4983 1989 5039; x_wconf 73' lang='lat' dir='ltr'><strong>gnus</strong></span> <span class='ocrx_word' id='word_1_808' title='bbox 2018 4968 2241 5038; x_wconf 90' lang='lat' dir='ltr'><strong>quidem</strong></span> <span class='ocrx_word' id='word_1_809' title='bbox 2278 4968 2492 5024; x_wconf 85' lang='lat' dir='ltr'><strong>solvere</strong></span> <span class='ocrx_word' id='word_1_810' title='bbox 2527 4967 2816 5037; x_wconf 85' lang='lat' dir='ltr'><strong>corrigiam</strong></span> <span class='ocrx_word' id='word_1_811' title='bbox 2867 4967 3364 5026; x_wconf 85' lang='lat' dir='ltr'><strong>calceamentorum</strong></span> 
     </span>
    </p>
   </div>
   <div class='ocr_carea' id='block_1_103' title="bbox 126 5059 3372 5134">
    <p class='ocr_par' dir='ltr' id='par_1_103' title="bbox 126 5059 3372 5134">
     <span class='ocr_line' id='line_1_103' title="bbox 126 5059 3372 5134; baseline 0.002 -19"><span class='ocrx_word' id='word_1_812' title='bbox 126 5075 212 5129; x_wconf 85' lang='lat' dir='ltr'><strong>pro</strong></span> <span class='ocrx_word' id='word_1_813' title='bbox 254 5063 516 5133; x_wconf 84' lang='lat' dir='ltr'><strong>dignitate</strong></span> <span class='ocrx_word' id='word_1_814' title='bbox 564 5062 733 5131; x_wconf 87' lang='lat' dir='ltr'><strong>ipsius</strong></span> <span class='ocrx_word' id='word_1_815' title='bbox 784 5059 1023 5127; x_wconf 84' lang='lat' dir='ltr'><strong>Christi;</strong></span> <span class='ocrx_word' id='word_1_816' title='bbox 1066 5061 1222 5132; x_wconf 86' lang='lat' dir='ltr'><strong>quia,</strong></span> <span class='ocrx_word' id='word_1_817' title='bbox 1248 5061 1501 5132; x_wconf 78' lang='lat' dir='ltr'><strong>quamvis</strong></span> <span class='ocrx_word' id='word_1_818' title='bbox 1548 5060 1716 5117; x_wconf 90' lang='lat' dir='ltr'><strong>multa</strong></span> <span class='ocrx_word' id='word_1_819' title='bbox 1761 5061 2072 5134; x_wconf 83' lang='lat' dir='ltr'><strong>cognitione</strong></span> <span class='ocrx_word' id='word_1_820' title='bbox 2114 5061 2483 5131; x_wconf 87' lang='lat' dir='ltr'><strong>percepimus,</strong></span> <span class='ocrx_word' id='word_1_821' title='bbox 2524 5059 2698 5116; x_wconf 74' lang='lat' dir='ltr'><strong>adhuc</strong></span> <span class='ocrx_word' id='word_1_822' title='bbox 2746 5059 3123 5131; x_wconf 84' lang='lat' dir='ltr'><strong>relinquantur</strong></span> <span class='ocrx_word' id='word_1_823' title='bbox 3179 5071 3288 5117; x_wconf 87' lang='lat' dir='ltr'><strong>tam</strong></span> <span class='ocrx_word' id='word_1_824' title='bbox 3305 5079 3372 5122; x_wconf 74' lang='lat' dir='ltr'><strong>et:</strong></span> 
     </span>
    </p>
   </div>
   <div class='ocr_carea' id='block_1_104' title="bbox 184 5227 1686 5299">
    <p class='ocr_par' dir='ltr' id='par_1_104' title="bbox 184 5227 1613 5296">
     <span class='ocr_line' id='line_1_104' title="bbox 184 5227 1613 5296; baseline 0.001 -11"><span class='ocrx_word' id='word_1_825' title='bbox 184 5230 226 5261; x_wconf 82' lang='grc'><strong><em>³⁸</em></strong></span> <span class='ocrx_word' id='word_1_826' title='bbox 252 5232 403 5285; x_wconf 78' lang='lat' dir='ltr'><strong>Rom.</strong></span> <span class='ocrx_word' id='word_1_827' title='bbox 435 5246 553 5293; x_wconf 70' lang='lat' dir='ltr'><strong>Juv,</strong></span> <span class='ocrx_word' id='word_1_828' title='bbox 591 5230 646 5285; x_wconf 93' lang='lat'><strong>9.</strong></span> <span class='ocrx_word' id='word_1_829' title='bbox 723 5230 766 5261; x_wconf 73' lang='grc' dir='ltr'><strong>’τ</strong></span> <span class='ocrx_word' id='word_1_830' title='bbox 794 5227 958 5286; x_wconf 79' lang='lat' dir='ltr'><strong>Marc.</strong></span> <span class='ocrx_word' id='word_1_831' title='bbox 987 5247 1025 5295; x_wconf 90' lang='grc' dir='ltr'><strong>ι,</strong></span> <span class='ocrx_word' id='word_1_832' title='bbox 1055 5231 1109 5284; x_wconf 91' lang='grc'><strong>7.</strong></span> <span class='ocrx_word' id='word_1_833' title='bbox 1199 5230 1244 5263; x_wconf 82' lang='grc'>³⁸</span> <span class='ocrx_word' id='word_1_834' title='bbox 1264 5228 1421 5286; x_wconf 88' lang='lat' dir='ltr'><strong>Joan.</strong></span> <span class='ocrx_word' id='word_1_835' title='bbox 1450 5246 1493 5296; x_wconf 84' lang='grc' dir='ltr'><strong>ι,</strong></span> <span class='ocrx_word' id='word_1_836' title='bbox 1521 5231 1613 5287; x_wconf 72' lang='grc'><strong>27.</strong></span> 
     </span>
    </p>
   </div>
   <div class='ocr_carea' id='block_1_105' title="bbox 1860 5227 2604 5299">
    <p class='ocr_par' dir='ltr' id='par_1_105' title="bbox 1860 5229 2604 5299">
     <span class='ocr_line' id='line_1_105' title="bbox 1860 5229 2604 5299; baseline -0.004 -12"><span class='ocrx_word' id='word_1_837' title='bbox 1860 5247 1929 5288; x_wconf 80' lang='lat' dir='ltr'><strong>rc.</strong></span> <span class='ocrx_word' id='word_1_838' title='bbox 1957 5247 1995 5299; x_wconf 88' lang='grc' dir='ltr'><strong>ι,</strong></span> <span class='ocrx_word' id='word_1_839' title='bbox 2019 5231 2069 5285; x_wconf 88' lang='lat'><strong>7.</strong></span> <span class='ocrx_word' id='word_1_840' title='bbox 2145 5231 2193 5264; x_wconf 73' lang='grc' dir='ltr'><strong>⁸ο</strong></span> <span class='ocrx_word' id='word_1_841' title='bbox 2228 5231 2387 5287; x_wconf 83' lang='lat' dir='ltr'><strong>Rom.</strong></span> <span class='ocrx_word' id='word_1_842' title='bbox 2419 5246 2518 5299; x_wconf 84' lang='lat' dir='ltr'><strong>xu,</strong></span> <span class='ocrx_word' id='word_1_843' title='bbox 2550 5229 2604 5284; x_wconf 90' lang='lat'><strong>6.</strong></span> 
     </span>
    </p>
   </div>
   <div class='ocr_carea' id='block_1_106' title="bbox 189 5384 1686 5459">
    <p class='ocr_par' dir='ltr' id='par_1_106' title="bbox 189 5384 1679 5459">
     <span class='ocr_line' id='line_1_106' title="bbox 189 5384 1679 5459; baseline 0 -18"><span class='ocrx_word' id='word_1_844' title='bbox 189 5386 295 5459; x_wconf 73' lang='grc'>(55)</span> <span class='ocrx_word' id='word_1_845' title='bbox 366 5386 767 5459; x_wconf 65' lang='grc' dir='ltr'>’Υπεδήσατᾳ</span> <span class='ocrx_word' id='word_1_846' title='bbox 807 5384 863 5459; x_wconf 87' lang='lat' dir='ltr'><strong>ln</strong></span> <span class='ocrx_word' id='word_1_847' title='bbox 897 5386 1086 5459; x_wconf 70' lang='lat' dir='ltr'><strong>codice</strong></span> <span class='ocrx_word' id='word_1_848' title='bbox 1124 5385 1420 5441; x_wconf 77' lang='lat' dir='ltr'><strong>Bodleiano</strong></span> <span class='ocrx_word' id='word_1_849' title='bbox 1446 5458 1449 5459; x_wconf 15' lang='grc' dir='ltr'><em>ν</em></span> <span class='ocrx_word' id='word_1_850' title='bbox 1476 5387 1679 5456; x_wconf 88' lang='lat' dir='ltr'><strong>legitur</strong></span> 
     </span>
    </p>
   </div>
   <div class='ocr_carea' id='block_1_107' title="bbox 1860 5384 2295 5459">
    <p class='ocr_par' dir='ltr' id='par_1_107' title="bbox 1860 5387 2295 5459">
     <span class='ocr_line' id='line_1_107' title="bbox 1860 5387 2295 5459; baseline 0.002 -18"><span class='ocrx_word' id='word_1_851' title='bbox 1860 5387 2070 5459; x_wconf 74' lang='lat' dir='ltr'><strong>:vimus.</strong></span> <span class='ocrx_word' id='word_1_852' title='bbox 2102 5457 2110 5459; x_wconf 10' lang='grc' dir='ltr'><em>ᾗ</em></span> <span class='ocrx_word' id='word_1_853' title='bbox 2292 5442 2295 5447; x_wconf 88' lang='lat'><strong><em>_</em></strong></span> 
     </span>
    </p>
   </div>
   <div class='ocr_carea' id='block_1_108' title="bbox 128 5455 1686 5528">
    <p class='ocr_par' dir='ltr' id='par_1_108' title="bbox 128 5455 1677 5528">
     <span class='ocr_line' id='line_1_108' title="bbox 128 5455 1677 5528; baseline 0.003 -21"><span class='ocrx_word' id='word_1_854' title='bbox 128 5455 430 5528; x_wconf 70' lang='grc' dir='ltr'>ὑπεδύσατο,</span> <span class='ocrx_word' id='word_1_855' title='bbox 492 5460 681 5527; x_wconf 85' lang='lat' dir='ltr'><strong>sicque</strong></span> <span class='ocrx_word' id='word_1_856' title='bbox 734 5458 861 5528; x_wconf 81' lang='lat' dir='ltr'><strong>legit</strong></span> <span class='ocrx_word' id='word_1_857' title='bbox 923 5457 1249 5520; x_wconf 86' lang='lat' dir='ltr'><strong>Ferrarius;</strong></span> <span class='ocrx_word' id='word_1_858' title='bbox 1284 5458 1481 5528; x_wconf 13' lang='lat' dir='ltr'><strong>ivertit</strong></span> <span class='ocrx_word' id='word_1_859' title='bbox 1530 5455 1677 5528; x_wconf 49' lang='lat' dir='ltr'><strong>enim</strong></span> 
     </span>
    </p>
   </div>
   <div class='ocr_carea' id='block_1_109' title="bbox 1860 5455 3110 5528">
    <p class='ocr_par' dir='ltr' id='par_1_109' title="bbox 1860 5456 3110 5528">
     <span class='ocr_line' id='line_1_109' title="bbox 1860 5456 3110 5528; baseline -0.004 -16"><span class='ocrx_word' id='word_1_860' title='bbox 1860 5458 1969 5528; x_wconf 82' lang='lat'><strong>[57)</strong></span> <span class='ocrx_word' id='word_1_861' title='bbox 2024 5457 2289 5524; x_wconf 79' lang='grc' dir='ltr'>Πάντως.</span> <span class='ocrx_word' id='word_1_862' title='bbox 2322 5457 2501 5513; x_wconf 75' lang='lat' dir='ltr'><strong>Codex</strong></span> <span class='ocrx_word' id='word_1_863' title='bbox 2532 5456 2880 5528; x_wconf 80' lang='lat' dir='ltr'><strong>Bodleianus,</strong></span> <span class='ocrx_word' id='word_1_864' title='bbox 2911 5457 3110 5528; x_wconf 73' lang='grc' dir='ltr'>πάντα.</span> 
     </span>
    </p>
   </div>
   <div class='ocr_carea' id='block_1_110' title="bbox 127 5523 1686 5598">
    <p class='ocr_par' dir='ltr' id='par_1_110' title="bbox 127 5523 1673 5598">
     <span class='ocr_line' id='line_1_110' title="bbox 127 5523 1673 5598; baseline 0.002 -20"><span class='ocrx_word' id='word_1_865' title='bbox 127 5527 374 5598; x_wconf 61' lang='lat' dir='ltr'><strong>aliindgtit</strong></span> <span class='ocrx_word' id='word_1_866' title='bbox 393 5546 421 5598; x_wconf 14' lang='lat'><strong>;7</strong></span> <span class='ocrx_word' id='word_1_867' title='bbox 443 5523 609 5588; x_wconf 55' lang='lat' dir='ltr'><strong>male,</strong></span> <span class='ocrx_word' id='word_1_868' title='bbox 636 5542 757 5581; x_wconf 84' lang='lat' dir='ltr'><strong>nam</strong></span> <span class='ocrx_word' id='word_1_869' title='bbox 784 5523 1042 5598; x_wconf 71' lang='lat' dir='ltr'><strong>alluditttr</strong></span> <span class='ocrx_word' id='word_1_870' title='bbox 1076 5529 1140 5598; x_wconf 75' lang='lat' dir='ltr'><strong>ad</strong></span> <span class='ocrx_word' id='word_1_871' title='bbox 1170 5525 1673 5598; x_wconf 73' lang='grc' dir='ltr'>ὑποδήματα.1ιιθιη</span> 
     </span>
    </p>
   </div>
   <div class='ocr_carea' id='block_1_111' title="bbox 1860 5523 3365 5598">
    <p class='ocr_par' dir='ltr' id='par_1_111' title="bbox 1860 5523 3365 5597">
     <span class='ocr_line' id='line_1_111' title="bbox 1860 5523 3365 5597; baseline 0.001 -15"><span class='ocrx_word' id='word_1_872' title='bbox 1860 5523 2101 5597; x_wconf 75' lang='grc' dir='ltr'><strong>[58),Καὶ</strong></span> <span class='ocrx_word' id='word_1_873' title='bbox 2126 5523 2504 5595; x_wconf 56' lang='lat' dir='ltr'><strong>emtorem.</strong></span> <span class='ocrx_word' id='word_1_874' title='bbox 2536 5529 2591 5583; x_wconf 92' lang='lat' dir='ltr'><strong>ln</strong></span> <span class='ocrx_word' id='word_1_875' title='bbox 2618 5529 2775 5584; x_wconf 89' lang='lat' dir='ltr'><strong>codd.</strong></span> <span class='ocrx_word' id='word_1_876' title='bbox 2796 5527 2963 5596; x_wconf 82' lang='lat' dir='ltr'><strong>Regio</strong></span> <span class='ocrx_word' id='word_1_877' title='bbox 2983 5535 3035 5580; x_wconf 89' lang='lat' dir='ltr'><strong>et</strong></span> <span class='ocrx_word' id='word_1_878' title='bbox 3063 5523 3365 5583; x_wconf 84' lang='lat' dir='ltr'><strong>Barberino</strong></span> 
     </span>
    </p>
   </div>
   <div class='ocr_carea' id='block_1_112' title="bbox 127 5596 1686 5668">
    <p class='ocr_par' dir='ltr' id='par_1_112' title="bbox 127 5596 1677 5668">
     <span class='ocr_line' id='line_1_112' title="bbox 127 5596 1677 5668; baseline 0.003 -21"><span class='ocrx_word' id='word_1_879' title='bbox 127 5597 280 5650; x_wconf 76' lang='lat' dir='ltr'><strong>codex</strong></span> <span class='ocrx_word' id='word_1_880' title='bbox 300 5596 618 5668; x_wconf 74' lang='lat' dir='ltr'><strong>Bodleianus</strong></span> <span class='ocrx_word' id='word_1_881' title='bbox 641 5612 769 5651; x_wconf 80' lang='lat' dir='ltr'><strong>mox</strong></span> <span class='ocrx_word' id='word_1_882' title='bbox 794 5597 956 5651; x_wconf 88' lang='lat' dir='ltr'><strong>habet</strong></span> <span class='ocrx_word' id='word_1_883' title='bbox 972 5596 1404 5668; x_wconf 74' lang='grc' dir='ltr'>ὑποδησάμενος,</span> <span class='ocrx_word' id='word_1_884' title='bbox 1433 5608 1488 5652; x_wconf 87' lang='lat' dir='ltr'><strong>et</strong></span> <span class='ocrx_word' id='word_1_885' title='bbox 1516 5597 1677 5666; x_wconf 86' lang='lat' dir='ltr'><strong>paulo</strong></span> 
     </span>
    </p>
   </div>
   <div class='ocr_carea' id='block_1_113' title="bbox 1860 5596 2072 5668">
    <p class='ocr_par' dir='ltr' id='par_1_113' title="bbox 1860 5596 2072 5654">
     <span class='ocr_line' id='line_1_113' title="bbox 1860 5596 2072 5654; baseline 0.009 -2"><span class='ocrx_word' id='word_1_886' title='bbox 1860 5610 1936 5653; x_wconf 74' lang='lat' dir='ltr'><strong>cst</strong></span> <span class='ocrx_word' id='word_1_887' title='bbox 1950 5596 2072 5654; x_wconf 80' lang='grc' dir='ltr'>καί.</span> 
     </span>
    </p>
   </div>
   <div class='ocr_carea' id='block_1_114' title="bbox 128 5666 1686 5741">
    <p class='ocr_par' dir='ltr' id='par_1_114' title="bbox 128 5666 1491 5741">
     <span class='ocr_line' id='line_1_114' title="bbox 128 5666 1491 5741; baseline -0.001 -22"><span class='ocrx_word' id='word_1_888' title='bbox 128 5666 702 5741; x_wconf 27' lang='grc' dir='ltr'>ροειρζιίε-ὑπεδύεατο.</span> <span class='ocrx_word' id='word_1_889' title='bbox 745 5736 757 5741; x_wconf 86' lang='lat'>_</span> <span class='ocrx_word' id='word_1_890' title='bbox 1075 5735 1088 5741; x_wconf 83' lang='lat'>_</span> <span class='ocrx_word' id='word_1_891' title='bbox 1134 5666 1140 5667; x_wconf 58' lang='grc'><strong><em>⁷</em></strong></span> <span class='ocrx_word' id='word_1_892' title='bbox 1226 5666 1235 5668; x_wconf 13' lang='grc' dir='ltr'>ἡ</span> <span class='ocrx_word' id='word_1_893' title='bbox 1282 5735 1314 5741; x_wconf 82' lang='lat'><strong><em>_</em></strong></span> <span class='ocrx_word' id='word_1_894' title='bbox 1388 5736 1399 5741; x_wconf 83' lang='lat'>_</span> <span class='ocrx_word' id='word_1_895' title='bbox 1480 5737 1491 5741; x_wconf 90' lang='lat'><em>_</em></span> 
     </span>
    </p>
   </div>
   <div class='ocr_carea' id='block_1_115' title="bbox 1860 5666 2883 5741">
    <p class='ocr_par' dir='ltr' id='par_1_115' title="bbox 1860 5668 2883 5741">
     <span class='ocr_line' id='line_1_115' title="bbox 1860 5668 2883 5741; baseline -0.005 -15"><span class='ocrx_word' id='word_1_896' title='bbox 1860 5668 1968 5741; x_wconf 75' lang='lat'><strong>[59)</strong></span> <span class='ocrx_word' id='word_1_897' title='bbox 2000 5670 2183 5728; x_wconf 82' lang='lat' dir='ltr'><strong>Codex</strong></span> <span class='ocrx_word' id='word_1_898' title='bbox 2206 5669 2556 5737; x_wconf 84' lang='lat' dir='ltr'><strong>Bodleianus,</strong></span> <span class='ocrx_word' id='word_1_899' title='bbox 2584 5669 2883 5737; x_wconf 77' lang='grc' dir='ltr'>παύσηται.</span> 
     </span>
    </p>
   </div>
   <div class='ocr_carea' id='block_1_116' title="bbox 195 5733 1677 5806">
    <p class='ocr_par' dir='ltr' id='par_1_116' title="bbox 195 5733 1677 5806">
     <span class='ocr_line' id='line_1_116' title="bbox 195 5733 1677 5806; baseline -0.009 -7"><span class='ocrx_word' id='word_1_900' title='bbox 195 5733 300 5806; x_wconf 75' lang='grc'>(56)</span> <span class='ocrx_word' id='word_1_901' title='bbox 339 5734 463 5796; x_wconf 64' lang='lat' dir='ltr'><strong>Hac</strong></span> <span class='ocrx_word' id='word_1_902' title='bbox 489 5752 520 5796; x_wconf 81' lang='lat' dir='ltr'><strong>a</strong></span> <span class='ocrx_word' id='word_1_903' title='bbox 548 5737 585 5794; x_wconf 85' lang='lat' dir='ltr'><strong>F</strong></span> <span class='ocrx_word' id='word_1_904' title='bbox 589 5736 796 5794; x_wconf 79' lang='lat' dir='ltr'><strong>errario</strong></span> <span class='ocrx_word' id='word_1_905' title='bbox 817 5735 1203 5806; x_wconf 73' lang='lat' dir='ltr'><strong>prretermissa,</strong></span> <span class='ocrx_word' id='word_1_906' title='bbox 1231 5752 1261 5790; x_wconf 91' lang='lat' dir='ltr'><strong>e</strong></span> <span class='ocrx_word' id='word_1_907' title='bbox 1280 5735 1531 5793; x_wconf 76' lang='lat' dir='ltr'><strong>Pet-ionio</strong></span> <span class='ocrx_word' id='word_1_908' title='bbox 1554 5751 1677 5806; x_wconf 85' lang='lat' dir='ltr'><strong>sup-</strong></span> 
     </span>
    </p>
   </div>
  </div>
