3766 6142
328 260 437 319 Ξθὸ

1781 259 2105 317 ORIGENIS

3481 269 3584 325 265

331 382 502 438 multa
557 380 795 434 nondum
827 378 1102 434 intellecta
1136 398 1148 433 :
1182 399 1199 432 ι
1243 378 1508 448 Quoniam
1542 394 1665 434 cum
1697 379 1991 435 absolverit
2029 381 2209 447 homo,
2242 386 2368 434 tunc
2394 379 2585 449 incipit
2625 396 2638 432 :
2679 389 2735 436 et
2765 394 2886 435 cum
2919 380 3209 455 quieverit,
3247 389 3377 438 tunc
3408 383 3588 439 incer.

330 488 416 533 tus
444 476 567 543 erit,
608 496 628 528 ι
658 476 813 547 juxta
843 472 971 530 Jesu
1010 474 1102 530 lilii
1137 474 1328 530 Sirach
1360 474 1692 545 Sapientiam
1719 475 1785 529 ".

395 574 485 630 2|.
522 576 718 630 Adhuc
755 572 820 630 de
852 573 1060 629 calceis
1097 574 1243 628 hunc
1273 574 1325 628 in
1357 574 1574 627 modum
1607 573 1748 643 apud
1788 583 1848 627 ιτς

2077 572 2167 627 21.
2210 572 2332 629 Ἔτι
2382 589 2448 625 πε
2458 573 2510 649 pi
2565 572 2673 625 τῶν
2709 571 3072 642 ὑποδημάτων
3117 570 3227 624 τῶν
3275 569 3432 643 παρὰ
3478 575 3590 638 τοῖς

320 662 687 735 ovangelistas
716 663 1012 719 nominatis
1054 663 1424 725 disseramus,
1472 661 1592 716 illos
1621 662 1905 716 conferen-

321 764 403 808 tes
438 764 560 809 cum
601 754 695 809 illo
736 753 920 810 calceo
953 755 1044 824 qui
1099 753 1239 824 apud
1275 752 1598 829 discipulum
1635 750 1903 809 Joannem

322 861 555 901 numero
571 846 831 918 singulari
848 847 1212 903 nominatum
1236 843 1350 900 Non
1369 860 1520 900 sum»
1544 845 1687 900 enim
1717 859 1898 915 «ego,»

323 937 524 1010 inquit,
559 954 576 986 ι
613 941 828 1008 dignus,
852 949 913 995 ut
950 939 1155 995 solvam
1177 938 1294 1009 ejus
1348 938 1640 1009 corrigiam
1687 937 1901 993 calcea-

322 1032 492 1086 menti
521 1032 587 1086 δ’.
631 1051 649 1086 ι
685 1032 956 1087 Fortassis
992 1031 1159 1102 igitur
1193 1031 1364 1086 victus
1390 1046 1420 1085 a
1460 1030 1553 1085 Dei
1586 1030 1760 1102 gratia
1787 1047 1902 1085 mu-

328 1140 430 1179 nus
459 1127 668 1195 acccpit
710 1125 976 1198 (nondum
1011 1124 1245 1193 alioqui,
1288 1134 1553 1196 quantum
1587 1125 1640 1179 in
1674 1139 1733 1180 se
1758 1132 1899 1187 erat,

325 1215 519 1283 dignus
554 1211 843 1287 exsistens)
883 1215 1122 1270 solvendi
1169 1217 1465 1286 corrigiam
1513 1215 1740 1271 alterius
1784 1216 1898 1270 cal-

322 1315 755 1372 ceamentorum,
792 1321 915 1360 cum
968 1306 1337 1376 perspexisset
1374 1306 1517 1361 illius
1548 1307 1692 1362 inter
1725 1306 1900 1360 homi-

325 1407 422 1445 nes
461 1392 775 1457 adventum,
818 1393 883 1447 de
907 1407 1016 1461 quo
1044 1401 1100 1447 et
1128 1393 1472 1449 testiﬁcatur.
1504 1393 1610 1448 Sed
1641 1394 1895 1464 quoniam

321 1482 606 1538 deliciebat
647 1484 723 1538 illi
774 1487 1188 1556 comprehensio
1238 1502 1422 1541 rerum
1462 1501 1584 1556 qua:
1629 1495 1897 1542 secutura:

320 1587 496 1643 erant,
528 1581 792 1636 nescienti
828 1597 895 1636 an
927 1580 1090 1638 Jesus
1123 1591 1270 1639 esset
1311 1582 1477 1637 etiam
1510 1582 1603 1638 illo
1636 1591 1896 1637 venturus

319 1684 429 1738 quo
459 1671 700 1725 l‘utnrum
725 1682 846 1727 erat
877 1683 934 1726 ut
963 1675 1078 1743 ipse
1104 1689 1171 1728 ex
1205 1689 1430 1728 carcere
1472 1674 1774 1729 decollatus
1805 1689 1895 1727 ae-

317 1763 560 1824 cederet,
616 1780 683 1818 an
720 1764 883 1820 alium
921 1776 1200 1834 oporteret
1245 1776 1598 1836 exspectare,
1651 1767 1722 1821 ob
1754 1765 1895 1820 hanc

316 1870 537 1914 causam
570 1857 965 1914 dubitationem
989 1859 1155 1921 illam,
1182 1874 1303 1928 qua:
1330 1859 1485 1913 nobis
1514 1868 1699 1928 postea
1737 1873 1892 1928 aper-

2007 663 2186 736 τρισῖν
2222 661 2398 726 οὕτως
2426 660 2836 734 ὀνομασθέντων
2865 659 3281 733 εύαγγελισταῒς
3324 659 3592 713 δωλάόω-

2011 773 2131 826 μεν,
2192 754 2575 827 συγκρίνοντες
2633 755 2818 807 ἐκεῖνα
2873 752 2950 824 τῷ
3012 752 3164 824 παρὰ
3222 752 3302 824 τῷ
3369 751 3589 823 μαθητῇ

2007 847 2238 920 ,Ἰωάννῃ
2268 848 2460 912 ἑνικῶς
2491 847 2876 919 ὀνομασθέντι·
2918 866 2936 897 ι
2966 846 3082 900 Οὑκ
3114 848 3273 918 εἰμὶ»
3313 846 3443 918 γὰρ,
3485 862 3595 917 φη-

2006 940 2110 1003 σιν,
2161 939 2320 1010 (ἐγὼ
2370 939 2523 1005 ἄξιος
2557 940 2645 993 ἴνα
2699 938 2846 992 λύσω
2899 938 3066 993 αὐτοῦ
3100 939 3191 993 τὸν
3240 940 3444 1011 ἱμάντα
3491 938 3591 993 τοῦ

2004 1032 2553 1104 ὑποδήματος.›Τάχα
2581 1027 2675 1085 οὖν
2704 1032 3004 1103 νικώμενος
3039 1031 3143 1085 ὑπὸ
3178 1032 3281 1105 τῆς
3325 1032 3421 1086 τοῦ
3450 1031 3592 1086 Θεοῦ

2002 1124 2225 1196 χάριτος
2271 1124 2484 1197 δωρεὰν
2534 1125 2744 1197 εἴληφε,
2799 1125 3060 1196 (μηδέπω
3100 1126 3224 1178 ὅσον
3272 1126 3360 1194 ἐφ’
3410 1123 3595 1195 ἑαυτῷ

2001 1215 2148 1281 ἄξιος
2177 1215 2251 1270 ὢν
2294 1216 2454 1269 λῦσαι
2496 1217 2587 1270 τὸν
2621 1218 2821 1288 ἱμάντα
2854 1215 2951 1271 τοῦ
3000 1217 3186 1288 ἐτέρου
3236 1216 3346 1269 τῶν
3382 1216 3595 1288 ὑποδη-

2003 1308 2233 1380 pit-una.)
2265 1309 2463 1381 νοήσας
2502 1309 2666 1371 αὑτοῦ
2697 1308 2797 1379 τὴν
2826 1310 2883 1362 ὲν
2917 1307 3226 1378 ἀνθρώποις
3261 1306 3421 1378 ὲπιδη
3432 1307 3588 1377 μίαν,

2000 1402 2128 1471 περὶ
2176 1397 2245 1476 ἦς
2295 1403 2390 1455 καὶ
2441 1405 2728 1474 μαρτυρεῖ.
2778 1402 2930 1454 Ἐπεὶ
2979 1401 3036 1454 δὲ
3083 1400 3294 1453 ἔλειπεν
3347 1399 3505 1471 αὑτῷ
3550 1400 3588 1470 ἡ

2000 1495 2129 1566 περὶ
2183 1494 2292 1548 τῶν
2350 1495 2476 1567 ἑξῆς
2541 1494 2881 1567 κατάληψις,
2949 1493 3049 1546 οὑκ
3115 1492 3276 1546 ειδότι
3352 1491 3594 1561 πότερον

2011 1587 2218 1659 Ἰησοῦς
2244 1590 2392 1643 ἐστιν
2434 1588 2461 1640 6
2492 1589 2653 1643 κάκεῖ
2699 1588 3012 1659 ἐρχόμενος,
3040 1587 3172 1641 ὅπου
3216 1584 3324 1638 ἀπὸ
3347 1584 3452 1655 τῆς
3486 1600 3594 1654 φυ-

1996 1680 2168 1753 λακῆς
2220 1680 2466 1750 γίνεσθαι
2519 1680 2741 1752 ἔμελλεν
2796 1678 3285 1748 ἁποκεφαλισθεῖς,
3329 1668 3592 1747 ἢὲτερον

1996 1773 2299 1846 προσδοκᾷν
2333 1773 2520 1846 ἐχρῆν,
2547 1772 2635 1825 διὰ
2667 1770 2827 1824 τοῦτο
2854 1771 2953 1842 τὴν
2994 1771 3324 1842 σαφέστερον
3350 1769 3591 1842 ὓστερον

1995 1865 2338 1935 ὲπαπόρησιν
2367 1866 2501 1933 ἡμῖν
2543 1863 2879 1935 δηλουμένην
2924 1862 3019 1915 καὶ
3052 1861 3147 1915 νῦν
3181 1862 3588 1933 αἰνιττόμενος,

318 1949 425 2003 tius
464 1948 796 2013 declaratur,
821 1950 985 2003 etiam
1012 1949 1271 2015 iuuuens,
1300 1949 1478 2019 inquit
1499 1950 1629 2003 illud
1659 1967 1672 2004 :
1706 1968 1725 2001 ι
1771 1923 1848 2004 No

2056 1957 2133 2026 γσὶ
2164 1923 2252 2008 τό·
2291 1974 2307 2006 ι
2337 1923 2453 2008 Ούκ
2490 1923 2606 2027 εἰμί
2648 1923 2759 2024 ὲγῖο
2794 1923 2943 2021 ἄξιος
2988 1955 3075 2007 ἵνα
3107 1953 3259 2006 λύσω·
3288 1923 3456 2007 αὑτοῦ

316 2057 433 2095 sum
467 2057 566 2112 ego
589 2043 808 2112 dignus,
843 2041 999 2112 137
1026 2052 1082 2096 ut
1109 2042 1314 2097 solvam
1337 2043 1452 2112 ejus
1469 2043 1760 2110 corrigiam
1789 2041 1893 2096 cal-

313 2136 607 2191 ceamenti.
640 2154 658 2186 ι
699 2118 928 2202 ρυοιιεὶ
974 2136 1094 2206 quis
1119 2135 1452 2190 existimarit
1480 2136 1755 2189 curiosius
1789 2135 1891 2189 hoc

313 2242 344 2283 a
373 2230 531 2284 nobis
567 2228 772 2287 dictum
805 2227 995 2293 fuisse,
1029 2228 1074 2283 is
1099 2228 1150 2282 in
1184 2227 1327 2283 idem
1370 2227 1718 2299 congregabit
1746 2227 1887 2295 quod

317 2318 524 2372 dictum
559 2329 639 2377 est
661 2318 729 2373 de
757 2318 1146 2373 calceamentis
1173 2325 1230 2372 et
1263 2317 1654 2385 calceatnento,
1682 2330 1740 2370 ut
1779 2317 1889 2371 vel-

312 2412 390 2465 uti
418 2412 566 2466 dicat
597 2429 611 2466 :
648 2411 1085 2482 Haudquaquam
1140 2411 1338 2481 dignus
1372 2425 1488 2465 sum
1522 2410 1734 2465 solvere
1765 2426 1890 2464 cor-

314 2504 531 2575 rigiam,
578 2520 646 2560 ne
691 2505 744 2559 in
777 2505 1046 2575 principio
1093 2504 1337 2574 quidem,
1370 2505 1529 2558 unius
1563 2502 1766 2569 calcei;
1803 2502 1887 2557 vel

312 2599 477 2653 etiam
505 2598 649 2661 hunc
688 2598 742 2653 in
769 2599 986 2653 modum
1013 2599 1067 2653 in
1100 2613 1267 2652 unum
1287 2596 1480 2652 adduci
1512 2604 1742 2666 possunt
1768 2610 1889 2666 qua:

308 2700 547 2762 quatuor
568 2691 914 2763 evangelista:
931 2691 1204 2753 dixerunt.
1229 2689 1286 2745 Si
1302 2688 1697 2744 enimJoannes
1725 2688 1887 2744 intel-

310 2782 512 2853 ligebat
538 2799 657 2854 quae
690 2785 964 2855 pertinent
1007 2784 1072 2839 ad
1109 2784 1402 2838 adventum
1437 2782 1643 2846 Christi
1668 2783 1732 2837 ad
1765 2798 1885 2846 nos,

309 2875 699 2946 dubitabatque
728 2876 795 2930 de
818 2878 981 2930 rebus
1014 2875 1392 2947 sequentibus,
1424 2890 1552 2930 vera
1585 2885 1774 2939 narrat
1800 2876 1884 2929 di-

308 2986 439 3025 cens
463 2985 525 3026 se
549 2985 656 3025 non
704 2970 957 3045 idoneum
1001 2971 1092 3041 qui
1141 2970 1316 3026 solvat
1343 2972 1636 3045 corrigiam
1677 2971 1887 3027 calcea-

310 3072 655 3128 mentorum;
682 3078 785 3118 nec
812 3063 958 3118 enim
991 3072 1221 3135 utraque
1249 3063 1414 3118 solvit
1450 3065 1540 3135 qui
1570 3080 1735 3118 unum
1784 3064 1888 3119 sol-

310 3157 470 3212 verit.
500 3156 642 3212 Vera
696 3157 862 3210 etiam
909 3166 1100 3210 narrat
1154 3157 1363 3222 dicens,
1395 3175 1416 3209 ι
1454 3158 1748 3227 corrigiam
1777 3156 1887 3209 ral-

2001 2049 2200 2120 ἱμάντα
2231 2048 2323 2102 τοῦ
2368 2048 2731 2119 ὑποδήματος.
2768 2066 2785 2099 ι
2824 2048 2883 2101 Ὀ
2911 2049 2969 2101 δὲ
2998 2048 3243 2118 οἰόμενος
3285 2045 3587 2118 περιεργό-

1994 2159 2154 2214 τερον
2201 2140 2359 2195 τοῦτο
2416 2139 2694 2213 εἰρῆσθαι,
2733 2142 2813 2204 εἰς
2863 2140 3057 2193 ταυτὸν
3116 2139 3332 2204 συνάξει
3380 2140 3441 2192 τὸ
3472 2139 3590 2192 τῶν

1997 2236 2356 2308 ὑποδημάτων
2389 2237 2482 2291 καὶ
2526 2235 2622 2288 τοῦ
2670 2236 3035 2311 ὑποδήματος,
3064 2236 3152 2289 ἵνα
3191 2236 3353 2290 οἱονεὶ
3406 2235 3548 2306 λέγῃ
3570 2252 3583 2265 ⁸

1996 2327 2259 2397 Οὐδαμῶς
2306 2326 2455 2395 ἄξιός
2503 2329 2618 2398 εἰμι
2650 2326 2809 2381 λῦσαι
2853 2328 2947 2380 τὸν
3001 2327 3232 2398 ἱμάντα,
3280 2327 3404 2381 οὐδὲ
3438 2326 3587 2381 κατὰ
3656 2388 3667 2399 ρ

1993 2419 2091 2492 τὴν
2121 2420 2313 2492 ἀρχὴν,
2362 2420 2464 2476 κᾶν
2501 2420 2594 2474 τοῦ
2635 2419 2753 2484 ἐνὸς
2785 2419 3161 2492 ὑποδήματος·
3199 2421 3232 2491 ἢ
3266 2421 3361 2474 καὶ
3405 2420 3586 2481 οὕτως

1993 2511 2215 2566 δυνατὸν
2237 2513 2317 2575 εἰς
2336 2510 2393 2564 ἓν
2417 2511 2739 2581 συνάγεσθαι
2764 2510 2833 2565 τὰ
2856 2512 3007 2584 παρὰ
3028 2515 3139 2575 τοῖς
3157 2511 3447 2583 τέσσαρσιν
3466 2510 3586 2582 (60)

1995 2602 2278 2675 εἰρημένα.
2307 2604 2370 2656 Εἰ
2399 2603 2509 2675 γὰρ
2540 2606 2570 2658 6
2605 2603 2855 2671 Ἰωάννης
2891 2604 3060 2657 συνίει
3093 2604 3191 2675 μὲν
3219 2603 3289 2657 τὰ
3322 2602 3450 2675 περὶ
3480 2602 3586 2672 τῆς

1994 2694 2227 2750 ἐνταῦθα
2257 2694 2424 2750 αὐτοῦ
2455 2696 2768 2768 ἐπιδημίας,
2803 2696 3068 2768 ὲπηπόρει
3093 2694 3204 2767 (61)
3224 2694 3281 2748 δὲ
3306 2694 3435 2765 περὶ
3468 2693 3586 2747 τῶν

1993 2785 2144 2858 ἑξῆς,
2171 2787 2424 2859 ἀληθεύει
2456 2787 2630 2858 λέγων
2672 2788 2856 2841 καὶτὸ
2888 2787 2962 2860 μὴ
3004 2784 3143 2841 εἶναι
3195 2787 3378 2841 ἱκανὸν
3426 2785 3587 2839 λύειν

1992 2879 2084 2934 τὸν
2120 2878 2323 2950 ἱμάντα
2374 2878 2483 2932 τῶν
2535 2877 2924 2950 ὑποδημάτων·
2960 2878 3019 2930 οὑ
3072 2875 3182 2946 γὰρ
3227 2874 3343 2928 λύει
3395 2874 3586 2945 ἀμφό-

1991 2988 2126 3044 τερα
2155 2970 2324 3037 λύσας
2360 2970 2455 3029 τοῦ
2488 2971 2626 3035 ἑνός.
2672 2970 2952 3043 ’Λληθεύει
2998 2969 3055 3022 δὲ
3088 2969 3261 3039 λέγων
3306 2970 3402 3022 καὶ
3432 2988 3450 3019 ι
3485 2967 3585 3021 τὸν

1995 3064 2198 3135 ἱμάντα
2224 3062 2320 3118 τοῦ
2353 3064 2721 3137 ὑποδήματος,
2751 3083 2769 3116 ι
2809 3064 2952 3129 ἐπεὶ,
2992 3064 3068 3128 ὡς
3110 3062 3455 3135 προείρηται,
3499 3062 3585 3116 ἔτι

1992 3157 2241 3231 διαπορεῖ
2288 3158 2414 3224 περὶ
2445 3157 2565 3221 τοῦ,
2609 3157 2836 3228 πότερον
2870 3156 3032 3221 αὐτός
3078 3158 3228 3210 ἐστιν
3258 3155 3582 3227 ἐρχόμενος,

306 3250 602 3315 ccamenti,
639 3268 658 3301 ι
689 3251 966 3320 quoniam,
996 3259 1056 3303 ut
1093 3251 1409 3318 prmdictum
1447 3261 1554 3314 est,
1583 3251 1847 3304 etiamnm

2057 3250 2265 3324 ἕτερος,
2295 3256 2324 3305 6
2356 3252 2518 3305 κάκεῖ
2555 3251 2983 3322 προσδοκητέος,

307 3343 520 3399 dubitat
541 3343 606 3396 de
630 3356 718 3408 eo,
749 3357 816 3395 an
848 3341 964 3410 ipse
992 3340 1063 3403 sit
1088 3341 1178 3395 ille
1213 3353 1490 3405 venturus,
1518 3349 1574 3395 et
1605 3340 1767 3394 etiam
1799 3340 1885 3394 ille

308 3437 730 3504 exspectandus,
770 3450 838 3487 au
870 3434 1027 3501 alter.
1626 3420 1627 3423 “

377 3528 469 3586 22.
502 3529 667 3597 Quin,
695 3528 838 3598 quod
881 3528 947 3583 ad
981 3528 1033 3582 id
1067 3527 1302 3589 attinet;
1348 3545 1366 3577 ι
1412 3526 1467 3581 lu
1503 3526 1680 3581 medio
1719 3523 1885 3579 vestri

308 3634 437 3692 stat,
473 3638 633 3695 quem
662 3638 760 3678 vos
806 3623 1031 3676 nescitis
1054 3621 1120 3685 ",
1147 3640 1167 3673 ι
1193 3621 1307 3675 hinc
1325 3619 1639 3675 disserenda
1666 3626 1791 3673 sunt
1818 3618 1885 3672 de

307 3718 447 3774 Filio
506 3717 603 3777 Dei
642 3717 821 3788 Λόγῳ,
854 3730 951 3786 per
983 3730 1144 3786 quem
1178 3715 1361 3769 omnia
1400 3713 1546 3767 facta
1582 3723 1732 3779 sunt,
1763 3712 1888 3767 sub-

307 3818 544 3872 sistente
597 3812 1036 3870 substantialiter
1089 3809 1391 3868 secundum
1453 3808 1778 3879 subjectum,
1828 3816 1886 3862 et

310 3908 453 3962 idem
501 3906 804 3962 exsistentc
836 3920 961 3961 cum
989 3903 1281 3973 sapientia.
1316 3900 1418 3955 Hic
1456 3900 1604 3955 enim
1637 3914 1734 3971 per
1761 3899 1886 3953 uni-

314 4014 523 4055 versam
554 4000 705 4053 orbis
747 3997 1058 4053 machinam
1094 4005 1362 4064 permeat,
1404 4003 1463 4051 ut
1512 4010 1633 4064 qum
1666 4008 1885 4063 semper

310 4092 467 4157 fiunt,
497 4108 593 4161 per
630 4091 805 4160 ipsum
839 4090 973 4145 [iant
999 4107 1015 4148 :
1051 4100 1107 4146 et
1132 4091 1198 4145 de
1226 4088 1519 4152 universis,
1548 4101 1884 4157 quzecunque

307 4180 623 4250 protuleris,
648 4195 864 4250 semper
896 4194 1088 4234 verum
1110 4179 1216 4235 erit
1244 4197 1258 4234 :
1296 4198 1317 4233 ι
1355 4180 1549 4237 Omnia
1583 4195 1679 4248 per
1709 4180 1882 4248 ipsum

308 4273 452 4329 facta
480 4283 629 4338 sunt,
659 4282 712 4330 et
733 4272 851 4335 sine
877 4274 995 4344 ipso
1019 4271 1220 4328 factum
1247 4270 1574 4338 estnihil“;
1602 4290 1620 4323 ι
1643 4281 1695 4326 et
1717 4271 1882 4326 illud:

312 4387 332 4421 ι
355 4369 546 4426 Omnia
580 4369 634 4425 in
664 4367 928 4438 sapientia
959 4365 1219 4422 fecisti“.
1245 4385 1262 4419 ι
1292 4365 1449 4434 Quod
1476 4366 1520 4422 si
1546 4380 1641 4434 per
1667 4378 1884 4420 omnem

304 4463 639 4525 creationem
670 4472 835 4532 atque
867 4460 1178 4516 universam
1229 4459 1410 4515 mundi
1451 4457 1717 4511 lubricam
1757 4470 1883 4525 per-

307 4566 474 4619 meat,
509 4557 562 4609 in
596 4555 772 4619 medio
798 4553 1006 4609 scilicet
1040 4553 1205 4609 etiam
1236 4567 1428 4609 eorum
1466 4558 1575 4605 stat
1601 4548 1881 4618 quiinter-

2056 3526 2147 3580 22.
2180 3525 2290 3579 Καὶ
2311 3525 2438 3597 περὶ
2456 3519 2552 3580 τοῦ
2567 3520 2664 3580 δέ.·
2692 3543 2709 3575 ι
2734 3523 2912 3587 Μέσος
2934 3519 3044 3591 (62)
3065 3520 3219 3593 ὑμῶν
3241 3520 3495 3590 ἕστηκεν,
3518 3519 3582 3572 ὃν

1988 3619 2145 3690 ὑμεῖς
2171 3618 2272 3671 οὑκ
2301 3617 2498 3684 οἴδατε,
2540 3636 2558 3667 ι
2589 3615 2760 3670 ταῦτα
2785 3613 3104 3687 διαληπτέον
3155 3613 3286 3684 περὶ
3315 3612 3412 3666 τοῦ
3439 3611 3579 3666 Υίοῦ

1985 3709 2080 3762 τοῦ
2142 3708 2278 3763 Θεοῦ
2328 3709 2422 3761 τοῦ
2487 3711 2692 3776 Λόγου,
2756 3707 2824 3760 δι’
2873 3698 2934 3759 οὗ
2979 3705 3049 3759 τὰ
3095 3704 3274 3759 πάντα
3324 3705 3576 3775 γέγονεν,

1988 3796 2351 3872 ὑφεὰτηκότος
2375 3800 2646 3863 οὑσιωῗῶς
2676 3798 2818 3854 κατὰ
2861 3800 2923 3851 τὸ
2956 3798 3315 3869 ὑποκείμενον
3341 3796 3437 3851 τοῦ
3474 3797 3577 3849 αὗ-

1984 3894 2081 3949 τοῦ
2124 3895 2275 3957 ὄντος
2320 3895 2387 3965 τῇ
2425 3892 2605 3962 σοφίᾳ.
2640 3884 2809 3954 Οὗτος
2839 3890 2949 3964 γὰρ
2978 3890 3046 3944 δι’
3088 3890 3218 3962 ὅλης
3267 3889 3576 3959 πεφοίτηκε

1984 3985 2085 4056 τῆς
2131 3984 2381 4047 κτίσεως,
2413 3983 2500 4037 ἵνα
2528 3982 2616 4037 ἀεὶ
2650 3982 2720 4035 τὰ
2749 3981 3006 4052 γινόμενα
3032 3981 3099 4034 δι’
3125 3980 3289 4035 αὐτοῦ
3318 3982 3577 4051 γένηται,

1987 4081 2083 4133 καὶ
2143 4078 2274 4151 περὶ
2335 4077 2536 4143 παντὸς
2596 4076 2910 4130 οὑτινοσοῦν
2961 4075 3050 4129 ἀεὶ
3102 4074 3305 4146 ἀληθὲς
3358 4070 3429 4146 ἦν
3462 4074 3526 4128 τό
3552 4089 3571 4103 ⁸

1991 4193 2009 4223 ι
2040 4171 2223 4225 Πάντα
2253 4169 2319 4224 δι’
2351 4170 2516 4229 αὑτοῦ
2548 4170 2786 4241 ἐγένετο,
2822 4169 2917 4222 καὶ
2947 4168 3116 4238 χωρὶς
3141 4166 3308 4220 αὑτοῦ
3343 4169 3573 4236 ἐγένετο

1985 4266 2137 4320 οὐδέν
2160 4282 2173 4295 ·
2210 4283 2228 4316 ι
2284 4265 2381 4325 καὶ
2416 4264 2506 4319 τό·
2548 4285 2567 4317 ι
2599 4264 2784 4319 Πάντα
2820 4266 2878 4318 ὲν
2914 4265 3076 4335 σοφίᾳ
3126 4264 3412 4335 ἐποίησας.
3444 4284 3463 4316 ι
3503 4265 3573 4316 Ei

1983 4360 2039 4413 δὲ
2083 4359 2152 4413 δι’
2186 4358 2315 4430 ὅλης
2361 4359 2460 4431 τῆς
2498 4359 2728 4423 κτίσεως
2758 4356 3084 4431 πεφοίτηκε,
3132 4358 3308 4431 δῆλον,
3354 4359 3437 4412 ὅτι
3470 4358 3574 4412 καὶ

1982 4449 2091 4504 τῶν
2127 4449 2574 4521 πυνθανομένων·
2614 4469 2633 4501 ι
2664 4449 2729 4505 Τί
2761 4444 2854 4502 οὖν
2900 4448 3207 4518 βαπτίζεις,
3248 4448 3297 4500 εἰ
3350 4446 3415 4500 σὺ
3462 4448 3573 4500 οὐκ

1985 4540 2039 4597 εἴ
2067 4546 2095 4598 6
2128 4544 2386 4616 Χριστὸς,
2417 4545 2538 4598 οὐδὲ
2580 4544 2794 4607 Ἠλίας,
2833 4543 2952 4596 οὐδὲ
2986 4543 3014 4594 6
3042 4541 3363 4615 προφήτης;
3391 4560 3410 4592 ι
3447 4539 3576 4593 Μέ-

309 4650 607 4717 rogabant:
636 4666 655 4701 ι
688 4647 828 4716 Quid
870 4663 1002 4718 ergo
1048 4645 1327 4716 baptizas,
1366 4642 1411 4697 si
1456 4653 1511 4696 tu
1561 4658 1667 4696 non
1695 4655 1756 4695 es
1786 4639 1843 4693 ill

2056 4653 2078 4700 ;
2132 4635 2363 4705 ἔστηκεν
2407 4637 2435 4689 6
2481 4635 2640 4698 αὑτὸς
2687 4633 2782 4688 καὶ
2839 4631 3055 4702 βέϐαιος
3087 4629 3161 4683 ῶν
3214 4630 3417 4698 Λόγος,
3456 4626 3573 4680 ὑπὸ

304 4742 580 4805 Christus.
616 4756 794 4809 neque
817 4739 989 4805 Elias,
1019 4753 1197 4807 neque
1234 4734 1502 4806 propheta
1536 4733 1627 4789 ille
1641 4733 1733 4787 “‘2
1769 4751 1786 4783 ι
1824 4730 1879 4785 ln

308 4835 508 4899 medio,
547 4834 789 4901 inquam,
821 4840 929 4895 stat
959 4829 1131 4901 Λόγος
1161 4829 1300 4900 ipse,
1325 4827 1456 4901 [hoc
1495 4835 1580 4891 est
1600 4822 1791 4896 ratio,]
1823 4834 1880 4879 et

305 4925 479 4981 Filius
532 4923 628 4977 Dei
657 4936 687 4975 a
715 4920 877 4977 Patre
912 4922 1163 4978 ﬁrmatus
1195 4921 1418 4990 ubique.
1460 4916 1559 4976 Vel
1589 4917 1752 4973 verba
1792 4931 1876 4982 ea,

305 5035 327 5069 ι
372 5017 425 5083 in
462 5015 640 5070 medio
671 5012 839 5069 vestri
873 5022 1006 5078 stat,
1041 5032 1060 5065 ι
1090 5014 1170 5069 sic
1202 5011 1597 5084 intelligantur,
1625 5010 1750 5081 quia
1779 5010 1874 5063 ho-

305 5109 480 5162 mines
502 5122 598 5161 vos
619 5106 753 5161 estis
789 5107 1016 5160 rationis
1041 5116 1340 5175 compotes,
1381 5104 1587 5160 idcirco
1614 5122 1633 5155 ι
1667 5102 1720 5156 iu
1759 5116 1873 5156 me-

302 5203 392 5254 dio
412 5199 578 5254 vestri
608 5206 736 5262 stat,
776 5217 793 5249 ι
828 5213 893 5253 eo
934 5199 1078 5267 quod
1110 5198 1165 5253 in
1191 5197 1367 5252 medio
1388 5197 1458 5251 sit
1483 5195 1651 5260 totius
1680 5208 1877 5265 corpo-

304 5308 379 5345 l‘lS
398 5306 464 5346 ea
482 5291 676 5345 anima:
694 5305 820 5360 pars
838 5290 1312 5360 prtestantissima,
1337 5289 1696 5358 principatum
1714 5303 1875 5356 quam

304 5395 524 5449 vocant,
579 5383 877 5454 Scripturis
934 5383 1206 5446 inviolata:
1270 5381 1396 5436 fidei
1458 5379 1874 5445 ostendentibus

1980 4727 2076 4782 τοῦ
2117 4727 2332 4798 Πατρὸς
2390 4726 2780 4799 ὲστηριγμένος
2830 4722 3123 4795 πανταχοῦ.
3159 4724 3228 4776 Ἦ
3259 4722 3321 4775 τό
3345 4739 3359 4751 ·
3400 4740 3418 4772 ι
3445 4720 3572 4774 Μέσ-

1984 4836 2075 4883 σος
2116 4818 2272 4891 ὑμῶν
2321 4818 2614 4890 ἔστηκεν,›
2652 4817 2949 4882 ἀκουέσθω,
2993 4818 3076 4870 ὃτι
3126 4814 3280 4886 ὑμῶν
3310 4813 3421 4867 τῶν
3465 4813 3573 4865 Er;-

1979 4910 2235 4984 θρώπων,
2265 4910 2353 4964 διὰ
2385 4910 2444 4963 τὸ
2478 4906 2617 4963 εἶναι
2662 4909 2807 4980 ὑμᾶς
2848 4907 3119 4976 λογικοὺς,
3155 4923 3173 4955 ι
3206 4904 3371 4977 μέσος
3407 4902 3573 4972 ὑμῶν

1980 5002 2171 5067 ἑστὼς,
2203 5023 2220 5055 ι
2258 5002 2337 5074 τῷ
2376 5002 2469 5055 τοῦ
2507 5002 2705 5065 παντὸς
2745 4999 2993 5071 σώματος
3038 4999 3097 5051 ὲν
3143 4997 3291 5069 μέσῳ
3329 4992 3460 5049 εἶναι
3497 4994 3570 5045 τὸ

1980 5095 2322 5167 ἡγεμονικὸν,
2366 5094 2741 5149 ἀποδείκνυται
2785 5092 2927 5147 κατὰ
2973 5091 3071 5154 τὰς
3115 5089 3338 5161 Γραφὰς
3387 5089 3442 5141 ὲν
3484 5089 3569 5159 τῇ

1983 5189 2178 5262 καρδίᾳ
2225 5188 2505 5258 τυγχάνον.
2552 5187 2613 5240 Οἱ
2660 5186 2842 5240 τοίνυν
2892 5185 3106 5256 ἔχοντες
3155 5183 3245 5236 τὸν
3297 5181 3459 5249 Λόγον
3497 5179 3600 5232 ὲν.

1985 5282 2134 5355 μέσῳ
2170 5282 2398 5348 ἑαυτῶν,
2437 5281 2512 5353 μὴ
2558 5278 3012 5351 διαλαμϐάνοντες
3053 5277 3110 5330 δὲ
3143 5276 3270 5348 περὶ¹
3312 5274 3406 5345 τῆς
3447 5271 3570 5340 φύ-

1982 5392 2119 5440 σεως
2159 5374 2345 5439 αὑτοῦ,
2377 5375 2510 5447 μηδὲ
2543 5373 2651 5428 ἀπὸ
2683 5374 2843 5437 ποίας
2870 5371 3054 5443 πηγῆς
3092 5370 3190 5424 καὶ
3227 5367 3401 5442 ἀρχῆς
3427 5364 3572 5436 ἐλή-

374 5517 420 5548 ⁸¹
451 5518 617 5575 Eccli.
640 5534 795 5587 xvtu,
818 5519 873 5573 6.
950 5518 994 5551 ⁸⁸
1028 5516 1183 5574 Joan.
1212 5533 1255 5582 ι,
1275 5518 1368 5573 27.
1440 5515 1488 5549 ’⁵³
1509 5515 1664 5571 Joan.
1698 5531 1738 5582 ι,
1767 5514 1848 5570 26,

2056 5512 2147 5568 ιὶύ.
2174 5513 2230 5568 5.
2307 5511 2352 5544 ⁸⁸
2380 5511 2516 5566 [’sal.
2543 5526 2658 5577 cm,
2689 5509 2779 5565 24.
2855 5508 2901 5541 ⁸⁸
2923 5506 3079 5566 Joau.
3111 5505 3271 5587 5‘25.

312 5624 491 5742 cm'(60)
530 5630 709 5686 Codex
749 5630 979 5699 Regius,
1012 5644 1293 5703 perperam
1316 5669 1331 5695 ,
1360 5629 1485 5715 περὶ
1518 5626 1614 5683 τοῦ
1645 5626 1874 5701 τέσσαρ-

2057 5628 2168 5697 (Gl)
2208 5626 2383 5681 Codex
2423 5627 2770 5697 Bodleianus,
2804 5624 3080 5697 ὲνηπόρει.
3150 5580 3179 5617 ο

2061 5696 2172 5771 (62)
2203 5699 2365 5765 Idem,
2396 5698 2526 5769 Περὶ
2556 5696 2728 5751 δὲοτοῦ
2750 5713 2764 5728 ·
2787 5696 2989 5761 Μέσος,
3013 5705 3119 5751 etc.
