3766 6142
136 338 220 392 263
1158 342 1511 398 COMMENT.
1554 344 1622 400 IN
1661 343 1851 402 JOAN.
1891 345 2129 404 TOMUS
2170 347 2255 404 VI.

3091 310 3335 398 ’τοο

133 454 250 521 λυθε,
297 451 410 526 μηδ’
434 454 581 518 ὅπως
616 454 745 507 ποτὲ
783 455 1105 527 συνέστησεν
1136 459 1319 523 αὐτοῖς
1348 460 1485 530 (65),
1520 454 1663 514 οὗτοι

1803 479 1887 518 am
1927 465 1978 518 in
2020 463 2183 519 corde
2224 461 2511 516 exsistere.
2552 460 2653 528 Qui
2694 460 2860 527 igitur
2888 459 2940 514 in
2971 458 3055 514 sui
3097 458 3334 529 ipsorum

135 548 270 620 μέσον
301 547 454 601 αὐτὸν
476 546 691 617 ἔχοντες
726 549 824 602 οὐκ
861 547 1033 603 ἴσασιν
1051 567 1064 580 ·
1090 551 1119 604 6
1146 551 1202 604 δὲ
1228 550 1479 624 Ἰωάννης
1510 553 1670 608 αὐτὸν

130 638 233 694 οἶδε.
254 639 322 692 T6
344 639 464 711 γάρ·
494 658 513 689 ι
530 641 626 693 Ὃν
642 639 802 710 ὑμεῖς
823 641 923 694 οὐκ
938 640 1134 707 οἴδατε,
1151 664 1170 698 3
1202 642 1565 708 όνειδιστικῶς
1582 643 1669 698 λε·-

128 733 321 802 γόμενον
342 730 447 800 (64)
474 731 612 804 πρὸς
635 735 760 797 τοὺς
781 734 1126 805 Φαρισαίους,
1150 735 1404 806 ἐμφαίνει
1426 738 1504 808 τῷ
1525 735 1670 810 λόγῳ

127 825 177 877 τὸ
199 823 449 894 ἐπιμελῶς
474 825 769 893 ἐγνωκέναι
794 825 886 879 τὸν
916 826 1011 879 ὑπ’
1039 827 1263 882 ἐκείνων
1298 828 1409 900 (65)
1442 829 1668 899 ἀγνοού-

128 933 275 986 μενον.
298 917 371 969 Δι’
398 914 427 968 6
470 915 565 969 καὶ
604 916 885 985 γινώσκων
918 918 1079 973 αὐτὸν
1110 920 1138 972 6
1167 918 1497 993 Βαπτιστὴς,
1529 914 1669 975 οἶδεν

124 1009 268 1061 ὀπίσω
310 1005 471 1061 αὑτοῦ
505 1008 821 1079 ἐρχόμενον,
862 1010 953 1065 τὸν
985 1011 1044 1065 ἐν
1099 1010 1249 1083 μέσῳ
1299 1012 1665 1083 τυγχάνοντα,

122 1100 331 1153 τουτέστι
360 1099 478 1172 μεθ’
508 1102 672 1156 αὑτὸν
699 1103 795 1157 κοιλ¹
824 1104 922 1175 τὴν
967 1105 1058 1173 ὑφ’
1087 1104 1253 1159 αὐτοῦ
1280 1105 1339 1157 ὲν
1363 1103 1440 1176 τῷ
1471 1104 1667 1176 ﬂanti-

128 1205 265 1259 σμιτι
305 1188 651 1245 διδασκαλίαν
722 1192 1091 1264 ἐπιδημοῦντα
1143 1196 1259 1258 τοῖς
1311 1193 1447 1248 κατὰ
1496 1195 1667 1264 Λόγον

123 1280 568 1351 ὰπολουσαμένοις.
628 1280 703 1336 O6
756 1282 950 1337 ταύτὸν
984 1283 1041 1336 δὲ
1083 1283 1407 1355 σημαίνεται
1460 1286 1525 1338 ὲκ
1566 1286 1666 1358 τῆς

128 1393 141 1423 ι
168 1373 320 1425 ὀπίσω
342 1392 358 1424 ι
394 1374 582 1445 φωνῆς
619 1374 827 1441 ἐνθάδε,
857 1375 951 1429 καὶ
1001 1376 1128 1429 ὅταν
1159 1378 1188 1429 6
1226 1375 1436 1448 Ἰησοῦς
1469 1376 1667 1451 πέμπῃ

123 1466 244 1536 ἡμᾶς
269 1465 434 1519 ὀπίσω
459 1465 654 1521 ἑαυτοῦ
670 1483 684 1497 ο
710 1469 827 1521 ἐκεῖ
858 1468 955 1540 μὲν
981 1469 1110 1540 γὰρ,
1144 1468 1231 1523 ἵνα
1255 1468 1373 1523 κατ’
1399 1470 1518 1540 ἴχνη
1550 1468 1667 1539 βαί-

120 1574 275 1624 νοντες
315 1559 476 1613 αὑτοῦ
538 1559 831 1631 φθάσωμεν
869 1561 1007 1633 πρὸς
1050 1563 1143 1617 τὸν
1187 1562 1440 1634 Πατέρα,
1489 1563 1667 1617 ὀπίσω

120 1650 267 1718 αὑτοῦ,
289 1651 533 1721 γίνεσθαι
564 1651 927 1724 κελευόμεθα·
961 1654 1148 1709 ἐνθάδε
1186 1654 1243 1708 δὲ
1278 1655 1419 1727 (66),
1456 1655 1545 1710 ἵνα
1572 1655 1666 1728 δη·-

120 1744 238 1816 λωθῇ
268 1745 325 1798 τὸ
370 1744 511 1816 μετὰ
548 1746 648 1811 τὰς
689 1745 933 1801 Ἰωάννου
978 1748 1323 1813 διδασκαλίας
1357 1750 1501 1819 (ἐπεὶ
1540 1750 1663 1822 ὲλή-

119 1836 250 1890 λυθεν
275 1832 445 1902 οὗτος,
488 1856 509 1890 ι
541 1838 627 1892 ἵνα
677 1838 880 1903 πάντες
932 1839 1260 1895 πιστεύσωσι
1304 1841 1376 1894 δι’
1424 1841 1589 1896 αὐτοῦ
1617 1843 1664 1915 3)

118 1932 209 1993 τοίς
253 1931 847 2003 προευτρεπισαμένοις
912 1931 1232 2004 ἐπιδημεῖν,
1282 1934 1667 2007 προκεκαθαρ-

121 2021 271 2093 μένοις
300 2022 385 2077 διὰ
412 2022 527 2077 τῶν
567 2022 825 2093 ἡττόνων,
871 2023 1009 2096 πρὸς
1050 2022 1161 2093 (67)
1202 2023 1292 2077 τὸν
1327 2024 1536 2078 τέλειον
1580 2024 1666 2078 λό-

118 2130 209 2179 γον.
278 2112 709 2185 Προηγουμένως
775 2112 872 2183 μὲν
927 2110 1020 2168 οὖν
1090 2114 1323 2186 ἕστηκεν
1380 2117 1408 2168 6
1473 2115 1665 2188 Πατὴρ

116 2204 365 2276 ἄτρεπτος,
389 2206 486 2259 καὶ
515 2205 871 2268 ἀναλλοίωτος
908 2204 1013 2258 ὤν’
1050 2206 1249 2278 ἕστηκε
1282 2207 1339 2261 δὲ
1378 2207 1475 2261 καὶ
1505 2208 1533 2259 6
1562 2208 1665 2262 Λό-

116 2313 193 2364 γος
213 2298 363 2351 αὐτοῦ
404 2298 493 2351 ἀεὶ
534 2299 592 2351 ὲν
619 2297 698 2367 τῷ
733 2295 945 2364 σώζειν,
976 2297 1078 2352 κᾶν
1107 2298 1333 2370 γένηται
1367 2296 1522 2370 σὰρξ,
1562 2298 1665 2352 κᾶν

119 2391 253 2460 μέσος
337 2390 684 2464 ἀνθρώτιων,’
702 2392 763 2445 06
800 2390 1371 2463 καταλαμϐανόμενος,
1396 2390 1512 2445 ἀλλ’
1541 2389 1663 2444 οὐδὲ

118 2480 409 2552 βλεπόμενος
431 2499 447 2513 ο
501 2483 703 2555 ἔστηκε
741 2483 799 2538 δὲ
850 2485 945 2537 καὶ
995 2484 1297 2550 διδάσκων,
1357 2483 1661 2555 προκαλού-

119 2587 249 2643 μενος
279 2574 481 2638 πάντας
519 2575 612 2627 tu).
648 2574 708 2627 τὸ
737 2574 912 2629 πίνειν
941 2574 1049 2628 ἀπὸ
1084 2574 1184 2645 τῆς
1216 2573 1451 2643 ἀφθόνου
1479 2574 1663 2646 πηγῆς

115 2662 281 2719 αὐτοῦ’
331 2666 683 2739 «Eia-rigate”
726 2665 836 2739 γὰρ
889 2684 907 2718 ι
939 2667 967 2720 6
1027 2665 1261 2736 Ἰησοῦς,
1314 2666 1408 2720 καὶ
1465 2665 1662 2737 έκραξε

115 2755 290 2826 λέγων·
346 2759 470 2814 Ἐάν
527 2774 613 2822 τις
679 2756 848 2830 διψᾷ,
908 2757 1156 2831 ἐρχέσθω
1211 2758 1349 2832 πρὸς
1416 2759 1519 2831 μὲ,
1569 2760 1663 2812 καὶ

84 2876 89 2883 -
114 2850 302 2905 πινέτω.
325 2869 344 2903 3

114 2939 235 2997 fonte
257 2957 352 2998 suo
379 2942 727 2999 abundanti:
768 2958 789 2992 ι
837 2938 1033 2997 Stabat
1078 2943 1220 2997 enim
1280 2938 1457 3009 Jcsus,
1510 2953 1565 2998 et
1609 2942 1877 2999 clamabat
1925 2946 2110 3002 dicens

112 3032 237 3090 bibat
256 3036 321 3090 ⁸⁷.
349 3055 368 3090 3

1773 558 1953 612 medio
1983 557 2154 625 Λόγον
2190 555 2316 628 [hoc
2348 566 2431 610 est
2468 552 2755 625 rationem]
2784 553 3004 620 habent,
3033 566 3155 607 cum
3198 552 3340 606 inte-

1771 648 1876 700 rim
1913 661 2017 702 non
2053 648 2322 701 disserant
2363 645 2447 699 vel
2478 646 2543 699 de
2586 643 2754 712 ipsius
2795 650 3013 705 natura,
3049 640 3133 697 vel
3169 655 3199 696 a
3233 655 3340 708 quo

1772 737 1925 794 fonte
1983 748 2038 794 et
2071 737 2338 808 principio
2359 735 2591 800 venerit,
2622 748 2796 804 neque
2829 733 3043 789 tandem
3066 734 3336 803 quomodo

1770 830 2177 885 conlirmaverit
2203 829 2371 898 ipsos,
2400 828 2454 881 hi
2474 827 2525 881 in
2556 827 2730 881 medio
2751 825 2833 881 sui
2891 826 3129 894 ipsorum
3163 823 3334 893 Λόγον

1770 919 1847 993 [et
1865 920 2148 993 rationem]
2183 936 2243 977 se
2273 921 2474 975 habere
2505 921 2773 975 nesciunt.
2806 921 2875 974 At
2903 916 3142 972 Joannes
3164 917 3338 987 ipsum

1771 1014 1919 1067 novit
1946 1033 1959 1068 :
1989 1014 2089 1068 hoc
2105 1014 2272 1077 enim,
2300 1032 2319 1064 ι
2356 1027 2513 1081 quem
2536 1026 2630 1068 vos
2650 1011 2925 1079 nescitis,»
2950 1009 3343 1066 contumeliose

1768 1105 1972 1159 dictum
2005 1105 2073 1158 ad
2108 1103 2427 1171 Pbarisaeos,
2485 1104 2723 1159 ostendit
2768 1088 3035 1159 Joannem
3084 1112 3341 1158 accurate

1768 1195 2050 1263 agnovisse
2059 1206 2217 1262 quem
2230 1191 2304 1246 illi
2323 1194 2653 1262 ignorarent.
2668 1192 2837 1260 Quam
2858 1192 2928 1248 ob
2942 1206 3159 1247 causam
3176 1192 3339 1248 etiam

1768 1282 2031 1354 Baptista,
2048 1284 2222 1353 ipsum
2239 1298 2558 1353 agnoscens,
2585 1286 2730 1339 novit
2746 1291 2938 1355 postse
2958 1294 3267 1350 venturum,
3284 1286 3337 1339 in

1768 1377 1949 1432 medio
1972 1377 2349 1444 exsistentem,
2378 1378 2481 1434 hoc
2514 1388 2597 1433 est
2622 1390 2744 1448 post
2773 1395 2853 1443 se,
2890 1390 2945 1435 et
2980 1388 3104 1450 post
3129 1381 3332 1436 doctri-

1765 1480 1890 1521 nam
1919 1481 1949 1522 a
1980 1482 2039 1525 se
2069 1468 2120 1522 in
2158 1466 2429 1537 baptismo
2488 1467 2693 1537 datam,
2733 1471 3105 1528 advenientem
3141 1471 3209 1526 ad
3247 1485 3341 1526 eos

1765 1557 1856 1627 qui
1907 1561 2204 1616 secundum
2250 1561 2570 1615 Sermonem
2616 1559 2737 1633 {seu
2794 1562 2955 1633 13s
3034 1562 3338 1636 rationem}

1766 1647 1936 1704 abluti
1967 1651 2171 1708 fuerint
2197 1693 2212 1708 .
2243 1651 2358 1708 Non
2388 1651 2531 1706 idem
2576 1662 2758 1708 autem
2786 1653 3125 1722 signiﬁcatur
3154 1655 3255 1710 hoc
3283 1655 3337 1709 in

1775 1741 1892 1797 loco
1915 1758 2013 1814 per
2036 1759 2223 1800 vocem
2257 1763 2279 1795 ‹
2312 1754 2434 1813 post
2475 1760 2495 1795 3
2534 1753 2588 1798 et
2619 1747 2835 1814 quando
2863 1745 3018 1802 Jesus
3042 1747 3210 1801 mittit
3238 1761 3340 1802 nos

1768 1846 1892 1904 post
1913 1836 2150 1907 seipsum
2177 1854 2193 1903 ;
2236 1837 2348 1893 illic
2380 1838 2527 1892 enim
2563 1848 2682 1907 post
2711 1840 2887 1907 ipsum
2917 1852 3038 1894 esse
3060 1840 3334 1910 iubentur,

1768 1938 1828 1982 ut
1858 1927 2176 1984 incedentes
2217 1943 2316 1999 per
2349 1928 2516 1997 ipsius
2544 1929 2768 2000 vestigia
2790 1970 2806 1993 ,
2845 1933 3224 1999 perveniamus
3269 1933 3337 1988 ad

1767 2019 2020 2087 Patrem;
2065 2021 2168 2076 hoc
2205 2037 2338 2077 vero
2373 2022 2424 2075 in
2457 2020 2598 2086 loco,
2644 2031 2705 2076 ut
2740 2024 3111 2079 declararetur
3152 2022 3335 2080 Jesum

1766 2122 1893 2185 post
1949 2111 2176 2171 Joannis
2231 2115 2510 2172 doctrinas
2556 2117 3014 2187 (quandoquidem
3049 2117 3136 2172 hic
3163 2120 3335 2181 venit,

1771 2222 1790 2255 ι
1816 2208 2083 2262 ut'omnes
2105 2206 2391 2263 crederent
2413 2223 2510 2277 per
2547 2210 2719 2278 ipsum
2751 2208 2869 2241 ⁸⁷⁸⁸⁸
2902 2209 2951 2278 3)
2983 2210 3240 2267 accedere
3267 2215 3336 2266 ad

1771 2311 1867 2362 eos
1889 2298 1983 2368 qui
2014 2307 2177 2354 antea
2211 2301 2495 2370 praeparati
2522 2301 2753 2358 fuissent
2776 2311 2938 2372 atque
2954 2302 3220 2373 puriﬁcati
3241 2319 3339 2373 per

1770 2388 2031 2447 inferiora
2054 2392 2120 2445 ad
2147 2390 2445 2459 perfectum
2479 2392 2637 2461 λόγον
2688 2391 2807 2464 [seu
2846 2393 3160 2468 rationem].
3191 2395 3337 2451 Przc~

1773 2480 1935 2551 cipue
1978 2483 2164 2552 itaque
2191 2493 2299 2539 stat
2329 2484 2492 2540 Pater
2532 2486 2881 2543 immutabilis
2906 2497 2961 2544 et
2985 2489 3339 2545 inalterabilis

1768 2575 2035 2631 exsistens
2069 2593 2081 2628 :
2107 2584 2216 2630 stat
2247 2586 2425 2633 autem
2448 2588 2502 2633 et
2536 2578 2730 2635 Sermo
2758 2580 2925 2650 ipsius
2957 2595 3192 2653 semper,
3207 2582 3335 2637 dum

1771 2678 1978 2735 servat,
2009 2669 2174 2725 etiam
2210 2670 2252 2726 si
2282 2671 2377 2725 ﬁat
2399 2684 2548 2739 caro,
2590 2672 2805 2728 etiamsi
2830 2673 2885 2727 in
2913 2674 3090 2731 medio
3124 2675 3195 2732 sit
3240 2677 3337 2730 ho-

1770 2760 1998 2829 minum,
2028 2775 2138 2817 non
2168 2762 2618 2833 comprehensus,
2662 2763 2756 2818 sed
2796 2779 2973 2834 neque
2994 2765 3145 2823 visus
3174 2782 3190 2819 :
3229 2774 3338 2823 sta;

1772 2862 1954 2907 autem
1997 2862 2054 2908 et
2100 2854 2321 2920 docens,
2364 2856 2600 2913 invitans
2637 2871 2829 2912 omnes
2863 2857 2929 2911 ad
2970 2857 3261 2915 bibendum
3303 2875 3337 2915 a

2170 2963 2184 3000 :
2241 2945 2299 3001 Si
2352 2946 2475 3018 quis
2529 2947 2681 3015 sitit,
2734 2948 2915 3005 veniat
2969 2949 3038 3004 ad
3104 2964 3227 3017 me,
3283 2962 3338 3007 et

166 3123 246 3181 25.
293 3126 348 3181 Ὀ
377 3127 435 3182 δὲ
477 3128 800 3199 Ἡρακλέων
831 3129 921 3181 τό·
961 3146 982 3180 ι
1009 3128 1190 3193 Μέσος
1215 3129 1368 3202 ὑμῶν
1391 3130 1660 3201 ἓστηκε,¹ι

1832 3128 1921 3183 25.
1947 3129 2017 3182 At
2048 3126 2367 3187 Heracleon,
2403 3148 2419 3179 ι
2445 3127 2503 3180 In
2534 3127 2712 3180 medio
2735 3127 2899 3181 vestri
2940 3133 3079 3194 stat,
3113 3146 3131 3179 ι
3166 3129 3337 3181 inter-

114 3221 268 3289 φησιν,
296 3221 413 3274 ἀντὶ
459 3220 559 3274 τοῦ
621 3232 641 3265 ι
664 3221 802 3291 Ἤδη
850 3221 1100 3293 πάρεστι,
1148 3222 1242 3275 καὶ
1300 3220 1445 3275 ἔστιν
1492 3225 1551 3275 ὲν
1581 3220 1660 3293 τῷ

112 3309 293 3384 ώσμῳ,
331 3313 427 3368 καὶ
470 3314 533 3366 ὲν
567 3311 1050 3387 ἀνθρώποις,›καὶ
1089 3315 1339 3386 ἐμφανής
1368 3315 1516 3368 ἐστιν
1557 3314 1660 3385 ἢδη

114 3406 251 3458 πᾶσιν
280 3406 435 3478 ὑμῖν
470 3405 565 3461 διὰ
602 3405 807 3460 τούτων
832 3405 890 3460 δὲ
924 3408 1202 3479 περιαιρεῖ
1240 3406 1302 3460 τὸ
1343 3406 1456 3477 (68)
1484 3424 1663 3480 παρα-

116 3495 277 3550 σταθὲν
308 3499 434 3570 περὶ
466 3497 565 3552 τοῦ
605 3496 1085 3568 διαπεφοιτηκέναι
1124 3497 1283 3551 αὺτδν
1314 3497 1383 3551 δι’
1410 3499 1532 3551 ὅλου
1563 3497 1658 3552 τοῦ

115 3591 310 3662 κόσμου.
338 3591 575 3645 Λεκτέον
601 3589 710 3660 γὰρ
741 3589 878 3661 πρὸς
905 3588 1065 3643 αὐτόν
1082 3605 1095 3621 ο
1130 3589 1268 3643 Πότε
1295 3588 1405 3662 γὰρ
1432 3590 1494 3643 οὐ
1518 3591 1660 3663 πάρ-

122 3695 244 3743 εστις
299 3682 428 3735 πότε
468 3681 514 3734 δ’
559 3681 662 3734 οὐκ
695 3679 841 3734 ἐστιν
882 3681 939 3733 ὲν
968 3680 1049 3753 τῷ
1080 3683 1302 3752 κόσμῳς
1356 3683 1447 3736 καὶ
1491 3683 1665 3737 ταῦτα

113 3771 188 3825 τοῦ
222 3774 547 3843 Εὑαγγελίου
595 3775 873 3844 λέγοντος
916 3794 934 3827 ι
970 3775 1060 3830 Ἔν
1090 3774 1170 3847 τῷ
1203 3775 1393 3847 κόσμῳ
1433 3771 1525 3847 ἦν,
1569 3777 1664 3830 καὶ

112 3864 341 3939 ὁκόσμος
368 3868 436 3923 δι’
463 3868 632 3924 αὐτοῦ
662 3868 898 3936 ἐγένετο,
931 3870 1026 3922 καὶ
1059 3870 1088 3922 6
1126 3867 1329 3940 κόσμος
1362 3866 1525 3921 αὐτὸν
1565 3865 1665 3920 οὐκ

114 3956 231 4025 ἔγνω
261 3961 388 4031 (69).
417 3980 434 4012 ι
481 3961 597 4015 Καὶ
641 3958 729 4014 διὰ
763 3958 921 4014 τοῦτο
967 3960 1063 4014 καὶ
1111 3953 1256 4013 οὗτοι
1278 4000 1292 4026 ,
1332 3960 1468 4031 πρὸς
1505 3957 1600 4023 οὓς
1634 3961 1666 4012 6

113 4048 262 4119 λόγος,
291 4054 318 4107 6
353 4073 371 4104 ι
402 4053 462 4107 6v
509 4053 674 4123 ὑμεῖς
710 4053 813 4107 οὐκ
848 4051 1048 4116 οἴδατε,
1069 4072 1088 4104 3
1117 4053 1217 4105 οὐκ
1245 4051 1449 4105 οἴδασιν
1482 4050 1663 4115 αὐτὸν,

114 4143 215 4196 ἐπεὶ
238 4144 442 4199 οὐδέπω
475 4144 576 4198 τοῦ
611 4144 817 4213 κόσμου
866 4142 1273 4216 ἐξεληλύθασιν,
1299 4145 1328 4198 ό
1362 4143 1420 4197 δὲ
1464 4144 1665 4216 κόσμος

113 4232 250 4287 αὑτὸν
283 4235 380 4288 οὐκ
428 4236 597 4305 ἔγνω.
651 4235 809 4288 Ποῖον
854 4234 913 4287 δὲ
962 4234 1153 4307 χρόνον
1202 4233 1435 4288 διέλειπε
1482 4234 1576 4287 τοῦ
1608 4236 1667 4288 ὲν

111 4325 384 4399 ἀνθρώποις
416 4326 600 4397 εἷναι;
637 4331 708 4383 Ἢ
762 4330 864 4383 οὐκ
920 4329 979 4383 ὲν
1026 4326 1223 4399 Ἡσαΐᾳ
1282 4323 1350 4399 ἦν
1418 4326 1627 4397 λέγοντι
1648 4344 1663 4358 ⁶

116 4436 133 4469 ι
158 4421 361 4494 Πνεῦμα
406 4423 623 4496 Κυρίου
654 4424 745 4477 ἐπ’
790 4423 910 4495 ἐμὲ,
939 4414 1000 4476 οὗ
1044 4422 1248 4475 εἵνεκεν
1280 4420 1465 4495 έχρισέ
1512 4439 1611 4494 με·
1640 4441 1661 4474 3

114 4514 218 4565 καίσ
257 4534 276 4568 ι
314 4517 593 4589 Ἐμφανὴς
642 4516 907 4587 ἐγενόμην
954 4519 1066 4579 τοῖς
1095 4516 1194 4586 ἐμὲ
1238 4515 1312 4587 μὴ
1361 4513 1613 4588 ζητοῦσι;
1640 4533 1658 4567 3

115 4603 404 4673 Λεγέτωσαν
432 4608 490 4663 δὲ
523 4611 573 4662 εί
609 4608 684 4680 μὴ
717 4610 811 4663 καὶ
840 4610 898 4662 ὲν
939 4607 1102 4661 Δαυῒδ
1133 4602 1222 4679 ἦν,
1245 4607 1345 4660 οὐκ
1378 4606 1472 4677 ἀφ’
1496 4604 1659 4660 αὑτοῦ

112 4695 323 4766 λέγοντιο
364 4720 382 4752 ι
422 4701 567 4772 Ἐγὼ
608 4702 666 4756 δὲ
706 4700 1044 4773 κατεστάθην
1077 4699 1328 4773 βασιλεὺς
1366 4699 1461 4753 ὑπ’
1492 4698 1658 4753 αὑτοῦ

115 4789 191 4843 ἐπὶ
211 4792 340 4847 Σιὼν
362 4794 486 4868 ὅρος
518 4796 580 4849 τὸ
611 4796 766 4865 ἆγιον
804 4793 996 4848 αὐτοῦ·
1026 4812 1045 4846 3
1079 4794 1173 4847 καὶ
1196 4793 1296 4847 ὅσα
1337 4791 1402 4845 ὲκ
1445 4788 1658 4863 προσώ-

113 4900 198 4938 που
222 4888 452 4958 Χριστοῦ
479 4890 539 4942 ὲν
561 4888 811 4959 Ψαλμοῖς
849 4887 1294 4960 ἀναγέγραπταις
1334 4885 1447 4938 καὶ
1486 4884 1539 4936 τί
1588 4901 1655 4954 με

112 4976 179 5032 δεῖ
215 4983 329 5035 καθ’
364 4984 598 5039 ἕκαστον
646 4981 1027 5037 ἀποδεικνύναι
1078 4977 1540 5051 δυσεξαρίθμητον
1569 4975 1657 5029 6v-

111 5088 200 5137 τως
232 5075 336 5146 (70)
392 5076 746 5149 παραστῆσαι
794 5074 1040 5147 ἐναργῶς
1084 5070 1414 5141 δυνάμενον,
1456 5068 1538 5121 ὅτι
1571 5066 1658 5120 ἀεὶ

172 5187 275 5223 "'3‘
295 5192 447 5247 Joan.
474 5209 514 5258 ι,
545 5192 598 5247 7.
695 5192 738 5223 ⁸⁷
761 5190 917 5247 Joan.
951 5204 1047 5254 vn,
1081 5188 1170 5244 37.
1267 5188 1312 5219 ⁸⁸
1349 5185 1505 5241 Joan-
1564 5201 1602 5250 1,
1634 5184 1720 5238 10-

174 5333 271 5403 (63)
307 5337 694 5404 Συνέστησεν
712 5333 934 5399 αὐτοῖς.
960 5330 1269 5402 Legendqu
1299 5328 1383 5383 vel
1404 5329 1654 5398 συνέστη-

115 5420 191 5478 σεν
210 5407 412 5471 αὐτούς,
439 5408 522 5463 vel
539 5407 866 5478 συνέστηκεν
886 5404 1086 5478 αὐτοῖς.

174 5476 273 5550 (64)
302 5469 478 5550 Codex
503 5469 851 5542 Bodleianus,
879 5487 1051 5542 reste,
1075 5470 1387 5541 λεγόμενον.
1423 5469 1647 5542 Regius,

112 5547 581 5622 ιηιιιρ,’γενόμενρν.
789 5617 802 5622 _
945 5617 956 5622 _
1101 5614 1113 5622 ,
1267 5613 1278 5622 ,
1352 5611 1410 5622 ..
1615 5608 1639 5622 ς

172 5566 254 5612 ne,
277 5566 581 5671 γενομενςῖ.
1615 5608 1639 5622 ,⁸

172 5618 274 5682 (65)
310 5620 483 5673 Editio
562 5618 687 5676 uetii
717 5617 898 5679 habet,
940 5614 1196 5686 ἐμφαίνει
1231 5613 1323 5666 τὸν
1352 5611 1540 5686 λόγον,
1572 5627 1651 5680 τῳ

111 5684 362 5758 ἐπιμελῶς
393 5690 689 5758 ἐγνωκέναι
709 5689 770 5743 τὸ
798 5689 889 5743 ὑπ’
905 5683 1154 5751 ἐκείνων,
1185 5690 1279 5739 sed
1308 5684 1475 5740 codex
1504 5683 1651 5735 Bod-

112 5755 306 5813 ieiunus
336 5769 391 5812 nt
412 5755 463 5813 in
496 5773 683 5814 nostro
707 5770 879 5813 textu.

177 5827 281 5897 (66)
317 5829 564 5885 Ἐνθάδε
584 5829 667 5885 δέ.
700 5830 793 5885 Sic
826 5828 998 5883 codex
1030 5826 1394 5893 Bodleianus;
1426 5822 1649 5894 Regius,

370 5925 638 5989 PATBOL.
680 5926 798 5989 Gn.
842 5924 1016 6007 XIV.

1762 3228 2008 3288 prctatur
2039 3234 2052 3270 :
2087 3239 2106 3269 ι
2139 3218 2256 3273 Jam
2281 3219 2453 3282 adest,
2484 3225 2539 3272 et
2565 3218 2725 3272 estin
2747 3216 2970 3277 mundo.
2995 3227 3049 3272 et
3078 3219 3220 3273 inter
3238 3235 3340 3273 nos

1760 3324 1953 3365 omnes
2001 3309 2251 3364 homines
2288 3328 2305 3359 ι
2338 3309 2446 3379 jam
2486 3308 2712 3364 visibilis
2746 3315 2831 3363 est
2865 3324 2876 3360 :
2909 3323 3015 3378 qua
3066 3309 3338 3381 interpre-

1762 3401 1967 3456 latione
1989 3397 2127 3455 tollit
2155 3397 2298 3466 quod
2332 3397 2634 3464 docuimus,
2667 3411 2860 3468 nempe
2893 3400 3038 3467 quod
3080 3400 3195 3470 ipse
3228 3402 3339 3456 disc

1764 3500 1949 3546 currat
2002 3503 2066 3545 ac
2102 3497 2342 3557 permeet
2387 3502 2486 3558 per
2517 3496 2688 3545 totum
2719 3489 3001 3545 mundum.
3037 3492 3332 3548 Dicendum

1758 3580 1907 3637 enim
1961 3579 2029 3635 ad
2071 3579 2265 3634 illum:
2303 3577 2531 3645 Quando
2577 3579 2720 3636 enim
2750 3594 2861 3634 non
2902 3580 3092 3636 adest?
3117 3585 3334 3653 quando

1766 3684 1946 3728 autem
1976 3686 2081 3727 non
2110 3681 2194 3728 est
2216 3671 2269 3726 in
2302 3671 2549 3727 mundo?
2577 3673 2879 3741 praesertim
2924 3673 3217 3745 Evangelia
3247 3676 3332 3730 di-

1764 3775 1964 3822 cente:
1999 3783 2017 3816 ι
2053 3764 2112 3819 ln
2148 3765 2352 3819 mundo
2384 3774 2523 3829 erat,
2566 3775 2622 3820 et
2654 3765 2886 3821 mundus
2926 3781 3022 3836 per
3050 3768 3226 3838 ipsum
3261 3769 3338 3824 fa-

1766 3868 1888 3914 ctus
1912 3867 2019 3925 est,
2067 3855 2145 3929 [et
2166 3858 2399 3911 mundus
2429 3870 2551 3911 eum
2585 3870 2692 3910 non
2717 3858 2974 3927 cognovit
2991 3856 3085 3931 ⁸⁸.)
3114 3877 3133 3912 3
3168 3859 3235 3914 Et
3266 3863 3335 3914 ob

1762 3958 1906 4011 hanc
1949 3970 2168 4010 causam
2225 3953 2278 4008 hi
2338 3953 2504 4008 etiam
2557 3955 2626 4008 ad
2674 3967 2813 4023 quos
2863 3962 2949 4009 est
2994 3966 3172 4010 sermo
3225 3955 3336 4023 ille,

1773 4067 1793 4099 ι
1818 4060 1979 4119 quem
2006 4059 2103 4100 vos
2132 4044 2374 4109 nescitis,
2407 4062 2426 4096 3
2456 4044 2704 4101 nesciunt
2737 4059 2886 4111 eum,
2917 4045 3174 4114 quoniam
3199 4063 3339 4102 non-

1767 4138 1893 4193 dum
1930 4151 1961 4190 e
1998 4135 2194 4189 mundo
2235 4134 2436 4204 egnessi
2479 4133 2725 4197 fuerant,
2759 4134 2994 4189 mundus
3034 4148 3168 4188 vero
3212 4150 3336 4189 enm

1768 4242 1875 4282 non
1905 4226 2179 4294 cognovit.
2223 4224 2329 4280 Sed
2365 4239 2473 4293 quo
2508 4232 2751 4293 tempore
2779 4225 3017 4279 cessavit
3053 4214 3200 4280 inter
3239 4226 3337 4279 lm-

1769 4320 1943 4374 mines
1984 4316 2138 4374 esse?
2170 4317 2253 4371 An
2276 4330 2383 4371 non
2420 4324 2541 4370 erat
2572 4315 2623 4370 in
2650 4313 2789 4370 Isaia
2822 4316 3072 4371 dicente:
3111 4332 3131 4368 ι
3162 4314 3340 4386 Spiri-

1770 4422 1858 4467 tus
1885 4410 2096 4465 Domini
2125 4422 2288 4479 super
2320 4422 2428 4474 me,
2458 4417 2744 4478 praptcrea
2767 4407 2914 4476 quod
2942 4409 3099 4462 unxit
3129 4408 3332 4474 me”;3

1696 4495 1740 4551 Ι)
1765 4513 1859 4558 et:
1887 4522 1907 4555 ι
1929 4501 2247 4558 Manifestus
2272 4499 2450 4557 factus
2475 4515 2593 4557 sum
2633 4500 2686 4555 in
2710 4501 2799 4557 his
2822 4501 2917 4571 qui
2948 4515 3036 4556 me
3058 4516 3165 4557 non
3188 4516 3338 4572 qua--

1772 4599 2069 4657 rebant”?
2108 4617 2126 4651 3
2156 4599 2368 4654 Rursus
2398 4598 2584 4654 dicant
2612 4611 2681 4652 an
2718 4597 2774 4651 in
2804 4595 3012 4653 Davide
3047 4612 3153 4653 non
3194 4609 3334 4658 erat,

1768 4706 1873 4747 non
1905 4706 1937 4746 a
1963 4691 2260 4761 semetipso
2284 4691 2549 4745 dicente:
2585 4706 2605 4740 ι
2648 4689 2759 4759 Ego
2787 4696 2970 4743 autem
3003 4688 3335 4744 constitutus

1763 4799 1882 4841 sum
1913 4798 2008 4838 rex
2034 4783 2101 4838 ab
2130 4797 2195 4839 eo
2212 4796 2373 4853 super
2393 4782 2523 4837 Sion
2553 4792 2790 4835 montem
2821 4791 3065 4835 sanctum
3092 4780 3327 4851 ejus",3

1763 4888 1820 4931 et
1859 4889 2198 4947 quaecunque
2227 4875 2280 4930 in
2311 4873 2542 4931 Psalmis
2584 4885 2653 4928 ex
2687 4885 2920 4943 persona
2955 4871 3157 4929 Christi
3192 4878 3331 4929 scri-

1766 4981 1859 5043 pta
1890 4969 2057 5027 sunt?
2096 4968 2342 5039 Cumque
2372 4965 2657 5023 evidenter
2695 4964 2891 5020 docere
2919 4978 3111 5034 queam
3147 4963 3331 5021 Jesum
3394 4991 3399 4996 ι

1768 5076 1984 5135 semper
2014 5065 2155 5118 inter
2186 5062 2432 5117 homines
2462 5074 2609 5127 esse,
2639 5060 2709 5114 ad
2737 5058 3177 5114 convincendum
3225 5074 3333 5112 non

1824 5182 1867 5215 3°
1901 5180 2209 5246 lsai.t.xt,l
2341 5179 2385 5209 '°
2417 5178 2538 5233 lsai.
2579 5193 2702 5244 va,
2729 5174 2784 5234 Ι.
2889 5177 2932 5209 ⁹¹
2972 5175 3110 5232 Psal.
3161 5192 3224 5244 tt,
3274 5176 3329 5233 6.

1760 5324 2151 5464 “26%”de
2170 5389 2436 5464 ltaLeodex
2449 5388 2801 5464 _Bodle_ianu_s;
2820 5385 2961 5464 male
2978 5384 3197 5464 Regius,
3214 5388 3327 5464 καί,

1832 5454 1947 5534 (68)
1976 5454 2269 5531 Περιαιρεῐ
2283 5461 2372 5515 τό.
2404 5461 2499 5515 Sic
2522 5460 2692 5515 codex
2724 5456 3082 5520 Budlcianus;
3107 5454 3328 5524 Regius,

1759 5536 2091 5610 περιῃρεῖτο.

1830 5609 1940 5677 (69)
1978 5605 2088 5658 Καὶ
2120 5602 2401 5677 όκόιζμος
2429 5601 2617 5677 αὐτόν
2639 5601 2750 5655 οὐκ
2791 5598 2961 5667 ἔγνω.
2994 5592 3117 5677 llam
3143 5598 3327 5677 verba,

1758 5671 1877 5748 quae
1924 5671 2213 5748 in_codi_ce
2265 5671 2434 5739 Regio
2465 5672 2665 5726 omissa
2703 5680 2852 5731 sunt,
2910 5671 3265 5719 restituuntur
3297 5682 3329 5722 e

1763 5744 1950 5805 codice
1980 5744 2297 5799 Bodleiano.

1832 5817 1942 5889 (70)
1976 5812 2538 5888 Codexﬁodleianus,
2563 5810 3028 5884 δυσεξαριθμήτου
3049 5808 3223 5873 ὄντος.

2905 5909 2948 5973 9
