3766 6142
407 306 516 361 967

1864 279 2178 340 ORIGENIS

3539 271 3636 330 268

416 416 979 480 rcctelleracleonem
1013 409 1414 484 exponendo,’t
1463 408 1515 463 iu
1574 405 1751 462 medio
1809 402 1974 456 vestri

2097 414 2137 450 ιν
2165 393 2438 466 ἀνθρώπῳ
2469 391 2580 463 (71)
2613 386 2700 462 ἦν,
2736 388 2962 460 πρὸςτὸ
2992 385 3208 456 ἐλέγξαι
3243 386 3340 458 οὐχ
3385 385 3542 455 ὑγιῶς
3566 389 3637 442 ει.

414 527 548 583 stat,
572 536 592 570 ι
612 512 944 585 exposuisse,
969 527 987 560 ι
1010 508 1130 562 Jam
1148 506 1316 566 adest,
1339 512 1395 558 et
1420 512 1504 557 est
1527 501 1578 554 in
1596 497 1816 561 mundo,
1842 504 1897 549 et
1926 494 1981 546 in

413 609 655 671 homine,
697 625 716 659 ι
754 604 884 675 quid
910 617 1047 673 opus
1079 609 1163 657 est
1194 614 1282 654 me
1322 593 1635 667 singulatim
1665 596 1982 661 argumenta

416 717 736 777 congerere,
778 712 904 754 cum
941 709 1008 752 ea
1060 696 1153 750 vix
1194 689 1503 749 enumerari
1561 684 1815 756 queant?
1861 681 1981 737 Non

414 774 647 853 absurde
677 802 855 848 tamen
893 786 1034 857 apud
1071 800 1195 842 eum
1224 784 1461 848 dicitur,
1489 779 1632 850 quod
1658 777 1823 832 verba
1855 774 1942 828 illa
1964 814 1981 837 ,

418 906 440 941 ι
481 890 576 959 qui
624 892 746 956 post
796 895 884 937 me
934 886 1198 934 venturus
1261 882 1380 939 est,
1423 892 1442 926 ι
1481 870 1762 928 declarant
1814 865 1981 922 Joan-

416 993 540 1035 nem
586 987 981 1050 praecursorem
1036 968 1237 1026 Christi
1286 967 1553 1023 exsistere
1601 974 1781 1018 :vere
1834 958 1981 1014 enim

416 1088 525 1129 non
556 1085 713 1127 secus
741 1077 904 1138 atque
930 1080 1121 1123 servus
1149 1061 1437 1133 praecurrit
1480 1058 1789 1115 Dominum.
1824 1051 1985 1123 139

415 1165 599 1234 Longe
649 1176 782 1218 vero
854 1156 1156 1230 simplicius
1219 1168 1285 1209 ea
1347 1152 1516 1209 verba
1592 1150 1984 1218 interpretatus

414 1269 499 1314 est
525 1277 541 1313 :
576 1276 596 1311 ι
638 1255 756 1311 Non
784 1268 903 1310 sum
942 1265 1042 1323 ego
1068 1249 1286 1319 dignus,
1318 1255 1380 1301 ut
1417 1243 1625 1301 solvam
1657 1241 1775 1312 ejus
1806 1238 1983 1296 corri-

416 1353 559 1419 giam
592 1341 950 1403 calceamenti
985 1342 1054 1406 ⁸³,
1092 1357 1113 1393 ι
1153 1334 1379 1408 perinde
1406 1330 1564 1402 quasi
1589 1330 1833 1383 fateatur
1878 1325 1983 1379 Ba-

415 1415 580 1512 ptista
612 1437 699 1493 his
729 1434 912 1490 verbis
938 1445 997 1487 se
1024 1440 1200 1498 neque
1221 1427 1441 1495 dignum
1471 1420 1566 1492 qui
1592 1419 1781 1475 ultima
1806 1415 1983 1473 ofﬁcia

416 1502 469 1586 in
503 1527 782 1584 Christum
808 1519 1080 1578 conferat.
1110 1517 1365 1571 Attamen
1412 1517 1533 1581 post
1580 1507 1721 1562 hanc
1763 1502 1984 1575 exposi-

418 1623 620 1678 tionem
652 1617 790 1675 satis
818 1609 1173 1686 probabiliter
1205 1603 1487 1674 subiunxit
1524 1619 1539 1656 :
1580 1599 1700 1656 Non
1729 1612 1852 1655 sum
1884 1610 1985 1664 ego

413 1717 644 1773 idoneus
673 1718 733 1767 ut
764 1706 871 1764 mei
910 1702 1083 1776 gratia
1116 1696 1414 1755 descendat
1460 1709 1490 1749 a
1526 1688 1900 1763 magnitudine
1929 1695 1985 1743 et

2093 487 2323 560 ρημένον
2354 486 2448 539 τό’
2487 502 2505 535 ι
2534 483 2672 553 Ἤδη
2717 482 2978 553 πάρεστι,
3021 481 3117 532 καὶ
3163 478 3309 532 ἐστιν
3359 479 3416 533 ἐν
3444 479 3642 551 κόσμῳ,

2089 584 2182 636 καὶ
2210 583 2268 637 ὲν
2296 576 2584 650 ἀνθρώπῳ,
2614 594 2632 626 ι
2673 576 2753 638 εἰς
2778 573 3025 645 διήγησιν
3048 571 3202 643 παρὰ
3222 570 3300 642 τῷ
3326 572 3643 642 ’Πρακλέωνι

2087 674 2206 728 τοῦ·
2247 691 2266 724 ι
2287 672 2466 734 Μέσος
2494 668 2647 740 ὑμῶν
2670 667 2900 737 ἕστηκεν
2919 682 2934 731 ;
2955 688 2975 721 ι
3008 665 3123 718 Οὐκ
3145 663 3423 728 ἀπιθάνως
3446 665 3501 719 δὲ
3526 667 3640 738 παρ’

2089 764 2238 835 αὐτῷ
2275 763 2525 832 λέγεται,
2553 761 2636 813 ὅτι
2665 757 2748 821 τὸ,
2786 776 2805 810 ι
2852 756 3027 810 όπξσω
3053 772 3156 826 μου
3212 754 3517 826 ἐρχόμενος,
3540 775 3558 807 ι
3587 757 3643 809 τὸ

2089 855 2392 928 πρόδρομον
2416 847 2555 905 εἶναι
2574 850 2665 903 τὸν
2678 848 2932 918 Ἰωάννην
2958 845 3052 899 τοῦ
3074 843 3311 917 Χριστοῦ
3340 844 3511 914 δηλοῖ·
3532 844 3646 916 ἀλη-

2090 949 2198 1014 θῶς
2219 949 2329 1021 γὰρ
2348 944 2589 1017 ὡσπερεὶ
2613 943 2828 1013 οἰκέτης
2852 941 2969 994 ἐστὶ
2988 939 3306 1012 προτρέχων
3322 938 3418 992 τοῦ
3434 938 3643 1010 Κυρίου.

2089 1043 2231 1098 Πολὺ
2262 1041 2320 1095 δὲ
2349 1038 2717 1109 ἁπλούστερον
2748 1036 2808 1089 τό
2830 1049 2848 1065 ⁸-
2888 1052 2907 1085 ι
2932 1035 3047 1088 Οὐκ
3071 1033 3185 1103 εἰμὶ
3216 1030 3364 1096 ἄξιος
3395 1030 3482 1084 ἵνα
3515 1030 3649 1085 λύσω

2086 1134 2253 1190 αὑτοῦ
2298 1133 2389 1187 τὸν
2434 1130 2634 1203 ἱμάντα
2659 1126 2753 1180 τοῦ
2787 1125 3155 1197 ὑποδήματος,
3182 1142 3202 1175 ›
3246 1123 3550 1194 ὲξείληφεν,
3573 1123 3647 1177 ὅτι

2088 1229 2209 1283 οὐδὲ
2237 1229 2334 1299 τῆς
2354 1223 2686 1296 ἀτιμοτάτης
2709 1218 3013 1290 ὑπηρεσίας
3029 1216 3129 1287 τῆς
3156 1214 3293 1288 πρὸς
3315 1214 3408 1268 τὸν
3435 1216 3650 1286 Χριστὸν

2088 1321 2238 1387 ἄξιος
2281 1314 2421 1372 εἶναι
2462 1314 2551 1369 διὰ
2577 1314 2779 1368 τούτων
2805 1312 2835 1364 6
2864 1309 3175 1381 Βαπτιστὴς
3201 1307 3476 1378 ὁμολογεῖ.
3519 1307 3651 1379 Πλὴν

2092 1413 2231 1488 μετὰ
2262 1410 2467 1481 ταύτην
2494 1408 2592 1479 τὴν
2636 1403 2863 1476 ἐκδοχὴν
2888 1404 2988 1456 οὑκ
3019 1401 3299 1466 ἀπιθάνως
3327 1398 3651 1471 ὑποϐέϐληκε

2088 1509 2147 1562 τό
2170 1524 2184 1539 ·
2218 1505 2332 1561 Οὐκ
2378 1503 2490 1573 ἐγώ
2531 1502 2647 1572 ειμι
2680 1496 2884 1561 ἱκανὸς,
2938 1496 3025 1550 ἵνα
3056 1493 3254 1572 δι’..ὲμὲ
3295 1491 3533 1566 κατέλθῃ
3557 1492 3655 1547 ἀπὺ

2092 1597 2374 1671 μεγέθους,
2422 1594 2517 1649 καὶ
2556 1592 2733 1665 σάρκα
2792 1588 2954 1662 λάϐῃ,
3001 1586 3077 1651 ὡς
3124 1585 3399 1657 ὑπόδημα,
3445 1586 3568 1657 περὶ
3594 1581 3655 1658 ἧς

2088 1690 2201 1761 ἐγὼ
2222 1689 2377 1759 λόγον
2414 1684 2701 1741 ἀποδοῦναι
2744 1681 2805 1736 οὐ
2833 1681 3088 1752 δύναμαι,
3140 1678 3261 1732 οὐδὲ
3282 1675 3654 1749 διηγήσασθαι,

415 1817 643 1861 carnem
668 1798 923 1869 accipiat,
953 1808 1051 1850 ceu
1088 1791 1544 1849 calceamentum,
1578 1782 1647 1838 de
1683 1794 1790 1851 qua
1818 1776 1976 1833 ratio-

2097 1782 2399 1855 ἠὲπιλῦσαι
2444 1779 2541 1851 τὴν
2590 1778 2721 1851 περὶ
2761 1775 2934 1846 αὐτῆς
2972 1774 3304 1845 οἰκονομίαν.
3354 1772 3656 1844 ’Δδρότερον

415 1914 539 1956 nem
568 1894 799 1952 reddere
844 1902 946 1958 ego
999 1898 1109 1940 non
1154 1881 1328 1947 valeo,
1375 1889 1554 1945 neque
1579 1887 1860 1936 enarrare,
1903 1870 1985 1926 vel

415 1992 630 2049 solvere
663 1986 732 2041 de
758 1987 875 2053 ipsa
899 1973 1388 2047 dispensationem.
1419 1968 1630 2023 Rursus
1654 1966 1834 2020 minus
1857 1971 1986 2034 pru-

415 2083 609 2139 denter
639 2087 803 2145 atque
845 2067 1144 2126 animosius
1183 2060 1486 2117 Heracleon
1536 2060 1674 2130 ipse,
1728 2070 1850 2113 cum
1888 2069 1986 2124 per

415 2173 659 2230 calceum
684 2168 1072 2233 interpretatus
1103 2162 1252 2212 esset
1281 2150 1562 2213 mundum,
1610 2149 1677 2202 ad
1714 2161 1829 2202 rem
1867 2159 1985 2199 ma-

418 2266 502 2336 gis
523 2261 742 2333 impiam
777 2256 989 2318 transit,
1034 2264 1229 2322 nempe
1271 2247 1340 2302 ad
1381 2243 1804 2302 enuntiandum,
1858 2238 1976 2293 haec

416 2329 615 2413 omnia
638 2349 863 2421 intelligi
900 2348 1061 2404 etiam
1096 2351 1353 2414 oportere
1393 2337 1460 2394 de
1494 2334 1679 2391 mundi
1722 2329 1986 2386 Fabrica-

416 2460 558 2516 tore,
596 2442 946 2515 intelligendo
991 2452 1088 2510 per
1120 2436 1404 2500 Joannem,
1451 2441 1744 2500 personam
1794 2421 1987 2479 Fabri-

418 2538 623 2595 catoris
649 2534 859 2590 mundi.
889 2529 1179 2586 Existimat
1203 2525 1350 2581 enim
1382 2520 1568 2577 mundi
1598 2517 1863 2588 Opiﬁcem
1902 2515 1988 2568 in-

416 2630 672 2686 feriorem
701 2624 922 2681 Christo
969 2619 1354 2681 exsistentem,
1398 2612 1504 2668 hoc
1545 2624 1643 2680 per
1678 2609 1794 2665 haec
1822 2606 1987 2662 verba

417 2720 602 2785 fateri,
632 2715 780 2788 quod
812 2721 897 2769 est
923 2710 1167 2768 omnium
1204 2702 1612 2775 impiissimum.
1649 2697 1789 2754 Nam
1827 2695 1989 2751 Pater

2084 1870 2142 1932 δὲ
2194 1879 2291 1932 καὶ
2328 1874 2829 1948 μεγαλοφυέστερον
2859 1873 2888 1925 6
2920 1869 3083 1932 αὐτὸς
3119 1866 3431 1940 ’Πρακλέων
3472 1866 3658 1937 κόσμον

2085 1971 2145 2025 τὺ
2171 1970 2425 2041 ὑπόδημα
2471 1967 2848 2039 ἐκδεξάμενος,
2901 1962 3135 2035 μετέστη
3165 1961 3257 2015 ἐπὶ
3293 1960 3355 2014 τὸ
3380 1959 3658 2014 ἀσεϐέστε-

2091 2080 2181 2135 ρον
2210 2058 2590 2133 ἀποφήνασθαι
2636 2056 2807 2112 ταῦτα
2839 2053 3019 2110 πάντα
3068 2054 3178 2107 δεῖν
3236 2051 3532 2106 ἀκούεσθαι
3574 2052 3660 2105 καὶ

2087 2156 2217 2229 περὶ
2267 2154 2363 2209 τοῦ
2416 2152 2710 2226 προσώπου
2754 2148 2945 2204 τούτου
2995 2148 3106 2220 (72)
3157 2146 3245 2201 διὰ
3282 2145 3381 2200 τοῦ
3430 2146 3658 2200 Ἰωάννου

2087 2249 2398 2320 νοουμένου.
2442 2245 2625 2299 Οῖεται
2678 2242 2788 2315 γάρ
2820 2241 2911 2295 τὸν
2950 2240 3289 2313 Δημιουργδν
3332 2238 3434 2292 τοῦ
3471 2240 3660 2309 κόσμου

2087 2342 2348 2397 ἐλάττονα
2367 2339 2495 2393 ὄντα
2524 2336 2618 2391 τοῦ
2645 2333 2903 2407 Χριστοῦ,
2931 2334 3090 2388 τοῦτο
3109 2332 3394 2405 ὁμολογεῖν
3430 2330 3520 2385 διὰ
3547 2331 3658 2384 τού-

2085 2451 2195 2489 των
2238 2431 2347 2486 τῶν
2377 2430 2593 2498 λέξεων,
2646 2428 2783 2499 ὅπερ
2813 2427 2928 2480 ἐστὶ
2956 2427 3172 2481 πάντων
3216 2424 3607 2480 ἀσεϐέστατον·
3634 2424 3661 2480 6

2089 2527 2197 2600 γὰρ
2242 2524 2467 2596 πέμψας
2496 2522 2658 2577 αὑτὸν
2702 2519 2913 2593 Πατὴρ,
2960 2520 2989 2573 6
3033 2519 3139 2572 τῶν
3171 2517 3388 2583 ζώντων
3421 2517 3568 2584 Θεὸς,
3593 2516 3660 2581 ὡς

2099 2616 2261 2680 αὐτὸς
2321 2612 2524 2686 Ἰησοῦς
2586 2613 2872 2683 μαρτυρεῖ,
2934 2609 3029 2664 τοῦ
3093 2608 3363 2683 Ἀϐραάμ,
3436 2610 3532 2663 καὶ
3576 2608 3663 2664 τοῦ

2102 2708 2308 2773 Ἰσαὰκ,
2359 2707 2454 2761 καὶ
2477 2705 2572 2759 τοῦ
2617 2702 2832 2769 Ἰακὼϐ,
2861 2705 2890 2756 6
2920 2702 3010 2756 διὰ
3034 2700 3193 2755 τοῦτο
3225 2701 3439 2773 Κύριος
3468 2700 3559 2755 τοῦ
3582 2703 3663 2756 οὑ-

417 2812 512 2882 qui
565 2774 715 2866 misit
766 2806 941 2868 illum,
976 2774 1298 2857 viventium,
1326 2799 1467 2853 Deus
1523 2791 1616 2864 (ut
1656 2792 1822 2847 etiam
1874 2791 1976 2859 ipse

2097 2800 2255 2876 ρανοῦ
2285 2800 2381 2855 καὶ
2412 2798 2513 2869 τῆς
2543 2774 2668 2868 γῆξ,
2717 2797 2800 2850 ότι
2850 2795 3149 2865 πεποίηκεν
3189 2794 3351 2860 αὐτὰ,
3398 2786 3555 2860 οὗτος
3579 2796 3663 2849 καῖ

420 2904 581 2961 Jesus
604 2908 837 2958 testatur
867 2897 959 2967 “),
992 2907 1188 2961 nempe
1215 2887 1686 2952 Abraham,lsaac
1717 2896 1771 2940 et
1797 2882 1976 2947 Iacob,

2097 2893 2255 2964 μόνος
2287 2889 2509 2962 ἀγαθὸς,
2564 2889 2658 2942 καὶ
2710 2884 2909 2959 μείζων
2932 2884 3025 2940 τοῦ
3059 2885 3407 2957 πεμφθέντος
3442 2886 3570 2956 (75).
3609 2887 3664 2938 El

416 3008 473 3055 et
502 2998 708 3053 idcirco
736 2991 998 3048 Dominus
1029 2987 1156 3044 coeli
1183 2994 1238 3040 et
1261 2994 1442 3049 terras,
1472 2981 1615 3052 quod
1664 2993 1728 3034 ea
1774 2974 1976 3041 fecerit,

2097 2986 2147 3039 δὲ
2191 2985 2304 3050 καὶ,
2354 2983 2430 3047 ὡς
2468 2980 2898 3053 προειρήκαμεν,
2950 2978 3236 3050 ἁδρότερον
3286 2978 3538 3050 νενόηται
3582 2981 3669 3032 καὶ

417 3093 510 3147 Ιιίε
554 3089 718 3145 etiam
772 3083 922 3141 solus
966 3082 1139 3138 bonus
1178 3080 1225 3115 ’δ
1263 3085 1319 3132 et
1366 3075 1541 3146 major
1592 3082 1676 3129 est
1723 3071 1890 3127 misso
1913 3069 1976 3122 ⁸³.

2097 3079 2203 3141 πᾶς
2244 3078 2274 3129 ό
2321 3074 2523 3146 κόσμος
2568 3073 2819 3164 ὑπόδημα
2865 3067 3003 3126 εἶναι
3046 3071 3141 3126 τοῦ
3181 3071 3355 3143 Ἰησοῦ
3385 3070 3467 3142 τῷ
3514 3072 3667 3142 Ἦρα-

420 3124 510 3147 me
554 3124 718 3145 σιω...
772 3124 922 3141 ειν-...ι
967 3124 1139 3138 κω...-
1266 3124 1319 3132 --
1366 3124 1532 3146 ----,--
1599 3124 1674 3129 ---
1810 3124 1849 3126 η

418 3182 573 3249 Quod
618 3180 665 3236 si
715 3177 894 3232 minus
939 3171 1256 3245 prudenter,
1311 3177 1371 3223 ut
1412 3174 1575 3221 antea
1622 3163 1881 3224 diximus,
1916 3159 1976 3215 ab

2097 3124 2306 3233 κλέῖυνι,
2356 3124 2471 3223 ἀλλ’
2494 3124 2594 3221 όύκ
2634 3124 2933 3237 sine;
2977 3124 3492 3235 συγκατατίθεσθαι.
3553 3124 3669 3227 Iis;

420 3271 754 3331 Heracleone
777 3266 1144 3337 excogitatum
1167 3271 1271 3326 est,
1293 3272 1512 3315 omnem
1530 3255 1694 3310 etiam
1725 3253 1976 3308 mundum

2097 3263 2200 3335 γὰρ
2230 3259 2367 3333 μετά
2395 3261 2495 3332 τῆς
2522 3256 2779 3329 τοιαύτης
2807 3257 3033 3329 ὲκδοχῆς
3061 3255 3362 3329 σωθήσεται
3395 3256 3460 3310 τό
3477 3272 3492 3287 ο
3532 3274 3550 3306 ι
3571 3256 3666 3309 Οὐ·

420 3364 850 3421 ealceamentum
886 3369 1006 3412 esse
1033 3352 1186 3417 Jesu,
1226 3365 1331 3406 non
1361 3348 1601 3403 arbitror
1638 3351 1888 3415 oportere
1930 3351 1991 3397 ut

422 3458 501 3513 illi
528 3452 919 3512 assentiamur.
953 3445 1238 3513 Quomodo
1279 3444 1427 3497 enim
1479 3453 1602 3494 cum
1652 3436 1745 3492 tali
1791 3433 1990 3490 intelli-

421 3538 601 3623 gentia
634 3542 940 3602 servabitur
967 3537 1100 3594 illud
1133 3553 1150 3591 :
1191 3554 1211 3587 ι
1248 3532 1459 3591 C(elum
1507 3530 1642 3585 mihi
1683 3529 1840 3584 sedes
1881 3535 1990 3591 est,

424 3619 570 3699 terra
605 3646 790 3694 autem
823 3630 1139 3691 subsellium
1170 3626 1367 3697 pedum
1406 3638 1653 3679 meorqu
1680 3621 1752 3687 ",
1788 3639 1807 3673 ι
1846 3619 1991 3690 quod

423 3733 799 3795 testimonium
826 3729 907 3784 sic
932 3725 1100 3783 sumit
1143 3720 1303 3777 Jesus
1343 3718 1569 3789 perinde
1619 3715 1777 3785 quasi
1823 3713 1992 3769 Pater

424 3832 475 3885 id
502 3824 743 3882 dixerit?
777 3840 798 3875 ι
829 3819 948 3876 Non
974 3817 1123 3873 enim
1142 3811 1481 3886 juraveritis,
1512 3810 1709 3879 inquit,
1740 3822 1839 3877 per
1875 3822 1989 3863 cce-

424 3925 560 3988 lum,
611 3915 869 3990 quoniam
907 3911 1065 3968 sedes
1094 3918 1182 3965 est
1229 3906 1326 3963 Dei
1369 3921 1385 3971 ;
1425 3917 1602 3972 neque
1629 3916 1727 3970 per
1764 3909 1988 3966 terram,

423 4010 679 4084 quoniam
716 4002 1031 4062 subsellium
1081 3999 1282 4070 pedum
1325 3995 1446 4065 ejus
1475 4003 1561 4050 est
1592 3994 1664 4047 ’⁷.
1698 4011 1718 4045 ι
1758 3991 1991 4047 Proinde

425 4101 717 4176 quomodo,
767 4099 815 4154 si
862 4093 1211 4152 docuerimus
1255 4099 1427 4146 totum
1481 4087 1740 4143 mundum
1789 4084 1993 4140 intelli-

2096 3354 2255 3426 ρανός
2282 3369 2370 3424 μοι
2394 3350 2601 3425 θρόνος,
2628 3350 2739 3422 ἡδὲ
2759 3350 2830 3422 γῆ
2856 3348 3143 3403 ὑποπόδιον
3161 3349 3270 3402 τῶν
3299 3347 3484 3402 ποδῶν
3505 3365 3622 3418 μου,
3645 3366 3661 3397 ι

2096 3443 2540 3519 μαρτυρούμενον
2569 3441 2645 3506 ὡς
2673 3442 2802 3514 περὶ
2845 3440 2945 3495 τοῦ
2981 3439 3199 3513 Πατρδς
3244 3440 3542 3513 εἰρημένον
3572 3440 3667 3493 ὑπὸ

2089 3536 2192 3592 τοῦ
2243 3534 2455 3609 Ἰησοῦ;
2499 3553 2518 3586 t
2558 3534 2652 3605 Μὴ
2691 3533 2800 3605 γάρ
2851 3532 3107 3604 όμόσητε,
3161 3532 3316 3604 φησὶ,
3365 3533 3463 3587 τὸν
3526 3533 3669 3606 οὐρα-

2093 3630 2205 3695 νὸν,
2232 3629 2314 3683 ὅτι
2361 3626 2549 3697 θρόνος
2602 3624 2718 3679 ἐστὶ
2762 3624 2854 3679 τοῦ
2889 3623 3047 3687 Θεοῦ,
3097 3624 3231 3695 μηδὲ
3275 3623 3375 3696 τὴν
3414 3625 3541 3696 γῆν,
3589 3625 3662 3678 ὅτι

2092 3719 2377 3776 ὑποπόδιόν
2402 3721 2517 3772 ἐστι
2547 3717 2656 3771 τῶν
2683 3716 2857 3771 ποδῶν
2879 3716 3064 3770 αὐτοῦ.
3095 3735 3115 3767 r
3158 3716 3284 3780 Πῶς
3305 3716 3384 3781 δὲ,
3423 3716 3561 3788 μετά
3584 3715 3667 3770 τοῦ

2092 3813 2183 3868 τὸν
2213 3812 2330 3866 ὅλον
2357 3811 2560 3882 κόσμον
2589 3808 2843 3880 ὑπόδημα
2876 3808 3111 3864 νοεῖσθαι
3155 3805 3252 3861 τοῦ
3294 3806 3474 3878 Ἰησοῦ
3508 3823 3668 3879 παρα-

2097 3907 2313 3978 στῆσαι,
2339 3904 2591 3975 νοήσεται
2618 3902 2707 3955 τό·
2750 3920 2767 3953 ι
2789 3901 2924 3973 Οὐχὶ
2947 3901 3039 3954 τὸν
3066 3899 3295 3972 οὐρανὸν
3321 3901 3422 3953 καὶ
3451 3899 3551 3971 τὴν
3576 3898 3670 3969 γῆν

2095 3995 2206 4066 ἐγὼ
2232 3994 2443 4067 πληρῶ,
2476 3992 2630 4061 λέγει
2673 3991 2876 4064 Κύριος
2900 4009 2915 4058 ;
2943 4012 2960 4043 ι
3011 3991 3157 4064 Πλὴν
3186 3989 3335 4056 ἀξιον
3388 3991 3667 4061 ἐπιστῆσαι

2097 4088 2227 4142 πότε
2235 4103 2345 4159 ρον,
2360 4085 2438 4156 τῷ
2456 4084 2547 4138 τὸν
2568 4084 2737 4153 Λόγον
2748 4082 2952 4154 καὶτὴν
2974 4082 3173 4153 Σοφίαν
3197 4081 3670 4154 διαπεφοιτηκέναι

426 4169 665 4269 gendum
686 4204 809 4248 esse
826 4187 1251 4244 calceamentum
1279 4181 1429 4249 Jesu,
1462 4180 1590 4236 illud
1620 4178 1976 4249 intelligetur:

2097 4180 2163 4234 δι’
2194 4178 2317 4232 ὅλου
2350 4174 2444 4269 τοῦ
2477 4175 2704 4246 κόσμου,
2734 4173 2826 4227 τὸν
2855 4175 2912 4228 δὲ
2937 4173 3155 4247 Πατέρα
3176 4175 3236 4228 ὲν
3267 4173 3347 4245 τῷ
3370 4173 3489 4245 Υἱῴ
3518 4169 3666 4235 εἶναι,

429 4263 669 4345 ξΝοιιιιε
703 4283 926 4346 caelum,
977 4288 1033 4336 et
1074 4288 1274 4333 terram
1329 4288 1429 4345 ego
1470 4271 1690 4343 impleo,
1723 4272 1856 4328 dicit
1890 4272 1968 4327 Do

2097 4270 2172 4335 ὡς
2203 4264 2555 4341 παρεθέμεθα
2586 4264 2654 4319 τά
2685 4263 2824 4336 ρητά
2874 4263 2953 4318 δεῖ
3000 4264 3224 4336 νοῆσαι·
3261 4263 3295 4335 ἢ
3327 4266 3358 4317 ὁ
3402 4280 3668 4337 erga-(wou-

424 4385 607 4440 miuus
636 4378 714 4434 ³⁸2
735 4397 756 4433 ι
780 4375 1163 4431 Verumtamen
1188 4371 1409 4442 dignum
1428 4374 1514 4423 est
1543 4374 1605 4420 ut
1633 4364 1976 4434 inspiciamus

2100 4363 2278 4436 μένως
2309 4358 2751 4433 περιζωσάμενος
2802 4359 2980 4412 πᾶσαν
3030 4356 3129 4430 τὴν
3179 4357 3377 4422 κτίσιν,
3433 4357 3586 4429 παρά
3613 4354 3668 4408 τὸ

426 4487 609 4533 utrum
639 4472 767 4544 quia
794 4468 987 4525 Sermo
1014 4476 1068 4521 et
1097 4461 1398 4534 Sapientia,
1431 4460 1537 4515 hoc
1569 4466 1653 4513 est
1679 4456 1849 4513 Filius
1874 4457 1976 4523 Dei1

2097 4456 2185 4510 τὸν
2214 4454 2344 4508 Υἱὸν
2393 4448 2532 4506 εἶναι
2565 4453 2624 4506 ἐν
2666 4449 2833 4521 αύτῷ,
2881 4448 3171 4522 ἐχαρίσατο
3218 4447 3296 4519 τῷ
3340 4448 3559 4520 Σωτῆρι
3600 4446 3667 4510 ὡς

422 4584 524 4642 per
582 4576 753 4623 totum
812 4561 1073 4618 mundum
1120 4562 1384 4626 permeet,
1434 4551 1595 4606 Pater
1639 4563 1770 4605 vero
1821 4550 1895 4603 sit
1938 4549 1976 4604 ir

2097 4547 2211 4620 μετ’
2242 4545 2406 4600 αὑτὸν
2434 4544 2691 4615 δευτέρῳ,
2746 4542 2838 4596 καὶ
2864 4540 2982 4612 Θεῷ
3014 4540 3171 4611 Λόγῳ
3216 4540 3563 4611 τυγχάνοντι,
3605 4538 3666 4592 δι’

426 4631 583 4723 ίηιῑο,
636 4663 696 4711 ιιι
733 4652 1119 4725 apposuitnus;
1157 4645 1319 4701 verba
1361 4638 1709 4710 intelligenda
1752 4637 1865 4692 sint
1925 4652 1976 4690 at

2097 4642 2218 4713 ὅλης
2249 4638 2542 4710 ἐφθακέναι
2586 4634 2696 4709 (74)
2730 4635 2829 4706 τῆς
2861 4634 3110 4697 κτίσεως.
3148 4632 3259 4686 Καὶ
3294 4631 3533 4703 μάλιστα
3567 4632 3667 4693 rei;

424 4749 697 4824 praecipue
742 4742 1181 4810 circumcingens
1212 4749 1430 4792 onmem
1481 4740 1816 4796 creaturam,
1862 4744 1976 4800 pro

2097 4731 2410 4803 δυναμένοις
2463 4730 2746 4783 κατανοεῖν
2798 4727 2897 4797 τὴν
2934 4725 3030 4780 τοῦ
3074 4724 3392 4796 τηλικούτου
3444 4720 3667 4795 οὐρανοῦ

427 4815 615 4912 pterea
642 4837 785 4908 quod
817 4835 987 4891 Filius
1019 4833 1091 4887 sit
1120 4831 1173 4885 in
1206 4829 1349 4899 ipso,
1379 4822 1664 4880 donaverit
1691 4821 1967 4878 Servatori

2097 4824 2431 4880 ἀδιάλειπτον
2468 4821 2702 4892 κίνησιν,
2737 4818 2846 4873 ἀπὸ
2873 4817 3144 4871 ἀνατολῶν
3169 4815 3263 4870 ἐπὶ
3293 4815 3509 4887 δυσμὰς
3542 4832 3668 4884 συμ-

427 4904 583 5005 quasi
613 4904 734 5000 post
770 4941 829 4983 se
856 4926 1116 4991 secundo,
1142 4929 1200 4978 et
1235 4919 1347 4975 Deo
1375 4914 1534 4988 Λόγῳ
1562 4914 1864 4980 exsistenti,
1896 4928 1976 4984 pel

2097 4913 2446 4986 περιάγοντος
2469 4911 2582 4982 (75)
2605 4908 2782 4980 ἑαυτῷ
2808 4910 2870 4961 τὸ
2900 4906 3117 4961 τοσοῦτο
3144 4906 3251 4960 τῶν
3273 4905 3526 4978 ἀστέρων
3548 4904 3668 4975 πλῆ-

428 5037 599 5083 totam
625 5029 931 5078 creaturam
961 5030 1262 5088 permeare.
1287 5015 1365 5069 Ac
1394 5009 1741 5082 potissimum
1773 5008 1859 5064 his
1887 5009 1976 5077 qui

2097 5007 2199 5070 θος,
2234 5005 2383 5070 ἀξιον
2435 5003 2587 5056 ἔσται
2626 5002 2907 5073 ζητήσεως
2952 4997 3079 5071 περὶ
3110 4996 3227 5062 τοῦ,
3258 4999 3346 5061 τίς
3375 4998 3408 5067 ή
3434 4994 3667 5066 ἐνυπάρ-

498 5122 544 5157 ”
565 5120 721 5177 Joan.
750 5133 791 5181 ι,
813 5116 904 5171 27.
979 5114 1025 5146 ⁹³
1054 5112 1245 5167 Matth.
1268 5126 1403 5174 xxtt,
1427 5107 1515 5163 '52.
1594 5107 1641 5138 ’⁸
1664 5105 1793 5159 Luc.
1825 5120 1976 5169 xvm,

2097 5143 2107 5158 .
2181 5103 2227 5136 ⁹⁵
2265 5101 2425 5157 Joan.
2453 5096 2679 5163 xtv,28.
2751 5096 2813 5166 "l
2839 5094 2963 5150 lsai.
2992 5094 3224 5157 va1,‘l.
3299 5091 3345 5123 ³⁷
3388 5089 3585 5145 Matth.
3617 5103 3664 5151 ν,

427 5197 518 5262 54,
554 5192 645 5247 55.
721 5187 767 5220 ⁸⁸
794 5184 999 5241 Jerem.
1029 5199 1188 5246 χχιιι,
1226 5181 1321 5235 24.

499 5288 614 5361 (η)
649 5284 793 5361 (ᾄδῃ,
826 5283 972 5361 mg"
997 5278 1321 5361 ἀὲθρώποιΙς,
1535 5347 1546 5361 ι
1900 5343 1985 5361 ΝΔ
2108 5262 2502 5361 ᾉ-(Ἱὸὶλοξτος
2538 5265 2650 5361 ¹καὶ
2675 5260 3143 5361 μόνοςοιξχςαθῐιξς,
3193 5259 3293 5345 καὶ
3319 5256 3537 5361 psi???
3565 5252 3667 5361 τῖῦ
3689 5258 3711 5279 ,ι

500 5325 614 5433 (72)
647 5351 925 5433 Καζπερὶ
951 5325 1058 5405 ⁴ἰοῦ
1085 5325 1409 5433 imo-(51:02
1447 5347 1684 5433 τρύζου,
1742 5343 1976 5433 etc.hSit

2097 5325 2512 5433 ﬁsﬁfbérgoc."
2528 5325 2693 5433 {oar-ii
2727 5325 3026 5433 stu-28’?”
3048 5325 3358 5433 Πορεύομαῐι
3403 5325 3667 5433 πρὸς-[ξὺν

2152 5427 2211 5433 ___
2248 5426 2306 5433 -..
2336 5425 2347 5433 .
2374 5424 2450 5433 Α-.
2594 5422 2623 5433 .-
2704 5422 2731 5433 Α
2769 5420 2867 5433 ..Α-ι
2903 5420 2967 5433 ..ι-
2998 5422 3004 5433 ρ
3030 5418 3102 5433 .-ιιι
3132 5418 3230 5433 ur.“
3290 5398 3371 5433 nar-1'
3467 5400 3517 5433 ιΙί
3603 5394 3667 5433 νδ.

426 5394 632 5490 nam.
647 5394 1053 5481 ’ἑῶιὲἷεῖἠῖξεῖ
1085 5394 1699 5490 ἶιᾌξςῖιέ,”ῥειῖὶᾷείιῖιῖιέ
1742 5394 1976 5490 grass:

2097 5394 2311 5490 Ποῖτέρα
2336 5425 2347 5437 ·
2372 5394 2454 5460 ὅτι
2486 5409 2514 5460 6
2542 5406 2731 5476 Πατήρ
2767 5394 2868 5475 μου
2902 5400 3102 5474 μείζων
3130 5394 3230 5472 μου
3256 5394 3392 5452 ἐστὶ.
3411 5394 3517 5451 Αἰίί
3554 5394 3668 5450 Ori-

430 5482 660 5558 leianus.
690 5512 718 5549 a
752 5495 950 5563 quibus
978 5507 1082 5546 non
1128 5482 1352 5563 re'cessit
1381 5486 1696 5563 Perionius;
1726 5484 1882 5538 aliter
1907 5494 1991 5537 ta-
2098 5482 2340 5563 geniaIna.

432 5532 660 5558 ιῠιᾱιιυδ.
690 5532 718 5549 ει
793 5532 950 5547 IlI-Iuv
979 5532 1082 5546 ἰν-ι
1129 5532 1352 5544 ινννυυιν
1381 5532 1404 5541 ι-
1428 5532 1663 5541 ν--ν-----
1727 5532 1871 5538 νη----
1910 5532 1956 5537 -.-

431 5588 556 5650 men
589 5532 873 5650 legendum
902 5576 1023 5616 esse
1048 5532 1976 5650 suadet'ipseorationis’coutextu:

2098 5532 2281 5650 374)
2316 5547 2709 5619 ,Ἐερθακέναι.
2761 5544 2925 5601 Forte
2980 5542 3262 5614 legendum
3343 5532 3666 5606 πεφ⁰“τη²ίέ’

433 5623 750 5696 ἐίίτεττὶτιι
781 5632 1178 5702 interpretatio.
1225 5623 1459 5702 Hu'etius.
1502 5627 1581 5680 sic
1633 5623 1941 5702 emendarit
1979 5639 1994 5675 :
2100 5640 2206 5676 vat.

2181 5689 2292 5759 (75)
2340 5686 2870 5759 Συμπεριάγοντος.
2935 5684 3027 5741 Sic
3089 5685 3259 5740 codex
3312 5678 3664 5740 Bodleianus;

434 5709 544 5782 Kal.
574 5692 1181 5782 nepbmﬁﬁrjjttoupyoﬁ
1213 5698 1307 5752 τοῦ
1328 5698 1553 5782 κόσμου,
1588 5696 1679 5749 τοῦ
1711 5692 2000 5766 προσώπου

2110 5757 2280 5818 ειιὶιὶσ
2297 5757 2499 5824 lluetii,
2534 5757 2992 5831 συμπεριάγοντα.

433 5777 623 5831 τούτου
646 5769 733 5829 διὰ
755 5773 847 5826 τοῦ
890 5769 1134 5830 ’Ϊωάννου
1164 5769 1473 5841 νοουμένου.
