3766 6142
135 319 216 375 269
1163 311 1518 371 COMMENT.
1554 309 1622 366 IN
1654 310 1848 367 JOAN.
1886 310 2124 368 TOMUS
2163 310 2252 368 VI.

3215 309 3322 368 2⁸⁷0

135 453 270 510 χουσα
316 434 530 506 δύναμις
587 435 842 509 τοσαύτη,
896 438 988 492 καὶ
1034 433 1331 506 τηλικαύτη
1382 431 1460 502 τῷ
1503 431 1657 485 παντί

1775 432 2033 501 dispicere
2056 440 2262 502 queunt
2310 431 2442 484 tanti
2492 431 2614 486 εαξΙί
2663 430 3057 486 indelicicntem
3095 435 3324 493 motum,

135 529 304 598 κόσμῳ.
335 527 546 598 Ἕτερον
576 529 688 601 γὰρ
721 529 873 602 παρά
916 529 1007 584 τὸν
1036 529 1149 599 (76)
1176 527 1396 598 Πατέρα
1443 525 1537 578 καί¹
1569 523 1659 576 τὸν

136 621 234 673 Υἱδν
257 619 442 690 ταύτην
485 619 750 692 τολμῆσαι
788 623 983 687 εἰπεῖν,
1028 622 1236 694 μήποτε
1269 619 1369 674 οὐκ
1390 617 1538 672 ἐστιν
1570 617 1658 669 εὑ-

133 710 272 774 στόές.

1767 534 1828 579 ut
1859 525 2000 594 quod
2031 523 2406 578 circumducat
2431 523 2497 578 ab
2518 523 2730 578 oriente
2776 525 2828 577 in
2869 521 3204 577 occidentem
3237 537 3328 576 us-

1761 630 1866 684 que
1918 623 2120 669 tantam
2164 613 2445 668 stellarnm
2495 613 2914 677 multitudinem,
2953 613 3172 683 dignum
3219 611 3328 666 erit

1759 705 1992 776 quaesita
2022 720 2271 776 quaenam
2316 705 2388 760 sit
2433 719 2496 760 ea
2525 705 2607 761 vis
2637 715 2784 760 tanta
2809 714 2863 758 et
2887 704 3012 759 talis
3057 706 3110 759 in
3167 701 3329 776 ιω

133 816 218 856 uno
269 803 454 858 mundo
512 806 808 863 exsistens.
856 807 993 864 Nam
1049 809 1192 864 aliud
1245 808 1385 864 hanc
1426 805 1614 860 dicere
1670 801 1869 858 audere
1921 811 2119 872 praeter
2156 801 2374 857 Patrem
2419 811 2474 858 et
2517 801 2744 868 Filium,
2796 801 3031 857 fortasse
3081 814 3190 856 non
3243 807 3330 856 est

130 909 265 965 ptum.

185 991 260 1044 9.4.
299 991 483 1046 Ταῦτα
519 993 591 1046 ἐν
633 987 873 1066 Βηθαρᾷ
905 995 1019 1066 (77)
1057 997 1295 1067 ἐγένετο
1332 1001 1525 1070 πέραν
1554 1002 1662 1057 τοῦ

130 1083 400 1152 Ἰορδάνου,
441 1085 597 1142 ὅπου
639 1088 720 1158 ἦν
749 1087 1028 1158 Ἰωάννης
1049 1091 1370 1156 βαπτίζων.
1406 1094 1526 1148 Ὅτι
1563 1095 1660 1164 μὲν

129 1169 278 1237 σχεδὸν
300 1171 354 1223 έν
385 1173 516 1226 πᾶσι
544 1176 657 1238 τοῖς
702 1175 1056 1249 ἀντιγράφοις
1087 1181 1298 1236 κεῖται·
1350 1202 1369 1234 ι
1389 1183 1572 1238 Ταῦτα
1597 1185 1656 1237 ὲν

128 1258 326 1332 Βηθανία
349 1262 581 1331 ἐγένετο,
607 1285 626 1317 υ
678 1267 779 1320 οὐκ
810 1267 1134 1341 ἀγνοοῦμεν,
1184 1273 1279 1327 καὶ
1313 1273 1456 1328 ἔοικε
1499 1276 1656 1330 τοῦτο

127 1352 202 1404 καὶ
238 1352 306 1404 ἐτι
345 1355 606 1428 πρότερον
652 1359 967 1428 γεγονέναι·
1001 1363 1095 1416 καὶ
1139 1365 1289 1436 παρά
1324 1366 1655 1437 Ἡρακλέωνι

125 1441 229 1511 γοῦν
256 1444 510 1515 Βηθανίαν
560 1450 890 1523 ἀνέγνωμεν.
944 1454 1303 1528 Ἐπείσθημεν
1328 1458 1382 1512 δὲ
1419 1460 1492 1532 μὴ
1547 1461 1655 1516 δεῖν

131 1555 146 1586 ι
190 1536 400 1610 Βηθανίᾳ
437 1558 455 1591 ι
515 1541 930 1612 ἀναγινώσκειν,
975 1547 1112 1602 ἀλλά
1154 1549 1467 1623 Βηθαϐαρᾷ,
1502 1554 1655 1622 γενό-

126 1643 248 1697 μενοι
272 1631 325 1682 ὲν
350 1633 458 1695 τοίς
480 1633 672 1699 τόποις
702 1635 812 1708 (78)
841 1639 932 1691 ἐπὶ
955 1640 1194 1713 ἱστορίαν
1221 1642 1330 1696 τῶν
1362 1643 1521 1714 ἰχνῶν
1562 1646 1657 1717 Ἰη-

1830 990 1922 1044 τι.
1967 987 2095 1044 Hec
2117 989 2169 1041 in
2188 987 2485 1042 Bethabara
2509 990 2652 1057 lucta
2676 996 2821 1055 sunt,
2845 996 2991 1041 trans
3008 984 3326 1051 Iordanem,

1762 1082 1852 1138 ubi
1881 1091 1993 1136 erat
2015 1080 2247 1137 Joannes
2269 1081 2540 1149 baptizans
2570 1081 2636 1131 ⁸⁸.
2667 1079 2820 1147 Quod
2852 1079 2904 1133 in
2936 1079 3187 1134 omnibus
3211 1075 3328 1134 fere

1762 1175 2164 1245 exemplaribus
2205 1181 2480 1244 ponatur:
2534 1189 2556 1224 ι
2605 1171 2729 1226 Haec
2771 1171 2824 1225 in
2870 1171 3131 1226 Bethania
3183 1171 3326 1226 facta

1761 1279 1908 1335 sunt,
1949 1285 1972 1322 ι
2007 1283 2112 1322 non
2143 1267 2481 1338 ignoramus,
2513 1273 2568 1320 et
2601 1265 2810 1319 videtur
2836 1263 2939 1320 hoc
2973 1264 3137 1320 etiam
3165 1273 3328 1320 antea

1761 1360 1962 1415 factum
1996 1357 2162 1415 fuisse
2191 1379 2206 1414 :
2237 1357 2380 1413 unde
2409 1356 2553 1427 apud
2581 1354 2971 1412 Heracleonem
3022 1357 3186 1412 etiam
3219 1355 3326 1412 Be-

1763 1449 2006 1504 thaniam
2029 1448 2279 1521 legimus.
2323 1447 2430 1503 Sed
2464 1447 2704 1516 persuasi
2729 1462 2913 1504 sumus
2943 1462 3052 1504 non
3086 1466 3106 1501 ι
3130 1447 3329 1504 Betha-

1761 1541 1873 1606 nia,
1904 1558 1923 1594 ι
1954 1542 2048 1596 sed
2077 1558 2097 1592 ι
2127 1539 2430 1595 Bethabara
2459 1560 2478 1593 ι
2501 1555 2624 1596 esse
2660 1540 3108 1610 legendum,cum
3130 1541 3197 1597 ad
3211 1539 3328 1597 loca

1760 1632 2215 1702 pervenissemus,
2265 1641 2324 1687 ut
2370 1631 2496 1688 Iesu
2542 1631 3046 1702 discipulorumque
3093 1633 3214 1704 ejus
3261 1647 3328 1688 ac

124 1719 216 1782 σοῦ,
247 1722 329 1774 καὶ
355 1722 458 1776 τῶν
507 1725 770 1798 μαθητῶν
817 1729 1004 1795 αὐτοῦ,
1055 1733 1150 1786 καὶ
1194 1733 1304 1788 τῶν
1345 1736 1656 1806 προφητῶν.

1775 1723 2148 1792 prophetarum
2175 1722 2404 1792 vestigia
2435 1722 2851 1792 inspiceremus.
2887 1722 3149 1778 Bethania
3173 1738 3330 1778 nam-

123 1810 322 1880 Βηθανία
352 1815 477 1888 γὰρ,
507 1816 586 1880 ὡς
622 1820 651 1871 ό
679 1819 839 1885 αὐτὸς
872 1822 1262 1897 εὐαγγελιστής
1307 1843 1460 1898 φησι,
1493 1829 1527 1900 ἡ
1553 1847 1658 1883 πα-

120 1902 216 1970 τρὶς
238 1901 497 1976 Λαζάρου,
528 1906 623 1960 καὶ
654 1908 907 1979 Μάρθας,
943 1911 1037 1964 καὶ
1065 1912 1305 1986 Μαρίας,
1332 1914 1525 1985 ἀπέχει
1551 1915 1659 1970 τῶν

128 1991 474 2066 Ἱεροσολύμων
525 1998 771 2064 σταδίους
814 1999 1110 2057 δεκαπέντε
1133 2021 1147 2034 ο
1201 1999 1270 2075 ἦς
1299 2005 1488 2077 πόῤῥω
1512 2005 1660 2060 ἐστὶν

118 2082 407 2157 όΊορδάνης
438 2088 706 2159 ποταμὸς,
739 2089 814 2154 ὡς
858 2090 968 2144 ἀπὸ
1016 2091 1246 2144 σταδίων
1297 2091 1489 2146 πλατεῖ
1517 2091 1660 2164 λόγῳ

119 2181 214 2243 pa“
260 2177 364 2230 ἀλλ’
407 2181 533 2234 οὐδὲ
575 2181 862 2254 ὁμώνυμος
903 2185 968 2256 τῇ
1019 2183 1259 2256 Βηθανία
1306 2185 1470 2250 τόπος
1513 2186 1660 2240 ἐστὶν

117 2267 220 2338 περὶ
244 2269 327 2322 τὸν
367 2271 657 2345 Ἰορδάνην.
707 2275 1025 2330 Δείκνυσθαι
1049 2276 1107 2330 δὲ
1149 2276 1362 2347 λέγουσι
1414 2277 1566 2349 παρὰ
1593 2281 1658 2350 τῇ

118 2355 224 2429 ὗχθῃ
252 2359 336 2412 τοῦ
380 2361 644 2433 Ἰορδάνου
675 2362 744 2416 τά
786 2362 1030 2436 Βηθαρᾶ,
1081 2364 1209 2420 ἔνθα
1255 2366 1525 2437 ἱστοροῦσι
1568 2367 1660 2422 τὸν

128 2449 345 2523 Ἰωάννην
377 2453 768 2523 βεϐαπτικέναι
787 2473 800 2486 ·
837 2456 952 2511 ἔστι
988 2475 1047 2512 τε
1079 2461 1112 2531 ὴ
1140 2459 1406 2530 ἑρμηνεία
1429 2458 1524 2513 τοῦ
1551 2459 1663 2514 ὀνό-

120 2557 258 2609 ματος
299 2546 587 2612 ἀκόλουθος
627 2547 708 2618 τῷ
769 2548 1102 2622 βαπτίσματι
1147 2549 1238 2604 τοῦ
1286 2548 1661 2621 έτοιμάζοντος

118 2637 274 2708 Κυρίῳ
312 2637 435 2692 λαὸν
461 2642 1002 2713 κατεσκευασμένον
1051 2642 1522 2714 μεταλαμϐάνεται
1552 2643 1660 2715 γὰρ

118 2729 179 2792 εἰς
216 2725 369 2783 οἶκον
412 2731 800 2801 κατασκευῆς
829 2751 842 2763 ·
890 2735 922 2805 ὴ
971 2734 1028 2788 δὲ
1079 2734 1318 2806 Βηθανία
1364 2735 1445 2798 εἰς
1493 2730 1662 2789 οἷκον

115 2821 367 2889 ὑπακοῆς.
412 2823 524 2876 Ποῦ
560 2824 670 2897 γὰρ
719 2823 982 2896 ἀλλαχόσε
1034 2827 1199 2898 ὲχρῆν
1248 2824 1526 2897 βαπτίζειν
1571 2825 1660 2879 τὸν

115 2911 444 2969 ἀποσταλέντα
494 2915 730 2985 ἄγγελον
778 2917 886 2989 πρὸ
939 2918 1230 2990 προσώπου
1283 2916 1378 2972 τοῦ
1423 2918 1660 2990 Χριστοῦ

115 3009 480 3063 κατασκευάσαι
523 3009 628 3082 τὴν
677 3009 793 3064 ὁδὸν
826 3011 988 3064 αὑτοῦ
1042 3010 1352 3081 ἔμπροσθεν
1383 3009 1568 3076 αὑτοῦ,
1623 3009 1657 3082 ἢ

1759 1826 1888 1882 que,
1930 1822 1990 1868 ut
2023 1812 2136 1882 ipse
2166 1813 2343 1880 inquit
2367 1811 2697 1882 evangelista
2723 1815 2766 1879 ί,
2799 1814 2972 1884 patria
3014 1812 3232 1880 Lazari,
3267 1821 3326 1868 et

1760 1903 1969 1970 Mariae,
1993 1914 2048 1959 et
2079 1902 2321 1968 Marthae,
2353 1904 2663 1972 quindecim
2717 1905 2914 1961 stadiis
2944 1919 2975 1959 a
3003 1903 3322 1976 Hierosoly-

1761 1997 1865 2052 mis
1911 1998 2102 2062 distat,
2151 2012 2258 2067 qua
2308 1994 2573 2052 Iordanes
2625 1994 2845 2062 ﬂuvius,
2895 1995 3005 2053 lato
3048 2007 3326 2069 computo,

1762 2087 1915 2141 abest
1959 2086 2155 2143 stadiis
2181 2087 2402 2142 circiter
2439 2087 2714 2158 octoginta
2767 2101 2931 2156 supra
2958 2097 3200 2152 centum,
3231 2086 3328 2143 sed

1762 2195 1937 2250 neque
1967 2181 2117 2235 locus
2169 2189 2253 2236 est
2291 2180 2437 2236 circa
2479 2177 2768 2235 Jordanem
2800 2179 2893 2250 qui
2933 2193 3130 2237 nomen
3174 2195 3330 2236 com-

1762 2285 1925 2325 mune
1951 2268 2147 2326 habeat
2178 2284 2300 2324 cum
2339 2269 2628 2325 Bethania.
2670 2270 2867 2325 Dicunt
2902 2279 3084 2325 autem
3116 2269 3329 2327 ostendi

1761 2362 1907 2417 circa
1956 2362 2191 2418 tumulos
2236 2361 2492 2418 Jordanis
2557 2361 2887 2429 Bethabara,
2941 2363 3033 2419 ubi
3086 2362 3332 2421 historia

1761 2455 1947 2510 dicunt
1969 2453 2232 2510 Joannem
2254 2453 2562 2524 baptizasse
2606 2471 2622 2520 ;
2660 2466 2851 2525 estque
2888 2455 3124 2512 nominis
3155 2457 3330 2513 inter-

1761 2548 1993 2616 pretatio
2013 2563 2354 2618 consequens
2374 2549 2687 2618 baptismati
2715 2549 3072 2620 praeparantis
3102 2551 3330 2607 Domino

1761 2637 2013 2707 populum
2064 2639 2390 2694 instructum
2432 2640 2474 2696 ³.
2509 2639 2605 2694 Est
2635 2639 2803 2706 enim,
2838 2640 2885 2696 si
2918 2640 3324 2712 interpreteris,

1761 2731 1949 2784 domus
1984 2730 2346 2786 instructioni:
2368 2747 2388 2786 :
2417 2729 2677 2786 Bethania
2707 2747 2854 2798 vero,
2878 2737 3065 2789 domus
3086 2734 3331 2792 obedien-

1762 2823 1870 2875 tice.
1915 2821 2048 2876 Nam
2098 2821 2342 2890 profecto
2378 2823 2466 2880 ubi
2511 2824 2789 2895 baptizare
2817 2840 2954 2896 opus
2991 2837 3110 2882 erat
3139 2828 3190 2884 ei
3235 2829 3330 2898 qui

1764 2915 1963 2969 missus
1991 2915 2168 2969 fuerat
2196 2924 2323 2969 ante
2353 2914 2551 2970 faciem
2579 2915 2783 2970 Christi
2815 2915 2882 2970 ad
2913 2919 3326 2988 prmparandum

1762 3005 1904 3059 viam
1942 3006 2112 3074 ipsius
2146 3020 2329 3061 coram
2368 3007 2484 3075 ipso
2522 3007 2563 3073 ³,
2601 3022 2762 3077 quam
2803 3007 2857 3062 in
2895 3008 3057 3064 domo
3115 3005 3322 3062 instru-

114 3098 177 3160 εἰς
215 3099 294 3152 τὸν
323 3100 420 3170 τῆς
465 3102 818 3174 κατασκευῆς
843 3097 1024 3170 οἶκον;
1079 3103 1216 3158 Ποία
1263 3103 1318 3158 δὲ
1357 3103 1657 3177 οἰκειοτέρα

1775 3096 2262 3164 :tionisiQumnam
2293 3113 2423 3154 vero
2456 3099 2626 3170 magis
2654 3101 2878 3170 propria
2910 3111 2995 3156 est
3023 3102 3195 3171 patria
3225 3102 3328 3172 ipsi

113 3193 277 3262 πατρὶς
300 3196 361 3264 τῇ
402 3193 499 3266 τὴν
533 3193 749 3266 ἀγαθὴν
781 3194 974 3267 μερίδα
1005 3195 1341 3269 ἐκλεξαμένη
1386 3196 1460 3268 μὴ
1494 3197 1657 3266 ἀφαι-

115 3282 346 3353 ρουμένην
375 3285 546 3356 αὐτῆς
577 3285 828 3355 Μαριὰμ,
885 3286 979 3340 καὶ
1031 3288 1098 3358 τῇ
1133 3286 1526 3360 περισπωμένῃ
1571 3287 1659 3342 διά

113 3372 192 3444 τὴν
227 3375 385 3445 Ἰησοῦ
413 3375 684 3447 ὑποδοχὴν
719 3375 940 3449 Μάρθα,
969 3376 1064 3430 καὶ
1089 3377 1166 3448 τῷ
1191 3376 1398 3434 τούτων
1423 3377 1656 3448 ἀδελφῷ,

115 3466 226 3537 ᾳζλῳ
247 3469 342 3521 ὑπὸ
368 3465 460 3524 τοῦ
506 3470 763 3541 Σωτῆρος
798 3470 1094 3542 εἰρημένῳ,
1127 3469 1384 3542 Λαζάρῳ,
1421 3470 1454 3541 ἢ
1488 3469 1662 3542 Βηθα-

113 3558 182 3611 νία
205 3561 230 3612 ὁ
257 3561 348 3632 τῆς
372 3562 624 3633 ὑπακοῆς
655 3557 803 3626 οἶκος
826 3579 840 3628 ;
871 3563 945 3616 Οὐ
979 3563 1412 3633 καταφρονητέον
1437 3558 1530 3616 οὖν
1562 3562 1659 3632 τῆς

115 3653 216 3723 περὶ
242 3654 305 3707 τά
333 3655 572 3728 ὀνόματα
603 3655 886 3727 ἀκριϐείας
920 3653 997 3724 τῷ
1029 3655 1448 3726 ἀπαραλείπτως
1474 3654 1657 3724 βουλο-

115 3744 236 3816 μένῳ
260 3748 485 3803 συνιέναι
509 3747 584 3802 τά
607 3748 738 3817 διγια
759 3748 1080 3821 γράμματα.
1116 3748 1189 3802 Τὺ
1213 3748 1460 3820 μέντοιγε
1483 3750 1662 3821 ήμαρ-

111 3835 274 3906 τῆτθαι
300 3840 356 3895 ὲν
387 3844 498 3906 τοῖς
540 3840 875 3912 Ἑλληνικοῖς
908 3841 1260 3912 ἀντιγράφοις
1291 3841 1359 3895 τὰ
1391 3842 1519 3913 περὶ
1548 3841 1658 3895 τῶν

109 3929 351 4000 ὀνομάτων
377 3932 675 4004 πολλαχοῦ,
711 3933 806 3986 καὶ
832 3933 942 3986 ἀπὸ
971 3932 1174 3986 τούτων
1204 3932 1270 3986 ἄν
1301 3949 1386 3996 τις
1411 3933 1658 4006 πεισθείη

111 4022 158 4076 ὲν
177 4028 276 4089 τοῖς
301 4026 685 4097 Εὖαγγελίοις·
720 4029 756 4098 ἠ
801 4027 929 4098 περὶ
950 4027 1075 4090 τοὺς
1105 4027 1210 4081 ὑπὸ
1237 4025 1345 4082 τῶν
1370 4027 1659 4098 δαιμονίων

111 4119 688 4191 κατακρημνιζομένους
730 4119 824 4172 καὶ
867 4121 926 4172 ὲν
958 4121 1025 4190 τῇ
1071 4117 1312 4190 Θαλάσσῃ
1357 4136 1658 4189 συμπνιγο-

113 4207 278 4274 μένους
319 4211 535 4283 χοίρους
579 4211 863 4283 οἰκονομία
914 4211 1326 4283 ἀναγέγραπται
1376 4210 1658 4280 γεγονέναι

110 4299 157 4348 ὲν
193 4303 249 4372 τῇ
289 4303 439 4374 χώρᾳ
472 4301 584 4357 τῶν
626 4303 968 4375 Γερασηνῶν.
1011 4304 1227 4373 Γέρασα
1259 4302 1316 4356 δὲ
1356 4302 1457 4373 τῆς
1495 4303 1656 4374 Ἀρα-

111 4390 212 4454 ϐίας
239 4394 348 4448 ἐστὶ
377 4396 556 4460 πόλις,
591 4393 716 4449 οὔτε
749 4394 1022 4450 θάλασσαν
1050 4393 1172 4448 οὔτε
1204 4394 1398 4466 λίμνην
1430 4393 1655 4466 πλησίον

112 4483 297 4554 ἔχουσα.
335 4491 442 4544 Καὶ
470 4491 572 4544 οὐκ
593 4488 661 4543 ἂν
698 4488 868 4554 οὕτως
899 4490 1172 4560 προφανὲς
1203 4488 1394 4559 ψεῦδος
1442 4488 1537 4542 καὶ
1571 4487 1659 4541 εὑ-

113 4575 332 4646 έλεγκτον
373 4583 422 4635 οἰ
455 4579 842 4650 εὐαγγελισταὶ
887 4582 1198 4653 εἰρήκεσαν,
1249 4579 1439 4651 ἄνδρες
1466 4582 1659 4651 ἐπιμε-

113 4670 200 4734 Αῶς
241 4674 590 4742 γινώσκοντες
640 4673 710 4728 τὰ
751 4674 880 4746 περὶ
931 4674 1032 4746 τὴν
1073 4673 1348 4728 Ἰουδαίαν.
1402 4673 1552 4726 Ἐπεὶ
1601 4671 1657 4725 δὲ

167 4791 206 4822 θ’
228 4789 373 4848 Joan.
406 4809 446 4854 ι.
485 4792 579 4848 28.

659 4795 674 4823 ¹
704 4791 856 4847 .Ioan.
890 4807 930 4856 l,
969 4792 1023 4858 I,
1055 4791 1142 4846 18.
1219 4793 1240 4822 ¹
1264 4791 1392 4845 Luc.
1428 4807 1467 4853 ι,
1500 4791 1587 4845 I7.
1666 4791 1686 4821 ³
1721 4789 1851 4843 ibid.
1887 4790 1976 4844 76.

1761 3191 1967 3257 Mariae,
1997 3207 2118 3261 qua;
2145 3191 2381 3263 elegerat
2413 3193 2612 3249 bonam
2644 3207 2854 3264 partem
2885 3211 2916 3250 a
2949 3211 3008 3252 se
3038 3213 3144 3252 non
3175 3198 3332 3255 aufe-

1761 3283 1984 3339 rendam
2009 3283 2054 3349 δ,
2097 3291 2153 3339 et
2198 3283 2420 3340 Marthae
2465 3286 2516 3340 in
2555 3286 2770 3342 diversa
2803 3287 3079 3345 distractae
3108 3301 3331 3363 propter

1760 3377 2166 3448 suscipiendum
2215 3376 2398 3433 Iesum
2442 3380 2486 3445 ⁸,
2531 3387 2694 3450 atque
2742 3381 2981 3450 ipsarum
3033 3382 3188 3439 fratri
3225 3384 3334 3440 La-

1763 3485 1911 3540 zaro,
1944 3472 2037 3541 qui
2073 3489 2100 3526 a
2133 3472 2422 3530 Servatore
2462 3476 2671 3531 amicus
2714 3477 2916 3534 dicitur
2957 3479 3001 3545 ⁸,
3031 3495 3196 3551 quam
3226 3480 3330 3537 Bc.

1761 3565 1946 3619 thania
1974 3565 2300 3622 obedientis:
2327 3569 2520 3624 domus
2543 3569 2568 3622 ?
2593 3569 2778 3640 Itaque
2799 3575 3195 3629 contemnenda
3217 3590 3326 3631 non

1761 3666 1844 3712 est
1871 3667 2126 3714 accurata
2153 3660 2297 3714 circa
2331 3661 2551 3717 nomina
2585 3663 2862 3733 diligentia
2897 3666 2946 3721 ei
2974 3665 3068 3736 qui
3093 3665 3332 3723 voluerit

1761 3749 1928 3818 probe
1955 3749 2256 3820 intelligere
2297 3763 2518 3808 sanctas
2565 3754 2796 3812 litteras.
2849 3755 3133 3812 Peccatum
3175 3757 3330 3827 equi-

1761 3841 1881 3894 dem
1916 3838 2237 3910 freqnenter
2289 3840 2454 3896 fuisse
2507 3843 2558 3896 in
2592 3845 2871 3913 gentilium
2901 3849 3327 3916 exemplaribus,

1761 3928 1998 3999 indeque
2026 3941 2204 3985 errata
2241 3931 2292 3985 in
2341 3933 2649 4004 Evangeliis
2692 3935 2954 3990 translata
3007 3937 3167 3992 facile
3209 3941 3331 4007 quis

1761 4024 1968 4079 credat.
2015 4024 2354 4094 Dispensatio
2408 4041 2642 4097 namque
2679 4029 2826 4084 circa
2877 4044 3070 4099 porcos
3114 4047 3147 4086 e
3197 4047 3331 4103 rupe

1762 4117 2150 4186 praecipitatus,
2180 4127 2235 4172 et
2263 4118 2315 4171 in
2337 4119 2468 4172 mari
2494 4119 2791 4175 suffocatus
2816 4136 2845 4174 a
2877 4121 3163 4176 daemoniis
3187 4125 3332 4178 scri-

1762 4207 1906 4263 bitur
1936 4208 2076 4262 facta
2099 4209 2119 4240 ⁷
2157 4209 2326 4264 fuisse
2356 4211 2406 4263 in
2473 4211 2593 4265 loco
2646 4210 3063 4268 Gerasenorum.
3127 4214 3329 4271 Gerasa

1759 4313 1939 4356 autem
1973 4303 2104 4358 urbs
2127 4313 2212 4358 est
2239 4305 2473 4366 Arabiae,
2501 4319 2675 4376 neque
2697 4322 2846 4362 mare
2876 4322 3052 4378 neque
3080 4317 3330 4379 stagnum

1760 4393 1814 4448 in
1842 4395 2147 4464 propinquo
2179 4395 2405 4450 habens.
2445 4393 2558 4451 Nec
2607 4399 2950 4453 mendacium
2991 4399 3126 4454 adeo
3159 4415 3326 4470 aper-

1765 4494 1917 4551 tum,
1971 4487 2226 4556 quodque
2275 4487 2440 4544 facile
2491 4489 2744 4560 redargui
2809 4501 3014 4561 posset,
3065 4492 3332 4551 dixissent

1761 4577 2130 4648 evangelium,
2165 4579 2267 4633 viri
2312 4579 2601 4651 diligenter
2648 4593 3006 4653 agnoscentes
3045 4587 3322 4656 regionem

1763 4668 1982 4729 Judmaa.
2003 4669 2270 4738 Quoniam
2301 4671 2454 4744 14],
2477 4688 2604 4728 vero
2625 4673 2681 4728 in
2713 4676 2900 4744 paucis
2927 4677 3330 4747 exemplaribus

2051 4792 2074 4822 ⁵
2103 4789 2233 4845 Luc.
2259 4806 2314 4857 ι,
2343 4791 2434 4846 41.
2509 4793 2530 4823 ⁸
2567 4789 2699 4846 ibid.
2730 4791 2820 4846 45.
2896 4788 3098 4845 'Joau.
3135 4804 3212 4855 xi,
3238 4788 3293 4842 Η
3322 4809 3336 4857 ;

114 4858 274 4915 Ilanh.
311 4879 428 4926 vni,
457 4863 552 4928 28,
582 4862 684 4919 39..
765 4864 785 4894 ⁷
821 4861 989 4919 Marc.
1015 4877 1068 4934 ν,
1099 4865 1149 4929 1,
1182 4861 1248 4916 l3
1276 4879 1290 4927 ;
1324 4863 1453 4916 Luc.
1481 4876 1593 4926 vm,
1617 4860 1707 4926 96,
1734 4860 1824 4927 33,
1853 4861 1942 4916 37.

168 4978 268 5054 αδ)
300 4981 477 5054 Ειίἰιίο
519 4979 724 5054 liuetii,
754 4982 882 5054 περὶ
900 4981 1190 5054 τδνηειο..
1217 4980 1382 5054 male.

170 5050 270 5122 (77)
321 5051 511 5106 Ταῦτα
568 5053 638 5106 ἐν
687 5050 946 5122 Βηθάρᾷ.
1015 5051 1278 5122 Origenes
1339 5052 1392 5122 in
1445 5050 1649 5107 Catena

113 5121 316 5192 quadam
341 5122 508 5192 Regia
543 5125 597 5176 in
623 5119 785 5177 λοιπή.
815 5119 988 5187 1,28:
1018 5119 1138 5192 Χρῆ
1159 5123 1214 5176 δὲ
1245 5119 1651 5192 γινώσκειν,ὄτι

113 5188 170 5264 τά
194 5189 378 5264 ἀκριῆἧ
417 5188 528 5246 τῶν
560 5193 904 5264 ἀντιγράφων
937 5188 1544 5264 ῨΒηδαϐαρᾷπεριέχει.
1588 5192 1655 5264 Ἦ

114 5213 170 5240 τα
194 5213 378 5262 ακριηη
417 5213 528 5246 των
560 5213 904 5316 αντιγῖαφων
934 5213 1242 5316 ηυηοαυαρᾳ
1283 5213 1544 5314 πεςιεχει.
1607 5213 1655 5276 ξι

114 5258 206 5329 γὰρ
232 5261 460 5344 Βηθανία
493 5263 625 5344 οὐχὶ.
656 5280 698 5344 π
731 5282 831 5335 ραν
851 5281 964 5344 ’του
1002 5264 1016 5278 “
1041 5263 1264 5344 ορδρινου
1283 5306 1298 5329 ,
1395 5263 1440 5344 λ’
1490 5263 1658 5344 ἐγγυς

115 5344 201 5381 που
250 5333 352 5405 τῶν
409 5333 795 5405 Ἱεροσολύμων
848 5333 1202 5405 ἐστίνηΙίιιίιῚι
1260 5334 1518 5405 setjptunt
1557 5333 1657 5405 ali-

115 5403 305 5466 quando
341 5402 608 5474 reperias,
636 5402 947 5474 Βηθαραϐᾶ,
994 5404 1288 5472 aliquando
1333 5402 1652 5474 Βηθαὸαρᾶ,

115 5483 217 5534 Quae
237 5486 356 5526 vera
388 5475 554 5530 lectio
580 5485 694 5539 est,
721 5486 774 5530 et
797 5488 958 5544 quam
1018 5485 1262 5544 secutum
1295 5487 1416 5527 esse
1457 5476 1650 5540 Orige-

116 5552 221 5614 nem
245 5553 444 5614 certum
488 5556 594 5611 est,
620 5544 771 5614 juxta
816 5543 1064 5598 codicum
1117 5543 1427 5614 Graecorum
1494 5543 1652 5596 fidem

113 5605 286 5664 Joann.
314 5628 350 5678 ι,
373 5613 464 5669 28.
507 5605 658 5668 Ηεέιῖρ
689 5617 830 5668 enim
863 5630 1044 5669 vocent
1073 5615 1274 5677 vertit,
1306 5611 1452 5676 οἶκος
1483 5630 1654 5666 κατα-

117 5680 318 5749 σκευῆς,
349 5698 383 5753 Va
409 5694 515 5744 nu
533 5695 588 5739 et
614 5696 751 5747 m3.
777 5685 916 5753 quod
951 5685 1241 5750 aliquando
1281 5682 1520 5737 redditur
1557 5700 1657 5736 κα-

114 5752 468 5820 τασκευάζειν,
510 5769 568 5811 ιιι
600 5755 747 5812 Isaiae
796 5752 882 5824 η,
919 5754 1010 5821 28,
1039 5765 1160 5814 ῈἾΝ
1191 5763 1328 5821 MBD
1357 5763 1494 5816 N112
1515 5753 1654 5816 LXX

1758 4987 2039 5033 verterunt
2067 4995 2081 5032 :
2109 4981 2137 5032 ὁ
2166 4980 2575 5060 κατασκευάσας
2594 4979 2661 5034 τά
2694 4980 2840 5052 ἄκρα
2867 4981 2967 5053 τῆς
2999 4981 3124 5105 γέις.
3162 4981 3238 5039 Ita
3273 4999 3329 5042 et

1760 5050 1912 5105 Isaiae
1938 5064 2089 5105 xuu.
2117 5051 2172 5103 7.
2208 5050 2360 5105 Ouod
2390 5065 2433 5104 ει
2469 5052 2776 5105 scripsisset
2819 5053 3040 5105 Βηθαοα
3081 5054 3134 5105 ἆ.
3159 5069 3329 5105 exuo.

1760 5050 1912 5124 Isaiae
1938 5051 2172 5124 xun,_7.
2208 5050 2360 5124 Quod
2390 5050 2779 5124 siuscripsisset
2819 5050 3134 5124 Βηθαραϐἂ,
3159 5069 3330 5124 ettva

1761 5121 1988 5192 suisset,
2015 5138 2036 5170 ‹
2077 5121 2267 5174 domus
2298 5120 2594 5192 humilis,»
2635 5121 2719 5176 vel
2752 5139 2770 5173 ι
2813 5120 3005 5177 donius
3029 5120 3324 5192 vesperae.»

1763 5191 2492 5262 quemadmodumuexponit
2527 5191 2903 5262 llieronymns
2952 5193 3004 5247 in
3062 5191 3202 5248 libro
3253 5194 3329 5248 De

1764 5257 1891 5314 locis
1909 5257 2384 5313 HebraicisNertit
2401 5260 2686 5330 utrobique
2702 5257 2863 5315 Ferra
2873 5263 3326 5328 rius,Bemabara,

1767 5331 1904 5384 adeo
1941 5339 1999 5382 ut
2023 5331 2099 5383 sic
2124 5331 2291 5398 ipsius
2322 5331 2576 5384 habuisse
2603 5333 2841 5385 codicem
2861 5333 3081 5387 dubium
3109 5349 3211 5386 non
3233 5335 3325 5399 sit,

1764 5401 1941 5470 inquit
1978 5399 2221 5455 Iluetius.
2267 5399 2648 5454 Verumtamen
2701 5403 2753 5455 in
2791 5403 2977 5456 codice
3032 5404 3326 5456 Bodleiano

1765 5487 1864 5543 nec
1907 5487 2012 5525 non
2044 5471 2310 5543 in_codice
2335 5471 2632 5543 Barberino
2666 5473 2952 5540 utrobique
2993 5471 3190 5543 legitur
3217 5472 3326 5543 Βηο

1763 5540 1923 5614 Θαρᾶ,
1953 5556 2055 5614 non
2088 5539 2398 5614 Βηοαὸαρᾶ.

1833 5611 1944 5682 (ἴε)
1976 5613 2297 5680 Γενόμενοι
2326 5611 2394 5664 ἐν
2425 5611 2547 5678 τοῖς
2575 5615 2798 5678 τόποις,
2824 5623 2930 5668 etc.
2967 5611 3021 5664 Id
3069 5619 3176 5663 tttm
3221 5611 3328 5680 pri.

1765 5699 1909 5736 mum
1944 5682 2152 5753 videtur
2205 5683 2528 5753 contigisse.
2581 5699 2700 5753 cum
2767 5684 3094 5740 Alexandria
3134 5682 3324 5753 pulsus

1765 5754 2026 5808 Caesareae
2050 5752 2382 5808 domicilium
2415 5753 2621 5808 statuit.
2644 5751 2902 5808 llusrtus.
