3766 6142
175 310 260 363 277
1231 310 1588 366 ΕΟΜΜΕΙΝΤ.
1627 311 1692 366 ΙΝ

1810 311 1917 366 AN.
1955 309 2196 368 TOMUS
2227 309 2317 365 Vl.

3266 303 3370 358 278

170 431 471 503 εὐαγγελικῷ
505 431 812 503 κηρύγματι
855 431 1027 503 Ἰησοῦ
1067 431 1159 487 τοῦ
1193 434 1427 504 Χριστοῦ
1451 452 1462 464 ·
1498 435 1696 506 διόπερ,

1812 435 1864 489 in
1897 435 2089 504 spiritu
2123 443 2177 488 et
2204 433 2257 487 in
2289 431 2472 486 ﬁuvio.
2504 429 2573 484 At
2601 427 2757 485 Jesus
2792 427 2957 498 Moysi
2983 427 3275 482 succedens
3305 428 3369 482 ﬁ-

169 526 210 580 εἰ
232 524 315 577 καὶ
340 523 534 585 πάντες
560 523 752 576 ἐκεῖνοι
799 524 879 586 εἰς
917 524 1121 594 Μωσῆν
1159 524 1508 595 βαπτίζονται
1557 529 1614 578 ἐν
1639 530 1704 598 τῇ

167 614 336 686 νεφέλῃ
374 613 464 666 καὶ
511 614 568 665 ἐν
607 615 673 684 τῇ
709 613 972 688 Θαλάσσῃ,
1009 616 1202 687 πικρὸν
1237 617 1334 686 μέν
1376 634 1428 670 τι
1479 617 1707 688 ἔχεικαὶ

169 708 377 780 ἁλμυρὸν
417 705 476 759 τὸ
514 706 735 760 ἐκείνων
764 705 1064 776 βάπτισμα,
1087 706 1166 760 ἐτι
1199 707 1544 778 φοϐουμένων
1580 711 1707 774 τοὺς

167 799 362 871 ἐχθροὺς
389 798 516 868 παρ’
545 797 743 863 αὐτῶν,
781 800 876 851 καὶ
905 797 1256 852 ἀναϐοώντων
1299 800 1434 870 πρὸς
1462 800 1551 853 τὸν
1589 801 1704 853 Κύ-

167 908 262 965 ριον
288 891 374 944 καὶ
398 889 475 959 τῷ
523 891 693 960 Μωσῇ
734 889 1022 958 λεγόντωψ
1049 908 1066 940 ι
1098 889 1255 961 Παρὰ
1282 891 1342 943 τὸ
1356 892 1706 962 μὴὺπάρχειν

169 983 393 1054 μνήματα
422 983 479 1034 ἐν
511 979 788 1051 Αἰγύπτῳ,
823 980 1087 1051 ἐξήγαγες
1115 983 1261 1052 ἡμᾶς
1302 982 1605 1037 θανατῶσαι
1648 986 1704 1036 ἐν

165 1077 222 1146 τῇ
244 1075 448 1145 ἐρήμῳο
478 1073 532 1125 τί
565 1072 720 1126 τοῦτο
752 1073 1011 1143 ἐποίησας
1037 1073 1187 1143 ἡμῖν,
1218 1073 1496 1143 ἐξαγαγὼν
1525 1076 1582 1142 ἐξ
1610 1077 1696 1129 Αί-

165 1169 372 1235 γύπτου;
407 1185 425 1217 ι
453 1166 527 1220 Τὸ
551 1165 606 1218 δέ
635 1167 715 1229 εἰς
756 1166 961 1237 Ἰησοῦν
986 1165 1284 1237 βάπτισμα,
1313 1169 1370 1221 ἐν
1395 1167 1473 1239 τῷ
1493 1169 1704 1239 ἀληθῶς

163 1259 326 1328 γλυκεῖ
359 1259 445 1312 καὶ
488 1260 704 1330 ποτίμῳ
751 1258 1001 1330 ποταμῷ,
1041 1259 1212 1314 πολλά
1234 1260 1345 1330 ἔχει
1373 1262 1503 1332 παρ’
1530 1263 1704 1316 ἐκεῖνο

165 1351 412 1423 ἐξαίρετα,
465 1351 570 1422 ἤδη
620 1351 992 1424 τρανουμένης
1049 1353 1141 1406 καὶ
1195 1353 1506 1423 πρέπουσαν
1554 1353 1704 1420 τάξιν

163 1444 507 1516 λαμϐανούσης
536 1445 639 1516 τῆς
670 1444 976 1508 θεοσεϐείας
997 1463 1009 1475 ·
1052 1444 1280 1509 κιϐωτὸς
1308 1445 1417 1517 γὰρ
1450 1444 1549 1516 τῆς
1577 1448 1703 1500 Δια-

163 1537 312 1608 θήκης
336 1536 540 1606 Κυρίου
564 1534 660 1588 τοῦ
693 1533 827 1587 Θεοῦ
855 1532 1011 1603 ἡμῶν
1040 1534 1132 1586 καὶ
1163 1535 1328 1605 ἱερεῖς
1361 1534 1456 1588 καὶ
1482 1536 1705 1588 Λευῖται

164 1626 486 1698 πορεύονται,
533 1625 628 1679 τοῦ
684 1623 812 1679 λαοῦ
860 1623 1123 1694 ἑπομένου
1180 1628 1292 1688 τοῖς
1346 1626 1704 1698 θεραπευταῖς

1807 543 1941 598 gnra
1975 525 2073 579 fuit
2103 523 2230 580 Jesu
2261 524 2461 579 Chrisli
2481 563 2496 588 ,
2526 524 2618 594 qui
2652 521 2962 591 evangelica
2991 519 3371 590 praedicatione

1809 619 1882 673 illi
1929 617 2286 681 asconomize,
2328 631 2448 686 qua:
2481 625 2590 685 per
2636 615 2806 685 legem
2857 623 2975 668 erat
3002 651 3019 676 ,
3074 612 3366 680 successit;

1807 725 1964 779 quam
1984 710 2053 763 ob
2073 723 2315 773 causam,
2343 708 2556 763 etiamsi
2583 722 2770 761 omnes
2799 707 2851 760 in
2883 704 3062 776 Moyse
3090 704 3370 772 baptizan-

1811 814 1896 858 tur
1937 803 1989 856 in
2021 800 2161 854 nube
2203 810 2258 856 et
2284 802 2337 856 in
2371 802 2530 867 mari,
2563 815 2809 855 amarum
2853 808 3091 854 attamen
3124 795 3368 851 nonnihil

1807 904 1861 949 et
1893 895 2086 951 falsum
2117 896 2280 950 habet
2311 894 2523 948 illorum
2552 891 2838 962 baptisma,
2863 891 3040 945 adhuc
3066 889 3365 943 timentium

1809 990 2061 1044 inimicos
2095 989 2163 1044 ab
2192 989 2346 1057 ipsis,
2380 997 2437 1042 et
2465 987 2812 1041 clamantium
2848 985 2913 1038 ad
2959 983 3240 1036 Dominum
3287 981 3368 1034 di—

1807 1085 2160 1152 centiumque
2190 1081 2358 1150 Moysi
2387 1081 2432 1112 ²⁹
2457 1097 2470 1132 :
2509 1096 2527 1128 ι
2553 1078 2840 1146 Propterea
2871 1077 3012 1146 quod
3052 1089 3154 1128 non
3183 1084 3368 1128 essent

1807 1184 2151 1228 monumenta
2180 1175 2230 1227 in
2264 1173 2521 1243 zEgypto,
2549 1168 2778 1224 eduxisti
2804 1184 2920 1232 nos,
2949 1175 3008 1222 ut
3034 1164 3368 1220 interﬁcercs

1806 1267 1860 1322 in
1891 1281 2110 1322 eremo:
2140 1264 2291 1336 [quid
2319 1265 2420 1319 hoc
2441 1262 2623 1317 facere
2649 1260 2883 1324 voluisti,
2912 1267 2971 1312 ut
2994 1258 3249 1312 educeres
3273 1271 3369 1311 nos

1805 1370 1871 1410 ex
1890 1354 2158 1426 IEgypto?
2185 1353 2235 1426 ι]
2268 1355 2337 1408 At
2369 1366 2496 1409 vero
2542 1349 2806 1420 baptisma
2844 1349 2898 1405 in
2945 1347 3094 1412 Jesu,
3122 1346 3176 1400 in
3203 1344 3368 1400 ﬂuvio

1803 1460 1932 1501 vere
1959 1445 2099 1501 dulci
2136 1455 2190 1500 et
2221 1443 2466 1516 potabili,
2495 1441 2662 1496 multa
2694 1442 2891 1496 eximia
2926 1455 3038 1510 prae
3070 1439 3159 1494 illo
3186 1437 3364 1508 bapti-

1805 1546 1980 1592 smate
2009 1538 2207 1604 habet,
2239 1538 2492 1591 nimirum
2524 1537 2646 1606 quia
2667 1536 2780 1607 jam
2811 1533 3042 1589 clareret
3067 1531 3364 1600 acciperet-

1805 1643 1910 1699 que
1935 1629 2212 1684 decentem
2236 1629 2478 1683 ordinem
2508 1628 2598 1682 Dei
2622 1626 2819 1682 cultus.
2839 1627 2976 1680 Area
3003 1625 3144 1680 enim
3172 1623 3364 1678 Testa-

159 1721 237 1774 τοῦ
258 1721 399 1787 Θεοῦ,
427 1721 682 1774 κάκείνου
711 1718 766 1771 δὲ
798 1720 908 1781 τοῖς
943 1717 1179 1788 χωροῦσι
1203 1718 1300 1790 τὴν
1333 1721 1460 1792 περὶ
1483 1720 1696 1788 ἁγνείας

1808 1719 1972 1773 menti
2011 1718 2221 1773 Domini
2269 1718 2360 1773 Dei
2417 1717 2610 1784 nostri,
2644 1727 2699 1772 et
2732 1717 3038 1772 sacerdotes
3083 1724 3139 1769 et
3186 1713 3366 1768 levita:

161 1814 365 1884 ἐντολήν.
388 1785 618 1884 ’Ἰησοῦς
637 1811 691 1864 δέ
721 1811 869 1880 λέγει
894 1785 973 1881 τῷ
995 1785 1108 1880 λαῷ
1132 1785 1298 1881 (917"
1331 1830 1350 1863 ι
1390 1785 1696 1882 ’Ᾰγνίσασθε

1809 1810 2135 1878 praecedunt,
2171 1817 2433 1877 sequente
2471 1808 2684 1877 populo,
2716 1816 3085 1877 sequenteque
3119 1805 3209 1860 illo
3253 1804 3366 1858 cul-

160 1906 224 1967 εἰς
251 1904 338 1974 τὴν
366 1902 800 1976 αὖριον,ποιήσει
837 1903 895 1954 ἐν
931 1903 1059 1972 ἡμῖν
1074 1903 1277 1974 Κύριος
1323 1902 1626 1974 θαυμάσια·
1676 1921 1693 1954 ι

159 1992 234 2046 καὶ
249 1994 348 2057 τοῖς
373 1990 569 2064 ἱερεῦσι
595 1991 728 2062 μετά
752 1990 849 2062 τῆς
875 1991 1105 2044 κιϐωτοῦ
1152 1992 1250 2063 τῆς
1299 1993 1569 2064 Διαθήκης
1610 2011 1703 2047 κε-

158 2081 279 2134 λεύει
315 2081 743 2153 προπορεύεσθαι
792 2083 1098 2155 ἐμπροσθεν
1141 2084 1234 2138 τοῦ
1281 2085 1431 2148 λαοῦ,
1480 2087 1567 2139 ὅτε
1612 2089 1704 2140 καὶ

158 2172 207 2224 τὸ
234 2174 513 2244 μυστήριον
540 2175 642 2245 τῆς
678 2173 771 2227 τοῦ
808 2174 1019 2245 Πατρὸς
1054 2175 1189 2245 πρὸς
1211 2177 1302 2229 τὸν
1333 2176 1458 2230 Υίὸν
1489 2177 1598 2248 (92)
1624 2179 1702 2230 οί-

158 2265 381 2334 κονομίας
421 2265 766 2336 ἐμφαίνεται,
813 2266 1254 2338 ύπερυψούμενον
1293 2269 1386 2320 ὑπ’
1422 2269 1582 2322 αὑτοῦ
1623 2270 1702 2322 δι-

157 2356 310 2421 δόντος
329 2359 592 2430 χάρισμα,
627 2379 645 2410 ι
677 2359 744 2413 ἵν’
774 2361 832 2412 ἐν
856 2359 934 2430 τῷ
961 2360 1184 2430 ὀνόματι
1227 2361 1399 2431 Ἰησοῦ
1438 2363 1543 2414 πᾶν
1574 2363 1700 2430 γόνυ

158 2449 321 2522 κάμψῃ
357 2451 715 2522 ἐπουρανίων,
744 2451 839 2505 καὶ
878 2453 1156 2520 ἐπιγείων,
1194 2453 1287 2506 καὶ
1316 2453 1699 2524 καταχθονίων,

158 2541 235 2593 καὶ
274 2543 414 2595 πᾶσα
445 2543 670 2611 γλῶσσα
716 2543 1197 2614 ἐξομολογήσηται,
1233 2545 1314 2598 ὅτι
1358 2545 1561 2617 Κύριος
1596 2548 1698 2618 Ἰηρ

159 2635 263 2700 σούς
285 2636 508 2709 Χριστὸς
549 2639 631 2701 είς
660 2636 815 2702 δόξαν
838 2636 970 2691 Θεοῦ
998 2638 1229 2709 Πατρός.
1268 2657 1285 2690 ι
1313 2638 1410 2691 Διά
1442 2638 1551 2709 γὰρ
1582 2639 1701 2692 τού-

156 2743 244 2782 των
269 2727 510 2800 δηλοῦται
543 2731 606 2785 ἐν
638 2729 715 2800 τῷ
756 2729 960 2797 Ἰησοῦ
994 2731 1465 2801 ἀναγεγραμμένῳ
1492 2730 1664 2784 ταῦτα
1684 2747 1698 2762 ’

1807 1908 1949 1954 tores
1995 1898 2109 1952 Dei.
2157 1898 2422 1954 Caeterum
2466 1899 2550 1953 his
2585 1899 2674 1969 cmi
2712 1898 3017 1969 percipiunt
3052 1896 3361 1951 mandatum

1805 1988 1871 2043 de
1906 1988 2353 2053 sanctiﬁcatione,
2401 1988 2535 2044 dicit
2583 1987 2759 2054 Jesus;
2808 2000 3002 2052 nempe
3053 1987 3250 2056 populo
3280 1984 3360 2038 ’σε

1810 2099 1826 2130 ι
1875 2078 2303 2134 Sanctiﬁcamini
2351 2079 2404 2133 in
2438 2079 2754 2145 crastinum,
2790 2078 2952 2134 faciet
2990 2079 3043 2132 in
3077 2078 3226 2133 vobis
3254 2077 3362 2132 Do-

1804 2171 1983 2226 minus
2017 2170 2311 2225 mirabilia.
2348 2189 2368 2222 ι
2403 2168 2542 2236 Quin
2573 2170 2942 2225 sacerdotibus
2975 2171 3137 2224 etiam
3176 2170 3364 2238 prmci—

1804 2265 1880 2332 pit
1906 2277 2025 2317 cum
2059 2278 2185 2318 arca
2214 2263 2546 2318 Testamenti
2589 2265 2896 2332 pracedere
2927 2277 3108 2319 coram
3143 2261 3362 2330 populo,

1803 2354 2017 2424 quando
2043 2356 2207 2410 etiam
2239 2354 2553 2426 mysterium
2585 2352 2890 2409 ostenditur
2915 2353 3232 2406 oeconomia:
3260 2351 3364 2405 Pa-

1805 2449 1902 2504 tris
1939 2449 2007 2502 ad
2051 2447 2246 2502 Filium
2293 2445 2749 2516 superexaltatum
2799 2443 2866 2498 ab
2899 2445 3014 2520 ipso
3040 2485 3056 2514 ,
3088 2445 3179 2517 qui
3214 2442 3364 2502 dedit

1804 2539 1878 2593 illi
1907 2538 2014 2593 hoc
2041 2552 2257 2602 munus,
2295 2555 2315 2589 ι
2347 2545 2406 2591 υι
2434 2537 2488 2594 in
2519 2535 2738 2595 nomine
2765 2540 2890 2596 ἔθευ
2917 2555 3078 2594 omne
3105 2554 3243 2610 genu
3270 2537 3363 2592 fle-

1803 2640 2003 2698 ctatur,
2037 2630 2360 2698 cmlestium,
2413 2634 2752 2689 terrestrium
2803 2643 2858 2687 et
2904 2632 3278 2698 inlernorum,
3308 2640 3364 2686 et

1800 2726 1976 2782 omnis
2027 2725 2206 2796 lingua
2240 2726 2564 2781 conﬁteatur
2609 2725 2752 2795 quod
2784 2725 2939 2780 Jesus
2974 2724 3224 2780 Christus
3257 2723 3361 2778 Dn.

161 2837 176 2870 ι
199 2820 293 2873 Καὶ
316 2817 430 2874 εἷπε
455 2822 664 2893 Κύριος
686 2821 821 2893 πρὸς
849 2821 1054 2892 Ἰησοῦν
1074 2840 1086 2852 ο
1123 2823 1211 2876 Ἐν
1236 2826 1300 2894 τῇ
1331 2823 1512 2894 ἡμέρᾳ
1532 2822 1696 2895 ταύτῃ

1805 2818 1980 2872 minus
2010 2825 2093 2872 est
2120 2819 2186 2872 ad
2221 2817 2449 2887 gloriam
2477 2816 2571 2871 Dei
2597 2817 2773 2871 Patris
2803 2816 2867 2870 ³¹.
2899 2835 2916 2866 ι
2947 2815 3049 2868 Per
3080 2817 3191 2868 haec
3216 2815 3360 2867 enim

155 2911 354 2984 ἄρξομαι
379 2914 594 2983 ὑψῶσαι
628 2907 686 2969 σε
724 2916 1054 2971 κατενώπιον
1085 2916 1190 2970 τῶν
1228 2915 1358 2968 uith
1387 2915 1631 2987 Ἰσραήλ·
1675 2935 1693 2966 ι

1805 2910 2142 2965 declarantur
2170 2910 2260 2964 illa
2288 2950 2303 2975 ,
2338 2924 2458 2978 quae
2492 2919 2616 2963 sunt
2662 2910 2716 2962 in
2758 2909 2896 2963 libro
2929 2908 3018 2976 qui
3061 2907 3361 2974 inscriptus

159 3003 233 3054 καὶ
259 3003 534 3058 ἀκουστέον
562 3004 658 3058 τοῦ
691 3005 894 3077 Κυρίου
911 3006 958 3076 ’ἡ
967 3005 1080 3075 μῶν
1119 3006 1290 3076 Ἰησοῦ
1315 3006 1564 3075 λέγοντος
1587 3007 1696 3070 τοῖς

1805 3010 1886 3056 est
1915 2999 2042 3054 Iesu
2071 2998 2250 3055 Nave:
2275 3018 2294 3052 ι
2322 3000 2389 3055 Et
2416 2999 2550 3054 dixit
2573 2999 2832 3055 Dominus
2854 2999 2919 3053 ad
2944 2997 3155 3054 Jesum:
3192 2998 3246 3052 In
3276 2998 3362 3051 die

157 3094 268 3158 υἱοῖς
301 3096 540 3168 Ἰσραήλ·
585 3116 602 3149 ι
639 3099 948 3169 Προσάγετε
1007 3091 1144 3161 ὧδε,
1189 3100 1283 3152 καὶ
1333 3099 1592 3153 ἀκούσετε
1639 3098 1696 3153 τὸ

1805 3095 1904 3149 hac
1938 3094 2188 3163 incipiam
2215 3092 2458 3148 exaltare
2486 3103 2537 3147 te
2568 3107 2750 3147 coram
2786 3093 2908 3146 ﬁliis
2947 3091 3108 3146 Israel
3141 3091 3208 3143 ³¹.
3241 3109 3258 3142 ι
3293 3089 3361 3145 Ει

159 3185 280 3255 ῥῆμα
308 3188 505 3260 Κυρίου
549 3188 648 3241 τοῦ
683 3189 818 3242 Θεοῦ
861 3189 1018 3261 ἡμῶν
1041 3207 1052 3219 ·
1091 3192 1147 3244 ἐν
1196 3189 1370 3261 τούτῳ
1403 3189 1694 3260 γνώσεσθε,

1805 3185 2098 3240 audiendus
2123 3193 2206 3240 est
2235 3183 2492 3240 Dominus
2522 3194 2710 3240 noster
2733 3185 2914 3240 dicens
2939 3183 3061 3238 ﬁliis
3088 3182 3255 3238 lsrael
3280 3181 3355 3236 ³³;

156 3276 219 3328 ὅτι
247 3277 365 3342 Θεὸς
389 3276 494 3343 ζῶν
527 3283 591 3334 ἐν
625 3281 752 3352 ύμῖν
783 3282 948 3334 ἐστιν.
981 3282 1067 3337 Ἐν
1091 3281 1201 3352 γὰρ
1232 3282 1310 3352 τῷ
1338 3282 1694 3352 βαπτίσασθαι

1805 3296 1822 3326 ι
1855 3277 2114 3333 Accedite
2143 3277 2270 3341 huc,
2299 3285 2354 3332 et
2379 3275 2610 3334 audietis
2641 3277 2865 3332 verbum
2897 3275 3108 3330 Domini
3137 3275 3227 3329 Dei
3261 3289 3359 3330 no-

155 3369 220 3431 είς
252 3369 440 3440 Ἰησοῦν
475 3372 822 3443 γνωσόμεθα,
862 3375 944 3426 ὅτι
985 3372 1118 3436 Θεὸς
1151 3373 1258 3437 ζῶν
1296 3377 1354 3428 ἐν
1386 3376 1518 3444 ἡμῖν
1559 3376 1692 3427 ἐστι.

155 3459 303 3514 Κάκεῖ
334 3465 425 3534 μὲν
468 3464 530 3518 τὸ
581 3465 772 3534 Πάσχα
803 3466 1145 3537 ποιήσαντες,
1179 3468 1236 3521 ἐν
1278 3466 1553 3536 Αἰγύπτῳ,
1599 3468 1697 3539 ἀρ-

155 3548 236 3620 χὴν
259 3550 348 3619 τῆς
372 3551 546 3618 ἐξόδου
595 3553 905 3608 ποιοῦνται·
955 3554 1102 3626 παρὰ
1140 3554 1197 3608 δέ
1228 3554 1307 3625 τῷ
1342 3554 1515 3626 Ἰησοῦ
1559 3556 1697 3626 μετά

154 3639 236 3712 τὴν
280 3641 446 3699 δίοδον.
489 3643 584 3697 τοῦ
625 3643 911 3715 Ἰορδάνου,
966 3648 1032 3717 τῇ
1081 3645 1280 3720 δεκάτῃ
1323 3643 1694 3717 τοῦδπρὼτου

155 3733 298 3802 μηνὸς
320 3737 911 3810 κατεστρατοπέδευσαν
941 3739 997 3790 ἐν
1026 3738 1338 3808 Γαλγάλοις,
1367 3739 1456 3792 ὅτε
1482 3738 1696 3811 πρῶτον

155 3819 242 3874 ἔδει
267 3821 487 3878 λαϐόντα
527 3824 590 3879 τὸ
633 3826 902 3898 πρόϐατον
937 3826 1044 3896 (9'5)
1094 3829 1426 3898 ἐπονομάσαι
1457 3829 1582 3892 τοὺς
1602 3829 1692 3880 εύ-

154 3913 564 3986 ωχηθησομένους
607 3917 745 3987 μετά
791 3917 852 3971 τὸ
896 3918 1070 3990 Ἰησοῦ
1125 3918 1425 3990 βάπτισμα.
1475 3921 1585 3974 Καὶ
1625 3923 1690 3992 τῇ

151 4003 405 4079 ἀκροτόμῳ
451 4010 632 4081 πέτρᾳ
685 4009 794 4081 (94)
845 4011 950 4064 ὑπὸ
993 4011 1165 4082 Ἰησοῦ
1217 4015 1266 4066 οἱ
1315 4013 1420 4066 υἱοὶ
1460 4013 1691 4085 Ἰσραὴλ,

153 4097 253 4151 δτοι
290 4101 410 4154 ποτέ
462 4103 827 4176 ἀπερίτμητοι
872 4099 1014 4176 ἦσαν
1057 4103 1164 4156 τῶν
1201 4104 1594 4177 ἐξεληλυθότων
1635 4107 1692 4173 ἐξ

148 4191 408 4260 Αἰγύπτου,
437 4197 850 4268 περιτέμνονται
869 4214 882 4228 ο
916 4197 1008 4251 τὸν
1049 4177 1105 4250 δέ
1135 4199 1434 4270 ὀνειδισμὸν
1465 4200 1564 4269 τῆς
1596 4200 1691 4252 Αἰ-

152 4282 327 4348 γύπτου
366 4289 579 4358 ἀφελεῖν
622 4289 824 4362 Κύριος
868 4290 1119 4362 ὁμολογεῖ
1155 4294 1219 4362 τῇ
1263 4291 1444 4364 ἡμέρᾳ
1481 4291 1574 4345 τοῦ
1614 4293 1690 4356 εἰς

1798 3370 1939 3425 stri:
1989 3369 2041 3422 in
2081 3370 2186 3423 hoe
2227 3369 2529 3440 agnoscetis
2577 3369 2744 3425 Deum
2790 3369 3064 3424 viventem
3110 3369 3163 3422 in
3206 3369 3360 3424 vobis

1795 3475 1937 3517 esse.
1972 3479 1991 3514 ι
2025 3459 2160 3515 Cum
2196 3460 2340 3514 enim
2375 3461 2718 3530 baptizamur
2746 3462 2798 3516 in
2831 3460 2980 3526 Jesu,
3015 3460 3361 3530 agnoscimus

1797 3551 1964 3608 Deum
1999 3551 2267 3606 viventem
2295 3552 2347 3605 in
2379 3551 2535 3607 nobis
2559 3566 2699 3607 esse.
2729 3552 2795 3606 Et
2819 3551 2926 3606 illie
2948 3552 3185 3621 quidem,
3209 3566 3359 3606 nem-

1795 3659 1864 3714 pe
1914 3643 1967 3697 in
2019 3640 2251 3713 Egypto
2277 3680 2290 3707 ,
2328 3642 2592 3698 facientes
2623 3641 2849 3708 Pascha,
2893 3643 3214 3713 principium
3243 3642 3359 3697 cxi-

1799 3745 1884 3790 tus
1933 3733 2173 3800 faciunt;
2209 3743 2264 3788 at
2311 3749 2440 3791 vero
2489 3735 2629 3804 apud
2683 3732 2880 3790 Jesum’
2900 3745 3022 3803 post
3073 3735 3357 3788 transitum

1795 3827 2047 3884 Jordanis
2075 3827 2122 3860 ³⁸
2148 3829 2355 3884 decima
2391 3829 2550 3899 primi
2583 3830 2786 3885 mensis
2815 3829 3183 3885 castrametati
3231 3840 3360 3884 sunt

1796 3921 1850 3975 in
1877 3920 2149 3991 Galgalis:
2204 3919 2360 3992 145
2392 3920 2605 3990 quando
2635 3921 2870 3992 primum
2900 3925 3216 3991 oportebat,
3263 3921 3358 3991 qui

1795 4015 2094 4084 accepisset
2123 4029 2305 4079 ovem,
2338 4029 2643 4072 convocare
2673 4017 3057 4073 convivaturos
3104 4027 3226 4087 post
3267 4019 3356 4074 ba-

1793 4107 1989 4176 ptisma
2023 4105 2173 4161 ἔθευ.
2210 4106 2371 4162 Petra
2394 4117 2577 4164 autem
2604 4109 2922 4165 acutissima
2960 4110 3356 4166 circumcidun-

1795 4208 1880 4252 tur
1911 4198 2004 4252 ﬁlii
2052 4198 2219 4254 Israel
2251 4215 2280 4254 a
2313 4198 2440 4256 Jesu
2472 4200 2540 4268 ³⁸,
2575 4201 2827 4255 nimirum
2857 4207 2999 4272 quod
3027 4216 3217 4258 omnes
3258 4204 3360 4257 ﬁlii

1791 4304 1978 4344 eorum
2009 4291 2100 4361 qui
2131 4293 2333 4362 egressi
2376 4292 2588 4348 fuerant
2615 4308 2684 4348 ex
2709 4293 2960 4364 Egypto,
2990 4294 3354 4349 incircumcisi

162 4373 340 4446 Ἰησοῦν
363 4378 752 4452 βαπτίσματος,
772 4382 860 4435 ὅτε
897 4383 1104 4453 Ἰησοῦς
1125 4383 1544 4455 περιεκάθαιρεν
1567 4385 1690 4447 τοὺς

1805 4391 1972 4438 essent
1997 4420 2016 4449 ,
2064 4392 2120 4438 et
2155 4384 2502 4453 opprobrium
2531 4383 2748 4457 [Egypti
2785 4386 2987 4440 fatetur
3013 4385 3274 4441 Dominus
3297 4401 3358 4441 se

155 4465 278 4531 υἱοὺς
310 4469 529 4543 Ἰσραήλ.
583 4473 891 4545 Γέγραπται
945 4475 1080 4546 γάρ’
1113 4493 1131 4526 ι
1166 4474 1275 4526 Καὶ
1319 4470 1440 4527 εἷπε
1485 4473 1687 4547 Κύριος

1805 4471 2007 4527 tuferre
2055 4471 2108 4527 in
2141 4472 2228 4528 die
2275 4474 2612 4542 baptismatis
2645 4474 2702 4528 in
2733 4472 2860 4529 Jesu
2888 4515 2903 4540 ,
2955 4476 3170 4544 quando
3199 4473 3358 4532 Jesus

151 4557 218 4628 τῷ
241 4559 394 4633 Ἰησοῦ
419 4565 518 4636 υἱῷ
545 4566 724 4636 Ναυῆ·
768 4566 854 4619 Ἐν
889 4569 954 4638 τῇ
995 4567 1230 4637 σήμερον
1261 4565 1443 4636 ἡμέρᾳ
1471 4565 1687 4635 ἀφεῖλον

1805 4563 2152 4634 undequaque
2199 4565 2511 4634 puriﬁcavit
2557 4565 2696 4620 ﬁlios
2741 4563 2924 4620 Israel.
2962 4567 3235 4637 Scriptum
3269 4578 3356 4624 est

152 4648 227 4701 τὸν
253 4652 532 4726 ὀνειδισμὸν
571 4658 848 4726 Αἰγύπτου
872 4660 964 4728 ἀφ’
996 4657 1167 4728 ὑμῶν.
1208 4677 1227 4709 ι
1261 4657 1394 4709 Τότε
1427 4657 1688 4727 ἐποίησαν

1805 4655 1929 4709 :uim
1957 4655 2032 4710 ³⁶;
2071 4674 2090 4708 ι
2120 4655 2188 4709 Ει
2215 4657 2354 4711 dixit
2380 4658 2638 4713 Dominus
2671 4658 2736 4712 ad
2764 4656 2949 4713 Jesum
2976 4658 3141 4714 ﬁlium
3169 4659 3349 4716 Nave:

154 4740 196 4794 ei
239 4745 332 4800 υἱοὶ
379 4749 589 4821 Ἰσραὴλ
653 4750 716 4802 τὸ
765 4751 952 4820 Πάσχα
999 4753 1066 4820 τῇ
1126 4749 1690 4821 τεσσαρεσκαιδεκάτῃ

1810 4765 1840 4801 n
1878 4750 1962 4803 die
1989 4749 2090 4805 hac
2124 4749 2332 4805 devolvi
2355 4766 2385 4804 a
2408 4751 2556 4804 vobis
2585 4749 2840 4820 probrum
2864 4751 3098 4820 Egypti.
3140 4772 3158 4805 ι
3200 4753 3362 4809 Tune

153 4836 306 4908 ἡμέρᾳ
325 4840 413 4893 τοῦ
444 4842 611 4912 μηνὸς
646 4842 822 4912 πολλῷ
847 4843 940 4896 τοῦ
967 4845 1024 4898 ἐν
1055 4841 1314 4912 Αἰγύπτῳ
1344 4841 1686 4913 ἱλαρώτερον,

1805 4841 2029 4897 'ecerunt
2055 4843 2152 4898 ﬁlii
2192 4843 2357 4900 Israel
2391 4844 2591 4914 pascha
2631 4843 3038 4912 quartadecima
3072 4845 3156 4900 die
3196 4861 3350 4901 men-

153 4927 224 4981 ὅτε
256 4933 340 4984 καὶ
367 4932 562 5003 ἔφαγον
594 4935 701 4988 ἀπὸ
728 4936 820 4989 τοῦ
855 4936 1004 4989 σίτου
1036 4937 1136 5004 τῆς
1159 4936 1318 5005 ἁγίας
1349 4936 1453 5006 γῆς
1483 4936 1685 5008 ἄζυμα,

1805 4936 1864 4991 iis
1892 4937 1956 5000 ³⁷,
1985 4936 2143 5007 longe
2166 4953 2328 5007 quam
2352 4940 2405 4992 in
2431 4937 2665 5010 [Egypto
2689 4939 2933 5005 hilarius,
2952 4941 3169 5009 quando
3188 4942 3354 4996 etiam

207 5048 424 5131 ”
472 5054 727 5131 xrt'ull.‘
773 5054 1074 5131 "_._Iu_s_._ltl,
1099 5058 1171 5131 ΑΒ,
1306 5058 1375 5131 __"_
1401 5058 1648 5131 Philipp.
1671 5075 1696 5112 ll

1805 5061 1931 5122 ,ll.
2009 5059 2051 5090 ³¹
2095 5060 2208 5114 ἔοε.
2253 5077 2333 5126 Ill,
2374 5063 2425 5114 7.
2502 5063 2544 5093 ³³
2578 5063 2708 5116 ibid.
2759 5062 2812 5129 9,
2856 5063 2940 5116 10.
3019 5063 3064 5095 ³⁸
3113 5062 3225 5119 ἔοε.
3274 5080 3348 5131 ιν,

153 5116 223 5204 l9.
289 5119 330 5151 ιι
361 5119 471 5177 tos.
506 5138 559 5189 ν,
599 5123 655 5188 2,
697 5123 752 5179 8.
826 5127 872 5158 ιο
910 5116 1168 5183 ἱῠὶό.’9.’
1220 5127 1264 5158 ιτ
1304 5127 1436 5183 ibid.
1494 5116 1676 5184 lli-'12.

212 5234 326 5316 ςθιο)
354 5237 755 5316 Paraphrastice
785 5245 1051 5316 interpres
1088 5247 1254 5304 vertit
1288 5248 1435 5303 hunc
1478 5249 1678 5316 locum,

154 5311 229 5390 qui
252 5311 321 5390 sic
348 5311 410 5365 ad
436 5311 666 5369 litteram
704 5317 852 5390 reddi
892 5311 1072 5390 potest
1099 5335 1112 5371 :
1248 5328 1298 5372 et
1327 5318 1524 5374 Levita:
1547 5311 1686 5390 pra);

155 5374 346 5461 fidum,
389 5395 623 5461 sequente
651 5388 856 5461 populo
894 5374 1119 5442 cultores
1163 5389 1297 5461 Dei,
1343 5374 1684 5461 sequent'eqtte

155 5440 233 5530 ἱιίὶίεο
246 5440 342 5530 eos
358 5453 441 5518 qui
452 5440 758 5530 'percipiim'l
801 5440 1112 5530 mandatur—it
1144 5440 1208 5513 άέ
1218 5440 1229 5442 ἡ

156 5510 638 5596 υίςξί-αιεῖειῇἔεευε
659 5510 881 5596 populo"
896 5510 1051 5582 Eutr.

160 5585 314 5704 σοὲξὶί.)
354 5592 502 5648 Υῐόν.
545 5596 620 5651 Ita
659 5585 832 5654 codex
885 5600 1243 5663 Bodleianus;
1300 5601 1529 5672 Regius,
1574 5602 1680 5674 Ἰη-

213 5671 266 5704 υν
274 5695 285 5707 .

219 5723 319 5788 (93)
373 5732 500 5788 "Ore
566 5736 797 5804 πρῶτον
849 5739 964 5794 ἔδει
1024 5743 1286 5798 λαϐόντα
1342 5746 1406 5796 τὸ
1465 5744 1682 5813 πρόϐα-

1787 5260 2050 5322 manete.
2085 5251 2293 5322 Pascha
2315 5253 2580 5322 intelligit,
2613 5254 2725 5309 Jos.
2749 5270 2800 5322 v,
2834 5255 2920 5309 10.

1857 5320 1967 5392 (94)
1993 5321 2106 5393 Καὶ
2132 5320 2206 5390 τῇ
2232 5320 2535 5391 ἀκροτόμῐρ
2568 5320 2795 5393 πέτρᾳ(
2820 5326 2887 5380 Et
2937 5327 3050 5383 Jos.
3081 5344 3134 5385 ν.
3189 5327 3242 5391 2,
3289 5335 3347 5383 et

1783 5391 1950 5466 Εκυᾱ.
1983 5407 2058 5458 ιν,
2089 5392 2441 5466 25,νιιαι›ειυι·
2460 5403 2559 5457 '13,
2587 5391 2705 5463 quae
2724 5391 2831 5466 ’vox
2849 5405 2903 5448 et
2925 5410 3121 5463 petram
3146 5408 3206 5450 et
3230 5397 3346 5466 gla-

1781 5462 1926 5514 dium
1949 5473 2126 5516 sonat.
2171 5465 2338 5528 Quem
2367 5473 2544 5516 autem
2593 5462 2931 5519 intellectum
2983 5468 3068 5520 hic
3119 5462 3340 5531 habeat,

1780 5533 2122 5599 grammatici
2161 5543 2392 5587 certant.
2424 5532 2617 5588 Varius
2653 5535 2866 5603 quidem
2896 5546 2980 5589 est
3036 5535 3190 5591 hodie
3235 5539 3344 5591 cir-

1781 5603 2125 5673 cumcisionis
2159 5605 2292 5656 ritus
2326 5605 2465 5673 apud
2491 5603 2728 5665 Judaeos,
2754 5605 2844 5657 sed
2878 5605 3023 5658 ferro
3052 5606 3163 5659 fere
3186 5615 3357 5660 ututi--

1785 5681 1891 5745 tur.
1918 5671 2226 5745 At_s_iiiccm
2262 5671 2442 5730 tanien
2468 5675 2593 5731 olim
2623 5674 2934 5730 adhibuisse
2984 5689 3182 5745 negare
3235 5694 3359 5732 non.

1781 5742 1968 5797 ausim.
1999 5741 2254 5798 Hunnus.
