3766 6142
375 278 481 333 279

1854 278 2109 337 ORIGEN
2116 280 2177 335 IS

3524 294 3624 344 280

371 397 727 454 comederunt
756 413 787 454 e
813 398 1083 457 frumento
1108 408 1268 458 terrae
1294 409 1496 458 sancta:
1525 416 1738 473 azyma,
1769 410 1822 456 et
1854 418 1929 456 no.

2061 401 2147 454 καὶ
2181 401 2277 473 νέᾳ
2312 405 2481 474 τροφῇ
2515 402 2608 455 τοῦ
2646 402 2820 473 μάννα
2856 402 3155 475 κρείττονα.
3183 406 3259 457 Ου
3292 404 3399 477 γὰρ
3427 405 3515 458 ὅτε
3533 406 3626 477 τὴν

376 507 501 550 rum
548 494 727 549 cibum
795 495 1077 550 meliorem
1131 510 1350 549 manna.
1404 494 1589 563 Neque
1640 495 1785 550 cnim
1828 510 1949 549 cum

374 594 579 641 terram
631 586 1015 657 promissionis
1065 588 1421 654 acceperint,
1473 585 1756 641 vilioribus
1801 587 1951 640 cibat

325 738 333 745 ,
371 694 469 733 eos
500 678 674 746 Deus;
713 694 886 748 neque
917 678 1056 735 duce
1102 678 1196 734 tali
1230 677 1356 734 Jesu
1391 679 1706 734 inferiorem
1753 694 1948 750 panem

374 781 765 842 assequuntur.
817 771 928 827 Hoc
971 772 1134 827 etiam
1173 774 1519 843 perspicuum
1559 773 1666 828 erit
1697 773 1951 827 conside-

377 863 515 916 ranti
542 877 724 918 veram
748 873 1101 934 sanctamque
1126 872 1349 933 terram,
1376 865 1631 919 nimirum
1657 879 1948 937 supernam

372 953 697 1013 Jerusalem.
732 955 885 1011 lianc
912 958 981 1011 ob
1008 972 1226 1012 causam
1263 958 1315 1013 in
1340 957 1432 1012 illo
1466 959 1631 1012 etiam
1660 958 1950 1030 Evangelio

373 1048 505 1102 illud
529 1048 747 1118 ponitur
769 1050 811 1080 ³⁸
837 1069 850 1104 :
918 1068 935 1101 ι
959 1048 1149 1105 Patres
1179 1050 1347 1105 vestri
1386 1051 1438 1104 in
1474 1052 1689 1105 deserto
1717 1053 1948 1106 mandu-

373 1148 636 1195 caverunt
683 1154 901 1207 manna,
937 1151 993 1195 et
1040 1141 1238 1195 mortui
1291 1149 1440 1196 sunt.
1484 1140 1585 1208 Qui
1624 1143 1767 1196 hunc
1817 1155 1949 1196 vero

374 1245 566 1296 panem
600 1232 1033 1296 manducaverit,
1068 1232 1113 1285 is
1140 1231 1385 1288 victurus
1413 1242 1498 1287 est
1529 1233 1580 1288 in
1611 1240 1895 1286 aeternum.
1923 1249 1942 1284 ι

374 1319 569 1375 Manna
608 1323 809 1377 etenim
857 1321 1008 1384 illud,
1052 1323 1267 1378 etiamsi
1299 1331 1419 1377 erat
1450 1322 1607 1394 panis
1632 1337 1662 1377 a
1714 1322 1824 1377 Deo
1852 1321 1950 1377 da-

376 1425 483 1478 lus,
517 1426 638 1469 erat
674 1424 850 1470 tamen
895 1416 1050 1487 pultis
1080 1414 1357 1486 profectus
1387 1425 1442 1471 et
1470 1416 1763 1491 augmenti
1793 1455 1809 1481 ,
1861 1416 1948 1473 his

372 1507 740 1573 suppatlitatus
778 1508 867 1575 qui
913 1509 1210 1563 etiamnum
1247 1508 1555 1579 indigerent
1595 1509 1946 1580 paedagogis,

371 1608 599 1666 eratque
627 1602 780 1668 panis
811 1602 1363 1657 convenientissimus
1393 1603 1476 1657 his
1504 1603 1595 1672 qui
1623 1603 1725 1658 sub
1757 1605 1949 1658 tutori-

374 1688 474 1742 bus
500 1699 554 1744 et
597 1693 939 1748 curatoribus
968 1694 1218 1749 erant”.
1264 1695 1335 1749 At
1380 1709 1512 1750 vero
1547 1695 1703 1765 panis
1751 1710 1948 1751 recens

2052 494 2170 549 κατ’
2202 495 2533 564 ἐπαγγελίαν
2562 494 2665 566 γῆν
2698 494 3051 566 ὰπειλήφασι,
3080 498 3193 560 τοῖς
3221 496 3497 551 ἐλάττοσιν
3532 498 3625 551 αῦ-

2048 587 2179 649 τοὺς
2224 588 2378 658 ἑστιᾷ
2429 585 2593 651 Θεός-
2640 586 2763 640 οὐδὲ
2814 586 2901 640 διὰ
2940 586 3036 641 τοῦ
3086 587 3405 659 τηλικούτου
3458 589 3625 659 Ἰησοῦ

2051 679 2440 755 ὑποδεεστέρου
2484 681 2649 754 ἄρτου
2697 682 3047 753 τυγχάνουσι.
3083 685 3155 737 Τό
3198 687 3245 737 τ’
3280 684 3433 737 ἔσται
3465 683 3661 754 σαφὲς’

2049 771 2128 844 τῷ
2159 773 2257 845 τὴν
2280 772 2456 846 ἀληθῇ
2483 775 2644 844 ἁγίαν
2687 775 2938 846 νοήσαντι
2971 775 3097 846 γῆν,
3128 777 3221 829 καὶ
3259 776 3360 848 τὴν
3392 777 3503 830 ἄνω
3534 777 3627 830 Ἰε-

2052 881 2147 936 ρου
2155 864 2286 936 σαλή
2296 882 2352 935 μ.
2379 865 2477 919 Διὰ
2491 865 2647 918 τοῦτο
2660 866 2754 919 κα)¹
2771 866 2829 921 ὲν
2842 865 2920 937 τῷ
2939 866 3086 938 αὐτῷ
3104 868 3422 938 Εὐαγγελίῳ
3437 870 3626 922 κεῖται·

2056 974 2077 1007 ι
2115 958 2179 1009 Οἱ
2210 957 2442 1028 πατέρες
2472 954 2674 1030 [ὑμῶν]
2709 961 2765 1012 ὲν
2795 961 2860 1031 τῇ
2890 960 3081 1033 ἐρήμῳ
3114 959 3316 1030 ἔφαγον
3343 960 3406 1014 τὸ
3440 961 3628 1032 μάννα,

2052 1049 2145 1103 καὶ
2175 1049 2473 1104 ἀπέθανον·
2508 1054 2537 1104 ὁ
2573 1050 2763 1121 φαγὼν
2804 1052 2992 1107 τοῦτον
3029 1054 3118 1107 τὸν
3149 1055 3333 1125 ἄρτον,
3369 1052 3524 1123 ζήσει
3554 1054 3629 1119 εῖς

2048 1143 2139 1195 τὸν
2161 1143 2350 1198 αἰῶνα.
2384 1163 2402 1195 ι
2434 1142 2507 1195 Τὸ
2540 1144 2637 1214 μὲν
2669 1143 2777 1217 γὰρ
2814 1145 3009 1215 μάννα,
3040 1146 3089 1198 εἰ
3112 1146 3204 1199 καὶ
3230 1146 3337 1200 ἀπὸ
3372 1144 3466 1198 τοῦ
3497 1145 3628 1198 θεοῦ

2048 1235 2345 1307 διδόμενος,
2376 1235 2539 1308 ἄρτος
2560 1231 2628 1307 ἦν
2663 1236 2965 1308 προκοπῆς,
3006 1237 3167 1309 ἄρτος
3190 1239 3303 1301 τοῖς
3330 1237 3412 1290 ἔτι
3439 1237 3630 1292 παιδα-

2049 1326 2417 1396 γωγουμένοις
2447 1325 2866 1400 χορηγούμενος,
2897 1326 3059 1400 ἄρτος
3093 1331 3205 1391 τοῖς
3238 1326 3343 1381 ὑπδ
3380 1328 3489 1398 (95)
3522 1329 3631 1383 ἑπι-

2048 1420 2283 1491 τρόπους
2311 1418 2405 1473 καὶ
2446 1419 2763 1491 οἰκονόμους
2789 1419 3210 1491 ἀρμονιώτατος,
3250 1422 3307 1476 Ὀ
3349 1423 3444 1476 καὶ
3476 1423 3534 1475 ὲν
3565 1424 3627 1495 τῇ

2048 1511 2178 1582 ἁγία
2204 1512 2274 1582 γῇ
2314 1509 2433 1575 νέος
2473 1511 2583 1565 ἀπὸ
2616 1510 2707 1564 τοῦ
2757 1512 2902 1565 σίτου
2941 1512 3039 1584 τῆς
3070 1512 3195 1583 γῆς,
3232 1514 3406 1585 Ἰησοῦ
3436 1514 3628 1586 προξε-

2048 1603 2285 1668 νοῦντος,
2316 1602 2682 1675 θεριζόμενος,
2714 1602 2889 1658 ἄλλων
2931 1605 3030 1674 μὲν
3060 1605 3471 1659 κεκοπιακότων
3497 1605 3628 1678 (96),

2047 1693 2155 1746 τῶν
2188 1692 2244 1746 δὲ
2280 1692 2534 1765 μαθητῶν
2571 1693 2735 1748 αὐτοῦ
2770 1692 3110 1764 θεριζόντων,
3135 1696 3298 1765 ἄρτος
3322 1691 3392 1766 ἦν
3422 1695 3629 1750 ἐκείνου

372 1783 674 1847 demessus,
728 1787 1028 1841 mcdiatore
1072 1785 1226 1855 Iesu,
1266 1788 1320 1843 in
1372 1797 1517 1843 terra
1549 1799 1739 1844 sancta
1768 1803 1799 1844 e
1831 1788 1929 1843 l‘ru-

2061 1785 2443 1859 ζωτικώτερος,
2476 1789 2589 1851 τοῖς
2619 1786 2716 1859 τὴν
2749 1786 3007 1860 πατρῴαν
3037 1788 3399 1860 κληρονομίαν
3428 1789 3516 1842 διὰ
3536 1790 3630 1861 τὴν

371 1882 554 1928 mento
581 1883 762 1942 teme,
795 1892 858 1932 ea
883 1893 1005 1946 quae
1037 1878 1129 1933 alii
1180 1878 1570 1933 laboraverunt
1623 1880 1950 1935 metentibus

367 1962 536 2032 ipsius
570 1967 850 2036 discipulis
876 1968 952 2034 ⁸⁸,
1013 1969 1104 2025 illo
1153 1984 1292 2039 pane
1342 1971 1502 2041 longe
1544 1970 1763 2025 vitalior
1789 1983 1945 2026 erat:

370 2058 459 2125 qni
489 2058 832 2114 disu-ibuitur
863 2060 931 2116 iis
959 2061 1054 2129 qui
1109 2062 1353 2132 recipere
1398 2072 1631 2158 possunt
1663 2073 1946 2132 paternam

371 2145 747 2203 btereditatem
783 2160 1003 2219 propter
1037 2150 1449 2220 perfectionem.
1491 2145 1766 2221 'Quocirca
1793 2193 1808 2217 ,
1854 2153 1945 2223 qui

366 2241 664 2296 etiamnum
699 2243 791 2298 illo
821 2258 961 2313 pane
985 2245 1235 2301 eruditur
1273 2255 1333 2300 et
1380 2247 1682 2303 instituitur
1710 2247 1947 2302 rationa-

369 2333 555 2389 biliter
594 2348 822 2391 mortem
857 2339 1136 2409 suscipere
1164 2348 1375 2410 p0test;
1406 2351 1464 2396 at
1490 2356 1619 2397 vero
1649 2342 1740 2411 qui
1773 2341 1941 2411 perti-

371 2427 513 2495 gerit
542 2427 609 2481 ad
663 2443 855 2499 panem
890 2430 981 2483 illo
1030 2433 1388 2499 posteriorem
1423 2434 1942 2504 manducaveritque

2050 1880 2362 1951 τελειότητα
2404 1879 2694 1935 ἀπολαϐεῖν
2732 1879 2841 1952 (97)
2885 1880 3200 1953 δυναμένοις
3232 1881 3628 1954 ἀποδιδόμενος.

2050 1973 2248 2044 Διόπερ
2275 1974 2302 2026 ὁ
2334 1972 2432 2044 μὲν
2459 1972 2650 2043 ἐκείνῳ
2681 1972 2760 2026 ἔτι
2792 1972 3176 2044 παιδευόμενος
3210 1973 3317 2045 (98)
3354 1974 3431 2045 τῷ
3462 1973 3627 2047 ἄρτῳ,

2048 2064 2127 2134 τῷ
2158 2063 2300 2134 λόγῳ
2336 2063 2560 2118 θάνατον
2591 2062 2843 2130 δέξασθαι
2871 2063 3122 2118 δύναταιο
3161 2063 3190 2115 ὁ
3216 2063 3273 2117 δὲ
3302 2063 3517 2135 φθάσας
3538 2063 3629 2117 ἐπὶ

2047 2156 2140 2209 τὸν
2174 2156 2289 2227 μετ’
2319 2157 2525 2209 ἐκεῖνον
2553 2155 2736 2225 ἄρτον,
2768 2152 2955 2224 φαγὼν
2980 2155 3160 2221 αὐτὸν,
3187 2154 3411 2227 ζήσεται
3441 2154 3627 2220 εῖςτδν

2052 2246 2243 2301 αἰῶνα.
2272 2245 2459 2300 Ταῦτα
2505 2245 2560 2298 δὲ
2604 2246 2780 2300 πάντα
2821 2247 2922 2299 οὐκ
2961 2246 3206 2320 ἀκαίρως
3256 2243 3412 2318 οἶμαι
3452 2265 3625 2320 παρα-

2047 2338 2342 2403 τεθεῖσθαι,
2377 2336 2470 2392 τοῦ
2490 2339 2640 2410 παρά
2658 2338 2736 2409 τῷ
2763 2338 2996 2411 Ἰορδάνῃ
3021 2340 3415 2411 βαπτίσματος,
3444 2339 3502 2391 ὲν
3534 2338 3629 2411 Βη-

2048 2432 2189 2503 θαρᾷ
2221 2430 2330 2503 (99)
2364 2429 2469 2484 ὑπὸ
2485 2429 2579 2483 τοῦ
2614 2430 2858 2483 Ἰωάννου
2886 2428 3190 2501 γινομένου,
3218 2428 3621 2499 ἐξεταζομένου.

370 2521 567 2589 ipsum,
619 2523 666 2578 is
695 2524 938 2599 profecto
989 2528 1042 2582 in
1087 2538 1350 2584 internum
1389 2529 1559 2585 vivet.
1586 2528 1709 2583 Haec
1737 2538 1915 2583 autem
1948 2529 2133 2583 omnia
2164 2540 2269 2580 non
2300 2524 2677 2592 intempestive
2707 2526 2952 2594 apposita
2984 2523 3152 2581 fuisse
3179 2538 3323 2591 reor,
3355 2524 3624 2596 inquireu-

373 2626 452 2669 tcs
484 2616 552 2671 de
600 2616 924 2684 baptismate
969 2621 1110 2690 quod
1159 2620 1499 2677 eliiciebatur
1547 2635 1578 2675 a
1628 2618 1838 2676 Joanne
1872 2619 2011 2689 apud
2039 2617 2337 2672 Jordanem
2368 2614 2422 2668 in
2448 2613 2772 2669 Bethahara.

437 2709 529 2765 27.
566 2708 673 2765 Sed
715 2713 816 2768 hoc
850 2715 1016 2769 etiam
1049 2715 1448 2771 observandum
1481 2727 1585 2782 est,
1620 2718 1764 2787 quod
1795 2716 1929 2771 Elia:

2118 2712 2206 2767 27.
2236 2712 2358 2766 Ἔτι
2389 2710 2445 2765 δὲ
2492 2711 2587 2764 καὶ
2632 2711 2787 2764 τοῦτο
2834 2709 3273 2785 παρατηρητέον,
3306 2709 3390 2764 ὅτι
3422 2707 3624 2783 μέλλω

368 2802 751 2859 subvehendus
790 2807 1010 2862 turbine
1045 2807 1098 2861 in
1143 2807 1365 2875 uelum,
1401 2818 1683 2878 acceptum
1720 2806 1929 2878 pallium

2061 2802 2517 2875 ἱναλαμϐάνεσθαι
2576 2803 2763 2869 Ἠλίας
2803 2805 2862 2857 ὲν
2915 2802 3226 2874 συσσεισμῷ
3274 2804 3353 2867 ὡς
3407 2805 3489 2867 εἰς
3538 2800 3623 2856 τὸν

369 2909 522 2946 suum
548 2894 853 2959 involvens,
879 2900 1213 2967 percusserit
1239 2914 1457 2969 aquam,
1481 2915 1602 2969 qua:
1629 2902 1733 2954 huc
1759 2912 1813 2955 et
1836 2900 1929 2955 hut

2061 2897 2296 2968 ιύρανὺν,
2332 2894 2511 2950 λαϐὼν
2566 2897 2664 2968 τὴν
2712 2895 2965 2968 μηλωτὴν
3020 2894 3208 2959 αὐτοῦ,
3265 2896 3363 2950 καὶ
3412 2893 3623 2966 εῖλήσας

370 2987 539 3042 divisa
575 2997 700 3051 est;
766 2999 819 3042 et
864 2991 1197 3046 transierunt
1239 2991 1430 3057 ambo,
1480 2991 1594 3060 ipse
1629 2991 1857 3055 scilicet,
1885 3001 1929 3047 et

2061 2989 2287 3057 ἐπάταξε
2326 2989 2387 3043 τὸ
2411 2988 2573 3060 ὕδωρ,
2608 2989 2745 3060 ὅπερ
2787 2988 3010 3061 διῃρέθη
3043 2987 3173 3042 ἔνθα
3218 2987 3314 3041 καὶ
3346 2986 3504 3041 ἔνθα·
3536 2988 3621 3042 καὶ

414 3037 539 3042 ηπ
581 3037 700 3051 η-.
772 3037 819 3042 --
866 3037 1197 3046 -.η-.-.πω
1241 3037 1430 3057 mu--.
1480 3037 1592 3060 τ--
1629 3037 1857 3055 unum.
1888 3037 1929 3047 ν-

371 3078 583 3135 Ιίιιεειιε
608 3081 671 3147 ⁸⁸,
705 3083 881 3151 aptior
904 3083 1047 3137 enim
1078 3083 1167 3153 qui
1197 3084 1608 3147 subveheretur,
1640 3083 1819 3139 factus
1860 3096 1929 3140 est

2061 3037 2300 3156 ῑιέϐησᾶν
2328 3037 2647 3155 ἀμφότεροι,
2678 3037 2920 3153 δηλονότι
2949 3037 3111 3147 avi-:2);
3141 3081 3236 3138 καὶ
3261 3084 3291 3135 ὁ
3311 3078 3618 3141 Ἐλισσαῖος·

371 3171 675 3240 baptizatus
738 3173 795 3227 in
856 3172 1112 3239 Jordane,
1168 3175 1428 3246 quoniam
1498 3176 1788 3230 transitum
1847 3190 1947 3245 per

371 3278 567 3333 aquam
598 3265 1084 3333 admirabiliorem,
1116 3268 1328 3322 vocavit
1355 3267 1554 3323 Paulus
1587 3267 1657 3335 “,
1692 3279 1751 3324 ut
1783 3283 1944 3338 supe-

369 3360 483 3412 rius
509 3359 811 3427 posuimus,
843 3358 1130 3428 baptisma.
1166 3358 1327 3431 146
1357 3358 1585 3430 Propter
1616 3360 1760 3415 hunc
1783 3360 1945 3431 igitur

373 3452 546 3515 ipsum
587 3449 881 3506 Jordanem
926 3452 1074 3521 capit
1119 3450 1331 3523 Eliseus
1365 3465 1463 3521 per
1515 3451 1689 3506 Eliam
1741 3451 1943 3506 donum

368 3544 501 3599 illud
533 3545 679 3612 quod
708 3546 951 3614 cupierat
982 3544 1234 3614 accipere
1265 3544 1452 3599 dicens
1478 3558 1493 3598 :
1529 3561 1549 3594 ι
1586 3543 1688 3604 Sit.
1719 3559 1901 3613 quaeso
1926 3584 1943 3611 ,

369 3637 569 3704 duplex
605 3638 782 3707 portio
809 3638 1035 3703 spiritus
1065 3637 1139 3691 tui
1168 3649 1334 3705 super
1382 3650 1468 3691 me
1491 3635 1558 3692 “.
1584 3654 1605 3688 ι
1646 3635 1714 3691 Et
1748 3638 1944 3694 fortas-

370 3730 446 3783 sis
476 3731 617 3785 hanc
641 3731 712 3785 ob
732 3745 956 3785 causam
984 3730 1179 3799 duplex
1211 3729 1424 3797 accepit
1452 3730 1651 3783 donum
1672 3731 1726 3783 in
1751 3730 1943 3798 spiritu

373 3822 502 3875 Elia;
525 3838 691 3891 super
724 3837 785 3878 se
812 3824 1010 3892 ipsum,
1060 3822 1315 3893 quoniam
1357 3821 1440 3878 bis
1473 3822 1719 3878 transivit
1753 3822 1945 3878 Jorda-

373 3931 530 3968 nem:
581 3915 747 3968 semel
776 3915 993 3983 quidem
1022 3929 1145 3968 cum
1174 3911 1291 3967 Elia
1335 3913 1382 3945 “
1406 3952 1422 3979 ,
1479 3914 1717 3969 secundo
1763 3923 1945 3968 autem

371 4022 492 4060 cum
526 4017 750 4076 accepto
795 4008 959 4077 pallio
990 4007 1116 4062 Elim
1156 4025 1177 4059 ι
1204 4008 1472 4077 percussit
1524 4022 1743 4076 aquam,
1774 4014 1827 4062 et
1856 4006 1944 4061 di-

373 4102 489 4154 ait:
544 4098 648 4154 Ubi
675 4108 760 4155 est
812 4100 959 4155 Deus
998 4098 1129 4154 Elia:
1175 4101 1337 4156 etiam
1390 4098 1546 4170 ipse?
1577 4099 1645 4153 Et
1677 4098 1947 4168 percussit

370 4202 562 4258 aquas,
590 4195 645 4245 et
682 4188 864 4244 divisit
906 4191 1013 4244 huc
1042 4199 1098 4245 et
1126 4190 1236 4245 huc
1264 4188 1330 4244 ".
1363 4208 1384 4242 ι

437 4280 529 4336 28.
566 4281 637 4335 At
672 4281 719 4336 si
763 4281 885 4351 quis
916 4280 1228 4337 olfendatur
1277 4283 1380 4337 hoc
1402 4281 1572 4349 dicto,
1613 4298 1634 4333 ι
1673 4282 1945 4352 percussit

2044 3177 2477 3249 ἐπιτηδειότερος
2518 3176 2627 3249 γὰρ
2671 3177 2804 3247 πρὸς
2838 3175 2897 3230 τὸ
2929 3173 3307 3245 ἀναληφθῆναι
3336 3174 3619 3243 γεγένηται

2044 3272 2103 3325 ὲν
2138 3270 2217 3342 τῷ
2254 3269 2493 3343 Ἰορδάνῃ
2528 3268 2949 3340 βαπτισάμενος,
2996 3268 3119 3321 ἐπεὶ
3165 3266 3265 3337 τὴν
3314 3266 3382 3319 δι’
3439 3264 3620 3328 ὕδατος

2046 3360 2479 3435 παραδοξοτέραν
2525 3359 2770 3414 διάϐασιν
2817 3357 3131 3428 βάπτισμα,
3174 3356 3250 3419 ὡς
3291 3354 3618 3428 προπαρεθέ-

2048 3455 2208 3527 μεθα,
2240 3452 2521 3525 ὠνόμασεν
2552 3455 2581 3506 ό
2622 3451 2853 3515 Παῦλος.
2895 3449 2994 3504 Διά
3039 3450 3130 3504 τὸν
3158 3450 3321 3503 αὑτὸν
3348 3449 3413 3522 δὴ
3443 3449 3617 3505 τοῦτον

2059 3547 2326 3619 Ἰορδάνην
2357 3548 2526 3619 χωρεῖ
2565 3545 2595 3598 δ
2634 3543 2955 3616 βεϐούληται
2986 3542 3235 3615 χάρισμα
3264 3542 3355 3596 διὰ
3388 3542 3560 3597 Ἠλίου
3589 3545 3615 3596 ὁ

2050 3634 2345 3723 Ἐλισσαῖος
2364 3638 2567 3700 λαϐεῖν,
2612 3636 2815 3692 εἰπών·
2848 3654 2864 3687 ι
2901 3636 3189 3707 Γενηθήτω
3232 3635 3298 3705 δὴ
3355 3635 3514 3689 διπλᾶ
3557 3635 3608 3686 ἐν

2046 3730 2315 3801 πνεύματί
2363 3747 2456 3783 σου
2504 3731 2589 3784 ἐπ’
2636 3729 2755 3800 ὲμέ.
2794 3750 2814 3781 ι
2857 3731 2967 3784 Καὶ
3022 3730 3163 3800 τάχα
3209 3729 3298 3783 διὰ
3351 3728 3506 3782 τοῦτο
3542 3726 3611 3779 δι-

2046 3823 2215 3877 πλοῦν
2266 3821 2423 3876 έλαϐε
2475 3822 2535 3875 τὸ
2576 3821 2822 3894 χάρισμα
2876 3824 2933 3876 ὲν
2990 3821 3262 3891 πνεύματι
3302 3820 3483 3875 Ἡλίου
3532 3818 3610 3886 ἐφ’

2047 3915 2258 3978 ἑαυτὸν,
2287 3913 2411 3966 ἐπεὶ
2441 3913 2522 3977 δίς
2564 3912 2640 3985 (1)
2668 3912 2850 3984 διῆλθε
2894 3913 2982 3966 τὸν
3016 3912 3308 3984 Ἰορδάνην,
3346 3909 3490 3977 ἅπαξ
3522 3909 3612 3980 μὲν

2050 4005 2188 4079 μετὰ
2214 4006 2307 4061 τοῦ
2351 4004 2552 4070 Ἠλίου,
2591 4004 2840 4078 δεύτερον
2884 4006 2941 4059 δὲ
2972 4006 3061 4059 ὅτε
3105 4002 3283 4057 λαϐὼν
3315 4002 3412 4074 τὴν
3448 3999 3610 4072 μηλω-

2047 4101 2143 4171 τὴν
2174 4098 2269 4153 τοῦ
2301 4098 2482 4151 Ἠλίου
2521 4116 2541 4150 ι
2573 4096 2810 4163 ἐπάταξε
2847 4097 2908 4149 τὸ
2948 4096 3112 4168 ὓδωρ,
3148 4096 3243 4150 καὶ
3274 4090 3424 4148 εἴπεο
3459 4090 3561 4146 Ποῦ
3582 4091 3611 4143 ὁ

2046 4193 2178 4256 θεὸς
2213 4191 2393 4245 Ἠλίου
2421 4190 2584 4260 ἄφφω
2618 4188 2728 4261 (‘2);
2779 4190 2875 4243 καὶ
2922 4188 3160 4255 ἐπάταξε
3192 4187 3264 4242 τὰ
3309 4186 3489 4251 ὕδατα,
3524 4183 3610 4237 καὶ

2046 4282 2239 4336 διεῖλεν
2270 4280 2398 4334 ἔνθα
2424 4279 2520 4334 καὶ
2554 4276 2703 4332 ἔνθα.
2742 4295 2765 4330 ι

371 4386 595 4439 aquam,
627 4389 647 4424 ι
696 4380 921 4442 propter
952 4387 1014 4426 ea
1049 4387 1171 4441 quae
1221 4373 1473 4442 superius
1526 4387 1557 4426 a
1605 4373 1766 4428 nobis
1811 4382 1929 4428 sunt

2113 4373 2205 4428 28.
2235 4372 2359 4427 Ἐὰν
2380 4372 2437 4425 δέ
2458 4388 2541 4435 τις
2562 4369 2880 4443 προσκόπτῃ
2905 4367 3002 4440 τῷ,
3025 4387 3045 4421 ι
3068 4366 3308 4433 ἐπάταξε
3333 4366 3395 4420 τὺ
3409 4364 3559 4437 ὕδωρ,
3584 4381 3603 4413 ι

376 4463 573 4517 tradita
620 4464 686 4520 de
716 4461 977 4530 Jordane,
1034 4480 1226 4533 nempe
1273 4467 1419 4535 quod
1470 4462 1725 4521 Iordanis
1772 4466 1945 4534 ﬁgura

377 4555 541 4609 fuerit
567 4557 838 4613 sermonis
865 4556 986 4612 Filii
1016 4558 1143 4623 Dei,
1178 4560 1270 4628 qui
1311 4559 1570 4614 humilem
1604 4574 1664 4615 se
1712 4556 1947 4613 reddidit

372 4660 526 4713 :eque
563 4660 628 4702 ac
667 4664 800 4715 nos;
828 4648 1112 4705 dicendum
1138 4660 1221 4705 est
1265 4651 1611 4720 perspicuum
1646 4663 1772 4706 esse
1802 4650 1942 4719 apud

370 4738 708 4807 Apostolum,
741 4742 883 4810 quod
915 4741 1165 4799 Christus
1189 4744 1262 4800 sit
1287 4753 1460 4815 petra,
1492 4758 1612 4813 quae
1642 4743 1725 4798 bis
1745 4755 1939 4813 percu-

373 4840 510 4884 ιιιιιι·
539 4832 721 4901 virga,
755 4843 814 4887 ut
854 4833 1045 4889 bibere
1074 4835 1285 4903 possint
1312 4848 1344 4889 e
1375 4832 1640 4905 spirituali
1676 4841 1942 4901 sequente

369 4940 465 4977 ros
498 4934 649 4993 petra
684 4926 752 4981 “.
786 4927 881 4982 Est
922 4927 1087 4997 igitur
1125 4928 1213 4983 ille
1246 4929 1479 4984 verbero
1511 4928 1601 4997 qui
1640 4927 1692 4982 in
1724 4926 1936 4983 dubita-

373 5017 520 5071 tione
551 5056 567 5082 ,
610 5026 901 5087 antequam
938 5022 1113 5076 discat
1142 5022 1286 5090 quod
1331 5020 1594 5091 quaeritur
1614 5061 1630 5086 ,
1662 5020 1935 5076 contraria

2048 4467 2136 4521 διὰ
2171 4466 2240 4520 τὰ
2283 4465 2696 4537 παραδεδομένα
2739 4466 2873 4535 ἡμῖν
2930 4464 3060 4534 περὶ
3097 4462 3193 4517 τοῦ
3237 4460 3511 4535 Ἰορδάνου,
3553 4458 3606 4521 ὃς

2047 4560 2218 4624 τύπος
2258 4554 2329 4631 ἦν
2374 4558 2469 4612 τοῦ
2500 4558 2598 4630 τὴν
2642 4556 2945 4612 κατάϐασιν
2990 4555 3147 4628 ἡμῶν
3177 4555 3504 4616 καταϐάντος
3529 4548 3608 4602 λό-

2048 4669 2145 4720 γου
2166 4670 2178 4682 ·
2212 4650 2449 4715 λεκτέον,
2478 4650 2559 4703 ὅτι
2596 4647 2747 4720 παρά
2769 4647 2847 4718 τῷ
2887 4648 3194 4719 Ἀποστόλῳ
3234 4646 3417 4717 σαφῶς
3449 4647 3481 4716 ἡ
3518 4642 3606 4695 πέ-

2046 4762 2152 4817 τρα
2185 4744 2417 4814 Χριστὸς
2452 4739 2542 4813 ἦν,
2570 4744 2693 4813 ἥτις
2730 4745 2799 4815 τῇ
2844 4741 3024 4814 ῥάϐδῳ
3060 4743 3143 4806 δ’ὶς
3188 4742 3499 4814 πλήσσεται,
3523 4738 3603 4790 ἶνα

2045 4837 2312 4908 δυνηθῶσι
2350 4838 2493 4890 πιεῖν
2528 4835 2635 4889 ἀπὺ
2663 4835 2764 4906 τῆς
2815 4833 3194 4905 πνευματικῆς
3227 4832 3600 4898 ἀκολουθούσης

2046 4929 2271 5001 πέτρας.
2299 4929 2486 4981 Ἔστιν
2516 4923 2608 4981 οὖν
2632 4943 2715 4989 τις
2760 4928 2854 4980 καὶ
2882 4924 3222 4995 ἀγαπώντων
3252 4922 3431 4994 πληγὴ
3463 4922 3517 4974 ὲν
3539 4921 3601 4989 τῇ

2044 5020 2404 5092 ὲπαπορήσει,
2440 5018 2568 5090 πρὶν
2597 5017 2785 5088 μαθεῖν
2829 5016 2889 5070 τὸ
2927 5014 3275 5085 ζητούμενον,
3306 5013 3374 5067 τὰ
3403 5007 3602 5066 ἐναντία

445 5135 490 5167 ³⁸
547 5134 707 5209 Joan.
754 5152 828 5209 vi,
860 5137 971 5209 749,
1024 5138 1137 5209 52.,
1190 5138 1235 5171 “
1270 5137 1446 5194 Galat.
1483 5151 1559 5199 ιν,
1596 5138 1671 5209 2η
1728 5138 1774 5171 ⁸⁸
1802 5135 1929 5193 Joan

2061 5183 2065 5198 ν
2098 5139 2186 5195 '58.
2263 5138 2304 5170 δι
2339 5138 2403 5191 IV
2432 5138 2566 5209 Reg.
2601 5151 2662 5203 ιι,
2694 5136 2749 5200 8,
2783 5135 2869 5189 ll.
2948 5133 2993 5165 δ’
3026 5134 3042 5187 l
3071 5134 3197 5191 Cor.
3234 5149 3289 5199 χ,
3316 5132 3369 5186 2.
3467 5127 3509 5161 ⁸³
3535 5125 3597 5183 IV

371 5206 506 5277 lirg.
539 5222 599 5273 ιι,
632 5208 687 5265 9.
760 5206 808 5239 “
837 5208 967 5264 ibid.
997 5209 1052 5264 8.
1126 5208 1173 5241 "
1207 5210 1321 5265 ibid
1360 5210 1447 5264 14.
1523 5210 1570 5242 ⁸⁵
1600 5210 1617 5264 Ι
1643 5208 1771 5265 Cor.
1806 5225 1861 5275 ιι,
1897 5210 1929 5264 4

2061 5228 2141 5264 un.
2178 5226 2270 5273 xx,
2308 5210 2393 5263 Η.

589 5322 749 5407 Ἐπό.
778 5320 852 5375 Ita
884 5324 1052 5407 codex
1081 5323 1450 5407 lio-dlcianusi
1485 5324 1709 5407 Regius,
1740 5324 1869 5407 ἀπόῖ

444 5396 556 5463 (96)
590 5394 1068 5450 Κεκοπιακότων.
1102 5396 1193 5451 Sic
1212 5395 1386 5451 codex
1414 5394 1773 5454 Bodleianus:
1832 5396 1942 5450 lie-

372 5466 509 5536 gius,
534 5464 904 5536 κεκληκότων,

443 5535 555 5605 (97)
595 5532 955 5593 Ὰπὸλαϐεῖν.
992 5537 1049 5591 In
1071 5536 1259 5590 codice
1284 5535 1454 5605 Regio
1481 5534 1679 5604 legitur
1703 5532 1789 5605 δεῖ
1801 5533 1942 5605 ἀπο-

374 5603 580 5669 λαϐεῖν,
606 5610 697 5659 sed
722 5606 805 5659 δεῖ
834 5611 1055 5662 omnino
1079 5603 1410 5674 superﬂuum
1436 5619 1524 5659 est
1545 5603 1619 5658 iet
1657 5603 1934 5674 παρέλκει.

445 5676 557 5741 (98)
588 5677 713 5748 Ἔτι
747 5678 1193 5748 παιδευόμενος.
1240 5676 1333 5731 Sic
1374 5677 1543 5733 co‘dcx
1578 5674 1936 5742 Bodleianus;

378 5744 598 5812 lit-gius.
629 5744 1125 5822 ὲπιπαιδευόμενος.

2123 5324 2236 5397 (99)
2270 5320 2528 5397 Βηθαρᾷ.
2570 5322 3019 5397 _Legendum.__ut
3054 5334 3271 5397 __supra_.
3301 5314 3598 5397 Βηθαᾶιρᾷ.

2116 5394 2193 5466 (ι)
2227 5395 2348 5466 Δις,
2383 5394 2540 5466 beest
2570 5394 2623 5447 in
2653 5391 2891 5447 editione
2911 5391 3114 5455 lluetii,
3165 5392 3260 5445 sed
3313 5391 3599 5443 restituitur

2043 5481 2073 5520 e
2097 5464 2283 5519 codice
2313 5464 2631 5517 Bodleiano.

2116 5534 2193 5605 (2)
2223 5529 2345 5589 ΙΙοῦ
2371 5537 2403 5586 ὁ
2433 5534 2577 5605 Geor;
2617 5532 2814 5587 Ἠλίου
2845 5531 3056 5605 ᾰφφῳέ
3073 5528 3200 5605 [ἔθη
3229 5531 3457 5586 assecuti
3485 5533 3599 5582 sunt

2043 5607 2155 5660 huic
2177 5601 2467 5659 contextus
2502 5604 2748 5656 Hebraici
2784 5608 2941 5655 verba
2979 5601 3110 5654 LXX
3169 5601 3359 5661 Senes,
3392 5609 3595 5665 va-1st,

2045 5678 2237 5727 u-liutlt
2266 5677 2433 5742 ipse.»
2473 5675 2549 5725 Ita
2587 5675 2727 5725 linus
2762 5672 2930 5725 Levii.
2976 5687 3123 5735 λλνι,
3157 5672 3244 5736 Hi,
3286 5673 3375 5734 25.
3411 5673 3496 5735 H,
3541 5673 3597 5722 de

2040 5762 2098 5799 se
2141 5748 2250 5815 ipse
2278 5747 2406 5802 dicit
2432 5762 2444 5800 :
2472 5752 2561 5803 ea
2592 5755 2690 5810 nx,
2720 5746 2909 5799 tcLiam
2932 5758 3084 5799 eam.
