3766 6142
176 311 258 366 281
1222 304 1579 363 COMMENT.
1624 304 1688 359 IN
1728 302 1919 359 “MN.
1959 303 2199 361 TOMUS
2243 304 2328 359 Vl.
3286 306 3390 364 232

175 423 555 498 προφερομένων
606 421 683 492 τῷ
742 419 836 474 τοῦ
888 420 1045 488 λόγου
1111 421 1538 491 συμπεράσματι
1567 459 1581 483 ,
1637 410 1703 470 ὧν

1863 417 2019 471 rol‘ert
2051 419 2323 472 sermonis
2356 416 2717 481 conclusioni,
2745 434 2772 472 a
2803 419 3001 488 quibus
3023 418 3260 477 liberans
3291 439 3387 476 nos

171 517 487 577 ἀπαλλάττων
521 516 672 586 ἡμᾶς
713 516 744 568 6
783 513 934 576 Θεὸς,
970 515 1104 567 ὅπου
1158 514 1255 585 μὲν
1294 514 1488 583 διψῶσι
1530 512 1703 567 δίδωσι

1864 525 1958 562 rus
1992 511 2266 563 interdum
2339 509 2559 577 quidem
2592 510 2908 565 sitientibus
2936 514 3029 565 dat
3054 523 3267 583 potum,
3301 515 3387 567 in-

174 611 324 671 ποτὸν,
366 609 493 661 ὅπου
521 608 579 660 δὲ
608 606 667 660 τὸ
698 606 898 660 ἄϐατον
926 606 1000 675 (5)
1026 607 1156 675 ἡμῖν
1191 606 1284 657 καὶ
1316 604 1598 676 ἀχώρητον
1626 604 1703 657 διὰ

1874 601 2025 654 rdnm
2069 616 2200 656 vero
2240 602 2381 671 quod
2433 601 2635 655 invium
2677 603 2835 657 nobis
2868 613 2925 657 et.
2959 606 3391 675 imperceptibile

172 694 394 766 τῆβάθος,
424 693 686 747 διόδευτον
702 696 769 765 τῇ
786 692 1044 766 διαιρέσει
1068 692 1159 747 τοῦ
1182 693 1341 762 λόγου
1366 693 1703 763 παρασκευά-

1863 705 1892 750 il
1926 703 2151 764 propter
2176 690 2640 762 profunditatem,
2676 693 2924 759 pervium
2959 693 3087 748 illud
3121 708 3391 765 praeparat

171 791 254 853 ζει.
276 786 373 840 τῶν
404 784 667 839 πλείστων
712 785 789 857 τῷ
824 784 1135 857 διαιρετικῷ
1163 786 1307 857 λόγῳ
1329 787 1459 857 ἡμῖν
1490 803 1713 856 σαφηνι-

170 878 390 950 ζομένων.
418 878 533 930 Ἔτι
576 877 633 930 δὲ
670 880 749 943 είς
796 877 859 932 τὸ
889 877 1293 950 παραδέξασθαι
1321 877 1421 950 τὴν
1460 879 1588 951 περὶ
1615 877 1707 932 τοῦ

168 972 504 1041 ποτιμωτάτου
552 970 647 1024 καὶ
692 969 1157 1041 χαριστικωτάτου
1215 968 1477 1042 Ἰορδάνου
1538 972 1710 1043 έρμη-

166 1065 303 1127 νείαν,
334 1064 593 1135 χρήσιμον
627 1060 968 1133 παραθέσθαι
996 1062 1088 1114 τόν
1131 1078 1193 1116 τε
1231 1062 1341 1116 ἀπὸ
1378 1063 1473 1134 τῆς
1501 1062 1709 1135 λέπρας

166 1152 552 1224 καθαριζόμενον
586 1152 807 1223 Ναιμὰν
837 1152 930 1205 τὸν
967 1153 1158 1225 Σύρον,
1200 1154 1293 1208 καὶ
1338 1153 1407 1206 τὰ
1444 1154 1708 1226 λεγόμενα

164 1245 389 1315 περὶτῶν
421 1245 567 1314 παρά
602 1247 714 1309 τοῖς
746 1243 1023 1315 πολεμίοις
1067 1245 1165 1315 τῆς
1200 1245 1508 1310 θεοσεϐείας
1541 1263 1708 1300 ποτα-

164 1339 277 1406 μῶν.
320 1338 446 1407 Περὶ
489 1338 586 1408 μὲν
632 1332 724 1390 οῦν
767 1336 986 1407 Ναιμὰν
1030 1336 1373 1409 γέγραπται,
1415 1338 1498 1392 ὅτι
1543 1333 1706 1409 ἢλθεν

164 1430 288 1499 ἵππῳ
314 1429 401 1482 καὶ
442 1428 674 1499 ἅρματι,
702 1428 797 1482 καὶ
837 1427 965 1499 ἔστη
1004 1429 1098 1481 ἐπὶ
1130 1427 1322 1500 θύραις
1369 1427 1517 1484 οίκου
1568 1428 1706 1481 Ἑλι-

1813 787 2075 841 divisione
2121 784 2425 850 sermonis,
2475 799 2598 837 eum
2630 784 3031 854 quamplurima
3060 799 3126 840 ex
3179 790 3389 842 ratione

1811 876 2085 931 dividendi
2139 875 2294 931 nobis
2328 874 2764 930 tuanil‘estentur.
2817 876 2898 929 Ad
2933 878 3048 932 ha-c
3096 888 3156 932 ut
3187 881 3386 936 admit-

1813 979 1988 1024 tamus
2040 968 2537 1035 interpretationem
2571 967 2636 1021 de
2677 966 3069 1036 putabilissimo
3101 979 3156 1024 et
3184 973 3387 1039 gratia-

1811 1078 1928 1116 rum
1958 1062 2117 1129 pleno
2144 1060 2403 1127 Jordane,
2441 1060 2571 1114 utile
2620 1060 2777 1113 nobis
2804 1061 2911 1114 erit
2947 1076 3218 1130 apponere
3243 1063 3384 1118 Naa-

1810 1167 1932 1205 tnau
1970 1151 2117 1204 illum
2162 1151 2357 1221 Syrum
2407 1168 2434 1204 a
2489 1150 2635 1218 lepra
2696 1153 3037 1217 Inundalum,
3079 1164 3133 1208 et
3164 1170 3284 1224 qua:
3308 1156 3386 1209 di-

1808 1254 2006 1297 cuntur
2043 1244 2108 1297 de
2140 1243 2452 1296 ﬂtnuinibus
2483 1243 2624 1310 apud
2652 1242 2836 1298 hostes
2863 1243 3040 1299 cultus
3072 1244 3256 1299 divini.
3287 1247 3385 1300 Αι-

1807 1349 1912 1403 que
1941 1335 2006 1389 tle
2021 1332 2264 1389 Naatnan
2290 1334 2508 1401 quidem
2535 1335 2793 1401 scriptum
2831 1346 2914 1386 est
2937 1335 3003 1398 ⁵⁷,
3039 1335 3185 1403 quod
3225 1349 3385 1390 vene-

1809 1428 1879 1480 rit
1911 1443 2033 1481 cnm
2075 1428 2318 1496 equitatu
2368 1437 2423 1480 et
2475 1441 2665 1488 curru,
2713 1435 2769 1481 et
2814 1427 3030 1482 steterit
3068 1438 3195 1482 ante
3239 1426 3385 1484 fores

162 1522 273 1581 σαιὲ,
314 1520 398 1574 καὶ
443 1519 767 1573 ἀπέστειλεν
803 1517 1039 1571 Ἐλισαιὲ
1080 1517 1310 1587 ἄγγελον
1351 1519 1486 1590 πρὸς
1519 1518 1703 1585 αὐτὸν,

1863 1533 1996 1572 imus
2040 1518 2231 1581 Elisei,
2268 1519 2522 1588 quodque
2557 1518 2768 1574 miserit
2802 1519 3013 1575 Eliseus
3037 1520 3284 1574 nuntium
3317 1520 3384 1574 ad

158 1610 329 1679 λέγων’
364 1630 381 1663 ι
420 1611 713 1682 Πορευθεὶς
741 1611 927 1666 λοῦσαι
969 1612 1197 1675 ἑπτάκις
1238 1613 1296 1665 ὲν
1324 1611 1402 1682 τῷ
1441 1610 1702 1682 ’lopﬁdvn,

1867 1625 1977 1675 um,
2002 1611 2222 1666 dicens:
2254 1630 2272 1662 ι
2307 1610 2589 1667 Profectus
2616 1611 2798 1665 lavare
2821 1614 2871 1666 in
2900 1610 3138 1667 Jordane
3163 1613 3381 1682 septies,

158 1705 235 1757 καὶ
251 1703 548 1776 ἐπιστρέψει
572 1707 606 1775 ἡ
633 1702 769 1775 σάρξ
797 1721 888 1758 σου
914 1704 1020 1767 σοὶ,
1045 1705 1139 1757 καὶ
1160 1704 1535 1775 καθαρισθὴσῃ
1563 1704 1658 1774 (4).
1677 1722 1697 1755 ι

1885 1704 2202 1758 restituetur
2262 1703 2355 1757 tibi
2401 1718 2530 1757 caro
2578 1716 2667 1757 tua
2694 1743 2710 1767 ,
2754 1713 2810 1758 et
2861 1703 3214 1759 mundaberis
3256 1702 3322 1757 ⁸⁸.
3357 1721 3378 1755 ι

161 1794 264 1844 Ὀτε
290 1795 374 1845 καὶ
400 1792 666 1864 θυμοῦται
708 1794 927 1865 Ναιμὰν
965 1794 1026 1847 οὐ
1072 1794 1227 1855 νοῶν,
1254 1797 1335 1849 ὅτι
1364 1796 1392 1848 6
1432 1794 1703 1867 Ἰορδάνης

1863 1795 2032 1848 nando
2050 1794 2210 1846 etiam
2242 1805 2609 1848 commovetur
2638 1795 3015 1865 indignatione
3038 1793 3279 1849 Naatnan
3308 1794 3380 1859 “’,

158 1883 286 1954 ἡμῶν
310 1886 451 1937 ἐστιν
479 1889 508 1939 6
541 1887 795 1940 ἀπολύων
821 1888 945 1951 τοὺς
975 1886 1064 1941 διὰ
1092 1888 1189 1959 τὴν
1221 1886 1428 1958 λέπραν
1458 1886 1703 1960 ἀκαθάρ-

1863 1902 1912 1940 ιιι
1948 1886 2253 1956 intelligens
2285 1888 2427 1954 quod
2463 1885 2717 1942 Jordanis
2747 1897 2933 1942 noster
2969 1888 3014 1943 is
3041 1888 3115 1942 sit
3147 1888 3237 1957 qui
3283 1889 3382 1940 im—

155 1987 256 2033 τους
278 1974 366 2044 τῆς
393 1974 735 2046 ἀκαθαρσίας
752 1975 845 2029 καὶ
868 1974 1112 2047 ἰώμενος,
1129 1978 1249 2048 οὐχὶ
1270 1977 1326 2030 δὲ
1345 1979 1374 2031 6
1398 1979 1701 2050 προφήτης

1866 1978 2035 2031 nudos
2066 1977 2135 2032 ob
2165 1979 2371 2043 lepram
2403 1977 2600 2031 liberat
2626 1979 2695 2033 ab
2729 1979 3068 2034 immunditia
3093 1989 3379 2047 sanatqne.

156 2067 399 2137 προφήτου
440 2068 549 2140 γὰρ
578 2068 737 2138 ἔργον
772 2067 985 2139 πέμψαι
1022 2070 1116 2122 ἐπὶ
1161 2069 1221 2122 τὸ
1259 2069 1578 2142 θεραπεῦον.
1611 2071 1703 2141 Μὴ

1863 2086 1912 2122 ιιι
1938 2069 2026 2124 ille
2045 2070 2306 2137 propheta
2332 2085 2346 2131 ;
2375 2072 2818 2141 quandoquidem
2841 2072 3120 2141 prophetat
3145 2070 3381 2125 oﬂieium

155 2159 324 2223 συνιεὶς
341 2158 512 2213 τοίνυν
536 2161 602 2213 τὸ
619 2158 714 2213 τοῦ
741 2159 1002 2231 Ἰορδάνου
1035 2159 1180 2231 μέγα
1206 2166 1503 2232 μυστήριον
1523 2164 1551 2215 6
1573 2163 1703 2215 Ναι-

1870 2170 1888 2211 ι
1938 2160 2156 2213 mittere
2189 2159 2257 2214 ad
2295 2160 2423 2215 illud
2451 2164 2594 2230 quod
2624 2163 2914 2217 sanitatem
2947 2162 3123 2218 aﬂ‘ert.
3154 2164 3271 2218 Non
3306 2166 3387 2218 in-

153 2246 241 2316 μάν
262 2266 441 2319 φησιν·
466 2269 483 2301 ι
508 2250 641 2303 Ἰδοὺ
662 2249 726 2320 δὴ
742 2247 925 2318 ἔλεγον
951 2249 1051 2320 (5),
1083 2251 1166 2303 ὅτι
1191 2250 1409 2315 πάντως
1436 2249 1703 2316 ἐξελεύσε-

1863 2248 2050 2320 lligens
2083 2249 2246 2319 igitur
2284 2248 2537 2306 Jordanis
2566 2267 2818 2322 magnum
2862 2254 3204 2322 mysterium,
3247 2252 3386 2308 Nam

149 2356 221 2392 ται
237 2341 359 2412 πρὸς
377 2343 461 2406 μὲ,
480 2343 578 2396 καὶ
600 2343 876 2413 στήσεται,
889 2344 983 2397 καὶ
1005 2342 1386 2398 ὲπικαλέσεται
1406 2344 1464 2396 ὲν
1479 2344 1702 2415 ὀνόματι

1863 2355 1929 2393 an
1970 2342 2140 2410 inquit
2184 2343 2262 2397 “z
2330 2361 2350 2395 ι
2380 2343 2457 2397 Εη
2504 2346 2720 2414 quidem
2762 2347 3101 2415 cogitarent:
3150 2348 3383 2403 Omnino

148 2434 324 2503 Κυρίου
351 2433 483 2488 Θεοῦ
525 2434 728 2499 αὐτοῦ,
772 2436 866 2489 καὶ
905 2436 1158 2508 ἐπιθήσει
1193 2437 1292 2509 τὴν
1336 2440 1495 2510 χεῖρα
1536 2438 1700 2492 αὐτοῦ

1863 2433 1972 2485 .ibit
2000 2434 2065 2486 ad
2106 2450 2207 2498 uae,
2236 2444 2290 2490 et
2322 2445 2474 2490 stans
2503 2436 2771 2491 invocabit
2810 2453 3004 2495 nomen
3036 2437 3248 2493 Domini
3287 2439 3380 2495 Dei

148 2525 222 2577 ἐπὶ
246 2525 326 2577 τὸν
362 2527 544 2590 τόπον,
584 2528 679 2580 καὶ
707 2528 1034 2593 ἀποσυνάξει
1078 2530 1142 2583 τὸ
1189 2529 1386 2601 λεπρόν
1405 2546 1419 2559 ο
1462 2549 1480 2581 ι
1508 2528 1569 2583 τὸ
1592 2528 1702 2600 γὰρ

1863 2526 1907 2589 ηἰ,
1942 2525 2284 2596 ituponetquc
2316 2544 2534 2582 manum
2568 2544 2720 2585 suam
2753 2532 2820 2585 ad
2848 2531 3027 2586 locum
3067 2540 3121 2586 et
3164 2534 3383 2588 curabit

147 2616 377 2670 EmOsivat
410 2618 509 2689 τὴν
552 2621 712 2691 χεῖρα
736 2623 802 2690 τῇ
829 2619 1027 2693 λέπρα,
1055 2621 1150 2674 καὶ
1188 2620 1504 2691 καθαρίσαι,
1538 2620 1699 2692 μόνου

1863 2631 2025 2684 praui.
2060 2636 2079 2668 ι
2116 2618 2325 2672 Etenim
2358 2636 2576 2674 manum
2602 2621 2766 2691 lepra:
2795 2622 3076 2692 imponere
3105 2634 3160 2680 et
3185 2641 3381 2682 curare

147 2708 221 2761 toﬁ
239 2710 430 2783 Κυρίου
461 2729 566 2782 μου
594 2712 769 2783 Ἰησοῦ
790 2712 952 2784 ἔργον
976 2708 1065 2783 ἦν,
1088 2713 1150 2766 οὐ
1175 2712 1332 2783 μόνον
1355 2713 1595 2776 εἰπόντος
1624 2711 1702 2783 τῷ

1869 2709 1970 2763 lius
1993 2710 2201 2764 Domini
2228 2712 2329 2765 mei
2359 2711 2486 2768 Jesu
2512 2712 2746 2769 cilicium
2774 2726 2877 2779 est,
2902 2717 2991 2784 qui
3020 2733 3124 2771 non
3168 2728 3378 2775 tantum

149 2800 264 2869 tuti
285 2801 511 2867 πίστεως
528 2800 852 2868 ἀξιώσαντι·
876 2828 895 2855 ι
920 2805 1046 2860 Ἐὰν
1076 2804 1255 2879 θέλῃς,
1270 2803 1496 2858 δύνασαί
1520 2821 1588 2875 με
1609 2822 1701 2859 κα.-

1863 2802 1937 2856 xit
1964 2820 2084 2858 cum
2113 2804 2216 2857 (ide
2247 2807 2650 2873 pronuntianti:
2688 2826 2706 2860 ι
2739 2806 2913 2873 Sivis,
2947 2818 3100 2876 potes
3118 2827 3203 2866 nte
3224 2828 3379 2866 mun-

147 2889 352 2963 θαρίσαι,
372 2912 393 2945 ι
407 2893 466 2947 τό
481 2911 494 2924 ·
509 2914 526 2945 ι
539 2895 713 2959 Θέλω,
730 2895 1111 2968 καθαρίσθητι.
1138 2918 1155 2949 ι
1178 2897 1320 2968 Πρὸς
1335 2897 1441 2967 γὰρ
1460 2895 1539 2967 τῷ
1557 2896 1700 2969 λόγῳ

1863 2910 1984 2960 ire,»
2004 2925 2073 2935 -—
2100 2894 2280 2962 «γυιο,
2310 2898 2541 2952 tnnudus
2566 2907 2683 2955 esto
2703 2898 2746 2930 ³¹
2771 2915 2784 2952 :
2812 2919 2830 2950 ι
2860 2912 3214 2968 prmterquam
3236 2904 3380 2971 quod

147 2983 223 3035 καὶ
247 2984 411 3055 ἥψατο
456 2985 650 3051 αὐτοῦ,
697 2988 791 3041 καὶ
835 2988 1168 3060 ἐκαθαρίσθη
1198 2988 1306 3042 ἀπὸ
1362 2989 1459 3059 τῆς
1489 2988 1698 3062 λέπρας

1863 2987 1943 3040 vim
1963 2987 2177 3043 locutus
2192 2998 2296 3055 est,
2315 2988 2470 3060 147
2495 2990 2840 3059 tetigitetiam
2860 3008 3010 3055 eum,
3027 3003 3079 3046 et
3095 2995 3382 3048 mundatus

148 3070 302 3126 αὐτοῦ.
336 3076 451 3131 Ἔτι
487 3076 554 3146 δὴ
594 3074 945 3148 πλανώμενος
976 3081 1004 3132 6
1031 3078 1267 3148 Ναιμὰν,
1307 3078 1402 3132 καὶ
1433 3078 1532 3150 οὐχ
1557 3079 1699 3153 ὁρῶν

1863 3081 1903 3133 it
1929 3097 1958 3133 ιι
1996 3080 2143 3150 lepra
2185 3080 2538 3135 sum-Erratis
2564 3081 2727 3135 etiam
2762 3082 3025 3146 Naatuan,
3056 3098 3154 3137 nec
3183 3084 3376 3138 videns

145 3159 248 3215 ὅσον
274 3164 652 3221 ἀπολείπονται
693 3170 742 3220 οἱ
775 3168 952 3239 ἕτεροι
992 3167 1088 3222 τοῦ
1148 3167 1413 3239 Ἰορδάνου
1463 3170 1698 3241 ποταμοὶ

1863 3185 2065 3228 tantum
2142 3175 2329 3228 emteri
2401 3173 2549 3228 ﬂtnii
2625 3172 2861 3231 Jordane
2939 3177 3047 3231 sint
3094 3176 3380 3231 inferiores

146 3253 259 3324 πρὸς
284 3255 574 3331 θεραπείαν
608 3260 719 3315 τῶν
765 3261 1133 3325 πεπονθότων,
1181 3262 1394 3317 ἐπαινεῖ
1442 3265 1567 3327 τοὺς
1601 3264 1700 3336 τῆς

1863 3278 2064 3319 tantum
2095 3266 2374 3320 attinetad
2406 3265 2704 3319 curandum
2738 3280 2833 3320 eos
2856 3267 2948 3336 qui
2988 3268 3177 3321 morbo
3193 3266 3380 3322 aﬂ'ecti

145 3349 402 3417 Δαμασκοῦ
433 3353 717 3422 ποταμοὺς
760 3352 997 3426 ’Δρϐανὰ
1023 3352 1096 3424 (6)
1128 3355 1222 3408 καὶ
1251 3354 1466 3426 Φαρφά,
1500 3355 1693 3424 λέγων·

152 3455 166 3485 t
191 3438 308 3509 υὺχὶ
329 3441 529 3510 ἀγαθὸς
563 3442 803 3514 ’Δρϐανά
816 3444 910 3497 καὶ
929 3444 1124 3514 Φαρφά
1146 3443 1379 3514 ποταμοὶ
1406 3443 1698 3514 Δαμασκοῦ

149 3528 266 3602 ὑπὲρ
296 3534 463 3587 πάντα
487 3534 558 3589 τὰ
581 3533 755 3588 ὕδατα
796 3534 1046 3607 Ἰσραήλ;
1082 3536 1216 3607 Οὐχὶ
1241 3536 1548 3609 πορευθεὶς,
1577 3536 1700 3590 λού-

147 3637 284 3690 σομαι
305 3626 358 3678 ὲν
382 3627 588 3691 αὐτοῖς,
621 3627 718 3681 καὶ
750 3627 1262 3700 καθαρισθήσομαι;
1305 3649 1324 3680 ι
1353 3630 1564 3701 Ὥσπερ
1592 3629 1700 3700 γὰρ

144 3715 290 3780 056.21;
326 3718 528 3787 ἀγαθὸς
577 3722 629 3773 εί
664 3720 738 3792 μὴ
773 3715 853 3782 εἷς
881 3724 909 3774 6
941 3720 1075 3786 Θεὸς
1103 3723 1132 3774 6
1162 3721 1371 3793 Πατὴρ,
1427 3720 1600 3785 οὕτως
1644 3723 1703 3775 ὲν

1802 3368 1949 3415 sunt.
1968 3358 2148 3412 laudat
2168 3358 2413 3412 Damasci
2432 3355 2643 3421 ﬂuvios,
2669 3356 2911 3423 Arbana,
2933 3367 2988 3411 et
3010 3357 3282 3426 Pharpha,
3305 3360 3383 3413 di-

1801 3466 1933 3504 cens
1961 3450 2007 3480 "
2044 3468 2057 3502 :
2098 3468 2118 3502 ι
2154 3447 2345 3502 Annon
2387 3447 2563 3503 bonus
2601 3458 2683 3503 est
2743 3448 2959 3503 Arbana
2982 3489 2996 3512 ,
3039 3460 3090 3503 et
3123 3450 3376 3522 Pharpha

1802 3541 1952 3595 ﬂuvii
1987 3541 2237 3594 Damasci
2271 3555 2383 3610 pra:
2414 3539 2667 3594 omnibus
2691 3541 2849 3609 aquis
2879 3539 3101 3595 lsraclis
3127 3541 3150 3595 ί
3187 3540 3378 3597 Nonne

1802 3634 2076 3702 profectus
2116 3633 2340 3686 lavahor
2378 3631 2431 3684 in
2462 3632 2540 3686 eis
2577 3641 2634 3691 et
2664 3632 3018 3687 ntuudabor?
3053 3650 3073 3686 ι
3133 3632 3203 3689 Ut
3227 3635 3376 3687 enim

1805 3726 1981 3780 nullus
2013 3727 2207 3791 bonus,
2257 3723 2359 3778 nisi
2393 3738 2554 3785 unus,
2592 3737 2785 3792 nempe
2824 3723 2966 3779 Deus
2995 3723 3162 3778 Pater
3196 3724 3265 3786 ⁸³,
3297 3724 3377 3779 sic

144 3813 374 3878 ποταμοῖς
392 3812 566 3877 οὐδεὶς
583 3812 789 3881 ἀγαθὸς
811 3814 859 3866 εἰ
894 3813 971 3885 μὴ
995 3815 1023 3866 6
1052 3814 1338 3885 Ἰορδάνης,
1368 3814 1460 3868 καὶ
1493 3813 1703 3885 λέπρας

144 3896 419 3967 ἀπαλλάξαι
460 3902 763 3974 δυνάμενος
791 3904 879 3956 τὸν
928 3903 1067 3973 μετὰ
1114 3904 1349 3968 πίστεως
1379 3904 1477 3976 τὴν
1523 3903 1702 3975 ψυχὴν

143 3987 401 4061 λουόμενον
415 3995 495 4058 είς
523 3995 619 4049 τὸν
657 3993 882 4065 Ἰησοῦν.
901 3989 1068 4065 Οἶμαι
1089 3993 1147 4047 δὲ
1169 3993 1257 4048 διὰ
1284 3993 1471 4047 τοῦτον
1496 3992 1704 4046 κλαίειν

144 4103 530 4178 ἀναγεγράφθαι
564 4109 702 4161 πᾶσι
732 4110 846 4173 τοῖς
888 4106 1207 4170 Βαϐυλῶνος
1247 4109 1509 4178 ποταμοῖς
1542 4107 1706 4161 καθε-

144 4191 375 4265 ζομένους
399 4201 526 4263 τοὺς
563 4198 902 4269 μνησθέντας
930 4201 1026 4271 τῆς
1053 4198 1211 4252 Σιὼνο
1246 4197 1419 4252 ἄλλων
1447 4199 1555 4268 γὰρ
1578 4198 1704 4253 ὑδά-

143 4301 236 4338 των
262 4292 581 4363 γευσάμενοι
614 4293 751 4364 μετὰ
786 4293 878 4345 τὸν
925 4293 1079 4362 ἆγιον
1114 4292 1383 4365 Ἰορδάνην
1412 4294 1460 4347 οἱ
1492 4292 1579 4346 διὰ
1606 4292 1705 4363 τὴν

145 4380 319 4433 κακίαν
348 4383 903 4453 αἱχμαλωτευθέντες,
938 4386 1017 4449 είς
1066 4385 1371 4455 ὑπόμνησιν
1403 4384 1497 4437 καὶ
1533 4383 1703 4454 ποθὴν

1804 3817 1947 3870 inter
1981 3814 2172 3870 ﬂuvios
2198 3814 2371 3868 nullus
2401 3823 2486 3867 est
2536 3812 2737 3877 bonus,
2779 3813 2883 3867 nisi
2912 3813 3187 3878 Jurdanis,
3212 3815 3376 3869 etiam

1807 3924 1837 3961 a
1871 3908 2018 3976 lepra
2054 3906 2292 3961 liberare
2322 3905 2508 3959 valens
2535 3921 2657 3957 eum
2691 3905 2781 3975 qui
2802 3921 2922 3960 cum
2953 3906 3057 3961 (ide
3085 3906 3230 3960 lavat
3257 3907 3382 3961 ani-

1806 4019 1947 4057 mam
2004 4002 2059 4055 in
2087 3999 2239 4056 Jesu.
2290 3999 2521 4054 Proinde
2577 4014 2755 4052 meum
2789 4010 2871 4055 est
2915 3998 3199 4066 judicium,
3238 4002 3376 4055 srri-

1804 4105 1953 4165 ptum
1984 4092 2150 4147 fuisse
2176 4106 2366 4145 omnes
2400 4092 2656 4145 sedentes
2691 4105 2855 4160 super
2895 4090 3116 4145 ﬂumina
3145 4090 3380 4163 Babylo-

1805 4192 1890 4246 nis
1918 4189 1966 4222 “
1998 4197 2218 4258 propter
2244 4188 2387 4242 hunc
2422 4185 2575 4248 ﬂere,
2608 4187 2867 4239 memoria
2895 4196 3203 4255 repetentes
3224 4187 3378 4245 Sion.

1808 4283 2033 4339 Dedueti
2072 4282 2218 4337 enim
2253 4282 2323 4335 oh
2349 4281 2537 4334 vitium
2564 4280 2614 4333 in
2650 4280 3020 4348 captivitatem
3048 4320 3062 4343 ,
3089 4296 3211 4334 cum
3243 4279 3379 4334 alias

1806 4377 2186 4446 degustassent
2213 4386 2382 4441 aquas
2415 4384 2533 4442 post
2561 4380 2811 4425 sanctum
2843 4368 3160 4434 Jordanetn,
3184 4371 3236 4425 in
3270 4386 3382 4425 me-

150 4475 365 4543 ἔρχονται
385 4476 461 4547 (7)
477 4476 574 4530 τοῦ
618 4476 821 4530 οἰκείου
854 4477 949 4531 καὶ
982 4476 1251 4549 σωτηρίου
1283 4475 1551 4546 ποταμοῦ.
1587 4475 1703 4528 Διό-

1863 4473 2037 4526 oriam
2066 4469 2503 4537 desideriumque
2533 4467 2763 4520 veniunt
2805 4466 3014 4537 proprii
3041 4476 3097 4520 et
3122 4462 3382 4523 salutaris

146 4575 235 4631 περ
254 4562 466 4617 ἐπὶτῶν
486 4565 751 4635 ποταμῶν
784 4565 1098 4630 Βαϐυλῶνός
1125 4583 1306 4635 φασιψ
1343 4585 1362 4618 ι
1400 4567 1548 4619 Ἐκεῖ
1573 4568 1702 4620 sxa.-

148 4649 349 4723 θῖσαμεν
369 4674 388 4707 ι
417 4657 531 4726 (καὶ
568 4656 729 4728 δῆλον
756 4658 839 4710 ὃτι
869 4657 957 4711 διὰ
985 4657 1045 4710 τὸ
1096 4658 1170 4729 μὴ
1197 4656 1454 4711 δύνασθαι
1487 4656 1699 4728 στῆναι)

153 4762 167 4791 ι
204 4746 285 4798 καὶ
326 4748 688 4820 ἐκλαύσαμεν.
734 4769 752 4802 ι
794 4751 904 4804 Καὶ
933 4753 960 4805 6
998 4749 1262 4823 Ἱερεμίας
1290 4751 1347 4804 δὲ
1377 4750 1701 4823 ἐπιπλήσσει

147 4839 241 4899 τοῖς
275 4838 507 4894 θέλουσιν
531 4842 824 4910 Αίγύπτιον
855 4841 999 4914 ὕδωρ
1020 4846 1180 4906 πιεῖν,
1200 4843 1292 4897 καὶ
1313 4843 1702 4896 καταλείπουσι

148 4927 199 4978 τὸ
222 4930 272 4996 ἐξ
297 4933 521 5006 οὐρανοῦ
568 4934 909 4999 καταϐαῖνον,
955 4936 1048 4987 καὶ
1072 4934 1359 5006 ἐπώνυμον
1404 4935 1503 5005 τῆς
1533 4952 1699 4989 καται

149 5020 333 5087 ϐάσεως
376 5024 665 5094 τυγχάνον,
715 5025 807 5078 τὸν
856 5026 1148 5098 Ἰορδάνην,
1195 5025 1390 5095 λέγων·
1452 5044 1471 5077 ι
1514 5026 1579 5078 Τί
1617 5027 1702 5082 σοὶ

151 5110 231 5164 καὶ
257 5116 320 5183 τῇ
343 5115 447 5186 ὁδῷ
477 5115 757 5184 Αἰγύπτου
789 5116 883 5169 τοῦ
917 5119 1060 5171 πιεῖν
1093 5117 1236 5190 ὓδωρ
1278 5114 1454 5188 Γηῶν,
1486 5115 1580 5170 καὶ
1607 5116 1703 5171 τοῦ

1806 4563 1978 4617 ﬂuvii.
2039 4561 2337 4630 Propterea
2392 4559 2460 4613 de
2511 4557 2691 4612 ﬂuviis
2721 4557 3013 4629 Babylonis
3062 4556 3313 4625 inquiunt
3361 4572 3378 4612 :

1811 4675 1830 4706 ι
1870 4655 1983 4710 Illic
2025 4654 2268 4710 sedimus
2302 4673 2321 4706 ι
2358 4653 2635 4725 (nimirum
2686 4663 2833 4709 stare
2882 4651 3208 4723 nequentes)
3242 4667 3263 4702 ι
3326 4659 3382 4705 et

1806 4746 2073 4803 ﬂevintus.
2113 4768 2133 4800 ι
2172 4746 2398 4813 Quando
2424 4749 2587 4802 etiam
2632 4743 2903 4800 Jeremias
2930 4744 3169 4797 minatur
3194 4742 3382 4798 volen-

1811 4842 1955 4895 tibus
1984 4839 2293 4911 IEgyptiam
2328 4854 2524 4908 aquam
2558 4839 2746 4892 bibere
2777 4875 2794 4900 ,
2841 4844 2897 4891 et
2947 4833 3380 4903 relinquentibus

1809 4948 2005 5001 aquam
2041 4949 2071 4986 e
2109 4931 2247 4986 etelo
2279 4932 2696 4985 descendentem
2725 4970 2739 4990 ,
2785 4938 2841 4984 et
2889 4928 3186 4981 descensus
3220 4940 3382 4994 agno-

1808 5041 1930 5078 men
1980 5025 2266 5079 habentem
2317 5022 2632 5086 Jortlaueni,
2682 5021 2870 5076 dicens
2909 5019 2956 5052 ⁵⁸
2991 5038 3006 5074 :
3042 5038 3062 5072 ι
3103 5020 3253 5074 Nunc
3282 5017 3381 5087 igi-
3486 5092 3489 5097 η

1759 5153 1765 5157 .
1812 5125 1901 5169 tur
1927 5113 2057 5184 quid
2110 5123 2194 5168 est
2246 5113 2340 5168 tibi
2387 5113 2443 5167 in
2493 5115 2581 5167 via
2613 5110 2854 5183 IEgypti,
2885 5120 2945 5166 ut
2994 5111 3149 5165 bibas
3176 5124 3375 5178 aquam

211 5268 250 5299 δ’
278 5268 340 5322 IV
372 5271 502 5338 Reg.
543 5287 597 5335 ν,
630 5272 684 5326 9.
762 5271 809 5305 ⁸³
839 5272 970 5327 ibid.
1000 5271 1141 5326 10."
1171 5271 1303 5325 ibid.
1334 5272 1422 5326 ll.
1499 5271 1545 5304 ⁸⁸⁵
1578 5269 1703 5323 ibid.

1863 5268 2052 5325 Matth.
2080 5284 2199 5331 vm,
2228 5267 2283 5321 τὶ.
2361 5269 2407 5301 ⁸³
2443 5266 2508 5322 IV
2540 5266 2673 5338 Reg.
2712 5280 2759 5335 ν,
2797 5267 2886 5322 12.
2962 5265 3012 5299 ⁸³
3038 5265 3229 5321 Matth.
3256 5280 3374 5331 xu,

157 5336 242 5404 I7;
279 5336 652 5410 Marc.'x,18;
696 5343 827 5399 Luc.
853 5359 970 5408 vui,
1002 5343 1087 5397 l9.
1181 5343 1227 5375 ⁵³
1258 5340 1400 5398 Psal.
1428 5357 1652 5405 cxxxvr,
1687 5342 1739 5394 1.

212 5450 283 5519 (5)
313 5454 513 5529 Editio
537 5455 741 5524 lluetii,
771 5458 889 5529 ἅμα
909 5501 924 5523 ,
978 5457 1149 5513 codex
1192 5457 1538 5521 Bodleianus,
1567 5456 1702 5512 ἀϐα-

152 5535 257 5595 τον,
284 5524 466 5595 sicque
503 5526 630 5595 legit
661 5524 969 5582 Ferrarius.

218 5592 288 5670 ii)
319 5592 490 5670 Editio
520 5592 720 5665 ll'uetii,
754 5597 1086 5670 καθαρισθῇ,
1138 5598 1309 5654 codex
1355 5597 1698 5663 Bodleianus,

153 5662 539 5751 καῖ’,ῆρεῑθιὶσξιη

157 5796 169 5808 ,
219 5732 290 5801 (⁵)
314 5734 389 5804 Ait
417 5732 645 5808 ἔλεγον.
668 5736 759 5796 Sic
787 5740 951 5798 codex
978 5738 1336 5807 Bodleiauus;
1362 5738 1579 5812 Regius,
1598 5739 1700 5793 διέ-

158 5816 322 5867 ιιγον.
982 5860 987 5864 ,

1838 5340 1883 5374 ⁵⁸
1909 5339 2114 5395 Jerem.
2150 5356 2208 5401 ιι,
2241 5339 2329 5396 18.

1866 5456 1942 5526 (6)
1980 5455 2161 5512 Codex
2186 5455 2514 5526 Bodleianus
2538 5453 2621 5509 bis
2654 5453 2819 5509 habet
2860 5450 3118 5525 ’Λρϐανά,
3172 5449 3375 5521 Regius

1799 5525 2109 5593 tttrobique,
2155 5525 2377 5579 ’Λϐανά.
2932 5591 2952 5593 Α
3289 5589 3337 5593 __
3382 5576 3385 5579 .

1860 5597 1936 5668 (7)
1973 5589 2088 5668 Εἰς
2127 5598 2484 5668 eadm-qam
2524 5594 2623 5648 καὶ
2664 5593 2861 5662 ποθὴν
2920 5589 3375 5668 ἔρχονται.-8ἰο

1800 5662 1946 5722 recte
1968 5667 2131 5721 habet
2160 5662 2327 5720 codex
2360 5664 2709 5727 liodleianus,
2741 5674 2907 5731 atque
2944 5664 3015 5717 ita
3056 5663 3186 5732 legit
3239 5662 3372 5717 Fer-

1798 5738 2009 5795 rarius:
2045 5736 2334 5806 Periouius
2367 5750 2530 5804 vero,
2567 5753 2632 5793 ex
2663 5749 2920 5806 perversa
2954 5733 3160 5790 codicis
3214 5732 3368 5804 Regii

1794 5810 2085 5881 scriptura,
2109 5805 2291 5861 ποθέν.
