3766 6142
324 285 435 360 985

1801 296 1963 354 ORIG
1972 297 2056 353 ΕΝ
2062 296 2125 355 IS

3466 294 3565 352 284

326 417 498 481 Geon,
528 421 583 470 et
611 421 670 470 ut
700 412 857 470 bibas
884 428 1084 485 aquam
1120 414 1453 473 ﬂuviorum?
1488 435 1505 470 ι
1553 415 1635 472 vel
1657 457 1671 481 ,
1710 425 1768 471 ut
1804 415 1890 470 He-

2025 414 2154 466 πιεῖν
2190 412 2335 483 ὕδωρ
2383 410 2676 482 ποταμῶν;
2715 430 2733 461 ι
2780 410 2840 482 ἢ,
2889 409 2965 475 ὡς
3010 408 3072 462 τὸ
3120 407 3407 480 Ἑϐραῖκδν
3448 408 3572 480 ἔχει,

329 507 571 563 braicum
602 505 785 565 habet.
820 522 841 557 ι
866 507 1053 562 bibere
1081 522 1276 577 aquam
1299 509 1454 574 Seor,
1485 528 1503 561 ι
1534 509 1602 564 de
1625 523 1733 578 qua
1762 523 1907 563 nunc

331 598 680 671 propositum
711 613 815 652 non
842 607 926 654 est
959 599 1161 654 dicere.

404 688 495 744 29.
543 687 696 755 Quod
755 697 936 743 autem
988 702 1095 743 nou
1126 690 1193 745 de
1247 690 1333 746 his
1381 689 1692 745 ﬂuminibus
1720 730 1735 753 ,
1784 705 1907 759 qua:

329 793 495 834 sensu
534 778 912 850 percipiuntur
940 817 956 844 ,
1005 781 1314 850 praecipuus
1348 783 1422 837 sit
1451 796 1632 838 sermo
1680 782 1905 852 Spiritui

331 872 576 944 loquenti
630 872 684 927 in
732 873 1030 944 Scripturis
1077 887 1106 926 a
1155 875 1264 929 Deo
1320 873 1626 944 inspiratis,
1680 874 1731 928 id
1785 874 1908 929 licet

330 966 497 1020 etiam
531 978 759 1020 cernere
788 981 854 1020 ex
892 966 976 1022 his
1002 979 1122 1035 qua:
1146 967 1213 1019 ab
1241 964 1491 1021 Ezechiel
1518 965 1909 1036 prophetautur

332 1057 400 1110 ad
428 1054 768 1111 Pharaonem
801 1071 981 1128 regem
1025 1055 1243 1127 IEgypti
1271 1057 1337 1123 ⁸⁸,
1371 1057 1517 1128 [quae
1548 1057 1628 1111 sic
1654 1057 1853 1111 habent
1888 1074 1901 1109 :

336 1164 358 1199 ι
401 1146 478 1200 En
503 1161 604 1217 ego
645 1146 713 1200 ad
747 1154 822 1211 te,
849 1161 883 1200 ο
911 1146 1146 1211 Pharao,
1181 1162 1273 1200 rex
1306 1144 1577 1218 EgyptiJ
1612 1147 1904 1201 draconem

332 1253 617 1308 magnum,
651 1242 927 1294 sedentem
961 1239 1015 1292 in
1046 1239 1223 1293 medio
1252 1238 1561 1304 ﬂuviorum,
1600 1247 1651 1294 te
1702 1238 1907 1307 ipsum-

329 1343 436 1399 que
456 1329 818 1409 alloquentein
851 1345 867 1382 :
901 1328 1037 1383 Mihi
1067 1337 1194 1383 sunt
1227 1329 1399 1398 fluvii,
1454 1339 1503 1383 et
1534 1345 1628 1399 ego
1659 1328 1761 1399 feci
1793 1344 1904 1392 eos,

329 1430 385 1473 et
429 1418 570 1474 dabo
619 1422 844 1489 laqueos
888 1418 941 1473 in
975 1419 1222 1473 maxillas
1259 1432 1401 1485 tuas,
1450 1429 1508 1473 et
1556 1418 1907 1490 agglutinabo

272 1502 275 1507 ’
332 1510 511 1580 pisces
544 1509 694 1567 ﬂuvii
749 1511 890 1584 [(10)
930 1526 1054 1567 cum
1082 1510 1274 1582 pennis
1303 1511 1437 1576 tuis,
1469 1520 1629 1580 teque
1659 1525 1691 1566 e
1725 1508 1905 1564 medio

330 1601 552 1658 ﬂumine
612 1614 704 1660 tuo
734 1604 1026 1669 reducam,
1071 1612 1128 1659 et
1169 1617 1364 1658 omnes
1400 1603 1579 1673 pisces
1618 1600 1904 1674 ﬂuminis,]

331 1706 387 1752 et
420 1695 671 1766 dejiciam
698 1706 751 1753 te
779 1697 1032 1752 celeriter
1064 1713 1078 1751 :
1106 1705 1161 1752 et
1193 1710 1382 1755 omnes
1414 1697 1595 1765 pisces
1621 1695 1772 1750 ﬂuvii
1810 1711 1904 1752 co-

2011 523 2030 557 ι
2072 503 2165 557 τοῦ
2190 507 2330 558 πιεῖν
2363 503 2506 576 ὓδωρ
2537 501 2678 557 Σιὼν
2711 501 2813 575 (8),
2850 520 2870 553 ι
2912 500 3040 574 περὶ
3064 492 3125 554 οὗ
3153 501 3215 553 ού
3237 498 3335 557 νῦν
3358 500 3574 573 πρόκει-

2005 615 2094 652 ται
2128 597 2329 665 λέγειν.
2776 580 2779 583 ’
3416 650 3417 653 η

2074 690 2163 746 29.
2194 689 2315 742 ’Ότι
2344 687 2400 741 δὲ
2423 688 2485 742 ού
2502 687 2630 760 περὶ
2659 686 2933 759 αἰσθητῶν
2964 685 3222 756 ποταμῶν
3247 686 3276 739 ὁ
3308 683 3577 757 προηγούο

2008 799 2170 853 μενος
2211 780 2370 848 λόγος
2411 779 2527 833 ἐστὶ
2562 778 2640 850 τῷ
2671 780 2729 831 ἐν
2772 782 2891 843 ταῖς
2931 776 3311 841 θεοπνεύστοις
3340 778 3578 847 Γραφαίς

2006 871 2252 925 λαλοῦντι
2282 869 2582 942 Πνεύματι,
2623 870 2717 924 καὶ
2742 871 2848 924 ἀπὸ
2879 869 2986 923 τῶν
3013 870 3072 923 ὲν
3101 868 3180 940 τῷ
3218 867 3469 940 Ἐζεκιὴλ
3491 868 3581 922 ἐπὶ

2005 960 2204 1035 Φαραὼ
2261 961 2484 1032 βασιλέα
2542 961 2819 1031 Αἰγύπτου
2888 960 3378 1032 προφητευομὲνων
3440 959 3581 1015 ἐστιν

2010 1053 2158 1119 ἰδεῖν,
2192 1052 2365 1118 οὕτως
2406 1053 2655 1125 ἐχόντων·
2714 1072 2732 1105 ι
2789 1053 2917 1107 Ἰδοὺ
2966 1050 3078 1122 ἐγὼ
3111 1052 3204 1106 ἐπὶ
3243 1054 3325 1118 σὲ,
3363 1051 3578 1124 Φαραὼ,

2008 1146 2226 1217 βασιλεῦ
2269 1145 2544 1216 Αἰγύπτου
2576 1146 2674 1217 (9),
2704 1145 2794 1199 τὸν
2823 1144 3089 1217 δράκοντα
3129 1144 3220 1200 τὸν
3250 1146 3445 1216 μέγαν,
3494 1144 3579 1197 τὸν

2005 1238 2375 1311 ἐγκαθήμενον
2399 1240 2457 1292 ὲν
2488 1238 2637 1309 μέσῳ
2654 1237 2934 1309 ποταμῶν,
2962 1237 3122 1292 αὐτὸν
3140 1236 3384 1305 λέγονται
3421 1237 3583 1306 Ἐμοί

2004 1332 2230 1384 εἰσινοί
2249 1329 2521 1399 ποταμοὶ,
2548 1328 2650 1383 καί
2669 1325 2783 1397 ἐγὼ
2803 1328 3062 1397 ἐποίησα
3092 1329 3330 1395 αὐτούς’
3357 1328 3454 1381 καὶ
3477 1325 3581 1395 ἐγὼ

2004 1425 2160 1478 δώσω
2182 1424 2416 1494 παγίδας
2446 1425 2527 1488 εἰς
2557 1424 2658 1487 τὰς
2687 1422 2943 1492 σιαγόνας
2973 1439 3090 1491 σου,
3121 1424 3215 1478 καὶ
3247 1421 3582 1493 προσκολλη-

2007 1533 2085 1569 σω
2108 1518 2233 1581 τοὺς
2260 1516 2449 1589 ἰχθύας
2468 1514 2562 1570 τοῦ
2590 1515 2836 1587 ποταμοῦ
2868 1515 3007 1588 πρὸς
3028 1516 3126 1579 τὰς
3158 1513 3437 1586 πτέρυγάς
3468 1529 3583 1580 σου,

2005 1605 2100 1659 καὶ
2126 1604 2308 1671 ἀνάξω
2337 1622 2397 1658 σε
2426 1606 2492 1659 ὲκ
2526 1604 2692 1676 μέσου
2718 1604 2813 1658 τοῦ
2834 1604 3083 1676 ποταμοῦ
3115 1620 3232 1669 σου,
3261 1603 3357 1657 καὶ
3377 1602 3584 1666 πάντας

2004 1698 2130 1759 τοὺς
2163 1696 2354 1767 ἰχθύας
2381 1695 2476 1750 τοῦ
2502 1694 2769 1767 ποταμοῦ,
2794 1698 2890 1750 καὶ
2915 1695 3207 1751 καταϐαλῶ
3236 1713 3296 1750 σε
3320 1698 3378 1750 ὲν
3408 1696 3579 1767 τάχει·

330 1803 446 1842 ram
499 1788 640 1844 facie
669 1798 826 1844 terrae
860 1798 964 1843 tuze
992 1787 1191 1844 cadent
1214 1827 1231 1855 ,
1264 1796 1317 1842 et
1348 1787 1509 1859 148
1534 1802 1640 1842 non
1673 1802 1890 1857 congre-

2025 1786 2097 1838 ιαὶ
2139 1786 2349 1851 πάντας
2394 1786 2520 1850 τοὺς
2561 1786 2751 1859 ἰχθύας
2773 1786 2865 1841 τοῦ
2893 1786 3140 1858 ποταμοῦ
3161 1787 3255 1839 ἐπὶ
3290 1786 3583 1858 προσώπου

328 1880 568 1950 gaberis,
600 1890 658 1935 et
703 1897 808 1936 non
844 1880 1148 1936 ornaberis.
1190 1897 1208 1930 ι
1247 1880 1416 1946 Quem
1448 1888 1756 1948 serpentem
1781 1895 1905 1934 cor-

328 1973 615 2044 poralem',
662 1973 715 2028 in
748 1971 1020 2043 corporali
1062 1968 1281 2043 Egypti
1334 1971 1496 2027 ﬂuvio
1525 1973 1699 2027 visunt
1734 1969 1905 2027 fuisse

327 2066 686 2136 prodiderunt
735 2080 969 2135 unquam
1024 2065 1317 2121 historiae?
1373 2064 1609 2119 Proihde
1661 2064 1786 2118 vide
1836 2079 1905 2120 ne

328 2155 471 2212 forte
505 2156 700 2212 ﬂuvius
729 2155 953 2227 Egypti
986 2155 1140 2210 locus
1170 2156 1245 2211 sit
1283 2155 1539 2211 draconis
1564 2154 1771 2209 inimici
1805 2168 1903 2208 no—

328 2249 454 2312 stri,
477 2250 568 2317 qui
595 2264 664 2304 ne
690 2248 914 2320 Moysen
946 2249 1161 2318 quidem
1190 2263 1415 2318 puerum
1439 2249 1746 2303 interﬁcere
1778 2249 1901 2316 qui-

326 2338 428 2395 vit.
465 2338 538 2395 Ut
569 2348 751 2394 autem
777 2340 945 2393 draco
972 2348 1053 2392 est
1085 2339 1135 2392 in
1164 2337 1386 2409 Egypti
1428 2337 1616 2406 ﬂuvio,
1644 2339 1723 2394 sic
1758 2337 1902 2394 Deus

326 2441 414 2487 est
447 2431 500 2485 in
549 2430 715 2486 ﬂuvio
761 2431 1069 2487 laztiﬂcante
1106 2432 1378 2486 civitatein
1418 2431 1508 2486 Dei
1533 2432 1579 2464 ⁵⁷
1604 2449 1619 2499 ;
1647 2448 1768 2486 nam
1794 2432 1897 2486 Pa-

329 2532 414 2578 ter
444 2535 530 2580 est
555 2525 608 2578 in
649 2524 787 2579 Filio
819 2525 888 2579 ⁸⁸.
941 2525 1095 2579 Hanc
1124 2524 1194 2578 ob
1241 2539 1464 2577 causam
1508 2525 1599 2593 qui
1632 2526 1697 2578 ad
1724 2527 1898 2593 ipsum

327 2624 559 2686 pergunt
589 2626 647 2670 ut
676 2615 945 2681 laventur,
995 2617 1253 2685 probrum
1297 2617 1576 2686 deponunt
1623 2631 1689 2670 ex
1725 2615 1898 2688 ZEgy-

328 2716 421 2777 pto
454 2708 694 2771 ductum,
730 2709 1078 2777 aptioresque
1112 2707 1248 2761 liunt
1293 2717 1353 2761 ut
1406 2707 1800 2771 subvehantur,
1842 2719 1900 2764 et

330 2799 664 2853 Innndantur
691 2814 730 2855 a.
748 2799 916 2867 lepra,
949 2798 1486 2867 duplicationemque
1514 2798 1780 2852 donorum
1806 2814 1901 2854 ae-

407 2891 455 2923 ”
486 2889 682 2943 Ezech.
714 2904 863 2953 χχιιι,
886 2889 922 2943 5
947 2898 998 2942 et
1030 2903 1149 2956 seq.

2008 1878 2102 1931 τοῦ
2124 1878 2304 1932 πεδίου
2330 1894 2422 1931 σου
2444 1877 2607 1951 πέσῃ,
2629 1879 2724 1932 καὶ
2742 1878 2811 1932 ού
2852 1876 2928 1949 μὴ
2967 1877 3258 1950 συναχθῇς,
3285 1879 3382 1931 καὶ
3419 1879 3485 1931 οὐ
3514 1878 3584 1949 μὴ

2010 1967 2361 2040 περισταλῇς.
2387 1985 2406 2018 ι
2440 1967 2601 2031 Ποῖος
2633 1967 2744 2039 γὰρ
2787 1965 3097 2038 σωματικὸς
3134 1965 3349 2038 δράκων
3384 1965 3498 2038 (ll)
3530 1968 3584 2020 ὲν

2009 2058 2087 2131 τῷ
2114 2056 2409 2129 σωματικῷ
2439 2057 2539 2129 τῆς
2561 2057 2838 2127 Αἰγύπτου
2886 2057 3118 2128 ποταμῷ
3146 2058 3332 2127 ὀφθεὶς
3371 2058 3586 2130 ἱστόρη-

2009 2152 2099 2206 ταί
2133 2168 2297 2217 ποτε;
2324 2150 2484 2204 Ἀλλὰ
2516 2153 2724 2222 μήποτε
2750 2150 2948 2223 χωρίον
2972 2150 3091 2204 ἐστὶ
3125 2151 3237 2223 (12)
3273 2150 3368 2205 τοῦ
3390 2150 3584 2223 ἐχθροῦ

2004 2244 2161 2317 ήμῶν
2192 2244 2481 2317 δράκοντος
2510 2244 2539 2296 ὁ
2563 2243 2661 2314 τῆς
2688 2242 2964 2312 Αἰγύπτου
2992 2243 3256 2315 ποταμὸς,
3290 2243 3428 2314 μηδὲ
3461 2262 3586 2297 παι-

2003 2336 2114 2390 δίον
2145 2337 2462 2390 ἀποκτεῖναι
2487 2333 2726 2388 Μωῦσέα
2757 2333 3022 2405 δυνηθείς.
3054 2335 3265 2406 Ὥσπερ
3285 2335 3342 2388 δὲ
3372 2335 3587 2407 δράκων

2006 2431 2065 2482 ὲν
2102 2426 2180 2499 τῷ
2214 2427 2495 2498 Αἰγυπτίῳ
2529 2426 2645 2479 ἐστὶ
2676 2425 2928 2497 ποταμῷ,
2968 2426 3140 2491 οὕτως
3168 2430 3197 2480 ὁ
3233 2427 3367 2491 Θεὸς
3399 2430 3459 2480 ὲν
3514 2428 3585 2499 τῷ

2005 2519 2348 2591 εύφραίνοντι
2374 2519 2472 2590 τὴν
2499 2517 2652 2571 πόλιν
2675 2516 2767 2571 τοῦ
2789 2518 2924 2571 Θεοῦ
2948 2519 3194 2592 ποταμῷο
3216 2522 3244 2574 ὁ
3269 2521 3464 2593 Πατὴρ
3484 2522 3588 2592 γὰρ

2007 2617 2064 2669 ὲν
2096 2614 2173 2687 τῷ
2204 2614 2342 2685 Υίῷ.
2388 2613 2488 2668 Διὰ
2514 2612 2673 2668 τοῦτο
2710 2615 2758 2667 οἱ
2795 2614 3079 2685 γενόμενοι
3117 2615 3176 2666 ἑν
3208 2611 3358 2683 αύτῷ
3389 2613 3483 2666 ἐπὶ
3512 2612 3589 2683 τῷ

2006 2707 2301 2763 λούσασθαι
2328 2708 2418 2761 τὸν
2447 2707 2750 2778 ὀνειδισμὸν
2781 2706 3128 2761 ἀποτίθενται
3161 2706 3261 2778 τῆς
3288 2706 3585 2775 Αἰγύπτου,

2009 2803 2104 2856 καὶ
2122 2799 2543 2872 ἐπιτηδειότεροι
2577 2800 2715 2873 πρὸς
2741 2801 2803 2854 τὸ
2832 2798 3584 2871 ἀναλαμϐάνεσθαιγὼονται,

1243 2888 1287 2918 ⁵⁷
1318 2887 1465 2944 Psal.
1491 2904 1615 2952 xcv,
1646 2887 1699 2942 5.
1775 2889 1821 2920 ⁵⁸
1848 2888 2006 2947 Joan.
2034 2906 2090 2956 ιι,
2124 2889 2194 2945 58
2226 2898 2284 2946 et
2310 2901 2418 2952 xw,
2448 2885 2540 2942 10.

400 2982 477 3053 (8)
514 2983 600 3054 Ἦ,
623 2982 703 3048 ὡς
730 2981 796 3035 τὸ
827 2982 1132 3051 Ἐϐραῖκὸν
1152 2981 1295 3051 ἔχει,
1329 2981 1435 3036 τοῦ
1461 2984 1620 3038 πιεῖν
1655 2983 1720 3037 τὸ
1752 2983 1908 3054 ὕδωρ
1935 2991 1977 3050 C
2010 2989 2204 3054 ταμοῖς
2235 2985 2452 3054 δράκων
2475 3002 2490 3015 ·
2521 2984 2617 3038 καὶ
2645 2984 2789 3048 τίνες
2832 2984 2883 3037 οἰ
2927 2984 2986 3037 ἐν
3021 2984 3141 3047 ταῖς
3174 2982 3385 3052 φολίσιν
3424 2984 3588 3039 αὐτοῦ

328 3054 499 3109 Σιών.
535 3053 780 3107 Varictas
812 3054 1205 3108 haee'leCtionis
1236 3055 1475 3123 pertinet
1502 3057 1566 3108 ad
1596 3054 1727 3108 illud
1761 3073 1775 3108 :
1802 3053 1897 3109 τοῦ

329 3127 473 3197 πιεῖν
502 3122 644 3197 ὕδωρ
667 3122 841 3197 Γηῶν,
869 3139 974 3197 non
1004 3125 1080 3197 ad
1106 3122 1247 3197 hoc,
1270 3122 1365 3176 τοῦ
1403 3127 1544 3197 πιεῖν
1574 3124 1719 3197 ὕδωρ
1741 3142 1906 3179 ποτα-

334 3194 474 3266 μῶν.
523 3195 747 3266 Codices
786 3194 1014 3266 Regius.
1051 3193 1406 3266 Bodleiauus,
1466 3193 1798 3249 Barberi'nus
1850 3204 1907 3250 et

331 3262 616 3320 l’erionius
668 3262 889 3318 habent
922 3262 1080 3326 Σιών,
1134 3264 1206 3317 ita
1253 3274 1310 3316 ut
1362 3278 1459 3317 nos
1507 3265 1813 3320 edidimus:
1850 3275 1906 3320 at

333 3335 639 3390 Ferrarius.
682 3351 700 3384 ι
740 3335 920 3388 bibere
945 3351 1139 3400 aquam
1180 3334 1336 3398 Seor,
1368 3352 1387 3383 ι
1421 3345 1585 3397 recte,
1638 3335 1904 3390 Hebraice

333 3406 481 3461 enim
509 3415 589 3475 est
611 3413 787 3463 ἾἹΠΨ.
818 3406 957 3459 unde
981 3406 1149 3475 Σῖρις,
1184 3420 1290 3473 quo
1319 3404 1534 3475 nomine
1566 3404 1905 3473 Nilusappel-

334 3477 500 3538 latur,
542 3474 608 3545 ab
632 3490 894 3542 aquarum
936 3473 1174 3542 nigrore,
1202 3476 1344 3527 unde
1376 3492 1402 3528 τι
1445 3473 1651 3545 Graecis
1678 3477 1904 3545 quibus-

332 3550 456 3600 dam
491 3543 675 3607 Μέλας
696 3546 915 3613 pruprio
941 3545 1158 3598 nomine
1187 3545 1366 3598 dictus
1403 3554 1507 3599 est.
1541 3543 1904 3600 LXXireddi-

332 3618 531 3671 derunt
556 3614 732 3686 Γηῶν,
756 3631 819 3669 ex
845 3626 1058 3669 vetusto
1080 3630 1289 3678 errore,
1325 3616 1451 3686 tam
1478 3616 1605 3670 inde
1655 3616 1742 3686 ab,
1761 3615 1905 3669 anti-

375 3687 456 3742 nis
519 3684 751 3740 deducto
804 3686 1158 3754 temporibus,
1200 3702 1308 3753 quo
1358 3684 1556 3740 Phison
1605 3692 1661 3739 et
1710 3685 1900 3741 Gehon

375 3702 456 3742 IIIS
519 3702 751 3740 deducto
804 3702 1158 3754 temporibus,
1200 3702 1308 3753 quo
1358 3702 1556 3740 rmson
1605 3702 1661 3739 et.
1710 3702 1900 3741 benon

332 3702 545 3825 ganges
566 3771 688 3810 esse
719 3764 775 3810 et
821 3754 974 3811 Nilus
1000 3755 1472 3810 existimabantur.
1500 3757 1571 3808 At
1599 3756 1903 3810 accuratio-

336 3828 486 3880 ribus
514 3826 876 3880 recentiorum
911 3827 1190 3880 hominum
1222 3825 1417 3879 studiis
1459 3833 1795 3895 compertum
1819 3836 1901 3880 est

333 3906 567 3976 quatuor
588 3897 763 3976 capita
795 3897 939 3976 ﬂuvii
980 3898 1294 3976 paradisum
1325 3896 1600 3976 irrigantis
1621 3911 1697 3976 _ea
1735 3895 1903 3951 fuisse

336 3966 541 4036 Tigrim
597 3976 651 4019 et
689 3966 1043 4036 Euphratem,
1073 3978 1186 4020 tum
1233 3964 1413 4019 alveos
1436 3964 1559 4020 illos
1602 3967 1771 4036 duos,
1806 3982 1902 4036 per

334 4034 473 4104 quos
504 4035 807 4104 Euphrates
839 4035 1040 4106 Tigridi
1073 4037 1369 4106 permistus
1400 4037 1453 4090 in
1491 4037 1670 4090 sinum
1723 4034 1902 4090 Persi-

335 4123 460 4161 cum
487 4106 740 4175 erumpit.
789 4107 889 4159 Adi
914 4105 1149 4173 ’Josephi
1203 4105 1463 4174 Scaligeri
1506 4107 1581 4159 De
1635 4111 1897 4164 emendat.

335 4187 491 4243 temp.
528 4174 721 4229 librum
740 4177 1013 4246 quintum,
1044 4185 1097 4229 et
1124 4176 1282 4244 epist.
1314 4178 1441 4241 441,
1469 4177 1563 4246 qnj
1612 4174 1900 4231 Calvinum

335 4247 624 4300 sententia:
661 4245 818 4314 hujus
851 4257 1131 4299 auctorem
1189 4256 1243 4299 et
1286 4245 1628 4301 inventorem
1691 4246 1898 4302 laudat.

2013 3054 2196 3126 ἰχθύες
2220 3072 2234 3121 ;
2271 3054 2381 3109 Kal.
2400 3055 2452 3108 τί
2491 3072 2558 3126 με
2585 3056 2665 3108 δεῖ
2685 3056 2790 3126 ,ἐπὶ
2814 3055 3036 3126 πλείονα
3061 3054 3495 3126 κατασκευάζειν
3524 3057 3592 3110 τὰ

2131 3119 2362 3198 δεόμενα
2401 3119 2776 3198 κατασκευῇς;
2809 3125 2893 3198 ἐφ’
2938 3119 3021 3188 οἷς
3059 3124 3360 3198 λέγεται
3382 3141 3396 3155 ο
3439 3127 3590 3198 ι-Τίς

2009 3194 2189 3267 σοὲρὸς.
2223 3194 2314 3250 καὶ
2345 3199 2566 3267 συνήσει
2596 3194 2770 3249 ταῦτα
2795 3213 2810 3255 ;
2844 3195 2877 3267 ἢ
2906 3194 3269 3267 συνετὸςλκαὶ
3290 3196 3592 3265 ἐπιγνώσε-

2004 3265 2095 3322 ται
2119 3266 2299 3331 αὐτά;
2332 3286 2350 3318 ι
2386 3265 2583 3320 Ezech.
2616 3283 2770 3331 XXIX,
2794 3267 2847 3331 5,
2867 3265 2924 3320 et
2949 3282 3120 3329 xxxii,
3144 3265 3200 3327 2,
3229 3281 3327 3333 pro
3355 3281 3423 3320 eo
3448 3270 3591 3336 quod

2005 3338 2150 3392 LXX
2188 3337 2420 3408 reddunt
2482 3335 2734 3408 δράκων,
2793 3336 3058 3408 llebraice
3110 3336 3342 3408 habetur
3386 3335 3589 3401 ωτι-τι.

2005 3410 2149 3479 quod
2178 3422 2283 3461 non
2317 3406 2587 3461 dracones
2611 3407 2807 3479 solum,
2836 3406 2928 3479 sed
2953 3415 3082 3479 cete_
3101 3406 3264 3479 etiam
3289 3445 3304 3469 ,
3332 3410 3591 3477 grandio-

2004 3475 2096 3533 res
2128 3479 2304 3547 pisces
2325 3489 2377 3532 et
2400 3487 2678 3545 serpentes
2723 3477 3011 3543 signiﬁcat.
3066 3475 3123 3529 In
3157 3476 3241 3528 liis
3272 3475 3592 3533 recensetur

2005 3548 2328 3601 crocodilus.
2360 3562 2521 3601 auem
2546 3548 2649 3601 huc
2681 3548 2799 3601 loco
2824 3546 3127 3601 designavit
3157 3546 3432 3601 Ezechiel.
3466 3548 3588 3601 lima

2005 3557 2328 3612 crocodilus,
2360 3562 2521 3616 quem
2546 3557 2649 3601 nne
2681 3557 2799 3603 loco
2824 3557 3127 3614 desrgnavu
3157 3557 3432 3601 Ezechiel.
3466 3557 3588 3605 meo

2005 3626 2185 3672 autem
2212 3619 2390 3673 bellua
2421 3616 2644 3686 Egypti
2681 3632 2860 3683 regem
2891 3617 3185 3684 expressit,
3225 3618 3586 3684 quemadmo-

2006 3690 2131 3758 dum
2175 3688 2369 3743 eadem
2423 3686 2731 3758 Egyptiaci
2795 3687 2945 3756 regni
3007 3687 3367 3758 pastmodum_
3423 3698 3583 3758 typus

2004 3757 2106 3812 fuit
2135 3767 2190 3812 et
2230 3757 2562 3827 symbolum.
2606 3756 2770 3811 Certe
2818 3765 2940 3824 post
2992 3756 3262 3824 adjectain
3336 3756 3587 3814 Romano

2004 3828 2232 3897 imperio
2254 3826 2572 3898 Egyptum,
2604 3827 2842 3898 nutnmis
2864 3826 2978 3898 suis
3022 3827 3357 3898 crocodilum
3402 3833 3588 3895 Augu-

2005 3896 2122 3953 stus
2144 3896 2372 3979 apping'i
2387 3898 2574 3979 voluit.
2596 3897 2734 3964 Quid
2753 3896 3244 3979 quodIPharaonem
3260 3896 3589 3979 ilEgyptiaee

2003 3969 2338 4022 crocodilum
2368 3968 2681 4037 signiﬁcare
2722 3968 2916 4089 coniici
2959 3982 3027 4022 ex
3064 3982 3129 4021 eo
3182 3968 3383 4035 potest,
3416 3968 3585 4036 quod

2003 4046 2161 4108 mna
2187 4040 2327 4108 apud
2356 4037 2702 4108 Arabes,qui
2732 4053 2818 4091 mu
2850 4046 2899 4091 la
2924 4037 2993 4108 ab
3014 4035 3286 4108 Egyptiis
3306 4053 3431 4093 eum
3466 4040 3584 4107 ipsa

2003 4107 2404 4179 signiﬁcatione
2454 4107 2715 4179 voeabula
2761 4107 2988 4179 mutuati
3021 4107 3189 4179 sunt,
3238 4108 3582 4164 crocodilum

2003 4174 2184 4249 so'net.
2209 4179 2344 4234 Nam
2372 4178 2520 4247 quod
2562 4178 2756 4233 scribit
2788 4174 3059 4249 Iosephus
3081 4217 3096 4240 ,
3125 4177 3305 4249 Aniiq.
3335 4179 3433 4233 lib.
3465 4194 3583 4247 vni,

2005 4265 2126 4319 cap.
2147 4248 2202 4313 2,
2255 4268 2274 4299 σ
2322 4246 2659 4303 Pharaonem
2688 4289 2703 4314 ,
2733 4268 2752 4300 ι
2781 4246 2931 4316 apud
2967 4246 3467 4319 Egyptios'regetn
3509 4246 3584 4302 si;

340 4314 611 4398 Vulgata;
645 4335 663 4398 ι
702 4317 768 4371 Ut
798 4316 951 4398 bibas
990 4331 1207 4396 aquam-
1236 4317 1547 4398 turbidam?
1567 4335 1591 4398 ρ
1626 4316 1770 4387 quod
1828 4316 1902 4370 fa-
1935 4343 1977 4398 ι)
2007 4314 2284 4390 gnificare,
2321 4320 2408 4373 vix
2452 4319 2701 4398 cui-quam
2755 4314 2947 4398 piiobet
3005 4314 3127 4398 qui
3151 4314 3575 4398 animadvertit,

334 4384 481 4457 ctum
524 4388 740 4441 videtur
791 4401 854 4440 ex
896 4386 1084 4441 Grazco
1139 4384 1247 4439 τῶν
1295 4390 1349 4440 0'
1374 4427 1389 4452 ,
1440 4387 1579 4457 apud
1625 4384 1762 4455 quos

334 4455 480 4531 ῦδωρ
512 4457 689 4531 Γηῶν.
733 4471 1014 4527 perperam
1064 4457 1297 4513 fortasse
1351 4455 1552 4512 lectum
1595 4467 1699 4524 est,
1762 4455 1905 4529 ὕδωρ

335 4527 514 4597 Γήῖον.
546 4527 805 4583 Hunnus.

409 4598 485 4666 (9)
506 4595 1048 4667 Προφητευομένων
1078 4597 1249 4667 ἐστιν
1309 4595 1456 4667 ἰδεῖν
1504 4596 1691 4667 οὕτως
1734 4596 1906 4665 ἐχόν-

336 4682 456 4721 των
477 4684 490 4697 ·
545 4668 688 4721 Ἰδοὺ
719 4666 857 4737 ἐγὼ
880 4666 979 4719 ἐπὶ
1024 4666 1132 4731 σὲ,
1164 4666 1392 4735 Φαραὼ,
1420 4666 1684 4732 ,βασιλεῦ
1737 4668 1904 4733 Αἰγύ-

336 4749 510 4790 πτου.
545 4738 668 4792 Haec
697 4739 1073 4791 desiderantur
1096 4739 1149 4791 in
1175 4741 1361 4794 codice
1384 4737 1571 4806 Regio,
1599 4739 1697 4792 sed
1748 4739 1905 4792 resti-

341 4818 563 4865 tuuntur
586 4822 619 4862 e
637 4809 821 4862 codice
850 4808 1160 4863 Bodleiano.

410 4879 521 4950 (10)
570 4877 692 4932 Haec
713 4893 779 4933 ex
837 4879 1283 4945 interpretatione
1349 4877 1581 4933 Periouii
1630 4877 1903 4950 supplevi-

336 4963 480 5004 mus.

410 5017 521 5090 (11)
544 5016 724 5088 Ποῖος
739 5017 847 5088 γὰρ
870 5018 1201 5087 σωματικὰς
1220 5017 1477 5087 δράκων,
1505 5029 1611 5074 etc.
1626 5018 1902 5090 Origenes

339 5089 435 5144 lib.
466 5106 517 5144 tv
545 5102 727 5158 contra
754 5089 983 5149 Celsum,
1012 5106 1160 5143 unm.
1193 5091 1283 5151 50,
1320 5107 1373 5158 ι).
1409 5092 1533 5146 542:
1568 5089 1664 5153 Τίς
1688 5089 1730 5142 δτ
1772 5091 1903 5143 ἀνα-

337 5158 658 5231 γιγνώσκων
680 5157 946 5245 δράκοντα
973 5162 1030 5213 ἐν
1056 5160 1132 5229 τῷ
1148 5157 1672 5241 Αἰγυπτίυέιποταμῷ
1701 5158 1897 5223 ζῶντα,

338 5233 433 5303 καί
460 5232 586 5303 τοὺς
619 5228 805 5300 ἰχθύας
824 5228 1238 5303 ὲμφωλεύοντας
1267 5232 1432 5303 αὐτου
1458 5236 1578 5295 ταῖς
1607 5231 1836 5303 φολίσιν,
1864 5231 1896 5303 ἢ

338 5246 433 5285 και
460 5246 586 5295 τους
619 5246 805 5300 ιχυυας
824 5246 1238 5300 εμφωλευοντας
1267 5246 1432 5284 αυτου
1458 5246 1578 5295 ταις
1607 5246 1836 5299 φοΛισιν,
1864 5246 1896 5303 η

335 5302 445 5356 ἀπὸ
462 5302 569 5356 τῶν
594 5300 1043 5423 προχωρημὰτων
1079 5298 1172 5352 τοῦ
1205 5299 1405 5372 Φαραὼ
1441 5301 1790 5423 πληρούμενα
1831 5302 1901 5383 τὰ

336 5372 615 5423 Αἰγύπτου
675 5388 763 5423 οη.
798 5388 857 5423 ου
894 5370 1190 5423 προάγεται
1227 5370 1449 5423 αὐτόθεν
1478 5388 1552 5423 πο
1586 5391 1612 5423 c
1642 5372 1702 5423 τὸ
1739 5370 1901 5423 ζητη-

336 5372 615 5442 Αἰγύπτου
639 5370 763 5442 ὅρη,
787 5370 857 5443 ἠού
894 5370 1190 5443 προάγεται
1227 5370 1449 5424 αὐτόθεν
1478 5370 1612 5443 προς
1642 5370 1702 5424 τὸ
1739 5370 1902 5443 ζητῆτ

342 5440 453 5506 σαι,
478 5444 560 5506 τίς
598 5440 923 5514 ὁτοσούτων
944 5440 1197 5514 δυσωδῶν
1244 5440 1693 5514 προχωρημάτων
1734 5440 1898 5514 αὑτοῦ

340 5514 562 5584 πληρῶν
592 5512 661 5566 τὰ
693 5511 1000 5584 Αἰγυπτίων
1025 5512 1155 5584 δρη·
1175 5511 1299 5584 καῖ’
1322 5511 1444 5565 τίνα
1475 5511 1545 5565 τὰ
1579 5512 1687 5584 τῶν
1738 5513 1901 5584 Αἰγυέ

343 5582 512 5664 ξτίων
539 5584 668 5664 ὅρη]
687 5584 800 5664 ,καὶ
821 5582 966 5664 τίνες
993 5583 1041 5634 οἱ
1071 5583 1129 5634 ἐν
1147 5582 1415 5664 ,Αἰγύπτῳ
1450 5583 1740 5664 ,ποταμοὶη
1772 5583 1900 5664 περὶ

340 5645 416 5708 ὧν
445 5645 789 5723 αὐχῶν’λὲγει
811 5655 839 5706 ὁ
861 5645 1255 5725 προειρημένος
1275 5645 1475 5725 Φαραώ
1499 5671 1510 5683 ·
1548 5645 1740 5725 «Ἐμοί
1764 5645 1898 5725 εἰσιν

341 5724 394 5795 οἰ
418 5725 789 5795 ποταμοὶ,καί
812 5723 922 5795 ἐγὼ
943 5724 1173 5795 ἐποίησα
1199 5723 1393 5795 αὐτούς
1414 5741 1425 5754 ·
1456 5744 1472 5774 r
1508 5724 1598 5777 καὶ
1621 5725 1704 5785 τίς
1729 5726 1757 5776 ό
1772 5724 1898 5777 ἀνα⁴

345 5790 504 5860 λογον
531 5790 642 5856 τοῖς
666 5790 1200 5865 ἀποδειχθησομένοις
1227 5794 1334 5848 ἀπὸ
1357 5795 1450 5864 τῆς
1482 5796 1769 5866 ἑρμηνείας
1801 5812 1893 5845 πο-

1844 4402 1903 4442 ro
1936 4388 1972 4398 "
2009 4388 2173 4460 quam
2201 4404 2344 4460 saape
2376 4404 2500 4444 «rex
2528 4388 2769 4443 Pharum
2814 4390 2868 4442 in
2925 4388 3302 4460 sacrislibris
3349 4389 3578 4457 legatur.

2012 4458 2123 4515 Nec
2143 4458 2322 4514 simile
2353 4469 2438 4515 est
2469 4478 2490 4512 ι
2529 4460 2680 4513 Abba
2713 4470 2889 4529 pater,
2928 4477 2947 4509 ι
2985 4458 3132 4529 quod
3179 4469 3360 4514 exstat
3408 4460 3579 4517 Marc.

2014 4546 2126 4595 Juv,
2154 4530 2245 4595 36,
2275 4530 2436 4602 lion].
2462 4529 2690 4602 vu,_l5,
2716 4540 2766 4582 et
2799 4526 2975 4585 Galat.
3001 4526 3076 4602 iv,
3107 4529 3244 4602 (1.1ιί
3294 4531 3440 4584 enim
3490 4548 3583 4602 ge-

2014 4603 2292 4671 minarnnt
2315 4599 2526 4654 Hebrmi
2562 4598 2750 4654 Graeca
2785 4610 2995 4671 utentes
3018 4600 3253 4667 loquela,
3284 4611 3344 4654 ut
3400 4598 3578 4671 maju-

2014 4685 2128 4725 rem
2161 4670 2391 4725 aﬂ'ectus
2412 4672 2516 4723 vim
2552 4685 2615 4724 ea
2652 4683 2782 4723 voce
2812 4669 3170 4740 declararent,
3205 4686 3368 4738 quam
3419 4669 3574 4740 pueri

2012 4751 2225 4810 patrem
2253 4740 2584 4810 appellantes
2614 4749 2893 4811 usurpant.
2922 4738 3113 4811 Verius
3157 4756 3265 4794 non
3304 4738 3579 4811 estquod

2012 4808 2144 4865 dant
2173 4808 2405 4882 nominis
2436 4810 2579 4882 illius
2602 4808 2819 4880 etymon
2838 4808 3344 4882 ΔΡΙιὶΙοᾼΙιεςιοῙξΞ,
3379 4808 3575 4882 Origeo

2011 4897 2109 4953 nes
2141 4882 2325 4953 liomil.
2349 4878 2686 4953 6_i_irGenes‘.
2732 4878 2891 4953 n.__2_,
2921 4894 2974 4948 p.
3003 4880 3094 4942 77,
3125 4878 3178 4935 ct
3211 4878 3580 4953 llieronyuius

2009 4951 2089 5004 De
2114 4952 2366 5007 nominib.
2391 4949 2662 5016 Hebraic.,
2690 4953 2767 5020 ab
2785 4950 3008 5005 Hebraeo
3042 4965 3232 5020 nempe
3267 4949 3581 5016 mfcum

2016 5020 2284 5087 «Pharao,
2318 5040 2339 5073 ι
2373 5023 2626 5092 reddunt,
2653 5019 3020 5092 aedemin}
3053 5019 3447 5092 exterminatur
3472 5025 3581 5077 dis-

2010 5092 2198 5160 sipans
2233 5108 2246 5146 :
2278 5110 2298 5145 ι
2332 5091 2492 5158 hujus
2517 5093 2661 5146 enim
2693 5092 2839 5147 vocis
2870 5091 3227 5163 veriloquium
3252 5093 3323 5163 ab
3368 5092 3578 5163 Aigyp-

2014 5163 2103 5216 tiis
2143 5164 2431 5230 petendum
2465 5175 2569 5226 est,
2627 5176 2731 5214 non
2781 5163 2851 5217 ab
2892 5160 3156 5215 Hebraeis.
3202 5162 3368 5216 Addit
3435 5160 3573 5217 Eie-

2009 5232 2153 5287 cbicl
2190 5240 2378 5292 ειν-πυ
2406 5242 2529 5314 πῃ
2557 5243 2729 5314 ν-ωτι,
2760 5248 2779 5282 ι
2808 5234 3012 5314 cubaris
3066 5232 3120 5285 in
3176 5233 3359 5314 medio
3398 5231 3575 5287 ﬂumi-

2010 5318 2137 5356 num
2168 5320 2388 5359 suorum
2414 5299 2483 5355 ;’›
2517 5305 2569 5356 in
2597 5304 2754 5356 undis
2785 5302 2929 5355 enim
2964 5299 3080 5355 fere
3124 5303 3363 5368 quietem
3411 5318 3573 5371 cape-

2011 5388 2072 5428 re
2097 5372 2286 5427 solitus
2310 5383 2389 5427 est
2416 5373 2755 5439 crocodilus;
2786 5372 3103 5425 Ammianus
3125 5373 3218 5426 lib.
3236 5387 3347 5426 mi
3381 5373 3571 5427 ;iNoi~-

2008 5443 2154 5568 hibus
2182 5445 2469 5513 quiescens
2496 5458 2592 5514 per
2620 5445 2814 5507 undas,
2853 5442 3046 5498 diebus
3069 5442 3215 5496 humi
3256 5446 3514 5498 vescitur.
3544 5460 3562 5492 ι

2060 5529 2271 5568 οετιυε.

2060 5529 2271 5569 υετιυε.

2081 5584 2194 5655 (12)
2229 5583 2417 5655 Ἀλλὰ,
2428 5582 2659 5652 μήποτε
2695 5581 2912 5655 χωρίον
2947 5582 3102 5655 ἐστί,
3160 5582 3565 5655 etc.__0rige_nes

2012 5651 2196 5709 hoinil.
2232 5655 2268 5709 5
2315 5657 2372 5707 in
2402 5651 2627 5715 Isaiam,
2659 5669 2713 5707 n.
2746 5654 2800 5717 3,
2845 5668 2897 5721 p.
2939 5654 3063 5716 115,
3099 5669 3127 5704 a
3157 5673 3169 5707 :
3207 5672 3226 5704 ι
3259 5651 3560 5707 νίνίιΊὶωι

2010 5725 2277 5850 sitalliglnus
2308 5726 2358 5779 in
2394 5735 2616 5798 pectore
2648 5734 2855 5788 nostro.
2894 5723 3129 5792 quaudiu
3170 5724 3302 5779 vivit
3356 5723 3563 5779 Pharao

2055 5814 2079 5845 :t
2124 5811 2152 5848 u
2181 5810 2261 5850 IIS.
2300 5813 2317 5846 ι

2055 5810 2261 5850 ῖιυυιιιε.
2300 5813 2317 5846 ι
