3766 6142
192 335 278 395 286

1227 331 1583 390 COMMENT.
1618 327 1684 384 IN
1723 323 1915 384 JOAN.
1954 329 2194 387 TOMUS
2231 328 2319 385 Vl.

3271 322 3381 382 9.86

195 455 268 509 καὶ
295 449 390 506 ἀπὸ
412 449 503 522 τῆς
536 448 883 521 μιαρωτάτης
916 447 1123 521 λέπρας
1165 449 1570 520 καθαρίζονται,
1619 448 1714 499 καὶ

1841 447 2044 514 :ipiunt,
2077 454 2240 514 atque
2265 443 2431 498 etiam
2459 440 2597 496 ﬁunt
2626 440 2692 494 ad
2728 440 2965 512 Spiritus
2999 441 3174 496 sancti
3223 457 3377 497 rece-

192 541 535 613 διπλασιασμδν
560 539 797 612 χωροῦσι
832 542 1206 612 χαρισμάτων,
1230 541 1323 593 καὶ
1343 541 1549 610 ἕτοιμοι
1576 539 1711 610 πρὸς

194 635 461 705 Πνεῦματος
491 633 640 700 ἁγίου
673 631 984 703 παραδοχὴν
1017 633 1274 700 γίνονται,
1313 633 1456 702 ἄλλῳ
1485 630 1712 700 ποταμῷ

188 729 270 782 οὐκ
292 723 648 795 ὲφιπταμένης
678 723 778 793 τῆς
823 724 1195 794 πνευματικῆς
1227 726 1572 795 περιστερᾶς.
1605 722 1714 774 Διό-

193 834 276 888 περ
303 815 747 885 θεοπρεπέστερον
769 815 1061 884 νοήσαντες
1091 815 1184 867 τὸν
1218 814 1508 885 Ἰορδάνην,
1535 815 1629 868 καὶ
1655 813 1714 866 τὸ

191 913 236 962 ὲν
255 909 381 978 αὐτῷ
397 907 634 978 λουτρὸν,
664 907 758 961 καὶ
789 906 878 960 τὸν
915 907 1120 978 Ἰησοῦν
1153 909 1210 960 ὲν
1233 906 1380 977 αὐτῷ
1407 906 1712 977 λουόμενον,

192 1002 377 1056 καὶτὸν
424 1001 519 1070 τῆς
556 998 903 1069 κατασκευῆς
955 996 1121 1064 οἶκον,
1177 1000 1298 1054 ὅσον
1351 999 1582 1070 δεόμεθα
1617 1000 1715 1070 τῆς

187 1094 403 1166 τοιαύτης
427 1093 685 1162 ὡφελείας
711 1091 922 1147 ἀπὸτοῦ
955 1090 1200 1164 ποταμοῦ
1225 1090 1574 1164 άρυσὼμεθα.

244 1185 320 1240 50.
352 1182 426 1251 Τῇ
450 1184 733 1252 ἐπαύριον
757 1183 976 1248 ,ϐλέπει
1001 1184 1108 1236 τὸν
1135 1182 1370 1249 Ἰησοῦν
1399 1182 1726 1254 ἐρχόμενον

188 1276 311 1345 πρὸς
333 1276 522 1330 αὐτόν.
563 1275 833 1346 Πρότερον
861 1278 894 1346 ή
935 1276 1115 1346 μήτηρ
1147 1273 1240 1326 τοῦ
1268 1272 1465 1342 Ἰησοῦ,
1499 1275 1614 1346 ἅμα
1646 1275 1723 1348 τῷ

187 1363 428 1416 συλλαϐεῖν
478 1363 662 1428 αὐτὸν,
712 1366 779 1434 τῇ
826 1364 992 1434 μητρὶ
1036 1363 1130 1416 τοῦ
1171 1363 1415 1417 Ἰωάννου
1452 1363 1547 1418 καὶ
1579 1365 1716 1436 αὐτῇ

186 1454 408 1526 ὲγκύμονι
433 1454 794 1528 τυγχανούσῃ,
820 1455 1102 1526 ἐπεδήμει,
1126 1455 1215 1508 ὅτε
1245 1453 1616 1527 μορφούμενος
1641 1454 1720 1526 τῷ

189 1548 505 1618 μῡρφουμένῳ
533 1547 919 1620 ἀκριϐέστερον
960 1547 1056 1619 τὴν
1106 1548 1383 1620 μόρφωσιν
1416 1547 1716 1619 χαρίζεται,

187 1638 466 1709 σύμμορφον
516 1639 756 1712 ἐνεργῶν
787 1639 949 1692 αὑτὸν
980 1638 1230 1708 γενέσθαι
1276 1641 1342 1710 τῇ
1375 1639 1501 1712 δόξῃ
1531 1639 1716 1704 αὑτοῦ,

185 1731 299 1784 ὥστε
333 1730 414 1784 διὰ
445 1730 505 1784 τὸ
537 1732 716 1785 κοινὸν
774 1732 872 1802 τῆς
933 1730 1148 1802 μορφῆς
1209 1731 1318 1802 (15)
1366 1731 1617 1802 Ἰωάννην
1657 1747 1717 1782 τε

184 1824 380 1896 Χριστὸν
407 1823 748 1877 ὑπονοεῖσθαι
771 1823 1078 1894 τυγχάνειν,
1106 1822 1199 1876 καὶ
1229 1822 1432 1892 Ἰησοῦν
1468 1821 1719 1892 Ἰωάννην

181 1916 451 1971 ἀναστάντα
481 1918 546 1970 ὲκ
578 1917 786 1989 νεκρῶν
820 1915 1150 1988 νομίζεσθαι,
1174 1915 1323 1986 παρὰ
1355 1918 1466 1978 τοῖς
1504 1915 1576 1986 μὴ
1614 1915 1721 1968 δια-

182 2013 388 2085 κρίνουσι
411 2012 505 2085 τὴν
534 2014 720 2066 εἰκόνα
740 2013 847 2066 άπὸ
875 2011 968 2066 τοῦ
1005 2012 1144 2065 κατὰ
1176 2013 1274 2082 τὴν
1305 2011 1507 2064 εἰκόνα·
1536 2010 1629 2063 νῦν
1656 2009 1719 2081 δή

179 2107 214 2159 6
238 2104 425 2176 Ἰησοῦς
457 2105 595 2176 μετά
625 2106 696 2159 τά
729 2105 1195 2177 προεξετασθέντα
1227 2103 1497 2176 μαρτύρια
1543 2102 1722 2155 Ἰωάν-

179 2218 256 2254 νου
279 2200 397 2272 περὶ
438 2200 626 2266 αὐτοῦ,
663 2200 828 2264 αὐτὸς
863 2190 1116 2271 βλέπεται
1162 2199 1267 2253 ὑπὸ
1297 2198 1388 2252 τοῦ
1421 2195 1719 2251 Βαπτιστοῦ

181 2292 438 2362 ἐρχόμενος
470 2294 607 2364 πρὸς
647 2293 828 2347 αὑτὸν.
888 2293 1311 2364 Παρατηρητέον
1342 2293 1418 2356 δὲ,
1474 2294 1555 2346 ὅτι
1609 2293 1723 2344 ἐκεῖ

183 2382 264 2452 μὲν
289 2382 370 2436 διά
391 2382 484 2454 τήν
511 2382 607 2436 τοῦ
639 2383 858 2453 Μαρίας
891 2382 1182 2453 ἀσπασμοῦ
1205 2383 1388 2453 φωνὴν
1405 2381 1720 2453 ἐληλυθυῖαν

180 2477 245 2537 είς
264 2475 326 2527 τά
364 2469 472 2529 ὦτα
505 2475 606 2545 τῆς
649 2474 952 2539 Ἐλισάϐετ,
991 2476 1187 2546 σκιρτᾷ
1224 2475 1284 2528 τὸ
1312 2475 1506 2546 βρέφος
1543 2476 1721 2529 Ἰωάν-

182 2586 262 2638 νης
297 2569 350 2621 ὲν
395 2571 458 2639 τῇ
517 2569 699 2639 κοιλίᾳ
744 2569 841 2638 τῆς
894 2569 1118 2640 μητρὸς,
1164 2569 1305 2632 τότε,
1349 2569 1424 2631 ὡς
1465 2568 1573 2621 άπὸ
1623 2569 1721 2638 τῆς

178 2659 265 2726 γῆς
291 2659 813 2732 (14),λαμ6ανοῦσης
829 2659 1056 2730 Πνεῦμα
1070 2661 1241 2728 ἆγιονο
1267 2678 1285 2709 ι
1323 2659 1566 2726 Ἐγένετο
1589 2657 1718 2729 γάρ,

179 2749 336 2819 φησὶν,
364 2751 436 2814 ὡς
466 2752 671 2821 ήκουσε
697 2751 787 2804 τὸν
808 2749 1097 2819 ἀσπασμὸν
1125 2749 1225 2819 τῆς
1257 2750 1472 2821 Μαρίας
1509 2751 1542 2818 ἡ
1593 2748 1728 2801 Ἐλι-

181 2840 336 2904 σάϐετ,
360 2840 644 2913 ἐσκίρτησε
665 2839 722 2892 τὸ
744 2839 938 2912 βρέφος
992 2845 1049 2896 ἐν
1080 2845 1145 2913 τῇ
1181 2841 1357 2913 κοιλίᾳ
1401 2842 1588 2913 αὐτῆς,
1629 2843 1722 2896 καὶ

177 2932 388 3006 ἐπλήσθη
422 2935 743 3006 Πνεῦματος
790 2935 944 3004 άγίου
989 2936 1022 3006 ή
1057 2933 1354 2996 Ἐλισάϐετ,
1391 2935 1484 2988 καὶ
1518 2933 1724 3004 ἀνεφώ-

177 3041 287 3096 νησε
314 3031 516 3100 κραυγῇ
555 3027 790 3100 μεγάλῃ,
828 3027 920 3081 καὶ
953 3022 1124 3080 εἶπεν.
1168 3045 1186 3078 ι
1227 3026 1396 3080 Ἔνθα
1444 3026 1498 3078 δὲ
1534 3046 1551 3077 ‹
1596 3026 1723 3079 Βλέ-

1814 539 2052 608 ptionem
2092 536 2292 606 parati,
2323 534 2580 588 nimirum
2630 534 2698 588 ad
2727 533 2871 587 aliud
2910 532 3108 587 ﬂumen
3147 547 3253 586 non
3286 533 3380 586 ad-

1813 631 2029 684 volante
2081 629 2353 683 columba.
2387 626 2748 692 Quamobrem
2787 625 3220 694 magniﬁcentius
3246 641 3379 680 con—

1814 724 2054 780 siderato
2082 721 2342 787 Jordane,
2377 721 2654 790 ipsiusque
2676 719 2898 786 lavacro
2932 733 2994 771 ac
3023 715 3150 773 Jesu
3179 718 3270 788 qui
3322 719 3378 771 in

1816 816 1933 884 ipso
1981 813 2214 876 lavatur,
2263 819 2374 863 tum
2405 808 2729 880 [Bethabara
2767 807 2872 860 hoc
2904 804 3012 875 est]
3083 804 3248 858 domo
3298 803 3382 856 in-

1816 905 2152 968 structionis,
2199 912 2408 956 tantum
2461 899 2712 955 utilitatis
2741 913 2771 952 a
2811 897 2977 953 ﬂuvio
3024 897 3380 961 hauriamus,

1816 1006 2079 1068 quantum
2107 1009 2344 1064 egemus.

1889 1181 1979 1236 '50.
2014 1179 2232 1234 Postero
2259 1179 2341 1232 die
2369 1180 2505 1235 uidet
2537 1178 2769 1235 Joannes
2791 1178 2974 1232 Iesum
3001 1179 3286 1233 uenientem
3313 1178 3381 1231 ad

1818 1291 1872 1328 se
1899 1274 1963 1328 ⁵⁸.
1994 1273 2151 1330 Prius
2182 1272 2306 1328 Jesu
2349 1283 2541 1338 mater,
2589 1273 2750 1327 simul
2791 1284 2952 1344 atque
2983 1273 3156 1342 ipsum
3183 1285 3381 1326 concc-

1817 1366 1915 1436 pit,
1937 1366 2002 1420 ad
2024 1365 2246 1421 Joannis
2276 1377 2501 1420 matrem
2529 1405 2545 1431 ,
2575 1381 2801 1434 eamque
2862 1376 3073 1421 uterum
3123 1364 3384 1418 ferentem

1818 1459 2018 1529 pergit,
2047 1461 2265 1529 quando
2297 1459 2384 1528 qui
2428 1459 2692 1513 formatur
2728 1459 3118 1513 accuratiorem
3182 1455 3385 1510 forma-

1823 1554 2022 1608 tionem
2049 1555 2215 1608 donat
2243 1553 2292 1607 ei
2325 1551 2414 1620 qui
2455 1551 2810 1613 formabatur,
2861 1548 3198 1606 conformem
3233 1547 3383 1602 illum

1820 1640 2057 1698 efﬁciens
2088 1657 2196 1696 sua?
2236 1641 2442 1712 gloriae,
2475 1641 2610 1695 adeo
2661 1651 2717 1694 ut
2757 1640 2826 1694 ob
2879 1640 3106 1694 formam
3141 1653 3386 1692 commu-

1822 1750 1964 1797 nem,
2018 1732 2254 1788 Joannes
2300 1733 2618 1788 crederetur
2666 1747 2786 1787 esse
2827 1732 3100 1795 Christus,
3149 1739 3202 1784 et
3255 1729 3384 1783 item

1820 1824 2068 1880 Christus
2116 1823 2355 1878 Joannes
2395 1838 2518 1878 esse
2569 1837 2598 1876 a
2653 1823 2884 1876 mortuis
2914 1822 3123 1877 excitus
3165 1829 3389 1890 putare-

1821 1917 1969 1970 tur“
1997 1916 2136 1984 apud
2165 1930 2258 1970 eos
2283 1917 2374 1984 qui
2406 1931 2514 1969 non
2563 1915 2881 1970 discernunt
2909 1915 3050 1970 inter
3092 1913 3385 1981 imaginem

1821 2016 1874 2060 et
1905 2007 2048 2060 inter
2097 2019 2218 2059 eum
2269 2004 2361 2074 qui
2393 2014 2476 2059 est
2526 2004 2822 2058 secundum
2875 2002 3194 2070 imaginem;
3245 2014 3386 2054 nunc

1821 2107 2002 2150 autem
2036 2095 2152 2164 ipse
2177 2095 2336 2148 Jesns
2357 2103 2480 2163 post
2521 2109 2607 2159 ea,
2641 2107 2761 2163 qua:
2788 2102 2946 2147 antea
2980 2100 3236 2146 accurate
3258 2106 3389 2146 exa-

1823 2187 2175 2250 minavimus,
2206 2183 2514 2240 testimonia
2545 2181 2772 2237 Joannis
2805 2181 2871 2235 de
2919 2180 3057 2250 ipso,
3087 2181 3302 2234 videtur
3357 2190 3388 2234 ιι

1820 2284 2063 2354 Baptista
2098 2283 2324 2337 veniens
2348 2282 2413 2336 ad
2457 2281 2628 2337 illum.
2659 2277 2764 2334 Sed
2787 2280 2964 2332 obiter
2988 2277 3386 2331 observamlum

1822 2388 1906 2432 est
1936 2378 2077 2446 quod
2110 2377 2218 2430 illic
2245 2391 2339 2445 per
2365 2391 2551 2430 vocem
2597 2373 2942 2428 salutationis
2996 2371 3176 2425 Mariae
3200 2412 3216 2436 ,
3267 2387 3389 2442 qua:

1823 2469 2070 2537 pervenit
2101 2469 2169 2521 ad
2214 2483 2376 2522 aures
2404 2465 2708 2530 Elisabeth,
2738 2465 2920 2519 exsilit
2946 2461 3186 2517 Joannes
3211 2463 3391 2518 infans

1824 2564 1878 2617 in
1908 2570 2064 2616 utero
2087 2562 2299 2625 matris,
2327 2569 2436 2613 tum
2471 2559 2634 2612 veluti
2670 2575 2698 2612 a
2734 2569 2922 2613 sancta
2949 2557 3115 2612 Maria
3163 2571 3388 2611 sumen-

1825 2653 1895 2707 tis
1941 2653 2201 2721 Spiritnm
2243 2660 2492 2704 sanctum
2522 2667 2536 2703 :
2571 2669 2589 2701 ι
2636 2650 2829 2704 Evenit
2879 2649 3022 2702 enim
3049 2688 3064 2712 ,
3110 2648 3284 2716 inquit
3317 2647 3388 2712 “,

1823 2753 1879 2795 ut
1903 2742 2108 2796 audivit
2134 2741 2513 2795 salutationem
2537 2740 2716 2793 Mariae
2745 2738 3045 2801 Elisabeth,
3071 2736 3232 2808 15.9
3254 2736 3390 2790 sub-

1823 2841 1986 2895 silivit
2033 2839 2214 2894 infans
2259 2839 2310 2891 in
2365 2847 2522 2892 utero
2567 2835 2703 2904 ejus,
2752 2844 2805 2889 et
2837 2833 3039 2901 repleta
3071 2843 3154 2887 est
3183 2833 3389 2902 Spiritu

1823 2940 2014 2984 sancto
2037 2927 2334 2991 Elisabeth,
2371 2937 2424 2982 et
2449 2927 2778 2981 exclamavit
2805 2940 2937 2980 voce
2983 2940 3202 2994 magna,
3232 2935 3288 2978 et
3312 2923 3393 2978 di-

1827 3022 1923 3075 xit.
1982 3040 2000 3074 »
2057 3019 2155 3074 llic
2199 3030 2374 3074 autem
2416 3037 2435 3071 ι
2492 3017 2648 3072 Videt
2687 3016 2924 3073 Joannes
2957 3016 3140 3071 Jesum
3191 3017 3258 3070 ad
3304 3031 3391 3070 se-

178 3134 254 3170 πει
276 3120 302 3172 6
343 3120 592 3191 Ἰωάννης
613 3121 706 3173 τὸν
738 3120 943 3191 Ἰησοῦν
966 3119 1257 3192 ἐρχόμενον
1278 3119 1412 3190 πρὸς
1427 3118 1606 3184 αὑτὸν,
1626 3118 1718 3171 καὶ

1847 3128 1995 3181 psum
2029 3113 2354 3175 venientem,
2381 3120 2437 3165 et
2465 3111 2594 3164 dicit
2618 3128 2633 3166 :
2662 3111 2796 3165 Ecce
2829 3112 2918 3166 ille
2944 3112 3132 3181 Agnus
3157 3109 3270 3174 Dei,
3300 3109 3392 3179 qui

176 3205 320 3276 λέγει·
352 3210 501 3264 Ἴδεό
521 3211 721 3281 ’Δμνὸς
747 3211 840 3264 τοῦ
872 3209 1031 3275 Θεοῦ,
1061 3212 1090 3263 ὁ
1125 3211 1293 3281 αἴρων
1329 3209 1425 3280 τὴν
1448 3210 1722 3281 ἁμαρτίαν

175 3298 254 3352 τοῦ
278 3299 493 3372 κόσμου’
538 3321 557 3354 ›
593 3303 732 3372 ἀκοῇ
765 3302 821 3355 δὲ
851 3305 916 3374 τῇ
960 3302 1213 3374 περὶτῶν
1244 3301 1562 3373 κρειττόνων
1590 3302 1722 3372 πρό-

175 3392 308 3461 τερόν
334 3409 413 3457 τις
450 3393 789 3459 παιδεύεται,
819 3396 913 3448 καὶ
959 3394 1096 3466 μετὰ
1125 3395 1298 3448 ταῦτα
1331 3396 1601 3467 αὐτόπτης
1630 3397 1726 3448 αὑ-

175 3481 266 3536 τῶν
288 3485 503 3552 γίνεται.
544 3487 672 3539 ’Ότι
705 3463 1054 3556 μέντοιγε-είς
1080 3485 1178 3556 τὴν
1217 3487 1496 3558 μόρφωσιν
1520 3463 1734 3557 ὧφέληί

173 3590 249 3628 ται
269 3577 295 3628 6
332 3579 580 3651 Ἰωάννης
597 3578 709 3632 ἀπὸ
736 3579 830 3632 τοῦ
861 3579 939 3632 ἔτι
976 3579 1348 3650 μορφουμένου
1374 3577 1466 3631 τοῦ
1497 3579 1722 3649 Κυρίου,

173 3670 437 3740 γενομένου
483 3674 541 3726 ὲν
574 3674 644 3742 τῇ
683 3672 850 3744 μητρὶ
884 3671 1020 3743 πρὸς
1043 3671 1142 3743 τὴν
1187 3671 1485 3735 Ἐλισάϐετ,
1535 3671 1610 3742 τῷ
1635 3689 1725 3724 κε-

173 3764 444 3832 κρατηκότι
471 3765 583 3818 τῶν
623 3765 927 3836 εἰρημένων
957 3764 1086 3836 περὶ
1118 3763 1208 3817 τοῦ
1241 3764 1422 3834 φωνὴν
1459 3765 1555 3834 μὲν
1587 3759 1724 3817 εἶναι

170 3853 249 3910 τὸν
286 3857 552 3930 Ἰωάννην,
583 3857 742 3927 λόγον
772 3858 828 3911 δὲ
851 3858 942 3912 τὺν
978 3857 1204 3928 Ἰησοῦν,
1233 3857 1389 3928 δῆλον
1424 3857 1594 3910 ἔσται·
1631 3875 1725 3928 με-

171 3947 291 4020 γάλη
308 3949 411 4022 γάρ
437 3953 590 4022 φωνὴ
618 3951 825 4020 γίνεται
859 3953 917 4004 ὲν
953 3953 1018 4022 τῇ
1065 3949 1345 4004 Ἐλισάϐετ
1374 3949 1725 4022 πληρωθείσῃ

173 4038 464 4112 Πνεῦματος
493 4043 656 4112 ἁγίου
681 4043 768 4097 διὰ
805 4043 896 4096 τὸν
924 4042 1211 4112 ἀσπασμὸν
1241 4043 1339 4111 τῆς
1368 4041 1604 4112 Μαρίας,
1649 4041 1725 4106 ὡς

171 4129 342 4203 αὑτήή
372 4133 515 4200 λέξις
550 4133 882 4204 παρίστησιν
900 4132 1073 4195 οὕτως
1093 4131 1304 4202 ἔχουσα·
1332 4151 1351 4182 ι
1387 4133 1496 4186 Καὶ
1517 4131 1726 4202 ἀνεφώ-

169 4237 284 4290 νησε
310 4227 520 4296 κραυγῇ
550 4222 785 4295 μεγάλῃ,
828 4243 846 4274 ι
871 4221 1030 4292 δῆλον
1060 4221 1142 4274 ὅτι
1175 4223 1208 4292 ή
1253 4221 1552 4284 Ἐλισάϐετ,
1591 4241 1610 4272 ‹
1635 4222 1726 4276 καὶ

170 4309 322 4370 εἶπεν.
354 4336 373 4368 ι
415 4317 476 4369 Ἦ
505 4317 620 4388 γὰρ
667 4313 817 4386 φωνὴ
864 4312 957 4367 τοῦ
1008 4313 1300 4384 ἀσπασμοῦ
1347 4315 1444 4386 τῆς
1485 4313 1723 4384 Μαρίας,

169 4408 407 4482 γενομένη
452 4412 511 4463 ὲν
539 4411 656 4472 τοῖς
681 4408 783 4461 ὠσὶ
813 4406 913 4477 τῆς
965 4405 1272 4469 Ἐλισάὸετ,
1309 4405 1596 4477 ἐπλήρωσε
1633 4405 1726 4458 τὸν

180 4496 411 4572 Ἰωάννην
431 4501 656 4572 ἑαυτῆς
688 4499 874 4571 διόπερ
907 4499 1102 4569 σκιρτᾷ
1122 4499 1152 4550 ὁ
1191 4499 1462 4569 Ἰωάννης,
1491 4499 1585 4552 καὶ
1616 4499 1722 4551 οἱο-

169 4592 239 4645 νεὶ
263 4594 427 4664 στόμα
467 4594 563 4648 τοῦ
596 4592 712 4647 υίοῦ
764 4594 860 4646 καὶ
901 4592 1228 4666 προφῆτιςή
1275 4592 1457 4662 μήτηρ
1491 4592 1720 4660 γίνεται,

168 4684 504 4754 ἀναφωνοῦσα
534 4689 750 4758 κραυγῇ
780 4686 1011 4757 μεγάλη,
1040 4685 1132 4739 καὶ
1146 4683 1396 4754 λέγουσαο
1435 4702 1452 4734 ‹
1487 4683 1727 4754 Εὐλογη-

172 4775 294 4847 μένη
326 4779 388 4833 σὺ
429 4781 488 4833 ὲν
519 4778 754 4850 γυναιξὶ,
791 4780 884 4832 καὶ
920 4779 1278 4850 εὐλογημένος
1315 4779 1342 4830 6
1370 4776 1579 4849 καρπὸς
1626 4775 1726 4846 τῆς

170 4871 359 4934 κοιλίας
391 4889 504 4926 σου.
551 4893 569 4924 ι
605 4873 741 4944 Ἤδη
775 4867 867 4925 οὖν
899 4871 1119 4924 δύναται
1144 4870 1298 4940 δῆλος
1331 4870 1460 4939 ἡμῖν
1481 4866 1727 4936 γίνεσθαι

171 4961 253 5014 καὶ
279 4963 310 5034 ή
345 4965 481 5034 μετὰ
513 4964 750 5034 σπουδῆς
775 4964 968 5035 πορεία
992 4964 1090 5034 τῆς
1119 4963 1332 5034 Μαρίας
1359 4963 1437 5024 εἰς
1467 4960 1563 5032 τὴν
1586 4961 1720 5031 όρει-

170 5052 276 5122 νῆν,
326 5057 416 5108 καὶ
447 5059 481 5127 ή
533 5055 738 5119 εἴσοδος
781 5058 860 5120 εἰς
910 5055 1001 5108 τὸν
1053 5051 1198 5107 οἷκον
1240 5052 1532 5122 Ζαχαρίου,
1574 5052 1668 5105 καὶ
1698 5052 1728 5103 6

173 5147 442 5220 ἀσπασμὸς
470 5150 530 5204 ὃν
555 5148 857 5212 ἀσπάζεται
877 5149 975 5219 τὴν
1008 5147 1309 5201 Ἑλισάδετ.
1339 5147 1457 5199 Ἱνα
1488 5144 1598 5215 γάρ
1631 5161 1728 5215 με-

173 5241 298 5311 ταδῷ
327 5241 416 5310 ἀφ’
463 5238 534 5314 ἧς
579 5243 711 5313 ἔχει,
757 5241 816 5307 ἐξ
865 5239 926 5297 οῦ
966 5241 1270 5312 συνείληφε,
1323 5239 1603 5309 δυνάμεως
1649 5235 1729 5307 τῷ

1829 3206 1965 3260 tollit
1995 3214 2277 3274 peccatum
2316 3205 2499 3260 mundi
2525 3206 2611 3264 “z
2649 3225 2668 3257 ι
2710 3206 2760 3258 in
2807 3206 2970 3259 rebus
3011 3202 3214 3258 etenim
3256 3218 3394 3272 prze-

1825 3298 2118 3361 stantibus,
2166 3314 2262 3366 per
2301 3298 2542 3352 auditum
2579 3298 2816 3367 primum
2847 3297 2970 3366 quis
2998 3296 3266 3360 eruditur,
3299 3295 3396 3349 de-

1827 3393 1951 3447 inde
1981 3392 2231 3447 oculatus
2255 3394 2406 3447 testis
2441 3393 2677 3460 ipsarum
2719 3407 2901 3444 rerum
2946 3392 3024 3445 lit.
3075 3387 3180 3444 Sed
3211 3389 3390 3458 profe-

1826 3495 1914 3540 cto
1961 3485 2200 3553 adjuvari
2252 3485 2513 3540 Joannem
2562 3486 2627 3539 ad
2667 3484 3041 3538 formationem
3069 3500 3098 3537 a
3130 3483 3394 3545 Domino,

1826 3579 1918 3644 qui
1977 3579 2156 3632 adhuc
2187 3593 2308 3632 cum
2366 3577 2692 3633 formaretur
2741 3577 2984 3645 perrexit
3029 3578 3082 3630 in
3113 3586 3285 3628 matre
3328 3575 3396 3628 ad

1827 3667 2222 3734 Elisabetham,
2253 3671 2302 3723 ei
2333 3671 2678 3739 perspicumn
2707 3669 2814 3723 erit
2845 3670 2937 3737 qui
2987 3667 3222 3722 tenuerit
3275 3679 3397 3733 quae

1827 3757 2206 3824 disseruimus,
2249 3760 2374 3813 dum
2409 3760 2716 3814 diceremus
2741 3759 3000 3815 Joannem
3031 3772 3151 3812 esse
3183 3770 3395 3820 vocem,

1825 3849 2012 3905 Jesum
2049 3867 2176 3906 vero
2199 3867 2509 3908 sermonem
2539 3869 2558 3909 :
2585 3869 2778 3923 magna
2809 3855 2952 3907 enim
2983 3868 3086 3907 vox
3113 3852 3170 3905 lit
3199 3851 3252 3905 in
3288 3849 3399 3904 Eli-

1828 3949 2020 4003 sabeth
2068 3949 2270 4017 repleta
2325 3948 2530 4018 Spiritu
2559 3960 2752 4004 sancto
2781 3951 2848 4004 ob
2885 3949 3071 4004 Maria:
3109 3947 3392 4002 salutatio-

1828 4056 1978 4106 nem,
2006 4050 2066 4094 ut
2095 4041 2256 4096 lectio
2290 4041 2406 4111 ipsa
2435 4041 2594 4096 docet
2627 4041 2773 4095 hunc
2805 4042 2856 4094 in
2892 4041 3107 4096 modum
3142 4041 3348 4095 habens
3377 4055 3394 4094 :

1831 4152 1850 4184 ι
1890 4131 1955 4186 Et
1975 4132 2300 4187 exclamavit
2323 4148 2454 4188 voce
2476 4148 2668 4199 magna
2703 4133 2770 4197 “,
2804 4151 2823 4183 ι
2851 4133 3060 4186 scilicet
3096 4131 3392 4200 Elisabetb,

1833 4241 1852 4274 ι
1903 4233 1958 4279 et
1999 4224 2155 4278 dixit.
2206 4243 2225 4276 ι
2265 4221 2382 4278 Vox
2431 4223 2574 4278 enim
2613 4221 2955 4276 salutationis
3002 4223 3184 4277 Maria:
3213 4263 3229 4288 ,
3275 4239 3396 4293 qua:

1827 4315 2073 4384 pervenit
2113 4316 2179 4369 ad
2211 4330 2370 4370 aures
2413 4314 2690 4369 Elisabetb
2719 4354 2734 4378 ,
2779 4314 3006 4382 replevit
3036 4313 3298 4370 Joannem
3338 4331 3398 4371 se

1829 4409 1975 4476 ipsa;
2013 4423 2176 4477 quam
2213 4407 2283 4462 ob
2319 4423 2536 4464 causam
2561 4405 2796 4461 subsdiit
2821 4408 3078 4472 Joannes,
3116 4417 3400 4477 nmerque

1828 4499 1993 4553 veluti
2024 4513 2089 4554 os
2121 4498 2217 4554 lilii
2263 4509 2319 4554 et
2365 4501 2712 4570 prophetissa
2745 4498 2994 4563 ellicitur,
3028 4514 3163 4554 voce
3204 4516 3400 4570 magna

1828 4591 2147 4646 exclamans
2179 4607 2244 4646 ac
2277 4593 2462 4647 dicens
2494 4610 2509 4648 :
2564 4609 2581 4642 α
2606 4591 2893 4646 Benedicta
2947 4601 2999 4644 tu
3047 4593 3186 4645 inter
3217 4593 3403 4647 mulie-

1831 4700 1938 4750 res,
1969 4693 2020 4740 et
2054 4686 2374 4741 benedictus
2407 4686 2496 4742 ille
2545 4686 2753 4741 fructus
2785 4689 2991 4743 ventris
3018 4689 3093 4742 tui
3120 4688 3187 4746 “.
3223 4707 3241 4741 ι
3277 4685 3398 4740 Jam

1831 4791 1963 4831 vero
2000 4792 2030 4831 a
2059 4777 2216 4834 nobis
2245 4789 2431 4849 aperte
2458 4783 2690 4850 perspici
2723 4792 2901 4852 potest
2934 4791 3043 4837 tum
3081 4780 3262 4834 Maria:
3297 4781 3401 4834 iter

1829 4867 1898 4922 ad
1925 4878 2178 4923 montana
2208 4885 2330 4925 cum
2355 4871 2698 4928 festinatione
2723 4875 2908 4940 “,tum
2935 4875 3206 4944 ingressus
3230 4873 3281 4926 in
3306 4871 3400 4924 do-

1830 4974 1978 5011 mum
2032 4959 2341 5027 Zacharize,
2373 4979 2438 5018 ac
2489 4965 2686 5019 deinde
2728 4965 2984 5020 salutatio
3036 4980 3141 5034 qua
3198 4963 3402 5019 salutat

1831 5049 2128 5106 Elisabeth.
2159 5053 2287 5109 llaec
2326 5058 2471 5110 enim
2501 5059 2680 5112 munia
2709 5060 2990 5124 eveniunt,
3029 5068 3088 5113 ut
3114 5057 3281 5112 Maria
3317 5055 3400 5112 fa-

1829 5142 1944 5198 ciat
1978 5144 2299 5213 participem
2333 5145 2597 5203 Joannem
2632 5151 2949 5220 (etiamnum
2983 5151 3034 5202 in
3085 5158 3238 5203 utero
3283 5163 3400 5202 ma-

1835 5237 1933 5290 tris
1957 5237 2339 5314 exsistentem)
2383 5241 2503 5311 ejus
2532 5243 2786 5312 potentia:
2815 5257 2978 5313 quam
3025 5241 3188 5296 habet
3217 5241 3285 5295 ab
3331 5253 3400 5295 eo

237 5375 457 5452 'floan.
490 5395 530 5452 ι,
557 5381 644 5436 29.
721 5381 766 5412 σο
789 5381 1006 5441 Luem,
1040 5382 1140 5446 15;
1168 5380 1377 5452 Matth.
1413 5375 1721 5452 xtv,_2_;_1i

1841 5397 1865 5452 λ.
1918 5392 1997 5444 vr,
2050 5378 2142 5448 l4,
2187 5381 2287 5443 l6;
2349 5382 2484 5439 Luc.
2530 5399 2608 5452 ιχ,
2663 5383 2719 5438 8.
2795 5383 2838 5416 ⁶¹
2887 5382 3022 5438 Luc.
3072 5397 3110 5446 ι,
3161 5381 3254 5445 il,
3303 5372 3395 5432 49-

175 5443 216 5476 “
243 5445 392 5502 Joan.
427 5465 469 5516 l,
491 5451 582 5506 29.
657 5452 704 5484 ⁸⁸
739 5452 868 5506 Luc.
905 5469 942 5518 I,
971 5452 1060 5506 42.
1127 5443 1184 5482 ’⁸⁸
1219 5453 1351 5505 ibid.
1425 5451 1472 5482 ⁸⁵
1501 5448 1627 5502 ibid.
1661 5446 1721 5500 '59

1841 5447 1876 5499 l.

177 5586 493 5725 φῆὲῗιξεὶτο
518 5592 735 5663 μορφῆς
781 5591 952 5647 codex
992 5591 1311 5648 Bodleianus
1365 5592 1546 5647 habet.
1583 5593 1721 5663 Γρα-

247 5726 352 5806 ιλιι)
390 5729 524 5806 Ἀετρ
561 5731 829 5806 τῆς-πῆς.
862 5731 1180 5806 [nutamine
1215 5732 1417 5806 codicis
1444 5731 1718 5806 Bodleiani

180 5794 365 5865 legitur
394 5817 408 5853 :
436 5799 589 5855 Οὕτω
613 5794 715 5856 καί
740 5794 799 5856 ἐν
823 5801 900 5873 τῷ
924 5794 1239 5873 ἀντιγράφω
1265 5803 1528 5873 γράφεται
1551 5843 1564 5868 ,
1596 5804 1715 5874 γῆς.

1827 5565 1949 5646 Alia
1981 5585 2141 5626 manu
2186 5591 2199 5627 :
2243 5572 2380 5644 τάχα
2405 5573 2512 5628 ἀπὸ
2561 5575 2660 5646 τῆς
2711 5573 2871 5646 ἁγίας
2932 5568 3171 5646 Μαρίας.
3221 5567 3392 5646 Quam

1829 5640 2195 5721 conjecturam
2224 5637 2444 5702 secutus
2469 5657 2553 5702 est
2585 5637 2640 5702 in
2664 5637 2770 5702 sua
2792 5637 3236 5711 interpretatione
3259 5637 3398 5695 Fer-

1829 5727 1885 5765 ra
1895 5727 2024 5770 l'lllS.
