3766 6142
335 304 443 363 287

1798 297 2123 355 ORIGENIS

3477 302 3571 357 288

338 444 498 498 qucn;
525 435 872 496 conceperat,
918 427 1009 496 qui
1043 427 1260 497 quidem
1296 425 1538 482 Joannes
1566 434 1620 481 ct
1650 426 1764 494 ipse
1792 442 1904 494 par-

2035 425 2253 499 Ίωὰννῃ
2273 424 2351 479 ἔτι
2390 429 2446 480 ἐν
2467 430 2531 499 τῇ
2573 429 2754 500 μήτρᾳ
2787 426 2897 498 (15)
2916 427 3233 498 τυγχάνοντι
3260 427 3354 498 τῆς
3389 431 3573 500 μητρὸς

340 525 555 591 ticipetn
602 520 848 575 facturus
901 531 1023 575 erat
1078 533 1307 576 matrem
1352 522 1498 575 illius
1552 522 1742 589 gratia:
1790 536 1916 588 pro-

337 616 566 686 pheticae
594 629 760 683 quam
794 626 1108 682 acceperat.
1150 614 1210 669 Et
1261 614 1644 669 decentissime
1675 614 1920 683 profecto

340 710 393 762 in
435 716 693 762 montana
730 707 866 761 tales
901 708 1342 777 dispensationes
1386 709 1763 778 pet-ficiuntur,
1796 721 1920 761 cum

341 801 470 854 nihil
500 801 678 862 magni
705 801 827 869 capi
859 802 1036 867 possit
1075 802 1144 854 ab
1179 802 1263 854 his
1294 800 1607 855 hominibus
1637 800 1727 869 qui
1754 800 1921 853 valles

338 896 407 946 oh
431 895 789 948 humilitatem
816 895 1039 948 vocandi
1069 903 1219 949 sunt.
1251 893 1375 948 Ideo
1416 895 1517 948 hoc
1544 893 1601 946 in
1632 893 1771 957 lem,
1800 900 1922 958 post

337 988 563 1043 Joannis
598 989 929 1053 testimonia,
961 989 1196 1057 primum
1233 988 1452 1058 quidem
1481 988 1626 1056 quod
1658 988 1859 1042 dicitur
1891 1004 1920 1042 a

337 1076 543 1131 Joanne
576 1077 848 1132 clamante
879 1092 945 1132 ac
984 1077 1291 1145 theologum
1331 1087 1528 1147 agente
1551 1078 1596 1108 “
1617 1117 1632 1142 ,
1690 1078 1919 1132 alterum

337 1184 468 1223 vero
504 1169 571 1222 ad
606 1171 920 1225 sacerdotes
965 1180 1020 1224 et
1083 1170 1285 1224 levitas
1332 1170 1400 1224 ab
1442 1169 1843 1242 Hierosolymis
1890 1186 1920 1223 a

342 1259 551 1313 Judaeis-
580 1259 777 1315 missos
803 1260 869 1324 ⁸⁷,
924 1260 1142 1315 tertium
1186 1260 1253 1314 ad
1284 1274 1380 1315 eos
1411 1261 1501 1329 qui
1530 1276 1594 1316 ex
1627 1260 1923 1316 Pharisaais

340 1352 668 1405 exsistentes
720 1354 972 1408 acerbius
1022 1353 1434 1422 interrogarunt
1475 1354 1562 1418 ⁸⁸,
1615 1351 1773 1408 Jesus
1809 1353 1922 1421 jam

338 1442 556 1497 videtur
582 1443 651 1498 ab
672 1459 737 1499 eo
762 1446 853 1515 qui
892 1445 1268 1500 testimoniqu
1299 1446 1653 1512 perhibuerat
1681 1447 1922 1502 venienti

340 1536 407 1589 ad
434 1551 525 1601 se,
569 1537 750 1593 adhuc
809 1537 1188 1606 proﬁcientem
1246 1539 1643 1610 melioremque
1686 1541 1923 1594 evaden-

342 1641 475 1698 tem;
498 1631 656 1701 cujus
685 1633 962 1701 profectus
994 1643 1048 1687 et
1082 1634 1147 1686 ad
1183 1634 1407 1687 meliora
1442 1649 1788 1703 progressus,
1826 1648 1923 1686 no-

342 1733 391 1777 ta
426 1734 509 1778 cst
537 1740 598 1779 ea
630 1725 769 1790 dies,
803 1741 924 1793 quae
951 1736 1170 1794 postera
1208 1726 1446 1791 dicitur;
1489 1728 1652 1781 veluti
1688 1727 1834 1781 enim
1867 1728 1919 1779 in

338 1817 589 1886 sequenti
625 1816 1027 1872 illuminatione
1058 1828 1113 1872 et
1141 1818 1191 1872 in
1247 1829 1460 1887 postera
1489 1819 1578 1873 die
1606 1829 1830 1888 promer
1853 1832 1916 1871 ea

338 1924 458 1976 qnte
491 1920 916 1976 prameSs-eraut,
953 1904 1112 1966 Jesns
1139 1914 1330 1978 venit,
1368 1927 1475 1966 non
1513 1920 1724 1966 tantum
1759 1911 1921 1977 igno-

343 2010 427 2054 ius
442 2002 505 2067 ⁸9,
531 2011 786 2071 tauquam
818 2004 908 2072 qui
942 2005 995 2058 in
1030 2006 1207 2060 medio
1231 2006 1447 2060 steterit
1475 2007 1639 2058 etiam
1672 2003 1920 2059 nescien—

340 2093 497 2155 tiam,
530 2096 622 2146 sed
655 2094 769 2164 jam
800 2096 966 2149 etiam
1000 2097 1226 2150 veniens
1256 2098 1586 2164 conspicuus
1613 2096 1778 2169 eiqui
1806 2103 1921 2156 haec

343 2193 500 2236 antea
525 2186 891 2244 annuntiarat.
922 2187 1103 2240 Prima
1135 2203 1264 2258 ergo
1294 2190 1381 2242 die
1411 2189 1723 2246 testimonia
1762 2191 1921 2264 150

347 2277 501 2331 liunt.
533 2277 714 2333 Altera
754 2278 912 2335 Jesus
928 2283 993 2335 ad
1018 2280 1282 2336 Joannem
1312 2283 1461 2338 venit
1489 2285 1557 2338 7°.
1605 2285 1788 2339 Tertia
1817 2305 1919 2342 au-

346 2383 452 2425 tem
487 2374 530 2404 '“
563 2372 800 2429 Joannes
831 2374 974 2446 (cum
1005 2384 1174 2429 staret
1204 2391 1328 2430 cum
1358 2377 1569 2433 duobus
1615 2380 1918 2449 discipulis,

343 2466 677 2536 intuitnsque
715 2479 891 2527 esset.
930 2468 1113 2524 Jesutu
1153 2470 1518 2524 ambulantem
1550 2515 1562 2533 ,
1629 2488 1692 2527 ac
1752 2474 1921 2530 dixis-

341 2566 424 2608 set
459 2571 472 2607 :
502 2557 667 2614 «Ecce
694 2559 875 2630 Agnus
898 2558 984 2613 ille
1018 2558 1164 2627 Dei»)
1198 2570 1503 2627 pra-sentes
1535 2561 1810 2628 admouet,
1842 2566 1918 2619 uti

341 2661 643 2719 sequantur
674 2650 871 2705 Filium
906 2652 1018 2706 Dei.
1066 2651 1185 2711 Jam
1239 2656 1291 2706 iu
1325 2664 1521 2720 quarta
1572 2657 1658 2710 die
1694 2657 1760 2720 ",
1793 2672 1918 2711 cum

340 2743 493 2796 evire
524 2743 681 2798 vellet
727 2744 778 2796 iu
823 2743 1123 2806 Galilaeam,
1176 2745 1263 2799 ille
1302 2747 1394 2815 qui
1425 2746 1560 2801 exiit
1585 2749 1651 2802 ad
1676 2765 1922 2817 qumren—

341 2840 469 2892 dum
508 2840 651 2908 quod
680 2840 918 2909 perierat
948 2841 1014 2903 ⁷³,
1067 2841 1273 2893 invenit
1330 2839 1656 2911 Philippum,
1688 2851 1744 2897 et
1789 2844 1922 2899 dicit

340 2930 389 2983 ei
421 2948 435 2983 :
470 2930 744 3000 «Sequere
774 2932 943 2989 me".
967 2950 985 2982 ι
1017 2931 1110 2987 Die
1137 2946 1268 2985 vero
1288 2932 1467 2995 tertia,
1488 2943 1613 3001 post
1641 2945 1916 3006 quartam,

341 3037 461 3091 qua:
513 3033 666 3078 sexta
697 3036 784 3078 est
816 3024 868 3076 in
922 3038 1109 3077 earmn
1147 3039 1372 3078 numero
1418 3042 1554 3093 quas
1588 3044 1617 3080 a
1652 3029 1920 3099 principio

342 3117 734 3181 recensuimus,
771 3117 971 3183 nuptia:
1025 3115 1156 3170 fiunt
1194 3116 1245 3170 in
1291 3117 1436 3172 Caua
1465 3117 1700 3173 Galilavaa
1729 3120 1798 3187 ⁷⁸,
1855 3122 1922 3176 de
1948 3152 1991 3209 ε

342 3204 541 3269 quibus
592 3203 898 3258 videbimus
948 3221 1071 3259 cum
1100 3207 1166 3260 ad
1216 3206 1391 3261 locum
1428 3209 1574 3263 hunc
1604 3214 1922 3279 perveneri-

345 3310 483 3349 mus.
520 3294 650 3349 Illud
700 3298 863 3349 etiam
910 3295 1090 3351 obiter
1134 3297 1530 3352 observandum
1575 3302 1719 3369 quod
1753 3301 1922 3357 Maria

345 3386 430 3439 illa
462 3387 811 3455 praestantior
842 3389 990 3443 venit
1021 3390 1089 3444 ad
1124 3388 1400 3444 Elisabetlt
1450 3390 1767 3445 inferiorem
1799 3433 1816 3457 ,
1869 3404 1925 3448 et

346 3481 519 3536 Filius
552 3482 645 3536 Dei
701 3483 768 3536 ad
819 3481 1146 3554 Baptistam,
1197 3499 1263 3538 ex
1314 3484 1514 3551 quibus
1568 3485 1620 3538 id
1676 3486 1925 3544 utilitatis

343 3575 587 3644 capimus
630 3583 689 3629 ut
719 3574 936 3646 impigri
985 3575 1159 3631 simus
1209 3577 1275 3631 ad
1332 3576 1612 3631 ferendam
1645 3594 1803 3647 opem
1840 3582 1924 3637 in-

348 3666 641 3720 ferioribus
683 3676 739 3721 et
769 3668 834 3721 ad
892 3667 1322 3722 mediocritatem
1389 3672 1851 3726 conservandam.

415 3759 507 3814 51.
544 3759 813 3826 Quoniam
859 3768 1038 3814 autem
1094 3762 1235 3830 apud
1265 3759 1529 3815 Joannem
1557 3762 1922 3833 discipulum,

346 3852 489 3905 unde
524 3852 590 3905 ad
620 3848 922 3920 Baptistam
970 3848 1235 3906 Joannem
1268 3851 1447 3905 veniat
1494 3850 1776 3919 Servator,
1816 3872 1921 3910 non

345 3942 545 3996 dicitur
566 3980 584 4007 ,
616 3943 721 3997 hoc
755 3942 1019 3998 discimus
1067 3959 1131 3998 ex
1187 3944 1271 3998 his
1303 3960 1422 4014 qua
1456 3943 1740 4002 Matth-.eus
1786 3949 1927 4003 scri-

345 4036 519 4105 psit"
552 4054 566 4090 :
608 4053 627 4087 ‹
676 4035 829 4089 'l‘unc
857 4037 1076 4090 advenit
1104 4035 1260 4092 Jesus
1285 4053 1314 4091 a
1356 4036 1577 4093 Galilaea
1631 4042 1699 4096 ad
1729 4040 1925 4096 Jorda-

347 4142 471 4181 nem
497 4125 563 4179 ad
596 4121 887 4191 Joannem,
921 4135 978 4179 ut
1005 4128 1379 4195 baptizaretur
1405 4131 1472 4185 ab
1504 4131 1617 4186 illo.
1654 4151 1673 4184 ι
1699 4132 1764 4185 Αι
1791 4132 1928 4186 Mar-

347 4234 446 4273 cus
497 4218 663 4271 etiam
720 4215 894 4271 locum
946 4216 1184 4273 Galilaete
1240 4220 1446 4276 addidit
1501 4225 1744 4279 dicens:
1785 4243 1805 4276 ι
1858 4226 1926 4280 Ει

345 4315 531 4369 evenit
564 4313 618 4367 in
652 4313 845 4369 diebus
894 4311 998 4366 illis
1050 4321 1107 4366 ut
1136 4314 1351 4369 veniret
1394 4314 1553 4371 Jesus
1595 4333 1624 4371 a
1656 4294 1926 4374 Nazareth

346 4404 605 4472 Galilteaa,
636 4414 693 4460 et
719 4405 1094 4476 baptizaretur
1126 4421 1152 4459 a
1183 4404 1390 4461 Joanne
1436 4409 1487 4462 in
1518 4409 1756 4466 Jordane
1787 4413 1853 4466 ⁷⁷.
1900 4433 1919 4466 ι

2023 520 2055 587 ἡ
2090 519 2344 590 Μαριάμ,
2376 520 2468 573 καὶ
2504 521 2652 591 αὐτῷ
2699 520 3061 592 μεταδώσοντι
3099 522 3165 591 τῇ
3207 521 3369 591 μητρὶ
3406 522 3489 591 ἀφ*
3514 517 3574 593 ἦς

2022 612 2180 666 ἔλαϐε
2212 612 2435 684 χάριτος
2451 614 2816 685 προφητικῆς,
2844 613 3011 667 ταῦτα
3043 612 3220 666 πάντα
3251 613 3574 681 γίνεται.Καὶ

2022 705 2370 774 εὐλογώτατα
2418 723 2480 775 γε
2514 708 2573 759 ὲν
2602 710 2668 778 τῇ
2694 707 2875 779 ὀρεινῇ
2913 707 2968 760 αἱ
3009 705 3254 759 τοιαῦται
3301 707 3574 777 οἰκονομίαι

2022 800 2418 867 ἐπιτελοῦνται,
2449 802 2664 864 οὐδενὸς
2694 801 2930 872 μεγάλου
2952 801 3299 873 χωρουμένου
3336 800 3434 853 ὑπὸ
3480 801 3575 855 τῶν

2021 893 2110 948 διὰ
2161 894 2260 966 τὴν
2294 895 2660 965 ταπεινότητα
2705 894 2966 948 κοιλάδων
3015 892 3449 964 κληθησομένων.
3480 894 3577 947 Καὶ

2023 986 2151 1040 ἔνθα
2196 987 2255 1041 δὲ
2288 982 2380 1041 οὖν
2413 987 2550 1058 μετὰ
2578 984 2677 1050 τὰς
2719 986 2966 1040 Ἰωάννου
3013 985 3341 1057 μαρτυρίας,
3378 984 3578 1056 πρώτην

2027 1079 2123 1149 μὲν
2149 1076 2247 1149 τὴν
2269 1078 2375 1131 ὑπὸ
2407 1079 2741 1149 κεκραγότος
2755 1076 3054 1148 λεγομένην
3087 1076 3182 1130 καὶ
3207 1075 3576 1144 θεολογοῦντοςο

2022 1166 2282 1238 δευτέραν
2311 1168 2367 1221 δὲ
2398 1169 2534 1239 πρὸς
2573 1168 2697 1233 τοὺς
2737 1169 2901 1240 ἱερεῖς
2924 1169 3017 1221 καὶ
3051 1166 3302 1229 Λευῒτας,
3337 1165 3457 1228 τοὺς
3485 1165 3580 1218 ἀπὸ

2035 1260 2423 1333 Ἱεροσολύμων
2448 1262 2552 1315 ὑπὸ
2592 1260 2860 1315 Ἰουδαίων
2896 1259 3354 1330 ἀπεσταλμένους·
3381 1259 3469 1312 καὶ
3486 1259 3583 1330 τρίς

2022 1371 2123 1425 την
2172 1352 2272 1426 τὴν
2306 1354 2442 1426 πρὸς
2490 1356 2617 1417 τοὺς
2661 1355 2726 1407 ἐκ
2773 1352 2883 1406 τῶν
2932 1352 3243 1424 Φαρισαίων
3281 1351 3581 1423 πικρότερον

2023 1447 2427 1521 ἐρωτήσαντας,
2475 1445 2684 1519 Ἰησοῦς
2715 1446 2816 1517 ἤδη
2850 1445 3107 1516 βλέπεται
3136 1444 3241 1498 ὑπὸ
3271 1442 3365 1496 τοῦ
3396 1461 3583 1514 μαρτυ-

2029 1540 2312 1610 ρήσαντος,
2336 1541 2628 1613 ἐρχόμενος
2649 1540 2787 1612 πρὸς
2809 1540 2972 1594 αὑτὸν
3000 1532 3083 1593 ἔτί
3111 1538 3483 1612 προκόπτοντα
3502 1536 3583 1590 καὶ

2026 1632 2272 1703 βελτίονα
2304 1633 2587 1705 γινόμενον
2619 1650 2632 1662 ·
2684 1627 2752 1703 ἧς
2814 1632 3097 1704 προκοπῆς
3130 1631 3224 1684 καὶ
3272 1627 3581 1700 βελτιώσεως

2026 1726 2291 1797 σύμϐολον
2321 1727 2354 1799 ἠ
2387 1727 2751 1798 ὠνομασμένη
2792 1724 3001 1797 αὔριονο
3033 1724 3195 1778 οἱονεὶ
3222 1723 3331 1795 γάρ
3374 1723 3429 1775 ὲν
3472 1720 3585 1791 ἐξῆς

2026 1818 2311 1890 φωτισμῷ,
2361 1820 2457 1873 καὶ¹
2510 1819 2739 1889 δευτέρᾳ
2770 1818 2955 1890 ἡμέρᾳ
2985 1816 3137 1889 παρὰ
3170 1815 3239 1870 τά
3286 1815 3535 1885 πρότερον
3558 1813 3584 1865 6

2037 1912 2244 1984 Ἰησοῦς
2273 1911 2511 1984 ἔρχεται,
2541 1911 2602 1964 οὐ
2636 1910 2795 1981 μόνον
2828 1910 3228 1979 γινωσκόμενος
3257 1905 3375 1978 (16)
3409 1906 3480 1968 ὡς
3502 1904 3585 1975 μέ-

2029 2023 2118 2070 σος
2145 2006 2390 2078 ἐστηκὼς
2418 2005 2513 2059 καὶ
2538 2004 2645 2058 τῶν
2673 2003 2774 2058 οὐκ
2806 2003 3043 2067 εἰδότων,
3074 2001 3187 2055 ἀλλ’
3221 2000 3323 2071 ἤδη
3352 1999 3441 2052 καὶ
3458 1997 3582 2068 ὁρώ-

2030 2118 2189 2172 μενος
2221 2102 2371 2172 ἧκων
2401 2099 2480 2171 τῷ
2503 2098 2677 2154 ταῦτα
2701 2098 2962 2171 πρότερον
2986 2095 3411 2166 ἀποφηναμένῳ.
3448 2091 3585 2164 Πρώ-

2024 2207 2094 2264 τη
2139 2186 2231 2245 οὖν
2278 2192 2461 2263 ἡμέρᾳ
2510 2191 2566 2244 αί
2603 2189 2895 2262 μαρτυρίαι
2936 2188 3193 2256 γίνονται·
3241 2187 3340 2239 καὶ
3381 2185 3587 2256 δευτέρᾳ

2038 2282 2244 2353 Ἰησοῦς
2278 2284 2415 2352 πρὸς
2479 2283 2729 2352 Ἰωάννην
2754 2281 2990 2353 ἔρχεται.
3037 2278 3206 2351 Τρίτῃ
3241 2278 3323 2342 δὲ,
3359 2277 3516 2339 ἑστὼς
3561 2278 3586 2329 6

2039 2376 2288 2446 Ἰωάννης
2321 2374 2461 2447 μετὰ
2489 2360 2581 2428 δύο
2614 2372 2892 2446 μαθητῶν,
2927 2371 3113 2426 ἐνιδὼν
3159 2369 3339 2441 Ἰησοῦ
3371 2386 3586 2440 περιπα-

2023 2469 2210 2524 τοῦντι
2229 2468 2373 2542 [καὶ]
2392 2468 2560 2523 εἰπὼν
2576 2468 2655 2522 τό·
2683 2488 2702 2519 ι
2729 2467 2833 2520 ’Ίδε
2857 2470 2885 2521 6
2906 2465 3104 2538 ’Δμνὸς
3125 2464 3217 2518 τοῦ
3249 2462 3408 2529 Θεοῦ,
3429 2482 3446 2513 ι
3472 2478 3589 2532 προ-

2025 2561 2219 2633 τρέπει
2249 2563 2376 2625 τοὺς
2393 2562 2668 2633 παρόντας
2688 2558 3054 2628 ἀκολουθῆσαι
3078 2556 3156 2628 τῷ
3180 2554 3298 2627 Υἱῷ
3322 2555 3414 2608 τοῦ
3443 2552 3582 2606 Θεοῦ.

2024 2654 2135 2707 Καὶ
2181 2654 2416 2726 τετάρτῃ
2464 2653 2693 2726 θελήσας
2730 2651 2967 2717 ἐξελθεῖν
3011 2652 3090 2713 είς
3121 2649 3220 2720 τὴν
3252 2647 3529 2702 Γαλιλαίαν
3560 2645 3588 2699 6

2027 2744 2256 2810 ἐξελθὼν
2295 2744 2529 2816 ζητῆσαι
2576 2744 2636 2798 τὸ
2688 2743 2983 2807 ἀπολωλὸς,
3030 2742 3275 2814 εὑρίσκει
3325 2738 3587 2795 Φίλιππονν

2027 2843 2119 2895 καὶ
2151 2841 2298 2909 λέγει
2332 2838 2498 2910 αὐτῷ·
2539 2858 2557 2888 ι
2617 2835 2922 2890 Ἀκολούθει
2969 2852 3076 2905 μοι,
3116 2853 3132 2884 ι
3171 2833 3249 2904 Τῇ
3289 2832 3347 2884 δὲ
3373 2830 3472 2884 ἀπὸ
3501 2828 3586 2897 τῆς

2027 2934 2312 3005 τετάρτης,
2350 2932 2473 3002 ἧτις
2529 2929 2677 2982 ἐστὶν
2734 2928 2844 3002 (17)
2881 2926 3013 2999 ἕκτη
3043 2924 3151 2979 τῶν
3190 2923 3429 2996 ἀρχῆθεν
3471 2922 3591 2992 ἡμῖν

2027 3023 2483 3096 κατειλεγμένων,
2518 3025 2547 3076 6
2580 3022 2756 3092 γάμος
2793 3020 3002 3089 γίνεται
3040 3021 3097 3072 ἐν
3128 3018 3289 3087 Κανᾷ
3321 3016 3419 3086 τῆς
3450 3012 3591 3067 Γαλι-

2028 3119 2202 3184 λαίας,
2233 3119 2363 3190 περὶ
2389 3113 2450 3172 οὗ
2494 3115 2751 3186 εἰσόμεθα
2792 3113 3073 3185 γενόμενοι
3119 3109 3263 3164 κατὰ
3303 3108 3394 3164 τοι.»
3423 3107 3588 3160 τόπον.

2024 3209 2448 3284 Παρατηρητέον
2485 3208 2543 3262 δὲ
2577 3207 2657 3260 ἔτι
2702 3207 2796 3260 καὶ
2839 3206 3015 3268 τοῦτο,
3066 3205 3148 3257 ὅτι
3193 3206 3225 3274 ἡ
3275 3202 3590 3271 διαφέρουσα

2021 3304 2210 3375 Μαρία
2264 3302 2401 3374 πρὸς
2449 3300 2548 3370 τὴν
2596 3299 2990 3370 ὑποδεεστέραν
3037 3295 3320 3350 Ἐλισάϐετ
3367 3294 3588 3365 ἔρχεται,

2024 3396 2166 3451 καὶὸ
2196 3396 2326 3459 Υἱὸς
2354 3393 2446 3447 τοῦ
2475 3393 2607 3447 Θεοῦ
2644 3392 2780 3465 πρὸς
2811 3392 2901 3445 τὸν
2945 3387 3280 3460 Βαπτιστὴν,
3319 3387 3388 3440 δι’
3426 3380 3496 3439 ὧν
3521 3385 3592 3447 είς

2022 3489 2084 3543 τὸ
2112 3489 2304 3543 ἄοκνον
2337 3487 2473 3559 πρὸς
2505 3486 2565 3539 τὸ
2584 3485 2811 3555 ὠφελεῖν
2842 3484 2969 3547 τοὺς
2993 3484 3242 3556 ἥττονας,
3265 3481 3362 3535 καὶ
3393 3473 3593 3552 μετριό-

2023 3597 2161 3651 τητα
2179 3577 2558 3650 ὠφελούμεθα.

2096 3762 2184 3816 51.
2223 3762 2375 3816 Ἐπεὶ
2394 3763 2450 3817 δὲ
2479 3763 2628 3836 παρὰ
2650 3762 2728 3835 τῷ
2749 3762 2962 3836 μαθητῇ
3008 3763 3249 3835 Ἰωάννῃ,
3282 3762 3447 3816 πόθεν
3473 3758 3594 3833 πρὸς

2025 3855 2115 3908 τδν
2148 3854 2459 3925 Βαπτιστὴν
2517 3853 2769 3925 Ἰωάννην
2804 3852 2914 3925 (18)
2967 3854 2997 3906 6
3031 3853 3221 3930 Σωτὴρ
3255 3851 3494 3923 ἔρχεται,
3537 3846 3591 3902 οὐ

2025 3947 2263 4015 λέγεται,
2295 3946 2450 4000 τοῦτο
2487 3946 2830 4018 μανθάνομεν
2863 3946 2973 4000 ἀπὸ
3015 3944 3109 3999 τοῦ
3152 3945 3441 4000 Ματοαίου
3468 3942 3593 4012 γρά-

2023 4038 2244 4108 ψαντος·
2288 4056 2306 4088 t
2344 4036 2476 4091 Τότε
2520 4038 2880 4109 παραγίνεται.
2916 4038 2946 4089 6
2993 4034 3199 4108 Ἰησοῦς
3236 4036 3349 4089 ἀπὸ
3372 4034 3474 4104 τῆς
3505 4032 3596 4083 Γα-

2025 4131 2233 4194 λιλαίας
2257 4131 2348 4184 ἐπί
2370 4129 2460 4183 τὸν
2493 4130 2761 4202 Ἰορδάνην
2789 4129 2926 4200 πρὸς
2946 4128 3036 4182 τὸν
3077 4128 3354 4199 Ἰωάννην,
3385 4126 3475 4179 τοῦ
3512 4125 3594 4196 βα-

2026 4222 2314 4295 πτισθῆναι
2345 4222 2436 4276 ὑπ’
2476 4221 2661 4277 αὐτοῦ.
2712 4242 2730 4275 ι
2776 4222 2833 4275 '0
2861 4221 2919 4274 δὲ
2952 4221 3178 4293 Μάρκος
3213 4222 3310 4274 καὶ
3336 4220 3427 4274 τὸν
3446 4218 3594 4273 τόπον

2028 4319 2126 4388 τῆς
2161 4315 2450 4375 Γαλιλαίας
2474 4314 2813 4387 προσέθηκεν
2855 4313 3041 4369 εἰπών·
3082 4332 3102 4365 t
3146 4313 3257 4368 Καὶ
3305 4312 3516 4382 ἐγένετο
3542 4310 3593 4361 ὲν

2028 4409 2263 4472 ἐκείναις
2304 4411 2424 4471 ταῖς
2469 4408 2724 4480 ἡμέραις,
2771 4403 2932 4479 ἦλθεν
2978 4405 3185 4478 Ἰησοῦς
3216 4405 3327 4458 ἀπὸ
3357 4402 3594 4475 Ναζαρὲτ

347 4499 519 4555 Porro
566 4500 744 4555 Lucas
782 4499 961 4553 locum
1017 4499 1237 4569 quidem
1292 4500 1517 4554 reticuit
1570 4502 1715 4556 unde
1764 4502 1904 4559 Jesu:

2035 4498 2130 4568 τῆς
2158 4497 2467 4563 Γαλιλαίας,
2509 4498 2603 4551 καὶ
2633 4496 2935 4570 ἐϐαπτίσθη
2967 4500 3048 4561 εἰς
3081 4497 3172 4550 τὸν
3202 4495 3475 4568 Ἰορδάνην
3503 4492 3595 4546 ὑπὸ

304 4634 309 4639 .
349 4591 591 4657 advenit,
624 4590 1089 4660 praetermittendo
1126 4603 1246 4657 qua:
1295 4589 1387 4645 alii
1434 4590 1788 4659 scripserant,
1830 4596 1925 4650 sed

350 4686 497 4754 quod
547 4686 615 4739 ab
662 4685 766 4740 illis
808 4700 916 4738 non
977 4683 1291 4747 didicimus,
1346 4682 1460 4750 ipse
1511 4699 1610 4738 nos
1661 4687 1817 4741 docet
1858 4687 1926 4751 ⁷ο,

350 4780 492 4849 quod
525 4793 717 4848 nempe
752 4788 873 4846 post
904 4777 1237 4846 baptismum
1279 4766 1613 4834 ascendenti
1638 4779 1740 4847 ipsi
1772 4794 1930 4849 aper-

352 4883 463 4928 tutn
490 4881 575 4927 est
611 4870 832 4933 etelutn,
868 4879 926 4923 et
965 4869 1247 4924 descendit
1279 4869 1518 4938 Spiritus
1549 4878 1776 4921 sanctus
1804 4885 1930 4922 ror-

352 4976 514 5032 porca
563 4960 761 5028 specie,
794 4961 935 5014 sicut
979 4959 1249 5015 columba.
1283 4960 1494 5013 Rursus
1536 4960 1750 5014 dicente
1797 4958 1932 5013 Mat-

356 5058 496 5111 thmo
518 5053 587 5117 τ’,
618 5051 899 5106 Dominum
922 5052 1252 5119 prohibitum
1282 5066 1310 5103 a
1328 5049 1539 5105 Joanne
1558 5051 1773 5106 dicente
1801 5051 1930 5107 Ser-

415 5146 459 5177 “
489 5143 643 5199 Joan.
665 5140 750 5209 ι,1
778 5150 832 5196 et
851 5156 964 5211 seq.
992 5217 1007 5218 ί
1070 5149 1114 5180 ⁸⁷
1146 5149 1273 5201 ibid.
1334 5147 1397 5201 19
1445 5156 1499 5202 et
1547 5162 1667 5218 seq.

353 5222 442 5276 Fili.
518 5221 566 5253 ’¹²
595 5219 727 5273 ibid.
749 5218 840 5272 45.
913 5219 959 5249 ⁷³
988 5217 1118 5272 Luc.
1153 5235 1267 5279 χιχ,
1294 5219 1383 5270 10.
1456 5219 1502 5250 ⁷⁵
1536 5217 1698 5275 ιυευ.
1725 5236 1767 5284 ι,
1788 5221 1880 5275 45.

354 5295 486 5347 Luc.
519 5309 602 5356 tn,
632 5289 721 5345 21.
798 5289 843 5320 ’⁷⁸
872 5288 1023 5342 Matt.
1057 5305 1138 5353 ιιι,
1171 5289 1260 5353 14,
1296 5287 1380 5343 15.

428 5388 539 5461 (15)
580 5385 808 5461 Μήτρᾳ.
839 5385 931 5461 Sic
953 5387 1131 5461 (ιοιιιιιιΔ
1155 5385 1510 5449 Bodleianus;
1545 5385 1710 5440 editio
1735 5384 1916 5443 lluetii

356 5455 479 5513 cuin
512 5455 701 5513 codice
737 5458 924 5527 Regio,
966 5455 1151 5526 μητρί.

390 5578 391 5581 η
430 5528 543 5599 (16)
583 5532 667 5583 Οὐ
694 5524 888 5598 μόνον
916 5524 1379 5597 γινωσκόμενος.
1412 5524 1582 5599 Aliter
1633 5524 1762 5592 legit
1794 5524 1930 5581 Fer-

365 5596 568 5661 rarius;
607 5596 772 5652 vertit
797 5596 963 5664 enim,
1005 5615 1022 5647 ι
1058 5614 1161 5649 non
1198 5606 1409 5648 tantum
1440 5596 1673 5658 ignotus.
1698 5614 1716 5645 ι

433 5668 543 5735 (l7)
590 5668 668 5736 Τῇ
700 5669 767 5720 δὲ
797 5668 913 5724 ἀπὸ
949 5666 1052 5733 τῆς
1095 5666 1393 5734 τετάρτης,
1426 5665 1558 5732 ἣτις
1590 5665 1780 5731 ἐστίν,
1821 5676 1927 5720 etc.

363 5736 688 5794 Ferrarius:
729 5759 747 5791 ι
773 5740 867 5795 Die
914 5755 1041 5795 vero
1075 5740 1231 5795 tertia
1268 5749 1385 5807 post
1415 5746 1696 5807 quartam;
1724 5756 1741 5788 ι
1788 5737 1930 5807 lege-

1744 5149 1790 5182 IB
1818 5150 1887 5182 ἶΙιῖ

1816 5152 1948 5205 ibid.
1982 5152 2053 5206 21
2079 5166 2127 5207 et
2163 5172 2280 5226 seq.
2354 5159 2399 5190 ‘9
2433 5160 2559 5212 ibid.
2592 5158 2682 5213 26.
2759 5160 2807 5192 7°
2838 5158 2956 5215 Joat

1816 5221 1880 5275 εὖ.
1973 5224 2019 5255 ⁷⁵
2044 5224 2200 5280 Joan.
2231 5245 2286 5295 ιι,
2316 5229 2367 5283 1.
2442 5230 2491 5267 ⁷⁵
2526 5230 2717 5286 Matth.
2751 5246 2833 5295 ιιι,
2868 5232 2956 5285 15.

2021 4594 2289 4647 Ἰωάννου.
2334 4612 2353 4645 ι
2395 4594 2611 4658 Λουκᾶς
2640 4593 2701 4647 δὲ
2730 4592 2820 4647 τὸν
2848 4593 2947 4664 μὲν
2978 4592 3141 4646 τόπον
3194 4591 3593 4662 ἀπεσιώπησεν,

2022 4687 2144 4743 ὅθεν
2175 4690 2202 4742 6
2226 4686 2435 4759 Ἰησοῦς
2485 4687 2724 4759 ἔρχεται,
2777 4688 3187 4758 παραχωρήσας
3214 4689 3332 4750 τοῖς
3362 4685 3592 4756 εἰρηκὸσι

2022 4781 2324 4857 τὸνλόγον,
2358 4783 2495 4853 ὅπερ
2538 4781 2595 4834 δὲ
2644 4782 2738 4835 ἀπ’
2787 4780 3011 4834 ἐκείνων
3064 4780 3125 4833 οὐ
3181 4780 3591 4852 μεμαθήκαμεν,

2025 4875 2186 4940 αὐτὸς
2207 4877 2354 4946 ἡμᾶς
2379 4875 2640 4940 διδάσκει,
2667 4877 2744 4941 ὡς
2769 4877 2877 4950 ἄρα
2912 4875 3051 4948 μετὰ
3082 4874 3143 4928 τὸ
3180 4875 3463 4945 βάπτισμα
3503 4872 3594 4925 αὐ-

2026 4967 2104 5036 τῷ
2127 4968 2474 5040 ἀνερχομένῳ
2505 4970 2616 5039 (19)
2644 4966 2890 5040 ἀνεῴχθη
2927 4968 2956 5021 6
2989 4968 3238 5040 οὐρανὸς,
3274 4969 3370 5022 καὶ
3403 4965 3593 5035 κατέὸη

2028 5059 2088 5111 τὸ
2123 5060 2277 5129 ἅγιον
2304 5062 2528 5134 Πνεῦμα
2547 5063 2844 5134 σωματικῷ
2868 5062 3019 5126 εἴδει,
3048 5062 3124 5126 ὡς
3153 5063 3472 5134 περιστερά.
3503 5059 3595 5113 Πά-

2354 5159 2399 5190 ”
2433 5160 2559 5212 ῘΙιίιΙ.
2592 5158 2682 5213 26.
2759 5160 2807 5192 ⁷⁰
2838 5158 2996 5215 Joan.
3031 5174 3069 5221 1,
3096 5157 3186 5211 99.
3264 5159 3307 5190 ﬂ
3344 5158 3474 5212 ibid.
3512 5154 3594 5215 35,

2354 5265 2367 5281 .
2442 5230 2491 5267 ⁷⁵
2526 5230 2717 5283 Matth.
2751 5246 2833 5283 ιιι.
2868 5232 2956 5283 15.
3032 5230 3075 5261 ⁷⁷
3112 5227 3280 5283 Marc.
3318 5244 3359 5283 I.
3413 5228 3466 5283 9.
3551 5224 3595 5256 "

3167 5244 3280 5283 are.
3318 5244 3359 5297 ι,
3413 5244 3466 5283 υ.

2039 5392 2158 5481 “at;
2175 5394 2262 5481 ,Τῇ
2280 5394 2345 5481 ἑὲ
2371 5394 2480 5481 tm”
2511 5395 2610 5467 τῆς
2635 5400 2904 5481 Ξετάρτης
2926 5398 3107 5481 tetra
3134 5395 3452 5481 ῆτιε.έστξι-

2110 5462 2577 5534 (18)“Ἰωάννηνξ
2637 5462 2794 5522 Deest
2848 5462 2902 5523 i'n
2946 5462 3186 5524 editione
3244 5469 3463 5532 Huetii,
3509 5462 3597 5522 sed

2040 5536 2347 5588 restituitur
2372 5552 2403 5590 e
2434 5539 2619 5590 codice
2652 5538 2968 5594 Bodleiano.

2110 5604 2222 5674 (19)
2247 5605 2688 5676 J’Aregizoltéwp.
2726 5610 2816 5663 Sic
2841 5612 3013 5667 codex
3049 5608 3399 5676 Bodleianus,
3433 5614 3597 5675 tecm,

2039 5675 2203 5732 editio
2239 5674 2922 5752 11ιιιιιιί,προσερχομένη).
