3766 6142
203 326 295 389 289
1282 327 1642 386 COMMENT.
1685 325 1749 381 ΙΝ
1785 324 1978 382 JOAN.
2017 324 2254 382 TOMUS
2297 325 2385 383 Vl.

3336 330 3443 390 290

201 455 272 508 λιν
298 452 352 504 τὸ
376 449 624 521 Ἰωάννην
659 449 1119 504 διακεκωλυκέναι
1160 450 1250 503 τὸν
1284 450 1511 520 Κύριον,
1531 447 1757 517 λέγοντα

1934 444 2078 500 tori:
2119 462 2135 495 ι
2177 443 2303 498 Mihi
2332 456 2468 513 opus
2499 452 2606 509 est,
2657 454 2715 498 ut
2757 444 2857 499 abs
2902 454 2955 499 te
2994 444 3260 516 baptizer,
3292 462 3350 504 ct
3386 458 3443 504 tu

199 542 268 615 τῷ
295 542 515 612 Σωτῆρι·
546 562 563 591 ι
603 540 749 610 Ἐγὼ
774 542 963 612 χρείαν
991 540 1100 610 ἔχω
1122 540 1226 594 ὑπὸ
1249 540 1341 593 σοῦ
1374 539 1756 610 βαπτισθῆναι,

201 635 353 689 καὶσὺ
384 634 514 706 ἔρχῃ
538 633 676 702 πρὸς
711 632 810 702 μέῐ
856 652 874 681 ι
908 631 986 702 τῷ
1013 632 1277 703 Ματθαίῳ
1310 630 1560 703 εἰρηκότι
1586 630 1760 693 οὐδεὶς

202 725 532 797 προσέθηκεν,
586 725 673 777 ἵνα
727 722 801 795 μὴ
848 724 1235 794 ταυτολογῶσι.
1271 723 1379 777 Καὶ
1419 723 1478 775 τὸ
1530 722 1633 775 ὑπὸ
1664 721 1758 774 τοῦ

199 817 380 887 Κυρίου
406 817 466 870 δὲ
500 816 635 888 πρὸς
668 816 834 877 αὑτὸν
880 816 1189 887 εἰρημένον·
1234 834 1252 865 ι
1297 817 1467 885 Ἀφες
1488 815 1631 887 ἄρτι·
1668 812 1761 867 οῦ-

194 929 262 964 τω
287 911 389 982 γὰρ
420 910 631 980 πρέπον
661 910 809 961 ἐστὶν
843 909 972 979 ἡμῖν
1006 909 1291 981 πληρῶσαι
1335 911 1513 962 πᾶσαν
1554 908 1759 962 δικαιο-

198 1001 361 1071 σύνην,
402 1021 420 1053 ι
457 1001 618 1071 μόνος
633 1000 938 1071 ἀνέγραψεν
967 1003 994 1053 ὁ
1018 1001 1313 1064 Ματθαῖος.

256 1095 338 1149 52.
373 1094 481 1148 Καὶ
518 1096 704 1163 λέγει·
740 1094 862 1148 Ἴδε
891 1097 924 1147 ὁ
955 1093 1172 1163 Ἀμνὸς
1198 1091 1305 1146 τοῦ
1333 1091 1482 1146 Θεοῦ
1510 1093 1544 1145 ό
1573 1091 1755 1161 αἴρων

197 1189 298 1251 τὴν
331 1186 623 1254 ἁμαρτίαν
668 1184 773 1239 τοῦ
820 1187 1072 1254 κόσμου.
1109 1184 1278 1238 Πέντε
1321 1183 1476 1247 ζώων
1518 1198 1758 1256 προσφε-

192 1270 413 1341 ρομένων
475 1271 572 1323 ἐπὶ
634 1271 697 1325 τὸ
755 1271 1174 1345 θυσιαστήριον,
1238 1273 1407 1345 τριῶν
1476 1273 1576 1345 μὲν
1632 1291 1758 1345 χερ-

192 1362 359 1425 σαίων,
410 1362 630 1433 πτηνῶν
681 1364 737 1417 δὲ
795 1364 909 1429 δύο,
972 1365 1123 1431 ἄξιόν
1185 1383 1276 1437 μοι
1334 1366 1516 1438 ζητεῖν
1566 1366 1752 1434 φαίνε-

188 1471 265 1507 ται
306 1453 355 1507 τί
408 1454 613 1527 δήποτε
674 1454 781 1509 ὑπὸ
831 1454 925 1509 τοῦ
954 1456 1203 1511 Ἰωάννου
1249 1457 1278 1509 ὁ
1327 1457 1517 1528 Σωτὴρ
1560 1456 1755 1527 Ἀμνὸς

187 1546 400 1615 λέγεται,
466 1547 567 1602 καὶ
628 1547 780 1602 οὐδὲν
829 1546 941 1602 τῶν
1014 1548 1249 1602 λοιπῶν·
1313 1548 1449 1601 ἀλλὰ
1510 1549 1604 1601 καὶ
1665 1549 1756 1604 ἐπὶ

185 1639 280 1692 τῶν
332 1638 606 1711 χερσαίων
669 1638 1008 1696 καθέκαστον
1067 1640 1235 1712 τριῶν
1300 1640 1525 1711 ἡλικιῶν
1580 1654 1755 1713 ’προσ-

184 1731 469 1801 αγομένων,
541 1732 650 1786 άπὸ
706 1731 801 1785 τοῦ
858 1732 1046 1801 γένους
1112 1731 1222 1787 τῶν
1296 1732 1586 1803 προϐάτων
1662 1733 1755 1786 τὸν

1864 536 2111 590 venisad
2143 537 2272 590 me!
2318 554 2335 587 ι
2376 535 2554 589 nullus
2582 536 2860 605 quidpiam
2892 538 3115 603 addidit,
3149 556 3216 595 ne
3252 543 3439 595 eadem

1864 637 2199 696 repeterent.
2231 626 2371 693 Quin
2396 628 2563 683 etiam
2595 627 2733 701 [(ειυ)
2764 622 2908 700 quod
2941 632 2988 682 ei
3025 645 3054 683 a
3088 630 3316 688 Domino
3350 648 3439 688 re-

1862 735 2120 789 sponsum
2164 731 2247 774 est
2280 735 2294 774 :
2331 738 2349 771 ι
2388 717 2520 773 Siue
2572 723 2777 776 modo:
2820 724 2900 776 sic
2935 724 3079 775 enim
3136 724 3290 777 decet
3345 738 3444 779 nus

1863 813 2134 886 implere]
2171 830 2387 891 (minem
2432 814 2751 884 justitiam,
2800 834 2819 867 ι
2857 814 3007 869 solus
3053 816 3247 869 scribit
3298 815 3441 871 Blat-

1862 907 2054 962 tinens.

1929 1091 2019 1145 '52.
2052 1088 2118 1143 Et
2145 1090 2271 1142 dicit
2307 1105 2325 1142 :
2357 1086 2491 1142 Ecce
2530 1090 2711 1157 Agnus
2750 1087 2841 1142 ille
2877 1088 2991 1153 Dei,
3017 1089 3107 1159 qui
3144 1089 3283 1143 tollit
3322 1106 3443 1161 pec-

1860 1194 2033 1237 catum
2065 1182 2247 1235 mundi
2286 1181 2403 1235 8°".
2442 1180 2558 1235 Jam
2588 1195 2717 1235 vero
2752 1196 2873 1235 cum
2907 1182 3146 1250 quinque
3180 1182 3437 1236 animalia

1858 1273 2159 1328 oll'erantnr
2223 1288 2388 1341 super
2447 1274 2670 1334 altare,
2728 1274 3010 1327 terrestria
3081 1274 3228 1338 tria,
3298 1275 3438 1328 alata

1859 1368 2003 1431 duo;
2064 1366 2299 1433 qumsitu
2368 1367 2588 1434 dignum
2634 1367 2765 1420 mihi
2816 1367 3031 1420 videtur
3070 1384 3170 1421 cur
3220 1369 3438 1422 tandem

1859 1473 1886 1509 a
1950 1457 2160 1512 Joanne
2211 1459 2476 1513 Servatur
2543 1459 2759 1511 dicatur
2810 1462 3041 1527 Agnus,
3103 1470 3159 1513 ct
3227 1460 3437 1514 nullum

1857 1561 2220 1615 caltm'orum;
2282 1559 2448 1616 atque
2515 1550 2728 1613 etiam,
2789 1565 2888 1603 cur
2951 1566 3151 1620 agnum
3207 1567 3275 1605 ex
3338 1565 3435 1622 ge-

1858 1654 1987 1691 nere
2047 1637 2230 1692 ovium
2288 1638 2611 1709 appellarit,
2665 1654 2787 1693 cum
2844 1640 3105 1694 animalia
3162 1642 3277 1696 haec
3329 1653 3440 1697 ter-

1858 1730 2050 1784 restria
2110 1731 2164 1784 in
2227 1746 2555 1801 unaquaque
2614 1731 2776 1786 trium
2837 1743 3056 1788 aetatum
3109 1734 3435 1789 oll'erantur.

182 1823 338 1895 ἀμνὸν
390 1823 667 1896 ὠνόμασε.
721 1825 890 1879 Πέντε
954 1824 1011 1879 δὲ
1073 1823 1188 1890 ζῶα
1249 1823 1422 1880 ταῦτά
1475 1827 1611 1889 ἐστι,
1658 1826 1754 1897 μό-

1929 1826 2104 1894 Iinque
2156 1837 2337 1880 autem
2392 1825 2649 1879 animalia
2694 1829 2821 1882 haec
2877 1835 3042 1893 sunt,
3094 1828 3247 1898 151
3297 1830 3441 1884 vitu-
3494 1894 3497 1895 ν

185 1934 324 1988 σχος,
384 1917 699 1991 πρόσατον,
768 1918 895 1984 αἲξ,
948 1918 1199 1992 τρυγὼν,
1268 1918 1586 1991 περιστερά.
1640 1919 1752 1973 Καὶ

179 2012 312 2082 τρεῖς
336 2010 547 2083 ἡλικίαι
587 2013 819 2066 ἑκάστου
853 2012 963 2066 τῶν
995 2013 1268 2085 χερσαίων
1299 2006 1458 2066 αῦται
1477 2052 1491 2076 ,
1524 2012 1748 2083 μόσχος,

182 2101 314 2172 βοῦς,
351 2103 669 2175 μοσχάριον,
701 2105 873 2175 κριὸς,
904 2105 1095 2176 ἀμνὸς,
1126 2105 1314 2177 ἀρνίον
1334 2145 1350 2167 ,
1383 2106 1607 2178 τράγος,
1641 2104 1749 2171 αἲξ,

178 2191 385 2265 ἔριφος·
451 2194 677 2266 πτηνῶν
727 2196 820 2263 δὲ,
853 2195 1193 2268 περιστερῶν
1248 2198 1346 2267 μὲν
1394 2196 1505 2268 (2|)
1558 2195 1751 2265 ζεῦγος

1856 1918 1957 1979 Ius,
1992 1920 2132 1983 ovis,
2181 1934 2366 1988 capra.
2418 1928 2601 1973 turtur
2650 1929 2709 1974 et
2755 1922 3023 1976 columba.
3080 1922 3218 1993 Sunt
3270 1922 3436 1977 etiam

1852 2024 2043 2068 aetates
2108 2012 2393 2079 cujuslibet
2460 2014 2712 2068 animalis
2780 2017 3058 2069 terrestris
3129 2017 3212 2070 hic
3281 2025 3434 2079 tres,

1852 2100 2075 2163 vitulus,
2108 2099 2227 2163 bos,
2255 2100 2487 2163 vitellus,
2514 2101 2678 2165 aries,
2700 2116 2895 2171 agnus,
2928 2104 3200 2174 agnellus,
3230 2106 3438 2172 hircus,

1852 2206 2041 2260 capra,
2071 2192 2296 2257 haedus;
2330 2191 2594 2245 alatorum
2632 2207 2781 2261 vero,
2822 2195 3195 2250 colmnbarmn
3219 2197 3437 2267 quidem

179 2285 400 2338 νεοσσῶν
432 2286 614 2357 μόνων
633 2327 648 2353 ,
687 2288 966 2360 τρυγόνων
997 2288 1189 2358 ζεῦγος
1221 2289 1446 2345 τέλειον.
1477 2291 1747 2363 Ζητητέον

1929 2298 2057 2351 gum,
2082 2282 2177 2338 sed
2207 2282 2259 2335 id
2299 2292 2507 2336 tantum
2555 2283 2848 2351 pullorum,
2872 2299 2927 2339 et
2961 2298 3230 2341 turturmn
3246 2288 3435 2359 jugum

177 2371 260 2429 οὖν
298 2376 373 2446 τῷ
420 2377 735 2451 βουλομένῳ
792 2380 1038 2451 άκριῦῶς
1082 2381 1173 2435 τὸν
1222 2382 1353 2455 περὶ
1393 2382 1502 2437 τῶν
1548 2381 1748 2437 θυσιῶν

179 2468 536 2538 πνευματικὸν
591 2469 920 2524 καταλαϐεῖν
967 2471 1161 2540 λόγον,
1199 2471 1360 2526 τίνων
1412 2473 1750 2545 ἐπουρανίων

178 2555 526 2629 ὑποδείγματι
582 2561 679 2616 καὶ
711 2562 840 2633 σκιᾷ
873 2562 987 2633 (22)
1018 2562 1171 2616 ταῦτ’
1217 2565 1455 2633 ἐγίνετο,
1493 2565 1586 2618 καὶ
1615 2564 1749 2619 ἕκα-

179 2664 290 2703 στον
318 2649 427 2703 τῶν
468 2650 629 2715 ζώων
666 2652 759 2705 ἐπὶ
799 2653 907 2707 τίνι
937 2654 1277 2725 νομοθετεῖό
1319 2654 1475 2724 λόγος
1504 2655 1746 2722 θύεσθαι,

177 2741 261 2794 καὶ
299 2740 405 2814 ἰδίᾳ
453 2743 755 2798 συνακτέον
807 2744 873 2798 τά
916 2746 1047 2818 περὶ
1089 2746 1183 2800 τοῦ
1217 2745 1411 2819 ἀμνοῦ.
1468 2749 1589 2802 Ὅτι
1634 2748 1691 2802 δὲ
1721 2751 1750 2803 ὁ

176 2836 293 2905 περὶ
315 2834 423 2888 τῶν
459 2835 668 2889 θυσιῶν
691 2837 846 2907 λόγος
876 2837 1003 2910 περί
1045 2856 1205 2892 τινων
1244 2839 1508 2912 οὐρανίων
1544 2858 1751 2913 μυστη-

178 2925 297 2997 ρίων
326 2928 572 2981 νοεῖσθαι
602 2929 804 2997 ὀφείλει
825 2970 839 2995 ,
869 2930 1002 3002 φησί
1034 2947 1136 2984 που
1164 2932 1193 2986 ὁ
1234 2931 1548 2996 Ἀπόστολος
1567 2951 1580 2964 ·
1613 2952 1631 2984 ι
1661 2933 1751 2987 Οἴ-

174 3035 303 3084 τινες
335 3022 724 3094 ὑποδείγματι,
754 3024 851 3078 καὶ
881 3025 1010 3096 σκιᾷ
1036 3023 1356 3096 λατρεύουσι
1382 3024 1488 3080 τῶν
1513 3026 1750 3099 ἐπουρα-

174 3112 289 3166 νίων
309 3132 323 3144 ·
349 3134 367 3165 ι
397 3116 494 3169 καὶ
517 3115 684 3169 πάλιν
704 3134 716 3147 ·
749 3134 767 3167 t
792 3117 1031 3188 Ἀνάγκη
1054 3112 1228 3170 οὖντά
1256 3118 1353 3188 μὲν
1376 3117 1749 3189 ὑποδείγματα

172 3205 271 3258 τῶν
302 3207 361 3260 ὲν
391 3210 509 3272 τοῖς
538 3208 792 3279 οὐρανοῖς
820 3208 1029 3272 τούτοις
1063 3207 1485 3280 καθαρίζεσθαι·
1522 3210 1661 3264 αὑτά
1689 3210 1747 3264 δὲ

1853 2368 2178 2438 perfectura.
2205 2369 2593 2438 lnquirendum
2641 2388 2773 2442 ergo
2817 2383 2901 2429 est
2949 2376 2997 2431 ei
3053 2377 3143 2446 qui
3177 2390 3436 2435 accurate

1852 2461 2151 2529 spiritalem
2177 2462 2446 2516 rationem
2476 2463 2817 2520 victimarum
2851 2470 3315 2538 comprehendere
3337 2486 3434 2524 vo-

1851 2552 2036 2619 luerit,
2061 2568 2290 2624 quorum
2322 2555 2627 2611 caelestium
2676 2560 2975 2629 exetiiplari
3010 2573 3065 2616 et
3090 2562 3280 2617 umbra
3320 2563 3436 2619 haec

1852 2647 2091 2711 ﬁebant,
2128 2647 2365 2717 itemque
2420 2665 2659 2719 quanam
2729 2651 2945 2707 ratione
2991 2656 3200 2708 sanciat
3256 2668 3437 2711 sermo

1851 2739 2280 2808 unumquodque
2322 2739 2523 2793 animal
2544 2741 2866 2807 sacrificari,
2892 2744 3256 2814 privatimque
3281 2746 3435 2800 colli-

1851 2830 2026 2899 genda
2059 2837 2187 2883 sunt
2214 2843 2336 2897 quae
2364 2831 2429 2884 de
2459 2846 2598 2898 agno
2631 2832 2906 2885 dit'tlnllﬂ'.
2926 2830 3080 2897 Quod
3104 2841 3286 2886 autem
3316 2848 3437 2887 ser-

1852 2934 1941 2974 mo
1968 2920 2310 2975 victimarum
2358 2921 2739 2992 intelligcndus
2770 2922 2842 2976 sit
2866 2922 2932 2977 de
2966 2923 3289 2992 quibusdam
3322 2940 3439 2996 my-

1850 3011 2035 3065 steriis
2058 3013 2395 3075 ctelestihus,
2435 3015 2595 3068 docet
2639 3014 2928 3082 Apostolus
2960 3015 3149 3069 dicens
3175 3017 3235 3068 ἐ
3274 3033 3292 3066 ι
3332 3014 3434 3084 Qui

1849 3101 2191 3170 exemplari,
2225 3113 2281 3157 et
2327 3101 2534 3156 umbrae
2578 3103 2880 3156 caelestium
2923 3102 3268 3168 deserviunt;
3324 3125 3342 3155 ι
3382 3114 3439 3158 et

1773 3190 1820 3254 C
1853 3205 2066 3246 rursum
2095 3192 2118 3223 ³
2150 3209 2164 3244 :
2202 3211 2221 3243 ι
2258 3191 2490 3247 Necesse
2523 3207 2652 3261 ergo
2689 3201 2769 3245 cst
2810 3199 2868 3244 ut
2896 3190 3226 3260 exemplaria
3258 3206 3436 3246 rerum

171 3297 232 3352 τά
261 3300 569 3372 ἐπουράνια
603 3302 878 3373 κρείττοσι
922 3300 1134 3365 θυσίαις
1178 3301 1330 3372 παρὰ
1361 3300 1577 3366 ταύτας.
1615 3321 1633 3354 ι
1677 3302 1750 3357 Τὸ

1929 3299 1971 3339 te
1996 3294 2124 3341 sunt
2156 3285 2211 3338 in
2254 3286 2443 3351 oculis,
2479 3285 2629 3339 hisce
2663 3284 2827 3338 rebus
2875 3282 3233 3353 puriﬁcentur
3263 3299 3278 3346 ;
3320 3283 3437 3350 ipsa

170 3388 223 3441 δὲ
250 3390 368 3444 καθ’
414 3390 473 3443 ἓν
523 3390 822 3462 δυνηθῆναι
869 3391 1073 3446 τούτων
1102 3393 1332 3464 εὑρόντα
1377 3392 1625 3450 ἐκλαθεῖν
1649 3393 1748 3465 τὴν

1929 3392 1980 3431 ro
2010 3377 2254 3433 cmlestia
2303 3378 2634 3432 mandentur
2666 3375 2905 3430 victimis
2937 3391 3048 3445 prae
3090 3377 3173 3430 his
3203 3376 3435 3444 pOtiori-

169 3479 248 3535 διξὰ
302 3483 480 3553 Ἰησοῦ
532 3485 772 3555 Χριστοῦ
826 3486 1196 3559 γεγενημένην
1239 3483 1334 3540 τοῦ
1377 3486 1747 3558 πνευματικοῦ

1929 3487 1973 3527 s.
2008 3491 2028 3524 ι
2062 3473 2329 3528 Caeterum
2374 3473 2425 3525 iu
2460 3473 2546 3527 his
2580 3470 2809 3542 singulis
2842 3470 3116 3525 victimam
3153 3472 3285 3541 legis
3323 3474 3433 3540 spi-

170 3573 323 3645 νόμου
354 3577 413 3646 (ἡ
460 3576 696 3648 ἀλήθεια
738 3577 944 3649 σφόδρα
996 3578 1198 3649 μείζων
1245 3579 1589 3650 τυγχάνουσα
1633 3580 1745 3651 (‘25)

1929 3567 2063 3621 ualis
2090 3582 2187 3636 per
2215 3566 2489 3622 Christum
2517 3565 2714 3619 factam
2741 3578 2902 3633 posse
2925 3564 3174 3619 invenire
3198 3575 3253 3618 et
3276 3579 3433 3619 enar-

168 3665 260 3738 τῆς
304 3666 666 3741 ἀνθρωπίνης
724 3668 985 3741 φύσεως),
1038 3669 1251 3735 οὐδενὸς
1293 3670 1454 3726 ἄλλου
1507 3671 1666 3743 ἔργον
1709 3673 1743 3744 ἢ

1929 3673 1972 3712 -e
2001 3658 2225 3728 (veritas
2252 3656 2450 3723 maior,
2487 3669 2652 3724 qnam
2688 3670 2786 3725 pro
2816 3667 2980 3724 captu
3043 3656 3296 3710 lmmame
3342 3671 3436 3709 na~

163 3758 251 3813 τοῦ
298 3761 509 3815 τελείου
544 3761 701 3827 ἐστὶ,
728 3762 822 3816 τοῦ
874 3762 964 3817 διά
994 3748 1091 3835 τῆν
1147 3762 1260 3829 ἕξιν
1311 3763 1380 3818 τὰ
1421 3764 1748 3838 αἰσθητήρια

1929 3752 2028 3819 'az),
2049 3751 2251 3807 nullius
2272 3752 2497 3807 alterius
2518 3766 2656 3819 opus
2674 3758 2762 3805 est
2787 3766 2946 3819 quam
2968 3749 3221 3819 perfecti,
3240 3764 3436 3820 nempe

163 3855 593 3926 γεγυμνασμένα
631 3853 845 3925 ἔχοντος
882 3856 1019 3927 πρὸς
1063 3856 1333 3928 διάκρισιν
1364 3857 1526 3912 καλοῦ
1560 3844 1620 3913 τὲ
1654 3858 1747 3913 καὶ

1929 3862 1965 3902 IS
1992 3848 2081 3916 qui
2114 3861 2305 3903 sensus
2360 3846 2691 3901 exercitatos
2732 3846 2898 3901 habet
2920 3847 2987 3901 ad
3032 3845 3433 3916 diiudicandum

163 3945 349 4008 κακοῦ,
372 3945 684 4017 δυναμένου
708 3946 816 3999 ἀπὸ
834 3945 1128 4010 διαθέσεως
1148 3946 1517 4019 ἀληθευούσης
1537 3947 1709 4001 εἰπεῖν
1732 3966 1744 3979 ·

1930 3956 1961 3992 ιι
1997 3942 2219 4007 bonum,
2276 3949 2390 3995 tum
2447 3945 2691 4005 malum,
2726 3941 2930 4009 quique
2958 3954 3023 3995 es
3073 3938 3268 3994 affectu
3306 3955 3435 3995 vera

168 4054 187 4088 ι
222 4039 422 4108 Σοφίαν
451 4038 516 4091 δὲ
552 4036 819 4109 λαλοῦμεν
872 4039 930 4090 ὲν
980 4041 1093 4101 τοῖς
1121 4038 1367 4103 τελείοις.
1407 4059 1425 4090 ι
1476 4042 1586 4094 Καὶ
1615 4040 1746 4112 ἀλη-

1929 4042 2111 4087 rrante
2153 4032 2336 4087 dicere
2375 4041 2597 4103 potest:
2634 4050 2656 4085 ‹
2689 4032 3012 4103 sapientiam
3041 4042 3222 4085 autem
3261 4032 3433 4101 loqui-

162 4129 262 4194 θῶς
288 4132 382 4184 ἐπὶ
410 4130 627 4185 τούτων
652 4130 797 4184 ἐστιν
825 4133 1031 4194 εἰπεῖν,
1062 4134 1154 4186 καὶ
1178 4132 1287 4186 τῶν
1314 4133 1522 4197 τούτοις
1567 4152 1748 4206 παρα-

1929 4143 1969 4179 ιι·
1994 4127 2134 4181 iuter
2157 4128 2427 4196 perfectos
2452 4129 2494 4181 ⁵.
2528 4144 2548 4179 ι
2589 4126 2656 4180 Ει
2694 4140 2823 4180 vere
2853 4124 2919 4179 de
2947 4125 3096 4179 hisee
3129 4125 3291 4180 rebus
3325 4127 3435 4181 bis-

161 4221 434 4292 πλησίων·
494 4242 516 4274 α
565 4223 668 4275 Ἢν
710 4222 887 4286 οὐδεὶς
938 4223 1047 4277 τῶν
1103 4224 1378 4295 ἀρχόντων
1426 4225 1617 4279 τούτου
1648 4225 1742 4279 τοῦ

1929 4237 1951 4276 e
1997 4220 2294 4276 simillimis
2340 4220 2523 4274 dicere
2580 4234 2914 4289 possumus:
2952 4236 2971 4270 ι
3022 4217 3196 4286 Quam
3251 4218 3434 4275 nullus

161 4314 347 4379 αἰῶνος
380 4315 622 4383 ἔγνωκε.
663 4333 681 4366 ι

1936 4313 2151 4382 ncipum
2178 4311 2364 4367 saeculi
2406 4312 2566 4383 hujus
2600 4313 2856 4381 cognovit
2885 4311 2930 4365 ⁸.
2966 4328 2986 4362 ι

226 4408 312 4463 55.
344 4408 497 4479 Πλὴν
548 4407 640 4461 τὸν
686 4407 856 4480 ἀμνὸν
906 4409 965 4464 ὲν
1009 4410 1129 4473 ταῖς
1161 4409 1373 4474 θυσίαις
1405 4408 1499 4464 τοῦ
1534 4410 1742 4464 ἐνδελε-

1929 4408 2007 4463 55.
2050 4408 2438 4463 Verumtamen
2487 4424 2686 4477 agnum
2737 4409 2791 4463 in
2844 4408 3132 4464 sacriﬁciis
3169 4409 3433 4482 ἐνδελεχι-

160 4501 351 4573 χισμοῦ
377 4503 714 4575 εὑρίσκομεν
744 4493 1210 4574 προσφερόμενον.
1254 4503 1408 4557 οὕτω
1444 4503 1501 4556 δὲ
1540 4504 1743 4577 γέγρα-

1929 4503 1988 4556 οῦ
2028 4502 2157 4574 [hoc
2178 4512 2261 4557 est
2293 4501 2441 4573 jugis
2471 4498 2783 4572 oblationis]
2819 4501 3128 4557 invenimus
3165 4503 3427 4558 oblatum.

163 4610 285 4647 πται
306 4610 321 4623 ο
364 4613 382 4644 ι
422 4592 539 4647 Καὶ
563 4590 737 4646 ταῦτά
764 4593 934 4655 ἐστιν,
961 4590 997 4646 ἀ
1029 4593 1275 4663 ποιήσεις
1307 4592 1398 4644 ἐπὶ
1429 4591 1523 4645 τοῦ
1552 4591 1742 4645 θυσια-

1929 4612 1945 4652 ι
1978 4607 2159 4652 autem
2192 4596 2454 4667 scriptum
2477 4605 2564 4650 est
2589 4593 2768 4649 'z-cEt
2798 4595 2915 4650 haec
2950 4604 3075 4649 sunt
3111 4611 3231 4666 quae
3264 4595 3430 4652 facies

163 4686 405 4757 στηρίσυ·
457 4686 693 4755 Ἀμνοὺς
719 4684 1020 4748 ἐνιαυσίους
1058 4683 1321 4756 ἀμώμους
1351 4682 1444 4737 δύο
1466 4683 1565 4755 τὴν
1602 4685 1741 4755 ἡμέ-

1961 4688 2161 4754 altari;
2210 4704 2381 4759 agnos
2413 4688 2702 4743 anniculos
2743 4688 2881 4743 duos
2925 4688 3300 4746 immaculatos
3334 4706 3429 4760 per

163 4796 258 4850 ραν
290 4780 385 4833 ἐπὶ
414 4780 480 4833 τὸ
512 4776 895 4850 θυσιαστήριον
932 4776 1252 4847 ἐνδελεχῶς,
1290 4775 1569 4847 κάρπωμα
1599 4773 1743 4828 ἐνδε-

1929 4778 2092 4849 ςειιιοε
2142 4780 2259 4834 dies
2295 4795 2460 4846 super
2508 4780 2681 4834 altare
2706 4778 2931 4847 iugiter,
2967 4780 3298 4835 oblationem
3333 4796 3429 4835 en-

160 4871 434 4943 λεχισμοῦ.
473 4872 582 4925 Τὸν
614 4872 783 4943 ἀμνὸν
811 4870 899 4924 τὸν
927 4869 1025 4924 ἕνα
1054 4872 1302 4940 ποιήσεις
1344 4868 1405 4921 τὸ
1428 4867 1573 4941 πρωῒ
1592 4908 1607 4933 ,
1648 4868 1741 4920 καὶ

1929 4871 2185 4925 lechismi.
2210 4874 2420 4942 Agnum
2452 4887 2617 4926 unum
2649 4868 2846 4926 offeres
2882 4886 3063 4936 mane,
3097 4881 3152 4924 et
3192 4872 3426 4926 alterum

160 4964 247 5019 τὸν
274 4966 449 5037 ἀμνὸν
485 4965 577 5018 τὸν
606 4963 853 5036 δεύτερον
876 4964 1125 5034 ποιήσεις
1152 4961 1214 5014 τὸ
1239 4960 1462 5015 δειλινόν
1480 4978 1496 4992 ο
1534 4962 1628 5015 καὶ
1656 4959 1741 5013 δέ-

1929 4976 2093 5032 sperc,
2131 4973 2187 5017 et
2232 4964 2497 5018 decimam
2554 4975 2765 5034 partem
2824 4962 3148 5033 similaginis
3208 4966 3425 5018 ntistam

162 5072 319 5109 κατον
376 5054 718 5127 σεμιδάλεως
775 5054 1167 5125 πεφυραμένης
1215 5053 1380 5125 ἐλαίῳ
1412 5053 1739 5125 κεκομμένῳ

1929 5069 1968 5107 :o
2003 5064 2231 5109 contuso
2273 5069 2399 5109 cum
2452 5066 2648 5123 quarta
2691 5066 2848 5125 parte
2888 5056 2997 5109 vini
3034 5058 3087 5110 in
3119 5070 3259 5126 agno
3294 5068 3424 5109 uno.

162 5147 234 5218 τῷ
258 5149 515 5221 τετάρτῳ
551 5146 646 5200 τοῦ
680 5148 761 5201 εῖν
792 5148 934 5201 οἴνου
960 5146 1073 5217 (24)
1104 5144 1184 5217 τῷ
1209 5144 1367 5217 ἀμνῷ
1390 5144 1466 5216 τῷ
1498 5144 1597 5198 ἐνί.
1628 5146 1739 5200 Καὶ

1944 5159 2141 5212 agnum
2168 5146 2395 5201 alterum
2423 5146 2617 5203 oll‘eres
2649 5161 2892 5216 vespere,
2918 5146 3070 5216 juxta
3097 5148 3425 5203 sacriﬁcium

229 5307 319 5339 ⁸⁰·¹
348 5304 519 5362 Joan.
553 5321 590 5371 ι,
634 5303 723 5359 29.
801 5304 822 5333 ²
848 5302 1010 5357 llebr.
1041 5318 1157 5367 vm,
1185 5303 1237 5358 5.
1315 5302 1337 5333 ³
1370 5301 1535 5357 Hebr.
1572 5320 1651 5368 ix,
1677 5304 1757 5362 23.

1938 5302 2064 5358 Cor.
2091 5318 2152 5369 ιι,
2186 5302 2238 5357 6.
2322 5304 2343 5335 '
2367 5304 2495 5360 ibid.
2519 5304 2574 5361 8.
2653 5307 2674 5338 ⁸
2710 5306 2881 5362 Exod.
2928 5323 3077 5373 χχιχ,
3106 5307 3173 5363 58
3206 5317 3261 5361 et
3300 5324 3425 5380 δραι..

230 5462 342 5534 (20)
383 5461 490 5516 Hic
516 5460 761 5534 quaedam
787 5475 817 5514 ι
844 5458 1100 5515 Ferrario
1132 5459 1519 5528 praetermissa,
1544 5474 1610 5516 ex
1641 5458 1737 5515 Pe-

1929 5460 2146 5534 SEet-{po't
2172 5478 2224 5534 τι
2253 5461 2348 5515 καὶ
2374 5461 2517 5534 σκιά.

164 5531 336 5606 riouio
364 5532 760 5606 snpplegimus.
1121 5598 1146 5606 _
1313 5598 1326 5606 ‘
1427 5600 1444 5606 _
1646 5601 1661 5606 Α

1929 5533 2027 5603 '25)
2067 5531 2293 5606 Μείζων
2314 5533 2726 5606 τυγχάνουσα.
2754 5531 2848 5590 Sic
2866 5533 3035 5590 codex
3061 5531 3418 5606 Bodleianns;

235 5604 345 5675 (2|)
690 5599 779 5667 δὲ,
808 5598 1203 5675 ’περισξερῶν-
1251 5598 1504 5675 multa
1562 5601 1731 5657 codex

1929 5598 2065 5675 guis,
2096 5602 2281 5675 μεῖζον
2308 5598 2603 5675 τυγχάνον.

168 5670 525 5749 Bodleiauus;
557 5673 758 5749 sicque
808 5672 936 5741 legit
992 5670 1297 5749 Ferrarius.
1344 5672 1519 5726 Editio
1552 5683 1730 5727 autem

1930 5670 2023 5749 24)
2071 5670 2155 5740 Τῷ
2176 5670 2585 5749 τετάρτῴίτοῦ
2609 5675 2706 5749 ei;
2728 5677 2918 5749 οἴνου,
2948 5684 3055 5749 clc.
3093 5673 3303 5749 Scribe,
3336 5675 3417 5749 τῷ

170 5745 367 5818 liuetii,
402 5741 632 5818 inamicitia
659 5742 777 5813 μὲν,
809 5742 1153 5818 περιστερᾶς-η
1171 5740 1291 5818 μέν,
1318 5754 1423 5796 etc.
1451 5815 1459 5818 _
1623 5815 1634 5818 _
1836 5740 2079 5818 τετάρτῳ
2111 5742 2203 5798 τοῦ
2243 5740 2349 5799 εἴν·
2388 5746 2480 5800 καὶ
2526 5746 2756 5817 σπονδὴν
2791 5747 2851 5801 τὸ
2902 5746 3162 5818 τέταρτο)
3212 5740 3307 5801 τοῦ
3335 5740 3414 5802 εῖν

237 5815 353 5881 (22)
402 5811 811 5883 Ὑποδείτξματι
859 5811 959 5867 και
1011 5811 1174 5878 σκιᾷ.
1238 5811 1401 5867 Forte
1448 5815 1733 5887 lege‘nduut

1929 5811 2002 5883 ου,
2034 5811 2143 5873 etc.
