3766 6142
362 257 463 315 291
1805 264 1849 323 Ο

2092 266 2131 323 S
3480 277 3577 335 293

360 381 619 452 primum,
648 388 704 436 et
743 379 901 450 juxta
949 382 1183 439 libamen
1237 382 1429 453 ipsius.
1467 384 1661 441 Facies
1715 386 1847 441 odor

2091 405 2129 441 ιν
2166 386 2336 458 ἀμνὸν
2366 388 2457 444 τὸν
2503 387 2756 462 δεύτερον
2790 389 3036 462 ποιήσεις
3067 391 3128 445 τὸ
3171 390 3421 459 δειλινὸν,
3450 394 3578 451 κατὰ

362 472 694 543 fragrantia),
730 475 1060 529 oblationem
1089 475 1338 544 Domino,
1358 476 1688 532 sacriﬁcium
1716 479 1849 534 ende

2091 498 2135 552 ιν
2167 480 2354 535 θυσίαν
2379 482 2476 554 τὴν
2506 483 2729 555 πρώτην
2761 484 2873 555 (9.5)
2894 525 2910 548 ,
2935 485 3031 537 καὶ
3063 482 3206 537 κατὰ
3245 482 3338 556 τὴν
3368 487 3578 558 σπονδὴν

361 565 558 621 chismi
588 565 643 619 in
666 569 1046 636 generationes
1080 577 1290 623 vestras
1336 571 1402 624 ad
1433 572 1572 625 ostia
1601 569 1848 626 tabernae

2083 573 2222 626 ύτοῦ.
2275 576 2525 647 Ποιήσεις
2567 576 2742 647 ὀσμὴν
2783 576 3031 641 εὐωδίας,
3083 575 3356 648 κάρπωμα
3384 578 3570 651 Κυρίῳ,

363 658 657 714 testimonii
706 674 890 715 coram
923 661 1173 725 Domino,
1216 661 1270 716 in
1306 662 1503 732 quibus
1546 673 1850 733 agnoscart

2086 666 2228 721 ›σίαν
2263 667 2641 739 ὲνδελεχισμοῦ
2678 670 2758 734 είς
2790 669 2889 732 τὰς
2921 667 3114 737 γενεὰς
3147 667 3328 738 ὑμῶν,
3377 668 3464 721 ἐπὶ
3490 668 3573 723 θύ-

358 752 469 807 illic
513 752 567 807 in
615 762 848 818 tantum,
877 760 936 807 ut
964 752 1161 822 loquar
1192 753 1259 807 ad
1308 762 1398 808 te:
1441 753 1624 825 ibique
1670 754 1845 809 ordin:

2089 774 2161 821 ιις
2209 758 2309 829 τῆς
2336 760 2539 830 σκηνῆς
2581 759 2672 813 τοῦ
2717 759 3016 831 μαρτυρίου
3068 757 3248 812 ἔναντι
3275 757 3497 830 Κυρίου,
3524 761 3576 815 ὲν

358 844 486 901 ﬁliis
506 843 699 911 Israel,
731 854 787 900 et
816 844 1206 900 sanctiﬁcabor
1233 845 1285 900 in
1318 845 1489 916 gloria
1522 860 1686 913 mea;
1720 855 1776 902 et
1806 861 1845 900 s:

2090 848 2117 914 ς
2162 851 2545 924 γνωσθήσομαί
2597 869 2677 904 σοι
2708 852 2854 915 ἐκεῖ,
2896 850 3036 904 ὥστε
3069 849 3301 922 λαλῆσαί
3343 866 3449 904 σοι·
3494 852 3577 905 καὶ

356 936 686 993 ctilicatione
709 937 1067 993 sanctiﬁcabo
1095 938 1387 992 tentorium
1419 938 1736 994 testimonii.
1780 958 1799 991 ι
1835 939 1843 959 ‘

2089 942 2265 1014 ὶξομαι
2295 945 2413 996 ἐκεῖ
2438 946 2551 1008 τοῖς
2597 945 2732 1008 υἱοῖς
2772 943 3157 1016 Ἰσραὴλ,,καὶ
3200 941 3576 1014 ἀγιασθὴσομαι

356 1028 757 1084 rumenimvero
809 1043 1056 1098 quaenam
1102 1027 1213 1083 alia
1264 1029 1616 1100 intelligibilis
1666 1030 1824 1102 152

2092 1034 2158 1109 ιθ).
2182 1036 2241 1089 ὲν
2277 1034 2403 1108 δόξῃ
2437 1054 2569 1108 μου·
2602 1037 2696 1090 καὶ
2738 1036 2995 1107 ἁγιασμῷ
3043 1036 3254 1105 ἀγιάσω
3276 1036 3371 1108 τὴν
3397 1038 3579 1108 σκηνὴν

354 1121 519 1175 ctima
551 1118 930 1191 ἐνδελεχισμοῦ
965 1118 1096 1190 [hoc
1132 1128 1216 1176 est
1260 1119 1404 1192 jugis
1445 1121 1759 1195 oblationis]
1813 1137 1841 1177 e

2094 1125 2137 1179 δῦ
2171 1128 2492 1199 μαρτυρίου.
2535 1147 2554 1180 ›
2587 1129 2722 1181 Ποία
2746 1128 2803 1182 δὲ
2835 1129 2994 1202 ἑτέρα
3019 1128 3177 1182 θυσία
3209 1128 3425 1183 δύναται
3456 1130 3581 1182 ἐνδε-

353 1220 532 1281 potest
555 1209 756 1283 λογικῷ
779 1211 907 1284 [hoc
932 1220 1036 1278 est,
1067 1211 1117 1266 ei
1144 1211 1237 1281 qui
1266 1214 1504 1269 sermoni
1533 1229 1758 1284 compos
1777 1229 1836 1270 es

2091 1217 2300 1287 ιχισμοῦ
2330 1214 2467 1272 εἶναι
2509 1219 2588 1288 τῷ
2627 1217 2828 1289 λογικῷ
2871 1218 3034 1291 νοητὴ
3066 1219 3099 1291 ἢ
3134 1219 3291 1287 λόγος
3319 1216 3578 1290 ἀκμάζων,

352 1305 773 1377 sermocinatur]
804 1321 966 1375 quam
1010 1319 1191 1361 sermo
1227 1302 1502 1371 ﬂoridior,
1533 1307 1828 1377 symbolice

2094 1309 2194 1376 Lyc;
2225 1309 2394 1379 ἀμνὸς
2438 1310 2778 1380 συμϐολικῶς
2825 1311 2936 1383 (27)
2982 1310 3337 1383 καλούμενος,
3371 1312 3481 1382 ἅμα
3512 1311 3581 1382 τῷ

353 1404 472 1452 ctus
498 1412 689 1469 agnus,
714 1399 832 1468 qui,
863 1397 1023 1454 simul
1048 1407 1210 1467 atque
1232 1397 1531 1453 illustratur
1555 1400 1754 1465 anima,
1773 1399 1840 1454 oﬂ

2094 1399 2364 1465 υτίζεσθαι
2419 1403 2519 1474 τὴν
2568 1401 2748 1475 ψυχὴν
2793 1403 3248 1474 ἀναπεμπόμενος
3287 1402 3441 1474 (αὕτη
3485 1400 3581 1477 γὰρ

355 1498 443 1544 tur
477 1490 616 1559 (hmo
668 1493 814 1547 enim
865 1507 986 1548 esse
1020 1501 1200 1563 potest
1243 1492 1510 1548 matutina
1542 1492 1842 1548 endelechis

2093 1507 2103 1538 ν
2145 1492 2230 1564 εῐη
2285 1491 2482 1565 ἑωθινὴ
2512 1492 2607 1547 τοῦ
2641 1493 3017 1566 ὲνδελεχισμοῦ
3047 1494 3259 1558 θυσία),
3310 1494 3402 1547 καὶ
3434 1493 3580 1548 πάλιν

351 1581 618 1655 victima),
652 1593 707 1639 et
731 1583 956 1640 offertur
985 1586 1151 1641 etiam
1184 1600 1308 1641 cum
1333 1598 1489 1639 mens
1521 1593 1701 1641 cessat
1723 1599 1838 1641 vers

2094 1582 2127 1635 ri.
2155 1583 2295 1636 τέλει
2325 1584 2436 1655 (28)
2477 1584 2576 1656 τῆς
2608 1584 2702 1638 τοῦ
2735 1584 2826 1638 νοῦ
2862 1586 2922 1638 ὲν
2953 1586 3065 1648 τοῖς
3088 1584 3379 1657 θειοτέροις
3398 1584 3581 1656 διατρι-

349 1673 405 1727 ίιι
462 1676 627 1731 rebus
688 1675 1049 1732 divinioribus
1090 1676 1258 1732 ?Non
1303 1678 1449 1732 enim
1500 1684 1681 1747 potest
1716 1690 1836 1745 sem]

2095 1675 2138 1745 ἱς
2168 1676 2604 1748 ἀναφερόμενος;
2634 1677 2709 1730 Οὐ
2741 1677 2851 1749 γὰρ
2896 1675 2985 1731 ἀεὶ
3017 1676 3237 1731 δύναται
3277 1676 3509 1748 διαρκεῖν
3530 1677 3582 1730 τὸ

348 1765 597 1822 snﬂicere
643 1776 703 1821 ut
733 1769 805 1822 sit
844 1768 899 1823 in
938 1767 1408 1837 praestantioribus
1440 1768 1646 1834 anima,
1689 1782 1832 1838 quan

2094 1784 2172 1820 ναι
2201 1767 2312 1836 (29)
2370 1769 2429 1821 ὲν
2458 1770 2571 1832 τοῖς
2616 1768 2921 1840 κρείττοσιν
2943 1807 2959 1833 ,
3012 1768 3136 1822 ὅσον
3183 1767 3513 1841 κεκλήρωται
3553 1771 3581 1842 ή

347 1856 420 1911 illi
444 1857 1100 1930 contigeritcoujunctam
1122 1874 1243 1915 esse
1271 1859 1399 1915 huic
1427 1869 1645 1916 terreno
1664 1869 1720 1916 et
1741 1875 1834 1932 agg

2029 1858 2175 1932 ψυχὴ
2201 1860 2550 1933 συνεζεῦχθαι
2580 1860 2659 1932 τῷ
2683 1863 2858 1933 γηΐνῳ
2884 1862 2979 1916 καὶ
3012 1860 3266 1934 βαροῦντι
3297 1860 3516 1935 σώματι.

345 1949 496 2003 vanti
520 1950 761 2019 corpori.

414 2040 505 2095 54.
542 2039 699 2109 Quod
722 2041 769 2096 si
796 2049 1005 2110 quaerat
1034 2041 1157 2113 quis
1178 2040 1307 2112 quid
1337 2040 1579 2098 {acturus
1607 2041 1681 2097 sit
1705 2051 1896 2099 sanctn

2100 2032 2189 2088 54.
2236 2033 2360 2090 Ἐὰν
2408 2033 2467 2087 δέ
2508 2051 2594 2098 τις
2643 2034 2779 2107 ζητῇ
2810 2035 2864 2089 τί
2892 2036 2952 2091 ὲν
2997 2039 3111 2102 τοῖς
3148 2038 3355 2103 μεταξὺ
3397 2038 3490 2111 τῆς
3517 2038 3583 2093 ἕω

342 2145 413 2188 eo
469 2141 714 2202 tempore
763 2132 906 2201 quod
961 2142 1046 2187 est
1098 2133 1240 2188 inter
1300 2147 1485 2197 mane,
1523 2142 1580 2188 et
1618 2147 1829 2203 vespera

2095 2125 2123 2178 Li.
2155 2125 2393 2198 ἑσπέρας
2418 2128 2635 2199 ποιήσει
2666 2129 2695 2181 6
2725 2129 2911 2198 ἆγιος,
2950 2129 3304 2200 μεταφερέτω
3342 2130 3448 2184 ἀπὸ
3488 2132 3582 2183 τῶν

346 2226 642 2282 transferat
665 2241 975 2283 sermonem
1016 2227 1086 2283 ab
1107 2228 1260 2284 hisce
1288 2228 1452 2285 rebus
1483 2243 1603 2298 qua:
1629 2228 1697 2283 ad
1722 2228 1833 2283 cult

2095 2218 2170 2272 ιτὰ
2196 2217 2295 2291 τὴν
2323 2219 2578 2292 λατρείαν
2608 2221 2701 2275 τὸν
2733 2221 2910 2292 λόγον,
2947 2223 3138 2277 ἔπειτα
3177 2223 3275 2278 καὶ
3309 2223 3367 2277 ὲν
3394 2223 3582 2287 τούτοις

344 2318 640 2374 Mosaicum
691 2321 985 2389 pertinent,
1026 2330 1084 2376 et
1117 2322 1311 2378 deinde
1362 2321 1683 2393 evangelica
1718 2322 1826 2392 poti

2095 2310 2312 2364 ιολουθεῖ
2341 2312 2476 2382 (50).
2534 2313 2645 2366 Καὶ
2687 2312 2793 2385 γὰρ
2841 2316 2959 2368 ἐκεῖ
3002 2316 3053 2368 οἱ
3106 2315 3270 2386 ἱερεῖς
3300 2316 3467 2388 ἀρχὴν
3497 2315 3582 2385 μὲν

343 2421 631 2480 sequatur.
667 2411 743 2469 Ut
772 2415 916 2468 enim
948 2412 1085 2484 legis
1109 2416 1314 2470 veteris
1371 2416 1688 2472 sacerdotes
1728 2416 1830 2485 prit

2096 2419 2136 2454 ιν
2163 2401 2362 2455 θυσιῶν
2391 2403 2758 2477 προσφέρουσι
2785 2403 2883 2477 τὴν
2911 2405 3004 2459 τοῦ
3040 2405 3442 2477 ἐνδελεχισμοῦ,
3471 2405 3583 2474 ἑξῆς

341 2506 489 2577 pium
525 2506 868 2561 victimarum
902 2506 1141 2563 offerunt
1185 2509 1576 2565 endelechismi
1616 2511 1828 2566 victima

2127 2494 2233 2567 πρὸ
2281 2496 2379 2568 τῆς
2425 2497 2719 2569 ἑσπερινῖκ
2766 2498 2860 2552 τοῦ
2893 2498 3276 2571 ὲνδελεχισμοῦ
3325 2498 3421 2562 τὰς
3460 2497 3584 2551 κατά

224 2580 237 2593 ’
343 2611 409 2652 ac
433 2597 633 2653 deinde
653 2607 780 2653 ante
804 2599 1172 2666 vespertinam
1195 2600 1469 2656 victimam
1512 2604 1711 2660 endelet

2096 2603 2120 2640 ν
2167 2587 2330 2658 νόμον
2363 2587 2555 2652 λοιπάς
2574 2605 2589 2621 ο
2619 2583 2729 2644 οἷον
2760 2591 2888 2661 περὶ
2920 2589 3334 2662 πλημμελείας,
3379 2590 3413 2660 ἢ
3436 2588 3583 2641 ἀκου-

342 2699 570 2746 cazteras
615 2706 687 2746 ex
730 2691 847 2762 lege
869 2691 1044 2760 (verbi
1081 2693 1278 2763 gratia,
1317 2710 1419 2764 pro
1447 2695 1680 2763 delicto,
1712 2698 1798 2753 Vel
1828 2718 1829 2767 ς

2093 2697 2179 2743 ων,
2210 2679 2242 2751 ἢ
2282 2681 2546 2754 σωτηρίου
2574 2682 2761 2753 εὐχῆς,
2796 2682 2828 2749 ἢ
2864 2680 3213 2754 ζηλοτυπίας,
3241 2681 3279 2754 ἢ
3308 2680 3580 2744 σαῦσάτου,

346 2784 432 2838 bis
473 2798 592 2852 qua:
631 2796 821 2854 sponte
844 2801 949 2841 non
994 2786 1436 2851 committuntur,
1471 2787 1558 2841 vel
1600 2804 1699 2859 pro
1728 2789 1833 2845 salu

2095 2771 2415 2842 νουμηνίας,
2444 2773 2538 2826 καὶ
2581 2774 2690 2828 τῶν
2719 2773 2918 2827 λοιπῶν
2937 2813 2953 2838 ,
2984 2772 3022 2827 ἀ
3055 2773 3267 2845 μακρὸν
3292 2771 3359 2828 ἀν
3391 2773 3470 2843 εῐη
3501 2770 3582 2824 ἐπὶ

343 2875 424 2931 vel
455 2890 553 2947 pro
573 2878 906 2947 precatione,
922 2877 1006 2933 vel
1025 2892 1122 2947 pro
1140 2878 1424 2949 zelotypia,
1443 2879 1525 2934 vel
1546 2896 1645 2950 pro
1664 2881 1830 2937 Sabba

2094 2862 2119 2915 ῦ
2168 2863 2435 2934 παρόντος
2483 2864 2660 2933 λέγειν
2681 2882 2694 2895 ·
2744 2863 2885 2917 οὕτω
2932 2864 3111 2917 τοίνυν
3154 2863 3251 2917 καὶ
3299 2864 3455 2934 ἡμεῖς
3487 2860 3581 2916 ἀπὸ

342 2968 425 3022 vel
454 2983 552 3037 pro
591 2969 892 3034 novilunio,
917 2979 972 3024 et
1014 2969 1258 3039 reliquis,
1291 2986 1411 3039 quae
1437 2971 1657 3042 longum
1690 2982 1829 3029 esset

2094 2953 2121 3007 ῦ
2162 2955 2292 3027 περὶ
2331 2956 2430 3027 τῆς
2469 2957 2677 3022 εἰκόνος
2708 2956 2865 3027 λόγου
2893 2957 3251 3028 πεποιημένοι
3291 2956 3391 3028 τὴν
3427 2954 3581 3027 ἀρχὴν

342 3061 637 3129 praesentia
668 3058 1000 3132 recensere),
1040 3060 1120 3116 sic
1162 3062 1325 3116 etiam
1368 3079 1469 3118 nos
1513 3079 1541 3118 a
1579 3079 1829 3121 sermone

2096 3065 2124 3110 ς
2149 3046 2445 3119 ἀναφορᾶς,
2475 3049 2534 3113 ὃς
2556 3050 2704 3103 ἐστιν
2723 3050 2752 3102 6
2772 3050 3023 3123 Χριστὸς,
3057 3048 3442 3119 διαλαμϐάνειν
3468 3049 3582 3119 περὶ

341 3151 599 3223 imagine,
631 3153 723 3223 qui
754 3163 841 3207 est
882 3153 1155 3219 Christus,
1194 3153 1525 3210 oblationem
1570 3156 1754 3213 facere
1788 3158 1828 3212 ir

2094 3115 2380 3206 nomen
2409 3115 2847 3213 ὠφελιμωτάτων
2879 3115 3239 3214 δυνησόμεθα.
3289 3144 3400 3196 Καὶ
3434 3115 3581 3196 πάλιν

341 3244 573 3315 pientes,
600 3245 667 3300 de
695 3244 879 3301 multis
928 3248 1116 3318 hisque
1163 3247 1469 3303 utilissimis
1509 3248 1784 3305 disserere
1823 3266 1828 3320 1

2129 3236 2241 3297 τοῖς
2285 3234 2411 3306 περὶ
2438 3233 2675 3306 Χριστοῦ
2730 3235 3132 3306 καταλήξαντες
3174 3237 3271 3289 ἐπὶ
3302 3234 3401 3307 τὴν
3433 3232 3580 3287 οίονεὶ

340 3338 592 3393 terimus.
616 3336 935 3408 Rursusque
978 3340 1033 3395 in
1068 3341 1152 3395 his
1191 3355 1312 3410 quae
1340 3340 1543 3396 Christi
1576 3350 1703 3397 sunt
1731 3342 1822 3398 ﬁni

2093 3323 2265 3395 πέραν
2299 3325 2574 3396 φθάσομεν
2602 3325 2697 3379 καὶ
2723 3325 2925 3393 νύκτα,
2959 3327 3247 3398 ἐρχόμενοι
3282 3326 3380 3382 καὶ
3406 3326 3494 3379 ἐπὶ
3519 3322 3579 3377 τὰ

343 3437 424 3484 tes
453 3431 520 3485 ad
545 3445 823 3500 vesperam
855 3431 1023 3486 veluti
1052 3441 1379 3502 noctemque
1406 3432 1809 3503 perveniemus,
1830 3449 1925 3491 ve-
2024 3417 2333 3487 σωματικάο

340 3523 554 3578 nientes
574 3522 643 3578 ad
670 3538 901 3594 corpora
930 3525 1123 3582 etiam.

410 3614 501 3672 55.
542 3615 638 3672 Sin
669 3631 800 3673 vero
833 3631 1143 3676 sermonem
1186 3617 1528 3688 exquirimus
1557 3621 1624 3676 de
1665 3616 1790 3676 Iesu
1827 3619 1895 3674 de

2088 3600 2211 3671 55C:
2237 3601 2360 3655 Ὲάν
2387 3601 2445 3656 δὲ
2493 3601 2584 3656 τὸν
2614 3601 2771 3673 λόγον
2808 3602 3148 3675 ἐξετάζωμεν
3192 3602 3289 3657 τὸν
3322 3602 3448 3674 περὶ
3488 3601 3573 3656 τοῦ

339 3720 643 3766 monstrato
670 3725 700 3765 a
750 3710 983 3780 Joanne,
1011 3712 1169 3782 juxta
1210 3713 1297 3768 id"
1327 3731 1342 3768 :
1370 3729 1391 3765 ι
1445 3713 1584 3767 Ecce
1612 3713 1798 3783 Agnus

2088 3692 2362 3764 ικνυμένου
2422 3692 2598 3766 Ἰησοῦ
2647 3696 2752 3750 ὑπὸ
2806 3694 2900 3749 τοῦ
2964 3696 3241 3761 Ἰωάννου,
3305 3696 3447 3750 κατὰ
3488 3695 3543 3750 τό
3561 3712 3575 3727 ·

340 3802 458 3869 Dei,
483 3804 573 3872 qui
610 3803 747 3859 tollit
775 3777 1056 3876 peccatum
1089 3805 1298 3871 mundi,
1322 3824 1343 3858 ι
1376 3777 1690 3860 insistentes
1713 3803 1768 3858 in
1804 3805 1827 3872 ἰ]

2089 3777 2245 3848 θῦτός
2269 3786 2415 3840 ἐστιν
2439 3788 2468 3839 ό
2503 3787 2700 3857 Ἀμνὸς
2725 3787 2820 3841 τοῦ
2848 3787 3005 3850 Θεοῦ,
3031 3789 3060 3840 6
3087 3787 3259 3861 αἴρων
3282 3788 3379 3860 τὴν
3411 3789 3576 3859 ἀμαρ-

339 3896 741 3969 dispensatione
772 3875 1019 3969 corporei
1059 3900 1324 3954 adventus
1360 3897 1481 3953 Filii
1514 3897 1608 3952 Dei
1648 3898 1716 3952 ad
1752 3898 1826 3951 vit

2091 3891 2140 3928 ιν
2164 3875 2260 3929 τοῦ
2290 3876 2523 3948 κόσμου,
2568 3896 2586 3928 ι
2621 3877 2895 3949 ἱστάμενοι
2921 3879 3007 3931 ἐπ’
3042 3878 3209 3949 αὐτὴν
3255 3878 3357 3950 τὴν
3396 3879 3578 3932 οἰκονο-

340 3966 648 4059 hominum,
680 3966 884 4062 agnum
920 4007 1027 4047 non
1074 3991 1243 4047 alium
1286 3989 1718 4047 existimabimus
1754 4003 1823 4059 qu

2089 3983 2150 4021 αν
2181 3966 2282 4037 τῆς
2314 3969 2629 4039 σωματικῆς
2659 3969 2754 4022 τοῦ
2788 3968 2918 4022 Υίοῦ
2950 3968 3046 4023 τοῦ
3074 3966 3209 4021 Θεοῦ
3251 3971 3334 4033 είς
3368 3968 3457 4021 τὸν
3480 3967 3576 4019 τῶν

339 4083 616 4138 hominem
649 4100 665 4149 ;
695 4084 783 4139 hic
808 4084 954 4139 enim
991 4100 1012 4134 ι
1041 4082 1208 4137 veluti
1235 4083 1354 4139 ovis
1389 4082 1457 4138 ad
1489 4083 1693 4137 caedem
1722 4082 1826 4135 duc

2087 4057 2320 4131 θρώπων
2352 4060 2464 4130 βίον
2492 4060 2787 4133 ἐπιδημίας
2806 4078 2819 4092 °
2850 4062 2941 4115 τὸν
2968 4061 3137 4134 ἀμνὸν
3174 4057 3277 4114 ὸύκ
3309 4060 3465 4115 ἄλλον
3491 4058 3574 4113 τοῦ

337 4188 442 4244 est,
473 4186 529 4233 et
553 4186 810 4246 tanquam
838 4192 1012 4247 agnus
1039 4192 1223 4233 coram
1255 4177 1514 4232 tondente
1545 4190 1604 4230 se
1628 4183 1809 4228 mutus

2088 4152 2303 4225 θρώπου
2324 4151 2735 4225 ὑποληψόμεθω
2757 4146 2911 4218 οὗτος
2929 4154 3038 4226 γὰρ
3063 4173 3081 4206 ι
3104 4153 3180 4218 ὼς
3199 4152 3468 4225 πρόόατον
3492 4151 3575 4205 ἐπὶ

338 4268 567 4324 dicens:
608 4286 628 4320 ι
662 4244 778 4337 Ego
823 4244 1080 4338 tanquam
1126 4281 1297 4338 agnus
1338 4267 1604 4322 innocens
1637 4264 1825 4329 ducor,

2088 4244 2230 4316 αγὴν
2261 4244 2401 4318 ἤχθη
2422 4286 2439 4309 ,
2486 4247 2582 4300 καὶ
2602 4246 2679 4310 ὡς
2708 4247 2881 4319 ἀμνὸς
2913 4248 3145 4303 ἐνώπιον
3175 4247 3272 4303 τοῦ
3309 4247 3575 4318 κείραντος

338 4358 676 4416 Ιιηωοιοῐ⁹.›
705 4335 877 4428 Quam
906 4335 976 4416 ob
1001 4335 1317 4428 causain,et
1342 4359 1398 4415 in
1422 4357 1742 4429 Apocalypsi
1764 4356 1807 4387 ¹⁰

2089 4337 2179 4391 τὸν
2216 4337 2462 4407 ἄφωνος·
2490 4357 2510 4390 ι
2552 4335 2745 4407 λέγων’
2780 4354 2801 4389 ι
2835 4338 2978 4408 Ἐγὼ
3027 4341 3104 4403 ὡς
3150 4340 3339 4413 ἀρνίον
3386 4338 3576 4393 ἄκακον

339 4451 498 4505 detur
536 4465 707 4523 agnus
730 4461 880 4506 stans
909 4466 1008 4507 ceu
1039 4451 1375 4506 immolatus.
1403 4448 1506 4505 Hic
1537 4449 1699 4520 igitur
1738 4462 1826 4517 agr

2089 4432 2282 4503 όμενον
2327 4431 2422 4486 τοῦ
2468 4431 2748 4487 θύεσθαι.»
2783 4434 2982 4505 Διόπερ
2999 4433 3092 4488 καὶ
3129 4433 3189 4486 ὲν
3232 4434 3299 4504 τῇ
3358 4431 3575 4537 ’Δπῗκα-

338 4543 555 4599 occisus
590 4544 893 4610 puriﬁcatio
922 4541 1098 4599 factus
1124 4554 1228 4609 est,
1250 4542 1403 4613 juxta
1448 4539 1709 4611 quasdam
1752 4548 1825 4592 rat

2085 4527 2172 4596 ψει
2200 4524 2383 4597 ἀρνίον
2410 4526 2604 4597 ὁρᾶται
2648 4525 2877 4597 ἑστηκὸς
2920 4525 2997 4589 ὡς
3027 4523 3390 4595 ἐσφαγμένον.
3418 4523 3572 4582 Οὗτος

341 4648 440 4688 nes
467 4634 731 4701 occultas,
762 4637 927 4691 totius
948 4635 1158 4699 mundi,
1183 4651 1280 4705 pro
1309 4650 1416 4705 quo
1443 4634 1514 4689 ob
1541 4645 1780 4687 amorem
1805 4645 1828 4699 ι]

2099 4620 2128 4672 ό
2159 4616 2330 4689 ἀμνὸς
2358 4618 2586 4687 σφαγεὶς
2610 4616 2903 4689 καθάρσιον
2933 4616 3244 4689 γεγένηται,
3273 4615 3417 4705 κατά
3439 4630 3574 4676 τινας

338 4722 505 4781 Pater
531 4727 825 4783 humanum
872 4744 1047 4800 genus
1093 4703 1465 4799 prosequitur,
1499 4725 1700 4779 caedem
1744 4721 1825 4776 eti.

2085 4714 2356 4786 τορῤήτους
2379 4711 2598 4781 λόγους,
2625 4709 2720 4764 τοῦ
2752 4710 2876 4764 ὅλου
2908 4710 3111 4782 κόσμου
3133 4749 3149 4775 ,
3184 4708 3322 4782 ὑπὲρ
3355 4703 3417 4764 οὗ
3445 4705 3572 4763 κατά

338 4822 599 4891 suscepit,
621 4836 719 4878 suo
753 4824 920 4894 ipsius
947 4824 1213 4894 sanguine
1249 4836 1347 4876 nos
1394 4817 1630 4888 peccatis
1655 4812 1825 4868 vendit

2088 4823 2114 4860 ν
2137 4804 2231 4859 τοῦ
2265 4804 2483 4878 Πατρὸς
2512 4802 2917 4875 φιλανθρωπίαν
2955 4803 3049 4857 καὶ
3074 4801 3176 4874 τὴν
3215 4800 3428 4873 σφαγὴν
3464 4800 3575 4853 ἁνε-

341 4912 617 4967 redimcns
639 4913 707 4968 ab
733 4891 797 4970 eo
818 4915 907 4984 qui
943 4929 1042 4970 nos
1054 4891 1383 4972 iseduxerat.
1405 4909 1572 4964 Porro
1593 4909 1683 4978 qui
1711 4923 1828 4977 agnt

2085 4899 2202 4964 Ξατο
2220 4938 2235 4963 ,
2275 4895 2580 4966 ὠνούμενος
2623 4892 2701 4965 τῷ
2749 4892 2942 4948 ἑαυτοῦ
2974 4893 3166 4963 αἵματι
3210 4892 3320 4947 άπὸ
3349 4891 3443 4946 τοῦ
3464 4891 3572 4951 ταῖς

339 5005 485 5060 hunc
510 5004 578 5060 ad
598 4982 925 5063 sacriﬁcium
957 5008 1238 5072 offerebat,
1270 5007 1408 5061 Deus
1439 5004 1492 5058 in
1521 5000 1741 5056 homine
1769 5013 1826 5054 er

2087 4991 2311 5064 ,αρτίαις
2332 4990 2482 5061 ἡμᾶς
2497 4987 2973 5083 πιπρασκομένους
2987 4986 3361 5059 ἀγοράσαντος
3377 4982 3507 5058 (51).
3519 4982 3574 5037 '0

411 5126 434 5158 '
460 5123 620 5182 Joan.
646 5127 799 5196 1,29.
875 5127 899 5160 ⁸
925 5126 1167 5194 lsa.t.m,
1196 5127 1250 5180 7.
1328 5125 1351 5157 ’
1375 5124 1578 5181 Jerem.
1609 5137 1689 5190 ιι,
1725 5120 1812 5176 19.
1891 5120 1898 5150 ¹

875 5127 899 5160 ⁸
925 5126 1167 5194 lsa.t.m,
1196 5127 1250 5180 7.
1328 5125 1351 5157 ’
1375 5124 1578 5181 Jerem.
1609 5137 1689 5190 ιι,
1725 5120 1812 5176 19.
1891 5119 1935 5151 ¹⁰
1962 5119 2135 5187 Apoc.
2167 5131 2223 5180 v,
2260 5114 2315 5170 6.

408 5243 524 5320 (2A5)
564 5243 730 5302 Forte
774 5246 1065 5315 legendum
1099 5245 1369 5318 πρωῖνήν,
1400 5252 1456 5301 et
1488 5243 1651 5316 paulo
1679 5249 1802 5314 post
1828 5241 1895 5306 εἰς

872 5246 1065 5302 endum
1099 5245 1369 5318 πρωῖνήν,
1400 5252 1456 5301 et
1488 5243 1651 5316 paulo
1679 5249 1802 5314 post
1828 5241 1911 5306 εἰς
2018 5235 2359 5320 συμέρλιξιές.

341 5301 537 5385 tam.
809 5301 954 5315 ⁷””
1146 5301 1158 5318 ³
1300 5301 1367 5317 ’⁷
1489 5301 1506 5316 ⁸

2088 5301 2202 5385 (28)
2255 5305 2379 5385 Ἐπὶ
2427 5304 2605 5385 τέλει.
2652 5303 2745 5385 _lta
2797 5304 2968 5360 codex
3013 5301 3341 5358 Bodleianus
3401 5306 3568 5362 recte;

563 5388 666 5460 ξοι
693 5386 838 5453 ἐκεῖ,
865 5387 1022 5460 ὥστε
1056 5386 1326 5460 λαλῆσαί
1360 5400 1494 5460 σοιξ
1523 5383 1624 5460 καὶ
1663 5382 1899 5460 τάξομαι

1807 5400 1914 5450 μαι
2018 5361 2528 5460 Βςξξυἐ.ηεπιτελεί,
2547 5375 2719 5460 'tnale.
2746 5445 2759 5460 _
2923 5446 2935 5457 .
2958 5445 2973 5460 _
3132 5442 3213 5460 ﬂ“
3272 5440 3294 5460 τ

338 5443 465 5511 ἐκεῖ
499 5443 622 5525 τοῖς
661 5443 1102 5527 υίοῖςἺσραὴλ,
1150 5443 1246 5510 καὶ
1284 5443 1765 5526 ἁγιασθήσνομιιι.⁷
2240 5446 2310 5527 T6
2338 5446 2522 5527 aly-at:
2547 5445 2853 5527 yegendun-t
2886 5443 3222 5527 videtur-Tib
3245 5443 3406 5527 εἶναι.

345 5488 460 5511 σωι
504 5488 622 5525 ιυις
661 5488 814 5527 ὐιυις
851 5488 1102 5527 ιυμωιμ,
1150 5488 1246 5510 aut.
1284 5488 1739 5526 ιιιῖωυυιιυυμνωι.
1787 5488 1828 5506 ιι

345 5529 542 5582 desunt
585 5533 636 5583 in
687 5532 874 5585 codice
910 5530 1111 5594 Regio,
1151 5529 1244 5581 sed
1281 5528 1637 5580 restituuntur
1663 5539 1695 5578 e
1724 5524 1832 5576 cod]

2084 5488 2197 5594 i563
2211 5587 2229 5594 λ
2242 5488 3459 5594 semensasmaimagiae...
3492 5511 3571 5562 ν..

346 5594 665 5671 Bodleiano.
689 5600 808 5656 Mox
839 5611 959 5670 post
986 5587 1243 5668 ἇγιασμῷ
1267 5597 1436 5671 codex
1468 5594 1791 5671 Rodleianus
1825 5609 1833 5647 t

2042 5587 2347 5671 ικέλέφγθῇο.
2456 5659 2492 5671 ..
2812 5657 3101 5671 .,..

347 5665 522 5742 Slitt_ti_t
542 5654 778 5735 (avidam,
811 5654 954 5742 q‘nod
992 5654 1227 5742 θεοειἿῄ
1257 5667 1443 5742 codice
1471 5664 1722 5742 Regio.“
1801 5733 1813 5742 _

2085 5658 2196 5742 (51)
2236 5654 2416 5714 Codex
2451 5658 2774 5742 podiciantts
2811 5659 2860 5712 in
2900 5666 3044 5717 textu
3072 5654 3487 5727 διαπεράσαντος,
3517 5654 3564 5703 in

416 5734 530 5806 (97)
567 5730 965 5809 Συμδοζλιὲιῶς.
994 5740 1084 5799 Sic
1105 5738 1274 5798 codex
1302 5730 1653 5804 Bodleianus;
1683 5732 1903 5807 Regius,

1338 5730 1653 5804 iudleianus;
1683 5732 1905 5807 Regius,
2017 5730 2258 5802 margine
2287 5745 2412 5787 vero
2440 5730 2825 5818 ᾁγοράσαντος.
