3766 6142
239 255 334 313 295

1324 254 1676 315 COMMENT.
1717 254 1780 310 IN
1819 253 2011 312 JOAN.
2048 255 2286 313 TOMUS
2325 257 2414 314 V'l.

3364 255 3473 314 ΞΜ

233 376 283 429 δι
310 372 670 445 προσαγαγὼν
695 374 887 430 τοῦτον
919 377 1009 431 τὸν
1039 378 1212 449 ἀμνὸν
1245 378 1339 431 ἐπὶ
1376 378 1474 449 τὴν
1507 376 1698 431 θυσίαν
1716 415 1731 438 ,
1759 376 1785 426 ὁ

1962 388 2116 443 lgnlts
2153 373 2432 439 sacerdos,
2470 373 2563 443 qui
2595 372 2698 430 hoc
2728 372 2971 429 declarat
2997 387 3096 444 per
3116 387 3182 430 ea
3211 375 3373 431 verba
3399 374 3471 431 ιιι

232 464 285 519 ἐν
312 463 385 535 τῷ
414 464 684 537 ἀνθρώπῳ
730 463 800 539 ἦν
837 469 970 533 Θεὸς
993 509 1006 531 ,
1059 471 1232 540 μέγας
1280 470 1606 541 ἀρχιερεὺς,
1640 470 1789 532 ὅστις

232 553 376 609 τοῦτο
412 555 559 626 δηλοί
598 556 688 611 διὰ
712 558 806 612 τοῦ
826 574 844 593 ο
890 578 909 611 t
935 559 1126 625 Οὐδεὶς
1164 562 1308 633 αίρει
1337 562 1438 631 τὴν
1459 560 1635 632 ψυχήν
1684 578 1787 631 μου

232 645 317 699 ἀπ’
362 644 529 716 ἐμοῦ,
602 648 718 702 ἀλλ’
772 648 883 718 ἐγὼ
914 650 1103 722 τίθημι
1158 651 1325 723 αὐτὴν
1350 658 1357 668 ”
1385 652 1482 704 ἀπ’
1527 650 1784 721 ἐμαυτοῦ.

241 736 504 803 Ἐξουσίαν
534 738 644 810 ἔχω
672 740 843 796 θεῖναι
877 742 1066 815 αὐτὴν,
1093 743 1188 798 καὶ
1217 743 1379 797 πάλιν
1406 742 1651 809 ἐξουσίαν
1681 742 1789 813 ἔχω

229 826 398 883 λαϐεῖν
422 830 615 902 αὐτήν.
640 851 658 883 ι

289 921 373 975 56.
410 921 520 975 Καὶ
552 922 728 997 ταύτῃ
754 923 916 996 θυσίᾳ
945 928 1231 994 συγγενεῖς
1284 926 1421 980 εἰσιν
1469 927 1525 979 αί
1575 925 1784 990 λοιπαὶ,

229 1002 297 1065 ὧν
323 1009 589 1081 σύμϐολόν
633 1016 772 1070 εἰσιν
803 1016 861 1069 αἱ
911 1015 1164 1086 νομικαί·
1202 1015 1386 1070 λοιπαὶ
1421 1016 1478 1069 δὲ
1524 1015 1620 1070 καὶ
1651 1033 1785 1085 συγ-

227 1103 386 1167 γενεῖς
407 1101 585 1174 ταύτῃ
611 1106 679 1175 τῇ
711 1103 870 1175 θυσίᾳ
899 1104 1077 1159 θυσίαι
1101 1105 1352 1178 ἐκχύσεις
1371 1102 1510 1161 εἶναί
1550 1124 1640 1176 μοι
1663 1106 1787 1176 φαί-

226 1212 389 1249 νονται
412 1196 506 1250 τοῦ
551 1197 664 1252 τῶν
692 1200 954 1268 γενναίων
985 1201 1276 1274 μαρτύρων
1306 1201 1555 1272 αἵματος,
1585 1202 1646 1255 οὑ
1678 1202 1784 1273 μά-

225 1304 315 1358 την
359 1288 656 1360 ὁρωμένων
699 1278 919 1346 ἑστάναι
958 1291 1062 1346 ὑπὸ
1104 1291 1198 1345 τοῦ
1248 1291 1489 1363 μαθητοῦ
1541 1293 1783 1349 Ἰωάννου

225 1376 362 1448 παρὰ
386 1376 464 1448 τῷ
493 1378 737 1450 οὐρανίῳ
766 1379 1151 1454 θυσιαστηρίῳ.
1191 1400 1211 1433 t
1249 1382 1344 1446 Τίς
1375 1381 1432 1435 δὲ
1460 1382 1622 1452 σοφὸς
1644 1423 1659 1443 ,
1691 1384 1785 1436 καὶ

226 1469 431 1539 συνήσει
481 1468 696 1536 ταῦτα;
744 1472 996 1538 συνετὸς,
1056 1474 1149 1526 καὶ
1198 1472 1558 1542 ἐπιγνώσεται
1587 1472 1776 1540 αὐτάς»

225 1559 353 1632 Πρὸς
376 1560 433 1613 δὲ
458 1560 624 1615 τοῦτο
646 1561 1122 1636 θεωρητικώτερον
1166 1564 1269 1620 κᾶν
1305 1566 1564 1621 ἐπιποσὸν
1604 1582 1784 1635 παρα-

223 1651 458 1716 δέξασθαι
497 1653 596 1708 τὸν
638 1656 767 1727 περὶ
811 1655 920 1712 τῶν
951 1656 1207 1711 τοιούτων
1236 1656 1435 1712 θυσιῶν
1459 1657 1615 1727 λόγον
1635 1697 1652 1723 ,
1683 1675 1784 1711 κα-

1900 482 1919 517 ι
1959 464 2144 519 Nullus
2171 466 2409 520 animam
2443 480 2614 520 meam
2642 479 2672 518 a
2702 480 2787 521 me
2814 465 2975 529 tollit,
3007 465 3165 536 153
3190 465 3283 521 sed
3309 477 3409 536 ego
3435 480 3464 523 ι

1896 559 2217 627 memetipso
2269 573 2410 627 pono
2468 573 2611 613 eam.
2658 558 2990 615 Potestatem
3036 558 3207 614 habeo
3233 558 3466 629 ponendi

1894 665 2036 717 eam,
2071 661 2124 704 et
2156 666 2371 707 rursum
2412 661 2730 722 potestatem
2779 651 2951 708 habeo
2987 651 3235 707 sumendi
3269 648 3411 708 eam.
3442 667 3464 703 ο

1958 922 2050 979 '56.
2081 922 2147 978 Et
2176 936 2305 976 sane
2336 920 2498 990 hujus
2539 919 2775 975 victima
2806 928 3048 991 cognata:
3079 926 3205 973 sunt
3233 924 3464 980 cteterae,

1890 1030 2118 1085 quarum
2154 1025 2297 1070 notat
2330 1024 2459 1069 sunt
2491 1012 2730 1083 legales;
2769 1027 2862 1080 per
2895 1024 3121 1065 caeteras
3140 1024 3271 1063 vero
3304 1007 3467 1062 victi-

1892 1124 2010 1163 mas
2042 1108 2169 1163 huic
2190 1107 2420 1162 victimae
2448 1114 2732 1174 cognatas,
2750 1102 3044 1159 effusiones
3077 1100 3318 1169 intelligo
3345 1115 3468 1153 san-

1889 1201 2069 1272 guinis
2124 1216 2513 1271 generosorum
2569 1207 2904 1270 martyrum,
2953 1196 3044 1266 qui
3104 1209 3210 1249 non
3264 1191 3468 1246 frustra

1888 1291 2301 1361 conspiciuntur
2325 1301 2471 1347 stare
2514 1305 2545 1344 a
2577 1287 2839 1358 discipulo
2868 1287 3076 1342 Joanne
3109 1284 3262 1354 juxta
3300 1282 3468 1337 caele-

1888 1390 1969 1437 ste
2000 1382 2191 1438 altare.
2212 1381 2318 1438 Sed
2347 1400 2366 1434 ι
2400 1381 2527 1452 quis
2557 1380 2796 1451 sapiens,
2817 1387 2870 1433 et
2902 1377 3168 1448 intelliget
3189 1375 3352 1430 haec?
3381 1373 3467 1429 vel

1887 1474 2148 1544 prudens,
2182 1482 2239 1530 et
2285 1482 2543 1545 agnoscet
2593 1473 2709 1528 haec
2738 1471 2780 1503 ¹¹
2816 1471 2840 1525 ἳ
2875 1488 2893 1522 ι
2953 1468 3037 1523 Ad
3093 1468 3209 1522 haec
3253 1465 3465 1521 altioris

1889 1566 2361 1636 contemplationis
2395 1575 2479 1622 est
2525 1565 2608 1620 vel
2641 1563 2911 1620 tantillum
2937 1560 3167 1630 exsequi
3199 1562 3463 1614 rationem

1889 1656 1957 1712 de
1985 1656 2355 1726 hujuscemodi
2389 1658 2650 1725 victimis,
2678 1672 2800 1727 quae
2836 1662 3072 1726 purgant
3105 1668 3199 1709 eos
3220 1666 3320 1723 pro
3342 1650 3465 1723 qui-

224 1742 511 1816 θαιρουσῶν
543 1749 673 1811 τοὺς
698 1746 837 1820 ὑπὲρ
862 1741 938 1804 ὧν
976 1751 1363 1823 προσάγονται.
1411 1749 1785 1821 Κατανοητέον

1963 1763 1989 1804 s
2012 1748 2337 1805 offeruntur.
2369 1749 2772 1808 Consideranda
2799 1764 2929 1820 ergo
2956 1758 3044 1804 est
3072 1749 3215 1803 ratio
3254 1746 3465 1803 sacriﬁ-

222 1837 303 1891 τὸν
350 1837 506 1908 λόγον
554 1840 658 1911 τῆς
712 1840 1181 1915 ὁλοκαυτουμένης
1231 1842 1500 1916 θυγατρὸς
1552 1843 1784 1912 Ἰεφθάε,

220 1930 300 1985 διὰ
342 1932 547 2006 ταύτην
604 1935 770 2008 εὐχὴν
811 1937 1135 2010 νικήσαντος
1179 1939 1306 2002 τοὺς
1342 1939 1491 2003 υἱοὺς
1535 1936 1786 2009 Ἀμμὼν,

222 2019 252 2098 ᾖ
284 2025 650 2097 συνηυδόκησε
680 2028 775 2081 καὶ
808 2031 842 2101 ἡ
879 2029 1313 2103 ὁλοκαυτουμένη
1329 2070 1345 2096 ,
1386 2031 1618 2102 λέγουσα
1651 2033 1788 2105 πρὸς

220 2118 302 2172 νὺν
328 2118 540 2190 πατέρα
574 2122 826 2177 εἰπόντα·
866 2142 886 2176 t
939 2124 1175 2197 Ἀνέῳξα
1206 2125 1267 2179 τὸ
1298 2125 1474 2197 στόμα
1517 2144 1618 2197 μου
1648 2128 1788 2182 κατὰ

224 2210 309 2264 σοῦ
337 2213 470 2282 πρὸς
496 2215 706 2286 Κύριον
723 2233 737 2245 ’
773 2216 886 2271 Καὶ
918 2217 965 2270 εἰ
992 2216 1235 2289 ἀνέῳξας
1259 2216 1321 2271 τὸ
1350 2217 1524 2290 στόμα
1554 2236 1646 2272 σου
1666 2222 1786 2273 κατ’

221 2302 343 2375 ἐμοῦ
371 2306 505 2378 πρὸς
543 2306 769 2378 Κύριον,
803 2309 944 2363 ποίει
974 2308 1074 2381 τὴν
1105 2311 1269 2382 εὐχήν
1301 2328 1417 2365 σου.
1453 2330 1473 2363 ι
1512 2312 1788 2383 Ἔμφασις

226 2397 313 2467 μὲν
338 2394 428 2451 οὖν
461 2398 666 2470 πολλῆς
694 2400 978 2474 ὠμότητος
1006 2402 1096 2455 διὰ
1121 2402 1325 2458 τούτων
1358 2405 1788 2475 παρεισφέρεται

222 2487 305 2540 τοῦ
332 2482 374 2557 ᾧ
398 2489 512 2560 (52)
548 2492 801 2545 τοιαῦται
832 2492 975 2563 ὑπὲρ
1009 2492 1283 2564 σωτηρίας
1322 2490 1626 2562 ἀνθρώπιον
1664 2494 1787 2545 ἐπι-

222 2574 483 2631 τελοῦνται
515 2578 733 2633 θυσίαι·
767 2579 1266 2653 μεγαλοφυεστέρου
1288 2580 1344 2634 δὲ
1373 2581 1466 2635 νοῦ
1484 2622 1500 2648 ,
1537 2582 1631 2636 καὶ
1663 2581 1787 2653 βλέ-

225 2682 402 2733 ποντος
440 2669 510 2724 τὰ
555 2670 829 2743 λεγόμενα
861 2674 973 2744 (55)
1008 2673 1148 2728 κατὰ
1186 2674 1287 2743 τῆς
1334 2674 1588 2747 προνοίας
1634 2674 1787 2730 λύσιν

223 2761 498 2833 χρῄζομεν,
527 2763 601 2816 ἵν’
633 2764 750 2834 ἅμα
773 2764 902 2836 περὶ
927 2764 1144 2819 πάντων
1164 2804 1179 2829 ,
1229 2765 1305 2828 ὡς
1335 2766 1787 2839 ἁπορῤητοτέρων

222 2850 375 2905 ὄντων
394 2893 409 2918 ,
465 2855 567 2907 καὶ
598 2853 738 2925 ὑπὲρ
764 2853 1111 2926 ἀνθρωπίνην
1158 2855 1319 2924 φύσιν
1352 2855 1748 2928 ἅπολογώμεθα
1768 2874 1784 2890 ·

1888 1852 2024 1899 θείω
2052 1844 2173 1900 tilia:
2194 1843 2403 1914 Iephte,
2428 1844 2519 1915 qui
2554 1854 2772 1915 propter
2793 1844 2933 1899 hanc
2960 1843 3097 1900 tilios
3118 1844 3347 1899 Ammon
3378 1841 3464 1897 vi-

1883 1935 1981 2001 cit,
2013 1936 2102 1992 cui
2148 1937 2363 2008 quidem
2410 1946 2539 1993 voto
2576 1951 2845 2008 propensa
2878 1935 2981 1992 fuit
3018 1951 3080 1993 ea
3124 1938 3312 2005 etiam,
3343 1950 3465 2007 quae

1882 2027 2234 2095 oﬂ‘erebatur,
2263 2029 2329 2085 ad
2350 2037 2559 2100 patrem
2581 2029 2888 2084 dicentem:
2926 2047 2945 2079 ι
2982 2030 3245 2100 Apertum
3277 2041 3362 2083 est
3401 2042 3463 2081 os

1882 2134 2064 2175 meum
2094 2121 2381 2176 adversum
2412 2128 2466 2176 te
2489 2120 2558 2175 ad
2600 2120 2893 2174 Dominum
2923 2119 2987 2181 ³³,
3021 2138 3039 2171 ι
3076 2120 3406 2186 respondens
3444 2129 3458 2165 :

1887 2230 1908 2265 ι
1938 2212 2004 2268 Ει
2037 2213 2085 2269 si
2124 2211 2388 2284 aperuisti
2439 2227 2501 2268 os
2547 2222 2698 2266 tuum
2742 2212 3033 2266 adversum
3079 2225 3166 2265 me
3186 2209 3254 2263 ad
3279 2207 3464 2263 Domi-

1881 2320 2030 2371 num,
2061 2304 2150 2361 fac
2179 2315 2361 2361 votum
2394 2313 2543 2360 tuum
2580 2305 2701 2358 η’.»
2730 2304 2907 2373 Atque
2951 2302 3302 2358 simulacrum
3345 2299 3464 2369 qui-

1881 2397 2004 2452 dem
2036 2397 2218 2453 multte
2275 2397 2614 2473 credulitatis
2641 2412 2741 2468 per
2781 2396 2895 2451 haec
2928 2395 3247 2465 producitur
3291 2393 3460 2458 illius,

1879 2490 1967 2548 cui
2001 2490 2133 2546 tales
2159 2505 2259 2561 pro
2284 2490 2565 2546 hominum
2594 2489 2769 2544 salute
2797 2489 3154 2560 perﬁciuntur
3187 2487 3458 2550 victimae;

1879 2589 1973 2644 sed
2004 2586 2251 2659 profecto
2283 2593 2467 2642 mente
2489 2584 2861 2656 generosiore,
2879 2598 2999 2652 qua:
3027 2582 3220 2638 calleat
3247 2580 3463 2636 solvere

1877 2692 1999 2748 qua:
2024 2678 2278 2733 dicuntur
2316 2687 2504 2732 contra
2541 2675 2944 2746 providentiam
2967 2715 2982 2738 ,
3017 2689 3262 2744 egemus,
3299 2679 3359 2725 ut
3389 2671 3464 2725 si-

1879 2770 1990 2823 mul
2021 2771 2088 2824 de
2114 2768 2365 2823 omnibus
2393 2783 2514 2839 quae
2536 2767 2702 2824 veluti
2748 2766 3044 2821 secretiora
3067 2772 3193 2818 sunt
3220 2775 3276 2817 et
3298 2776 3461 2832 supra

1880 2863 2171 2916 humanam
2201 2872 2474 2928 naturam,
2505 2876 2606 2916 nos
2646 2873 2974 2914 excusemus
3005 2874 3020 2910 :
3054 2875 3074 2907 ‹
3104 2856 3292 2926 Magna
3316 2856 3461 2909 enim

228 2961 245 2993 t
277 2944 515 3013 Μεγάλαι
545 2945 660 3017 γὰρ
687 2947 743 2999 αἱ
774 2945 982 3018 κρίσεις
1005 2947 1100 3000 τοῦ
1137 2946 1275 3001 Θεοῦ
1309 2948 1401 3002 καὶ
1440 2948 1785 3023 δυσδιήγητοι

1962 2954 2078 3008 licia
2114 2973 2132 3005 ι
2165 2953 2320 3019 ῡρί,‹
2354 2968 2528 3023 eaque
2560 2966 2723 3024 aegre,
2753 2966 2855 3006 nec
2900 2949 3060 3004 facile
3098 2956 3408 3012 narrantur,
3437 2964 3457 2997 ι

223 3036 300 3090 διὰ
327 3037 478 3091 τοῦτο
503 3038 826 3093 ἀπαίδευτοι
856 3038 1027 3110 ψυχαὶ⁹
1056 3039 1457 3113 ἐπλανήθησαν.
1494 3061 1514 3094 ι
1555 3044 1788 3115 Μεμαρ-

224 3126 437 3200 τύρηται
464 3130 521 3184 δὲ
565 3130 661 3183 καὶ
696 3128 849 3202 παρὰ
878 3132 993 3195 τοῖς
1021 3130 1263 3199 ἔθνεσιν,
1285 3133 1367 3186 ὅτι
1385 3132 1568 3187 πολλοί
1617 3152 1781 3201 τινες,

226 3218 470 3291 λοιμικῶν
501 3222 895 3294 ἐνσκηψάντων
925 3225 984 3278 ἐν
1023 3227 1142 3288 ταῖς
1167 3225 1372 3279 ἑαυτῶν
1405 3226 1628 3298 πατρίσι
1670 3228 1783 3299 (54)

226 3316 555 3385 νοσημάτων,
589 3316 815 3380 ἑαυτοὺς
849 3316 1054 3387 σφάγια
1080 3316 1220 3389 ὑπὲρ
1256 3317 1352 3372 τοῦ
1383 3319 1565 3375 κοινοῦ
1600 3338 1784 3393 παρα-

225 3403 489 3460 δεδώκασι.
517 3407 637 3460 Καὶ
663 3408 1025 3479 παραδέχεται
1052 3408 1163 3481 (55)
1189 3410 1342 3465 ταῦθ’
1369 3410 1541 3476 οὕτως
1568 3410 1786 3481 γεγονέ-

226 3515 303 3551 ναι
326 3499 423 3553 οὐκ
466 3499 685 3569 ἀλόγως
731 3503 1028 3567 πιστεύσας
1073 3506 1193 3567 ταῖς
1225 3504 1487 3575 ἱστορίαις
1531 3505 1560 3557 ὁ
1596 3505 1785 3569 πιστὸς

226 3592 474 3664 Κλήμης,
524 3594 638 3647 ὑπὸ
689 3593 901 3648 Παύλου
961 3596 1432 3669 μαρτυρούμενος,
1499 3597 1781 3665 λέγοντος·

231 3699 249 3735 t
277 3685 423 3739 Μετὰ
448 3686 805 3758 Κλήμεντος,
855 3688 950 3742 καὶ
989 3688 1099 3744 τῶν
1123 3688 1326 3744 λοιπῶν
1358 3688 1633 3761 συνεργῶν
1660 3706 1782 3761 μου,

227 3767 294 3830 ὧν
319 3776 383 3831 τὰ
408 3778 652 3850 ὀνόματα
677 3781 735 3833 ἐν
765 3780 932 3852 βίϐλῳ
964 3767 1132 3851 ζωῆς.
1171 3799 1190 3832 ι
1221 3780 1332 3853 Τὴν
1367 3780 1557 3851 ὁμοίαν
1586 3781 1646 3835 δὲ
1672 3781 1784 3853 ἔχει

229 3868 529 3939 ἀπέμφασιν
560 3869 711 3942 παρὰ
742 3870 821 3942 τῷ
846 3870 1052 3926 θέλοντι
1074 3869 1184 3925 τῶν
1214 3871 1342 3934 τοὺς
1386 3871 1612 3936 πολλοὺς
1655 3872 1784 3927 λαν-

228 3956 481 4014 θανόντων
537 3960 857 4032 μυστηρίων
901 3961 1226 4032 κατηγορεῖν
1245 4000 1260 4023 ,
1287 3962 1382 4015 καὶ
1423 3960 1492 4015 τὰ
1524 3961 1650 4034 περὶ
1675 3960 1784 4017 τῶν

232 4050 509 4123 μαρτύρων
568 4049 1051 4129 προστεταγμέναο
1108 4049 1453 4114 εὐδοκοῦντος
1505 4050 1600 4105 τοῦ
1648 4051 1784 4105 Θεοῦ

232 4143 415 4211 μᾶλλον
456 4145 611 4216 ἡμᾶς
645 4143 999 4209 ἀναδέξασθαι
1046 4144 1228 4208 πάσας
1266 4142 1656 4214 χαλεπωτάτας
1701 4146 1785 4199 αί-

232 4233 343 4297 χίας
384 4236 441 4288 ἐν
495 4235 577 4306 τῷ
623 4235 901 4306 ὁμολογεῖν
945 4233 1113 4288 αὐτοῦ
1167 4233 1265 4306 τὴν
1306 4233 1558 4304 θειότητα
1575 4273 1590 4298 ,
1641 4234 1785 4307 ἤπερ

230 4325 595 4401 ἀπαλλαγῆναι
621 4328 729 4383 τῶν
748 4327 1016 4382 τοσούτων
1037 4325 1406 4398 νομιζομένων
1433 4323 1620 4379 κακῶν
1651 4324 1788 4397 πρὸς

1878 3056 2041 3115 atque
2057 3063 2077 3096 ι
2098 3046 2167 3100 ob
2193 3046 2332 3099 hanc
2355 3059 2577 3099 causam
2605 3044 2767 3099 rudes
2793 3043 2990 3096 anima:
3012 3050 3338 3096 erraverunt
3360 3038 3457 3092 ιδ.»

1880 3137 2131 3192 Relatum
2163 3147 2342 3193 autem
2388 3147 2552 3207 atque
2592 3144 2853 3192 testatum
2900 3142 2987 3190 est
3025 3133 3166 3202 apud
3207 3131 3461 3204 gentiles.

1881 3232 2080 3286 multos
2106 3231 2240 3286 caedi
2267 3244 2365 3301 pro
2402 3228 2676 3285 communi
2713 3227 2995 3283 hominum
3037 3225 3212 3281 salute
3253 3225 3464 3295 seipsos

1885 3324 2195 3388 tradidisse,
2219 3336 2343 3379 cum
2373 3320 2688 3392 pestilentes
2725 3318 2900 3374 morbi
2926 3334 3080 3374 suam
3109 3320 3340 3386 patriam
3373 3317 3462 3371 in-

1878 3417 2165 3472 vasissent.
2217 3415 2281 3471 Et
2330 3416 2443 3470 lucc
2485 3414 2561 3469 ita
2620 3413 2872 3469 evenisse
2921 3411 3158 3467 admittit
3194 3426 3298 3465 non
3343 3410 3463 3465 sine

1879 3523 2041 3564 causa
2092 3509 2329 3564 historiis
2365 3508 2593 3563 credens
2616 3506 2868 3561 Clemens
2912 3504 3002 3559 ille
3030 3502 3223 3568 ﬁdelis,
3255 3502 3322 3559 de
3352 3515 3463 3573 quo

1880 3601 2026 3656 hunc
2049 3600 2103 3655 in
2141 3602 2357 3655 modum
2391 3598 2716 3655 teStiticatur
2744 3594 2945 3654 Paulus
2966 3637 2982 3660 ,
3001 3597 3186 3652 dicens
3203 3594 3267 3648 “:
3289 3593 3462 3647 «Cum

1879 3692 2160 3750 Clemente
2215 3699 2271 3748 et
2312 3691 2538 3762 reliquis
2586 3689 2994 3762 coadjutoribus
3030 3688 3188 3754 meis,
3225 3700 3459 3757 quorum

1878 3785 2097 3840 nomina
2135 3791 2263 3839 sunt
2290 3783 2344 3838 iu
2375 3782 2514 3838 libro
2558 3783 2703 3837 vitae.
2736 3798 2756 3833 ι
2792 3779 3036 3835 Similem
3065 3780 3266 3833 habent
3292 3775 3462 3832 dissi-

1878 3879 2233 3934 militudinem
2268 3874 2406 3946 apud
2451 3888 2574 3929 eum
2605 3873 2699 3944 qui
2723 3871 2854 3928 velit
2883 3868 3139 3943 mysteria
3167 3882 3288 3939 qua:
3323 3865 3460 3922 mul-

1881 3981 1966 4026 tos
2005 3969 2177 4024 latent
2205 3969 2481 4034 incusare,-
2507 3980 2628 4037 quze
2666 3965 2734 4020 de
2767 3964 3101 4037 martyribus
3135 3962 3456 4028 traduntur;

1879 4060 1990 4115 Deo
2038 4061 2212 4132 magis
2262 4059 2596 4130 approbante
2642 4067 2701 4113 ut
2733 4057 2817 4112 vel
2848 4056 3148 4126 asperrima
3193 4054 3457 4125 supplicia

1876 4152 2066 4209 subire
2095 4153 2383 4223 eligamus,
2411 4152 2540 4208 dum
2572 4152 2896 4208 conﬁtemur
2929 4150 3070 4206 illius
3098 4149 3456 4216 divinitatem,

1877 4259 2036 4313 quam
2065 4259 2096 4298 a
2118 4252 2195 4299 tot
2224 4245 2410 4313 rebus,
2447 4259 2569 4315 qum
2602 4245 2745 4300 mala
2788 4242 3195 4309 existimantur,
3232 4240 3456 4299 liberari

1877 4338 1942 4392 ad
1972 4339 2135 4392 breve
2164 4346 2405 4407 tempus,
2441 4352 2693 4393 sermone
2727 4346 2914 4392 nostro
2941 4334 3140 4404 ubique
3160 4341 3457 4406 sequentes

235 4423 425 4496 βραχὺν
462 4424 690 4496 χρόνον,
721 4422 864 4494 λόγῳ
906 4418 1466 4494 συμπεριενεχθέντας
1516 4418 1595 4491 τῷ
1625 4419 1784 4490 θελή-

1967 4439 2212 4485 uutatetn
2256 4430 2601 4486 inimicorum
2631 4430 2901 4486 veritatis.
2939 4427 3301 4496 Quamobrem
3332 4429 3454 4484 exi-

237 4533 355 4586 ματι
388 4516 497 4570 τῶν
528 4511 742 4586 ἐχθρῶν
777 4513 878 4584 τῆς
908 4512 1189 4584 ἀληθείας.
1219 4510 1529 4566 Κατάλυσιν
1567 4506 1660 4566 οὗν
1697 4529 1787 4566 νο-

238 4608 441 4679 μιστέον
466 4607 715 4678 γίνεσθαι
748 4607 1028 4677 δυνάμεων
1054 4603 1366 4659 κακοποιῶν
1388 4603 1476 4658 διὰ
1494 4604 1588 4657 τοῦ
1621 4603 1786 4658 θανά-

233 4712 318 4751 του
345 4698 447 4753 τῶν
474 4699 648 4769 ἁγίων
677 4696 964 4770 μαρτύρων
981 4735 998 4761 ,
1026 4690 1137 4749 οἷον
1164 4696 1263 4766 τῆς
1285 4695 1563 4766 ὑπομονῆς
1586 4695 1785 4762 αὐτῶν,

236 4789 322 4842 καὶ
345 4790 439 4860 τῆς
470 4790 583 4862 (56)
615 4787 902 4860 ὁμολογίας
927 4787 1025 4854 τῆς
1057 4785 1218 4858 μέχρι
1253 4787 1482 4841 θανάτου
1503 4828 1518 4853 ,
1569 4788 1664 4842 καὶ
1690 4788 1787 4859 τῆς

237 4881 309 4943 εἰς
338 4882 397 4935 τὸ
426 4882 649 4944 εὐσεϐὲς
675 4879 983 4952 προθυμίας
1006 4918 1021 4943 ,
1052 4878 1433 4950 ἀμϐλυνούσης
1466 4878 1529 4931 τὸ
1565 4877 1661 4943 ὀξὺ
1687 4878 1789 4951 τῆς

238 4972 446 5026 ἐκείνων
474 4973 618 5027 κατὰ
646 4971 739 5025 τοῦ
774 4971 1074 5042 πάσχοντος
1123 4967 1440 5040 ἐπιϐουλῆς,
1473 4967 1615 5022 ὥστε
1633 5007 1648 5034 ,
1677 4969 1788 5040 ἀμ-

239 5063 557 5139 ϐλυνομένης
600 5066 694 5119 καὶ
738 5062 1078 5135 ἀτονησάσης
1120 5061 1221 5133 τῆς
1268 5061 1549 5132 δυνάμεως
1587 5061 1786 5128 αὐτῶν,

240 5160 325 5214 καὶ
344 5160 558 5232 ἐτέρους
583 5160 833 5223 πλείονας
852 5157 960 5212 τῶν
978 5156 1346 5228 νενικημένων
1371 5155 1615 5211 ἀνίεσθαι
1634 5157 1786 5211 ἐλευ-

1877 4521 2104 4575 stimare
2148 4521 2410 4578 debemus
2459 4520 2882 4577 destructionem
2917 4519 3034 4574 ﬁeri
3086 4520 3452 4588 potentiorum

1880 4611 2247 4668 maleﬁcarum
2274 4628 2371 4685 per
2398 4623 2625 4668 mortem
2660 4622 2972 4668 sanctorum
2995 4611 3452 4684 martyrum,vel-

1880 4707 1957 4761 uti
1994 4706 2278 4763 tolerantia
2315 4723 2503 4764 eorum
2534 4717 2589 4763 et
2614 4707 2956 4763 confessione
3000 4720 3174 4777 usque
3196 4708 3264 4761 ad
3301 4721 3452 4763 mor-

1882 4807 2028 4864 tem,
2078 4808 2241 4868 atque
2290 4814 2417 4870 erga
2482 4796 2639 4870 15‘.
2688 4798 2940 4867 pietatem
2993 4796 3451 4866 promptitudine,

1880 4888 2264 4945 hebetantibus
2317 4898 2373 4944 et
2415 4887 2789 4958 mitigantibus
2818 4886 3095 4942 feritatem
3127 4887 3450 4942 insidiarum

1881 4992 2233 5053 tyrannorum
2260 4979 2492 5042 illorum.
2514 4987 2703 5034 contra
2735 4985 2812 5033 tot
2833 4978 3105 5033 cruciatus
3133 4976 3448 5047 patientem.

1885 5085 1944 5129 ut
1977 5074 2231 5130 hebetata
2263 5080 2318 5127 et
2352 5070 2514 5126 debili
2545 5069 2754 5125 reddita
2784 5069 3022 5138 potentia
3056 5069 3318 5139 ipsorum,
3356 5065 3448 5121 alii

1883 5166 2047 5222 etiam
2090 5164 2271 5233 plures
2298 5162 2447 5226 victi,
2481 5162 2883 5218 dimitterentur
2912 5160 3123 5216 liberati
3166 5174 3231 5214 eo
3256 5171 3447 5225 onere,

304 5277 343 5308 “
364 5260 522 5335 Joan:
548 5295 604 5345 ι,
640 5280 723 5335 18.
792 5278 836 5310 ¹²
859 5276 984 5334 Ose.
1015 5291 1121 5338 XIV,
1152 5274 1240 5349 10.
1318 5274 1362 5306 ’³
1384 5272 1558 5330 Judic.
1595 5290 1671 5344 xl,
1691 5277 1781 5334 55.

1965 5279 2077 5335 bid.
2108 5275 2200 5334 56.
2277 5274 2322 5307 ’⁸
2346 5273 2475 5343 Sap.
2506 5288 2645 5338 xvtt,
2678 5272 2728 5325 l.
2806 5271 2851 5303 "
2893 5267 3123 5338 Philipp.
3153 5280 3229 5331 tv,
3256 5264 3310 5320 3.

305 5366 409 5452 QQ)
446 5369 921 5452 [ἔρρεις-φέρεται
943 5369 1049 5452 τοῦ
1074 5361 1143 5452 ᾧ,
1172 5377 1277 5423 etc.
1315 5365 1406 5422 Sic
1453 5368 1507 5422 in
1542 5371 1789 5452 margine

246 5439 436 5563 (ἐς)άίεὲ
468 5439 742 5524 Ιξοὰιοίοηὶ
776 5441 1078 5495 restituitur
1108 5441 1298 5494 lacuna
1330 5452 1450 5507 quae
1476 5448 1560 5494 est
1603 5440 1655 5493 in
1676 5439 1785 5495 co-

282 5524 355 5561 tce
429 5526 569 5566 eruo.

309 5527 887 5651 ig3t)‘eg'g).le1-dpera.
950 5578 1343 5644 Scribendum,
1397 5579 1504 5632 τῶν
1558 5579 1786 5650 λεγομέ-

250 5661 418 5792 νωῖέι)
467 5717 569 5775 Ἐν
592 5723 720 5789 ταῖς
749 5721 979 5779 ἑαυτῶν
1022 5720 1285 5790 πατρίσι.
1318 5720 1482 5779 Deest
1510 5721 1565 5779 in
1598 5719 1785 5778 codice

1899 5374 2086 5443 Regio,
2114 5372 2218 5443 sed,
2235 5369 2542 5443 restituitur
2571 5381 2602 5421 e
2636 5365 2754 5421 cod.
2786 5362 3094 5443 Bodleiano.

1965 5427 2089 5515 (ἶϐίν
2117 5442 2226 5495 Καὶ
2264 5437 2677 5515 παραδέχςςαι,
2701 5445 2809 5490 etc.
2842 5432 2971 5515 Vide
2996 5427 3278 5515 epistolam
3313 5427 3453 5497 prio-

1895 5502 2007 5568 τοιίι
2033 5502 2359 5571 Clementis:
2379 5502 2619 5577 cap.'55,
2650 5516 2705 5561 et
2738 5502 3197 5577 notasCotelet-ii.

1964 5583 2075 5654 (36)
2116 5568 2396 5654 Kul‘tﬁ'c,
2429 5568 2534 5634 etc.
2573 5568 2661 5654 Sic
2714 5586 2858 5654 recte
2903 5573 3066 5654 habet
3109 5569 3279 5654 codex
3311 5568 3448 5626 Bod-

1892 5640 2135 5720 leiauus;
2168 5640 2543 5709 editio—autem
2581 5647 2781 5707 Huetii,
2807 5640 2949 5697 κατὰ
2978 5640 3100 5712 τῆς,
3127 5649 3235 5696 etc.
