3766 6142
286 305 393 362 9.95

1711 295 2044 371 ORIGENIS

3448 297 3562 352 296

295 429 403 484 quo
431 413 681 503 potentia:
709 413 848 469 male
882 413 1143 472 instantes
1170 430 1262 471 eos
1300 414 1666 486 gravabautet
1701 415 1849 466 laede-

2042 411 2331 485 ρουμένους
2374 409 2466 464 τοῦ
2517 410 2745 482 βάρους,
2781 405 2841 465 οὗ
2877 413 3112 485 πονηραὶ
3138 412 3396 485 δυνάμεις
3432 416 3546 468 ἐπιρ

294 508 443 561 bant.
468 508 604 574 Quin
629 507 795 561 etiam
829 519 1096 580 martyres
1126 510 1224 577 ipsi
1262 509 1351 578 qui
1383 508 1523 572 passi
1550 516 1694 570 sunt,
1713 513 1859 573 post-

285 615 351 654 ea
391 614 497 655 non
546 597 795 656 incidunt
837 601 888 655 in
922 602 1209 672 supplicia,
1242 603 1495 673 quamvis
1534 619 1637 658 non
1676 604 1870 659 debili-

286 691 411 747 tatis
457 707 521 748 ac
569 693 857 748 delassalis
908 695 991 749 Itis
1039 699 1129 766 qui
1174 697 1311 751 alios
1376 698 1533 752 malis
1584 697 1869 764 aﬂiciuut,

282 785 539 838 nimirum
571 785 697 854 quia
733 786 777 840 is
805 787 894 855 qtti
939 788 1101 841 talem
1149 790 1427 843 victimam
1472 790 1689 853 obtulit,
1739 792 1870 845 vicit

283 873 427 928 hanc
478 875 812 928 contrariam
868 879 1185 945 potentiam,
1219 887 1471 949 tauquam
1510 882 1553 936 si
1608 898 1673 937 ex
1711 892 1870 951 parte

283 962 387 1017 hac
408 973 591 1019 uterer
621 966 973 1022 similitudine
1003 969 1117 1023 utili
1144 971 1209 1024 ad
1237 987 1299 1025 ca
1325 975 1389 1026 de
1415 973 1613 1042 quibus
1648 973 1865 1043 agitur:

279 1053 385 1121 Qui
419 1056 671 1111 interlicit
711 1066 809 1112 aut
844 1060 1091 1114 carmine
1120 1062 1256 1130 sopit
1287 1064 1489 1118 animal
1517 1078 1865 1130 venenatum,

282 1158 378 1200 aut
415 1148 588 1216 ipsum
615 1148 665 1202 vi
696 1149 948 1219 quapiam
993 1166 1224 1208 vacuum
1274 1154 1449 1210 reddit
1478 1171 1508 1211 a
1543 1171 1777 1223 veneno,
1820 1160 1866 1213 is

282 1236 335 1291 in
364 1240 559 1295 multos
591 1242 855 1297 beneficia
883 1241 1115 1309 confert,
1144 1244 1236 1313 qui
1265 1244 1317 1299 in
1345 1256 1618 1314 posterum
1654 1250 1866 1319 aliquid

281 1331 495 1397 passuri
543 1344 721 1396 erant,
754 1334 855 1389 nisi
914 1334 1259 1391 interfectum
1308 1337 1437 1392 illud
1491 1339 1574 1393 vel
1631 1342 1865 1411 sopitum

282 1420 477 1477 fuisset
503 1423 585 1477 vel
616 1438 828 1480 veneno
874 1437 1226 1483 evacuatum.
1256 1429 1436 1499 Atque
1475 1432 1641 1485 etiam
1674 1433 1719 1488 si
1764 1435 1867 1488 ali-

280 1515 367 1569 cui
397 1530 582 1571 morso
610 1516 955 1574 manifestum
998 1519 1115 1586 ﬁat,
1142 1530 1198 1575 et
1224 1521 1489 1577 liberatus
1510 1523 1599 1579 ille
1625 1540 1655 1578 a
1695 1541 1865 1581 nocu-

281 1617 466 1662 mento
494 1622 593 1677 per
614 1624 850 1666 morsum
876 1622 1176 1680 contracto,
1197 1613 1398 1687 deligat
1416 1616 1605 1671 oculos
1630 1616 1683 1671 in
1718 1635 1865 1674 mor-

281 1709 429 1755 tuum
477 1704 567 1770 qui
596 1702 859 1767 lassit,vel
889 1705 1174 1761 inscendat
1208 1717 1503 1773 mortuum,
1524 1708 1608 1762 vel
1635 1710 1860 1781 attingat

278 1802 579 1863 mortuum,
603 1795 689 1850 vel
722 1805 904 1867 gustet
928 1798 1090 1869 hujus
1124 1808 1360 1868 partem,
1400 1800 1491 1855 flet
1526 1816 1659 1855 sane
1701 1815 1858 1856 antea

280 1902 441 1954 passo
471 1888 759 1951 medicina,
783 1897 839 1942 et
860 1888 1181 1942 beneﬁcium
1215 1888 1284 1943 ab
1303 1903 1369 1942 eo
1389 1888 1479 1958 qui
1502 1886 1863 1944 interfecisset

280 1976 332 2030 id
349 1978 499 2047 quod
523 1977 769 2033 laedebat.
785 1977 971 2032 Simile
991 1978 1245 2048 quiddam
1270 1979 1385 2034 fieri
1408 1989 1582 2034 mortc
1603 1978 1865 2049 piissimo-

278 2082 401 2121 rum
428 2077 723 2137 martyrum
751 2067 1169 2123 existimandum
1198 2078 1299 2132 est,
1328 2069 1512 2124 multis
1534 2085 1599 2123 ex
1624 2070 1864 2139 ipsorum

280 2169 456 2212 morte
486 2158 745 2213 indicibili
769 2159 1000 2228 quadam
1022 2159 1073 2213 vi
1099 2160 1471 2230 adiumentum
1499 2162 1859 2218 sumentibus.

351 2265 442 2319 57.
482 2264 753 2320 Cmterum
797 2264 1025 2320 multum
1079 2264 1349 2320 immorati
1396 2279 1585 2319 sumus
1615 2265 1681 2319 de
1720 2279 1866 2318 mar-

284 2360 492 2430 tyribus
526 2360 686 2414 verba
717 2358 1002 2421 facientes,
1030 2368 1193 2427 atque
1220 2369 1543 2414 euarrantes
1570 2358 1743 2414 dehis
1772 2358 1862 2428 qui

282 2453 565 2521 perierunt
606 2451 675 2505 ob
709 2450 1025 2520 pestilentes
1068 2450 1512 2516 constitutiones,
1559 2460 1616 2506 ut
1646 2451 1862 2506 videre-

281 2560 401 2598 mus
425 2543 804 2598 excellentiam
838 2543 980 2598 illius
1019 2544 1111 2614 qui
1144 2543 1342 2598 ductus
1368 2552 1450 2599 est
1478 2541 1626 2598 velut
1647 2542 1765 2597 ovis
1795 2541 1863 2595 ad

280 2633 506 2698 eaedem,
530 2634 730 2703 quique
759 2634 899 2689 sicut
924 2649 1096 2704 agnus
1119 2649 1304 2689 coram
1330 2636 1590 2689 tondente
1619 2633 1717 2687 fuit
1748 2649 1864 2687 tnu-

283 2737 369 2781 tus
403 2726 470 2780 ¹⁶.
503 2724 746 2794 Namque
794 2725 840 2780 si
889 2725 1069 2795 aliqua
1103 2727 1355 2796 gentibus
1387 2742 1493 2781 non
1528 2724 1670 2781 falso
1702 2724 1864 2780 histo-

280 2816 377 2871 riis
417 2816 669 2871 mandata
702 2825 850 2882 sunt,
890 2817 1071 2887 aliqua
1095 2833 1225 2874 vero
1272 2828 1383 2873 tum
1425 2818 1493 2873 de
1526 2817 1861 2889 martyribus

279 2915 406 2962 sunt
438 2908 601 2974 dicta,
625 2908 716 2978 qui
744 2906 958 2964 fuerunt
984 2912 1170 2965 mundi
1194 2920 1551 2981 purgamenta
1580 2909 1645 2977 ",
1664 2922 1775 2964 tum
1794 2910 1861 2964 de

278 2997 667 3069 apostolis,'qui
702 3001 948 3054 omnium
976 3002 1365 3072 rejectameuta
1383 3002 1453 3056 ob
1477 3004 1617 3057 hanc
1633 3015 1858 3057 causam

1970 504 2215 575 κείμεναι
2248 503 2530 578 ἐφόρτιζον
2570 504 2684 573 (57)
2724 505 2819 557 καὶ
2845 503 3134 561 ἔϐλαπτον.
3192 505 3352 561 Ἀλλά
3385 507 3481 561 καὶ
3508 508 3560 560 οἱ

1971 596 2238 659 παθόντες
2267 594 2332 649 ἀν
2354 636 2367 660 ,
2429 595 2503 667 μὴ
2555 596 2935 667 ἀτονησάντων
2984 597 3095 651 τῶν
3143 600 3558 671 ἐνεργησάντων

1970 690 2050 752 εἰς
2082 684 2301 761 ἐτέρους
2331 688 2400 740 τὰ.
2432 688 2670 759 χείρονα,
2705 688 2892 742 οὐκέτι
2922 690 3315 758 περιπίπτουσι
3346 690 3423 762 τῷ
3451 691 3559 745 πά-

1971 779 2075 842 θει,
2110 780 2436 850 νικήσαντος
2489 778 2583 831 τοῦ
2615 779 2714 851 τὴν
2739 778 2997 852 τοιαύτην
3034 781 3227 836 θυσίαν
3276 800 3561 856 προσαγα-

1970 870 2161 939 γόντος
2192 868 2349 942 τήνδε
2382 869 2481 939 τὴν
2514 870 2901 943 ἀντικειμένην
2928 872 3186 944 δύναμιν,
3238 874 3314 939 ὡς
3355 876 3405 927 εί
3444 874 3560 928 ἀπὸ

1974 962 2172 1034 μέρους
2200 960 2521 1033 ἐχρησάμην
2554 961 2721 1016 εἰκόνι
2755 964 3011 1035 χρησίμῳ
3056 964 3194 1036 πρὸς
3240 964 3308 1019 τά
3344 965 3562 1038 προκεί-

1973 1072 2111 1127 μενα
2149 1054 2403 1127 τοιαύτῃ·
2447 1054 2506 1109 Ὀ
2559 1055 2612 1109 τὶ
2646 1056 2887 1128 ἀναιρῶν
2919 1057 2979 1110 τὸ
3022 1056 3258 1122 ίοϐόλον,
3317 1058 3349 1129 ἢ
3385 1076 3560 1112 κατα⁹

1969 1147 2231 1218 κοιμίζων
2262 1145 2442 1218 ἐπῳδῇ
2468 1147 2501 1219 ἢ
2540 1146 2765 1219 δυνάμει
2789 1149 2918 1215 τινὶ,
2952 1149 3125 1203 κενῶν
3150 1150 3285 1205 αὐτὸ
3314 1151 3409 1205 τοῦ
3445 1152 3554 1214 ίοῦ,

1970 1239 2199 1304 πολλοὺς
2232 1242 2511 1312 εὐεργετεῖ
2556 1241 2665 1293 τῶν
2697 1241 2921 1314 ὕστερον
2971 1243 3312 1314 πεισομένων
3352 1261 3407 1297 τι
3454 1245 3556 1297 ἀπ’

1970 1332 2136 1388 αὐτοῦ
2156 1377 2170 1400 ,
2205 1335 2255 1387 εί
2284 1334 2357 1405 μὴ
2386 1332 2624 1405 ἀνῄρητο
2644 1374 2657 1397 ,
2699 1335 2732 1406 ἥ
2765 1335 3250 1407 κατακεκοίμιστο,
3282 1335 3315 1407 ἢ
3341 1335 3437 1390 τοῦ
3474 1336 3559 1391 ἰοῦ

1971 1426 2263 1482 κεκένωτο.
2302 1428 2365 1480 Ei
2387 1427 2444 1480 δὲ
2468 1430 2561 1481 καὶ
2583 1427 2692 1480 τῶν
2719 1428 3027 1500 δηχθέντων
3057 1430 3163 1483 τινὶ
3200 1426 3433 1503 φανερὸν
3460 1432 3562 1499 γέ-

1969 1536 2113 1574 νοιτο
2154 1519 2285 1592 περὶ
2310 1521 2409 1593 τῆς
2446 1520 2538 1574 ἐπὶ
2568 1520 2645 1592 τῷ
2671 1522 2909 1595 δήγματι
2949 1523 3151 1596 βλάϐης
3171 1564 3186 1589 ,
3217 1525 3561 1595 ἀπαλλαγείς

1968 1630 2029 1667 τε
2070 1611 2372 1667 ἐνατενίσαι
2427 1612 2751 1668 ἀποθανόντι
2789 1615 2867 1687 τῷ
2909 1615 3208 1686 βλάψαντι,
3248 1618 3282 1690 ἢ
3319 1620 3556 1691 ἐπιϐαίη

1971 1706 2191 1781 νεκροῦ,
2223 1707 2256 1780 ἢ
2287 1707 2555 1777 ἐφάψαιτο
2584 1708 2907 1780 τεθνηκότος
2941 1709 3073 1779 (38),
3109 1711 3141 1781 ἤ
3175 1709 3433 1779 γεύσαιτο
3466 1714 3566 1783 μέ-

1970 1817 2097 1874 ρους
2127 1799 2303 1865 τοῦδε,
2331 1800 2530 1869 γένοιτ’
2559 1799 2624 1854 ἂν
2653 1800 2845 1872 καὶτῷ
2870 1802 3268 1873 προπεπονθότι
3292 1803 3433 1868 ἴασις
3461 1804 3565 1860 καὶ
3630 1806 3637 1811 ’

1969 1891 2259 1965 εὐεργεσία
2287 1892 2396 1946 ἀπὸ
2430 1891 2524 1946 τοῦ
2566 1893 2624 1946 τὸ
2658 1892 2865 1963 βλάψαν
2894 1895 3230 1967 ἀνῃρηκότος
3252 1913 3264 1926 ·
3309 1897 3561 1952 τοιοῦτόν

1965 2002 2019 2038 τι
2047 1985 2111 2057 δὴ
2142 1985 2361 2057 νοητέον
2393 1984 2472 2056 τῷ
2502 1985 2716 2057 θανάτῳ
2748 1986 2856 2039 τῶν
2900 1986 3308 2041 εὐσεϐεστάτων
3345 1989 3562 2061 μαρτύ-

1970 2093 2079 2148 ρων
2100 2077 2370 2146 γίνεσθαι,
2403 2077 2612 2131 πολλῶν
2638 2079 2830 2151 ἀφάτῳ
2862 2078 2968 2133 τινὶ
2994 2079 3219 2151 δυνάμει
3240 2081 3565 2155 ὠφελουμέ-
3646 2086 3665 2109 ⁸

1966 2185 2072 2222 νων
2104 2169 2212 2223 ἀπὸ
2246 2169 2338 2223 τοῦ
2368 2169 2597 2224 θανάτου
2625 2171 2822 2225 αὐτῶν.

2038 2258 2127 2314 57.
2168 2259 2666 2332 Προσδιετρίψαμεν
2694 2261 2772 2324 δὲ,
2809 2261 2951 2334 ὑπὲρ
2984 2260 3080 2315 τοῦ
3114 2263 3174 2317 τὸ
3207 2263 3317 2335 (39)
3349 2263 3565 2335 ἐξαίρε-

1965 2369 2055 2405 τον
2087 2352 2214 2407 ἰδεῖν
2241 2352 2336 2406 τοῦ
2365 2353 2441 2416 ὡς
2463 2352 2732 2425 πρόϐατον
2769 2353 2863 2407 ἐπὶ
2890 2353 3103 2426 σφαγὴν
3140 2354 3417 2425 ἀχθέντος,
3461 2358 3565 2410 καὶ

1964 2444 2041 2509 ὡς
2074 2444 2249 2516 ἀμνοῦ
2284 2446 2514 2500 ἐνώπιον
2557 2447 2648 2501 τοῦ
2695 2447 2978 2519 κείραντος
3019 2447 3271 2517 ἀφώνου,
3315 2447 3395 2519 τῷ
3425 2451 3565 2522 περὶ

1967 2535 2077 2590 τῶν
2112 2534 2408 2607 μαρτύρων
2441 2535 2583 2608 λόγῳ
2601 2578 2615 2602 ,
2649 2537 2744 2590 καὶ
2775 2536 2852 2609 τῷ
2883 2538 3025 2609 ὑπὲρ
3070 2537 3178 2593 τῶν
3209 2538 3563 2611 τεθνηκότων

1973 2630 2063 2685 διὰ
2115 2627 2341 2701 λοιμικὰ
2391 2630 2789 2701 καταστήματα
2831 2629 3149 2702 διηγήματι.
3182 2631 3246 2684 Ei
3288 2632 3398 2703 γάρ
3422 2631 3560 2686 τάδε

1967 2724 2067 2795 μὲν
2095 2724 2201 2777 ὑπὸ
2239 2722 2504 2794 Ἑλλήνων
2534 2725 2594 2778 ού
2624 2725 2800 2797 μάτην
2827 2726 3143 2798 ἱστόρηται,
3185 2724 3255 2779 τὰ
3276 2726 3331 2780 δὲ
3364 2726 3562 2791 καλῶς

1968 2823 2097 2895 περὶ
2136 2820 2244 2874 τῶν
2297 2818 2587 2892 μαρτύρων
2634 2818 2847 2891 εἴρηται
2899 2818 3402 2891 περικαθαρμάτων
3457 2818 3562 2871 τοῦ

1966 2913 2173 2986 κόσμου
2208 2912 2506 2983 γινομένων
2534 2913 2628 2965 καὶ
2667 2910 2881 2965 πάντων
2909 2909 3198 2983 περίψημα
3240 2909 3563 2981 λεγομένων

1963 3005 2052 3060 διὰ
2078 3004 2251 3059 ταῦτα
2283 3004 2390 3058 τῶν
2418 3002 2763 3070 ἀποστόλων,
2809 3003 2862 3055 τί
2890 3002 3230 3074 ὑποληπτέον
3259 3003 3353 3057 καὶ
3386 3002 3563 3073 πηλί-

279 3091 557 3148 dicuntur.
580 3092 710 3160 quid
736 3097 792 3146 et
820 3104 1090 3161 quantum
1125 3096 1468 3151 sentiendum
1496 3104 1581 3150 est
1613 3097 1679 3149 de
1704 3094 1849 3164 Agna

2038 3118 2059 3153 ν
2088 3100 2218 3172 περὶ
2251 3098 2346 3152 τοῦ
2385 3096 2582 3169 Ἀμνοῦ
2616 3096 2709 3150 τοῦ
2740 3095 2875 3151 Θεοῦ
2896 3136 2911 3160 ,
2941 3096 3029 3150 διὰ
3070 3095 3228 3149 τοῦτο
3260 3095 3559 3166 θυομένου,

280 3183 371 3237 illo
398 3185 515 3247 Dei,
547 3186 637 3254 qui
669 3188 737 3239 ob
770 3186 910 3240 hanc
939 3202 1165 3241 causam
1202 3187 1548 3243 sacrificatur
1571 3227 1585 3252 ,
1611 3195 1669 3241 ut
1706 3185 1859 3240 tollat

242 3344 245 3347 _
278 3283 706 3344 peccatum,non
735 3277 1164 3345 paucorum,sed
1186 3279 1352 3333 totius
1375 3279 1592 3341 mundi,
1624 3293 1722 3347 pro
1750 3292 1858 3346 quo

278 3382 334 3424 et
361 3385 550 3440 passus
580 3371 697 3424 est?
734 3389 753 3422 ‹
788 3370 1046 3437 Quamvis
1082 3371 1224 3425 enim
1282 3382 1469 3442 peccet
1504 3371 1720 3441 aliquis,
1765 3373 1860 3425 ad-

279 3473 525 3517 vocatum
558 3462 819 3518 babcums
836 3464 977 3534 apud
1012 3461 1229 3516 Patrem
1258 3461 1736 3518 JesumCltristum
1764 3463 1855 3531 ju-

279 3566 458 3622 stum;
500 3554 658 3626 155
688 3565 743 3610 et
769 3556 883 3625 ipse
908 3556 1221 3626 propitiatio
1247 3566 1333 3611 est
1360 3570 1457 3626 pro
1490 3556 1728 3624 peccatis
1759 3571 1859 3608 no-

278 3649 408 3704 stris
440 3666 455 3705 :
481 3667 585 3703 non
618 3664 716 3718 pro
748 3650 946 3705 nostris
980 3659 1161 3705 autem
1189 3659 1418 3712 tantum,
1444 3648 1538 3702 sed
1564 3648 1725 3701 etiam
1760 3661 1859 3717 pro

282 3739 447 3794 totius
498 3740 680 3794 mundi
708 3738 789 3807 is;
823 3758 841 3791 ι
878 3742 1134 3810 quoniam
1171 3759 1189 3792 ι
1218 3740 1480 3794 Servatur
1503 3747 1583 3793 est
1614 3740 1855 3793 omnium

282 3831 561 3885 hominum
592 3873 606 3896 ,
637 3840 689 3884 et
718 3832 953 3886 maxime
981 3831 1218 3887 fidelium
1246 3832 1288 3864 ¹⁹
1323 3850 1337 3887 :
1375 3851 1394 3885 ι
1435 3832 1522 3900 qui
1554 3847 1653 3886 suo
1689 3832 1858 3901 ipsius

279 3922 540 3992 sanguine
578 3942 595 3973 ι
632 3923 1078 3993 chirographum,
1101 3920 1245 3993 quod
1280 3924 1543 3977 adversus
1585 3936 1684 3977 nos
1708 3930 1850 3984 erat,

279 4012 505 4075 delevit,
539 4022 595 4066 et
626 4012 755 4067 illud
784 4011 1003 4067 sustulit
1030 4027 1059 4067 e
1084 4013 1277 4080 medio,
1301 4025 1353 4071 et
1374 4014 1539 4070 aliixit
1561 4015 1705 4070 cruci
1732 4013 1799 4080 ὀ,
1830 4032 1849 4066 ι

279 4113 340 4159 ut
367 4117 435 4159 ue
463 4104 689 4174 vestigia
739 4103 962 4174 quidem
1019 4111 1367 4168 peccatorum
1421 4115 1851 4173 perpetratorum

284 4199 632 4255 inveniantur
666 4213 679 4251 :
714 4198 803 4267 qui
841 4213 859 4248 ι
894 4194 1207 4264 exspoliaus
1236 4196 1574 4265 principatus
1605 4214 1667 4251 ac
1700 4207 1855 4266 pote-

1965 3191 2049 3244 ἵνα
2083 3190 2190 3263 ἄρῃ
2220 3189 2494 3261 ἁμαρτίαν
2524 3189 2625 3242 οὐκ
2651 3186 2870 3257 ὀλίγων,
2897 3186 3013 3241 ἀλλ’
3044 3186 3168 3240 ὅλου
3195 3185 3289 3241 τοῦ
3318 3187 3557 3254 κόσμου,

1965 3282 2107 3355 ὑπὲρ
2125 3276 2186 3335 οῦ
2203 3282 2294 3336 καὶ
2306 3280 2541 3336 πέπονθε
2561 3297 2576 3347 ;
2603 3299 2621 3331 ι
2648 3279 2766 3333 Κᾶν
2787 3278 2896 3351 γάρ
2910 3296 2995 3343 τις
3014 3278 3259 3353 ἁμάρτῃ,
3272 3279 3563 3351 παράκλη-

1964 3391 2054 3429 τον
2083 3373 2279 3445 ἕχομεν
2304 3373 2439 3443 πρὸς
2458 3372 2549 3427 τὸν
2568 3371 2790 3443 Πατέρα
2829 3369 3036 3442 Ἰησοῦν
3048 3370 3281 3443 Χριστὸν
3314 3370 3553 3435 δίκαιον,

1964 3464 2060 3518 καὶ
2108 3464 2269 3527 αὐτὸς
2305 3462 2528 3535 ἱλασμός
2562 3463 2677 3516 ἐστι
2729 3461 2856 3533 περὶ
2896 3460 3004 3515 τῶν
3037 3459 3322 3532 ἁμαρτιῶν
3352 3462 3513 3533 ἡμῶν
3535 3478 3557 3493 ⁵

1961 3555 2062 3609 οὐκ
2089 3555 2183 3608 ἐπὶ
2212 3553 2319 3608 τῶν
2352 3554 2635 3625 ἡμετέρων
2662 3551 2720 3606 δὲ
2750 3553 2928 3624 μόνον,
2967 3553 3102 3607 ἀλλά
3137 3552 3230 3605 καὶ
3256 3551 3387 3624 περ)⁸
3426 3552 3557 3606 ὅλου

1959 3644 2055 3698 τοῦ
2091 3645 2328 3717 κόσμου·
2362 3664 2380 3697 ι
2416 3644 2538 3698 ἐπεὶ
2570 3663 2589 3695 ι
2625 3644 2817 3716 Σωτήρ
2846 3644 2961 3697 ἐστι
2986 3646 3202 3698 πάντων
3217 3643 3552 3716 ἀνθρώπων,

1962 3736 2056 3789 καὶ
2091 3736 2327 3808 μάλιστα
2357 3734 2593 3790 πιστῶν·
2626 3736 2654 3788 ό
2688 3734 2975 3805 ἐξαλείψας
3010 3736 3072 3789 τὸ
3100 3735 3222 3789 καθ’
3248 3735 3405 3807 ἡμῶν
3433 3754 3553 3807 χει-

1962 3832 2236 3902 ρόγραφον
2263 3851 2280 3882 ι
2318 3830 2396 3901 τῷ
2430 3830 2623 3884 ἑαυτοῦ
2677 3829 2909 3901 αἵματι,
2950 3847 2968 3880 ι
3000 3829 3095 3883 καὶ
3141 3828 3282 3901 ἄρας
3310 3828 3446 3883 αὐτὸ
3485 3831 3555 3883 ἐκ

1957 3921 2050 3975 τοῦ
2096 3922 2262 3992 μέσου
2283 3960 2298 3987 ,
2342 3941 2360 3974 ι
2382 3921 2470 3976 ἴνα
2500 3920 2633 3993 μηδὲ
2664 3919 2784 3993 ίχνη
2815 3920 2918 3975 κᾶν
2951 3921 3400 3993 ἀπαληλιμμέγον
3436 3921 3555 3976 τῶν

1960 4015 2370 4086 ἁμαρτημάτων
2418 4014 2775 4086 εὑρίσκηται,
2831 4032 2849 4066 ‹
2892 4016 2985 4068 καὶ
3036 4014 3397 4087 προσηλώσας
3468 4015 3553 4085 τῷ

1961 4105 2181 4179 σταυρῷ
2201 4125 2214 4138 ·
2250 4126 2268 4158 ι
2296 4137 2365 4145 -
2388 4106 2446 4171 ὃς
2472 4107 2919 4178 ἀπεκδυσάμενος
2947 4108 3043 4171 τὰς
3080 4108 3256 4182 ἀρχὰς
3280 4147 3295 4171 ,
3329 4109 3423 4162 καὶ
3447 4109 3552 4171 τὰς

1962 4199 2210 4266 ἐξουσίας
2240 4199 2617 4271 ἐδειγμάτισεν
2659 4200 2717 4252 ἐν
2754 4202 2819 4270 τῇ
2857 4200 3136 4272 παρρησίᾳ
3167 4199 3549 4271 θριαμϐεύσας

383 4365 426 4396 ¹⁶
457 4363 557 4417 lsa.
586 4377 637 4424 ι,
666 4372 746 4419 ιιι,
782 4358 832 4410 7.
909 4354 951 4385 "
977 4353 998 4406 Ι
1024 4350 1148 4407 Cor.
1182 4366 1252 4416 tv,
1285 4349 1371 4405 15.
1451 4350 1492 4379 ¹⁸
1515 4356 1536 4401 I
1558 4352 1712 4403 Joau.
1754 4365 1815 4415 ιι,
1844 4373 1849 4383 ε

2056 4351 2098 4384 ¹⁹
2129 4349 2148 4403 l
2179 4348 2317 4404 Tim.
2348 4364 2420 4413 tv,
2461 4347 2547 4403 10.
2623 4346 2670 4379 ¹⁰
2704 4344 2881 4400 Colos.
2916 4360 2976 4411 tt,
3006 4345 3089 4398 H.

350 4469 464 4540 (37)
518 4468 873 4540 Ἐφόρτιζον.
908 4468 1000 4524 Sic
1027 4468 1197 4523 codex
1229 4467 1592 4528 Bodleianus;
1625 4466 1845 4537 Regius,

2038 4483 2089 4540 ιι
2127 4464 2675 4540 Μεμαρτύρηταιῌδέ-
2699 4464 2792 4518 καὶ
2842 4463 2994 4540 παρά
3025 4466 3135 4540 τοῖς
3174 4463 3404 4540 ἔθνεσιν,
3454 4466 3544 4540 ὄζει

279 4540 563 4597 ἐφοίτιζον.

311 4540 1229 4682 φῖζὲὂζῗέφὰψαιτο-τεθξηκότος.
1252 4606 1324 4659 Ita
1347 4605 1469 4660 cod.
1489 4602 1845 4671 Bodleiauus;

282 4677 505 4751 Regius,
530 4677 733 4751 ἐῴάψαι
761 4679 856 4751 τοῦ
888 4677 1231 4751 τεθνηκότος..

353 4744 467 4823 (39)
507 4744 1344 4823 Upogdtetplwm_§é,_uxép
1368 4744 1484 4823 tofi
1507 4747 1599 4810 τό,
1628 4755 1733 4800 etc.
1768 4745 1847 4823 Ex

285 4817 373 4878 his
409 4817 595 4876 verbis
620 4817 1001 4874 Tillemoutius
1026 4818 1230 4882 aliquid
1264 4832 1424 4886 supra
1454 4817 1646 4871 deesse
1672 4820 1847 4883 suspi-

285 4905 461 4956 catur,
494 4891 584 4944 ubi
632 4900 746 4943 tum
790 4892 857 4943 de
886 4889 1236 4959 martyribus,
1266 4901 1375 4941 tuttt
1410 4887 1478 4941 de
1508 4895 1658 4956 peste
1706 4902 1845 4954 qua-

285 4966 407 5017 tlam
459 4976 580 5031 quae
634 4959 820 5013 ttttllibi
865 4960 1199 5031 inubistoria
1243 4959 1541 5031 reperitur,
1597 4971 1845 5031 qumque,

291 5027 493 5103 inquit,
523 5032 665 5103 circa
696 5045 897 5103 annum
919 5027 1027 5082 2'52
1058 5029 1301 5103 for_t_assis
1330 5039 1571 5103 grassata
1599 5037 1699 5103 est,
1728 5027 1850 5081 Ori-

286 5098 452 5175 genes
485 5102 650 5175 multa
678 5099 1098 5175 verbafecerat.
1134 5099 1329 5175 Verum
1368 5100 1568 5175 idnuon
1586 5098 1719 5153 satis
1758 5113 1848 5175 as-

287 5169 507 5242 sequar,
543 5173 686 5225 unde
719 5169 991 5242 conjicere
1023 5170 1260 5242 potuerit
1300 5170 1696 5242 eruditissimus
1743 5170 1846 5242 vir.

291 5240 588 5313 Utrumque
653 5241 800 5313 enim
845 5240 931 5313 hic
983 5240 1298 5313 exsequitur
1345 5240 1739 5313 Origenes,_get
1772 5240 1849 5313 de

291 5309 639 5386 martyribus,
670 5321 725 5386 et
767 5311 833 5363 de
879 5310 944 5363 iis
982 5312 1086 5386 qui
1108 5312 1384 5386 perierunt
1412 5309 1483 5386 ob
1509 5309 1849 5386 pestilentia-

291 5401 407 5438 rum
432 5377 863 5440 constitutiones
911 5381 1159 5448 superius
1206 5383 1366 5434 verba
1417 5377 1663 5448 faciens,
1700 5377 1851 5432 Unde

292 5456 512 5510 minime
538 5456 886 5509 detruncatus
915 5447 1185 5519 putandus
1214 5462 1297 5504 est
1329 5449 1416 5503 ille
1446 5449 1613 5519 locus.
1650 5447 1852 5501 Deinde

289 5537 419 5577 vero
452 5525 539 5578 hic
577 5539 686 5579 non
729 5518 1000 5591 agitttr’de
1030 5521 1095 5573 iis
1126 5521 1215 5591 qui
1248 5534 1382 5573 nova
1430 5518 1659 5591 quadam
1701 5528 1853 5591 peste

292 5595 597 5662 consumpti
628 5586 909 5663 perierint,
937 5591 1031 5643 sed
1057 5593 1124 5644 de
1144 5586 1229 5663 iis,
1252 5591 1344 5658 qtti
1376 5587 1677 5654 antiquitus
1705 5586 1849 5655 apud

296 5663 545 5728 gentiles,
589 5662 710 5716 cum
748 5662 1058 5730 pestilentes
1103 5662 1271 5713 morbi
1317 5668 1733 5730 grassarentur,
1766 5670 1855 5730 se:

298 5725 442 5796 ipsos
493 5732 544 5781 itt
596 5725 843 5785 victimas
903 5744 1001 5798 pro
1055 5730 1228 5798 patria
1286 5725 1645 5798 tradiderunt.
1673 5725 1851 5798 _Quod

297 5794 575 5852 estdenter
618 5799 785 5865 liquet
824 5794 987 5856 ex'eo
1019 5794 1164 5867 quod
1205 5812 1369 5862 supra
1408 5806 1485 5849 att
1515 5796 1629 5860 ipse
1662 5794 1849 5860 Orige-

1955 4537 2139 4591 πολλοί
2170 4534 2334 4599 τινες,
2365 4534 2629 4606 λοιμικῶν
2661 4534 3046 4606 ἐνσκηψάντων
3077 4537 3135 4588 ἐν
3166 4536 3544 4606 ταίςῗέαυτῶν

1956 4606 2183 4679 πατρίσι
2208 4604 2552 4679 νοσημάτων,
2579 4604 3203 4679 ἑαυτοὺςσφάγιαῌύπὲρ
3218 4605 3326 4679 τοῦ
3353 4607 3542 4661 κοινοῦ

1955 4673 2389 4751 παραδεδῴκασὶμ.
2424 4676 2534 4729 Καὶ
2572 4676 2941 4751 παραδέχεται
2973 4673 3126 4751 ταῦθ’
3166 4673 3330 4751 ςοῦτω
3375 4693 3543 4751 γεγρ-

1953 4746 2123 4812 νένάι,
2156 4746 2256 4801 οὐκ
2282 4747 2492 4818 ἀλόγως
2525 4746 2820 4818 πιστεύσας
2852 4748 2979 4818 ταῖς
3005 4746 3318 4818 ἱστορίαιςό
3345 4749 3540 4818 πιστὸς

1953 4820 2218 4891 Κλήμης,
2270 4815 2376 4870 ὑπὸ
2428 4816 2641 4891 Παύλου
2708 4815 3171 4891 μαρτυρούμενος.
3223 4836 3242 4869 ι
3282 4816 3535 4891 Relatum

1952 4888 2134 4945 autem
2161 4902 2226 4941 ac
2258 4896 2518 4942 testatum
2554 4890 2715 4940 etiam
2744 4888 2884 4955 apud
2916 4889 3142 4957 gentiles
3166 4898 3269 4949 est,
3304 4888 3533 4952 multus.

1951 4976 2071 5013 eum
2111 4957 2425 5027 pestilentes
2460 4957 2631 5011 morbi
2664 4968 3069 5027 grassarentur,
3104 4958 3315 5026 seipsos
3363 4958 3415 5011 itt
3454 4961 3535 5010 vi-

1952 5032 2146 5084 ctimas
2183 5042 2280 5098 pro
2327 5029 2503 5098 patria
2558 5028 2863 5098 tradidisse.
2894 5028 3075 5095 Atque
3124 5027 3241 5081 haac
3288 5028 3360 5081 ita
3395 5043 3533 5082 eve-

1953 5102 2098 5155 uisse
2150 5097 2405 5161 admittit,
2455 5112 2562 5151 non
2617 5097 2735 5152 sine
2770 5113 2935 5151 causa
2996 5098 3240 5153 historiis
3296 5098 3532 5151 credens

1950 5172 2201 5224 Clemens
2240 5168 2330 5221 ille
2364 5168 2570 5231 ﬁdelis,
2623 5169 2709 5221 cui
2767 5169 3138 5223 testimonium
3191 5167 3453 5222 tribuitur
3500 5185 3534 5224 a

1954 5241 2139 5294 Paulo.
2169 5260 2187 5290 ι
2243 5239 2453 5294 Similia
2492 5238 2697 5309 profert
2734 5238 2787 5290 itt
2844 5238 3033 5292 iisdem
3081 5238 3532 5309 Commentariis,

1952 5323 2085 5364 tum.
2140 5325 2336 5371 xxvm,
2380 5308 2529 5362 num.
2579 5309 2667 5368 15,
2701 5317 2756 5362 et
2798 5309 2894 5371 lib,
2923 5322 2975 5361 tv
3008 5309 3062 5360 in
3116 5308 3404 5375 Epistolam
3461 5309 3534 5363 nd

1953 5381 2234 5445 Romanos,
2262 5395 2380 5447 cap.
2406 5379 2458 5443 5,
2481 5395 2629 5432 ιιιιιιι.
2651 5378 2714 5443 ιίς
2741 5377 3008 5446 atqnelib.
3037 5389 3256 5432 tcoutra
3286 5376 3529 5444 Celsum,

1953 5467 2103 5506 num.
2121 5451 2186 5505 5i
2200 5492 2213 5505 .
2234 5449 2374 5504 Nihil
2398 5464 2563 5518 porro
2587 5450 2768 5503 notius
2784 5451 2849 5502 its
2865 5464 2984 5516 quae
3009 5449 3321 5504 referuntur
3334 5450 3401 5503 de
3420 5449 3531 5501 Mc-

1954 5535 2168 5586 uaaceo,
2225 5520 2427 5580 Codro,
2463 5518 2725 5577 Macaria.
2777 5519 3099 5584 Protogeuia
3148 5528 3206 5573 et
3252 5519 3523 5582 Pandora,

1955 5591 2212 5645 Philaenis
2238 5590 2521 5649 fratribus,
2549 5588 2639 5642 Lei
2677 5588 2912 5652 filiabus,
2937 5588 3149 5652 Curtio,
3182 5588 3358 5643 Deciis
3377 5589 3525 5642 aliis-

1959 5674 2082 5728 que,
2105 5662 2197 5728 qui
2230 5675 2291 5715 se
2319 5662 2462 5716 ultro
2496 5658 2654 5715 morti
2689 5674 2788 5728 pro
2818 5661 3090 5715 communi
3124 5661 3325 5715 civium
3353 5662 3526 5714 salute

1957 5731 2290 5786 obtulerunt.
