3766 6142
173 334 258 389 297
1240 319 1592 378 COMMENT.
1629 311 1698 373 IN
1738 317 1928 374 JOAN.
1964 317 2202 373 TOMUS
2241 314 2328 371 V'l.
3285 311 3394 366 298

181 455 228 507 ὲν
252 448 320 520 τῷ
348 446 498 517 Ξύλῳ.
527 464 545 496 ι
592 445 706 498 Καὶ
755 443 977 521 θαρρεῖν
1014 440 1145 510 γοῦν
1198 439 1503 511 θλιϐόμενοι
1544 439 1603 491 ὲν
1644 436 1724 508 τῷ

1941 452 1997 491 es
2028 436 2324 490 ostentavit
2356 434 2529 503 palam
2582 432 2925 502 triumphans
2969 431 3021 484 in
3053 430 3200 503 ligno
3248 432 3317 486 ²¹.
3371 450 3392 483 ι

363 507 760 607 διδασκόμεθα,
915 507 1095 586 ἀἰτίαν
1121 531 1215 585 τοῦ
1246 507 1467 604 θαρρεῖν
1508 507 1716 602 μανθάέ

1946 545 2013 585 ue
2042 527 2224 582 amicti
2259 528 2312 582 in
2341 526 2545 582 mundo
2597 526 2857 581 docemur
2888 507 3199 588 confidere:
3227 525 3402 579 conﬂ-

179 647 337 694 νοντες
374 627 574 699 ταύτην
601 620 743 681 εἷναι
794 626 857 679 τὸ
893 624 1205 697 νενικῆσθαι
1242 624 1333 679 τὸν
1372 625 1594 695 κόσμον,
1631 624 1724 677 καὶ

1941 621 1986 675 di
2037 635 2256 677 causam
2308 620 2449 675 hanc
2498 633 2620 674 esse
2669 616 2846 674 edocti
2892 617 3017 686 quia
3067 617 3297 671 mundus
3327 615 3400 671 sit

177 721 389 796 δηλονότι
421 718 785 791 ὑποτετάχθαι
810 717 889 789 τῷ
916 723 1199 789 νικήσαντι
1221 717 1402 771 αὐτόν.
1439 716 1538 772 Διά
1567 716 1727 770 τοῦτο

1941 732 2047 779 us,
2100 729 2261 782 quem
2312 711 2660 782 perspicuum
2722 719 2806 765 est
2846 710 3038 765 victori
3090 708 3394 774 subiectum

180 817 333 869 πάντα
359 812 437 877 τὰς
464 812 592 883 ἔθνη
614 855 629 875 ,
684 810 945 866 ἀνεθέντα
992 810 1101 865 ἀπὸ
1157 810 1267 864 τῶν
1309 810 1574 883 πρότερον
1609 812 1727 864 ἐπι-

1941 819 2021 861 se.
2061 804 2217 860 Unde
2245 804 2409 859 etiam
2440 815 2630 857 omnes
2655 810 2865 870 gentes,
2905 800 3165 855 absolutas
3204 801 3274 855 ab
3312 800 3400 855 his

177 907 492 981 κρατούντων
524 904 865 960 δουλεύουσιν
906 903 1083 976 αὐτῷ,
1123 922 1143 955 ι
1174 904 1255 957 ὅτι
1288 903 1555 976 ἐρρύσατο
1584 920 1728 956 πτω-

1974 909 2098 953 ante
2130 897 2567 969 prmvalueraut,
2607 895 2854 950 serviunt
2897 895 3022 964 ipsi,
3062 910 3082 944 ι
3138 892 3399 963 quoniam

178 1001 256 1073 χδν
281 1002 338 1054 ὲκ
360 986 620 1054 δυνάστου
650 1018 669 1051 ι
696 997 784 1052 διὰ
808 995 903 1051 τοῦ
936 993 1067 1050 ἰδίου
1097 994 1326 1060 πάθους,
1360 1016 1377 1047 ι
1402 996 1495 1049 καὶ
1523 994 1728 1066 πένητα

1942 993 2084 1047 ravit
2112 992 2421 1047 mendicum
2447 1006 2475 1043 a
2507 997 2749 1061 potente,
2790 1006 2809 1040 ι
2847 1001 2945 1058 per
2981 986 3254 1056 propriam
3277 998 3403 1053 pas-

175 1086 214 1161 ᾧ
235 1092 323 1163 οὐχ
338 1091 562 1164 ,ὑπῆρχε
590 1089 784 1161 βοηθός
811 1087 946 1160 (40).
979 1108 997 1140 ι
1039 1080 1207 1152 Οὗτος
1242 1087 1306 1159 δὴ
1332 1089 1360 1141 ὁ
1390 1086 1602 1157 Σωτὴρ,
1633 1103 1729 1138 τα-

1941 1099 2060 1147 ιειιι,
2085 1100 2104 1134 ι
2139 1092 2193 1137 et
2226 1095 2539 1150 pauperem.
2573 1078 2664 1133 cui
2699 1077 2875 1132 nullus
2904 1084 3027 1130 erat
3052 1073 3267 1140 adjutor
3281 1073 3350 1126 ’³.
3377 1091 3398 1125 ι

177 1185 420 1249 πεινώσας
462 1184 827 1255 συκοφάντην,
873 1181 960 1235 διὰ
995 1180 1089 1234 τοῦ
1117 1178 1306 1235 ἑαυτὸν
1331 1177 1729 1233 τεταπεινωκέο

1973 1175 2139 1244 igitur
2165 1175 2422 1230 Servator
2444 1217 2459 1237 ,
2509 1171 2795 1227 humiliato
2818 1168 3210 1224 calumniatore
3233 1167 3279 1199 ²³
3313 1165 3404 1237 (eo

1832 1262 1977 1332 quod
2023 1264 2263 1332 seipsum
2304 1258 2715 1330 bumiliaverit).
2757 1273 2880 1314 cum
2910 1255 3232 1323 intelligibili
3275 1254 3407 1311 Sole

1832 1366 2146 1426 permanet,
2175 1371 2358 1410 coram
2399 1356 2828 1424 splendidissima
2864 1352 3102 1408 Ecclesia
3129 1351 3409 1425 (quaetro-

1832 1446 1951 1517 pice
1984 1447 2112 1499 luna
2144 1442 2365 1515 dicitur)
2396 1459 2424 1497 a
2472 1443 2824 1514 generatione
2868 1441 2922 1496 in
2969 1441 3405 1512 generationem.

173 1532 254 1609 τού
283 1532 493 1618 πάθους
529 1554 657 1617 τοὺς
699 1552 990 1623 πολεμίους
1040 1553 1070 1603 ὁ
1121 1552 1179 1603 ὲν
1236 1547 1457 1618 πολέμῳ
1508 1542 1731 1607 δυνατὸς

1941 1552 2047 1592 :um
2078 1537 2261 1592 hostes
2294 1549 2391 1604 per
2427 1537 2733 1604 passionem
2763 1532 3077 1589 sustulisset
3112 1542 3306 1603 potens
3350 1539 3408 1587 et

174 1650 254 1703 καὶ
283 1646 539 1719 κραταιὸς
584 1644 810 1717 Κύριος,
846 1641 1143 1715 καθαρσίου
1189 1642 1440 1711 δεόμενος
1486 1637 1579 1691 τοῦ
1625 1635 1733 1690 ἀπὸ

1941 1632 1994 1688 is
2027 1632 2078 1686 in
2123 1632 2267 1687 bello
2297 1631 2557 1684 Dominus
2582 1629 2647 1694 ",
2680 1628 2871 1699 poculo
2907 1627 3283 1699 puriﬁcatorio
3319 1626 3410 1679 in-

179 1717 441 1812 μόνουτοῦ
474 1740 697 1811 Πατρὸς
735 1737 882 1809 αὑτῷ
927 1736 1146 1806 δοθῆναι
1177 1734 1270 1787 ἐπὶ
1302 1732 1412 1795 τοῖς
1457 1730 1730 1801 ἀνδραγα-

1941 1740 2029 1779 ens
2058 1724 2224 1794 (quod
2257 1739 2284 1776 a
2318 1722 2435 1778 solo
2465 1721 2630 1777 Patre
2657 1720 2728 1777 ob
2775 1729 2926 1776 recte
2972 1720 3119 1775 facta
3153 1720 3268 1773 dari
3302 1717 3406 1773 sibi

178 1803 364 1904 θήμασι
395 1803 702 1902 δυναμένου
728 1872 743 1893 ,
794 1803 993 1883 κωλύει
1035 1803 1195 1880 αὐτὸν
1226 1823 1464 1895 ἅψασθαι
1489 1823 1588 1894 τὴν
1617 1824 1737 1877 Μα-

1941 1814 2080 1888 est),
2137 1814 2390 1886 prohibet
2422 1812 2646 1867 Mariam
2700 1812 2940 1884 seipsum
2995 1820 3260 1880 tangere,
3319 1810 3410 1864 di-

176 1899 302 1998 ρίαν,
323 1924 500 1994 λέγων
520 1899 587 1974 (ι
618 1924 709 1994 Μή
748 1940 847 1993 μου
877 1921 1071 1983 ἆπτου,
1098 1918 1250 1972 οὔπω
1280 1916 1389 1988 γὰρ
1423 1915 1737 1986 ἀναϐέϐηκα

1945 1926 1971 1966 s
1998 1910 2044 1942 "
2076 1924 2093 1962 :
2131 1926 2149 1960 ι
2209 1906 2287 1960 Ne
2323 1920 2408 1960 me
2449 1913 2645 1973 tangas
2668 1942 2686 1971 ,
2724 1904 2962 1959 nondum
2998 1904 3142 1958 enim
3183 1899 3410 1957 ascendi

322 2016 409 2070 τὸν
434 2016 665 2088 Πατέρα
681 1993 705 2045 ’ν
724 2014 861 2069 ἀλλά
890 2013 1146 2085 πορεύου,
1176 2011 1269 2064 καλ¹
1295 2008 1416 2062 εἰπὲ
1441 2011 1555 2072 τοῖς
1578 2006 1736 2061 ἀδελ-

1941 2001 2153 2056 Patrem
2189 2014 2367 2054 meum
2394 2014 2408 2063 ;
2439 2001 2536 2052 sed
2566 1997 2722 2062 vade,
2752 2005 2807 2051 et
2832 1996 2921 2051 dic
2951 1995 3212 2050 fratribus
3236 1993 3411 2049 meis:

172 2085 276 2177 ςοῖς
308 2127 405 2180 μου
426 2127 440 2139 ·
473 2085 791 2182 Πορεύομαι
824 2107 961 2178 πρὸς
989 2105 1081 2159 τὸν
1109 2102 1330 2175 Πατέρα
1360 2120 1482 2173 μου,
1512 2101 1606 2154 καὶ
1628 2101 1737 2155 Πα-

1941 2093 1993 2148 Ιο
2010 2093 2076 2147 ad
2095 2091 2313 2146 Patrem
2335 2104 2536 2152 meum,
2556 2096 2612 2142 et
2634 2087 2850 2141 Patrem
2875 2096 3138 2151 vestrum,
3166 2094 3221 2140 et
3241 2085 3410 2140 Deum

169 2175 288 2279 τέρα
308 2175 496 2276 ύμῶν,
525 2175 620 2257 καὶ
655 2175 789 2254 Θεόν
810 2175 932 2272 μου,
964 2199 1057 2253 καὶ
1085 2196 1218 2251 Θεὸν
1246 2195 1420 2266 ὑμῶν.
1452 2215 1470 2246 ι
1503 2195 1633 2248 Ὅτε
1681 2195 1737 2248 δὲ

1941 2195 2020 2235 um
2049 2223 2066 2249 ,
2095 2190 2150 2236 et
2183 2180 2351 2234 Deum
2383 2187 2647 2233 vestrum.
2697 2198 2717 2229 ι
2752 2175 3019 2231 Caeterum
3066 2190 3190 2231 cum
3238 2178 3417 2245 pergit

172 2268 444 2369 πορεύεται
497 2268 823 2366 νικηφόρος-
849 2291 944 2345 καὶ
995 2289 1391 2361 τροπαιοφόρος
1452 2286 1589 2358 μετὰ
1627 2284 1736 2356 (41)

1941 2273 2091 2328 Loriis
2142 2270 2469 2340 tropaeisque
2517 2277 2745 2323 onustus
2769 2310 2785 2332 .
2820 2283 2969 2323 .cum
3004 2281 3235 2336 corpore
3263 2268 3411 2336 quod

178 2342 443 2369 '"I'"""'
506 2342 790 2366 ""‘tr'r'w
854 2342 941 2345 "“’
1012 2342 1081 2361 ίαν
1242 2342 1252 2358 ι
1300 2342 1311 2359 ι
1372 2342 1389 2351 υ
1452 2342 1464 2358 ι
1631 2342 1642 2354 \
1717 2342 1730 2356 Ι

169 2388 254 2444 τοῦ
302 2389 364 2442 ὲκ
407 2385 625 2459 νεκρῶν
660 2385 987 2448 ἀναστάντος
1034 2381 1304 2453 σώματος,
1339 2379 1479 2451 (πῶς
1509 2378 1616 2451 γὰρ
1647 2378 1737 2432 άλ-

1941 2364 2168 2419 mortuis
2198 2371 2602 2427 resurrexerat,
2629 2361 2924 2430 (quomodo
2950 2359 3093 2416 enim
3123 2359 3283 2414 aliter
3332 2359 3417 2413 in-
3502 2342 3505 2345 Δ

415 2440 563 2535 νοεῖν
599 2477 693 2541 τὸ,
735 2494 753 2528 ι
787 2440 1299 2543 Οὔπω-ἀναϐέϐηκα
1332 2440 1473 2544 πρὸς
1630 2471 1737 2524 Πα·

1943 2459 2090 2527 igere
2130 2463 2347 2525 oportet
2378 2454 2509 2509 illud
2539 2440 2562 2509 ;Δ
2591 2473 2610 2506 ι
2651 2454 2901 2511 Nondum
2938 2453 3154 2507 ascendi
3208 2453 3274 2506 ad
3311 2451 3418 2507 Pa-

174 2574 293 2647 τέρα
324 2572 606 2646 μου;»κα“ι
647 2570 707 2623 τὸ
731 2591 778 2634 ,ι
799 2567 1108 2641 Πορεύομαι
1141 2565 1198 2619 δὲ
1237 2564 1373 2636 πρὸς
1402 2563 1494 2627 τὴν
1521 2562 1737 2647 Πατέρα

1941 2564 1982 2602 m
2036 2548 2273 2603 meum?
2339 2567 2357 2600 ι
2417 2556 2473 2601 et
2539 2546 2670 2601 illud
2728 2560 2745 2605 :

176 1297 280 1343 ναι,
313 1275 733 1349 συμπαραμένει
770 1271 850 1345 τῷ
894 1273 1072 1344 νοητῷ
1103 1273 1239 1345 ἡλίῳ
1290 1272 1397 1345 πρὸ
1437 1271 1535 1342 τῆς
1585 1269 1728 1339 λαμ-

175 1372 423 1444 προτάτης
460 1369 791 1440 Ἐκκλησίας
814 1408 829 1432 ,
869 1363 1274 1440 τροπικὼτερον
1307 1363 1543 1434 Σελήνης
1574 1361 1729 1429 λεγο-

176 1466 325 1534 μένης
348 1501 362 1525 ,
417 1460 706 1532 τυγχάνων
756 1458 959 1528 γενεῶν
1015 1460 1248 1528 γενεαῖς.
1294 1452 1520 1508 Ἀνελὼν
1559 1452 1615 1506 δὲ
1643 1452 1731 1505 διὰ

2805 2564 2825 2598 ι
2880 2545 3032 2601 Vado
3082 2543 3148 2598 ad
3197 2543 3415 2599 Patrem

179 2643 303 2736 pou;
397 2663 520 2717 τότε
547 2661 646 2732 μὲν
665 2676 810 2723 τινες
844 2657 1063 2726 λέγουσι
1092 2653 1351 2724 δυνάμεις
1370 2667 1383 2681 ο
1415 2669 1434 2701 ι
1464 2650 1560 2713 Τίς
1583 2643 1740 2712 οὗτος

173 2761 200 2811 ὁ
238 2756 678 2829 παραγενόμενος
725 2748 1049 2820 ὲξκἚδὼμ,
1094 2744 1347 2818 ἐρύθημα
1393 2742 1623 2814 ἱματίων
1676 2745 1741 2795 ὲκ

174 2851 347 2923 Βοσὼρ
369 2890 385 2915 ,
453 2847 634 2910 οὕτως
681 2845 878 2914 ὡραῖος
922 2841 1034 2915 (42)
1060 2857 1074 2906 ;
1106 2859 1125 2890 ι
1157 2840 1205 2892 οἱ
1237 2839 1293 2892 δὲ
1326 2837 1743 2909 προπέμποντες

174 2940 322 2997 αὐτὸν
344 2941 453 3003 τοῖς
480 2938 579 2992 ἐπὶ
606 2936 714 2990 τῶν
740 2930 1006 3006 οὐρανίων
1030 2928 1212 2982 πυλῶν
1234 2926 1588 2997 τεταγμένοις
1612 2925 1744 2995 φασὶ

174 3034 256 3087 τύ·
297 3053 314 3085 ι
343 3032 553 3104 Ἀρατε
587 3027 781 3091 πύλας,
832 3026 880 3079 οἱ
926 3024 1204 3095 ἄρχοντες,
1238 3019 1411 3090 ὑμῶν,
1445 3017 1538 3072 καὶ
1575 3017 1745 3089 ὲπάρ-

174 3123 310 3194 θητε,
352 3120 518 3175 πύλαι
560 3118 790 3179 αἰώνιοι,
852 3117 948 3168 καὶ
990 3110 1358 3165 εἰσελεύσεται
1407 3109 1435 3172 ὁ
1493 3107 1745 3178 βασιλεὺς

1844 2640 2066 2696 meum?
2104 2638 2152 2714 ι)
2188 2654 2330 2694 nunc
2380 2639 2579 2708 aliqua:
2628 2636 2845 2708 quidem
2893 2636 3150 2707 potentias
3178 2634 3364 2690 dicunt
3398 2650 3415 2689 :

1850 2749 1870 2782 ι
1903 2729 2039 2797 Quis
2070 2738 2155 2783 est
2202 2727 2305 2783 iste
2334 2728 2424 2796 qui
2460 2727 2675 2782 accedit
2706 2741 2772 2782 ex
2804 2726 2999 2791 Edom,
3050 2724 3213 2778 rubra
3249 2724 3420 2778 vesti-

1847 2829 2030 2874 menta
2074 2817 2280 2872 habens
2317 2831 2382 2871 ex
2414 2815 2606 2880 Bosor,
2664 2817 2800 2869 adeo
2832 2813 3110 2883 speciosus
3133 2812 3179 2843 ¹⁶
3208 2810 3231 2863 ‘i
3267 2829 3287 2862 ι
3315 2809 3418 2877 Qui

1846 2927 1975 2968 vero
2008 2912 2272 2981 praeibam
2303 2910 2476 2975 illum,
2512 2910 2618 2962 illis
2650 2907 2743 2977 qui
2773 2905 3015 2976 prmfecti
3059 2909 3216 2958 erant
3249 2911 3422 2970 portis

1848 3004 2165 3063 ccelestibus
2221 3003 2476 3073 inquiunt
2510 3019 2524 3056 :
2568 3019 2588 3053 ι
2623 2999 2821 3054 Tollite
2847 3007 3030 3067 portas
3057 3036 3072 3060 ,
3126 2993 3419 3064 principes.

1848 3110 2080 3165 vestras,
2108 3109 2162 3154 et
2199 3098 2509 3164 clevamini,
2538 3105 2709 3165 portae
2741 3092 3047 3161 aaternaks.
3089 3098 3145 3144 et
3177 3088 3425 3143 introibit

173 3177 261 3285 της
289 3177 465 3285 δόξης.
505 3232 525 3264 ι
566 3211 688 3263 Ἔτι
722 3177 785 3260 δὲν
818 3203 1202 3264 πυνθάνονται,
1229 3200 1412 3263 οἱονεὶ,
1458 3177 1506 3251 εί
1535 3197 1613 3251 δεῖ
1654 3195 1737 3249 οὓ-

1941 3212 1945 3247 ;
1978 3193 2162 3263 gloria:
2191 3192 2260 3246 ³⁷.
2293 3210 2311 3242 ι
2348 3189 2643 3259 Propterea
2675 3198 2804 3240 vero
2845 3182 3226 3251 interrogant,
3255 3177 3420 3233 veluti

172 3282 270 3370 τως
306 3282 501 3365 εἰπεῖν,
557 3297 886 3371 ᾑμαγμένην
934 3292 1046 3364 (45)
1096 3288 1261 3343 αὑτοῦ
1312 3286 1600 3357 βλέποντες
1645 3282 1745 3353 τὴν

174 3395 361 3459 δεξιὰν,
411 3392 512 3447 καὶ
559 3389 680 3443 ὅλον
711 3381 1141 3457 πεπληρωμένον
1179 3378 1290 3431 τῶν
1327 3376 1435 3430 ἀπὸ
1472 3375 1573 3444 τῆς
1626 3375 1747 3443 ἀρι-

174 3489 341 3552 στείας
361 3487 543 3558 ἔργων
564 3500 578 3514 ο
617 3501 634 3533 ι
663 3481 761 3534 Διά
777 3478 829 3532 τί
860 3494 954 3531 σου
978 3473 1184 3548 ἐρυθρά
1211 3471 1279 3525 τὰ
1307 3471 1517 3542 ἱμάτια,
1553 3468 1647 3521 καὶ
1678 3464 1748 3517 τὰ

174 3579 432 3651 ἐνδύματά
464 3593 564 3630 σου
598 3574 675 3637 ὡς
714 3568 1054 3639 ἀποπάτημα
1089 3565 1251 3635 ληνοῦ
1284 3562 1524 3634 πλήρους
1578 3574 1747 3612 κατα-

175 3671 596 3743 πεπατημένηςς
623 3686 642 3717 ι
684 3666 770 3719 ὅτε
813 3663 905 3716 καὶ
940 3658 1332 3731 ἀποκρίνεται·
1375 3674 1391 3704 ι
1423 3650 1748 3707 Κατέθλασα

174 3764 381 3830 αὐτούς.
413 3783 433 3813 ι
473 3758 723 3829 Ἀληθῶς
751 3757 859 3829 γάρ
886 3753 977 3808 ἐπὶ
1000 3751 1212 3813 τούτοις
1233 3747 1479 3819 δεδέηται
1501 3743 1595 3797 τοῦ
1623 3742 1749 3794 πλῦ-

174 3874 255 3912 ναι
291 3875 310 3909 ι
337 3859 394 3909 ὲν
418 3856 556 3925 οἴνῳ
589 3851 688 3922 τὴν
723 3848 909 3919 στολὴν
938 3844 1125 3902 αὑτοῦ.
1168 3843 1261 3896 καὶ
1301 3843 1358 3894 ἐν
1397 3839 1587 3909 αἵματι
1617 3854 1746 3888 στα-

175 3950 335 4022 φυλῆς
368 3950 470 4020 τὴν
521 3943 816 4016 περιϐολὴν
875 3938 1061 3994 αὑτοῦ.
1091 3957 1108 3988 ι
1152 3938 1264 3998 Τὰς
1317 3934 1425 4004 γὰρ
1464 3929 1749 3992 ἀσθενείας

174 4042 320 4115 ἡμῶν
349 4037 571 4102 λαϐὼν,
603 4037 699 4090 καὶ
731 4034 827 4097 τὰς
857 4032 1045 4094 νόσους
1092 4026 1363 4099 βαστάξας
1383 4068 1396 4091 ,
1442 4023 1644 4085 παντός
1692 4037 1748 4074 τε

172 4135 263 4191 τοῦ
313 4136 524 4205 κόσμου
568 4130 709 4203 ἄρας
743 4129 841 4197 τὴν
874 4123 1170 4196 ἁμαρτίαν,
1200 4120 1442 4181 καὶτοὺς
1466 4114 1749 4177 τοσούτους

175 4228 536 4300 εὐεργετήσας
556 4264 572 4286 ,
604 4223 745 4292 τάχα
775 4218 896 4271 τότε
930 4217 1211 4287 βάπτισμα
1254 4210 1440 4281 εἴληφε
1463 4209 1524 4260 τὸ
1551 4204 1749 4267 παντὸς

174 4322 263 4375 τού
303 4318 700 4388 ὑπονοηθέντος
730 4314 795 4367 ἂν
833 4312 985 4384 παρὰ
1021 4312 1135 4373 τοῖς
1166 4305 1474 4379 ἀνθρώποις
1521 4306 1704 4374 μεῖζον
1733 4341 1747 4365 ,

177 4413 297 4486 περὶ
324 4407 385 4466 οὗ
413 4406 574 4481 οἶμαι
612 4404 775 4460 αὑτὸν
809 4403 1120 4475 εἰρηκέναι·
1171 4420 1188 4449 ι
1218 4399 1512 4467 Βάπτισμα
1546 4394 1600 4447 δὲ
1644 4394 1751 4463 ἔχω

180 4502 538 4576 βαπτισθῆναι
560 4538 576 4564 ,
636 4496 729 4551 καὶ
764 4494 879 4557 πῶς
910 4494 1202 4564 συνέχομαι
1230 4533 1244 4555 ,
1282 4492 1386 4555 ’έως
1415 4485 1475 4544 οὗ
1511 4489 1620 4559 (Μ)
1665 4505 1752 4540 τε-

180 4595 365 4667 λεσθῇί
390 4612 408 4644 ι
442 4593 565 4645 Ἵνα
587 4589 699 4657 γάρ
728 4584 1129 4656 τολμηρότερον
1158 4582 1463 4653 βασανίζων
1488 4579 1575 4645 τὸν
1600 4578 1756 4648 λόγον

184 4689 286 4742 στῶ
313 4687 451 4759 πρὸς
475 4684 549 4738 τὰ
592 4681 698 4736 ὑπὸ
729 4680 837 4734 τῶν
884 4679 1151 4733 πλείστων
1189 4675 1579 4746 ύπονοούμενα,
1609 4669 1762 4742 λεγέ-

180 4798 354 4837 τωσαν
390 4783 523 4852 ἡμῖν
549 4780 600 4831 οἱ
622 4774 682 4830 τὸ
707 4776 988 4846 βάπτισμα
1016 4769 1077 4825 τὺ
1109 4772 1383 4843 μέγιστον,
1412 4769 1550 4840 ὑπὲρ
1578 4767 1606 4820 ὃ
1639 4765 1764 4818 ἄλλο

180 4874 275 4927 οὐκ
324 4875 442 4927 ἔστι
498 4871 690 4942 νοῆσαι
722 4869 1023 4939 βάπτισμα,
1066 4862 1388 4935 νομίσαντες
1417 4859 1580 4915 αὐτοῦ
1623 4855 1763 4912 εἶναι

181 4968 240 5018 τὴ
271 4964 594 5037 μαρτύριον,
627 4961 681 5014 τί
724 4959 923 5030 δήποτε
958 4956 1097 5030 μετὰ
1129 4954 1288 5008 τοῦτο
1336 4953 1485 5020 λέγει
1538 4954 1601 5021 τῇ
1641 4952 1762 5003 Μα-

186 5058 343 5129 ριάμ·
388 5076 406 5106 ι
436 5056 535 5124 Μή
571 5071 671 5124 μου
700 5050 870 5105 ἅπτου
899 5068 913 5112 ς
956 5070 972 5098 ι
1016 5047 1182 5118 ἐχρῆν
1205 5047 1312 5116 γάρ
1350 5044 1547 5115 μᾶλλον
1573 5040 1763 5095 ἑαυτὸν

184 5148 517 5223 ἐμπαρέχειν
566 5147 631 5215 τῇ
665 5144 811 5213 ἀφῇ,
842 5140 940 5194 ἆτε
990 5138 1052 5192 τὸ
1094 5137 1302 5190 τέλειον
1364 5134 1644 5204 βάπτισμα
1676 5131 1764 5183 διὰ

1853 3297 2073 3360 aspectu
2108 3288 2245 3355 ipso,
2280 3295 2341 3338 ut
2370 3285 2440 3338 ita
2468 3282 2649 3336 dicam
2674 3321 2689 3344 ,
2729 3278 2901 3349 ipsius
2926 3277 3201 3331 dexteram
3229 3275 3422 3327 viden—

1856 3394 1938 3439 tes
1962 3389 2305 3436 cruentatam
2326 3418 2342 3442 ,
2371 3390 2611 3445 eumque
2661 3382 2831 3428 totum
2877 3370 3141 3440 repletum
3169 3366 3425 3436 operibus

1853 3483 2077 3529 strenue
2112 3470 2284 3541 gestis
2318 3485 2333 3525 :
2367 3487 2384 3520 ι
2420 3466 2603 3533 Quare
2632 3465 2794 3519 rubra
2828 3472 2954 3518 sunt
2974 3461 3292 3515 vestimenta
3332 3465 3422 3510 tua

1855 3569 1995 3623 sicut
2045 3565 2282 3621 calcatio
2337 3560 2627 3617 torcularis
2679 3559 2822 3628 pleni
2878 3572 2978 3609 uva
3015 3554 3220 3609 calcata
3251 3551 3347 3604 ’3?
3402 3569 3420 3601 ι

1855 3659 2075 3729 quando
2109 3668 2165 3712 et
2196 3655 2485 3725 respondet
2519 3669 2535 3708 :
2570 3670 2589 3703 ι
2627 3649 2847 3707 Calcavi
2881 3662 2977 3703 eos
3020 3649 3087 3698 ⁸³.
3129 3663 3145 3697 ι
3181 3644 3318 3698 Vere
3350 3643 3422 3695 ob

1858 3751 1973 3804 haec
2009 3749 2267 3820 indiguit,
2306 3758 2362 3800 ut
2392 3747 2603 3799 lavaret
2633 3762 2649 3794 ι
2684 3743 2737 3795 ἰιι
2769 3740 2896 3794 vino
2921 3739 3116 3793 stolam
3165 3751 3343 3798 suam,
3375 3742 3431 3788 et

1861 3835 2020 3911 156
2037 3843 2420 3895 vestimentum
2452 3833 2679 3891 suumin
2708 3831 2968 3900 sanguine
2986 3843 3119 3883 uvas.
3148 3849 3166 3879 ι
3199 3826 3431 3881 Inﬁrmi-

1861 3944 2000 3987 tates
2039 3933 2181 3987 enim
2209 3940 2426 3985 nostras
2448 3941 2572 3982 cum
2602 3926 2943 3990 sumpsisset,
2975 3920 3432 3992 aegritudinesque

1856 4023 2198 4095 portasset",
2213 4023 2483 4089 totiusque
2500 4018 2680 4071 mundi
2698 4022 2977 4084 peccatum
2990 4026 3110 4066 cum
3126 4010 3432 4065 sustulisset

1856 4124 1913 4171 et
1928 4116 1979 4169 in
1999 4125 2073 4169 ιοι
2091 4112 2352 4168 beneﬁcia
2370 4108 2680 4165 contulisset
2693 4144 2707 4169 ,
2726 4103 2969 4159 fortassis
2983 4112 3091 4155 tum
3106 4101 3432 4171 baptismum

1856 4208 2062 4276 accepit
2092 4204 2284 4274 quovis
2318 4202 2444 4265 alio,
2465 4199 2555 4269 qui
2573 4199 2710 4266 apud
2738 4196 2985 4251 homines
3013 4193 3307 4262 excogitari
3336 4206 3435 4261 po.

1858 4309 1981 4363 test,
2006 4300 2288 4367 majorem,
2311 4302 2377 4353 dc
2394 4312 2501 4366 quo
2533 4309 2654 4349 reor
2678 4308 2799 4346 eum
2829 4289 3070 4345 dixisse:
3106 4304 3124 4337 ι
3162 4286 3437 4355 Baptismo

1858 4405 2038 4446 autem
2058 4392 2229 4444 habeo
2256 4387 2544 4458 baptizari,
2580 4395 2633 4439 et
2661 4382 2931 4452 quomodo
2959 4389 3227 4439 coarctor,
3264 4377 3438 4431 donec

1860 4483 2157 4551 perfectum
2187 4480 2352 4534 fuerit
2388 4479 2466 4531 "l
2502 4495 2520 4529 ι
2568 4475 2637 4529 Ut
2665 4474 2808 4529 enim
2846 4469 3105 4524 audacius
3132 4467 3435 4521 orationem

1788 4548 1835 4606 ί)
1860 4548 2152 4651 explorans
2198 4573 2395 4627 instem
2429 4569 2495 4622 ad
2524 4583 2590 4623 ea
2629 4580 2750 4633 quae
2777 4563 2995 4633 piurimi
3027 4561 3271 4615 sentiunt
3299 4599 3317 4625 ,
3349 4559 3435 4614 di-

1863 4675 1995 4722 cant
2029 4665 2185 4719 nobis
2211 4665 2303 4733 qui
2342 4661 2664 4732 martyrium
2697 4659 2867 4726 ipsius
2894 4654 3222 4723 baptismum
3248 4653 3441 4706 existi-

1869 4766 2021 4813 mant
2045 4757 2342 4811 maximum
2374 4769 2517 4817 esse,
2549 4766 2711 4819 supra
2744 4763 2907 4818 quem
2937 4746 3101 4800 alium
3126 4744 3443 4812 excogitare

1865 4848 2191 4918 baptismum
2223 4862 2327 4899 non
2367 4846 2531 4900 liceat
2558 4882 2572 4907 ,
2605 4857 2700 4896 cur
2747 4838 2962 4892 tandem
2995 4846 3116 4905 post
3141 4837 3246 4890 hoc
3292 4833 3443 4887 dicat

1867 4942 2051 4997 Mariae
2081 4959 2095 4996 :
2142 4958 2159 4990 ι
2195 4937 2272 4993 Ne
2302 4954 2388 4991 me
2434 4947 2624 5004 tangas
2651 4933 2722 4994 ³³,
2755 4950 2773 4982 ι
2812 4931 3101 5001 oportebat
3140 4926 3284 4980 enim
3336 4925 3443 4978 sei-

1871 5049 2026 5103 psum
2059 5031 2231 5098 magis
2261 5029 2526 5084 exhibere
2554 5030 2902 5096 tangendum,
2935 5031 3196 5090 tanquam
3228 5018 3319 5087 qui
3346 5029 3442 5086 per

1874 5125 2197 5197 mysterium
2233 5122 2502 5194 passionis
2545 5118 2870 5187 baptismum
2903 5113 3225 5182 sumpsisset
3257 5108 3440 5177 perfe-

251 5311 295 5344 ²¹
328 5308 464 5365 ibid.
490 5306 582 5359 15.
658 5304 703 5334 "
721 5301 865 5357 Psal.
896 5314 1041 5362 uxr,
1067 5296 1152 5351 12.
1229 5295 1275 5327 ⁸³
1307 5294 1433 5348 ibid.
1462 5291 1588 5365 -ι-,5Γ
1666 5284 2111 5365 "Psal.x_x_n_|,8.
2188 5282 2235 5314 ’⁸
2253 5278 2626 5365 Ιιοριηειζιτῖ.
2704 5278 2750 5306 ³⁸
2773 5272 3067 5365 Ιερξλδιιιι,
3094 5270 3144 5323 1.
3223 5268 3267 5300 ’⁷
3300 5264 3439 5320 Psal.

188 5343 464 5443 ultumi“
497 5343 1257 5437 animi.1;:t-t,lé:mv’gibid.
1289 5343 1610 5420 Zii'n’tl'sai.
1646 5376 1761 5427 LIII,
1785 5358 1840 5414 4.
1915 5357 1957 5388 ³¹
1982 5343 2115 5410 Luc.
2153 5369 2250 5420 xu,
2274 5352 2362 5406 50.
2438 5350 2485 5439 ξ’
2508 5348 2666 5404 Joan.
2703 5362 2796 5411 xx,
2822 5343 2908 5398 l7.

255 5516 364 5589 (50)
402 5508 621 5589 'Qoiiz
654 5508 890 5589 ὑπῆρχε
919 5505 1165 5589 βοηςὶός..
1191 5502 1283 5557 Sic
1315 5502 1479 5589 cpdea
1515 5496 1761 5589 deieia:

188 5568 795 5646 nus—ciim'Barb'erino:
818 5568 993 5639 recte;
1026 5568 1226 5643 Regius
1255 5571 1415 5635 male,
1443 5570 1518 5632 ὼς
1549 5568 1760 5640 ὑπῆρχε

190 5656 722 5796 βῦἲξῗῖΜετὰηιιξι-
739 5728 890 5796 recte
927 5715 1144 5796 codices
1186 5712 1511 5796 Bodleianus
1542 5718 1597 5767 et
1629 5705 1764 5762 Bar-

195 5784 448 5862 beriuus;
481 5794 651 5850 editio
682 5790 885 5854 Huetii,
913 5786 1075 5848 κατά,
1104 5784 1269 5840 male.

604 5892 878 5953 ΡΑΤιιοι..
924 5885 1043 5949 Gn.
1078 5884 1248 5948 XIV.

1939 5489 2052 5562 (82)
2094 5486 2351 5562 ΑὨραξςθς.
2392 5486 2485 5562 §ic
2529 5485 2689 5538 codd.
2740 5482 3065 5562 Bodleianus
3093 5485 3148 5531 et
3189 5473 3439 5530 Barbari-

1868 5553 2007 5627 nus;
2035 5553 2208 5613 editio
2250 5553 2447 5622 Huetii,
2489 5553 3037 5627 perperam,_bpaioq_.

1941 5613 2054 5703 (43)
2091 5631 2316 5703 Codices
2353 5613 2675 5703 Bodleianus
2702 5634 2757 5679 et
2787 5613 3156 5685 'Ba'rbcriuus,
3186 5613 3351 5670 οἱονεὶ
3399 5619 3455 5668 ἐν

1871 5698 2002 5757 εἴδει
2043 5702 2215 5770 εἰπεῖν
2242 5698 2588 5770 ᾑμαγμένηνΣ

1945 5771 2058 5844 (44)
2103 5767 2207 5828 Οὗ.
2238 5758 2331 5825 Sic
2365 5758 2536 5823 eodei
2566 5764 2916 5828 Bodleiauus;
2956 5760 3178 5826 Regius,
3220 5758 3361 5827 ὁτου,

3021 5861 3095 5923 10
