3766 6142
333 271 438 328 293

1781 267 2104 326 ORIGENIS

3486 272 3580 327 300

331 401 501 443 ctum.
536 385 641 439 Sed
673 385 928 453 quoniam
955 426 972 451 ,
1006 395 1066 439 ιιι
1102 385 1453 453 prrediximus
1481 422 1498 449 ,
1530 385 1692 439 rebus
1721 384 1906 439 adver-

2104 379 2110 429 ἱ
2148 379 2445 452 μυστηρίου
2473 378 2568 433 τοῦ
2604 377 2812 443 πάθους
2838 377 3119 450 εἰληφότα.
3160 379 3299 432 ’Δλλ’
3329 381 3450 434 ἐπεὶ
3470 422 3484 447 ,
3512 382 3584 449 ὡς

333 499 431 540 sus
452 480 794 535 adversarios
820 477 1077 547 praeclare
1098 479 1284 546 gestis,
1310 491 1446 547 opus
1469 476 1704 531 habebat
1724 476 1911 531 lavare

337 592 357 626 ι
403 574 456 626 in
491 572 618 625 vino
653 569 848 624 stolam
897 583 1051 623 suam
1077 609 1092 632 ,
1123 579 1177 623 et
1217 569 1271 622 in
1313 569 1578 639 sanguine
1605 583 1721 623 uva:
1747 566 1910 621 vesti-

334 676 574 720 mentum
630 678 788 717 suum
821 663 888 727 ³⁸,
932 679 952 715 ι
1005 661 1254 716 ascendit
1309 663 1379 716 ad
1428 660 1722 731 agricolam
1768 673 1912 713 vera:

332 760 481 816 illius
513 759 640 813 vitis
663 758 730 823 ³⁸,
764 769 961 824 nempe
1005 754 1247 833 l’atrem,
1298 762 1360 808 ut
1393 752 1502 809 illic
1531 752 1671 807 lotus
1692 792 1706 818 ,
1760 759 1911 821 post-

330 865 495 922 quam
524 849 865 904 ascendisset
890 848 943 901 in
974 846 1165 909 altum,
1205 844 1479 913 captivata
1508 843 1824 914 captivitate
1840 842 1908 907 ³⁸,

332 942 691 999 descenderet
717 981 733 1005 ,
760 941 914 994 varia
946 938 1134 992 ferens
1167 937 1522 1002 charismata,
1556 950 1748 1005 nempe
1775 935 1910 989 divi-

333 1050 425 1090 sas
455 1033 714 1103 apostolis
740 1032 955 1101 linguas
993 1029 1159 1084 veluti
1208 1029 1417 1100 igneas.
1450 1039 1612 1097 atque
1647 1028 1812 1082 etiam
1843 1027 1910 1082 ad

334 1126 549 1179 futuros
581 1125 633 1178 in
669 1123 817 1178 omni
850 1121 1066 1176 actione
1095 1129 1317 1173 sanctos
1351 1118 1573 1188 angelos
1602 1159 1616 1180 ,
1651 1119 1909 1173 liberatu-

333 1233 427 1273 ros
449 1218 615 1287 ipsos.
648 1217 791 1269 Ante
849 1214 949 1268 has
992 1211 1136 1266 enim
1169 1211 1610 1279 dispensationes
1638 1208 1906 1280 purificati

331 1310 575 1365 nomium
609 1322 731 1361 cum
763 1312 964 1371 essent,
997 1316 1229 1371 capaces
1257 1316 1363 1357 non
1399 1310 1558 1356 erant.
1593 1300 1908 1372 angelorum

334 1401 401 1457 ad
436 1415 495 1456 se
525 1400 813 1463 adventus,
852 1395 1104 1450 fortassis
1154 1407 1219 1448 ne
1272 1391 1481 1461 angelis
1523 1390 1746 1461 quidem
1777 1391 1910 1459 ipsis

334 1493 527 1548 adesse
560 1487 867 1544 volentibus
901 1486 1009 1549 his,
1035 1485 1127 1555 qui
1163 1486 1399 1539 nondum
1438 1482 1642 1552 optime
1676 1479 1909 1537 instituti

334 1579 719 1651 puriﬁcatique
746 1593 775 1631 a
808 1574 935 1632 Jcsu
983 1574 1235 1629 fuissent.
1271 1572 1451 1628 Solius
1479 1571 1623 1627 enim
1655 1568 1781 1627 Jesu
1812 1570 1911 1625 be-

335 1673 620 1745 nignitatis
676 1678 796 1727 erat
842 1684 969 1725 cum
1023 1667 1403 1739 peccatoribus
1436 1707 1452 1730 ,
1500 1675 1556 1722 et
1607 1664 1911 1735 publicanis

335 1770 668 1825 manducare
715 1776 771 1821 et
801 1765 992 1820 bibere
1041 1763 1110 1827 “,
1144 1769 1315 1829 atque
1352 1775 1484 1817 suos
1540 1759 1711 1828 ipsius
1743 1759 1909 1830 pedes

332 1864 578 1935 praebere
605 1859 863 1931 lacrymis
897 1855 1267 1925 resipiscentis
1300 1851 1623 1922 peccatricis
1658 1851 1727 1916 ³⁷,
1755 1859 1811 1906 et
1840 1850 1908 1905 ad

335 1965 569 2011 mortem
597 1968 771 2021 usque
794 1965 897 2020 pro
918 1948 1100 2018 impiis
1130 1946 1486 2012 descendere,
1516 1960 1624 2000 non
1657 1944 1908 2013 rapinam

334 2051 695 2107 arbitrantem
744 2061 805 2100 se
833 2058 954 2099 esse
993 2041 1258 2112 aequalem
1299 2041 1431 2103 Deo,
1478 2047 1533 2094 et
1576 2038 1908 2093 inanientem

333 2142 705 2212 semetipsum,
765 2137 908 2191 servi
947 2134 1120 2190 forma
1174 2143 1386 2200 sumpta
1437 2131 1505 2184 ³⁸.
1546 2129 1671 2186 Haec
1724 2140 1907 2185 autem

333 2236 516 2292 omnia
547 2230 860 2302 perficieus,
909 2225 1089 2281 Patris
1139 2225 1312 2294 magis
1346 2223 1683 2277 voluntatem
1732 2222 1909 2291 ipsum

337 2327 602 2384 tradentis
633 2339 732 2392 pro
772 2320 952 2389 impiis
982 2318 1298 2388 perficiebat
1336 2330 1498 2383 quam
1526 2329 1679 2369 suam
1710 2314 1909 2384 ipsius.

336 2422 517 2474 Bonus
547 2416 747 2472 etenim
782 2424 866 2468 est
911 2412 1110 2473 Pater;
1165 2408 1426 2464 Servator
1457 2421 1585 2462 vero
1617 2406 1797 2477 imago
1825 2415 1911 2462 est

331 2508 597 2567 bonitatis
633 2506 804 2577 ipsius
838 2502 883 2536 ³⁸
919 2518 937 2558 :
966 2515 1132 2570 porro
1178 2499 1280 2554 toti
1333 2498 1536 2555 mundo
1565 2496 1743 2552 ofﬁcia
1777 2511 1911 2553 con-

332 2605 541 2667 ferens,
564 2600 821 2669 quoniam
867 2595 1009 2650 Deus
1044 2595 1098 2649 in
1132 2593 1353 2647 Christo
1384 2592 1643 2645 mundum
1675 2590 1775 2645 sibi
1806 2590 1911 2659 ipsi

333 2693 657 2752 reconciliet
687 2691 755 2756 ‘°,
805 2699 969 2744 antea
1020 2695 1245 2756 propter
1278 2684 1566 2739 malitiam
1626 2683 1906 2737 inimicum

334 2788 564 2848 factum,
595 2794 707 2838 tum
739 2782 847 2847 via,
882 2790 992 2833 tum
1027 2777 1218 2832 ordine
1262 2774 1433 2830 ofﬁcia
1466 2773 1682 2830 confert
1718 2776 1802 2829 bis
1824 2788 1911 2829 re—

330 2878 439 2933 bus
468 2876 522 2930 in
550 2889 696 2944 quas
734 2873 849 2941 ipse
886 2867 1148 2925 beneficia
1181 2866 1428 2931 confert,
1460 2880 1566 2919 non
1604 2864 1787 2919 subito
1817 2879 1912 2919 ac-

334 2968 543 3039 cipiens
570 2963 866 3022 scabellum
917 2961 1139 3031 pedum,
1181 2973 1376 3028 nempe
1422 2958 1672 3012 inimicos
1696 2973 1906 3013 omnes.

2014 474 2369 545 προείπομεν,
2409 472 2478 526 τὰ
2510 472 2650 526 κατά
2677 471 2787 524 τῶν
2822 471 3214 542 ἀντικειμένων
3245 472 3581 546 ἀνδραγαθή-

2016 582 2162 636 ματα
2202 563 2518 633 πεποιηκὼς
2545 607 2559 631 ,
2614 562 2784 616 ἐδεῖτο
2832 561 2927 616 τοῦ
2968 563 3164 617 πλῦναι
3205 582 3223 613 ι
3258 566 3316 616 ὲν
3341 565 3468 635 οἴνῳ
3493 566 3584 638 τὴν

2014 658 2205 729 στολὴν
2234 657 2397 711 αὑτοῦ
2418 697 2432 720 ,
2467 658 2561 710 καὶ
2593 657 2650 709 ὲν
2696 657 2890 727 αἵματι
2931 654 3206 725 σταφυλῆς
3242 655 3342 726 τὴν
3376 657 3584 726 περιϐο-

2011 749 2108 821 λὴν
2137 749 2324 811 αὑτοῦ,
2353 769 2371 801 ι
2410 750 2563 820 ἀνῄει
2615 749 2748 820 πρὸς
2785 748 2877 802 τὸν
2932 747 3176 820 γεωργὸν
3205 747 3306 818 τῆς
3339 746 3584 820 ἀληθινῆς

2011 842 2256 912 ἀμπέλου
2295 842 2546 912 Πατέρα,
2585 840 2651 894 ἵν’
2679 842 2796 895 ἐκεῖ
2841 840 3312 911 ἀπσπλυνάμενος,
3354 839 3488 910 μετά
3529 840 3584 893 τὸ

2012 933 2276 1004 ἀναϐῆναι
2319 935 2399 997 εἰς
2441 932 2573 1003 ὕψος
2597 974 2612 999 ,
2668 931 3117 1004 αἰχμαλωτεύσας
3162 930 3260 1003 τὴν
3318 932 3587 1003 αἰχμαλω-

2014 1023 2170 1090 σίαν,
2222 1025 2434 1097 καταϐῇ
2484 1025 2665 1097 φέρων
2703 1024 2773 1077 τά
2821 1016 3042 1078 ποικίλα
3090 1024 3407 1096 χαρίσματα
3428 1064 3449 1099 ,ι
3496 1024 3586 1089 τὰς

2011 1114 2513 1188 διαμεμερισμένας
2541 1118 2654 1179 τοῖς
2688 1115 3005 1179 ἀποστόλοις
3046 1115 3295 1184 γλώσσας
3321 1117 3458 1170 ὡσεὶ
3490 1135 3589 1170 πνοι

2017 1206 2126 1276 ρὸς,
2161 1207 2409 1268 καὶτοὺς
2439 1204 2848 1276 παρεσομένους
2874 1205 2932 1258 ἐν
2976 1205 3124 1276 πάσῃ
3159 1202 3356 1278 πράξει
3409 1207 3588 1274 ἁγίους

2012 1298 2312 1367 ἀγγέλους,
2365 1298 2460 1351 καὶ
2495 1298 2826 1369 ῥυσομένους
2854 1298 3071 1363 αὑτούς.
3107 1299 3220 1371 Πρὸ
3262 1300 3360 1371 γὰρ
3391 1300 3588 1353 τούτων

2012 1391 2118 1444 τῶν
2142 1391 2484 1463 οἰκονομιῶν,
2516 1391 2610 1446 ἆτε
2639 1391 2865 1462 μηδέπω
2899 1392 3300 1464 κεκαθαρμένοι
3332 1394 3434 1447 οὑκ
3464 1393 3595 1463 ἐχώσ-

2014 1502 2140 1555 ρουν
2164 1484 2413 1554 ἀγγέλων
2444 1485 2572 1554 παρ’
2600 1485 2782 1547 αὑτοῖς
2826 1485 3141 1554 ἐπιδημίαν,
3180 1484 3319 1556 τάχα
3361 1485 3474 1539 οὐδ’
3503 1487 3594 1540 αὑ-

2010 1574 2119 1628 τῶν
2154 1574 2494 1646 βουλομένων
2548 1592 2635 1628 πω
2672 1577 2786 1637 τοῖς
2840 1575 2913 1646 μὴ
2960 1576 3448 1646 εὑτρεπισαμένοις
3504 1578 3594 1631 καὶ

2012 1666 2442 1740 κεκαθαρμένοις
2497 1667 2602 1721 ὑπὸ
2653 1667 2748 1722 τοῦ
2805 1667 2977 1739 Ἰησοῦ
3029 1671 3304 1740 παρεῖναι.
3340 1671 3457 1741 Τῆς
3490 1670 3591 1743 γὰρ

1939 1730 1983 1786 Β
2026 1763 2200 1835 Ἰησοῦ
2223 1730 2394 1835 ’μόνου
2424 1730 2837 1836 ιριλανθρωπίας
2866 1730 2938 1836 ἦν
2974 1730 3481 1837 μετάάμαρτωλῶν
3500 1730 3590 1820 Ξωὶι

2010 1855 2256 1909 τελωνῶν
2290 1855 2513 1919 ἐσθίειν,
2559 1856 2653 1909 καὶ
2705 1856 2882 1908 πίνειν
2909 1896 2923 1921 ,
2966 1854 3061 1909 καὶ⁵
3101 1856 3359 1927 παρέχειν
3399 1857 3589 1911 ἑαυτοῦ

2010 1950 2138 2012 τοὺς
2166 1950 2334 2013 πόδας
2364 1952 2477 2013 τοῖς
2504 1946 2761 2020 δακρύοις
2790 1948 2890 2019 τῆς
2930 1948 3298 2018 μετανοούσης
3328 1950 3587 2020 ἀμαρτω-

2008 2040 2124 2103 λοῦ,
2174 2042 2268 2094 καὶ
2305 2041 2464 2113 μέχρι
2507 2039 2736 2095 θανάτου
2777 2041 3128 2094 καταϐαίνειν
3166 2041 3307 2114 ὑπὲρ
3341 2041 3586 2103 ἀσεϐῶν,

2009 2134 2104 2204 οὑχ
2136 2134 2428 2206 ἁρπαγμὸν
2467 2133 2769 2206 ἡγουμένου
2799 2133 2909 2204 (43)
2938 2129 3171 2187 τὸ-εἷναι
3205 2134 3295 2187 ίσα
3331 2133 3475 2205 Θεῷ,
3501 2134 3590 2188 καὶ

2011 2225 2200 2279 κενοῦν
2226 2226 2414 2279 ἑαυτὸν
2448 2227 2547 2298 τὴν
2577 2225 2672 2280 τοῦ
2717 2225 2902 2279 δούλου
2942 2226 3309 2297 λαμϐάνοντος
3354 2228 3587 2298 μορφήν.

2010 2314 2195 2368 Ταῦτα
2224 2315 2279 2368 δὲ
2315 2316 2490 2371 πάντα
2522 2314 2820 2379 ἐπιτελῶν,
2877 2313 3075 2385 μᾶλλον
3124 2314 3186 2369 τὸ
3235 2314 3454 2386 θέλημα
3502 2315 3587 2369 τοῦ

2012 2407 2222 2478 Πατρὸς
2252 2407 2347 2461 τοῦ
2382 2408 2715 2481 παραδόντος
2761 2408 2949 2461 ἑαυτὸν
2979 2408 3118 2481 ὑπὲρ
3146 2408 3358 2460 ἀσεϐῶν
3400 2408 3589 2462 ἐπετέ-

2009 2498 2090 2552 λει
2126 2501 2270 2572 ἥπερ
2294 2501 2354 2553 τὸ
2388 2500 2602 2553 ἑαυτοῦ.
2644 2501 2701 2552 'U
2734 2499 2830 2571 μὲν
2863 2499 2973 2572 γὰρ
3007 2499 3193 2571 Πατὴρ
3214 2499 3444 2568 ἀγαθός·
3478 2503 3505 2554 ό
3536 2500 3589 2553 δὲ

2009 2592 2200 2664 Σωτὴρ
2234 2592 2395 2647 εἰκὼν
2434 2593 2534 2664 τῆς
2582 2593 2911 2662 ἀγαθότητος
2946 2592 3145 2646 αὑτοῦ·
3184 2591 3362 2646 πάντα
3407 2593 3465 2647 δὲ
3505 2593 3590 2648 τὸν

2010 2684 2212 2756 κόσμον
2243 2685 2567 2758 εὐεργετῶν,
2586 2686 2708 2739 ἐπεὶ
2731 2684 2864 2749 Θεὸς
2885 2686 2942 2738 ἐν
2966 2684 3187 2756 Χριστῷ
3221 2684 3431 2755 κόσμον
3465 2701 3590 2738 κατ-

2010 2777 2264 2831 αλλάσσει
2314 2777 2527 2848 ἑαυτῷ,
2581 2777 2845 2849 πρότερον
2886 2775 2975 2829 διὰ
3019 2775 3116 2847 τὴν
3169 2775 3366 2830 κακίαν
3404 2775 3593 2847 ἐχθρὸν

2009 2871 2392 2942 γεγενημένον,
2434 2871 2539 2942 όδῷ
2571 2872 2666 2925 καὶ
2694 2869 2847 2936 τάξει
2878 2869 2947 2923 τά
2980 2867 3417 2939 εὑεργετούμενα
3442 2871 3590 2940 εὐερ-

2010 2967 2180 3033 γετεῖ,
2220 2964 2320 3016 οὑκ
2353 2963 2565 3035 ἀθρόως
2597 2964 2891 3035 λαμϐάνων
2926 2965 3215 3019 ὑποπόδιον
3253 2965 3360 3020 τῶν
3395 2965 3592 3029 ποδῶν,

332 3060 477 3117 Dicit
505 3059 650 3114 enim
685 3057 751 3112 ad
778 3056 965 3135 jpsum
1008 3049 1437 3120 uniuscujusque
1490 3049 1663 3103 nostri
1719 3048 1906 3103 Domi-

2104 3075 2218 3121 na;
2248 3059 2374 3121 τοὺς
2407 3057 2662 3130 ἐχθρούς·
2699 3057 2850 3127 λέγει
2878 3059 2987 3129 γάρ
3030 3059 3179 3131 αὑτῷ
3219 3061 3248 3112 ὁ
3281 3061 3479 3133 Πατὴρ
3521 3057 3593 3131 τῷ

335 3150 656 3207 ιιιιιῐιίΡιιιθιε
694 3168 708 3204 :
740 3165 774 3197 -4
806 3146 947 3201 Sede
995 3159 1026 3198 a
1062 3142 1271 3198 dextris
1305 3141 1465 3204 meis,
1499 3141 1672 3195 donec
1706 3155 1906 3210 ponam

333 3245 587 3300 inimicos
623 3252 744 3297 tuos
794 3236 1090 3294 scabellum
1139 3236 1336 3306 pedum
1395 3245 1613 3288 tuorum
1655 3233 1722 3287 ιι.
1770 3252 1789 3284 ι
1842 3232 1910 3287 Ει

336 3339 451 3393 haec
506 3334 639 3389 fiunt
688 3331 867 3403 quoad
900 3330 1122 3385 ultimus
1168 3327 1340 3398 157
1391 3327 1683 3391 inimicus,
1719 3340 1912 3396 nempe

335 3443 505 3494 mors,
560 3427 629 3481 ab
663 3425 779 3494 ipso
828 3422 1137 3478 destructus
1168 3419 1334 3474 fuerit
1362 3418 1429 3473 ".
1473 3416 1531 3472 Si
1574 3431 1708 3471 vero
1737 3417 1913 3471 consi-

334 3514 871 3584 deraverimusquid
923 3513 992 3568 sit
1024 3511 1219 3580 subjici
1266 3508 1486 3564 Christo
1520 3507 1710 3579 (idque
1740 3508 1912 3561 maxi-

334 3628 424 3667 me
452 3627 520 3667 ex
551 3609 655 3664 illis
684 3607 866 3662 verbis
899 3623 915 3660 :
948 3623 967 3657 ι
1010 3601 1145 3658 Cum
1201 3611 1382 3656 autem
1436 3600 1537 3670 ipsi
1568 3598 1749 3652 omnia
1784 3600 1913 3653 sub-

330 3708 477 3777 iecta
524 3706 767 3769 fuerint,
822 3711 951 3755 tunc
987 3698 1106 3769 ipse
1158 3695 1331 3750 Filius
1377 3693 1695 3762 subjicietur
1738 3692 1788 3745 ei
1819 3691 1911 3760 qui

331 3800 516 3854 omnia
553 3797 655 3854 sibi
692 3794 924 3866 subjecit
954 3791 1024 3855 ⁸³,
1078 3789 1127 3860 ι)
1166 3797 1226 3843 ιιι
1266 3787 1487 3858 dignum
1540 3794 1625 3840 est
1670 3784 1914 3840 bonitate

329 3891 432 3946 Dei
464 3891 865 3946 universorum.
901 3881 1268 3950 intelligemus
1309 3879 1526 3948 Agnum
1577 3876 1696 3942 Dei,
1728 3875 1915 3930 tollen-

333 3996 447 4042 tem
501 3991 784 4051 peccatum
818 3976 1024 4031 mundi.
1062 3971 1260 4027 Verum
1290 3985 1398 4025 non
1447 3969 1687 4023 omnium
1722 3983 1914 4038 pecca-

334 4084 452 4132 tum
492 4073 561 4128 ab
608 4071 762 4139 Aguo
790 4065 1057 4128 aufertur,
1093 4076 1286 4131 nempe
1317 4075 1508 4115 eorum
1540 4059 1635 4129 qui
1669 4074 1779 4114 non
1811 4061 1912 4114 do-

332 4167 452 4221 lent
480 4164 682 4232 quique
731 4173 837 4212 non
869 4154 1180 4224 afﬂiguntur
1208 4153 1384 4207 donec
1433 4150 1674 4205 ablatum
1724 4149 1910 4205 fuerit.

326 4256 518 4327 Spinae
540 4261 775 4319 namque
804 4261 910 4300 non
936 4253 1146 4298 tantum
1181 4243 1381 4306 intime,
1419 4242 1514 4298 sed
1546 4241 1715 4295 etiam
1751 4240 1914 4296 altius

327 4347 594 4403 tradicatxe
626 4343 678 4396 in
713 4338 964 4394 manibus
990 4335 1360 4404 cujuscunque
1387 4349 1484 4404 per
1511 4332 1701 4387 vitium
1736 4341 1909 4387 temu-

2009 3146 2200 3218 Κυρίῳ
2230 3146 2460 3199 ἑκάστου
2496 3146 2652 3218 ἡμῶν
2675 3164 2689 3179 ο
2732 3168 2750 3200 ι
2786 3149 2972 3204 Κάθου
2997 3152 3060 3203 ἐκ
3086 3150 3277 3216 δεξιῶν
3310 3169 3451 3222 μου,
3496 3151 3595 3213 ἓως

2008 3236 2075 3293 ἂν
2104 3237 2182 3290 θῶ
2212 3240 2340 3302 τοὺς
2369 3238 2601 3310 ἐχθρούς
2631 3256 2727 3293 σου
2760 3241 3051 3295 ὑποπόδιον
3083 3241 3190 3295 τῶν
3225 3242 3407 3296 ποδῶν
3447 3259 3587 3296 conn

2010 3328 2106 3384 καὶ
2131 3328 2307 3383 ταῦτα
2327 3329 2535 3398 γίνεται
2567 3331 2671 3395 ἕως
2700 3332 2729 3385 ὁ
2761 3331 2986 3404 ἔσχατος
3020 3331 3213 3405 ἐχθρὸς
3238 3374 3254 3397 ,
3284 3335 3314 3387 ό
3342 3333 3590 3394 θάνατος,

2010 3422 2102 3476 ὑπ’
2134 3421 2299 3476 αὑτοῦ
2334 3422 2673 3495 καταργηθῇ.
2719 3425 2843 3479 Ἐὰν
2879 3425 2937 3479 δὲ
2980 3425 3041 3479 τὸ
3087 3425 3491 3479 ὑποτάσσεσθαι
3522 3424 3595 3495 τῷ

2010 3512 2232 3585 Χριστῷ
2286 3514 2569 3585 νοήσωμεν
2602 3514 2630 3567 ὃ
2662 3531 2716 3567 τι
2763 3515 2881 3568 ποτ’
2916 3516 3052 3580 ἐστὶ,
3097 3515 3311 3587 μάλιστ’
3346 3517 3419 3569 ἐκ
3468 3514 3589 3569 τοῦ·

2018 3625 2036 3656 ι
2075 3606 2244 3659 Ὅταν
2275 3604 2333 3658 δὲ
2371 3604 2520 3676 αὑτῷ
2550 3605 2620 3659 τὰ
2652 3605 2831 3659 πάντα
2873 3606 3153 3678 ὑποταγῇ,
3206 3605 3330 3659 τότε
3375 3605 3538 3668 αὑτὸς
3566 3605 3593 3656 ό

2011 3696 2140 3761 Υἱὸς
2190 3697 2592 3768 ὑποταγήσεται
2648 3696 2727 3768 τῷ
2775 3697 3100 3765 ὑποτάξαντι
3144 3696 3297 3768 αὑτῷ
3326 3698 3538 3752 πάντα·
3569 3714 3587 3747 ι

2010 3786 2178 3852 ἀξίως
2207 3787 2306 3857 τῆς
2340 3786 2675 3858 ἀγαθότητος
2709 3787 2803 3840 τοῦ
2837 3787 2945 3841 τῶν
2978 3788 3115 3844 ὅλων
3161 3787 3296 3842 Θεοῦ
3333 3790 3592 3859 νοήσωμεν

2008 3879 2101 3933 τὸν
2131 3879 2302 3951 ἀμνὸν
2346 3877 2443 3933 τοῦ
2476 3877 2611 3932 Θεοῦ
2648 3879 2871 3950 αἴροντα
2901 3881 2998 3952 τὴν
3049 3881 3324 3952 ἁμαρτίαν
3357 3881 3454 3933 τοῦ
3503 3879 3592 3933 κό-

2013 3986 2172 4041 σμου.
2195 3970 2268 4024 υὺ
2304 3970 2520 4024 πάντων
2544 3970 2598 4024 δὲ
2632 3971 2664 4041 ἡ
2700 3972 2943 4043 ἁμαρτία
2974 3972 3079 4026 ὑπὸ
3113 3972 3207 4025 τοῦ
3242 3973 3418 4043 ἀμνοῦ
3448 3972 3594 4043 αἵρε-

2010 4080 2131 4126 ται,
2170 4061 2245 4133 μὴ
2294 4061 2636 4130 ἀλγούντων,
2690 4065 2827 4136 μηδὲ
2879 4065 3339 4136 βασανιζομένων,
3372 4066 3477 4128 ἕως
3534 4057 3591 4118 οῦ

2011 4154 2151 4227 ἀρθῇ
2183 4155 2315 4227 (46).
2356 4157 2621 4210 Ἀκανθαι
2655 4157 2763 4229 γὰρ
2793 4159 2853 4211 οὑ
2889 4159 3048 4229 μόνον
3076 4159 3431 4229 ἐμπαρεῖσαι,
3463 4156 3593 4210 ἀλλά

2013 4249 2108 4303 καὶ
2159 4248 2388 4302 ἐπιπολὺ
2432 4249 2743 4320 ριζωθεῖσαι
2790 4250 2901 4320 (47)
2951 4251 3009 4303 ὲν
3040 4253 3161 4312 ταῖς
3200 4250 3358 4321 χερσὶ
3391 4248 3591 4313 παντὸς

2013 4339 2105 4394 τοῦ
2159 4340 2246 4394 διὰ
2302 4340 2402 4411 τὴν
2456 4341 2654 4395 κακίαν
2702 4341 3095 4412 μεθυσθέντος,
3152 4343 3246 4394 καὶ
3292 4343 3356 4395 τὸ
3407 4344 3592 4413 νήφειν

330 4439 491 4505 lenti,
532 4435 737 4506 quique
791 4429 1147 4487 sobrietatem
1196 4425 1535 4498 perdiderit,
1582 4423 1734 4492 juxta
1771 4423 1905 4477 illud

2104 4432 2435 4498 ιλωλεκότος,
2477 4433 2617 4486 κατά
2669 4434 2733 4486 τὸ
2779 4436 2836 4487 ὲν
2886 4433 3213 4506 Παροιμίαις
3272 4433 3587 4506 εἰρημένον

328 4531 480 4601 quod
509 4529 562 4582 in
611 4523 928 4580 Proverbiis
955 4521 1154 4575 dicitur
1187 4537 1202 4575 :
1237 4538 1257 4570 ι
1300 4517 1485 4585 Spinte
1515 4525 1816 4570 nascuntur
1854 4515 1907 4569 in

335 4637 499 4675 manu
539 4615 919 4679 temulenti“,
952 4633 972 4666 ι
1013 4622 1279 4683 quantum
1329 4608 1535 4663 doloris
1585 4606 1802 4678 parient
1855 4608 1907 4659 in

333 4731 402 4771 eo
428 4714 522 4785 qui
556 4712 693 4765 tales
722 4709 938 4780 plantas
961 4705 1246 4760 admiserit
1285 4702 1338 4756 in
1364 4715 1563 4770 corpus
1594 4714 1706 4753 suae
1742 4699 1909 4769 ipsius

330 4808 553 4869 animae,
602 4805 714 4875 jam
768 4803 949 4855 dicere
977 4797 1350 4853 difﬁcillimum
1376 4802 1488 4847 est.
1524 4791 1658 4845 Nam
1694 4791 1909 4846 abscin-

336 4901 499 4954 datur
519 4903 734 4966 oportet
758 4909 790 4945 a
818 4902 1069 4946 sermone
1098 4887 1194 4940 Dei
1225 4887 1476 4947 viventis,
1506 4882 1907 4952 peuetrantiore

330 4990 529 5064 quovis
558 4986 738 5059 gladio
765 4983 1019 5048 utrinque
1076 4979 1367 5042 incidente,
1413 4985 1468 5029 et
1498 4973 1702 5029 ellicaci
1740 4972 1806 5039 “,
1853 4984 1908 5030 et

2021 4543 2039 4574 ι
2071 4523 2340 4577 Ἀκανθαι
2378 4523 2601 4593 φύονται
2656 4526 2715 4578 ὲν
2765 4524 2908 4596 χειρὶ
2952 4523 3046 4577 τοῦ
3085 4522 3359 4595 μεθύσου,
3405 4543 3424 4576 ι
3475 4524 3591 4576 ὅσον

1998 4615 2179 4680 πόνον
2211 4618 2596 4689 ὲνεργάσονται
2624 4618 2704 4690 τῷ
2739 4618 2807 4671 τὰ
2837 4617 3061 4671 τοιαῦτα
3089 4617 3235 4687 φυτά
3268 4620 3349 4681 εἰς
3380 4618 3442 4670 τὸ
3468 4618 3591 4670 ἑαυ-

2015 4704 2110 4760 τοῦ
2140 4706 2300 4779 σῶμα
2327 4708 2427 4779 τῆς
2443 4708 2623 4780 ψυχῆς
2653 4708 3077 4780 παραδεξαμένῳ
3117 4708 3218 4779 ἤδη
3255 4708 3361 4778 (48)
3380 4707 3476 4761 καὶ
3511 4706 3592 4759 λέ-

2016 4814 2134 4867 γειν
2156 4800 2455 4872 ἀμήχανον.
2473 4800 2906 4872 Κατατμηθῆναι
2928 4801 3036 4875 γὰρ
3057 4800 3161 4855 ὑπὸ
3176 4800 3269 4853 τοῦ
3284 4800 3588 4870 τομωτέρου

2019 4891 2201 4964 πάσης
2245 4895 2519 4965 μαχαίρας
2557 4894 2808 4965 διστόμου
2841 4893 3000 4963 λόγου
3044 4892 3248 4958 ζῶντος
3278 4892 3414 4945 Θεοῦ
3440 4933 3456 4955 ,
3502 4890 3591 4944 καὶ

2014 4984 2288 5057 ἐνεργοῦς,
2326 4987 2418 5041 καὶ
2454 4987 2892 5057 κανστικωτέρου
2914 4986 3114 5050 παντὸς
3136 4985 3327 5057 πυρὸς,
3355 4983 3590 5053 ἀνάγκη,

412 5106 457 5139 ³³
493 5106 695 5162 Genes.
727 5117 877 5163 trux,
893 5100 986 5172 ιι.
1043 5096 1299 5172 Ῐζωτω.
1329 5111 1417 5172 xv,
1439 5096 1502 5172 \l.
1568 5092 1624 5172 ff
1647 5092 1906 5172 Epheer

2104 5103 2224 5160 ’sal.
2250 5121 2417 5169 van,
2456 5105 2543 5160 l9.
2619 5105 2666 5137 ³⁶
2690 5104 2859 5159 Marc.
2886 5120 2947 5172 ιι,
2980 5104 3066 5159 16.
3142 5103 3188 5135 ³⁷
3218 5100 3352 5172 Luc.
3379 5114 3479 5172 vn,

337 5176 386 5212 ³⁸
418 5177 655 5246 Philipp.
700 5187 759 5236 tt,
782 5174 845 5246 β,
977 5238 1016 5246 __
1040 5169 1084 5246 {9
1117 5168 1242 5235 Sap.
1266 5183 1361 5246 νιι,
1387 5166 1480 5219 26.

335 5236 582 5304 “Prov:
600 5236 747 5309 ixvr,
775 5242 829 5297 9.
905 5240 951 5271 ⁸³
975 5238 1140 5292 Hebr.
1176 5253 1249 5305 ιν,
1277 5236 1365 5291 12.

410 5388 529 5461 (45)
565 5383 750 5461 Codex
796 5379 1127 5461 Barberinus
1178 5384 1327 5461 recte
1373 5372 1908 5461 habetljlnouttéxou,

339 5442 574 5515 refertur
622 5456 768 5510 enim
804 5452 874 5507 ad
912 5447 1224 5519 prmcedens
1275 5444 1449 5516 Ἰησοῦ
1491 5442 1683 5512 μόνον·
1730 5442 1909 5499 editio

341 5530 545 5595 Huetii,
571 5538 886 5599 perperam,
914 5517 1238 5599 ἠγρύμενον.

414 5580 545 5667 (ᾆϐῗ
566 5580 827 5667 "Eu-9:015,
855 5580 1027 5667 ἀρθῇ.
1063 5580 1160 5667 Sic
1192 5598 1339 5643 recte
1373 5585 1534 5640 habet
1564 5582 1732 5638 codex
1769 5580 1910 5636 Bod-

341 5653 1154 5736 lci'atuis;intllegiodees106.
1231 5728 1245 5736 _
1363 5726 1401 5736 _
1462 5683 1543 5736 ς..

414 5735 528 5805 (Π)
567 5721 947 5794 Ῥιζωθὲῗσαι.
1005 5729 1095 5788 Sic
1150 5728 1316 5786 codex
1363 5724 1723 5794 Bodleianus;
1792 5721 1902 5779 Re-

1579 5164 1624 5195 ”
1646 5164 1687 5217 ll
1705 5161 1894 5232 Cor.v,
1919 5167 2006 5223 l9.

2104 5175 2148 5206 ⁴¹
2178 5176 2321 5231 Psal.
2354 5168 2460 5233 ctx.
2494 5179 2543 5231 1.
2648 5175 2695 5207 δ’
2724 5176 2745 5230 ι
2778 5174 2906 5231 Cor.
2935 5168 3035 5242 ἰν,
3064 5172 3153 5228 26.
3250 5173 3297 5205 ⁸³
3322 5171 3457 5227 ibid.
3496 5168 3588 5225 28.

2020 5376 2163 5447 gius,
2193 5373 2447 5447 ῥιζῶσαι.

2033 5516 2049 5524 ⁸
2090 5445 2202 5524 (48)
2247 5445 2391 5524 "gon
2433 5445 2535 5501 καὶ
2561 5442 2765 5524 λέγειν
2794 5442 3131 5524 {inﬁxus-or.
3169 5441 3247 5496 lla
3275 5439 3593 5524 optimest)-

2017 5511 2118 5572 ἀεὶ
2163 5511 2522 5587 ΒοιιΙείιιιιιιε,
2562 5511 2753 5587 sicque
2800 5511 3235 5587 legit‘interpres
3281 5511 3589 5587 Ferrarius.

2014 5586 2454 5659 CodexRegius,
2502 5580 2782 5659 perperam
2807 5626 2823 5654 ,
2857 5580 2986 5658 ᾔδει
3033 5580 3130 5638 καὶ
3179 5583 3377 5653 λέγειν,
3426 5580 3589 5639 omit-

2016 5659 2176 5715 tendo
2196 5658 2499 5729 ἀμήχανον.
