3766 6142
235 305 326 362 50!

1211 338 1215 342 -
1286 304 1640 361 COMMENT.
1683 303 1747 360 IN
1785 305 1975 363 JOAN.
2013 306 2249 364 TOMUS
2284 306 2374 363 Vl.

3362 308 3468 363 302

232 428 320 483 τὸν
367 426 461 480 ἐπὶ
508 424 762 481 τοσοῦτον
816 428 897 491 είς
934 427 1093 497 βάθος
1134 427 1231 498 τῆς
1261 429 1454 483 ἑαυτοῦ
1487 430 1665 501 ψυχῆς
1707 430 1786 501 τὴς

1908 442 2070 501 supra
2101 446 2314 485 omnem
2361 431 2540 500 ignem
2573 429 2947 496 comburente,
2970 430 3216 501 quisquis
3244 444 3310 485 eo
3341 446 3474 501 pro-

232 520 425 574 κακίαν
456 520 806 590 χωρήσαντα,
843 521 920 583 ὡς
951 519 1201 588 γενέσθαι
1230 522 1394 574 αὐτὸν
1430 522 1533 592 γῆν
1576 522 1807 576 ἀκανθο-

234 610 413 684 φόρον.
449 612 557 665 Καὶ
587 612 772 683 δεήσει
805 611 902 665 ἐπὶ
944 611 1042 683 τὴν
1070 613 1322 684 τοιαύτην
1345 612 1523 685 ψυχὴν
1549 613 1806 685 πεμφθῆ-

231 722 314 758 ναι
338 703 399 757 τὸ
425 703 677 774 εὑρίσκον
707 704 807 767 τὰς
835 703 1076 768 ἀκάνθας
1113 704 1222 777 πῦρ
1248 746 1264 766 .
1305 706 1400 761 καὶ
1438 706 1597 777 μέχρι
1630 706 1807 761 αὐτῶν

232 797 558 867 στησόμενον
588 796 678 850 διὰ
702 797 803 870 τὴν
834 798 1027 852 ἑαυτοῦ
1081 796 1349 870 θειότητα,
1399 799 1493 853 καὶ
1524 799 1584 852 οὐ
1641 815 1808 871 προσ-

229 887 511 959 εμπρῆσον
563 888 835 960 ἆλωναςῆ
885 889 1123 960 στάχυας
1164 889 1380 943 πεδίων.
1431 888 1536 943 Τοῦ
1565 891 1806 961 αἴροντος

228 979 332 1052 (49)
365 980 425 1033 δὲ
454 980 559 1053 τὴν
600 981 876 1053 ἁμαρτίαν
928 980 1022 1036 τοῦ
1082 982 1288 1053 κόσμου
1352 981 1548 1054 Ἀμνοῦ
1581 982 1668 1037 διὰ
1709 985 1807 1055 τῆς

229 1073 359 1136 ἰδίας
417 1073 638 1144 σφαγῆς
681 1073 988 1145 ἀρχομένου
1044 1074 1154 1127 ὁδοὶ
1184 1074 1510 1145 τυγχάνουσι
1542 1074 1803 1139 πλείονες,

223 1157 294 1217 ὧν
339 1164 396 1217 αί
451 1164 557 1234 μὲν
611 1167 803 1234 σαφεῖς
827 1163 969 1220 εἶναι
1002 1169 1114 1229 τοῖς
1164 1166 1376 1231 πολλοῖς
1424 1166 1675 1221 δύνανται
1700 1208 1714 1232 ,
1749 1169 1804 1221 αί

222 1253 275 1308 δὲ
306 1254 432 1317 τοὺς
452 1252 748 1318 τοσούτους
780 1255 1141 1312 λανθάνουσαι
1165 1260 1278 1322 τοῖς
1298 1258 1401 1329 τῆς
1436 1258 1586 1323 θείας
1614 1259 1804 1329 σοφίας

222 1341 560 1413 ἀξιουμένοις
592 1383 607 1408 ,
648 1341 729 1408 οἷς
777 1345 957 1417 μόνοις
997 1349 1105 1402 εἰσὶ
1150 1347 1437 1421 γνώριμοι.
1478 1351 1545 1403 Τί
1587 1350 1694 1423 γὰρ
1725 1351 1807 1405 δεῖ

221 1434 393 1503 λέγειν
426 1437 497 1489 δι’
531 1439 672 1491 ὅσων
699 1437 835 1492 ὁδῶν
859 1457 944 1513 τις
976 1440 1071 1494 ἐπὶ
1092 1440 1153 1495 τὸ
1182 1442 1459 1496 πιστεύειν
1498 1442 1716 1515 ἔρχεται
1746 1446 1805 1498 ἐν

220 1524 548 1597 ἀνθρώποις,
575 1527 659 1581 ἔτι
693 1531 752 1584 ὲν
783 1530 860 1601 τῷ
886 1531 1111 1603 τοιούτῳ
1140 1533 1354 1605 σώματι
1388 1536 1562 1608 παρὸν
1589 1537 1804 1608 ἑκάστῳ

221 1618 335 1675 καθ’
367 1620 534 1674 αὑτὸν
569 1622 918 1689 ὲπισκοπεῖν;
949 1625 1089 1696 πλὴν
1121 1626 1207 1680 διὰ
1242 1627 1348 1682 τῶν
1377 1628 1508 1682 ὁδῶν
1554 1631 1670 1682 ὲστι
1709 1630 1800 1682 τοῦ

218 1711 493 1768 πιστεύειν
527 1714 628 1768 καὶ
659 1716 908 1788 αἴρεσθαι
944 1718 1042 1789 τὴν
1072 1719 1360 1790 ἁμαρτίαν,
1380 1720 1470 1773 διὰ
1501 1721 1798 1792 μαστίγων,

1913 521 2194 577 funditatis
2223 536 2334 576 suae
2381 521 2550 591 ipsius
2579 522 2775 575 anima:
2794 522 3015 576 admisit
3048 522 3269 585 vitium,
3303 533 3365 575 ut
3396 522 3481 576 fa-

1911 624 2033 670 ctus
2083 614 2155 670 sit
2188 621 2336 669 terra
2367 613 2552 683 spinas
2593 614 2931 686 germinans.
2956 612 3028 668 Et
3068 614 3314 683 profecto
3340 629 3480 684 opus

1910 706 2015 760 erit
2045 707 2111 760 ad
2162 705 2471 775 huiusmodi
2512 706 2749 760 animam
2784 707 2962 778 ignem
2995 706 3137 761 mitti
3186 707 3476 761 invenieno

1911 807 2019 853 tem
2051 799 2257 869 spinas,
2285 814 2564 869 propeque
2595 814 2690 855 eas
2719 809 2980 860 stantem.
3008 815 3072 854 ac
3095 810 3474 870 penetrantem

1907 904 2006 946 Iua
2040 891 2211 960 ipsius
2238 891 2553 955 divinitate,
2587 907 2688 947 nec
2722 893 3131 947 combusturum
3184 907 3345 946 areas
3393 891 3477 945 vel

1910 982 2092 1052 spicas
2121 997 2459 1052 camporum.
2497 983 2695 1038 Verum
2732 985 3013 1039 enimvero
3042 982 3187 1053 Agni
3231 983 3477 1040 tollentis

1908 1084 2190 1144 peccatum
2237 1075 2443 1142 mundi,
2487 1076 2648 1146 idque
2684 1091 2780 1146 per
2804 1077 3077 1147 propriam
3107 1078 3309 1134 eadem
3338 1077 3476 1132 inci-

1909 1163 2128 1232 pientis,
2153 1166 2460 1236 complures
2487 1179 2613 1223 sunt
2641 1167 2743 1223 viae
2767 1184 2782 1230 ;
2819 1185 3050 1239 quarum
3097 1169 3220 1225 alia:
3249 1171 3468 1242 quidem

1909 1256 2208 1312 manifestae
2254 1270 2484 1328 possunt
2510 1274 2632 1317 esse
2679 1261 2839 1332 vulgo
2865 1302 2881 1328 ,
2928 1262 3048 1317 aliae
3073 1277 3204 1318 vero
3229 1302 3245 1328 ,
3278 1265 3472 1334 vulgus

1906 1347 2136 1404 latentes
2160 1389 2175 1414 ,
2213 1350 2300 1406 his
2332 1353 2424 1421 qui
2456 1353 2636 1408 divina
2669 1354 2936 1423 sapientia
2974 1354 3122 1426 digni
3156 1354 3326 1410 habiti
3357 1355 3480 1411 fue-

1908 1442 2040 1506 rint,
2073 1442 2268 1511 quibus
2302 1444 2432 1499 solis
2459 1455 2588 1500 sunt
2629 1456 2789 1500 notat.
2827 1446 2963 1514 Quid
3008 1447 3154 1502 enim
3200 1462 3339 1519 opus
3393 1458 3480 1502 est

1907 1547 2191 1589 recensere
2221 1547 2357 1605 quot
2392 1537 2493 1592 viis
2519 1538 2587 1593 ad
2612 1540 2945 1597 credendum
2968 1541 3153 1598 veniat
3181 1542 3304 1611 quis
3338 1542 3480 1596 inter

1905 1624 2175 1693 homines,
2222 1642 2346 1681 cum
2375 1628 2545 1683 liceat
2572 1631 2888 1701 unicuique,
2917 1632 3043 1686 dum
3075 1633 3252 1688 adhuc
3284 1637 3335 1685 in
3371 1632 3480 1688 hoc

1904 1728 1988 1773 est
2015 1734 2264 1790 corpore,
2310 1736 2375 1775 ex
2427 1737 2488 1778 se
2537 1723 2590 1779 id
2636 1726 2985 1780 considerare
3012 1726 3038 1780 Ἰ
3087 1724 3483 1782 Verumtamen

218 1806 304 1858 καὶ
330 1805 669 1876 πνευμάτων
700 1807 986 1880 πονηρῶν,
1040 1809 1133 1863 καὶ
1180 1810 1349 1863 νόσων
1382 1811 1779 1880 χαλεπωτάτων

1908 1825 2003 1880 per
2035 1812 2154 1866 vias
2185 1815 2438 1869 credendi
2488 1814 2613 1871 licet
2664 1828 2949 1885 peccatum
2994 1832 3214 1890 quoque
3248 1819 3436 1875 tollere
3460 1857 3476 1884 ,

219 1896 304 1948 καὶ
333 1896 626 1967 μαλακιῶν
672 1901 1110 1954 ὲπιπονωτάτων.
1145 1899 1240 1965 Τίς
1276 1897 1368 1956 οὖν
1404 1901 1516 1973 (50)
1548 1898 1656 1956 οἶδε
1704 1904 1798 1957 καὶ

216 1988 280 2042 τὰ
326 1987 464 2058 μετὰ
507 1989 725 2057 ταῦτα;
792 1992 1112 2061 Ἀναγκαῖον
1166 1993 1224 2047 δὲ
1281 1989 1350 2065 ἦν
1385 1994 1525 2066 ὑπὲρ
1571 1993 1664 2048 τοῦ
1723 1995 1796 2067 μὴ

216 2080 566 2151 ἁναινεθῆναι
586 2082 676 2136 τὸν
700 2082 958 2139 δοκοῦντα
978 2087 1045 2156 τῇ
1072 2085 1317 2151 ἐξετάσει
1343 2086 1436 2140 τοῦ
1471 2087 1631 2156 λόγου
1657 2105 1800 2159 παρ-

218 2173 524 2229 ακολουθεῖν
566 2175 664 2230 τοῦ
705 2176 953 2247 λέγοντος
977 2196 991 2209 ⁸
1036 2197 1056 2231 ί
1103 2178 1210 2232 Ἴδε
1234 2181 1262 2233 ὁ
1298 2180 1492 2251 ’Δμνὸς
1519 2180 1612 2233 τοῦ
1636 2180 1797 2245 θεοῦ,

215 2265 244 2319 ό
274 2267 442 2339 αίρων
466 2267 575 2340 τὴν
597 2269 871 2341 ἁμαρτίαν
903 2269 998 2324 τοῦ
1042 2271 1270 2342 κόσμου,
1302 2291 1321 2323 ι
1361 2272 1638 2325 ὲπιπλεῖον
1671 2273 1800 2344 περὶ

215 2357 412 2414 τούτων
443 2360 762 2425 διαλαϐεῖν,
808 2362 895 2427 ἵν’,
941 2362 1141 2427 εἰδότες
1185 2363 1267 2416 ὅτι
1321 2362 1417 2416 καὶ
1468 2361 1624 2433 θυμῷ
1661 2360 1796 2416 Θεοῦ

216 2449 357 2507 ἐστιν
404 2453 769 2525 ἐλεγχθῆναι,
821 2456 914 2508 καὶ
941 2456 1079 2527 ὀργῇ
1113 2454 1249 2508 Θεοῦ
1283 2454 1675 2527 παιδευθῆναι,
1710 2454 1797 2509 διὰ

215 2543 272 2597 τὸ
320 2544 398 2609 είς
430 2544 746 2618 ὑπερϐολὴν
785 2544 1164 2619 φιλάνθρωπον
1216 2547 1406 2601 οὐδένα
1446 2546 1621 2618 πάντη
1669 2546 1795 2600 ἀνέ-

217 2634 433 2704 λεγκτον
471 2638 576 2691 καὶ
618 2638 938 2692 ἀπαίδευτον
981 2638 1176 2703 ὲῶντος
1195 2679 1210 2703 ,
1261 2638 1439 2693 πάντα
1479 2640 1795 2710 ποιήσωμεν

217 2728 291 2790 εἰς
312 2726 373 2781 τὺ
396 2727 663 2800 δεηθῆναι
699 2728 809 2799 (51)
853 2727 1108 2783 τοιούτων
1138 2726 1377 2799 ἐλέγχων
1397 2767 1412 2792 ,
1450 2729 1545 2782 καὶ
1576 2727 1676 2799 τῆς
1707 2726 1797 2782 διὰ

216 2817 315 2870 τῶν
343 2820 775 2874 ὲπιπονωτάτων
800 2819 1066 2883 παιδείας.

1905 1915 2002 1974 per
2029 1900 2262 1974 ﬂagella,
2316 1920 2413 1976 per
2462 1907 2692 1976 spiritus
2722 1909 2914 1977 malos,
2944 1924 3044 1981 per
3087 1911 3308 1967 morbos
3335 1908 3474 1966 diffi-

1904 1988 2156 2057 cillimas,
2183 2005 2282 2062 per
2306 1991 2652 2051 inﬁrmitates
2677 1996 3154 2055 laboriosissimas.
3178 2000 3312 2068 Quis
3340 2017 3472 2071 ergo

1904 2084 2055 2139 novit
2077 2099 2198 2154 quae
2224 2095 2357 2140 sunt
2379 2087 2547 2142 etiam
2576 2099 2697 2157 post
2725 2090 2884 2145 hare?
2918 2090 3187 2146 Caeterum
3220 2106 3477 2146 necessa~

1905 2177 2043 2230 rium
2070 2177 2188 2244 fuit,
2224 2192 2291 2231 ne
2319 2193 2702 2248 respueremns
2741 2196 2862 2236 eum
2897 2183 2991 2252 qui
3016 2184 3231 2251 assequi
3263 2185 3476 2238 videtur

1903 2281 2085 2322 veram
2117 2269 2529 2342 intelligentiam
2566 2274 2837 2329 sermonis
2870 2273 3020 2331 illius
3070 2277 3165 2345 qui
3211 2275 3347 2330 dicit
3376 2276 3422 2307 ⁸⁸
3458 2292 3473 2328 :

1907 2377 1925 2410 ι
1957 2358 2099 2416 Ecce
2121 2363 2311 2432 Agnus
2340 2364 2427 2419 ille
2459 2365 2576 2432 Dei,
2613 2368 2703 2436 qui
2731 2367 2866 2421 tollit
2897 2378 3177 2435 peccatum
3208 2368 3416 2432 mundi,
3450 2387 3469 2419 ι

1900 2455 2107 2511 diutius
2159 2460 2226 2511 de
2275 2458 2429 2514 hisce
2464 2460 2627 2514 rebus
2655 2461 2926 2516 disserere
2955 2501 2971 2527 ,
3013 2472 3073 2514 ut
3102 2461 3341 2516 scientes
3372 2475 3474 2515 uos

1901 2555 1957 2600 et
1984 2545 2170 2603 furore
2198 2550 2288 2604 Dei
2316 2549 2607 2620 aliquando
2635 2552 2982 2623 redargui,et
3009 2555 3089 2609 ira
3120 2554 3212 2608 Dei
3245 2554 3475 2623 corripi,

1902 2639 2174 2694 neminem
2201 2642 2270 2695 ob
2307 2657 2548 2698 amorem
2581 2657 2706 2714 erga
2736 2659 2907 2714 genus
2938 2644 3260 2713 humanum,
3288 2644 3371 2703 vel
3406 2646 3475 2699 ad

1902 2731 2229 2802 hyperbolen
2262 2747 2455 2803 usque,
2483 2736 2715 2791 sinentis
2763 2736 2984 2791 omnino
3040 2736 3467 2808 irredargutum,

1904 2831 2067 2892 atque
2100 2839 2204 2880 non
2239 2837 2549 2896 correptum
2579 2866 2594 2890 ,
2645 2828 2830 2883 omnia
2862 2827 3130 2883 faciamus
3178 2839 3234 2884 ut
3274 2829 3475 2884 talibus

218 2912 699 2985 redargutionibus
723 2923 888 2984 atque
921 2916 1266 2984 correptione
1294 2928 1357 2970 ea
1402 2929 1522 2985 quae
1554 2914 1658 2970 sita
1695 2924 1783 2970 est
1815 2916 1871 2971 in
1899 2919 2063 2977 rebus
2114 2922 2432 2991 asperrimis
2476 2934 2643 2994 atque
2694 2924 3114 2992 molestissiiuis,
3154 2940 3261 2981 non
3310 2940 3472 2997 egea-

278 3099 363 3155 38.
404 3100 802 3155 Ἐπισκεπτέον
833 3101 890 3155 δὲ
925 3101 1004 3173 τῷ
1046 3102 1427 3175 ἐντυγχάνοντι
1475 3102 1548 3157 τὰ
1595 3103 1653 3158 ὲν
1684 3104 1786 3166 τοῖς

1973 3103 2137 3175 158
2169 3102 2261 3159 38.
2293 3101 2618 3160 Consideret
2652 3104 2873 3176 insuper
2900 3084 3072 3161 lector
3099 3113 3316 3176 oportet
3347 3121 3470 3178 qua:

215 3194 493 3265 προτέροις
529 3196 670 3266 ἡμῖν
712 3195 999 3267 εἰρημένα,
1034 3197 1173 3267 μετὰ
1213 3196 1566 3267 παραθέσεως
1615 3195 1786 3250 πλειό-

1908 3211 2065 3267 supra
2102 3206 2229 3251 sunt
2256 3210 2285 3250 a
2320 3197 2477 3252 nobis
2513 3197 2683 3261 dicta,
2709 3213 2834 3253 cum
2864 3199 3204 3270 appositione
3233 3198 3471 3268 complu-

215 3300 313 3338 νων
356 3286 842 3358 παραδειγμάτων,
895 3289 1022 3361 περὶ
1060 3286 1154 3341 τοῦ
1196 3289 1249 3342 τί
1288 3289 1612 3361 σημαίνεται
1653 3288 1795 3343 κατὰ

216 3379 307 3448 τὴν
343 3378 568 3452 Γραφὴν
630 3380 697 3433 ὲκ
756 3380 859 3450 τῆς
911 3383 1140 3450 κόσμος
1173 3382 1390 3452 φωνῆς·
1433 3380 1496 3434 οὐ
1538 3380 1648 3454 γὰρ
1704 3380 1796 3434 εύ-

216 3468 362 3539 λογον
391 3473 695 3545 ἡγησάμην
732 3472 1093 3543 παλιλλογεῖν.
1123 3474 1236 3528 Οὐκ
1260 3472 1565 3545 ἀγνοοῦμεν
1588 3472 1645 3526 δέ
1671 3489 1795 3526 τινα

216 3566 406 3637 κόσμον
435 3567 788 3639 ὲξειληφέναι
834 3567 930 3640 τὴν
975 3567 1299 3638 Ἐκκλησίαν
1345 3566 1535 3638 μόνην,
1587 3565 1794 3637 κόσμον

216 3653 370 3714 οὖσαν
403 3659 497 3713 τοῦ
538 3660 751 3731 κόσμου
772 3676 785 3690 ·
836 3660 957 3714 ἐπεὶ
1004 3660 1098 3714 καὶ
1133 3659 1248 3731 φῶς
1291 3658 1509 3729 λέγεται
1550 3657 1643 3711 τοῦ
1701 3657 1794 3711 κό-

217 3767 372 3821 σμου’
419 3772 437 3805 ε
472 3752 667 3823 Ὑμεῖς
708 3751 818 3825 γὰρ
859 3753 1014 3821 ἐστὲ,
1058 3753 1225 3824 φησὶ,
1298 3751 1362 3806 τὸ
1412 3752 1525 3821 φῶς
1556 3751 1651 3805 τοῦ
1696 3750 1797 3804 κύ·-

217 3860 363 3915 σμου.
397 3865 415 3897 ι
448 3846 676 3916 Κόσμος
699 3845 755 3898 δὲ
789 3846 882 3900 τοῦ
929 3846 1135 3917 κόσμου
1162 3848 1196 3918 ἡ
1238 3843 1554 3916 Ἐκκλησία,
1584 3843 1788 3913 κόσμου

216 3938 372 4008 αὐτῆς
414 3937 708 4008 γινομένου
760 3936 999 4009 Χριστοῦ
1028 3978 1043 4002 ,
1083 3936 1177 3991 τοῦ
1211 3936 1427 4008 πρώτου
1463 3934 1640 4004 φωτὸς
1694 3933 1788 3987 τοῦ

216 4030 429 4102 κόσμου.
468 4029 854 4100 Κατανοητέον
876 4028 941 4101 δὴ
961 4032 1010 4083 εί
1034 4029 1109 4102 μὴ
1132 4029 1228 4083 τοῦ
1254 4027 1419 4081 αὐτοῦ
1442 4026 1649 4097 κόσμου
1675 4024 1790 4093 φῶς

214 4117 342 4176 εἶναι
373 4123 598 4192 λέγεται
629 4124 659 4176 ό
682 4120 938 4193 Χριστὸς,
973 4122 1069 4174 κα)⁵
1097 4121 1147 4173 οἱ
1177 4118 1417 4191 μαθηταὶ
1444 4115 1608 4171 αὑτοῦ
1629 4133 1641 4145 ·
1673 4114 1786 4168 ἀλλ’

214 4212 295 4266 ὅτε
343 4215 440 4285 μὲν
485 4213 724 4286 Χριστὸς
772 4211 887 4280 φῶς
930 4210 1026 4264 τοῦ
1070 4210 1276 4281 κόσμου
1319 4209 1470 4272 ἐστὶ,
1517 4208 1656 4277 τάχα
1689 4207 1789 4276 τῆς

225 4304 542 4378 Ἐκκλησίας
582 4307 703 4359 ἐστὶ
743 4306 876 4375 φῶς⁶
920 4305 1010 4358 ὅτε
1040 4303 1096 4357 δὲ
1122 4305 1169 4357 οἱ
1203 4302 1441 4374 μαθηταὶ
1467 4299 1632 4353 αὑτοῦ
1672 4299 1786 4368 φῶς

215 4399 300 4454 τοῦ
323 4401 549 4472 κόσμου,
586 4401 795 4473 μήποτε
830 4397 938 4452 τῶν
968 4396 1469 4470 παρακαλουμένων
1491 4394 1596 4447 εἰσὶ
1626 4393 1740 4461 φῶς
1767 4432 1782 4456 ,

1895 3286 2037 3343 rium
2069 3287 2448 3356 exemplorum
2478 3286 2544 3342 de
2569 3302 2634 3342 eo
2667 3289 2809 3358 quod
2838 3298 2943 3356 est,
2978 3290 3106 3360 quid
3134 3291 3470 3361 significetur

1890 3377 2047 3450 juxta
2079 3376 2419 3448 Scripturam
2452 3393 2549 3446 per
2574 3394 2760 3434 vocem
2791 3383 3019 3436 mundus
3063 3381 3140 3448 ‘7;
3176 3397 3279 3437 nec
3319 3382 3465 3439 enim

1895 3480 2321 3527 consentaneum
2374 3486 2495 3527 esse
2534 3474 2718 3541 putavi
2757 3483 3021 3542 repetere.
3074 3473 3190 3529 Non
3250 3476 3468 3546 ignora-

1893 3580 2014 3620 mus
2044 3573 2226 3619 autem
2264 3564 2556 3634 quemdam
2592 3565 2914 3634 exposuisse
2947 3579 3045 3635 per
3074 3568 3330 3621 mundum
3360 3565 3466 3622 Ec-

1893 3655 2116 3712 clesiam
2149 3656 2321 3713 solam
2342 3693 2360 3721 ,
2406 3655 2667 3710 mundum
2695 3665 2754 3711 et
2778 3669 3164 3713 ornamentum
3193 3659 3467 3714 exsisten-

1895 3757 2004 3803 tem
2031 3746 2260 3812 mundi;
2298 3746 2744 3817 quandoquidem
2775 3747 2865 3801 lux
2901 3747 3065 3802 etiam
3117 3748 3303 3802 mundi
3332 3749 3467 3803 dici-

1894 3850 2025 3894 tur:
2062 3856 2082 3891 ι
2123 3839 2235 3896 Vos
2281 3840 2430 3895 enim
2465 3840 2638 3903 estis,
2696 3839 2872 3909 inquit
2919 3839 2987 3906 "',
3029 3839 3121 3893 lux
3173 3840 3382 3895 mundi.
3438 3858 3459 3892 ι

1890 3930 2121 3986 Mundus
2149 3938 2333 3987 autem
2356 3944 2414 3986 et
2444 3940 2828 3986 ornamentum
2860 3931 3045 3985 mundi
3081 3939 3163 3986 est
3198 3930 3461 4003 Ecclesia,

1890 4021 2106 4077 Christo
2152 4020 2452 4077 exsisteute
2484 4021 2687 4076 mundo
2720 4031 2775 4075 et
2807 4031 3127 4075 ornamento
3179 4018 3463 4084 Ecclesiae,

1890 4114 2090 4184 quippe
2113 4114 2204 4183 qui
2239 4113 2312 4168 sit
2342 4114 2514 4181 prima
2537 4112 2628 4167 lux
2662 4113 2847 4167 mundi
2878 4112 2944 4165 ³⁸.
2994 4112 3462 4168 Considerandum

1889 4216 2072 4260 autem
2120 4214 2203 4261 est
2236 4219 2367 4258 num
2416 4203 2659 4272 ejusdem
2714 4206 2897 4260 mundi
2962 4205 3054 4259 lux
3096 4220 3218 4261 esse
3246 4204 3467 4260 dicatur

1888 4297 2145 4353 Christus
2171 4305 2226 4350 et
2251 4296 2500 4366 discipuli
2528 4295 2667 4364 ejus.
2700 4295 2936 4352 Proinde
2963 4298 3107 4361 vide,
3133 4311 3225 4361 ne,
3247 4299 3464 4366 quando

1889 4391 2139 4447 Christus
2169 4390 2261 4445 lux
2286 4401 2375 4448 est
2402 4392 2613 4454 mundi,
2644 4390 2899 4445 fortassis
2931 4390 3021 4443 lux
3054 4393 3124 4444 sit
3162 4389 3461 4459 Ecclesiae;

214 4494 405 4567 ἑτέρων
456 4496 629 4549 ὄντων
688 4492 840 4565 παρὰ
884 4491 981 4562 τὴν
1042 4488 1367 4559 Ἐκκλησίαν
1396 4527 1410 4551 ,
1467 4486 1656 4555 ὥσπερ
1708 4484 1784 4554 τῷ

1908 4485 2108 4555 luando
2136 4500 2265 4541 vero
2314 4484 2563 4556 discipuli
2597 4485 2714 4555 ejus
2741 4484 2834 4538 lux
2880 4495 3009 4538 sunt
3038 4483 3249 4551 mundi,
3302 4484 3464 4538 invo-

217 4586 401 4659 Παύλῳ
447 4588 580 4659 περὶ
626 4585 830 4640 τούτων
884 4584 1097 4654 εἴρηται
1142 4583 1200 4635 ὲν
1253 4580 1332 4651 τῷ
1371 4578 1640 4650 προοιμίῳ
1681 4576 1782 4645 τῆς

1908 4577 2129 4632 :antium
2161 4578 2273 4632 sint
2303 4577 2390 4632 lux
2422 4620 2441 4646 ,
2493 4577 2585 4648 qui
2638 4576 2840 4632 diversi
2890 4584 3021 4631 sunt
3073 4577 3143 4631 ab
3174 4574 3414 4631 Ecclesia
3444 4617 3462 4641 ,

216 4674 473 4752 προτέρας
504 4680 643 4753 πρὸς
675 4681 800 4742 τοὺς
817 4676 1138 4751 Κορινθίους
1181 4671 1499 4741 Ἐπιστολῆς
1519 4670 1783 4739 γράφοντι

1908 4671 2348 4742 luemadmodum
2400 4686 2428 4724 a
2483 4669 2652 4725 Paulo
2705 4670 2911 4724 dictum
2959 4679 3045 4724 est
3092 4671 3144 4724 in
3194 4673 3462 4740 prowmio

221 4793 239 4825 ί
264 4778 325 4845 τῇ
357 4772 656 4844 Ἐκκλησία
690 4771 785 4825 τοῦ
817 4771 951 4825 Θεοῦ
972 4811 987 4835 ,
1022 4771 1120 4824 σὺν
1160 4769 1296 4821 πᾶσι
1350 4769 1461 4829 τοῖς
1502 4763 1784 4817 ἐπικαλου-

1908 4763 2089 4819 )rioris
2130 4762 2384 4832 Epistolzc
2425 4762 2493 4816 ad
2537 4762 2845 4817 Corinthios
2882 4760 3160 4817 scribente
3198 4779 3219 4814 ι
3262 4764 3330 4818 ad
3356 4764 3461 4818 Ec-

220 4865 391 4935 μένοις
418 4868 479 4920 τὸ
508 4868 683 4938 ὄνομα
708 4863 802 4917 τοῦ
833 4864 1041 4935 Κυρίου
1082 4859 1255 4931 Ἰησοῦ
1294 4857 1550 4931 Χριστοῦ.
1592 4875 1610 4908 ι
1656 4855 1781 4909 Ἐάν

1908 4855 2111 4911 :lesiam
2164 4854 2284 4923 Dei,
2341 4869 2464 4910 cum
2519 4854 2772 4907 omnibus
2823 4853 2915 4923 qui
2973 4852 3233 4908 invocant
3263 4869 3461 4910 nomen

215 4977 291 5024 τις
341 4961 539 5032 ύπονοῇ
575 4958 669 5013 τοῦ
705 4958 909 5029 κόσμου
963 4954 1080 5025 φῶς
1120 4952 1373 5022 λέγεσθαι
1413 4950 1513 5021 τὴν
1556 4947 1783 5019 Ἐκκληο

1908 4948 2105 5003 )omini
2140 4948 2313 5003 nostri
2346 4946 2475 5002 Jesu
2520 4946 2721 5002 Christi
2746 4945 2814 5000 ⁸ο.
2850 4964 2868 4997 ι
2902 4946 2959 5000 Si
2986 4946 3112 5016 quis
3151 4947 3462 5015 suspicetur

217 5052 349 5118 σίων,
381 5056 543 5108 οἱονεὶ
578 5052 673 5107 τοῦ
706 5050 894 5106 λοιποῦ
928 5051 1119 5120 γένους
1157 5048 1264 5102 τῶν
1302 5044 1603 5117 ἀνθρώπων
1627 5084 1640 5107 ,
1686 5042 1781 5096 καὶ

1908 5039 2185 5094 Ecclesiam
2224 5038 2330 5093 dici
2362 5038 2537 5092 lucem
2568 5036 2778 5102 mundi,
2816 5036 2921 5092 hoc
2948 5045 3032 5090 est
3072 5034 3269 5105 reliqui
3295 5032 3461 5106 gene-

215 5142 314 5198 τῶν
335 5146 605 5209 ἀπίστων,
630 5146 678 5198 εί
713 5145 809 5216 μὲν
853 5139 1207 5216 προφητικῶς
1248 5138 1407 5193 τοῦτο
1426 5137 1514 5191 διὰ
1536 5136 1627 5189 τὸν
1652 5134 1781 5204 περὶ

1908 5134 1959 5186 'is
1979 5129 2258 5185 hominum
2284 5138 2339 5183 et
2367 5126 2688 5190 infidelium,
2721 5127 2983 5196 siquidem
3017 5126 3333 5196 prophetice
3355 5126 3458 5182 hoc

214 5236 387 5301 τέλους
406 5238 568 5306 λόγον
598 5237 890 5309 ὲκλήψεται
909 5275 924 5300 ,
959 5234 1100 5304 τάχα
1132 5232 1245 5303 ἔχει
1291 5230 1474 5302 χώραν
1513 5229 1575 5282 τὸ
1619 5226 1775 5296 λεγό-

1908 5219 2335 5292 nterpretabitur
2381 5228 2603 5288 propter
2655 5231 2965 5272 sermonem
3010 5218 3077 5271 de
3105 5231 3455 5272 consumma-

221 5345 393 5399 μενων
442 5334 490 5385 εἰ
522 5331 583 5385 δὲ
616 5332 691 5394 ὡς
716 5306 821 5402 *ἤδη
879 5328 1162 5399 γινόμενον
1205 5325 1351 5398 (ἐπεὶ
1380 5325 1442 5377 τὸ
1472 5322 1588 5392 φῶς
1634 5337 1777 5384 τινος

1908 5310 2049 5376 ione,
2087 5307 2322 5365 fortasse
2351 5308 2529 5363 locum
2561 5306 2878 5362 habetillud
2910 5306 3057 5377 quod
3090 5307 3333 5379 dicitur;
3368 5309 3452 5363 sin

218 5396 427 5490 φωτίζει
474 5427 653 5479 ἐκεῖνο
678 5396 903 5479 obes-tt-
930 5396 1046 5492 φῶς
1071 5420 1120 5490 ),
1159 5396 1520 5474 δεικνύτωσαν
1553 5416 1670 5482 πῶς
1715 5417 1776 5469 τὸ

1908 5417 2016 5458 vero
2042 5410 2299 5473 tauquam
2319 5399 2431 5468 jam
2464 5398 2667 5454 factum
2698 5398 2752 5453 id
2781 5396 3152 5454 considerabit
3174 5397 3455 5466 (quoniam

281 5561 327 5595 "
355 5561 511 5623 Joan.
535 5581 579 5633 ι,
600 5566 687 5625 29.
760 5566 806 5601 δ’
839 5565 996 5624 Joan.
1028 5580 1068 5632 ι,
1096 5564 1183 5621 10.
1258 5564 1306 5596 ιθ
1346 5562 1541 5618 Matth.
1573 5576 1627 5626 ν,
1669 5559 1753 5614 14.

1908 5552 2294 5620 Joan.vm,12.
2370 5551 2416 5583 ⁸⁰
2447 5551 2617 5608 lCor.
2643 5562 2682 5615 ι,
2713 5550 2768 5605 2.

286 5684 392 5760 (49)
432 5686 549 5742 Τοῦ
576 5690 872 5760 αἴροντος,
912 5698 1017 5744 etc.
1057 5687 1147 5743 Sic
1202 5685 1363 5740 habet
1398 5684 1568 5739 codex
1624 5680 1769 5738 Bod-

1908 5679 2046 5733 nale.

1962 5749 2061 5760 In...
2117 5750 2176 5760 ..ι
2292 5745 2303 5760 ο
2352 5744 2378 5760 α
2413 5738 2526 5760 nn"
2688 5739 2968 5760 n-,-.--_!---
3004 5739 3219 5760 _2.I-n-__
3259 5735 3365 5760 1-,..2

222 5735 727 5832 ιείέειςητῖεῑέξῑά
751 5735 1104 5832 ἱιῗὲέἒιέὂῠξ
1181 5821 1209 5832 _
1323 5824 1357 5832 _
1442 5823 1455 5832 ,
1565 5818 1630 5832 ,,
1679 5814 1707 5832 .

1917 5823 1928 5832 _
1956 5749 2067 5832 (5i)
2108 5750 2217 5832 ιζῑς
2245 5738 2647 5832 τιξηδεηθῆναι.
2688 5739 2971 5799 Ferrarius
3004 5739 3221 5801 videtur
3259 5735 3461 5806 legisse

292 5823 399 5897 (50)
434 5814 994 5889 Codexvtludleianus
1042 5828 1137 5893 Τις
1180 5821 1272 5902 ἦν,
1323 5823 1526 5898 Regius
1565 5818 1630 5878 Τί
1677 5814 1768 5897 ἦν,

1917 5814 1974 5886 ἶς’
1991 5814 2055 5875 τὸ
2088 5819 2164 5893 μὴ
2190 5818 2465 5893 δεηθῆναι.
