3766 6142
260 323 373 381 ’503

1717 316 1825 374 0R]

1962 317 2036 373 [IS
3393 328 3486 384 504

263 436 355 492 lux
390 436 622 504 alicujus
656 433 891 489 illustrat
940 433 1072 489 illud
1101 475 1117 500 ,
1150 433 1307 503 cujus
1333 442 1415 489 est
1459 432 1594 504 lux).
1643 441 1822 488 osten-

1962 432 2118 488 οιπὺν
2157 432 2312 502 γένος
2351 433 2644 504 φωτίζεται
2672 435 2777 490 ὑπὸ
2804 436 2903 509 τῆς
2927 439 3401 511 παρεπιδημούσης
3421 443 3487 515 τῷ

262 534 395 587 dant
437 528 707 599 quomodo
738 528 1003 597 reliquum
1055 540 1225 598 genus
1258 528 1565 582 illustratur
1613 527 1681 582 ab
1731 527 1832 582 Ec-

262 624 428 679 clesia
480 622 862 693 peregrinante
886 621 939 675 in
974 623 1196 678 mundo.
1226 620 1378 688 Quod
1411 622 1455 676 si
1491 622 1592 676 hoc
1647 632 1833 679 osten-

262 717 393 772 dere
433 723 734 785 nequeunt,
771 714 1056 770 advertant
1087 730 1214 768 num
1244 724 1388 768 recte
1416 715 1832 784 exposuerimus

262 809 436 865 lucem
464 822 586 864 esse
619 807 943 871 Ecclesiam,
978 816 1032 859 et
1064 806 1324 860 mundum
1356 807 1698 862 invocantes.
1725 806 1831 863 Sed

263 900 452 956 vocula
476 916 600 970 qua:
625 900 895 969 sequitur,
919 897 1096 967 posita
1128 896 1181 950 in
1206 897 1498 967 Evangelia
1522 912 1552 951 a
1585 898 1832 952 Mattlueo

264 993 463 1049 tradito
505 992 775 1062 exprimet
824 990 1225 1047 enarrationem
1258 990 1306 1045 ei
1354 990 1447 1060 qui
1479 990 1835 1061 diligentissi-

264 1098 351 1139 me
397 1091 674 1139 scrutatur
726 1081 1081 1151 Scripturas:
1118 1099 1136 1133 ι
1173 1078 1281 1136 Vos
1329 1083 1474 1136 enim
1499 1120 1517 1148 ,
1553 1082 1728 1151 inquit
1760 1083 1827 1145 ⁵⁸,

265 1177 397 1232 estis
423 1175 505 1231 sal
538 1184 740 1239 terrae;
795 1194 815 1226 ι
870 1174 1101 1229 fortasse
1141 1187 1238 1243 per
1267 1182 1472 1229 terram
1525 1175 1833 1245 intelligens

264 1267 504 1338 reliquos
524 1268 797 1330 homines,
815 1279 1046 1335 quorum
1081 1264 1160 1319 sal
1184 1266 1425 1334 suntqui
1453 1266 1826 1326 crediderunt.

265 1369 517 1415 auctores
546 1360 874 1415 exsistentes
901 1368 959 1413 ut
1002 1358 1238 1413 mundus
1267 1364 1520 1414 servetur
1546 1366 1829 1427 propterea

262 1452 403 1521 quod
427 1453 697 1516 credant;
737 1461 864 1508 tunc
891 1452 1035 1507 enim
1066 1453 1467 1508 consummatio
1491 1450 1618 1514 erit,
1663 1451 1711 1507 si
1743 1449 1827 1506 sal

262 1545 564 1600 infamatus
593 1542 784 1609 fuerit,
811 1552 867 1600 et
896 1559 1004 1599 non
1036 1544 1107 1601 sit
1130 1543 1362 1613 amplius
1393 1545 1487 1616 qui
1517 1545 1675 1600 saliat
1703 1560 1832 1601 cou-

264 1646 553 1707 servetque
583 1645 782 1690 terram
817 1652 833 1688 :
864 1634 1119 1704 quoniam
1148 1633 1337 1703 liquet,
1370 1637 1417 1690 si
1454 1635 1680 1704 impleta
1711 1636 1830 1690 fue-

264 1728 334 1782 rit
362 1727 646 1796 iniquitas,
666 1734 722 1780 et
746 1722 1062 1794 refriguerit
1093 1725 1336 1780 charitas
1372 1741 1539 1795 super
1564 1736 1764 1781 terram
1782 1727 1829 1760 ⁸³

264 1814 284 1887 (
310 1823 366 1870 ιιι
389 1816 557 1869 etiam
590 1813 857 1870 Servator
886 1814 1004 1882 ipse
1034 1814 1254 1869 dubiam
1294 1813 1507 1882 profert
1540 1831 1727 1872 vocem
1763 1817 1830 1871 de

265 1908 351 1962 his
377 1908 469 1978 qui
510 1907 564 1962 in
593 1921 694 1963 suo
752 1906 923 1977 ipsius
976 1906 1211 1962 adventu
1264 1916 1461 1975 erunt,
1517 1909 1709 1965 dicens
1738 1911 1827 1968 "z

268 2014 289 2048 σ
324 1995 702 2051 Verumtamen
725 2011 849 2051 cum
889 1996 1099 2050 venerit
1122 1995 1289 2053 Filius
1316 1999 1577 2064 hominis,
1599 2016 1722 2055 num
1756 2003 1834 2056 in-

265 2087 448 2143 veniet
473 2086 632 2142 tidem
661 2101 824 2156 super
856 2097 1054 2143 terram
1081 2089 1104 2142 ?
1130 2090 1177 2160 ι)
1204 2090 1444 2145 futuram
1492 2107 1832 2149 consumma-

265 2181 464 2234 tionem
524 2179 724 2236 saaculi.
768 2179 986 2235 Dicatur
1034 2181 1218 2251 itaque
1273 2181 1516 2239 Ecclesia
1575 2187 1827 2253 mundus,

264 2268 481 2340 quando
496 2283 526 2322 a
545 2266 838 2324 Servatore
860 2270 1158 2326 illustratur
1174 2270 1197 2338 ;’
1213 2287 1313 2328 nos
1325 2284 1504 2329 autem
1517 2279 1831 2346 quaerimus,

263 2379 331 2417 au
368 2369 587 2431 propter
617 2361 746 2417 illud
774 2379 788 2416 :
821 2380 840 2412 ι
878 2361 1015 2417 Ecce
1057 2362 1243 2435 Agnus
1272 2366 1363 2422 ille
1403 2367 1519 2434 Dei,
1566 2369 1659 2438 qui
1698 2368 1834 2426 tollit

267 2456 730 2529 159peceatum
775 2457 954 2511 mundi
987 2456 1054 2524 “,
1085 2476 1104 2510 ι
1144 2459 1503 2529 interpretari,
1537 2462 1832 2519 debeamus

265 2551 523 2604 mundum
583 2547 939 2618 spiritualiter
992 2563 1114 2606 esse
1160 2550 1461 2610 Ecclesiam
1517 2552 1833 2622 (ablatione

264 2650 613 2711 peccatorum
648 2640 1004 2697 circumclusa
1057 2641 1111 2696 in
1161 2642 1275 2697 sola
1320 2643 1627 2715 Ecclesia).
1688 2647 1834 2714 Quo-

263 2733 424 2790 modo
453 2733 598 2788 euim
628 2733 774 2803 quod
803 2748 833 2788 a
855 2733 1119 2804 discipulo
1153 2749 1252 2790 suo
1281 2735 1337 2790 in
1371 2734 1605 2806 Epistola
1635 2733 1835 2793 dicitur

261 2828 330 2882 de
367 2825 677 2893 Serv-atere,
701 2824 791 2896 qui
810 2824 1119 2895 propitiatio
1143 2837 1227 2883 est
1248 2842 1344 2898 pro
1371 2829 1633 2898 peccatis,
1665 2830 1834 2886 inter-

203 2933 217 2945 '
262 2918 621 2988 pretabimur,
650 2919 733 2989 sic
756 2919 966 2976 habens
998 2939 1014 2976 :
1054 2937 1074 2972 ι
1105 2918 1213 2976 Sed
1236 2929 1291 2975 et
1332 2920 1381 2975 si
1412 2922 1536 2990 quis
1567 2936 1829 2992 peccave-

256 3014 353 3079 rit,
424 3013 745 3068 advocatum
807 3015 1073 3069 habemus
1143 3014 1286 3084 apud
1361 3012 1576 3069 Patrem
1643 3013 1830 3072 Jesum

1935 527 2124 599 κόσμῳ
2153 527 2500 601 Ἑκκλησίας.
2544 528 2605 581 Εἰ
2639 528 2698 583 δὲ
2727 528 2883 582 τοῦτο
2913 529 3186 584 δεικνύναι
3225 532 3286 585 ού
3328 532 3491 588 δύνανι

1933 636 2043 683 ται,
2074 620 2524 691 ἐπιστησάτωσαν
2556 622 2764 693 μήποτε
2791 622 2960 691 ύγιῶς
2999 622 3356 695 ὲξειλήιραμεν
3390 626 3494 696 φῶς

1938 713 2035 782 μὲν
2085 709 2220 765 εἶναι
2253 711 2351 784 τὴν
2400 712 2754 785 Ἐκκλησίαν,
2809 713 3013 783 κόσμον
3050 714 3106 767 δὲ
3162 716 3289 779 τοὺς
3318 717 3494 771 ἐπικα-

1933 801 2246 874 λουμένους.
2294 804 2357 857 Ἡ
2409 803 2466 858 δὲ
2499 804 2626 875 ἑξῆς
2682 804 2836 877 φωνὴ
2878 805 3103 878 κειμένη
3149 806 3206 859 ὲν
3238 806 3315 877 τῷ
3368 809 3497 863 κατά

1933 893 2212 948 Ματθαῖον
2251 894 2330 965 τῲ
2376 895 2775 967 ἐπιμελέστατα
2821 897 3113 968 ὲρευνῶντι
3153 898 3253 962 τὰς
3291 898 3496 970 Γραφὰς

1936 986 2279 1057 παραστήσει
2335 986 2434 1057 τὴν
2489 986 2773 1059 διήγησινο
2825 1006 2845 1039 ι
2889 988 3082 1060 Ὑμεῖς
3120 989 3251 1061 γὰρ,
3303 991 3494 1061 φησιν,

1934 1077 2058 1130 ὲστὲ
2108 1078 2169 1130 τὸ
2208 1077 2343 1142 ἃλας
2375 1079 2475 1151 τῆς
2514 1079 2650 1150 γῆς·
2686 1098 2705 1131 ι
2759 1079 2900 1151 τάχα
2953 1080 3053 1152 τῆς
3093 1080 3198 1152 γῆς
3239 1081 3350 1135 τῶν
3396 1082 3498 1135 λοι-

1933 1170 2052 1226 πῶν
2115 1171 2420 1244 ἀνθρώπων
2475 1172 2802 1245 νοουμένων,
2851 1167 2926 1227 ὧν
2971 1174 3105 1237 ἃλας
3142 1176 3278 1228 εἰσιν
3317 1177 3365 1228 οἱ
3412 1194 3499 1230 πε-

1934 1264 2303 1328 πιστευκότες,
2334 1264 2495 1320 αἴτιοι
2523 1265 2617 1319 τοῦ
2648 1264 2930 1337 τηρεῖσθαι
2959 1265 3051 1319 τὸν
3084 1265 3286 1337 κόσμον
3311 1266 3398 1320 διὰ
3417 1267 3501 1321 τοῦ

1933 1355 2209 1409 πιστεύειν
2236 1356 2622 1426 τυγχάνοντεςο
2657 1356 2778 1409 τότε
2806 1355 2915 1427 γὰρ
2940 1358 2975 1427 ἡ
3020 1356 3295 1411 συντέλεια
3324 1358 3498 1423 ἔσται,

1931 1448 2028 1503 ἐὰν
2060 1446 2119 1501 τὸ
2148 1447 2284 1513 ἅλας
2312 1448 2594 1521 μωρανθῇ,
2632 1449 2724 1502 καὶ
2761 1450 2957 1521 μηκέτι
3067 1450 3129 1503 τὸ
3175 1449 3380 1515 ἁλίζον,
3416 1452 3506 1506 καὶ

1933 1540 2236 1613 συντηροῦν
2291 1542 2390 1615 τὴν
2436 1543 2569 1615 γῆν·
2621 1545 2745 1598 ἐπεὶ
2795 1544 2994 1614 σαφὲς,
3045 1545 3161 1609 ὅτι,
3225 1543 3322 1598 ὲάν
3382 1546 3509 1618 πλη-

1932 1633 2097 1707 θυνθῇ
2145 1637 2177 1707 ή
2216 1634 2446 1706 ἀνομία,
2488 1636 2583 1689 καὶ
2631 1635 2775 1709 ψυχῇ
2816 1636 3069 1708 ήάγάπη
3119 1638 3211 1691 ἐπὶ
3256 1637 3359 1708 τῆς
3407 1638 3508 1709 γῆς

1935 1726 2045 1798 (ὡς
2067 1728 2160 1782 καὶ
2196 1730 2358 1782 αὐτὸν
2404 1728 2498 1783 τὸν
2541 1729 2774 1801 Σωτῆρα
2806 1728 3159 1800 διστακτικὴν
3188 1729 3534 1800 προενέγκα-.

1935 1820 2058 1874 σθαι
2106 1821 2235 1891 περὶ
2302 1818 2411 1873 τῶν
2462 1820 2521 1873 ὲν
2569 1821 2635 1891 τῇ
2697 1819 2963 1891 ἐπιδημίᾳ
3024 1818 3220 1873 ἑαυτοῦ
3283 1820 3465 1892 φωνὴν
3493 1862 3510 1885 ,

1931 1911 2153 1980 λέγοντα
2178 1926 2190 1939 ·
2231 1931 2248 1961 ι
2286 1910 2451 1981 Πλὴν.
2482 1913 2511 1965 ὁ
2561 1911 2687 1974 Υἱὸς
2740 1911 2834 1964 τοῦ
2868 1909 3156 1982 ἀνθρώπου
3190 1908 3362 1964 ἐλθὼν
3410 1907 3511 1982 ἆρα

1932 2004 2153 2075 εὑρήσει
2183 2002 2282 2075 τὴν
2330 2004 2512 2057 πίστιν
2543 2004 2637 2056 ἐπὶ
2666 2003 2766 2073 τῆς
2792 2002 2898 2073 γῆς
2923 2019 2938 2066 ;
2970 2003 2988 2073 )
3031 2022 3050 2054 ι
3082 2003 3206 2056 τότε
3237 2001 3509 2056 συντέλεια

1932 2096 2083 2150 ἔσται
2098 2096 2192 2150 τοῦ
2218 2095 2431 2161 αἰῶνος.
2446 2096 2699 2166 Λεγέσθω
2720 2096 2951 2167 τοίνυνὴ
2977 2095 3270 2166 Ἐκκλησία
3292 2095 3509 2166 κόσμος,

1932 2193 2022 2245 ὅτε
2054 2190 2158 2244 ὑπὸ
2192 2190 2287 2243 τοῦ
2322 2191 2572 2261 Σωτῆρος
2612 2190 2929 2258 φωτίζεται·
2960 2192 3121 2261 ἡμεῖς
3154 2189 3211 2242 δὲ
3245 2188 3513 2261 ζητοῦμεν

1932 2287 1982 2337 εἰ
2007 2285 2148 2339 κατὰ
2176 2285 2265 2337 τό·
2306 2304 2324 2335 ι
2363 2283 2470 2337 Ἴδε
2496 2286 2524 2337 ό
2564 2283 2757 2354 Ἀμνὺς
2791 2283 2885 2336 τοῦ
2929 2282 3065 2336 Θεοῦ
3088 2323 3102 2347 ,
3144 2285 3172 2337 ὁ
3200 2283 3380 2355 αἴρων
3421 2280 3515 2352 τὴν

1934 2377 2207 2449 ἁμαρτίαν
2234 2377 2326 2430 τοῦ
2358 2376 2587 2448 κόσμου,
2622 2395 2640 2428 ι
2672 2377 2873 2445 κόσμον
2905 2375 3134 2447 ἡγητέον
3164 2374 3379 2446 νοητῶς
3407 2374 3511 2444 (59.)

1932 2472 2030 2542 τὴν
2081 2469 2406 2540 Ἐκκλησίαν
2456 2468 2924 2541 (περικλειομένου
2972 2468 3067 2521 τοῦ
3115 2466 3373 2539 αἴρεσθαι
3422 2466 3514 2536 τὴν

1931 2564 2208 2636 ἁμαρτίαν
2233 2565 2313 2627 είς
2346 2563 2513 2633 μόνην
2538 2561 2636 2633 τὴν
2673 2560 3043 2632 Ἐκκλησίαν).
3073 2559 3197 2624 Πῶς
3229 2561 3344 2631 γὰρ
3376 2559 3437 2635 τὸ
3460 2561 3512 2611 ὲν

1932 2656 1999 2725 τῇ
2030 2653 2317 2724 Ἐπιστολῇ
2342 2651 2448 2706 ὑπὸ
2474 2651 2568 2705 τοῦ
2602 2652 2767 2707 αὐτοῦ
2800 2650 3040 2727 μαθητοῦ
3072 2652 3368 2722 εἰρημένον
3390 2651 3514 2723 περὶ

1933 2744 2027 2800 τοῦ
2051 2746 2305 2817 Σωτῆρος
2343 2743 2574 2816 ἱλασμοῦ
2607 2745 2737 2814 περὶ
2767 2743 2873 2798 τῶν
2908 2743 3190 2816 ἁμαρτιῶν
3219 2744 3513 2814 τυγχάνον-

1932 2855 2023 2902 τος
2041 2836 2435 2909 διηγησόμεθα,
2469 2834 2643 2899 ούτως
2673 2820 2794 2906 ἕίον
2819 2852 2832 2865 ο
2864 2853 2883 2887 ι
2913 2834 3023 2890 Καὶ
3042 2834 3138 2888 ἐάν
3167 2851 3250 2899 τις
3269 2832 3512 2906 ἁμάρτῃ,

1935 2930 2282 3001 παράκλητον
2325 2929 2519 3001 ἔχομεν
2552 2928 2691 3000 πρὸς
2739 2928 2831 2982 τὸν
2871 2926 3095 2998 Πατέρα
3126 2925 3342 2998 Ἰησοῦν
3384 2926 3519 3003 Χριέ

1937 3026 2060 3078 στὸν
2107 3024 2350 3078 δίκαιον·
2416 3023 2510 3075 καὶ
2569 3021 2732 3085 αὐτὸς
2784 3019 3010 3091 ἱλασμός
3059 3021 3174 3072 ἐστι
3221 3019 3358 3090 περὶ
3410 3017 3512 3069 τῶν

258 3107 539 3164 Christum
562 3106 769 3176 justum
790 3125 805 3174 ;
830 3117 887 3163 et
914 3107 1029 3178 ipse
1050 3115 1135 3163 est
1162 3107 1476 3177 propitiatio
1502 3122 1601 3178 pro
1633 3123 1825 3177 pecca-

1962 3117 2219 3190 ιμαρτιῶν
2252 3117 2409 3189 ήμῶν
2431 3133 2443 3146 '
2485 3116 2545 3169 οὐ
2585 3116 2716 3188 περὶ
2760 3113 2868 3168 τῶν
2899 3112 3183 3186 ἡμετέρων
3235 3112 3298 3167 δὲ
3336 3111 3514 3183 μόνον,

260 3202 335 3255 tis
387 3200 622 3264 nostris;
678 3216 787 3254 non
837 3214 936 3269 pro
970 3200 1176 3255 nostris
1221 3209 1404 3255 autem
1454 3208 1688 3267 tantum,
1734 3203 1831 3259 sed

260 3293 424 3348 etiam
458 3308 557 3363 pro
585 3294 749 3349 totius
794 3295 979 3350 mundi
1011 3294 1100 3349 σιτ
1127 3313 1147 3346 ι
1173 3293 1240 3349 Ει
1263 3296 1409 3364 quod
1437 3296 1577 3366 apud
1604 3294 1827 3352 Paulum

256 3398 365 3455 est,
387 3387 516 3443 huic
557 3400 683 3443 reor
717 3401 837 3443 esse
873 3387 1084 3453 simile,
1139 3388 1219 3444 sic
1273 3387 1482 3445 habens
1517 3407 1530 3445 :
1567 3408 1587 3441 ι
1617 3390 1716 3458 Qui
1748 3399 1832 3447 est

257 3478 524 3535 Servator
549 3481 788 3535 omnium
823 3479 1126 3547 hominum,
1168 3482 1404 3536 maxime
1433 3480 1671 3538 ﬁdelium
1697 3484 1766 3542 ".
1804 3502 1824 3536 ι

259 3573 473 3628 Rursus
491 3572 556 3626 ad
584 3572 728 3628 hunc
764 3571 941 3626 locum
982 3569 1278 3627 Heracleon
1320 3573 1582 3641 veniens,
1627 3574 1831 3645 absque

255 3666 442 3736 aliqua
476 3665 863 3735 approbatione
909 3673 964 3718 et
1001 3665 1340 3734 appositione
1370 3665 1826 3729 testimoniorum,

260 3760 506 3822 enuntiat
567 3758 830 3817 Joannem
900 3767 1159 3833 tanquam
1223 3759 1540 3830 prophetam
1597 3760 1827 3814 dicere:

265 3880 283 3912 ο
315 3861 497 3931 Agnus
531 3859 623 3913 Dei
670 3859 714 3890 "
742 3876 756 3924 ;
788 3876 809 3910 ι
863 3868 920 3914 et
945 3870 1007 3914 ut
1031 3855 1466 3914 excellentiorem
1494 3855 1813 3925 prophetam

261 3952 467 4016 dicere,
521 3931 549 4003 ι’
571 3951 664 4020 qui
716 3948 891 4003 aufert
951 3956 1231 4016 peccatum
1295 3942 1503 3997 mundi.
1535 3960 1555 3994 ι
1589 3941 1827 4009 Quorum

261 4043 495 4114 primum
519 4040 803 4096 existimat
832 4039 898 4092 de
919 4052 1148 4107 corpore
1188 4038 1305 4105 eius
1349 4034 1481 4099 dici,
1530 4036 1826 4090 secundum

244 4148 390 4189 vero
417 4134 485 4189 de
512 4148 596 4199 eo,
625 4132 767 4202 quod
797 4141 879 4187 est
905 4132 959 4185 in
981 4145 1230 4199 corpore,
1265 4131 1392 4201 quia
1425 4144 1599 4199 agnus
1632 4129 1832 4198 imper-

260 4224 437 4280 fectus
480 4224 553 4278 sit
597 4225 651 4277 in
687 4221 866 4277 ovium
916 4235 1147 4291 genere;
1201 4231 1368 4291 atque
1402 4221 1509 4275 tale
1546 4221 1712 4274 etiam
1759 4219 1832 4274 sit

260 4329 461 4385 corpus
516 4312 922 4384 comparatione
971 4311 1327 4366 inhabitantis
1374 4312 1430 4365 in
1475 4310 1611 4380 ipso.
1656 4307 1831 4363 «Per-

260 4405 546 4461 fectionem
594 4420 759 4471 vero,
817 4405 1011 4474 inquit,
1055 4404 1101 4458 si
1154 4403 1371 4458 volebat
1402 4402 1617 4472 corpori
1672 4401 1830 4455 attri-

1933 3211 2070 3265 ἀλλά
2116 3211 2212 3265 καὶ
2258 3210 2386 3282 περὶ
2416 3209 2538 3263 ὅλου
2574 3207 2668 3261 τοῦ
2701 3208 2941 3278 κόσμου;
2982 3225 3002 3257 ι
3038 3205 3133 3259 καὶ
3167 3204 3229 3258 τὺ
3264 3200 3516 3275 παρὰτῷ

1934 3301 2133 3374 Παύλῳ
2160 3303 2217 3357 δὲ
2246 3302 2451 3356 τούτων
2480 3300 2688 3372 νομίζω
2715 3294 2855 3353 εἶναι
2899 3296 3308 3368 παραπλήσιον,
3347 3293 3515 3358 οὕτως

1931 3396 2053 3466 ἔχον
2072 3412 2084 3425 ·
2123 3412 2143 3446 ι
2188 3395 2286 3458 ’Ὁς
2313 3396 2430 3447 ἐστι
2459 3392 2651 3463 Σωτὴρ
2682 3392 2898 3445 πάντων
2922 3387 3246 3459 ἀνθρώπων,
3283 3386 3516 3458 μάλιστα

1931 3488 2160 3543 πιστῶν.
2195 3506 2214 3540 ι
2253 3486 2423 3541 Πάλιν
2449 3487 2507 3540 ὲν
2526 3484 2606 3556 τῷ
2634 3485 2784 3554 τόπῳ
2802 3484 2831 3537 ὁ
2864 3481 3179 3553 Ἡρακλέων
3199 3480 3514 3550 γενόμενος,

1931 3580 2101 3651 χωρὶς
2127 3579 2309 3651 πάσης
2357 3575 2722 3647 κατασκευῆς,
2754 3574 2850 3628 καὶ
2899 3571 3261 3646 παραθέσεως
3300 3587 3510 3642 μαρτυ-

1932 3667 2084 3742 ριῶν,
2109 3667 2493 3739 ἀποφαίνεται,
2513 3666 2679 3722 ὅτιτὸ
2703 3665 2803 3736 μέν
2829 3680 2843 3694 ο
2873 3682 2893 3716 ι
2942 3662 3136 3734 ’Δμνδς
3168 3659 3264 3714 τοῦ
3299 3658 3458 3720 Θεοῦ,
3488 3678 3506 3708 ι

1931 3761 2007 3826 ὡς
2047 3762 2330 3833 προφήτης
2359 3759 2525 3831 φησὶν
2550 3759 2581 3812 ὁ
2618 3758 2901 3828 Ἰωάννης”
2934 3755 2994 3811 τὸ
3020 3754 3079 3808 δέ
3105 3771 3118 3785 ·
3160 3772 3179 3806 ι
3236 3754 3300 3807 Ὀ
3343 3754 3511 3823 αἴρων

1929 3851 2029 3922 τὴν
2067 3849 2338 3922 ἁμαρτίαν
2378 3848 2474 3902 τοῦ
2510 3848 2737 3919 κόσμου,
2783 3866 2801 3899 ι
2839 3847 2913 3910 ὡς
2945 3843 3334 3917 περισσότερον
3382 3859 3511 3913 προ-

1933 3946 2122 4018 φήτου.
2155 3945 2265 3999 Καὶ
2294 3944 2467 3998 οἴεται
2498 3944 2560 3997 τὸ
2586 3944 2684 4014 μὲν
2725 3942 2988 4015 πρότερον
3017 3939 3145 4012 περὶ
3190 3937 3288 3992 τοῦ
3325 3941 3512 4007 σῶμα·

1929 4054 2021 4101 τος
2049 4036 2215 4090 αὑτοῦ
2245 4034 2522 4104 λέγεσθαι,
2549 4035 2610 4087 τὸ
2636 4034 2692 4087 δὲ
2740 4033 2991 4105 δεύτερον
3037 4030 3167 4103 περὶ
3206 4030 3304 4084 τοῦ
3342 4031 3403 4082 ἐν
3432 4026 3506 4098 τῷ

1932 4128 2165 4200 σώματι,
2197 4128 2275 4199 τῷ
2305 4129 2394 4183 τὸν
2420 4129 2590 4199 ἀμνὸν
2611 4126 2776 4197 ἀτελῆ
2800 4121 2936 4180 εἶναι
2965 4126 3024 4179 ὲν
3049 4123 3128 4194 τῷ
3159 4122 3271 4177 τῶν
3305 4120 3510 4194 προϐά-

1929 4237 2038 4274 των
2076 4223 2259 4290 γένει·
2291 4219 2434 4273 οὕτω
2459 4218 2517 4272 δὲ
2536 4220 2714 4273 καὶτὸ
2744 4219 2902 4289 σῶμα
2932 4216 3231 4288 παραθέσει
3255 4215 3352 4269 τοῦ
3376 4217 3511 4267 ἐνοι-

1932 4311 2154 4375 κοῦντος
2183 4310 2354 4383 αὐτῷ.
2384 4330 2404 4362 ι
2442 4311 2518 4364 Τὸ
2543 4309 2601 4362 δὲ
2629 4308 2836 4363 τέλειον
2862 4310 2909 4362 εί
2931 4304 3206 4371 ἐϐούλετο,
3242 4307 3402 4377 φησὶ,
3434 4302 3509 4378 τῷ

1934 4400 2143 4473 σώματι
2178 4402 2544 4473 μαρτυρῆσαι,
2572 4397 2724 4471 κριὸν
2752 4394 2904 4453 εἶπεν
2949 4397 3014 4453 ἂν
3049 4397 3109 4452 τὸ
3145 4397 3342 4470 μέλλον
3396 4397 3508 4468 (55)

259 4499 446 4561 buere,
476 4498 697 4552 arietem
738 4497 910 4567 ipsum
951 4495 1340 4550 immolandum
1371 4495 1620 4550 dixisset.
1653 4512 1672 4546 ι
1720 4493 1825 4549 Sed

1968 4491 2330 4563 ύεσθαι.›οὐχ
2348 4490 2591 4563 ἡγοῦμαι
2612 4490 2670 4543 δὲ
2699 4486 2838 4544 εἶναι
2867 4491 3159 4560 ἀναγκαῖον
3186 4486 3335 4559 μετὰ
3356 4486 3509 4559 τηλι-

263 4602 369 4641 ιιοιι
399 4585 632 4641 arbitror
655 4589 1024 4643 necessarium
1043 4602 1167 4642 esse
1191 4597 1313 4657 post
1337 4594 1421 4641 tot
1445 4586 1825 4655 inquisitiones

1962 4582 2138 4646 ιαύτας
2179 4584 2546 4652 γεγενημένας
2581 4580 2858 4647 ἐξετάσεις
2894 4580 3166 4645 ταυτίζειν
3212 4578 3330 4651 (54)
3380 4579 3511 4649 περὶ

260 4678 467 4737 factas,
503 4680 689 4733 eadem
722 4679 826 4732 hoc
868 4679 923 4732 in
959 4680 1078 4733 loco
1112 4688 1392 4747 repetere,
1434 4676 1825 4732 contendentes

1962 4674 2024 4728 ὸν
2055 4674 2237 4737 τόπον,
2267 4672 2699 4744 ἀγωνιζομένους
2744 4673 2881 4744 πρὸς
2910 4673 2977 4726 τὰ
3011 4671 3245 4736 εὐτελῶς
3276 4670 3386 4725 ὑπὸ
3417 4669 3508 4726 τοῦ

259 4778 450 4823 contra
482 4782 544 4823 ea
578 4784 698 4836 quae
725 4769 865 4823 dixit
896 4768 1192 4824 Heracleou
1237 4783 1427 4837 parum
1459 4769 1635 4821 docte.
1682 4765 1825 4822 Tan-

1962 4766 2313 4838 Ηρακλέωνος
2358 4766 2639 4837 εἰρημένα.
2671 4765 2845 4819 Μόνον
2884 4765 2943 4819 δὲ
2982 4765 3138 4820 τοῦτο
3170 4767 3511 4835 ἐπισημειω-

265 4869 377 4913 tum
403 4860 505 4912 hoc
531 4856 706 4912 adhuc
736 4868 972 4923 notetur,
999 4859 1165 4927 quod,
1193 4867 1252 4911 ut
1281 4857 1367 4911 vix
1399 4857 1631 4912 mundus
1656 4873 1825 4929 capax

1966 4858 2072 4922 ἐον,
2103 4859 2205 4921 ὅτι,
2234 4859 2421 4931 ῶσπερ
2468 4857 2626 4929 μόγις
2658 4857 2770 4928 (55)
2816 4856 3092 4930 ἐχώρησεν
3134 4859 3162 4911 ὁ
3187 4858 3397 4928 κόσμος
3418 4856 3508 4909 τὸν

259 4953 404 5006 illius
451 4948 593 5015 fuit,
645 4950 734 5018 qui
772 4950 1008 5019 seipsum
1050 4950 1296 5014 inanivit,
1341 4951 1420 5005 sic
1457 4965 1597 5021 agno
1624 4960 1682 5007 et
1721 4967 1825 5006 non

1962 4947 2244 5003 ιενὼσαντα
2262 4949 2471 5012 ἑαυτὸν,
2504 4947 2676 5012 οὕτως
2710 4947 2906 5018 ἀμνοῦ,
2943 4948 3038 5001 καὶ
3065 4949 3127 5002 ού
3163 4947 3320 5020 κριοῦ
3351 4945 3507 5017 ἑδεήο

256 5042 429 5096 ariete
462 5054 597 5109 opus
638 5040 803 5095 fuisse
833 5042 900 5093 ad
941 5039 1082 5095 illius
1130 5039 1481 5096 auferendum
1519 5051 1820 5112 peccatum.

1965 5059 2020 5112 η,
2046 5042 2133 5094 ἵνα
2161 5041 2299 5113 ἀρθῇ
2326 5042 2488 5094 αὑτοῦ
2518 5043 2550 5113 ή
2584 5043 2825 5114 ἁμαρτία
2851 5043 2984 5113 (56).

1017 5138 1349 5191 Λείπουσιν
1382 5140 1435 5190 οἱ
1464 5137 1632 5207 τόμοι
1659 5135 1931 5205 ἕϐδομος,
1962 5135 2060 5189 καὶ
2088 5134 2319 5204 ὄγδοος,
2352 5136 2450 5190 καὶ
2481 5137 2756 5205 Era-arae.

325 5253 366 5284 ³¹
397 5250 586 5305 Matth.
615 5266 668 5319 ν,
699 5248 784 5301 15.
872 5248 923 5319 ξ’
957 5245 1145 5301 Matth.
1177 5262 1320 5307 xxxv,
1358 5247 1442 5299 ιε.
1534 5247 1586 5277 ⁵³
1613 5247 1744 5302 Luc.
1773 5262 1825 5302 xu

1962 5250 1989 5297 ι.
2066 5245 2111 5276 ⁸⁸
2136 5244 2293 5300 Joan.
2336 5263 2381 5312 ι,
2415 5249 2502 5304 29.
2596 5250 2642 5282 ⁸⁸
2678 5251 2877 5308 lJoan.
2908 5270 2968 5319 ιι,
3004 5255 3061 5319 1,
3094 5257 3149 5310 2.
3245 5256 3289 5287 ⁵⁸
3322 5256 3343 5311 1
3377 5255 3515 5310 Tim.

255 5340 331 5387 IV,
369 5324 455 5376 10.
532 5321 576 5351 ⁵⁷
609 5318 765 5375 Joan.
799 5334 836 5381 ι,
862 5318 952 5372 29.

332 5429 441 5500 (ΒΞ)
477 5428 676 5500 :qut.
716 5442 774 5478 ν.
804 5421 893 5477 Sic
918 5421 1112 5500 Bodl._:
1142 5422 1361 5493 Regius,
1386 5423 1604 5500 νοητῶν
1643 5423 1829 5500 ὑγιῶςἶ

474 5489 564 5563 Τῷ
588 5489 813 5566 άώματι
837 5489 1249 5566 μαρτυρῆοζαᾷ
1275 5495 1445 5562 κριὸν
1468 5489 1833 5566 εἶπενιᾶν-τό

332 5511 443 5565 (55)
474 5511 562 5563 Ιῳ
588 5511 813 5566 σωματι
837 5511 1239 5617 μαρτυῧὲσαι,
1275 5511 1445 5562 κριον
1468 5511 1636 5546 ειπεν
1665 5511 1743 5545 αν
1771 5511 1833 5545 το

261 5569 509 5638 μέλλον,
539 5578 644 5623 etc.
698 5567 775 5621 Ita
815 5565 984 5638 ct)ch
1112 5564 1376 5638 dlcianus,
1424 5574 1606 5638 recte;
1638 5561 1838 5638 Regius

1936 5437 2242 5511 perperam,
2274 5426 2489 5511 στάζειν,
2522 5444 2621 5497 pro
2649 5444 2756 5498 quo
2796 5428 3024 5510 ﬂuctius
3065 5433 3352 5505 legendum
3386 5447 3523 5487 cen-

1938 5493 2110 5556 sebat,
2143 5493 2438 5559 ἐξετάζειν.

2014 5565 2123 5635 (55)
2151 5565 2325 5643 godd.
2372 5567 2697 5643 Barbcrinus
2734 5578 2789 5624 et
2830 5569 3156 5628 Bodleianus
3200 5572 3379 5643 μόγις,
3416 5571 3526 5628 Πε-

267 5632 548 5706 perperam
605 5638 765 5692 habet
801 5633 879 5704 τῷ
919 5634 1112 5704 σῶμα·
1152 5634 1213 5687 τὸ
1263 5634 1645 5706 μαρτυρῆσαι,
1688 5632 1825 5703 κριὸι

1962 5633 2062 5703 gius
2098 5632 2271 5705 μόλις,
2305 5640 2447 5705 quod
2480 5639 2620 5693 idem
2649 5649 2749 5693 est.

268 5709 443 5778 εἰπεῖν
480 5706 612 5778 αύτὸ
749 5707 958 5778 μέλλον,
1002 5715 1105 5762 etc.

2020 5706 2130 5790 (.56)
2161 5708 2359 5790 ῥέγτοῦ
2397 5709 2435 5776 ή
2466 5709 2747 5790 ρμςζρτιά.
2794 5710 2953 5770 Deest
2996 5714 3053 5771 in
3099 5714 3283 5773 codice
3324 5713 3524 5790 Regio,

342 5774 453 5845 (54)
510 5771 818 5836 Τὰυτίζεὶν.
875 5777 964 5833 Sic
1019 5776 1188 5835 codex
1236 5775 1590 5844 Bodleianus;
1641 5771 1825 5846 Regiu:

1962 5776 2044 5834 sed
2072 5777 2375 5834 restituitur
2404 5771 2434 5836 e
2462 5771 2773 5838 Bodleiano.
