3766 6142
1323 306 1679 362 COMMENT.
1721 306 1785 361 IN
1822 305 2013 362 JOAN.
2050 307 2285 363 TOMUS
2318 306 2388 363 Χ.

3399 308 3506 365 306

1416 669 2359 803 ΩΡΙΓΕΝΟΥΣ

865 900 1003 959 ΙΩΝ
1036 901 1165 958 ΕΙΣ
1206 904 1291 955 ΤΟ
1326 902 1516 955 ΚΑΤΑ
1554 902 1884 957 ΙΩΑΝΝΗΝ
1912 900 2397 954 ΕΥΑΓΓΕΛΙΟΝ
2424 894 2905 955 ΕΞΗΓΗΤΙΚΩΝ

1643 1067 2026 1154 ΤΟΜΟΣ
2064 1062 2142 1150 Ι’.

1544 1402 2225 1521 ORIGENIS

697 1630 1473 1699 COMMENTARIORUM
1518 1631 1599 1693 IN
1643 1629 2172 1693 EVANGELIUM
2215 1626 2641 1691 SECUNDUM
2677 1620 3058 1688 JOANNEM

1578 1810 1998 1904 'l‘OMUS
2066 1812 2192 1898 X.

318 2146 369 2203 Ι.
398 2166 417 2200 ι
448 2148 615 2204 Μετὰ
634 2148 791 2203 τοῦτο
813 2149 1018 2223 κατέϐη
1041 2151 1122 2215 είς
1138 2151 1519 2224 Καφαρναοὺμ
1538 2150 1721 2216 αὐτὸς,
1737 2166 1805 2205 κα

2034 2147 2173 2220 [60
2201 2148 2251 2202 l.
2292 2164 2312 2198 ι
2340 2146 2536 2201 Postea
2566 2142 2846 2200 descendit
2879 2140 3261 2210 Capharnaum
3293 2138 3431 2208 ipse,
3462 2145 3521 2192 et

256 2241 281 2313 ἦ
312 2242 494 2312 μήτηρ
529 2241 721 2308 αὐτοῦ,
745 2244 839 2296 καὶ
860 2245 908 2297 οἱ
935 2243 1174 2314 ἀδελφοὶ,
1205 2246 1299 2298 καὶ
1322 2245 1372 2297 οἱ
1408 2243 1645 2315 μαθηταί
1669 2259 1683 2275 ο
1740 2244 1834 2297 καὶ

252 2333 362 2386 ἐκεῖ
409 2331 641 2404 ἔμειναν
690 2335 752 2388 οὐ
800 2333 1001 2400 πολλὰς
1032 2336 1269 2409 ἡμέρας.
1315 2336 1425 2389 Καὶ
1480 2335 1647 2404 ἐγγὺς
1674 2329 1743 2406 ἦν
1773 2334 1835 2388 τὸ

251 2423 435 2495 Πάσχα
464 2423 587 2479 τῶν
618 2425 908 2489 Ἰουδαίων,
950 2428 1044 2481 καὶ
1096 2427 1265 2499 ἀνέϐη
1308 2430 1388 2492 είς
1428 2427 1771 2501 Ἱεροσόλυμα
1805 2427 1835 2478 ὁ

261 2515 482 2586 Ἰησοῦς,
514 2517 615 2571 καὶ
638 2511 797 2590 εὗρεν
836 2520 893 2574 ὲν
916 2518 995 2590 τῷ
1013 2516 1157 2591 ’ἱερῷ
1183 2521 1308 2584 τοὺς
1336 2520 1650 2585 πωλοῦντας
1684 2520 1832 2591 βόας,

250 2610 342 2661 καὶ
363 2609 646 2681 πρόϐατα,
679 2612 775 2665 καὶ
804 2613 1151 2684 περιστερὰς,
1176 2613 1268 2666 καὶ
1306 2615 1434 2677 τοὺς
1465 2615 1835 2686 κερματιστὰς

250 2701 597 2773 καθημένους
619 2719 634 2733 ⁸
664 2703 758 2756 καὶ
774 2705 1006 2774 ποιήσας
1027 2704 1101 2767 ὠς
1120 2702 1447 2775 φραγέλλιον
1472 2705 1536 2756 ἐκ
1563 2705 1831 2775 σχοινίων,

249 2792 453 2857 πάντας
474 2793 741 2859 ἐξέϐαλεν
767 2796 833 2848 ἐκ
870 2794 965 2848 τοῦ
1022 2794 1191 2868 ἱεροῦ,
1217 2796 1288 2849 τά
1315 2813 1374 2849 τε
1416 2794 1683 2862 πρόῦατα,
1742 2798 1837 2851 καὶ

248 2885 367 2949 τοὺς
398 2884 564 2956 βόας,
594 2887 689 2940 καὶ
720 2886 828 2940 τῶν
862 2886 1226 2941 κολλυϐιστῶν
1259 2886 1441 2959 ἐξέχεε
1469 2888 1537 2942 τά
1560 2888 1834 2960 κέρματα,

249 2981 337 3034 καὶ
363 2979 461 3038 τὰς
479 2979 775 3052 τραπέζας
806 2980 1131 3053 ἀνέστρεψε,
1161 2983 1257 3037 καὶ
1288 2985 1401 3047 τοῖς
1439 2982 1539 3047 τὰς
1587 2999 1838 3054 περιστε-

251 3072 345 3143 ρὰς
378 3071 663 3126 πωλοῦσιν
713 3068 902 3126 εἶπεν·
935 3071 1143 3146 Ἀρατε
1200 3074 1373 3129 ταῦτα
1428 3072 1714 3128 ἐντεῦθεν·
1762 3075 1836 3146 μὴ

248 3167 447 3220 ποιεῖτε
477 3165 588 3219 τὸν
630 3160 778 3219 οἷκον
812 3165 907 3219 τοῦ
950 3167 1166 3237 Πατρός
1220 3184 1321 3239 μου
1368 3162 1516 3220 οἷκον
1548 3167 1835 3238 ἐμπορίου.

246 3256 372 3311 Τότε
401 3256 768 3329 ἐμνήσθησαν
806 3260 855 3312 οἱ
893 3260 1132 3330 μαθηταὶ
1178 3258 1366 3324 αὑτοῦ,
1394 3261 1479 3313 ὅτι
1525 3260 1841 3331 γεγραμμέ-

244 3365 331 3404 νον
352 3350 541 3414 ἐστὶν,
569 3350 655 3403 ὅτι
687 3349 745 3405 '0
778 3348 940 3422 ζῆλος
979 3351 1076 3405 τοῦ
1120 3351 1273 3406 οἴκου
1327 3370 1420 3407 σου
1454 3353 1840 3423 καταφάγεταί

408 3440 827 3515 Ἀπεκρίθησαν
852 3438 946 3497 οὖν
972 3446 1019 3497 οί
1061 3445 1325 3509 Ἰουδαῖοι,
1352 3446 1447 3500 καὶ
1476 3442 1636 3500 εἶπαν
1666 3446 1834 3518 αὐτῷ·

1939 2252 2112 2295 marer
2136 2237 2274 2308 eius,
2304 2249 2360 2293 et
2393 2237 2594 2292 fratres
2628 2234 2766 2305 ejus,
2790 2244 2847 2290 et
2880 2230 3132 2301 discipuli
3164 2229 3316 2298 ejus;
3355 2238 3413 2285 et
3441 2229 3518 2286 ibi

1936 2340 2262 2389 manserunt
2327 2345 2435 2386 non
2493 2313 2681 2384 multis
2747 2325 2966 2383 diebus.
3028 2323 3275 2380 Instabat
3336 2332 3519 2380 autem

1936 2427 2144 2483 Pascha
2168 2425 2504 2490 Judzeorum,
2530 2433 2586 2479 et
2605 2422 2853 2479 ascendit
2874 2420 3309 2491 Hierosolymam
3329 2417 3519 2482 Jesus,

1937 2528 1992 2575 et
2018 2519 2224 2590 reperit
2263 2518 2318 2572 in
2346 2516 2549 2587 templo
2589 2531 2685 2571 eos
2730 2514 2823 2584 qui
2878 2514 3188 2570 vendebant
3235 2514 3425 2579 boves,
3466 2521 3524 2567 et

1936 2626 2087 2677 oves,
2110 2620 2166 2666 et
2196 2610 2496 2674 columbas,
2527 2617 2586 2665 et
2615 2609 2921 2663 mensarios
2955 2607 3208 2664 sedentes
3239 2623 3254 2660 :
3282 2618 3521 2676 cumque

1937 2703 2333 2773 fecissetquasi
2365 2701 2635 2772 ﬂagellum
2666 2716 2735 2756 ex
2767 2700 3024 2756 funiculis
3044 2741 3060 2767 ,
3085 2713 3276 2755 omnes
3301 2699 3456 2767 ejecit
3489 2712 3523 2753 e

1939 2798 2160 2868 templo,
2186 2812 2319 2853 oves
2347 2796 2530 2863 simul,
2564 2811 2629 2851 ac
2657 2795 2863 2861 boves;
2912 2803 2967 2849 et
3015 2792 3411 2850 mensariorum
3444 2804 3524 2846 ars

1938 2889 2144 2954 effudit,
2190 2899 2247 2944 et
2286 2903 2505 2945 mensas
2539 2888 2841 2952 subvertit,
2900 2895 2956 2944 et
2994 2886 3083 2942 his
3113 2885 3206 2957 qui
3237 2883 3523 2940 columbas

1938 2982 2249 3039 vendebant
2290 2982 2428 3037 dixit
2471 2999 2487 3036 :
2536 2981 2761 3038 Auferte
2812 2983 2914 3037 ista
2968 2981 3137 3047 hinc,
3191 2994 3295 3035 nec
3355 2979 3533 3035 facile!

1940 3078 2159 3132 domum
2208 3074 2392 3131 Patris
2450 3075 2583 3143 mei,
2619 3074 2836 3129 domum
2890 3082 3182 3129 mercatus.
3228 3072 3520 3130 Recordati

1941 3182 2072 3224 vero
2105 3176 2234 3223 sunt
2273 3167 2525 3237 discipuli
2576 3172 2695 3236 ejus
2727 3166 2873 3236 quod
2903 3166 3167 3237 scriptum
3195 3174 3281 3222 est
3313 3185 3325 3220 :
3358 3163 3523 3219 Zelus

1942 3259 2134 3314 domus
2168 3270 2275 3313 tuae
2312 3259 2494 3313 exedit
2540 3272 2644 3313 me.
2684 3257 3106 3329 Responderunt
3150 3270 3285 3327 ergo
3321 3255 3519 3321 Judmi,

1942 3360 1997 3407 et
2031 3350 2291 3406 dixerunt
2323 3350 2373 3406 ei
2404 3368 2419 3405 :
2449 3349 2605 3417 Quod
2639 3350 2856 3421 signum
2892 3349 3050 3405 nobis
3080 3348 3326 3404 ostendis
3348 3362 3524 3419 quan-

1944 3442 2232 3512 doquidem
2256 3442 2360 3497 ista
2388 3442 2553 3512 agis?
2580 3441 2888 3512 Respondit
2929 3439 3090 3497 Jesus
3108 3481 3124 3507 ,
3153 3450 3208 3497 et
3228 3441 3362 3497 dixit
3394 3440 3476 3496 eis
3505 3459 3521 3495 :

252 3534 315 3589 Τί
348 3539 579 3607 σημεῖον
600 3534 864 3599 δεικνύεις
891 3536 1043 3607 ἡμῖν,
1070 3538 1153 3591 ὅτι
1199 3538 1372 3591 ταῦτα
1421 3541 1632 3604 ποιείς;
1675 3540 1739 3592 ’Λι

2036 3504 2220 3591 ίιτυίιθ
2245 3504 2501 3607 templum
2527 3535 2641 3602 Dei,
2669 3504 2725 3591 εἰ
2751 3536 2806 3590 in
2834 3535 3005 3591 tribus
3027 3504 3221 3590 diebus
3248 3534 3523 3592 suscitabo

253 3627 411 3700 κρίθη
452 3625 692 3701 Ἰησοῦς,
722 3629 816 3682 καὶ
842 3625 962 3683 εἷπε
981 3646 994 3660 ο
1034 3629 1245 3684 Λύσατε
1274 3631 1367 3683 τὸν
1396 3631 1522 3684 ναὸν
1556 3630 1646 3684 τοῦ
1679 3630 1836 3695 Θεοῦ,

250 3721 343 3775 καὶ
395 3723 456 3774 ὲν
492 3721 682 3791 τρισὶν
729 3721 963 3794 ἡμέραις
989 3721 1168 3794 ἐγερῶ
1217 3724 1400 3778 αὐτόν.
1441 3722 1841 3795 Ἀπεκρίθησαν

252 3808 341 3867 οὖν
361 3817 409 3867 οἱ
452 3814 705 3868 Ἰουδαῖοι
722 3832 736 3845 ·
769 3815 1188 3888 Τεσσαράκοντα
1222 3816 1315 3869 κα)⁵
1349 3815 1409 3881 ἒξ
1438 3815 1614 3869 ἔτεσιν
1641 3815 1841 3887 ᾠκοδο-

254 3905 399 3978 μήθη
425 3908 455 3961 6
486 3906 625 3971 ναὸς
654 3901 828 3971 οὗτος,
856 3908 948 3961 καὶ
986 3909 1050 3962 σὺ
1077 3908 1134 3962 ὲν
1156 3909 1333 3979 τρισὶν
1364 3907 1598 3979 ἡμέραις
1632 3908 1843 3978 ἐγερεῖς

250 4000 443 4066 uiros;
492 4001 739 4062 Ἐκεῖνος
765 3998 823 4052 δὲ
855 3997 1009 4069 ἔλεγε
1043 3999 1284 4072 περὶτοῦ
1312 3998 1442 4054 ναοῦ
1470 3998 1565 4052 τοῦ
1591 3998 1845 4070 σώματος

250 4091 433 4147 αὐτοῦ.
470 4092 610 4146 ’Ὀτε
655 4087 750 4145 οὖν
794 4093 1006 4165 ⁴ἠγέρθη
1050 4095 1114 4147 ἐκ
1145 4092 1376 4165 νεκρῶν,
1413 4093 1763 4166 ἐμνήσθησαν
1793 4093 1841 4146 οί

255 4182 497 4255 μαθηταὶ
524 4183 717 4248 αὐτοῦ,
753 4186 835 4239 ὅτι
864 4185 1025 4239 τοῦτο
1053 4185 1228 4255 ἔλεγε,
1274 4187 1368 4240 καὶ
1407 4186 1734 4241 ἐπίστευσαν
1775 4189 1839 4258 τῇ

250 4272 439 4347 Γραφῇ
488 4276 592 4329 καὶ
632 4274 710 4347 τῷ
766 4276 911 4348 λόγῳ
956 4277 1016 4331 ὃν
1055 4274 1210 4331 εἶπεν
1245 4279 1274 4332 ὁ
1308 4278 1535 4351 Ἰησοῦς.
1574 4279 1660 4342 Ὠς
1681 4278 1739 4332 δὲ
1774 4274 1843 4350 ἦν

254 4365 311 4419 ὲν
363 4372 480 4431 τοῖς
522 4368 924 4441 Ἰεροσολύμοις
967 4371 1025 4424 ἐν
1071 4369 1151 4442 τῷ
1186 4372 1401 4443 Πάσχα,
1447 4374 1505 4426 ἐν
1538 4375 1604 4445 τῇ
1657 4375 1840 4446 ἑορτῇ.

254 4457 592 4511 ἐπίστευσαν
624 4461 706 4523 εἰς
745 4459 807 4513 τὺ
859 4458 1030 4530 ὗνομα
1073 4461 1239 4515 αὐτοῦ
1288 4462 1470 4516 πολλοὶ
1514 4463 1845 4535 θεωροῦντες

253 4549 417 4603 αὑτοῦ
460 4551 532 4605 τά
584 4554 785 4623 σημεῖα
836 4550 873 4606 ἃ.
924 4553 1117 4609 ἐποίει.
1149 4554 1322 4619 Αὐτὸς
1346 4556 1404 4610 δὲ
1446 4558 1474 4610 ὁ
1507 4557 1713 4628 Ἰησοῦς
1745 4558 1844 4611 οὑκ

254 4641 577 4698 ἐπίστευσεν
640 4646 832 4699 ἑαυτὸν
881 4646 1083 4711 αὐτοῖς,
1114 4647 1202 4701 διὰ
1255 4647 1316 4701 τὺ
1363 4650 1525 4703 αὐτὸν
1555 4649 1844 4720 γινώσκειν

258 4734 487 4800 πάντας,
525 4736 623 4791 καὶ
648 4738 731 4791 ὅτι
761 4738 822 4790 οὐ
850 4739 1037 4810 χρείαν
1071 4733 1214 4810 εἶχεν
1248 4740 1337 4794 ἵνα
1381 4758 1465 4805 τις
1516 4747 1845 4816 μαρτυρήσῃ

1946 3626 2098 3684 illud.
2145 3629 2409 3684 Dixerunt
2457 3643 2588 3697 ergo
2643 3626 2818 3684 Judmi
2855 3625 3270 3698 :Quadraginta
3328 3634 3385 3682 et
3426 3640 3524 3682 sex

1942 3720 2101 3776 anuis
2123 3721 2450 3777 adiﬁcatum
2477 3729 2560 3776 est
2589 3719 2848 3789 templum
2891 3721 3018 3786 hoc,
3066 3729 3122 3774 et
3161 3729 3218 3775 tu
3255 3719 3310 3774 in
3349 3718 3525 3775 tribus

1943 3815 2135 3871 diebus
2187 3815 2479 3870 suscitabis
2513 3812 2690 3868 illud?
2725 3813 2797 3869 At
2842 3812 2932 3867 ille
2972 3813 3192 3868 dicebat
3221 3812 3291 3869 de
3323 3811 3524 3884 templo

1943 3906 2191 3976 corporis
2219 3907 2321 3961 sui.
2352 3906 2487 3961 Cum
2525 3921 2654 3976 ergo
2702 3906 3002 3961 suscitatus
3030 3914 3177 3960 esset
3205 3920 3238 3959 e
3268 3905 3523 3969 mortuis,

1944 3998 2211 4054 recordati
2253 4010 2382 4053 sunt
2426 3997 2678 4068 discipuli
2710 3998 2829 4069 ejus
2862 3998 3005 4067 quod
3039 3998 3141 4053 hoc
3189 3997 3440 4064 dixisset,
3469 4007 3527 4052 et

1944 4091 2292 4146 crediderunt
2324 4090 2624 4159 Scriptura:
2645 4130 2661 4155 ,
2695 4098 2753 4146 et
2789 4090 3067 4155 sermoni,
3114 4105 3277 4160 quem
3312 4090 3527 4146 dixerat

1944 4182 2124 4240 Jesus.
2156 4183 2289 4237 Cum
2323 4192 2505 4237 autem
2539 4194 2687 4238 esset
2710 4181 3098 4253 Hierosolymis
3126 4182 3179 4236 iu
3212 4180 3442 4247 Pascha,
3470 4181 3526 4235 iu

1943 4277 2036 4331 die
2064 4274 2227 4339 festo,
2256 4274 2408 4329 multi
2431 4274 2783 4331 crediderunt
2804 4274 2857 4329 in
2882 4287 3079 4330 nomen
3108 4273 3250 4344 ejus,
3280 4272 3528 4328 videntes

1944 4369 2101 4438 signa
2133 4368 2268 4439 ejus,
2302 4382 2423 4437 quae
2453 4367 2669 4423 edebat.
2699 4366 2819 4438 Ipse
2854 4377 3036 4422 autem
3069 4364 3228 4422 Jesus
3261 4381 3369 4421 non
3401 4380 3527 4421 cre-

1946 4461 2111 4516 debat
2131 4461 2487 4531 semetipsum
2515 4460 2619 4527 eis,
2655 4475 2723 4516 eo
2746 4460 2894 4530 quod
2937 4461 3055 4530 ipse
3090 4470 3276 4515 nosset
3307 4474 3525 4527 omnes,

1947 4568 2049 4609 nec
2079 4568 2215 4623 opus
2245 4554 2471 4608 haberet
2520 4562 2579 4607 ut
2617 4552 2817 4622 aliquis
2843 4560 3135 4607 testaretur
3173 4553 3240 4608 de
3279 4552 3521 4608 homine.

1949 4647 2068 4716 Ipse
2090 4647 2236 4702 enim
2266 4645 2472 4702 sciebat
2498 4646 2626 4716 quid
2661 4655 2807 4701 esset
2832 4644 2885 4699 in
2912 4645 3129 4700 homine
3149 4645 3218 4703 ⁸⁸.
3245 4665 3264 4699 ι
3300 4646 3524 4703 Numeri

1947 4740 2037 4810 qui
2070 4740 2123 4793 in
2155 4740 2272 4809 ipso
2300 4739 2663 4795 Numerorum
2706 4740 2847 4795 libro
2875 4740 3068 4811 scripti
3095 4739 3345 4805 fuerunt,
3370 4739 3524 4809 juxta

257 4829 382 4900 περὶ
412 4826 729 4900 ἀνθρώπου.
769 4829 941 4893 Αὐτὸς
990 4832 1097 4902 γάρ
1128 4830 1392 4900 ἐγίνωσκε
1445 4833 1497 4886 τί
1548 4829 1617 4905 ἦν
1662 4835 1720 4887 ὲν

2037 4834 2236 4887 undam
2292 4835 2695 4902 proportionem
2751 4834 3164 4890 canveuientem
3229 4834 3524 4905 unicuique

257 4922 551 4995 ἀνθρώπῳ.
595 4942 614 4976 ι
652 4923 740 4975 Ἑν
765 4922 901 4992 αὐτῇ
934 4919 1044 4992 (57)
1074 4922 1557 4994 ἀναγεγραμμένοι
1597 4924 1841 4995 ἀριθμοὶ,

258 5015 400 5068 κατά
425 5032 552 5067 τινα
584 5012 874 5082 ἀναλογίαν
912 5011 1259 5084 ἁρμόζουσαν
1289 5015 1505 5087 ἑκάστῳ
1533 5017 1841 5087 πράγματι,

258 5104 482 5179 Γμφῆς
516 5102 851 5177 ἠξιώθησαν.
902 5106 1249 5176 Ἐξεταστέον
1276 5107 1333 5162 δὲ
1358 5109 1432 5181 μή
1458 5125 1589 5162 ποτε
1623 5109 1721 5181 μία
1736 5109 1844 5163 τῶν

332 5314 378 5346 ³⁸
414 5313 580 5369 Joan.
623 5330 683 5379 ιι,
725 5316 791 5370 12
828 5330 981 5385 seqq.

336 5497 446 5568 (57)
480 5497 664 5571 Codex
693 5495 1021 5571 Bodleianus
1049 5499 1107 5571 έν
1135 5498 1292 5571 αὐτῇ.
1317 5509 1448 5571 εῑο.;
1475 5444 1697 5571 Regius,
1724 5514 1852 5571 per-

1952 4925 2054 4990 rei,
2082 4922 2365 4994 Scriptura
2389 4925 2533 4996 digni
2561 4926 2732 4981 habiti
2758 4938 2905 4982 sunt.
2930 4926 3316 4997 lnquirendum
3338 4935 3521 4981 autem

1952 5028 2035 5073 est
2058 5032 2125 5072 an
2153 5034 2292 5073 unus
2313 5034 2378 5075 ex
2402 5019 2602 5091 Moysis
2621 5020 2777 5076 libris
2793 5018 3150 5075 Numerorum
3171 5020 3524 5089 inscriptione

1953 5117 2191 5176 notatus,
2241 5111 2509 5168 rationem
2545 5125 2890 5168 numerorum
2929 5112 3129 5168 eximie
3178 5113 3369 5167 doceat
3405 5126 3521 5176 eos,

1947 5497 2237 5581 ᾲῖαέργίαν
2281 5498 2624 5581 δερμάξουεξαν
2644 5499 2885 5581 eam
2930 5499 3248 5581 πράγμειτιν
3293 5497 3521 5581 Fessi:

338 5567 475 5631 ram,
499 5567 1663 5643 év_a'310l,_etc._Apuduirutiiquelocusest
1687 5567 1825 5643 niani

2035 5568 2277 5643 ώθησαν,
2303 5567 2617 5638 ἐξεταστέον
2639 5570 2704 5643 δὴ
2736 5567 2965 5643 μήποτε,
2979 5567 2990 5571 ’
3005 5567 3108 5625 etc}
3180 5567 3522 5643 Certe-ejus-

290 5639 733 5720 este‘mgndonsuns.
749 5639 826 5694 Ita
841 5639 1057 5720 videtur
1074 5640 1263 5720 legisse
1279 5640 1586 5720 Ferrarius;
1603 5640 1695 5720 Ἔχ
1712 5641 1813 5720 σεῦ-τ

1950 5640 2094 5695 modi
2129 5640 2287 5696 lectio
2315 5645 2494 5696 minus
2516 5640 2720 5697 absona
2740 5640 2978 5706 'videtur,
3008 5649 3082 5704 et,
3115 5640 3160 5693 si
3196 5640 3283 5695 cui
3315 5640 3516 5710 placet,

283 5706 777 5782 prtOitt'bvjiéiup
829 5706 1306 5782 ἀναγεγραμμένοι
1353 5710 1595 5782 άριθμοί.
1651 5710 1770 5777 Quit

2030 5712 2211 5768 rtenda
2239 5713 2347 5768 erit
2371 5731 2384 5766 :
2420 5730 2439 5762 σ
2470 5713 2524 5766 Si
2550 5712 2745 5768 litteris
2771 5710 3071 5780 consignali
3098 5706 3340 5782 Numeri,
3365 5706 3517 5780 iuxta

277 5776 476 5848 legatur
520 5794 535 5832 :
565 5776 725 5834 Δῦτοὶ
746 5776 1239 5853 ’ἀναγεγραμμένοι
1277 5776 1519 5854 άριθμοῗ,
1556 5776 1696 5837 κατά
1732 5798 1762 5837 τ

2033 5783 2241 5841 amdatu
2284 5783 2572 5854 unicuique
2612 5784 2690 5839 rei
2733 5776 3030 5851 congruam
3078 5776 3476 5853 proportionem
3507 5811 3520 5837 ι
