3766 6142
246 246 353 303 507

1697 235 2023 295 ORIGENIS

3390 238 3505 296 308

249 359 342 429 qni
375 356 746 427 hujuscemodi
783 366 1037 414 accurate
1083 358 1411 430 investigare
1445 358 1648 416 valent.
1699 358 1824 414 Haec

1957 357 2124 410 κίϐλων
2151 357 2393 421 Μωσέως
2426 357 2876 429 ἐπιγεγραμμένη
2907 357 3174 430 Ἀριθμοὶ,
3210 355 3506 430 ἐξαιρέτως

248 461 430 509 autem
461 452 528 507 ad
558 451 782 505 teinitio
807 453 1001 507 decimi
1025 452 1179 524 161
1213 453 1342 507 tomi
1371 453 1627 507 dicuntur
1657 468 1685 506 a
1718 469 1824 517 me,

248 539 568 611 frequenter
593 542 646 596 in
673 541 954 612 Scriptura
991 557 1277 596 numerum
1307 542 1589 597 denarium
1628 543 1827 598 eximia

248 635 611 704 praerogativa
646 634 977 704 impertitum
1006 635 1357 701 observante,
1392 644 1452 690 ut
1485 636 1579 691 tibi
1613 650 1831 705 quoque

250 726 379 781 licet
410 726 699 798 diligenter
748 728 1145 793 considerare,
1207 737 1317 781 tum
1371 730 1612 799 speranti
1663 730 1828 783 etiam

252 821 391 886 fore,
431 830 491 875 ut
519 819 723 890 aliquid
758 820 935 890 majus
960 836 990 876 a
1020 821 1129 876 Deo
1164 822 1216 877 in
1258 824 1405 877 hunc
1437 831 1645 877 tornum
1681 823 1829 877 acci-

253 915 410 984 pias;
439 915 585 985 quod
622 922 682 969 ut
704 914 1005 984 contingat,
1055 929 1154 984 pro
1195 915 1407 969 viribus
1449 917 1691 984 praebere
1736 929 1832 970 nos

254 1008 403 1076 ipsos
441 1007 551 1062 Deo
575 1014 866 1072 tentemus,
912 1007 1004 1076 qui
1050 1007 1200 1076 cupit
1238 1007 1443 1077 optima
1477 1006 1683 1077 largiri.
1726 1005 1830 1062 Sed

255 1098 599 1167 incipiendus
643 1099 773 1153 hinc
811 1106 896 1153 est
927 1096 1105 1152 liber:
1141 1117 1159 1150 ι
1188 1097 1381 1153 Postea
1419 1097 1701 1154 descendit
1727 1096 1832 1152 Ca-

252 1192 560 1262 pharnaum
592 1189 732 1262 ipse,
761 1196 814 1244 et
842 1198 1018 1245 mater
1048 1188 1190 1257 ejus,
1244 1199 1299 1246 et
1341 1189 1540 1246 fratres
1575 1190 1723 1259 ejus,
1780 1198 1832 1243 et

252 1284 506 1352 discipuli
547 1283 699 1353 ejus,
749 1292 806 1342 et
840 1294 1160 1340 manserunt
1204 1282 1278 1337 ibi
1327 1298 1433 1338 non
1490 1283 1672 1337 multis
1710 1282 1831 1337 die-

251 1376 356 1433 bus
389 1376 457 1430 ”.
483 1394 502 1429 ι
544 1376 720 1432 Etiam
761 1376 946 1433 caeteri
979 1386 1092 1432 tres
1120 1376 1213 1446 qui
1248 1375 1542 1445 Evangelia
1590 1376 1832 1445 scripse-

252 1483 405 1540 runt,
448 1475 700 1544 inquiunt
745 1473 1037 1530 Dominum
1100 1474 1153 1528 in
1201 1472 1484 1528 Galilaeam
1539 1470 1834 1525 secessisse

252 1575 378 1636 post
416 1567 586 1637 ipsius
620 1577 811 1623 contra
859 1563 1135 1623 diabolum
1183 1572 1487 1628 certamen,
1542 1561 1832 1617 Matthteus

253 1669 436 1716 autem
488 1671 545 1717 et
590 1660 791 1726 Lucas,
835 1659 986 1730 prius
1045 1674 1170 1716 eum
1227 1658 1470 1714 venisset
1523 1655 1829 1722 Nazarelh,

1931 450 2022 503 τὸν
2056 451 2185 522 περὶ
2212 449 2460 522 ἀριθμῶν
2491 454 2600 514 τοῖς
2645 452 2714 505 τά
2749 452 2974 505 τοιαῦτα
3008 450 3299 521 ἐξιχνεύειν
3344 451 3506 504 δυνα-

1934 541 2114 612 μένοις
2146 541 2388 595 διδάσκει
2434 542 2610 611 λόγον.
2644 542 2828 595 Ταῦτα
2882 543 2939 596 δέ
2974 561 3064 613 μοι
3119 545 3176 595 ἐν
3229 544 3372 614 ἀρχῇ
3410 541 3505 595 τοῦ

1930 632 2158 687 δεκάτου
2202 634 2370 704 τόμου
2418 634 2635 703 λέγεται
2682 636 2819 707 πρὸς
2866 635 2947 699 σὲ,
2993 634 3262 704 πολλαχοῦ
3310 633 3509 706 ὁρῶντι

1930 724 2030 795 τῆς
2062 725 2283 796 Γραφῆς
2338 727 2703 798 διαφερούσης
2758 727 3056 799 προνομίας
3111 725 3374 797 τετυχότα
3420 726 3510 780 τὸν

1930 816 2061 870 δέκα
2088 818 2432 890 ἀριθμὸν,·ὠς
2464 819 2639 873 ἔνεστι
2661 822 2755 873 καὶ
2789 821 2870 889 σοι
2895 819 3170 891 ἐπιμελῶς
3202 823 3512 884 κατανοεῖν,

1932 909 2204 975 ἐλπίζοντι
2235 911 2296 964 τὸ
2327 911 2715 982 λήψεσθαιάπὸ
2736 912 2872 965 Θεοῦ
2900 912 3060 982 πλέον
3083 931 3135 966 τι
3157 913 3253 967 καὶ
3284 914 3365 976 εἰς
3393 913 3516 967 τοῦ·

1930 1019 2024 1056 τον
2054 1003 2145 1056 τὸν
2192 1003 2382 1074 τόμον·
2430 1005 2568 1075 ὅπερ
2623 1004 2709 1057 ἵνα
2754 1004 3030 1075 ὑπαρχθῇ,
3066 1004 3209 1059 κατὰ
3258 1004 3512 1076 δύναμιν,

1932 1096 2266 1167 ἐμπαρέχειν
2294 1098 2519 1160 ἑαυτοὺς
2549 1097 2626 1168 τῷ
2657 1096 2946 1168 δωρεῖσθαι
2978 1095 3049 1150 τά
3072 1097 3339 1151 κάλλιστα
3388 1096 3514 1168 βου-

1931 1188 2141 1261 λομένῳ
2194 1189 2313 1260 Θεῷ
2364 1189 2702 1262 πειρώμεθα.
2748 1190 3001 1260 Ἀρκτέον
3049 1190 3107 1243 δὲ
3144 1189 3239 1243 τοῦ
3295 1187 3507 1260 βιϐλίου

1934 1281 2180 1335 ἐντεῦθεν
2201 1299 2214 1311 ο
2247 1301 2263 1332 ι
2297 1281 2453 1335 Μετὰ
2480 1282 2638 1336 τοῦτο
2662 1282 2867 1353 κατέϐη
2892 1285 2972 1346 είς
3000 1284 3385 1354 Καφαρναοὺμ
3413 1286 3512 1334 αύ-

1930 1375 2041 1440 τὸς,
2072 1377 2167 1432 καὶ
2194 1378 2225 1447 ή
2259 1377 2441 1449 μήτηρ
2469 1376 2657 1443 αὐτοῦ,
2683 1378 2777 1431 καὶ
2803 1378 2852 1430 οἱ
2880 1376 3117 1447 ἀδελφοὶ,
3142 1379 3235 1430 καὶ
3253 1378 3305 1430 οἱ
3339 1375 3518 1449 μαθη-

1930 1469 2041 1533 ταὶ,
2074 1469 2169 1522 καὶ
2201 1470 2316 1522 ἐκεῖ
2367 1468 2580 1540 ἔμεινεν
2630 1469 2691 1522 οὑ
2749 1469 2951 1533 πολλὰς
2990 1470 3223 1541 ἡμέρας.
3261 1491 3281 1522 ι
3318 1471 3435 1524 Καὶ
3465 1471 3516 1524 oi

1932 1560 2109 1614 λοιποὶ
2135 1564 2285 1631 τρεῖς
2318 1559 2428 1631 (58)
2462 1560 2770 1634 γράψαντες
2793 1561 2862 1616 τὰ
2900 1562 3207 1633 Εὐαγγέλια
3243 1563 3390 1635 μετὰ
3425 1563 3517 1618 τὸν

1934 1653 2070 1725 πρὸς
2092 1653 2182 1707 τὸν
2196 1653 2437 1708 διάϐολον
2451 1654 2637 1723 ἀγῶνα
2650 1654 2744 1709 τοῦ
2756 1655 2983 1727 Κυρίου,
3009 1657 3089 1719 εἰς
3111 1655 3210 1727 τὴν
3220 1655 3517 1712 Γαλιλαίαν

251 1762 439 1821 postea
463 1753 554 1808 illa
579 1725 1092 1823 relictaprofectum
1121 1751 1397 1807 habitasse
1420 1748 1826 1820 Capharnaunt.

1957 1744 2101 1813 ρασὶν
2131 1746 2292 1799 αὐτὸν
2320 1747 2816 1818 ἀνακεχωρηκέναι,
2848 1725 3135 1812 ⁷Ματθαῖος
3244 1748 3344 1802 καὶ
3378 1748 3518 1802 Λου-

253 1845 542 1903 Matthteus
578 1861 708 1903 vero
752 1855 807 1902 et
848 1845 1063 1901 Marcus
1092 1859 1314 1900 causam
1342 1844 1506 1900 etiam
1536 1843 1828 1913 quamdam

253 1940 438 1993 dicunt
459 1953 559 1994 cur
586 1938 701 2008 ipse
727 1938 852 1993 inde
872 1937 1205 2001 discesserit,
1235 1950 1427 2006 nempe
1445 1934 1570 2005 quia
1588 1937 1830 1991 audisset

252 2030 516 2090 Joannem
559 2030 628 2085 ab
659 2029 873 2086 Herode
914 2030 967 2084 in
1002 2042 1279 2084 carcerem
1312 2025 1609 2095 conjectum
1639 2027 1826 2083 fuisse.

254 2123 469 2179 Habent
518 2130 700 2179 autem
763 2137 822 2178 se
871 2124 952 2179 sic
981 2120 1441 2197 verba.Mattha:i
1489 2122 1705 2191 quidem
1739 2121 1826 2175 “t

260 2234 282 2268 ι
314 2215 468 2272 Tune
499 2215 704 2271 omittit
729 2215 877 2269 illum
906 2214 1267 2283 diabolus,.et
1296 2229 1426 2270 ecce
1458 2214 1635 2284 angeli
1672 2230 1830 2271 acce-
1864 2224 1873 2233 ‘

254 2309 478 2376 dehant,
517 2317 576 2364 et
616 2307 1007 2362 ministrabant
1059 2307 1132 2363 ei.
1183 2307 1319 2362 Cum
1370 2305 1615 2362 audisset
1644 2315 1828 2361 autem

254 2398 415 2459 Jesus
454 2398 719 2457 Joannem
777 2399 1033 2455 traditum
1089 2412 1247 2466 esse,
1305 2397 1533 2453 secessit
1584 2397 1641 2452 in
1683 2397 1831 2454 Gali-

254 2494 453 2564 laeam;
484 2506 561 2562 et,
593 2496 788 2553 relicta
819 2493 1111 2558 Nazaretlt,
1159 2490 1432 2562 profectus
1483 2492 1746 2547 habitavit
1777 2491 1829 2546 in

255 2592 583 2659 Capharnao
617 2587 915 2650 maritima,
948 2587 1002 2641 in
1054 2586 1252 2641 finibus
1283 2586 1530 2641 Zabulon
1567 2595 1622 2642 et
1650 2583 1833 2656 Neph-

255 2683 550 2748 thalim,ut
566 2679 884 2750 impleretur
902 2677 1046 2747 quod
1075 2678 1277 2733 dictum
1307 2678 1484 2733 fuerat
1514 2691 1611 2748 per
1636 2677 1830 2734 Isaiam

259 2772 607 2838 prophetam,
667 2772 988 2828 dicentem:
1022 2771 1194 2827 Terra
1237 2771 1478 2827 Zabulon
1503 2812 1518 2837 ,
1569 2782 1623 2826 et
1686 2782 1831 2827 terra

259 2860 605 2930 Nephtbalim
643 2881 654 2916 :
688 2880 706 2913 ι
732 2871 789 2917 et
811 2872 932 2933 post
960 2877 1046 2930 ea,
1082 2876 1206 2932 qua
1236 2863 1382 2918 dicta
1414 2871 1540 2917 sunt
1576 2862 1628 2917 in
1658 2860 1791 2918 Isaia
1814 2904 1828 2929 ,

257 2955 392 3010 dicit
428 2972 443 3010 :
485 2974 505 3007 ι
529 2954 608 3009 Ex
637 2968 704 3011 eo
736 2964 980 3026 tempore
1022 2957 1188 3026 erepit
1227 2954 1385 3011 Jesus
1424 2955 1747 3025 praedicare,
1778 2966 1834 3012 et

1935 1835 2058 1901 κᾶς,
2091 1835 2355 1907 πρότερον
2381 1837 2668 1909 γενόμενον
2714 1840 2772 1892 ἐν
2818 1837 3115 1909 Ναξάροις,
3170 1839 3314 1912 μετὰ
3346 1839 3520 1894 ταῦτα

1936 1926 2362 1982 καταλελοιπότα
2400 1929 2539 1983 αὐτὰ
2583 1928 2803 1985 ἐλθόντα
2838 1931 3217 2003 κατῳκηκέναι
3268 1934 3352 1996 είς
3403 1934 3520 1987 Ka-

1937 2020 2244 2093 φαρναούμ.
2264 2022 2321 2077 ὐ
2335 2022 2391 2076 δὲ
2417 2023 2696 2089 Ματθαῖος
2717 2025 2812 2079 καὶ
2830 2024 3056 2098 Μάρκος
3071 2026 3166 2079 καὶ
3182 2025 3370 2080 αἰτίαν
3397 2026 3518 2080 τινὰ

1936 2108 2151 2182 λέγουσι
2181 2113 2275 2167 τοῦ
2310 2114 2471 2169 αὐτὸν
2502 2116 2707 2171 ἐκεῖθεν
2752 2117 3255 2190 ἀνακεχωρηκέναι,
3286 2119 3353 2173 τὸ
3385 2120 3518 2193 ἀκη-

1932 2210 2142 2275 κοέναι,
2169 2211 2253 2264 ὅτι
2287 2210 2539 2281 Ἰωάννης
2586 2210 2881 2285 παρεδόθη.
2912 2212 3066 2284 Ἔχει
3116 2212 3174 2266 δὲ
3222 2212 3407 2278 οὕτως
3452 2213 3521 2267 τά

1938 2306 2100 2377 ῥητὰ,
2131 2305 2223 2360 τοῦ
2274 2306 2373 2377 μὲν
2406 2305 2726 2360 Ματθαίου⁸
2769 2324 2788 2356 ε
2840 2305 2975 2359 Τότε
3023 2304 3249 2375 ἀφίησιν
3283 2303 3451 2359 αὐτὸν
3491 2306 3520 2359 6

1935 2398 2198 2465 διάϐολος,
2234 2399 2329 2454 καὶ
2361 2399 2470 2453 ἰδοὺ
2499 2400 2720 2469 ἄγγελοι
2748 2400 3071 2472 προσῆλθον,
3109 2399 3205 2454 καὶ⁵
3234 2399 3518 2471 διηκόνουν

1937 2493 2085 2564 αὐτῷ
2115 2493 2249 2565 (59).
2283 2493 2545 2557 Ἀκούσας
2566 2493 2644 2560 δὲ,
2671 2494 2750 2547 ὅτι
2790 2493 3041 2564 Ἰωάννης
3075 2493 3377 2566 παρεδόθη,
3400 2493 3521 2547 ἀνε-

1937 2585 2185 2659 χώρησεν
2218 2589 2297 2651 είς
2328 2586 2639 2652 Γαλιλαίαν,
2661 2588 2755 2642 καὶ
2775 2585 3091 2642 καταλιπὼν
3111 2587 3209 2661 τὴν
3232 2584 3517 2660 Ναζαρὲθ,

1939 2678 2108 2733 ἐλθὼν
2136 2679 2456 2752 κατῴκησεν
2496 2682 2578 2744 είς
2608 2681 2989 2752 Καφαρναοὺμ
3021 2679 3119 2753 τὴν
3163 2679 3519 2753 παραθαλασ-

1940 2770 2082 2837 σίαν,
2126 2773 2184 2825 ἐν
2216 2773 2385 2844 ὁρίοις
2422 2772 2706 2827 Ζαϐουλὼν
2744 2774 2837 2828 καὶ
2881 2773 3218 2846 Νεφθαλεὶμ,
3256 2775 3349 2828 ἵνα
3387 2773 3520 2846 πλη-

1941 2865 2087 2936 ρωθῇ
2118 2865 2178 2917 τὸ
2210 2865 2373 2937 ῥηθὲν
2404 2864 2492 2919 διὰ
2532 2865 2755 2919 Ἡσαΐου
2777 2864 2871 2918 τοῦ
2898 2866 3202 2938 προφήτου,
3228 2865 3513 2935 λέγοντος’

1938 2955 2017 3026 Γῆ
2041 2954 2326 3009 Ζαϐουλὼν
2349 2956 2522 3026 καὶγῆ
2551 2954 3001 3027 Νεφθαλείμ(ϐθ)⁸
3028 2976 3047 3008 ι
3084 2956 3177 3009 καὶ
3201 2956 3347 3027 μετὰ
3364 2956 3434 3010 τὰ
3463 2958 3518 3009 ἐν

257 3049 445 3104 dicere
475 3066 489 3102 :
519 3047 878 3120 Resipiscite,
935 3048 1105 3104 instat
1170 3050 1317 3104 enim
1382 3062 1607 3117 regnum
1669 3049 1833 3105 ccelo-~

1957 3047 2016 3120 τῷ
2056 3049 2252 3120 Ἡσαΐᾳ
2281 3048 2439 3121 ῥητὰ,
2470 3048 2648 3118 λέγει·
2691 3069 2710 3102 ι
2759 3048 2892 3103 Ἀπὸ
2930 3049 3054 3103 τότε
3101 3050 3308 3122 ἤρξατο
3344 3051 3374 3102 6
3420 3049 3523 3120 Ἰη-

258 3156 380 3196 rum
417 3179 432 3194 .
479 3158 499 3193 ι
540 3140 753 3197 Marcus
787 3157 919 3197 vero
963 3160 975 3194 :
1019 3157 1038 3190 ι
1083 3138 1151 3193 Ει
1189 3150 1305 3194 erat
1332 3180 1347 3205 ,
1419 3142 1616 3211 inquit,
1661 3141 1711 3195 in
1739 3141 1833 3197 de-

257 3241 406 3287 serto
449 3230 813 3302 quadraginta
860 3230 975 3287 dies
1018 3239 1074 3286 et
1118 3229 1479 3301 quadraginta
1526 3239 1739 3297 noctes,
1781 3239 1837 3284 et

259 3324 572 3381 tentabatur
593 3340 622 3378 a
646 3323 852 3379 Satana
889 3342 904 3378 :
934 3333 1162 3394 eratque
1198 3339 1321 3380 cum
1355 3323 1517 3388 feris,
1569 3331 1622 3377 et
1662 3321 1834 3392 angeli

257 3415 648 3474 ministrabant
704 3415 804 3470 illi.
882 3414 1176 3486 Postquam
1229 3425 1410 3471 autem
1469 3414 1702 3469 traditus
1756 3422 1837 3467 est

256 3509 515 3573 Joannes,
536 3505 864 3564 venitJesus
904 3509 957 3563 in
989 3508 1293 3575 Galilaeam,
1329 3508 1630 3579 praedicans
1658 3507 1836 3561 Evan-

257 3600 458 3673 gelium
491 3600 608 3666 Dei,
636 3614 834 3671 nempe
866 3620 880 3656 :
914 3600 1203 3672 lmpletum
1238 3609 1328 3657 est
1357 3611 1569 3670 tempus
1592 3642 1607 3667 ,
1641 3601 1838 3659 instat-

257 3708 367 3762 que
416 3706 639 3763 regnum
691 3691 814 3747 Dei.
843 3691 1209 3762 Resipiscite,
1257 3702 1315 3747 et
1352 3691 1559 3747 credite
1592 3692 1838 3765 Evange-

257 3785 332 3841 lio
374 3784 439 3839 “.
472 3804 491 3837 ι
532 3783 739 3840 Deinde
798 3800 922 3840 cum
955 3795 1268 3840 enarrasset
1290 3785 1357 3839 de
1401 3787 1615 3839 Andrea
1667 3796 1722 3841 et
1771 3788 1840 3840 de

255 3877 442 3942 Petro,
508 3876 822 3946 Jacoboque
866 3893 931 3932 ac
974 3874 1221 3942 Joanne,
1280 3876 1475 3932 scribit
1519 3877 1676 3932 haec:
1722 3895 1739 3928 ι
1775 3877 1840 3931 Ει

255 3971 541 4040 ingressus
571 3979 655 4025 est
683 3967 1088 4040 Capharnaum,
1121 3978 1175 4023 et
1197 3969 1381 4024 statim
1412 3968 1658 4025 sabbatis
1682 3969 1840 4026 doce-

256 4061 354 4118 bat
381 4061 436 4117 in
464 4058 777 4132 Synagoga.
805 4080 824 4113 ›
852 4060 1036 4116 Lucas
1069 4075 1197 4116 vero
1227 4077 1241 4113 :
1283 4079 1302 4113 ι
1333 4061 1546 4116 Etcum
1586 4076 1839 4117 consum-

257 4161 508 4220 masset,
572 4152 783 4222 inquit,
850 4152 1203 4207 tentationem
1269 4152 1558 4221 diabolus,
1616 4153 1840 4208 recessit

256 4244 331 4300 ab
366 4243 459 4300 illo
489 4258 663 4313 usque
698 4244 766 4300 ad
805 4253 1039 4313 tempus.
1082 4243 1150 4298 Et
1179 4258 1434 4300 reversus
1469 4255 1556 4300 est
1592 4243 1750 4300 Jesus
1784 4245 1838 4298 in

257 4336 467 4392 virtute
515 4334 751 4406 Spiritus
808 4336 864 4391 in
926 4335 1242 4402 Galilaeam,
1302 4346 1358 4392 et
1400 4336 1543 4391 fama
1577 4337 1714 4392 exiit
1745 4352 1840 4406 per

1943 3139 2067 3203 σοῦς
2089 3139 2401 3212 κηρύσσειν,
2436 3142 2530 3195 καὶ
2558 3141 2737 3211 λέγειν
2759 3158 2773 3170 ·
2810 3143 3155 3205 Μετανοεῖτε,
3181 3142 3385 3212 ἧγγικε
3418 3141 3521 3212 γὰρ

1943 3233 1977 3303 ἡ
2022 3231 2268 3304 βασιλεία
2313 3233 2421 3288 τῶν
2468 3234 2735 3303 οὐρανῶν.
2779 3254 2797 3286 ι
2836 3234 2896 3287 'O
2937 3234 2995 3287 δὲ
3045 3235 3309 3307 Μάρκος·
3358 3253 3378 3285 ι
3414 3234 3522 3287 Καὶ

1938 3319 2040 3394 ἧν,
2105 3326 2302 3394 φησὶν,
2368 3327 2426 3379 ἐν
2485 3326 2556 3395 τῇ
2602 3328 2795 3399 ἐρήμῳ
2847 3327 3254 3399 τεσσαράκοντα
3308 3328 3521 3400 ἡμέρας

1940 3418 2034 3472 καὶ
2082 3418 2486 3488 τεσσαράκοντα
2528 3419 2729 3483 νύκτας
2781 3418 2915 3490 (61),
2972 3419 3373 3493 πειραζόμενος
3421 3419 3522 3472 ὑπὸ

1938 3507 2032 3561 τοῦ
2070 3508 2313 3561 Σατανᾶ·
2340 3509 2434 3561 καὶ
2461 3504 2529 3580 ἦν
2559 3507 2696 3580 μετὰ
2729 3507 2837 3561 τῶν
2872 3507 3098 3581 θηρίων,
3131 3509 3228 3561 καὶ
3263 3509 3317 3561 οἱ
3361 3509 3522 3577 ἄγγε-

1939 3601 2020 3656 λοι
2073 3603 2356 3674 διηκόνουν
2410 3601 2580 3674 αὐτῷ.
2634 3603 2795 3658 Μετὰ
2836 3603 2892 3657 δὲ
2930 3603 2991 3656 τὸ
3018 3603 3399 3675 παραδοθῆναι
3433 3603 3520 3659 τὸν

1953 3694 2222 3766 Ἰωάννην,
2253 3692 2416 3768 ἦλθεν
2440 3697 2469 3748 6
2512 3696 2719 3768 Ἰησοῦς
2744 3699 2823 3760 είς
2848 3696 2947 3769 τὴν
2977 3697 3289 3763 Γαλιλαίαν,
3325 3698 3521 3771 κηρύσ-

1942 3804 2050 3842 σων
2077 3787 2138 3841 τὸ
2163 3788 2498 3858 Εὑαγγέλιον
2524 3788 2618 3842 τοῦ
2639 3788 2798 3851 Θεοῦ,
2829 3790 2913 3842 ὅτι
2943 3789 3299 3863 πεπλήρωται
3329 3794 3360 3845 6
3398 3808 3517 3846 και-

1942 3880 2054 3951 ρὸς,
2080 3880 2173 3935 καὶ
2201 3883 2429 3952 ἡγγικεν
2467 3884 2498 3953 ἡ
2531 3881 2773 3953 βασιλεία
2816 3882 2907 3935 τοῦ
2954 3882 3112 3941 Θεοῦ,
3165 3885 3517 3953 Μετανοεῖτε,

1939 3974 2035 4027 καὶ
2088 3971 2371 4026 πιστεύετε
2417 3972 2495 4044 τῷ
2547 3974 2886 4046 Εὑαγγελίῳ.
2923 3994 2940 4023 ι
2973 3975 3226 4038 Ἔπειτα,
3255 3975 3520 4048 διηγησά-

1944 4080 2100 4134 μενος
2135 4063 2384 4134 καὶπερὶ
2418 4063 2687 4136 Ἀνδρέου,
2737 4067 2826 4118 καὶ
2872 4065 3077 4137 Πέτρου
3101 4105 3115 4129 ,
3155 4066 3417 4121 Ἰακώϐου
3460 4085 3519 4121 τε

1941 4156 2034 4209 καὶ
2075 4155 2345 4222 Ἰωάννου,
2388 4156 2694 4227 ἀναγράφει
2740 4158 2946 4214 ταῦτα’
2987 4177 3004 4209 ι
3058 4159 3169 4211 Καὶ
3204 4159 3519 4231 είσπορευό·

1944 4265 2103 4320 μενος
2139 4250 2218 4312 εἰς
2267 4249 2667 4320 Καφαρναοὺμ,
2716 4250 2808 4303 καὶ
2850 4249 3050 4314 εὐθέως
3091 4253 3202 4315 τοῖς
3257 4251 3517 4305 σάϐϐασιν

1942 4340 2219 4395 ἐδίδασκεν
2286 4341 2366 4404 εἰς
2414 4341 2514 4412 τὴν
2568 4342 2912 4412 συναγωγήν.
2967 4361 2985 4392 ι
3054 4342 3111 4395 Ὁ
3164 4342 3221 4395 δὲ
3272 4345 3513 4408 Λουκᾶς·

257 4429 568 4485 universam
614 4431 889 4501 regionem
944 4432 1011 4486 de
1063 4431 1204 4500 ipso,
1260 4440 1318 4487 et
1363 4430 1477 4500 ipse
1506 4430 1736 4486 docebat
1782 4430 1835 4484 in

1957 4436 2100 4488 [Καὶ
2140 4434 2480 4499 συντελέσας,
2536 4438 2691 4506 φησὶ,
2725 4437 2817 4489 τὸν
2857 4436 3162 4508 πειρασμὸν
3184 4437 3215 4489 ὁ
3247 4436 3513 4501 διάϐολος,

260 4522 557 4594 synagogis
586 4537 802 4591 eorum,
843 4534 900 4580 et
928 4522 1336 4595 gloriﬁcabatur
1368 4527 1436 4579 ab
1463 4523 1737 4580 omnibus.
1772 4523 1838 4577 Et

256 4613 416 4668 venit
460 4613 515 4667 in
576 4613 811 4680 Nazara,
862 4614 952 4670 ttbi
1009 4625 1131 4671 erat
1176 4615 1455 4680 nutritus,
1503 4614 1837 4683 intravitque

267 4704 424 4777 162
454 4706 746 4761 secundum
807 4708 1255 4764 consuetudinem
1303 4721 1457 4761 suam
1505 4707 1594 4762 die
1643 4705 1838 4761 sabba-

1943 4525 2154 4597 ἀπέστη
2186 4529 2281 4580 ἀπ’
2329 4527 2493 4580 αὐτοῦ
2542 4527 2671 4599 ἄχρι
2719 4526 2930 4598 καιροῦ.
2986 4528 3094 4581 Καὶ
3127 4527 3515 4600 ὑπέστρεψενὸ

1957 4618 2164 4689 Ἰησοῦς
2193 4621 2252 4673 ἐν
2284 4622 2350 4692 τῇ
2373 4621 2603 4692 δυνάμει
2656 4619 2750 4674 τοῦ
2780 4620 3099 4692 Πνεύματος
3130 4623 3210 4686 είς
3238 4621 3337 4694 τὴν
3363 4622 3514 4675 Γαλι-

1942 4710 2118 4776 λαίαν,
2150 4712 2246 4766 καὶ
2290 4713 2446 4784 φήμη
2496 4711 2689 4783 ἐξῆλθε
2721 4711 2843 4766 καθ’
2884 4713 3010 4783 ὅλης
3052 4715 3153 4785 τῆς
3205 4713 3508 4787 περιχώρου

263 4805 443 4849 torum
473 4796 528 4850 in
572 4795 916 4870 Synagogam
943 4801 1010 4856 ⁸³.
1040 4821 1061 4854 ι
1126 4801 1373 4870 Cumque
1412 4800 1686 4856 docuisset
1715 4814 1837 4871 qua:

1957 4803 2074 4874 περὶ
2094 4802 2281 4868 αὐτοῦ,
2313 4803 2410 4856 καὶ
2436 4803 2597 4867 αὐτὸς
2638 4803 2913 4859 ἐδίδασκεν
2943 4805 3000 4857 ἐν
3026 4806 3148 4868 ταῖς
3178 4807 3516 4874 συναγωγαῖς

258 4887 320 4949 in
369 4886 600 4945 Nazaris
634 4893 702 4947 ab
751 4893 870 4963 ipso
916 4895 1060 4951 dicta
1106 4895 1325 4951 fuerant
1374 4897 1441 4963 ⁸³,
1488 4894 1841 4966 furoremque

1957 4894 2148 4961 αὐτῶν,
2175 4893 2530 4968 δοξαζόμενος
2561 4897 2666 4950 ὑπὸ
2692 4897 2929 4952 πάντων.
2956 4898 3069 4953 Kal.
3098 4892 3263 4969 ἦλθεν
3300 4901 3381 4963 είς
3409 4894 3516 4951 Νά-

335 5073 385 5110 ⁸⁹
407 5073 570 5135 Joan.
595 5090 657 5144 ll,
682 5076 772 5131 12.
850 5077 893 5110 ⁶⁰
917 5078 1048 5150 Cap.
1075 5095 1146 5147 tv,
1183 5095 1241 5135 ν.
1276 5080 1336 5134 Η
1369 5096 1522 5152 seqq.
1600 5081 1642 5113 ⁶¹
1674 5080 1841 5137 Marc.

1957 5080 2013 5136 [5
2043 5095 2199 5153 seqq.
2280 5082 2324 5113 ⁸⁸
2364 5081 2498 5138 Luc.
2532 5097 2611 5150 tv,
2662 5082 2730 5136 15
2759 5096 2912 5153 seqq.
2992 5082 3038 5113 ⁸³
3082 5082 3214 5161 ibid.
3249 5081 3313 5136 2|
3366 5094 3514 5151 seqq.

267 5263 551 5335 Scriptura
581 5261 729 5332 digni
756 5260 933 5316 habiti
968 5270 1117 5327 sunt,
1154 5270 1307 5316 certe
1346 5260 1728 5333 inquirendum
1759 5271 1844 5318 est
1949 5280 1981 5322 e
2008 5265 2195 5320 codice
2220 5262 2543 5320 Bodleiano.

268 5329 952 5408 nunt'_forte_unus,etc._t
1050 5400 1078 5408 _
1166 5399 1220 5408 __
1371 5400 1384 5408 ,
1422 5329 1439 5333 ’
1493 5400 1529 5408 __
1590 5402 1622 5408 __
1664 5401 1675 5408 .

2021 5334 2135 5407 (60)
2167 5335 2294 5408 Καὶ
2336 5336 2415 5406 γῆ
2459 5337 2821 5408 Νεφθαλείμ.
2872 5333 3006 5408 llaec
3040 5334 3420 5408 desiderantur
3457 5329 3513 5389 in

341 5403 456 5476 (58)
495 5404 605 5459 Καὶ
634 5405 690 5458 οἱ
717 5402 917 5459 λοιποὶ
949 5399 1270 5476 1987c._Sic_
1286 5400 1458 5456 codex
1490 5400 1841 5476 Dodleianus,

1957 5399 2137 5464 codice
2166 5399 2359 5476 Regio,
2390 5399 2485 5461 sed
2520 5399 2882 5464 restituuntur
2911 5420 2942 5459 e
2974 5405 3290 5476 Bodleiano.

268 5470 690 5550 optimesmale
742 5488 871 5528 vero
918 5473 1094 5550 codex
1122 5470 1373 5550 Δῐὶοείιιει,
1418 5471 1513 5550 και
1563 5472 1611 5550 οἱ
1664 5470 1842 5550 λοιποὶ

1961 5547 1994 5550 μ
2018 5477 2131 5550 (61)
2168 5470 2279 5550 Καὶ
2324 5470 2779 5547 τεσσαράκοντα
2822 5479 3063 5550 νύκτας,
3114 5475 3277 5531 Deest
3324 5477 3510 5550 in__eo-

310 5542 404 5633 άρ.
435 5542 1137 5665 Huicrperversaedectioni
1173 5541 1441 5614 originem
1482 5543 1630 5599 dedit
1663 5542 1841 5607 littera
1948 5541 2067 5630 dice
2094 5541 2409 5616 Bodleiano,
2441 5541 2543 5606 nec
2583 5550 2783 5606 lectum
2814 5560 2898 5604 est
2927 5550 2995 5603 ab
3021 5541 3340 5617 interprete
3379 5541 3511 5607 Fer-

344 5628 562 5665 numera
587 5632 633 5665 IS
670 5632 766 5665 01⁵0
789 5631 957 5665 τοειε.
1946 5632 2115 5665 rario-

344 5628 766 5687 tru‘mera‘nsprp
789 5628 957 5687 τρεῖς.
1068 5683 1101 5687 υ
1211 5683 1240 5687 _
1328 5682 1341 5687 _
1485 5668 1521 5687 ._

1957 5628 2115 5676 rario.

345 5682 459 5747 (59)
498 5668 686 5753 Αὐτῷῖ
716 5668 876 5744 Deest
902 5668 958 5742 in
985 5683 1170 5743 codice
1208 5682 1404 5758 Regio,
1427 5668 1523 5742 sed
1553 5690 1842 5740 revocatur
