3766 6142
376 264 524 329 311V

1820 283 1979 341 ORIG
1989 286 2140 341 ENIS

3504 292 3604 347 5ιῖ

324 368 331 383 ί
376 397 517 466 apud
545 396 880 460 Mattbzeum,
907 403 962 450 et
984 395 1221 450 Marcum
1254 397 1453 452 dictum
1483 407 1597 461 est,
1629 408 1811 455 Jesum
1841 403 1930 456 sci-

2048 405 2163 475 ἅμα
2191 403 2364 476 ἀληθῆ
2396 399 2535 457 εἶναι
2568 404 2750 477 ἐροῦσι
2775 405 2833 457 τό
2864 422 2921 458 τε
2953 404 3103 476 παρὰ
3130 404 3207 475 τῷ
3234 405 3488 477 Ματθαίῳ
3517 410 3605 461 καὶ

378 488 504 542 licet
530 487 819 541 secessisse
849 489 899 539 in
928 486 1204 543 Galilaeam
1227 489 1298 553 ⁷⁸,
1342 499 1596 558 tanquam
1628 493 1720 561 qui
1765 493 1942 546 audis-

375 585 460 633 aet
483 573 747 631 Jonnnem
773 577 1026 630 traditum
1059 575 1259 643 fuisse;
1288 587 1343 632 et
1374 578 1524 645 illud,
1552 582 1693 646 quod
1712 581 1941 650 positum

373 674 463 721 est
493 666 632 735 apud
662 666 930 721 Joannem
952 667 997 698 '”
1020 710 1035 733 ,
1068 666 1277 721 scilicet
1307 668 1541 721 nondum
1568 666 1735 723 fuisse
1763 669 1944 738 Bapti-

377 766 516 813 sram
546 759 850 827 conjectum
874 758 928 811 in
951 772 1250 821 carcerem,
1268 759 1360 812 sed
1390 760 1663 827 baptizare
1687 760 1740 814 in
1765 758 1940 814 Ᾱέιιοιι

371 850 525 919 juxta
554 850 756 914 Salim;
799 850 851 904 id
892 850 1034 920 quod
1067 851 1286 919 ponitur
1311 860 1432 919 post
1471 853 1800 906 mansionem
1836 854 1941 907 Dn-

324 980 328 984 .
374 943 508 999 ntini
543 942 594 997 in
608 942 929 1011 Capharnao
956 944 1027 1008 7',
1055 953 1108 997 et
1133 955 1256 1013 post
1289 959 1570 998 ascensum
1599 946 1663 999 ad
1695 945 1945 999 llieroso-

377 1033 599 1107 lymam,
629 1033 862 1104 indeque
888 1035 954 1089 ad
982 1032 1221 1089 Iudaeam
1257 1036 1576 1090 descensum
1618 1037 1698 1099 ⁷³,
1728 1052 1790 1092 ac
1824 1047 1944 1106 post

378 1127 578 1182 multas
607 1126 741 1181 alias
765 1127 1095 1181 (economias
1120 1136 1173 1181 et
1209 1127 1676 1196 dispensationes?
1721 1128 1860 1196 Quin
1895 1129 1942 1182 si

378 1219 445 1273 de
491 1218 615 1273 aliis
661 1219 1029 1286 compluribus
1090 1218 1375 1289 diligenter
1443 1221 1565 1289 quis
1625 1220 1944 1290 exquisierit

380 1309 664 1379 Evangelia
684 1310 751 1365 de
770 1309 1103 1365 dissonantia
1127 1310 1424 1365 secundum
1448 1312 1753 1376 historiam,
1778 1327 1942 1383 quam

376 1401 682 1470 singulatim
715 1402 1046 1457 tentabimus
1068 1415 1168 1471 pro
1206 1401 1348 1455 virili
1373 1402 1442 1458 ob
1483 1404 1673 1461 oculos
1718 1419 1939 1475 ponere,
1978 1448 1983 1455 .

376 1491 641 1561 vertigine
670 1492 894 1547 aﬂ‘eetus
915 1535 928 1558 ,
968 1494 1050 1546 vel
1078 1504 1267 1549 renuet
1292 1494 1622 1550 confirmare
1651 1496 1937 1567 Evangelia

374 1590 634 1653 tanquam
664 1600 814 1652 vera,
842 1594 898 1640 et
942 1586 1145 1656 judicio
1175 1603 1272 1644 suo
1300 1587 1402 1643 sibi
1435 1587 1640 1655 eligens
1671 1590 1814 1657 quod
1847 1603 1940 1642 vo-

377 1674 559 1741 luerit,
585 1676 745 1732 alicui
773 1679 1010 1747 ipsorum
1043 1678 1451 1750 Evangeliorum
1477 1678 1798 1745 adhaerebit,
1833 1695 1940 1733 non

2047 498 2259 569 Μάρκῳ
2307 499 2613 571 εἰρημένον,
2662 499 2737 561 ti);
2764 498 2852 550 διὰ
2873 498 2935 551 τὸ
2974 500 3265 568 ἀκηκοέναι
3297 498 3453 552 αὐτὸν
3486 502 3603 571 περὶ

2046 589 2140 643 τοῦ
2185 590 2430 645 Ἰωάννου
2467 589 2879 662 παραδοθέντος,
2914 592 2995 654 εἰς
3035 591 3133 660 τὴν
3173 590 3456 644 Γαλιλαίαν
3484 592 3609 645 ἀνα-

2046 681 2412 752 χωρήσαντος·
2438 683 2532 735 καὶ
2560 682 2621 734 τὸ
2645 682 2796 753 παρὰ
2819 680 2896 752 τῷ
2932 681 3152 755 Ἰωάννῃ
3184 682 3320 753 μετὰ
3339 684 3430 736 καί
3453 682 3608 747 ἄλλας

2045 771 2354 842 οἰκονομίας
2404 772 2542 843 πρὸς
2581 774 2648 843 τῇ
2680 773 2739 826 ὲν
2763 772 3141 842 Καφαρναοὺμ
3185 774 3317 843 μονῇ
3347 772 3606 842 κείμενον,

2047 864 2141 916 καὶ
2171 862 2269 935 τὴν
2298 865 2376 927 είς
2417 863 2761 935 Ἰεροσόλυμα
2800 863 2911 935 (68)
2944 864 3146 929 ἄνοδον,
3182 865 3281 935 τήν
3316 881 3378 917 τε
3407 865 3485 926 εἰς
3516 862 3610 932 τὴν

2060 954 2313 1009 Ἰουδαίαν
2336 954 2541 1008 ἐκεῖθεν
2560 954 2803 1015 κάθοδον.
2832 956 2914 1008 ὅτι
2937 954 3088 1031 οὔπω
3103 955 3264 1026 βεϐλη
3274 954 3431 1025 μένος
3453 950 3519 1024 ἦν
3536 956 3611 1017 εἰς

2048 1046 2291 1118 φυλακὴν
2316 1047 2345 1099 ό
2384 1047 2656 1118 Ἰωάννης,
2689 1045 2801 1100 ἀλλ’
2835 1045 3124 1112 ἐϐάπτιζεν
3160 1049 3218 1101 ὲν
3251 1043 3428 1100 Αἰνὼν
3454 1046 3610 1114 ἐγγὺς

2045 1139 2140 1193 τοῦ
2161 1139 2391 1210 Σαλείμ;
2417 1140 2526 1192 Καὶ
2547 1139 2641 1192 ἐπὶ
2672 1139 2845 1193 ἄλλων
2872 1138 2929 1193 δὲ
2968 1138 3225 1193 πλειόνων
3247 1138 3299 1191 εἴ
3316 1155 3402 1201 τις
3429 1139 3612 1208 ἐπιμε-

2045 1231 2151 1295 λῶς
2183 1230 2423 1296 ἐξετάζοι
2455 1231 2524 1285 τὰ
2551 1232 2861 1300 Εὑαγγέλια
2902 1232 3029 1301 περὶ
3056 1230 3155 1301 τῆς
3181 1230 3322 1285 κατὰ
3347 1229 3447 1301 τὴν
3479 1232 3611 1284 ἱστο-

2049 1324 2171 1395 ρίαν
2217 1322 2593 1394 ἀσυμφωνίας,
2628 1323 2819 1394 ῆντινα
2836 1312 2960 1378 καθ’
2976 1324 3202 1377 ἕκαστον
3244 1321 3615 1392 πειρασόμεθα

2046 1415 2187 1470 κατά
2207 1416 2266 1470 τὺ
2293 1415 2513 1470 δυνατὸν
2531 1416 2895 1486 παραστῆσαι,
2920 1414 3316 1478 σκοτοδινιάσας
3346 1415 3469 1484 ἢτοι
3498 1415 3616 1467 ἀπο-

2049 1510 2301 1580 στήσεται
2342 1507 2435 1561 τοῦ
2469 1507 2669 1580 κυροῦν
2701 1508 2777 1571 ὡς
2806 1506 3019 1579 ἀληθῶς
3046 1507 3116 1561 τὰ
3155 1505 3486 1575 Εὑαγγέλια,
3530 1506 3615 1557 καὶ

2049 1599 2510 1671 ἀποκληρωτικῶς
2542 1601 2621 1653 ένὶ
2661 1598 2836 1653 αὐτῶν
2871 1597 3258 1670 προσθήσεται,
3294 1597 3368 1669 μὴ
3412 1594 3615 1666 τολμῶν

2047 1690 2221 1763 πάντη
2267 1690 2475 1745 ἀθετεῖν
2501 1693 2601 1762 τὴν
2639 1692 2768 1762 περὶ
2799 1689 2891 1743 τοῦ
2923 1691 3125 1762 Κυρίου
3153 1692 3186 1760 ἡ
3197 1690 3312 1760 μῶν
3342 1688 3543 1741 πίστιν·
3582 1686 3611 1754 ἢ

373 1769 581 1825 audens
603 1768 850 1826 funditus
872 1771 1151 1825 infirmare
1178 1771 1245 1824 de
1269 1769 1498 1825 Domino
1533 1776 1723 1824 nostro
1750 1767 1930 1829 fidem;

2048 1783 2397 1855 προσιέμενος
2423 1782 2491 1837 τὰ
2518 1784 2778 1854 τέσσαρα,
2815 1778 2956 1836 εἶναι
2988 1780 3187 1854 ἀληθὲς
3218 1780 3398 1836 αὐτῶν
3440 1779 3539 1833 οὐκ
3561 1778 3615 1831 ὲν

374 1862 463 1917 vel
497 1863 792 1918 admittens
839 1873 1076 1932 quatuor
1124 1877 1243 1918 esse
1293 1860 1627 1931 Evangelia,
1661 1860 1941 1914 veritatem

377 1955 618 2024 Ipsorum
652 1973 757 2011 non
786 1958 841 2012 in
872 1956 1060 2014 formis
1093 1966 1149 2012 et
1189 1956 1601 2012 characteribus
1639 1954 1937 2025 corporali-

374 2049 480 2107 bus
516 2064 637 2104 esse
664 2049 943 2120 adiunget.

447 2158 502 2211 5.
546 2155 615 2213 Ut
640 2168 819 2212 autem
866 2158 1103 2228 aliquam
1139 2156 1631 2212 considerationem
1664 2153 1945 2210 sententia:

378 2264 442 2304 ac
468 2248 768 2303 voluntatis
798 2247 1211 2318 Evangeliorum
1261 2247 1329 2302 de
1371 2247 1522 2302 hisce
1568 2246 1731 2302 rebus
1761 2261 1941 2301 suma-

378 2355 523 2402 mus,
550 2339 706 2393 uobis
734 2338 837 2392 hoc
864 2346 949 2392 est
969 2339 1277 2393 dicendum.
1319 2338 1447 2393 Esto
1470 2338 1790 2408 quibusdam
1815 2340 1943 2408 Spi-

378 2435 484 2488 ritu
501 2432 665 2488 Denm
688 2432 1018 2499 videntibus,
1033 2433 1302 2504 hujusque
1322 2449 1602 2491 sermones
1619 2437 1684 2490 ad
1703 2444 1941 2502 sanctos,

377 2536 540 2596 atque
564 2528 925 2597 praesentiam,
950 2543 1052 2596 qua
1078 2528 1184 2583 illis
1205 2543 1262 2581 se
1281 2527 1458 2590 oll'ert,
1483 2528 1772 2598 praecipuis
1803 2538 1940 2584 tem-

377 2618 596 2686 poribus
618 2617 889 2687 profectus
923 2619 1157 2689 ipsorum
1191 2617 1376 2692 (atque
1413 2619 1468 2674 hi
1500 2619 1684 2689 plures
1713 2635 1943 2676 numero

373 2708 662 2773 exsistant,
691 2719 745 2764 et
777 2710 1008 2765 diversis
1035 2709 1089 2763 in
1112 2709 1268 2777 locis,
1302 2726 1402 2766 nec
1424 2710 1695 2765 similibus
1722 2710 1942 2766 omnino

372 2799 656 2857 beneflciis
698 2798 934 2870 alfecti);
974 2810 1135 2866 esto,
1187 2805 1448 2870 inquam,
1488 2801 1823 2871 pr0positum
1860 2805 1942 2856 his

373 2892 601 2963 singulis
625 2908 722 2947 sua
756 2893 1073 2948 renuntiare
1098 2934 1113 2959 ,
1165 2907 1284 2962 quae
1311 2891 1516 2962 Spiritu
1565 2900 1679 2946 tum
1711 2892 1776 2946 de
1810 2891 1939 2959 Deo,

374 2992 490 3038 tum
527 2984 594 3040 de
628 2985 971 3041 sermonibus
1003 2982 1151 3053 ejus,
1197 3000 1258 3040 ac
1311 2986 1378 3041 de
1405 2984 1833 3055 apparitionibus
1874 2984 1940 3037 ad

2045 1878 2158 1939 τοῖς
2191 1879 2519 1947 σωματικοῖς
2542 1876 2931 1950 χαρακτῆρσιν.

2115 2167 2169 2221 3.
2194 2167 2364 2238 ’Υπὲρ
2388 2166 2443 2220 δὲ
2466 2166 2552 2221 τοῦ
2585 2165 2756 2238 ποσὴν
2772 2166 3013 2221 ἐπίνοιαν
3035 2165 3129 2220 τοῦ
3149 2165 3490 2238 βουλήματος
3512 2165 3610 2218 τῶν

2045 2260 2389 2329 Εὐαγγελίων
2410 2261 2538 2332 περὶ
2559 2260 2666 2315 τῶν
2681 2259 2935 2314 τοιούτων
2957 2260 3163 2324 λαϐεῖν,
3194 2261 3290 2314 καὶ
3316 2259 3478 2313 τοῦτο
3491 2262 3612 2328 ἡμῖν

2045 2349 2281 2404 λεκτέον,
2320 2350 2501 2403 Ἔστω
2527 2350 2636 2403 τισὶ
2676 2349 3031 2421 προκείμενον
3061 2348 3318 2420 βλέπουσι
3345 2348 3428 2420 τῷ
3460 2348 3611 2400 πνεύ-

2048 2460 2177 2515 ματι
2213 2442 2305 2495 τὸν
2354 2442 2507 2507 Θεὸν,
2538 2443 2632 2495 καὶ
2686 2443 2812 2506 τοὺς
2859 2441 3047 2495 τούτου
3096 2443 3232 2514 πρὸς
3274 2442 3407 2505 τοὺς
3440 2442 3612 2510 ἁγίους

2043 2535 2252 2605 λόγους,
2287 2535 2385 2607 τήν
2412 2551 2471 2588 τε
2502 2535 2822 2606 παρουσίαν,
2853 2537 2918 2605 ἣν
2951 2535 3211 2607 πάρεστιν
3244 2535 3433 2598 αὐτοῖς
3472 2532 3611 2599 ἐξαι-

2045 2628 2221 2699 ρέτοις
2262 2630 2472 2699 καιροῖς
2519 2627 2618 2699 τῆς
2660 2627 2940 2701 προκοπῆς
2981 2625 3155 2680 αὐτῶν
3201 2625 3610 2695 ἐπιφαινόμενος

2044 2720 2283 2793 (πλέοσιν
2323 2716 2443 2773 οὖσι
2470 2719 2562 2773 τὸν
2591 2719 2845 2791 ἀριθμὸν,
2879 2720 2973 2772 καὶ
3009 2721 3064 2772 ὲν
3097 2717 3375 2789 διαφόροις
3413 2717 3606 2778 τόποις,

2041 2813 2141 2884 οὐχ
2167 2813 2431 2884 ὁμοειδεῖς
2457 2830 2517 2865 τε
2542 2811 2715 2883 πάντη
2753 2811 3068 2886 εὐεργεσίας
3094 2810 3607 2883 εῦεργετουμένοις),

2042 2904 2256 2975 ἑκάστῳ
2287 2903 2391 2975 ἰδίᾳ
2419 2902 2767 2971 ἀπαγγεῖλαι,
2794 2902 2831 2956 ἃ.
2872 2902 3054 2973 βλέπει
3080 2902 3159 2973 τῷ
3189 2900 3463 2972 πνεύματι
3492 2900 3609 2970 περί

2039 2995 2134 3049 τοῦ
2183 2996 2337 3061 Θεοῦ,
2385 2998 2479 3050 καὶ
2523 2995 2630 3051 τῶν
2658 2996 2829 3065 λόγων
2872 2996 3036 3050 αὐτοῦ
3055 3037 3070 3061 ,
3101 2995 3208 3049 τῶν
3241 3012 3300 3048 τε
3326 2995 3470 3066 πρὸς
3494 2994 3608 3056 τοὺς

372 3085 591 3132 sanctos
614 3075 820 3142 vident,
853 3076 924 3130 ita
964 3086 1020 3131 ut
1048 3077 1136 3131 hic
1164 3075 1382 3145 quidem
1415 3076 1687 3130 renuntiet
1709 3089 1832 3145 quae
1858 3075 1930 3129 di-

2048 3088 2227 3157 ἁγίους
2257 3088 2588 3160 ὲμφανειῶν,
2633 3088 2774 3142 ὥστε
2802 3089 2950 3143 τόνδε
2986 3088 3085 3160 μὲν
3116 3088 3244 3159 περὶ
3280 3087 3452 3141 τῶνδε
3483 3085 3608 3157 τῷῗε

372 3176 593 3232 cuntur,
637 3168 722 3222 vel
746 3176 1034 3235 aguntura
1066 3166 1176 3222 Deo
1207 3168 1260 3222 in
1301 3167 1392 3221 tali
1433 3167 1553 3222 loco
1593 3168 1719 3222 huic
1762 3167 1938 3238 justo,

372 3257 465 3315 ille
498 3274 628 3314 vero
658 3274 779 3327 qure
820 3258 957 3314 alius
982 3273 1079 3329 per
1102 3258 1321 3314 oracula
1355 3259 1727 3321 vel/audierit,
1752 3260 1835 3314 vel
1862 3274 1942 3314 re-

371 3349 600 3419 Ceperit,
633 3360 688 3404 et
708 3348 847 3405 alius
878 3359 1078 3420 prater
1112 3352 1248 3405 duos
1277 3351 1562 3420 praedictos
1587 3352 1716 3406 velit
1745 3365 1842 3403 nos
1871 3349 1940 3405 de

372 3439 556 3513 aliquo
582 3442 741 3496 tertio
766 3440 984 3496 docere.
1009 3440 1140 3498 Esto
1162 3449 1341 3496 autem
1366 3443 1529 3497 etiam
1556 3441 1751 3511 aliquis
1774 3456 1937 3511 quar-

370 3543 494 3596 tus,
530 3534 751 3602 perinde
784 3541 947 3603 atque
1001 3534 1057 3588 hi
1100 3543 1212 3589 tres
1266 3533 1509 3597 faciens,
1547 3534 1940 3603 conferantque

369 3626 424 3682 hi
448 3634 683 3694 quatuor
716 3626 856 3681 inter
881 3641 941 3680 se
965 3627 1034 3680 de
1058 3627 1379 3695 quibusdam
1408 3642 1530 3697 qua:
1562 3626 1797 3695 Spiritus
1834 3627 1939 3683 illis

370 3717 731 3789 suggesserit,
783 3720 928 3773 etde
954 3717 1078 3773 aliis
1112 3718 1262 3773 brevi
1308 3718 1556 3773 oratione
1605 3717 1937 3783 renuntient,

368 3811 504 3868 adeo
544 3820 603 3865 ut
633 3810 941 3880 hujusmodi
966 3812 1077 3865 sint
1123 3810 1341 3865 illorum
1369 3810 1738 3866 narrationes:
1778 3809 1937 3866 Visus

369 3914 454 3958 est
483 3903 622 3957 Deus
647 3902 774 3958 huic
805 3903 908 3957 hoc
939 3912 1204 3973 tempore,
1232 3902 1338 3958 hoc
1364 3902 1417 3956 in
1454 3902 1594 3966 loco,
1641 3910 1697 3957 et
1719 3903 1833 3958 hare
1860 3901 1936 3957 illi

369 3993 537 4052 fecit:
572 3994 715 4048 hunc
741 3994 794 4047 in
826 3996 1044 4048 modum
1077 3995 1123 4048 si
1171 3994 1244 4048 illi
1280 3992 1440 4065 164
1477 3996 1794 4064 apparuerit
1843 3994 1936 4049 tali

368 4084 565 4147 forma,
603 4092 659 4137 et
686 4099 846 4139 manu
874 4085 1028 4140 duxit
1051 4085 1120 4139 ad
1160 4086 1304 4140 hunc
1330 4086 1538 4167 locum,
1578 4085 1666 4139 ubi
1710 4085 1825 4140 haec
1859 4084 1938 4139 fe-

369 4180 463 4234 cit.
505 4178 792 4234 Secundus
829 4178 1018 4233 eodem
1054 4187 1294 4249 tempore
1323 4193 1430 4248 quo
1468 4178 1583 4233 haec
1626 4178 1768 4234 dicta
1810 4187 1938 4234 sunt

367 4273 513 4331 facta
537 4272 703 4328 fuisse
721 4272 860 4339 apud
881 4270 1137 4340 primum,
1162 4270 1369 4325 referat
1384 4271 1550 4326 Deum
1569 4270 1740 4326 visum
1767 4268 1936 4326 fuisse

368 4367 422 4424 in
450 4366 680 4436 quadam
708 4365 839 4419 urbe
862 4362 1095 4429 cuipiam
1129 4363 1365 4417 secundo
1404 4363 1586 4433 (quem
1627 4363 1742 4432 ipse
1781 4363 1932 4434 velit)

2042 3179 2122 3251 τῷ
2170 3180 2362 3252 δικαίῳ
2407 3180 2548 3235 κατὰ
2602 3181 2750 3236 τόνδε
2801 3180 2893 3235 τὸν
2950 3181 3112 3234 τόπον
3156 3180 3470 3251 λεγομένων
3511 3179 3607 3232 ὑπὸ

2041 3271 2199 3337 Θεοῦ,
2243 3273 2335 3325 καὶ
2369 3275 2754 3346 πραττομένων
2800 3260 3178 3342 ἀπαγγέλλειν·
3209 3274 3362 3327 τόνδε
3395 3274 3453 3327 δὲ
3492 3274 3608 3345 περὶ

2041 3363 2149 3417 τῶν
2179 3365 2378 3437 ἐτέρων
2408 3365 2935 3438 χρησμῳδουμένων,
2970 3367 3063 3419 καὶ
3086 3365 3542 3438 ἐπιτελουμένων,
3574 3365 3603 3435 ἢ

2040 3455 2197 3509 ἄλλον
2228 3456 2356 3528 περί
2381 3474 2526 3521 τινος
2554 3457 2737 3530 τρίτου
2759 3457 2910 3530 παρὰ
2928 3458 3052 3522 τοὺς
3076 3459 3506 3531 προειρημένους
3523 3457 3607 3511 δύο

2040 3545 2213 3600 θέλειν
2241 3549 2388 3619 ἡμᾶς
2430 3547 2721 3603 διδάσκειν.
2759 3550 2939 3603 Ἔστω
2962 3549 3018 3602 δέ
3046 3568 3129 3613 τις
3156 3551 3250 3604 καὶ
3271 3551 3531 3623 τέταρτος
3552 3550 3606 3602 τὸ

2040 3636 2299 3705 ἀνάλογον
2315 3638 2426 3700 τοῖς
2446 3637 2591 3709 τρισὶ
2609 3636 2735 3709 περί
2749 3654 2891 3700 τινος
2920 3637 3108 3692 ποιῶν.
3144 3636 3604 3708 Συμφερέσθωσαν

2037 3725 2094 3779 δὲ
2126 3728 2175 3780 οἰ
2216 3727 2476 3799 τέσσαρες
2501 3722 2644 3782 οὗτοι
2672 3728 2797 3800 περί
2825 3745 2984 3781 τινων
3024 3728 3129 3781 ὑπὸ
3172 3729 3265 3782 τοῦ
3302 3728 3605 3799 πνεύματος

2039 3820 2222 3883 αὐτοῖς
2249 3818 2696 3891 ὑποϐαλλομένων
2731 3818 2999 3891 ἀλλήλοις,
3033 3821 3127 3873 καὶ
3155 3820 3284 3892 περὶ
3322 3820 3523 3891 ἐτέρων
3552 3821 3603 3870 ἐν

2036 3911 2199 3981 ὀλίγῳ
2232 3911 2776 3982 παραγγελλέτωσαν,
2810 3910 2952 3965 ὥστε
2981 3907 3118 3965 εἶναι
3151 3911 3409 3974 τοιαύτας
3439 3910 3602 3965 αὐτῶν

2036 4000 2136 4065 τὰς
2166 4001 2462 4073 διηγήσεις·
2504 4022 2523 4055 ι
2573 4001 2746 4075 Ὠφθη
2780 4004 2809 4055 ό
2844 4002 2976 4066 Θεὸς
3006 4002 3139 4073 τῷδε
3167 4004 3309 4058 κατὰ
3338 4002 3490 4056 τόνδε
3524 4002 3604 4054 τὸν

2036 4092 2226 4165 καιρδν
2251 4094 2308 4146 ὲν
2335 4093 2472 4164 τῷδε
2505 4092 2583 4165 τῷ
2608 4093 2778 4165 τόπῳ,
2814 4093 2910 4149 καὶ¹
2944 4092 3069 4147 τάδε
3099 4092 3247 4164 αὐτῷ
3290 4092 3601 4165 πεποίηκεν·

2035 4186 2207 4252 οὕτως
2226 4189 2275 4240 εἰ
2294 4186 2443 4258 αὐτῴ
2464 4187 2879 4257 ἐπιφαινόμενος
2908 4184 3094 4256 τοιῷδε
3116 4184 3194 4256 τῷ
3227 4186 3488 4257 σχήματι,
3516 4184 3601 4237 καὶ

2034 4278 2443 4351 ὲχειραγώγησε
2464 4281 2543 4344 εἰς
2558 4279 2707 4332 τόνδε
2739 4278 2848 4350 (69)
2878 4279 2969 4331 τὸν
2990 4281 3171 4343 τόπον,
3195 4276 3321 4330 ἔνθα
3343 4274 3599 4346 πεποίηκε

2031 4372 2178 4426 τάδε.
2225 4372 2282 4425 '0
2313 4371 2560 4444 δεύτερος
2582 4371 2721 4425 κατὰ
2743 4372 2832 4425 τὺν
2858 4372 3018 4429 αὐτὸν
3044 4373 3157 4434 τοῖς
3184 4368 3495 4442 εἰρημένοις
3518 4384 3601 4435 γε·

366 4456 650 4511 exsistenti
699 4457 750 4510 in
794 4455 913 4509 luco
938 4453 1093 4509 valde
1129 4462 1340 4509 remoto
1395 4470 1424 4508 a
1456 4454 1574 4509 loco
1613 4455 1848 4524 prioris,
1877 4466 1930 4512 et

2048 4458 2247 4526 rovévat
2286 4459 2437 4530 παρὰ
2466 4458 2544 4530 τῷ
2564 4460 2810 4532 προτέρῳ
2833 4461 3022 4531 χρόνον
3050 4459 3107 4513 ἐν
3137 4476 3241 4512 τινι
3265 4459 3420 4512 πόλει
3443 4460 3600 4516 ἀπαγ-

365 4548 503 4603 alios
526 4548 714 4602 eodem
745 4557 985 4616 tempore
1012 4560 1291 4601 sermones
1320 4561 1351 4599 a
1376 4546 1484 4601 Deo
1508 4546 1636 4602 huic
1661 4562 1821 4616 quem
1848 4563 1934 4604 se-

368 4639 606 4693 cundum
652 4641 949 4707 posuimus,
996 4638 1217 4693 habitos
1267 4638 1633 4713 fuissevdicat.
1671 4637 1933 4694 Similiter

364 4731 437 4787 de
460 4732 622 4785 tertio
651 4742 708 4785 et
746 4742 945 4801 quarto
988 4730 1409 4785 existimandum
1440 4740 1541 4786 est.
1577 4731 1934 4786 Consentiam

365 4837 543 4883 autem
601 4828 675 4894 hi,
720 4837 779 4881 ut
829 4829 1198 4898 praediximus,
1234 4828 1380 4881 inter
1434 4842 1494 4881 se
1548 4840 1674 4879 vera
1731 4827 1796 4879 de
1826 4826 1933 4879 Det)

366 4921 702 4985 nuntiantes,
733 4921 904 4989 deque
932 4920 1102 4988 ipsius
1131 4936 1260 4989 erga
1294 4920 1503 4988 aliquos
1530 4919 1840 4983 beneﬁciis,
1875 4921 1925 4972 in

334 5012 684 5080 quibusdam
719 5011 1125 5066 narrationibus
1171 5027 1306 5081 quas
1356 5012 1456 5080 ipsi
1503 5011 1829 5065 renuntient.
1867 5011 1925 5065 Ei

361 5101 526 5171 igitur
553 5101 643 5170 qui
678 5102 956 5156 existimat
984 5102 1175 5156 borum
1219 5101 1564 5170 scriptionem
1595 5116 1716 5156 esse
1760 5102 1932 5156 histu-

364 5193 525 5255 riam,
561 5190 644 5245 vel
681 5207 776 5260 per
804 5192 1090 5259 imaginem
1124 5192 1367 5245 historian
1404 5191 1470 5244 ad
1530 5207 1616 5246 res
1661 5193 1925 5260 quasdam

361 5298 526 5344 veras
549 5284 973 5350 accommodari,
1022 5284 1225 5354 quique
1261 5283 1562 5339 arbitratur
1591 5285 1758 5339 Deum
1804 5301 1925 5341 esse

464 5450 519 5486 ⁷⁸
552 5450 697 5510 Ibid.
729 5453 834 5521 l2;
869 5451 1037 5507 Marc.
1073 5466 1111 5516 ι,
1143 5450 1230 5507 M.
1315 5450 1357 5481 "
1385 5446 1540 5504 Joan.
1574 5465 1654 5513 ur,
1699 5450 1793 5512 25,
1817 5453 1912 5507 24.

433 5587 546 5655 (68)
586 5592 690 5657 Εἰς
744 5589 1141 5657 Ἰεροσόλυμα.
1202 5583 1293 5639 Sic
1342 5585 1511 5640 c‘odex
1566 5585 1922 5653 Bodleianus;

373 5653 569 5706 “unius
605 5660 790 5706 tnnisit
820 5660 917 5706 εἰς.

421 5673 569 5723 agnus
605 5672 790 5714 onnstt
820 5672 917 5721 εις.
1005 5728 1016 5739 .
1481 5712 1487 5719 ς
1654 5725 1662 5735 ⁵
1876 5726 1885 5735 ⁸

439 5725 548 5781 (ων)
593 5732 691 5792 Εἰς
732 5730 926 5786 τόνδε.
962 5728 1052 5785 Stc
1087 5727 1252 5782 habet
1284 5726 1452 5781 codex
1483 5724 1837 5791 Bodlemnus;
1876 5743 1926 5781 ιιι

1985 5456 2028 5491 ﬂ
2054 5445 2246 5504 .loann.
2291 5463 2352 5512 ιι,
2391 5447 2481 5512 12,
2518 5448 2605 5513 l3,
2639 5463 2732 5517 seq

2036 4549 2269 4618 γελλέτω
2302 4549 2413 4622 (70)
2434 4550 2526 4606 τὸν
2556 4551 2688 4605 Θεὸν
2719 4546 2916 4620 ὦφθαι,
2948 4545 2991 4619 ᾧ
3025 4551 3119 4605 καὶ
3149 4550 3311 4615 αὐτὸς
3338 4553 3472 4612 νοεῖ,
3502 4550 3598 4602 τίνι

2035 4643 2269 4714 δευτέρῳ
2296 4643 2407 4697 ὄντι
2426 4645 2483 4697 ὲν
2509 4642 2642 4698 πολὺ
2671 4644 3137 4714 ἀπεσχοινισμένῳ
3164 4643 3313 4713 τόπῳ
3342 4643 3493 4713 παρὰ
3517 4641 3596 4695 τὸν

2034 4732 2197 4787 τόπον
2215 4731 2306 4785 τὸν
2324 4731 2418 4787 τοῦ
2452 4733 2742 4804 προτέρου,
2774 4734 2868 4788 καὶ
2896 4733 3115 4805 ἐτέρους
3146 4732 3338 4803 λόγους
3371 4735 3597 4802 ἀναγρα-

2035 4825 2182 4893 φέτω
2216 4824 2358 4879 κατὰ
2405 4826 2497 4878 τὸν
2522 4826 2682 4878 αὑτὸν
2720 4827 2910 4897 καιρὸν
2942 4825 3215 4899 εἰρῆσθαι,
3321 4825 3465 4879 κατὰ
3508 4823 3593 4894 τὴν

2035 4916 2289 4971 ὑπόθεσιν
2309 4917 2607 4989 εἰλήφαμεν
2636 4919 2891 4990 δευτέρῳ.
2920 4921 3002 4974 Τὰ
3032 4920 3087 4973 δὲ
3109 4919 3461 4991 παραπλήσια
3479 4915 3594 4987 περὶ

2032 5009 2125 5071 τοῦ
2154 5010 2336 5081 τρίτου
2360 5012 2453 5064 καὶ
2477 5011 2569 5064 τοῦ
2599 5010 2854 5083 τετάρτου
2870 5011 3106 5081 νοητέον,
3138 5011 3210 5064 Συ
3218 5008 3592 5081 μφερέσθωσαν

2032 5100 2110 5163 δὲ,
2143 5101 2657 5174 ὼςπροειρήκαμεν,
2689 5097 2832 5156 οὗτοι
2865 5101 2932 5154 τὰ
2972 5101 3143 5174 ἁληθῆ
3174 5100 3592 5170 ἀπαγγέλλοντες

2034 5195 2162 5266 περὶ
2189 5194 2299 5248 τοῦ
2315 5195 2472 5257 Θεοῦ,
2508 5197 2602 5249 καὶ
2631 5196 2738 5247 τῶν
2764 5196 2898 5266 πρός
2922 5213 3072 5257 τινας
3092 5195 3418 5266 εὐεργεσιῶν
3440 5188 3590 5248 αὐτοῦ

2034 5287 2300 5359 ἀλλήλοις,
2337 5287 2428 5341 ἐπί
2460 5306 2621 5343 τινων
2646 5288 3139 5358 ἀπαγγελλομένων
3166 5288 3257 5341 ὑπ’
3285 5286 3461 5343 αὐτῶν
3486 5284 3593 5354 διη-

2829 5446 2875 5479 "
2898 5445 3052 5501 Joau.
3087 5461 3166 5510 ιιι,
3194 5443 3290 5502 22.

2035 5586 2205 5651 ne;io
2235 5585 2385 5636 deest
2411 5584 2509 5644 εἰς.

2107 5643 2215 5726 (70)
2269 5643 2726 5726 Ἀπαγγελλέτω.
2761 5651 2852 5706 Sic
2888 5650 3055 5706 codex
3099 5647 3446 5714 Bodleianus;
3490 5643 3588 5700 Re—

2037 5723 2176 5794 gius,
2207 5723 2625 5793 ἀπαγγέλλεται.
