3766 6142
141 245 226 299 513
1211 248 1570 305 (ἶΟΜὶΙΕΝΤ.
1609 249 1675 305 IN

1888 294 1902 308 .
1945 252 2182 308 TOMUS
2219 253 2287 308 Χ.

3272 252 3382 309 διδ

139 360 349 429 γήσεων.
380 358 743 426 Δόξειτοίνυν
770 360 849 433 τῷ
874 364 1117 436 ἱστορίαν
1148 361 1286 419 εἶναι
1311 368 1582 438 νομίζοντι
1612 368 1699 439 τὴκ

1905 369 2021 424 loco
2046 372 2341 424 secundum
2373 370 2937 441 circumscriptionem
2958 410 2975 437 ,
3007 371 3201 428 eodem
3244 382 3382 426 tem-

137 453 317 507 τούτων
344 453 569 523 γραφὴν
601 454 635 522 ἢ
654 453 742 507 διὰ
771 456 979 521 εἰκόνος
1019 458 1297 529 ἱστορικῆς
1321 460 1457 531 πρός
1484 477 1606 514 τινα
1636 461 1704 514 τὰ

140 546 244 597 ὃντα
272 546 622 617 παραστῆσαι
650 546 954 618 πράγματα
1004 548 1137 621 (71),
1175 551 1381 605 καὶτὸν
1412 552 1545 605 Θεὸν
1572 553 1705 606 ὑπο-

140 635 443 707 λαμϐάνοντι
480 637 624 691 κατὰ
654 639 1005 712 περιγραφὴν
1039 639 1179 696 εἶναι
1209 643 1269 696 ὲν
1289 643 1464 715 τόπῳ,
1497 646 1571 716 μὴ
1609 645 1702 698 δυ-

140 728 346 798 νάμενον
370 726 452 798 τῷ
491 729 641 800 αὑτῷ
683 731 932 796 πλείονας
965 733 1143 804 ἑαυτῷ
1176 735 1473 806 ἐμποιῆσαι
1502 754 1706 805 φαντα-

142 821 244 884 σίας
288 818 550 885 πλείοσιν,
598 825 656 874 εν
697 823 905 877 πλείοσι
939 825 1146 889 τόποις,
1179 827 1274 881 καὶ
1322 827 1542 882 πλείονα
1589 829 1705 901 ἅμα

139 912 310 978 λέγειν,
363 912 591 967 δυνατὸν
632 913 743 986 (72)
790 911 926 970 εἶναι
961 917 1245 987 ἀληθεύειν
1287 918 1381 984 οὒς
1425 920 1704 995 ὑπεθέμην

138 1003 402 1075 τέσσαρας,
449 1004 534 1077 τῷ
558 1006 817 1061 ἀδύνατον
848 1003 983 1062 εἰναι
1025 1012 1083 1062 ὲν
1117 1010 1255 1083 τῷδέ
1282 1029 1390 1065 τινι
1435 1011 1513 1084 τῷ
1550 1031 1705 1068 τετα-

138 1096 301 1167 γμένῳ
330 1096 510 1168 καιρῷ
540 1097 634 1151 τὸν
658 1097 791 1152 Θεὸν
827 1094 983 1163 εἶναι,
1013 1100 1128 1154 ἅτε
1148 1102 1240 1155 καὶ
1270 1100 1411 1156 κατὰ
1439 1117 1704 1176 περιγρα-

140 1188 228 1260 φὴν
256 1186 411 1243 αὑτὸν
454 1188 783 1260 νενοημένον
818 1190 876 1242 ἐν
902 1191 1053 1262 τόπῳ
1090 1186 1250 1255 εῖναι,
1289 1193 1381 1247 καί
1413 1195 1567 1266 τῷδε,
1610 1193 1704 1247 καὶ

136 1280 253 1350 τῷδε
287 1280 463 1350 λέγειν
500 1281 653 1346 τάδε,
685 1283 781 1336 καὶ
815 1281 1074 1346 τάδε,καί
1110 1287 1284 1338 ποιεῖν
1308 1285 1454 1350 τάδε,
1493 1287 1588 1340 καὶ
1633 1286 1703 1339 τὰ

139 1376 324 1440 τούτοις
356 1376 600 1441 ἐναντία,
643 1377 756 1445 καὶ,
791 1377 923 1450 φέρε
949 1378 1147 1442 εἰπεῖν,
1179 1376 1540 1450 καθεζόμενον
1566 1379 1700 1452 ἅμα,

140 1470 218 1522 καί⁵
234 1467 430 1521 ἑστῶτα
462 1465 626 1523 εἶναι·
653 1471 702 1523 εἰ
727 1472 756 1523 6
781 1470 881 1540 μὲν
920 1470 1054 1542 τῷδε
1081 1469 1160 1540 τῷ
1183 1470 1360 1542 καιρῷ
1388 1471 1562 1542 λέγων
1592 1471 1701 1543 (75)

140 1562 279 1617 αὑτὸν
302 1561 515 1617 ἑστῶτα
542 1563 669 1618 τάδε
702 1564 826 1618 τινὰ
853 1566 1155 1637 εἰρηκέναι,
1186 1564 1220 1637 ἢ
1251 1566 1610 1638 πεποιηκέναι
1643 1568 1702 1621 ἐν

141 1653 255 1725 τῷδε
283 1655 358 1725 τῷ
386 1655 568 1726 τόπῳ,
604 1658 634 1710 6
663 1657 720 1711 δὲ
753 1658 1136 1730 καθεζόμενον.

198 1740 243 1795 ι.
263 1742 466 1815 Ὠσπερ
493 1740 591 1797 οὖν
616 1744 710 1799 επὶ
739 1744 968 1809 τούτων,
993 1738 1067 1799 ὧν
1083 1744 1381 1817 ὑπεθέμην,
1410 1744 1700 1817 ὲκληφθείς

139 1832 165 1884 6
191 1829 300 1895 νοῦς
318 1833 426 1887 τῶν
463 1834 781 1906 ἱστορικῶν,
809 1837 1119 1909 χαρακτῆρι
1148 1836 1515 1910 βουληθέντων
1554 1839 1702 1909 ἡμᾶς

138 1919 318 1987 διδάξαι
343 1921 411 1975 τὰ
434 1922 545 1976 ὑπὸ
576 1923 670 1977 τοῦ
696 1924 788 1980 νοῦ
818 1926 998 1980 αὐτῶν
1013 1926 1419 1999 τεθεωρημένα,
1445 1928 1700 2001 οὐδεμίαν

141 2014 198 2068 ἂν
223 2014 458 2087 εὑρεθείη
493 2015 636 2087 ἔχων
666 2018 983 2089 διαφωνίαν,
1019 2022 1068 2074 εἰ
1102 2020 1152 2074 οἰ
1180 2021 1444 2094 τέσσαρες
1473 2017 1581 2076 εἷεν
1610 2039 1699 2075 σο-

142 2106 233 2174 φοί·
262 2105 396 2161 οὕτω
418 2109 645 2181 νοητέον
665 2111 762 2164 καὶ
790 2112 883 2165 ἐπὶ
911 2109 1017 2166 τῶν
1046 2111 1327 2183 τεσσάρων
1355 2111 1500 2184 ἔχειν
1532 2113 1699 2182 εὐαγ-

142 2198 393 2265 γελιστῶν,
428 2202 941 2274 καταχρησαμένων
971 2202 1069 2276 μὲν
1094 2202 1307 2268 πολλοῖς
1329 2203 1438 2257 τῶν
1477 2204 1617 2259 κατὰ
1642 2205 1701 2258 τὸ

142 2292 394 2362 τεράστιον
440 2294 540 2348 καὶ
591 2294 1021 2367 παραδοξότατον
1062 2296 1163 2365 τῆς
1208 2296 1489 2367 δυνάμεως
1525 2296 1699 2369 Ἰησοῦ

147 2385 526 2457 πεπραγμένοις
555 2384 654 2441 καῖ
680 2387 1009 2459 εἰρημένοις,
1039 2387 1151 2440 ἐσθ’
1184 2389 1319 2442 ὅπου
1366 2389 1460 2442 καὶ
1501 2406 1702 2461 προσυ-

147 2477 397 2547 φανάντων
433 2481 501 2551 τῇ
535 2480 731 2552 Γραφῇ
788 2480 928 2551 μετὰ
970 2480 1188 2546 λέξεως,
1225 2481 1301 2544 ὼς
1335 2482 1464 2554 περὶ
1507 2483 1699 2556 αἰσθη-

145 2570 233 2623 τῶν
257 2570 388 2643 (π),
426 2571 487 2625 τὺ
516 2572 779 2645 καθαρῶς
810 2573 1016 2645 νοητῶς
1056 2575 1241 2639 αὐτοῖς
1270 2576 1696 2647 τετρανωμένον.

148 2663 210 2717 Ub
232 2664 621 2733 καταγινώσκω
659 2666 831 2738 δήπου
867 2668 963 2721 καὶ
994 2668 1075 2735 τὸ,
1108 2667 1185 2732 ὼς
1235 2667 1377 2722 κατὰ
1416 2667 1514 2740 τὴν
1559 2671 1701 2723 ἱστο-

150 2759 267 2828 ρίαν,
310 2761 506 2834 ἑτέρως
554 2761 868 2832 γενόμενον,
921 2763 1059 2833 πρὸς
1099 2762 1159 2816 τὸ
1194 2763 1465 2833 χρήσιμον
1495 2762 1700 2817 τούτων

150 2852 379 2922 μυστικοῦ
406 2853 618 2909 σκοποῦ
661 2853 1005 2925 μετατιθέναι
1035 2871 1153 2917 πως
1195 2855 1410 2922 αὐτοὺς,
1435 2854 1578 2910 ὥστε
1619 2856 1698 2908 εἰ·

148 2949 248 2999 πεῖν
268 2947 322 3000 τὸ
346 2949 401 3001 ἐν
431 2949 589 3020 τόπῳ
620 2948 928 3018 γενόμενον,
962 2948 1038 3011 ὡς
1060 2950 1117 3000 ἐν
1140 2948 1330 3021 ἑτέρῳ⁸
1370 2947 1404 3020 ἢ
1428 2947 1490 3001 τὸ
1507 2950 1565 3001 ὲν
1588 2946 1697 3018 τῷ·

1807 475 1941 531 pore
1973 471 2332 529 uequeuntem
2368 462 2551 528 plures
2585 462 2651 516 de
2690 465 2811 532 ipso
2851 462 3173 532 ingenerare
3218 463 3381 519 visio-

1809 568 1908 608 nes
1941 552 2214 621 pluribus,
2268 552 2322 605 in
2355 553 2605 622 pluribus
2636 551 2808 618 locis,
2865 568 2966 608 nec
3012 554 3166 623 plura
3212 554 3377 609 etiam

1807 642 1965 698 simul
1992 643 2205 710 dicere,
2237 643 2513 697 videbitur
2541 643 2873 712 impossibile
2901 659 3024 699 esse
3059 653 3119 700 ut
3152 645 3208 700 hi
3242 661 3380 714 qua—

1806 743 1950 800 tuor,
1979 750 2116 805 quos
2144 737 2529 806 supposuimus
2553 776 2568 801 ,
2593 752 2720 791 vera
2760 747 2982 792 narrent
3009 753 3076 792 ex
3106 753 3172 793 eo
3192 780 3208 806 ,
3232 740 3378 807 quod

1808 827 1969 881 facile
1996 825 2141 882 factu
2171 843 2276 882 non
2300 829 2372 883 sit
2402 828 2567 882 Deum
2594 843 2715 883 esse
2746 828 2797 882 in
2831 830 2935 883 hoc
2963 830 3196 898 quodam
3227 838 3383 884 certo

1810 930 2085 990 tempore,
2134 922 2261 991 quia
2312 922 2474 975 etiam
2522 923 2897 977 consideratus
2946 922 3114 977 fuerit
3151 937 3277 977 esse
3319 922 3374 979 in

1807 1012 1926 1066 loco
1950 1013 2244 1067 secundum
2273 1012 2834 1082 circumscriptionem
2855 1053 2871 1075 .
2899 1021 2955 1067 et
3001 1012 3153 1078 huic,
3193 1021 3249 1067 et
3302 1012 3377 1067 illi

1807 1104 1945 1167 haec,
1978 1113 2033 1159 et
2063 1103 2147 1158 illa
2179 1103 2386 1170 dicere,
2414 1113 2471 1159 et
2507 1104 2685 1160 facere
2718 1105 2869 1171 haec,
2916 1112 2971 1160 et
3020 1105 3107 1159 bis
3159 1116 3381 1160 contra.

1807 1196 1908 1260 ria,
1932 1204 2007 1261 et,
2036 1206 2091 1249 ut
2128 1195 2202 1250 ita
2246 1196 2455 1259 dicam,
2507 1196 2785 1250 sedentem
2840 1195 3002 1250 simul
3035 1206 3091 1251 et
3142 1206 3377 1252 stantem

1805 1302 1958 1352 esse;
1993 1289 2255 1356 siquidem
2288 1302 2428 1341 unus
2457 1288 2601 1342 dicat
2651 1289 2752 1343 hoc
2782 1297 3027 1358 tempore
3068 1303 3191 1343 eum
3227 1298 3380 1341 stan-

1808 1387 1912 1429 tem
1941 1378 2054 1432 hrec
2083 1378 2285 1433 dixisse
2308 1420 2323 1441 .
2355 1388 2413 1434 et
2447 1378 2562 1433 haec
2589 1378 2786 1434 fecisse
2824 1378 2879 1433 in
2916 1380 3019 1434 hoc
3054 1379 3196 1446 loco,
3234 1378 3378 1434 alius

1808 1484 1934 1525 vero
1964 1471 2269 1525 sedentem.

1734 1717 1776 1777 Β
1871 1752 1928 1807 4.
1969 1749 2041 1806 Ut
2069 1751 2235 1821 igitur
2266 1765 2459 1808 sensus
2485 1757 2774 1820 perceptus
2798 1747 3212 1812 historicorum,
3244 1747 3379 1803 cha-

1804 1854 2014 1900 ractere
2044 1855 2097 1900 et
2124 1844 2297 1899 forma
2351 1845 2404 1898 in
2458 1845 2546 1899 bis
2601 1858 2736 1912 quos
2790 1843 3052 1912 supposui
3095 1840 3235 1896 velle
3277 1852 3380 1895 nos

1802 1940 2006 2002 dicere,
2045 1952 2167 2010 qua
2199 1952 2355 1992 mens
2386 1939 2624 2006 ipsorum
2654 1935 3020 2004 perspexerit,
3057 1934 3259 1990 nullam
3293 1934 3379 1989 in-

1804 2028 2077 2082 veniretur
2104 2029 2305 2082 habere
2344 2026 2732 2081 dissonantiam
2753 2065 2768 2088 ,
2805 2027 2851 2080 si
2883 2034 3116 2094 quatuor
3159 2023 3370 2079 fuerint

1803 2123 2107 2192 sapientes;
2144 2121 2225 2176 sic
2269 2122 2435 2174 etiam
2479 2119 2533 2173 in
2576 2128 2814 2189 quatuor
2857 2118 3211 2188 evangelislis
3260 2131 3374 2171 rem

1801 2226 1865 2269 se
1901 2208 2106 2268 habere
2160 2211 2569 2282 intelligendum
2619 2219 2739 2278 est,
2784 2210 3133 2265 abutentibus
3188 2207 3377 2263 multis

1803 2314 1913 2375 tum
1940 2305 2101 2360 dictis
2122 2302 2283 2368 Iesu,
2308 2303 2464 2372 juxta
2495 2303 2639 2357 illius
2683 2301 3049 2371 prodigiosam
3097 2308 3155 2355 et
3200 2300 3376 2355 admi-

1802 2395 2186 2452 rabilissimam
2217 2393 2549 2464 potentiam;
2596 2393 2870 2448 interdum
2923 2394 3091 2447 etiam
3130 2402 3378 2447 attexeno

1803 2485 1944 2541 tibus
1982 2485 2047 2540 ad
2081 2485 2420 2554 Scripturam
2446 2500 2570 2540 cum
2607 2485 2843 2538 dictione
2879 2483 3042 2538 veluti
3093 2483 3159 2537 de
3198 2483 3378 2538 sensi-

1800 2578 2018 2644 bilibus,
2047 2578 2188 2648 quod
2222 2577 2326 2631 illis
2356 2592 2489 2647 puro
2518 2591 2584 2631 ae
2609 2576 2725 2631 solo
2749 2576 3022 2632 intellectu
3060 2577 3378 2631 manifesta-

1802 2679 1914 2725 tum
1968 2678 2108 2724 erat.
2167 2665 2288 2721 Non
2348 2668 2689 2736 reprehendo
2752 2678 2933 2723 autem
2987 2670 3136 2739 ipsos
3190 2669 3379 2739 aliquo

1801 2771 1960 2833 pacto
2020 2759 2418 2831 transposuisse
2467 2762 2536 2815 ad
2594 2760 2882 2817 utilitatem
2944 2762 3186 2834 mystica:
3245 2776 3380 2816 eon-

1800 2858 2144 2914 siderationis
2196 2859 2387 2914 harum
2439 2873 2656 2923 rerum,
2729 2856 2785 2912 id
2861 2857 3041 2925 quod,
3109 2863 3376 2925 quantum

1801 2952 1998 3006 attinet
2026 2951 2092 3005 ad
2126 2951 2436 3014 historiam,
2463 2950 2570 3005 alio
2603 2950 2764 3003 modo
2793 2948 2996 3003 factum
3041 2946 3247 3011 fuerat,
3298 2938 3377 3002 ita

146 3037 275 3111 ὃετῷ
300 3038 488 3112 καιρῷ,
522 3040 605 3104 ὡς
636 3041 694 3093 ἐν
726 3038 893 3111 ἄλλῳ,
925 3039 1019 3093 καὶ
1049 3040 1112 3094 τὸ
1132 3040 1332 3094 οὑτωσί
1362 3038 1697 3109 ἀπαγγελλόο

1887 3043 2032 3111 quod
2067 3055 2175 3097 uno
2202 3041 2320 3097 loco
2356 3041 2561 3095 factum
2609 3039 2819 3102 fuerat,
2873 3048 3130 3107 tauquam
3165 3038 3220 3092 in
3269 3036 3378 3094 alio

151 3148 285 3201 μενον
306 3133 411 3205 {75)
450 3132 594 3205 μετά
617 3150 763 3197 τινος
794 3132 1149 3205 παραλλαγῆς
1176 3132 1375 3196 αὐτοὺς
1405 3132 1702 3202 πεποιηκέ-

149 3239 239 3279 ναι.
262 3225 543 3294 Προέκειτο
567 3224 680 3298 γὰρ
710 3225 912 3291 αὑτοῖς,
956 3226 1090 3278 ὅπου
1121 3225 1219 3296 μὲν
1251 3223 1531 3296 ἐνεχώρει,
1570 3223 1702 3295 ἁλη-

152 3314 300 3371 θεὺειν
329 3317 717 3390 πνευματικῶς
748 3317 866 3389 ἅμα
916 3318 1011 3371 καὶ
1059 3316 1407 3389 σωματικῶς
1456 3318 1589 3371 ὅπου
1626 3318 1700 3390 μὴ

154 3409 393 3481 ἐνεδέχετο
407 3410 757 3483 ἀμφοτέρως,
788 3409 1102 3482 προκρίνειν
1129 3408 1190 3463 τὸ
1211 3409 1579 3480 πνευματικὸν
1607 3409 1700 3463 τοῦ

154 3505 449 3574 σωματικοῦ,
487 3503 799 3575 σωζομένου
841 3502 1097 3566 πολλάκις
1140 3502 1234 3555 τοῦ
1266 3500 1500 3574 ἀληθοῦς
1542 3518 1704 3555 πνευ-

155 3592 352 3661 ματικοῦ
394 3596 452 3649 ὲν
477 3595 559 3666 τῷ
592 3594 910 3666 σωματικῷ,
944 3595 1020 3658 ὡς
1073 3593 1139 3647 ἂν
1168 3592 1312 3646 εἴποι
1355 3610 1459 3657 τις,
1493 3592 1697 3663 ψευδεῖ·

151 3683 215 3747 ὡς
248 3688 290 3738 εἰ
324 3688 411 3740 καὶ
460 3687 571 3741 ἀπὸ
614 3686 714 3758 τῆς
748 3685 987 3759 ἱστορίας
1017 3685 1287 3757 λέγοιμεν,
1312 3685 1394 3739 ὅτι
1435 3686 1464 3739 6
1509 3684 1702 3740 Ἰακὼὸ

153 3776 346 3844 φάσκων
375 3778 451 3851 τῷ
495 3778 703 3833 ἰσαάκ’
737 3797 756 3830 ι
803 3777 943 3848 Ἐγὼ
986 3776 1158 3832 Ἠσαῦ
1184 3779 1212 3830 6
1240 3778 1581 3850 πρωτότοκός
1609 3796 1701 3831 σου

154 3867 266 3935 υἱὸς,
288 3889 305 3921 ι
332 3872 467 3926 κατὰ
489 3873 595 3944 μὲν
622 3871 686 3925 τὸ
710 3870 1076 3942 πνευματικὸν
1108 3870 1361 3942 ἡλήθευε,
1386 3869 1703 3939 μεταλαϐὼν

152 3959 243 4013 τῶν
270 3963 648 4035 πρωτοτοκίων
689 3962 790 4035 ῆδη
831 3964 888 4016 ὲν
924 3963 1002 4035 τῷ
1035 3961 1252 4033 ἀδελφῷ
1286 3961 1705 4034 παραπολλυμέ-

154 4068 259 4119 νων,
284 4056 477 4113 καὶ’διὰ
496 4058 599 4128 τῆς
623 4058 816 4128 στολῆς
845 4057 951 4111 τῶν
975 4074 1034 4109 τε
1057 4055 1283 4127 ὲριφίων
1304 4054 1589 4127 δερμάτων
1611 4055 1703 4108 τὸν

156 4142 325 4209 ἔξωθεν
358 4149 680 4222 χαρακτῆρα
728 4147 824 4202 τοῦ
866 4146 1038 4202 Ἡσαῦ
1080 4146 1387 4212 ἀναλαϐὼν,
1427 4148 1520 4201 καὶ
1551 4148 1705 4216 γενόο

158 4252 292 4305 μενος
317 4240 476 4311 χωρὶς
502 4240 605 4312 τῆς
636 4236 893 4310 αἰνούσης
917 4239 1008 4292 τὸν
1036 4237 1169 4291 Θεὸν
1186 4238 1369 4310 φωνῆς
1396 4238 1587 4304 Ἠσαῦ,
1615 4240 1703 4292 ἵνα

155 4325 312 4399 χώραν
348 4330 480 4404 λάϐῃ
517 4331 657 4405 πρὸς
684 4331 744 4384 τὸ
773 4329 1130 4402 εὑλογηθῆναι
1175 4330 1401 4401 ὕστερον
1434 4332 1463 4383 6
1509 4329 1700 4385 Ἠσαῦ.

1803 3145 2010 3205 gestum
2037 3135 2131 3199 sit,
2164 3143 2485 3198 narrarent;
2518 3132 2672 3205 165
2699 3132 2782 3187 vel
2807 3135 2950 3203 quod
2973 3146 3081 3187 uno
3104 3139 3376 3200 tempore,

1806 3238 2061 3297 tanquam
2092 3227 2145 3280 in
2177 3225 2313 3293 alio;
2352 3237 2408 3279 et
2431 3224 2590 3288 illud,
2621 3224 2763 3292 quod
2797 3237 2905 3278 uno
2938 3223 3098 3277 modo
3135 3237 3381 3291 pronun-

1806 3321 1997 3374 tiatum
2052 3318 2252 3381 fuerat,
2301 3331 2428 3373 cum
2460 3315 2695 3383 quadam
2732 3314 3054 3368 alterations
3085 3314 3375 3370 referrent.

1802 3408 2149 3478 Propositum
2180 3409 2325 3463 enim
2372 3407 2481 3461 illis
2524 3415 2643 3461 erat
2688 3420 2817 3459 vera
2852 3419 3111 3468 narrare,
3146 3413 3200 3458 et
3220 3404 3381 3474 spiri-

1806 3500 2025 3575 tualiter
2048 3509 2103 3554 et
2132 3498 2511 3568 corporaliter,
2543 3499 2635 3553 ubi
2668 3498 2884 3561 liceret;
2925 3497 3014 3552 ubi
3055 3506 3235 3553 autem
3269 3513 3378 3552 non

1804 3593 2156 3662 contingebat
2207 3604 2517 3662 utrumque,
2565 3606 2681 3647 rem
2738 3590 2997 3661 praeferre
3037 3590 3377 3659 spiritualem

1805 3688 1885 3742 rei
1932 3701 2231 3755 corporeae,
2270 3693 2484 3741 servata
2537 3698 2684 3754 saepe
2725 3682 2956 3738 veritate
3005 3681 3274 3752 spirituali
3323 3682 3378 3735 in

1806 3776 2103 3847 corporali,
2150 3785 2209 3830 ut
2248 3776 2448 3844 aliquis
2482 3774 2726 3841 diceret,
2764 3773 3066 3831 mendacio.
3100 3771 3377 3839 Quemad-

1804 3871 2020 3945 modum
2054 3867 2100 3922 si
2139 3868 2303 3921 etiam
2349 3882 2417 3920 ex
2473 3865 2699 3921 historia
2735 3864 3045 3919 diceremus
3091 3862 3266 3919 Jacob
3294 3860 3378 3917 di-

1805 3942 2014 4017 cen‘m
2041 3959 2224 4016 Isaac:
2279 3976 2297 4011 σ
2331 3957 2444 4029 Ego
2469 3973 2589 4012 sum
2629 3957 2771 4012 Esau
2812 3956 3205 4027 primogenitus
3256 3965 3381 4010 tuus

1807 4052 1948 4106 filius
1972 4051 2041 4116 ⁷⁸,
2075 4069 2095 4102 ι
2132 4050 2429 4105 secundum
2473 4048 2806 4105 intellectum
2850 4048 3067 4116 quidem
3116 4047 3380 4117 spiritua-

1803 4142 1908 4197 lem
1941 4156 2191 4196 narrasse
2215 4156 2345 4196 vera
2378 4140 2718 4210 (participem
2751 4139 2954 4195 factum
2985 4138 3383 4208 primogenitu-

1805 4249 2025 4302 rarum,
2067 4249 2186 4303 quae
2242 4234 2293 4287 in
2331 4232 2498 4289 fratre
2543 4232 2656 4304 jam
2709 4232 3021 4303 perierant,
3050 4239 3108 4287 et
3165 4238 3381 4300 recepta

1807 4324 1978 4379 forma
2005 4334 2060 4379 et
2092 4323 2261 4393 ﬁgura
2316 4324 2459 4378 Esau
2508 4333 2741 4378 externa
2773 4337 2869 4392 per
2894 4331 3099 4376 vestem
3135 4322 3380 4377 haedina-

156 4418 285 4490 Τάχα
305 4423 406 4496 γὰρ
433 4400 481 4477 εί
527 4400 603 4496 μῆ
637 4424 905 4496 ηὑλόγητο
946 4400 1140 4476 Ἰακὼϐ
1169 4423 1245 4485 ὼς
1285 4400 1477 4487 Ἡσαῦ,
1508 4422 1607 4475 οὐκ
1633 4421 1699 4474 ἂν

1885 4432 1925 4469 ιη
1957 4415 2227 4487 pellium),
2271 4424 2437 4487 atque
2484 4414 2690 4470 factum
2722 4414 2864 4470 Esau
2919 4414 3040 4469 sine
3081 4400 3225 4469 voce.
3265 4413 3384 4469 lau-

157 4511 259 4568 οὗδὲ
290 4515 447 4571 Ἠσαῦ
471 4517 596 4573 καθ’
622 4517 814 4571 ἑαυτὸν
836 4514 1087 4581 δέξασθαι
1104 4516 1205 4587 τὴν
1228 4515 1477 4585 εὐλογίαν
1507 4510 1617 4580 οἷός
1639 4533 1698 4570 τε

157 4597 231 4671 ἢν.
250 4607 350 4661 Καὶ
378 4611 405 4662 6
440 4608 650 4681 Ἰησοῦς
687 4608 867 4663 τοίνυν
900 4606 1068 4664 πολλά
1097 4609 1214 4661 ἐστι
1260 4611 1383 4671 ταῖς
1412 4609 1698 4672 ἐπινοίαις,

158 4688 221 4750 ὧν
235 4699 463 4755 ἐπινοιῶν
479 4702 626 4765 εἰκὸς
644 4702 770 4765 τοὺς
785 4699 1172 4770 εὑαγγελιστὰς
1188 4699 1474 4771 διαφόρους
1494 4700 1700 4764 ἐννοίας

158 4786 511 4858 λαμϐάνοντας,
537 4792 650 4847 ἐσθ’
682 4793 770 4846 ὅτε
794 4791 889 4845 καὶ
912 4790 1354 4862 συμφερομένους
1382 4788 1697 4860 ἄλλους(76)

159 4882 267 4950 περί
294 4899 444 4939 τινων
469 4883 908 4957 ἀναγεγραφέναι
936 4881 1004 4936 τὰ
1026 4881 1352 4951 Εὑαγγέλια·
1372 4875 1481 4935 οἷον
1500 4881 1698 4953 ἀληθὲς

161 4974 306 5029 εἰπεῖν
330 4979 416 5042 τὰ,
439 4979 513 5043 ὼς
544 4979 684 5052 πρὸς
704 4979 804 5050 τὴν
844 4976 1010 5042 λέξιν,
1050 4974 1398 5047 ἀντικείμενα
1435 4974 1567 5045 περὶ
1600 4973 1694 5027 τοῦ

162 5063 333 5138 Κυρίου
362 5072 533 5144 ἡμῶν,
567 5074 647 5127 ὅτι
686 5073 910 5142 γέγονεν
936 5071 1002 5123 ὲκ
1034 5067 1195 5123 Δαυῖδ
1211 5107 1227 5134 ,
1261 5069 1356 5121 καὶ⁵
1383 5069 1445 5123 οὑ
1472 5067 1694 5136 γέγονεν

221 5159 263 5191 ⁷⁸
285 5159 413 5219 Gen.
439 5180 613 5231 xxvu,
654 5166 741 5223 19.

222 5283 324 5355 (Ἦ)
362 5289 428 5346 Ἡ
468 5289 564 5346 διὰ
610 5292 842 5357 εἰκόνος
888 5288 1197 5359 ἱστορικῆς
1245 5288 1396 5359 πρός
1442 5286 1702 5359 τινα-*τὰ

169 5351 290 5437 ὄντα
308 5351 700 5437 ’παραστῆσαι
728 5351 1189 5437 πρᾶχματᾷηδίἑ
1213 5351 1335 5437 cod.
1366 5351 1551 5437 Bouh;
1596 5353 1701 5407 Re-

169 5427 271 5489 llitls
294 5426 557 5501 perperam
579 5426 782 5496 habet,
832 5426 941 5486 ἴδια
970 5431 1180 5494 εἰκόνος
1224 5426 1504 5500 ἱστορικῆς
1528 5441 1699 5496 προσ-

171 5493 318 5546 θοιτὸν
343 5500 459 5546 ὄντα
488 5502 835 5546 παραθῇς-ᾖσαν.
865 5501 933 5546 τὰ
964 5501 1283 5546 πράγματα.-

197 5500 318 5552 οιτον
343 5500 460 5554 ὅντα
488 5502 835 5625 παραστῆσαι
865 5501 934 5556 τὰ
964 5501 1283 5584 πράγματα.
1308 5569 1322 5585 η
1379 5567 1391 5583 ,
1681 5565 1691 5576 _

199 5568 635 5691 again
671 5574 895 5629 Videtur
921 5573 1267 5627 scribendum
1299 5569 1580 5691 αδυνατρν,
1617 5572 1692 5619 utt

179 5632 291 5702 lcﬁit
314 5632 595 5699 Ferrarius.
1492 5684 1512 5703 .

239 5705 337 5779 (73)
369 5709 577 5784 Λόγων.
604 5712 837 5772 Omnino
864 5712 1208 5770 scribendum
1236 5719 1318 5767 est
1342 5708 1510 5780 ὶέγοι.
1594 5782 1595 5785 η

1805 4511 1969 4564 dante
1997 4509 2197 4576 Deum,
2257 4518 2314 4564 ut
2362 4509 2559 4565 deinde
2606 4509 2785 4563 locum
2833 4509 3106 4563 iuveuiret
3138 4507 3278 4563 Esau
3314 4506 3383 4562 ad

1806 4603 2237 4658 benedictionem
2268 4604 2727 4673 consequendam.
2760 4601 2895 4656 Nam
2918 4599 3169 4664 fortasse,
3198 4602 3251 4655 ni
3282 4602 3384 4656 be-

1804 4696 2059 4751 nedictus
2087 4694 2277 4752 fuisset
2308 4695 2477 4753 Jacob
2512 4706 2768 4765 tanquam
2801 4695 2965 4756 Esau,
3000 4710 3070 4750 ne
3098 4694 3237 4749 Esau
3261 4694 3384 4762 qui-

1806 4787 1928 4841 dem
1971 4804 2171 4859 capere
2202 4790 2472 4858 quivisset
2518 4804 2587 4844 ex
2622 4803 2684 4843 se
2735 4787 3192 4843 benedictionem.
3224 4782 3385 4840 Jesus

1807 4880 1970 4951 igitur
1994 4880 2164 4936 multa
2179 4891 2263 4936 est
2279 4881 2574 4937 secundum
2592 4884 2776 4935 varias
2801 4880 3071 4945 notiones,
3089 4893 3153 4933 ex
3185 4876 3382 4946 quibus

1803 4973 2085 5042 probabile
2109 4984 2195 5029 est
2227 4973 2588 5044 evangelistas
2616 4974 2866 5027 notiones
2889 4979 3168 5025 sumentes
3197 4969 3382 5023 diver-

1802 5081 1922 5134 sas,
1952 5066 2221 5122 interdum
2245 5067 2408 5121 etiam
2436 5069 2573 5121 alias
2595 5067 2661 5121 de
2684 5062 3006 5135 quibusdam
3033 5060 3382 5117 consentien-

1875 5277 1987 5350 (74)
2039 5278 2132 5350 Ὡς
2158 5277 2296 5350 περὶ
2321 5249 2643 5344 αὶσθῇτῶν.
2693 5271 2857 5329 Forte
2888 5270 3236 5328 scribendum
3279 5266 3385 5321 ὠσ-

1803 5347 1976 5418 περεί
1989 5347 2267 5418 αἰσθητόν,
2298 5359 2404 5403 etc.

1896 5418 1986 5490 75)
2007 5407 2201 5490 podex
2249 5407 2594 5490 Bodleianus,
2620 5413 2820 5490 οὑτωσί
2859 5407 3337 5490 ἀπαγγελλόμενον
3357 5422 3375 5440 ·

1801 5478 1978 5546 οοξιοί
2006 5488 2225 5560 Regius,
2256 5488 2416 5550 male,
2440 5485 2615 5550 οὕτως
2653 5487 2702 5539 εἰ
2735 5480 3221 5560 ἐπαγγελλόμενον.
3255 5478 3373 5535 Mox

1799 5561 1966 5616 codex
2003 5550 2347 5625 Bodleianus,
2390 5567 2558 5624 recte,
2588 5550 2974 5626 πεποιηκέναι,
3017 5550 3236 5621 Regius,
3268 5565 3371 5605 πε-

1803 5629 2120 5699 πονηκέναι.

1870 5688 1984 5773 (τις)
2027 5703 2299 5768 Ἄλλους.
2335 5698 2692 5756 Scribeudum
2726 5695 2937 5751 videtur
2964 5688 3231 5755 ἀλλήλοις.
