3766 6142
394 276 501 334 515

1832 280 2153 339 ORIGENIS

3525 277 3623 333 5i6

397 404 479 451 tes
508 394 795 466 scripsisse
822 396 1132 466 Evangelia.
1168 396 1331 454 Verbi
1366 397 1570 468 gratia:
1608 399 1806 455 Verum
1856 409 1958 465 est,

2087 417 2127 452 ,x
2154 398 2335 451 Δαυῒδ.
2377 396 2597 469 Ἀληθές
2629 395 2725 467 μὲν
2756 397 2865 467 γὰρ
2892 395 2973 458 τὸ,
3011 397 3226 464 γέγονεν
3260 396 3330 446 ἐκ
3353 391 3515 446 Δαυῖδ
3538 394 3626 463 (ὡς

395 488 540 557 quod
570 487 637 542 ad
666 496 870 542 textum
893 491 1103 551 attinet,
1128 491 1404 544 contraria
1434 491 1617 547 dicere
1642 492 1709 546 de
1733 491 1962 548 Domino

394 589 604 647 nostro,
655 594 848 651 nempe
898 595 1022 635 eum
1067 584 1307 652 genitum
1335 598 1401 637 ex
1432 583 1619 648 David,
1648 594 1701 639 et
1734 601 1839 638 non
1875 599 1967 655 ge-

395 671 567 725 nitum
595 685 660 724 ex
689 672 875 726 David.
917 671 1112 726 Verum
1167 674 1367 728 etenim
1414 685 1497 729 est
1534 677 1771 743 genitum
1801 676 1966 732 fuisse

396 775 470 817 ex
500 762 665 817 David
707 763 792 833 (ut
830 764 991 817 etiam
1020 765 1309 834 Apostolus
1355 767 1630 835 inquit":
1670 786 1688 820 ι
1721 768 1965 836 genitum

398 870 469 910 ex
502 856 709 912 semine
738 858 907 913 David
936 861 1232 914 secundum
1270 860 1510 933 carnem)
1537 903 1552 927 ,
1594 862 1639 916 si
1677 864 1741 917 ad
1772 877 1967 932 corpus

399 947 570 1016 ipsius
613 947 944 1016 referamus;
980 950 1172 1004 falsum
1216 962 1395 1008 autem
1428 952 1532 1009 hoc
1571 952 1747 1023 ipsum
1779 964 1884 1020 est,
1922 954 1968 1008 si

399 1039 468 1094 de
505 1041 771 1097 diviniore
831 1041 1000 1111 ipsius
1056 1043 1296 1112 potentia
1355 1045 1782 1102 intellexerimus
1842 1061 1966 1101 eum

400 1131 641 1201 genitum
680 1132 845 1188 fuisse
876 1148 944 1188 ex
977 1135 1182 1189 semine
1212 1135 1401 1190 David.
1451 1135 1767 1192 Declaratus
1807 1152 1964 1190 nam-

400 1235 507 1290 que
561 1221 728 1279 Filius
776 1226 868 1279 Dei
923 1224 1024 1280 fuit
1062 1240 1185 1280 cum
1216 1228 1453 1296 potentia
1499 1228 1566 1281 ⁷⁸.
1602 1228 1670 1282 Ει
1720 1228 1971 1284 fortassis

400 1313 546 1370 hanc
596 1316 666 1371 ob
721 1331 939 1372 causam
967 1327 1166 1373 sanctae
1195 1321 1488 1388 prophetiae
1525 1320 1812 1390 aliquoties
1841 1336 1966 1375 eum

401 1417 651 1475 servum,
682 1406 965 1478 aliquoties
1003 1418 1183 1464 autem
1234 1425 1359 1467 eum
1392 1410 1589 1466 Filium
1636 1412 1969 1482 praedicant;

403 1510 624 1552 servum
655 1500 871 1569 quidem
903 1510 1124 1570 propter
1169 1504 1313 1557 servi
1350 1504 1582 1559 formam
1604 1541 1620 1568 ,
1660 1511 1714 1559 et
1742 1504 1868 1573 quia
1904 1518 1973 1559 ex

406 1586 643 1655 Davide;
691 1590 890 1646 Filium
918 1607 1047 1647 vero
1084 1593 1178 1648 Dei
1229 1605 1452 1665 propter
1477 1596 1775 1666 potentiam
1816 1611 1970 1651 suam

405 1679 855 1752 primogenitam:
887 1684 967 1741 sic
997 1701 1184 1741 verum
1215 1696 1297 1742 est
1321 1688 1502 1743 dicere
1539 1703 1663 1743 eum
1697 1688 1971 1744 hominem

2064 490 2158 544 καὶ
2179 491 2207 542 ὁ
2247 486 2565 550 Ἀπόστολός
2596 503 2746 557 φησι·
2784 505 2805 537 ι
2845 485 2938 539 τοῦ
2971 486 3258 555 γενομένου
3288 487 3352 537 ὲκ
3387 484 3624 553 σπέρμα-

2061 599 2151 646 τος
2173 580 2332 635 Δαυῖδ
2356 581 2495 634 κατὰ
2524 580 2698 650 σάρκα
2735 579 2802 649 ι),
2830 581 2879 631 εἰ
2910 579 2971 630 τὸ
3007 576 3316 648 σωματικὸν
3358 574 3518 627 αὐτοῦ
3542 575 3629 627 ἐκ·

2066 674 2304 746 λάϐομεν
2320 692 2333 703 ·
2356 673 2547 744 ψευδὲς
2574 673 2630 725 δέ
2653 672 2784 727 αὐτὸ
2808 670 2987 736 τοῦτο,
3029 673 3076 723 εἰ
3109 671 3197 723 ἐπὶ
3223 669 3331 738 τῆς
3364 667 3629 738 θειοτέρας

2063 768 2340 838 δυνάμεως
2374 765 2640 836 ἀκούομεν
2677 764 2737 817 τὸ
2774 764 3053 831 γεγονέναι
3096 761 3255 815 αὑτὸν
3290 762 3357 811 ἐκ
3390 757 3628 829 σπέρμα-

2063 877 2153 923 τος
2188 858 2366 912 Δαυῖδ·
2401 857 2607 928 ὡρίσθη
2646 856 2754 927 γὰρ
2792 855 2919 918 Υἱὸς
2961 852 3096 906 Θεοῦ
3146 855 3202 905 ἐν
3230 850 3482 920 δυνάμει.
3534 850 3632 902 Καὶ

2062 951 2203 1021 τάχα
2223 950 2310 1004 διὰ
2333 948 2489 1003 τοῦτο
2510 950 2565 1002 αἱ
2595 949 2746 1017 ἆγιαι
2782 948 3106 1019 προφητεῖαι
3138 944 3272 997 ὅπου
3313 942 3414 1014 μὲν
3441 940 3629 1005 δοῦλον,

2065 1044 2199 1097 ὅπου
2228 1042 2285 1095 δὲ
2317 1042 2442 1095 Υἱὸν
2468 1040 2629 1095 αὐτὸν
2663 1038 3073 1111 ἀναγορεύουσι·
3102 1036 3286 1090 δοῦλον
3318 1035 3421 1105 μὲν
3447 1032 3531 1087 διὰ
3546 1034 3631 1104 τὴν

2066 1135 2253 1189 δούλου
2279 1136 2510 1207 μορφὴν,
2532 1134 2627 1187 καὶ
2666 1133 2755 1186 τὸν
2778 1134 2842 1186 ἐκ
2873 1129 3185 1202 σπέρματος
3215 1125 3406 1181 Δαυῒδ·
3439 1126 3562 1179 Υἱὸν
3585 1126 3635 1179 δὲ

2067 1225 2201 1279 Θεοῦ
2220 1226 2361 1280 κατὰ
2378 1225 2489 1296 (77)
2517 1225 2612 1296 τὴν
2638 1223 2980 1295 πρωτότοκον
2999 1220 3164 1275 αὑτοῦ
3192 1220 3449 1291 δύναμιν·
3480 1218 3633 1281 οὕτως

2069 1317 2230 1372 αὐτὸν
2283 1316 2480 1387 ἀληθὲς
2523 1318 2695 1370 εἰπεῖν
2727 1304 3030 1387 ἄνθρωπον,
3061 1313 3155 1368 καὶ
3201 1312 3305 1366 οὐκ
3340 1310 3634 1382 ἄνθρωπον·

2070 1409 2354 1481 ἄνθρωπον
2390 1409 2530 1463 κατὰ
2571 1410 2632 1462 τὸ
2661 1408 2890 1463 θανάτου
2916 1406 3180 1460 δεκτικόν·
3210 1406 3317 1458 οὐκ
3360 1402 3631 1471 ἄνθρωπον

2070 1499 2128 1552 δὲ
2165 1498 2307 1552 κατὰ
2345 1499 2411 1551 τὸ
2457 1497 2743 1569 ἀνθρώπου
2777 1496 3067 1568 θειότερον.
3123 1493 3265 1563 Ἐγὼ
3294 1493 3341 1547 δ’
3367 1488 3521 1563 οἶμαι
3550 1492 3633 1545 καὶ

2069 1591 2162 1645 τὸν
2205 1589 2507 1661 Μαρκίωνα
2551 1588 2660 1659 (78)
2708 1586 3180 1658 παρεκδεξάμενον
3215 1586 3397 1654 ὑγιεῖς
3438 1583 3635 1651 λόγους,

2074 1681 2367 1736 ἀθετοῦντα
2421 1680 2585 1734 αὐτοῦ
2623 1679 2721 1751 τὴν
2753 1681 2819 1733 ἐκ
2850 1679 3068 1752 Μαρίας
3092 1679 3332 1749 γένεσιν,
3387 1675 3527 1730 κατὰ
3553 1675 3638 1747 τὴν

407 1784 463 1828 et
494 1788 605 1828 non
636 1774 936 1829 hominem:
973 1776 1246 1831 hominem
1277 1777 1525 1847 quidem,
1558 1786 1786 1848 propter
1840 1779 1971 1835 illud

2087 1770 2225 1827 θείαν
2247 1770 2408 1825 αὐτοῦ
2431 1770 2591 1842 φύσιν
2610 1769 3010 1840 ἀποφήνασθαι,
3029 1769 3105 1832 ὡς
3126 1767 3234 1839 ἄρα
3261 1768 3367 1821 οὐκ
3394 1765 3635 1835 ἐγεννήθη

402 1867 545 1935 quod
581 1866 770 1922 mortis
805 1876 891 1922 est
937 1882 1147 1937 capax;
1197 1879 1457 1925 caeterum
1505 1885 1612 1925 non
1667 1871 1972 1937 hominem,

402 1964 625 2027 propter
652 1957 783 2013 illud
823 1960 968 2030 quod
998 1960 1218 2016 homine
1241 1969 1325 2017 est
1353 1960 1610 2017 divinius.
1643 1961 1757 2034 Ego
1790 1973 1971 2019 autem

405 2047 642 2104 arbitror
678 2050 842 2105 etiam
903 2051 1232 2109 Marcionem
1273 2062 1619 2123 respuentem
1671 2055 1973 2112 doctrinam

402 2151 614 2206 sanam,
644 2147 700 2195 et
728 2141 1060 2211 rejicientem
1089 2143 1258 2212 ipsius
1278 2159 1343 2199 ex
1366 2143 1535 2200 Maria
1562 2156 1763 2218 ortum,
1800 2160 1977 2202 enun-

405 2226 573 2284 tiasse
599 2242 721 2286 eum
748 2231 904 2301 juxta
933 2233 1174 2288 divinam
1200 2243 1451 2290 naturam
1482 2236 1725 2305 genitum
1755 2252 1823 2294 ex
1855 2237 1973 2294 Ma-

406 2321 485 2376 ria
521 2337 627 2378 non
654 2322 856 2390 fuisse,
905 2332 962 2380 et
1012 2325 1151 2381 hanc
1186 2327 1256 2381 ob
1301 2342 1520 2383 causam
1572 2342 1763 2385 ausum
1809 2330 1976 2388 fuisse

405 2411 587 2466 delere
619 2412 720 2468 bos
750 2412 896 2470 locos
923 2428 991 2470 ex
1019 2414 1336 2485 Evangelia;
1380 2419 1468 2474 cui
1499 2419 1681 2475 simile
1714 2420 1973 2490 quiddam

406 2502 555 2572 passi
588 2502 757 2558 fuisse
791 2504 844 2559 hi
883 2505 1136 2560 videntur
1155 2506 1245 2577 qui
1272 2506 1420 2562 illius
1450 2507 1842 2565 humanitatem
1874 2511 1973 2565 tol-

405 2591 555 2658 lunt,
608 2593 780 2649 solam
830 2593 976 2651 illius
1003 2596 1343 2652 divinitatem
1386 2600 1760 2667 admittentes,
1815 2603 1976 2674 166

403 2694 571 2755 atque
593 2685 678 2741 his
706 2688 989 2752 contrarii,
1013 2689 1106 2758 qui
1137 2689 1477 2745 divinitatem
1504 2692 1619 2760 ejus
1661 2692 1973 2760 obliterant,

405 2777 682 2833 hominem
727 2794 848 2834 eum
888 2780 1166 2835 hominum
1216 2783 1458 2836 omnium
1512 2783 1874 2852 justissimum
1923 2794 1979 2841 et

405 2872 815 2927 sanctissimum
848 2872 1001 2931 fassi.
1044 2875 1183 2941 Quin
1220 2875 1310 2946 qui
1370 2876 1721 2931 introducunt
1766 2878 1977 2949 opinio-

404 2980 528 3020 nem
560 2967 686 3036 quia
722 2982 826 3021 non
866 2967 1232 3023 intellexerint
1273 2983 1397 3023 eum
1441 2971 1532 3040 qui
1580 2990 1600 3023 ι
1633 2972 1872 3040 seipsum
1907 2975 1976 3027 ad

2074 1863 2140 1916 ἐκ
2168 1861 2407 1933 Μαρίας,
2442 1861 2536 1914 καὶ
2573 1859 2661 1913 διὰ
2689 1859 2846 1913 τοῦτο
2873 1859 3266 1931 τετολμηκέναι
3316 1854 3638 1928 περιγράψαι

2072 1953 2295 2017 τούτους
2340 1953 2468 2016 τοὺς
2502 1950 2703 2015 τόπους
2733 1951 2841 2005 ἀπὸ
2871 1949 2965 2004 τοῦ
2991 1948 3351 2019 Εύαγγελίου·
3386 1938 3432 2015 ᾧ
3476 1963 3634 2017 παρα-

2074 2045 2301 2118 πλήσιον
2334 2043 2656 2099 πεπονθέναι
2681 2044 2961 2113 φαίνονται
2998 2043 3047 2095 οἱ
3090 2039 3449 2112 ἀναιροῦντες
3491 2035 3635 2090 αὐτοῦ

2073 2139 2173 2211 τὴν
2194 2137 2290 2192 ἀνθ
2299 2138 2606 2210 ρωπότητα,
2623 2136 2718 2190 καὶ
2738 2136 2902 2207 μόνην
2922 2133 3089 2189 αὑτοῦ
3112 2133 3213 2204 τὴν
3237 2132 3471 2203 θεότητα
3487 2146 3635 2200 παρα-

2073 2230 2377 2303 δεξάμενοι,
2423 2230 2478 2283 οἵ
2513 2246 2574 2283 τε
2616 2228 2827 2291 τούτοις
2873 2226 3126 2290 ἐναντίοι,
3163 2224 3260 2278 καὶ
3302 2224 3404 2294 τὴν
3433 2221 3635 2291 θεότητα

2075 2321 2240 2379 αὑτοῦ
2266 2320 2725 2394 περιγράψαντες,
2752 2320 2843 2374 τὸν
2862 2319 2920 2373 δέ
2947 2318 3232 2391 ἄνθρωπον
3264 2316 3346 2378 ὡς
3370 2315 3517 2383 ἆγιον
3557 2313 3635 2365 καὶ

2075 2415 2413 2471 δικαιότατον
2446 2415 2661 2469 πάντων
2703 2413 2799 2467 ἀνθ
2808 2410 3002 2484 ρώπων
3045 2409 3498 2482 ὁμολογήσαντες.
3542 2404 3635 2457 Καὶ

2075 2512 2125 2564 οἱ
2175 2510 2273 2581 τὴν
2324 2509 2544 2580 δόκησιν
2584 2504 2641 2559 δὲ
2685 2505 3016 2573 εἰσάγοντες,
3056 2520 3074 2553 ι
3107 2500 3198 2554 τὸν
3240 2494 3633 2552 ταπεινώσαντα

2076 2604 2238 2659 αὑτὸν
2285 2603 2444 2676 μέχρι
2487 2603 2738 2665 θανάτου,
2787 2599 2881 2653 καὶ
2910 2597 3146 2668 ὑπήκοον
3169 2593 3458 2663 γενόμενον
3495 2589 3633 2661 μέχρι

2079 2695 2313 2768 σταυροῦ
2355 2716 2374 2748 ι
2427 2695 2500 2767 μὴ
2556 2695 2870 2766 νοήσαντες,
2925 2689 3082 2759 μόνον
3125 2688 3183 2741 δὲ
3235 2686 3302 2738 τὸ
3347 2681 3544 2744 ἀπαθὲς
3583 2679 3633 2731 τὸ

2077 2791 2322 2860 κρεῖττον
2348 2787 2545 2851 παντὸς
2563 2786 2802 2840 τοιούτου
2819 2780 3221 2854 συμπτώματος
3238 2775 3630 2848 φαντασθέντες,

2079 2884 2400 2955 ἀποστερεῖν
2450 2882 2597 2952 ἡμᾶς
2639 2878 2700 2932 τὸ
2740 2879 2862 2931 ὅσον
2916 2876 2999 2943 ἐφ’
3048 2875 3257 2935 ἑαυτοῖς
3307 2869 3514 2922 θέλουσι
3550 2864 3628 2917 τοῦ

2079 2975 2295 3029 πάντων
2348 2971 2649 3045 ἀνθρώπων
2692 2969 3031 3024 δικαιοτάτου
3067 2963 3382 3037 ἀνθρώπου,
3411 2962 3470 3015 οὐ
3496 2960 3632 3012 δυνα-

404 3069 637 3113 mortem
665 3074 838 3129 usque
863 3058 1452 3117 humiliavitobediens
1487 3062 1665 3118 factus
1702 3079 1875 3135 usque
1907 3065 1974 3118 ad

2087 3068 2277 3139 μένους
2302 3065 2369 3119 δι’
2399 3064 2609 3118 ἐκείνου
2651 3060 2918 3127 σώζεσθαι
2954 3058 3086 3129 (79)·
3117 3058 3192 3120 ὡς
3227 3055 3341 3127 γὰρ
3375 3074 3405 3160 ἱ
3440 3052 3502 3160 δι’
3532 3050 3630 3114 ἑνὸς

405 3164 629 3204 crucem
677 3151 744 3219 ⁷⁷,
777 3168 796 3201 ι
835 3160 894 3206 et
919 3151 1088 3207 solam
1125 3152 1244 3223 ejus
1277 3167 1395 3207 eam
1427 3165 1634 3219 partem
1655 3194 1670 3220 ,
1697 3170 1820 3224 qua:
1856 3169 1979 3224 per-

410 3240 807 3296 turbationibus
829 3251 1001 3306 vacat,
1024 3256 1252 3312 quaeque
1280 3246 1529 3313 superior
1553 3255 1636 3301 est
1663 3248 1858 3316 quovis
1885 3247 1979 3302 tali

407 3349 538 3389 casu
568 3332 1036 3404 imaginaverunt,
1094 3348 1191 3401 pro
1217 3334 1360 3390 virili
1400 3350 1500 3391 sua
1538 3352 1603 3391 eo
1633 3338 1852 3394 homine
1886 3340 1977 3410 qui

411 3425 688 3481 hominum
718 3424 960 3479 omnium
999 3424 1418 3495 sitjustissimus
1443 3465 1459 3488 ,
1503 3428 1720 3496 privare
1750 3444 1852 3485 nos
1883 3445 1982 3485 vo-

408 3520 550 3584 lunt,
581 3518 673 3589 qui
699 3532 804 3573 non
827 3531 1115 3587 possumus
1138 3531 1235 3586 per
1267 3518 1442 3586 ipsum
1471 3520 1708 3573 servari:
1747 3530 1805 3575 ut.
1830 3522 1976 3576 enim

415 3624 439 3661 ι
472 3623 572 3679 per
600 3623 766 3663 unum
805 3608 1077 3662 hominem
1121 3621 1304 3671 mors,
1339 3626 1361 3660 ι
1407 3608 1486 3663 sic
1514 3617 1569 3662 et
1623 3625 1644 3661 ι
1684 3624 1779 3680 per
1813 3627 1976 3666 unum

409 3700 684 3757 hominem
724 3718 744 3753 ι
774 3699 898 3756 vita:
919 3698 1239 3768 justiﬁcatio
1269 3698 1338 3757 ⁷⁸.
1382 3698 1571 3770 Neque
1595 3702 1740 3756 enim
1773 3703 1980 3758 utilita-

411 3800 522 3849 tem
551 3793 985 3864 percepissemus
1016 3806 1080 3847 ex
1100 3790 1236 3846 Filio
1255 3790 1372 3855 Dei,
1396 3792 1465 3856 si,
1493 3802 1708 3848 remoto
1733 3795 1979 3864 homine,

412 3886 538 3942 talis
583 3894 724 3941 esset
774 3884 950 3954 qualis
992 3891 1112 3938 erat
1163 3882 1219 3937 in
1266 3882 1533 3952 principio
1575 3885 1715 3953 apud
1760 3883 1980 3989 Pagi-cm

413 3979 613 4042 Deum,
648 3992 821 4046 nequc
856 3977 1129 4031 hominem
1157 3976 1577 4046 assumpsisset,
1606 3976 1697 4046 qui
1735 3976 1976 4033 omnium

406 4069 621 4139 primus
658 4078 710 4122 ct
737 4067 990 4122 omnibus
1015 4068 1405 4133 honorabilior,
1441 4082 1504 4122 ac
1545 4067 1699 4137 longe
1728 4069 1980 4125 omnibus

405 4160 607 4231 purior
634 4159 840 4214 valeret
867 4159 1039 4228 ipsum
1072 4144 1296 4230 capere;
1336 4168 1458 4231 post
1483 4174 1642 4230 quem
1679 4161 1976 4231 poterimus

404 4253 785 4320 unusquisque
815 4260 1058 4307 nostrum
1094 4261 1297 4307 tantum
1326 4268 1389 4308 ac
1407 4252 1589 4317 talem,
1620 4252 1800 4322 qualis
1830 4263 1974 4320 erat,

2079 3157 2364 3229 ἀνθρώπου
2397 3159 2425 3210 ό
2465 3156 2712 3219 θάνατος,
2740 3153 2911 3217 οὕτως
2947 3152 3039 3205 καὶ
3064 3150 3131 3204 δι’
3162 3149 3283 3213 ἐνὸς
3311 3145 3579 3218 ἀνθρώπου
3610 3160 3625 3193 ι

2079 3253 2112 3322 ἡ
2147 3251 2245 3322 τῆς
2288 3249 2433 3321 ζωῆς
2460 3248 2756 3309 δικαίωσις.
2806 3247 2920 3300 Οὐκ
2950 3243 3016 3298 ἂν
3046 3243 3216 3314 χωρὶς
3243 3240 3343 3295 τοῦ
3376 3238 3628 3310 ἀνθρώπου

2081 3339 2444 3412 χωρησάντων
2467 3337 2623 3409 ἡμῶν
2653 3336 2751 3409 τὴν
2782 3336 2890 3389 ἀπὸ
2915 3332 3008 3388 τοῦ
3039 3333 3198 3401 λόγου
3224 3330 3508 3400 ὠφέλειαν,
3548 3328 3627 3397 μέ·

2080 3448 2262 3494 νοντος
2289 3432 2468 3493 ὁποῖος
2498 3425 2567 3501 ἦν
2594 3429 2693 3498 τὴν
2730 3427 2905 3500 ἀρχὴν
2939 3427 3075 3498 πρὸς
3113 3425 3208 3479 τὸν
3240 3424 3462 3495 Πατέρα
3498 3420 3625 3482 Θεὸν,

2083 3524 2179 3579 καὶ
2221 3523 2295 3595 μὴ
2354 3521 2714 3584 ἀναλαϐόντος
2765 3520 2875 3591 (80)
2936 3518 3242 3590 ἄνθρωπον,
3300 3515 3393 3570 τὸν
3442 3514 3627 3567 πάντων

2089 3613 2321 3685 πρῶτον,
2357 3611 2451 3664 καὶ
2484 3610 2699 3664 πάντων
2727 3608 3071 3681 τιμιώτερον,
3094 3608 3189 3661 καὶ
3215 3609 3435 3660 πάντων
3460 3601 3627 3674 μᾶλλον

2085 3702 2466 3776 καθαρώτερον
2496 3703 2656 3755 αὑτὸν
2699 3702 2946 3773 χωρῆσαι
2981 3699 3299 3771 δυνάμενονο
3340 3696 3453 3769 μεθ’
3479 3695 3530 3748 ὅν
3554 3693 3628 3746 καὶ

2085 3799 2244 3868 ἡμεῖς
2264 3795 2517 3862 δέξασθαι
2539 3789 2642 3848 οἷοί
2666 3812 2726 3847 τε
2752 3794 2911 3848 αὐτὸν
2943 3793 3197 3864 ἐσόμεθα,
3218 3792 3447 3855 ἕκαστος
3473 3785 3627 3841 τοσοῦ·

2087 3906 2176 3943 τον
2203 3888 2296 3942 καὶ
2314 3888 2571 3946 τοιοῦτον,
2604 3888 2786 3949 ὁποῖος
2807 3881 2894 3956 ἦν,
2928 3884 3076 3956 αὐτῷ
3104 3883 3365 3954 ποιοῦμεν
3385 3882 3473 3936 καὶ
3498 3877 3626 3949 πηλί-

2080 4003 2182 4056 κην
2210 3981 2391 4055 χῶραν
2422 3982 2533 4053 (81)
2562 3984 2620 4035 ἐν
2645 3984 2710 4053 τῇ
2741 3981 2883 4052 ψυχῇ
2914 3981 3088 4051 ἡμῶν.
3119 3978 3304 4032 Ταῦτα
3336 3978 3391 4031 δέ
3425 3993 3506 4048 μοι
3532 3971 3621 4041 (82)

2077 4076 2255 4130 πάντα
2270 4076 2478 4148 εἴρηται
2501 4075 2602 4145 τῆς
2625 4074 3026 4145 ἐμφαινομένης
3039 4073 3337 4143 διαφωνίας
3357 4070 3460 4125 τῶν
3475 4068 3622 4133 Εὐαγ-

2078 4167 2275 4236 γελίων
2307 4166 2656 4239 παραστῆσαι
2689 4165 2893 4220 θέλοντι
2918 4165 3021 4237 ὁδῷ
3047 4165 3148 4237 τῆς
3170 4162 3532 4237 πνευματικῆς
3551 4161 3623 4211 ἐκ·

2079 4260 2264 4333 δοχῆς.

411 4349 589 4418 ipsum
656 4361 897 4416 capere,
973 4345 1019 4401 si
1092 4345 1271 4400 locum
1327 4346 1683 4417 magnitudini
1740 4348 1859 4416 ejus
1917 4356 2328 4410 convenientem
2377 4355 2431 4409 in
2495 4354 2674 4409 anima
2732 4362 2916 4408 nostra
2962 4351 3466 4423 prazparaverimus.
3513 4341 3615 4397 Haec

413 4454 595 4499 autem
638 4444 819 4500 omnia
864 4442 997 4497 mihi
1048 4443 1193 4498 dicta
1240 4452 1369 4497 sunt
1417 4442 1700 4499 declarare
1746 4445 1995 4515 volenti,
2033 4450 2119 4504 via
2141 4452 2441 4522 Spiritualis
2473 4450 2867 4522 intelligentiae,
2928 4459 3279 4521 apparentem
3334 4438 3616 4513 Evangelia-

412 4552 533 4593 rum
562 4536 973 4592 dissonantiam.

481 4632 535 4687 5.
577 4633 631 4686 In
687 4632 934 4686 eumdem
983 4639 1160 4686 autem
1208 4630 1385 4684 locum
1442 4628 1750 4697 huiusmodi
1813 4632 1979 4687 etiam

2156 4633 2209 4688 5.
2240 4635 2336 4697 Είς
2354 4633 2410 4687 δὲ
2434 4633 2524 4687 τὸν
2553 4634 2715 4689 αὐτὸν
2741 4632 2903 4687 τόπον
2927 4631 3020 4687 καὶ
3036 4629 3262 4701 τοιούτῳ
3286 4621 3620 4699 παραδείγμα-

411 4724 660 4794 exemplo
696 4726 951 4779 utendum
985 4733 1087 4787 cst,
1121 4722 1330 4778 scilicet
1354 4720 1581 4775 Paulum
1618 4722 1896 4779 carnalem
1926 4740 1985 4782 se

413 4832 537 4872 csse
563 4818 839 4872 venditum
869 4816 968 4871 sub
991 4824 1214 4886 peccato
1240 4816 1421 4871 dicere
1447 4814 1518 4879 ⁷⁸,
1550 4828 1652 4869 nec
1685 4814 1981 4886 quidquam

2089 4744 2141 4780 τι
2183 4726 2469 4799 χρηστέον,
2510 4728 2593 4780 ὅτι
2622 4726 2834 4791 Παῦλος
2860 4729 2889 4780 ὁ
2921 4725 3020 4797 μὲν
3055 4722 3315 4795 σαρκικὸς
3347 4711 3617 4788 πεπρᾶσθαι

2087 4817 2235 4887 λέγει
2261 4818 2366 4871 ὑπὸ
2381 4819 2479 4890 τὴν
2516 4818 2810 4890 ἁμαρτίαν,
2833 4819 2928 4872 καὶ
2956 4816 3106 4870 οὐδὲν
3136 4812 3443 4884 ἀνακρίνειν
3459 4800 3554 4867 οἷός
3569 4816 3617 4852 τε

481 4939 530 4971 ⁷⁸
571 4937 730 4992 Rom.
761 4951 800 5001 ι,
834 4936 888 4991 5.
960 4935 1010 4968 ⁷⁸
1039 4934 1169 4991 Ibid.
1206 4934 1262 4990 4.
1334 4934 1384 4967 ⁷⁷
1408 4932 1643 5006 Philipp.
1676 4950 1740 5003 tt,
1769 4934 1822 4989 8.
1878 4936 1940 4969 ’⁷⁸
1971 4938 1984 4992 l

2087 4954 2153 4995 π.
2203 4954 2294 5004 xv,
2333 4937 2426 4993 2|.
2496 4937 2542 4969 "
2570 4936 2730 4991 Rom.
2754 4934 2962 5003 vtt,M,
2994 4933 3079 4988 15.

484 5053 597 5125 (77)
626 5050 734 5106 Kal
758 5050 866 5125 τὸν
890 5050 959 5125 ἐκ
985 5049 1325 5125 ᾳξτέρμαςος
1337 5050 1550 5125 ῥαυτδ·
1582 5049 1721 5125 nar
1741 5048 1807 5125 δὲ
1824 5052 1983 5125 *Θεοῦ

412 5120 589 5189 κατά,
613 5135 722 5179 etc.
758 5121 831 5175 Ita
858 5123 979 5175 cod.
1007 5121 1189 5181 Bodl.;
1219 5120 1420 5190 Regius
1451 5136 1546 5191 pro
1582 5120 1676 5187 καὶ
1702 5121 1793 5174 τόν
1823 5122 1985 5177 habet

411 5199 619 5271 cﬁleet
647 5193 1041 5271 plt'tisiljocgut
1070 5190 1227 5271 Θεοῦ.

483 5258 598 5340 (78)
652 5262 792 5340 ξΕγὼ
829 5261 880 5340 δ’
917 5258 1077 5340 οἶμαι
1111 5260 1209 5314 καὶ
1240 5258 1707 5340 τόν-,Μαρκίωνια
1736 5270 1841 5340 etc.
1881 5261 1986 5340 Ve-

416 5330 603 5394 sanam
653 5330 792 5388 hanc
841 5334 906 5387 de
952 5331 1170 5385 Christo
1218 5330 1525 5398 opinionem
1574 5345 1640 5384 ex
1684 5332 1983 5398 inquinatis

414 5405 876 5464 Ccrduniauorutu
920 5402 1124 5455 lacunis
1152 5401 1409 5470 hauserat
1454 5399 1675 5452 Marcio.
1704 5400 1836 5453 Vide
1862 5418 1983 5470 qua:

416 5480 483 5532 de
511 5494 576 5531 eo
608 5487 663 5530 et
711 5474 829 5541 ejus
866 5486 1029 5542 opera
1061 5471 1333 5538 corruptis
1376 5468 1676 5542 Scriptura!
1718 5470 1850 5523 locis
1882 5468 1984 5525 ad.

417 5548 629 5601 notavit
660 5540 1504 5614 Epiphauiushazres.qucap.
1535 5540 1596 5607 l;
1635 5541 1825 5596 hazres.
1853 5555 1987 5607 tht,

416 5632 539 5681 cap.
568 5619 623 5678 8,
649 5610 818 5677 9;“.
848 5623 902 5667 et
934 5612 1055 5666 alibi
1089 5612 1311 5682 passim.
1345 5610 1607 5672 Humilis.

486 5679 596 5755 (79)
644 5687 725 5738 Οὐ
760 5679 1144 5755 avrapéroug
1163 5681 1238 5736 δι’
1281 5680 1515 5755 ἐκείνου
1559 5679 1866 5755 σώζεσθαι.
1898 5680 1991 5737 Sic

421 5752 620 5809 iubent
667 5756 879 5809 codices
912 5752 1259 5810 ’Barberinus
1303 5762 1353 5807 et
1385 5752 1619 5822 Regius;
1665 5752 1990 5808 Bodleianus

2088 5069 2236 5118 vero,
2274 5053 2335 5107 οὐ
2365 5052 2663 5124 δυναμένου
2694 5051 2761 5105 δι’
2803 5048 2998 5124 ἑαυτοῦ
3035 5046 3337 5124 σῴζεσθαι,
3381 5056 3524 5115 quam
3550 5037 3613 5091 le-

2089 5125 2324 5179 Ctioueui
2357 5119 2515 5177 male'
2533 5131 2754 5177 secutus
2777 5131 2861 5175 est
2888 5119 3195 5175 Ferrarius.

2156 5193 2271 5265 (80)
2324 5194 2770 5265 ᾈναλαϐόντος.
2808 5191 2921 5265 $ic_
2936 5192 3110 5265 codex
3153 5186 3491 5248 Bodleianus;
3528 5178 3613 5232 lie-

2088 5260 2208 5335 gius
2240 5260 2296 5317 et
2337 5263 2691 5335 Barberinus,
2718 5260 3073 5335 ἀναλαβόντα.

2158 5336 2273 5406 (81)
2309 5334 2478 5398 Αὐτῷ
2517 5321 2810 5406 arctoum
2831 5333 2927 5385 καὶ
2956 5331 3223 5406 πηλίοιῃξρ
3248 5327 3455 5406 χώραν.
3479 5321 3611 5377 Forte

2088 5396 2370 5475 legendum
2401 5396 2457 5475 εἱ
2482 5402 2631 5475 αὑτῷ
2661 5396 2919 5475 ποιοῦμεν
2952 5396 3048 5475 καὶ
3068 5396 3313 5475 τηλίκῆν
3333 5396 3557 5475 χώραν...

2170 5419 2370 5459 ’611011111
2401 5419 2450 5457 ει
2482 5421 2631 5457 αυτω
2661 5420 2813 5456 ποιου
2891 5419 2919 5455 ν
2952 5419 3048 5454 και
3083 5419 3313 5471 τηλικην
3346 5419 3525 5471 χωραν.
3546 5460 3557 5471 ⁸

2170 5475 2280 5548 (82)
2325 5473 2518 5548 Ταῦτα
2549 5458 2617 5548 δέ
2639 5491 2761 5543 μοι.
2794 5419 2919 5527 Ιίξο
2962 5472 3435 5548 όεείςίετιιηριτέη.
3459 5462 3609 5548 codice

2095 5533 2286 5615 Re‘gio',
2320 5545 2415 5600 sed
2448 5533 2826 5615 restituuntur
2866 5557 2897 5595 e
2928 5542 3209 5615 codicibus
3262 5537 3532 5615 Bodleianq
3554 5533 3607 5615 gl

2095 5602 2408 5670 Barberiuo.
2447 5612 2565 5669 Mox
2601 5629 2698 5684 pro
2728 5613 2827 5684 τῆς
2861 5611 3267 5684 ἐμφαινομένης
3312 5602 3608 5668 scribendum

2093 5685 2308 5743 videtul'
2335 5685 2433 5749 τὰς
2468 5683 2894 5757 ὲμφαινομὲνας.
