3766 6142
74 300 142 357 ΕΙ
1089 288 1451 349 COMMENT.
1486 282 1555 343 IN
1594 288 1786 346 JOAN.
1825 292 2063 350 TOMUS
2101 294 2171 349 Χ.

3146 299 3252 355 59.2

72 417 187 491 ἀγρὸς
218 415 270 469 οὐ
313 413 511 485 χωρεῖ,
559 410 901 485 ὀλιγωτέρων
956 409 1241 481 τυγχάνων
1303 408 1569 470 δεκτικὸς.

1765 410 1945 465 nterea
1967 420 2025 464 ut
2046 409 2323 465 videamus
2341 406 2703 464 differentiam
2722 425 2909 466 eorum
2925 413 3012 480 qui
3038 414 3155 481 plus
3170 414 3253 468 vel
3276 452 3281 455 -

71 507 341 581 Παραθετέον
396 505 454 558 δὲ
509 504 645 575 πρὸς
693 505 754 557 τὸ
810 502 1087 579 θεωρῆσαι
1140 501 1404 574 διαφορὰς
1466 500 1577 553 τῶν

70 606 281 662 ἑπιπλεῖον
310 600 341 673 ἢ
375 600 593 655 ἔλαττον
635 597 939 669 δεχομένων
978 596 1070 649 τὸν
1122 590 1332 666 Ἰησοῦν
1372 591 1432 644 ὲν
1463 589 1573 661 τῷ·

72 694 218 748 «Ἐκεῖ
243 692 452 762 ἔμειναν
487 690 550 743 οὐ
584 688 783 752 πολλὰς
810 687 1045 759 ἡμέρας,
1078 705 1096 736 ι
1132 683 1193 737 τὺ
1228 685 1286 737 ὲν
1315 682 1393 754 τῷ
1436 680 1580 737 κατὰ

66 787 278 842 Μιτθαῖον
301 783 377 854 τῷ
407 782 700 838 ἀναστάντι
730 783 795 834 ὲκ
823 778 1032 850 νεκρῶν
1076 774 1578 849 μεμαθητευμένοις

66 880 310 947 λεγόμενον,
354 874 447 928 καὶ
489 873 973 943 ἀποστελλομένοις
1013 867 1353 941 μαθητεῦσαι
1400 866 1581 921 πάντα

63 971 111 1022 τὰ
135 968 253 1040 ἔθνη,
284 965 449 1030 οὕτως
481 965 636 1037 ἔχονο
679 985 698 1017 ι
735 964 889 1031 Ἰδοὺ,
927 962 1045 1035 μεθ’
1070 960 1226 1033 ὑμῶν
1257 962 1371 1031 εἰμι
1399 959 1581 1022 πάσας

61 1060 133 1121 τὰς
165 1057 350 1127 ἡμέρας
373 1055 477 1119 ἕως
514 1056 617 1126 τῆς
644 1053 954 1118 συντελείας
999 1053 1091 1106 τοῦ
1143 1051 1336 1115 αἰῶνος
1357 1069 1370 1081 ·
1405 1070 1424 1104 ι
1468 1053 1582 1113 τοῖς

65 1150 136 1219 μὲν
169 1149 263 1219 γὰρ
311 1149 485 1202 πάντα
529 1149 630 1202 ὅσα
687 1148 958 1219 ἐνδέχεται
1018 1146 1179 1214 φύσιν
1234 1144 1581 1216 ἀνθρωπίνην

63 1239 215 1308 γνῶναι
245 1238 318 1292 ἔτι
355 1239 587 1294 ἐνταῦθα
613 1240 986 1311 τυγχάνουσαν
1025 1235 1327 1307 είσομένοις
1362 1234 1580 1304 λέγεται

61 1330 287 1394 δεικτικῶς
314 1330 401 1384 τό’
456 1349 477 1383 ι
518 1330 662 1401 Ἐγὼ
711 1331 829 1402 μεθ’
877 1331 1030 1403 ὑμῶν
1060 1332 1206 1402 εἰμι’
1235 1348 1253 1381 ι
1306 1328 1403 1382 καὶ
1451 1326 1581 1397 περὶ

64 1425 200 1494 πάσης
223 1422 311 1494 τῆς
338 1425 395 1475 ὲν
424 1425 539 1487 τοῖς
570 1422 966 1494 θεωρουμένοις
1000 1420 1111 1493 (93)
1154 1418 1418 1490 ἀνατολῆς
1446 1417 1582 1489 ὴμέ-

66 1532 137 1584 ρας
185 1513 411 1578 πλείονας
470 1513 734 1586 ποιούσης
800 1517 914 1578 τοῖς
987 1512 1426 1585 μακαριωτάτοις
1481 1510 1540 1563 τό
1564 1525 1578 1539 ·

68 1608 246 1670 «nam
277 1606 369 1670 τάς
414 1606 664 1679 ἡμέρας,
702 1606 810 1670 ἕως
848 1606 949 1677 τῆς
992 1604 1301 1668 συντελείας
1327 1600 1423 1656 τοῦ
1461 1600 1584 1656 αἰῶ-

65 1714 189 1761 νοςί
221 1698 336 1770 περὶ
376 1699 432 1752 δὲ
478 1698 592 1753 τῶν
628 1700 686 1753 ἐν
733 1698 1131 1770 Καφαρναοὺμ,
1170 1696 1307 1768 πρὸς
1353 1693 1476 1760 οὓς,
1507 1693 1583 1757 ὡς

67 1786 417 1857 ὑποδεεστέρους
467 1785 912 1849 καταϐαίνουσιν,
955 1785 1017 1838 οὑ
1068 1785 1228 1857 μόνον
1272 1787 1300 1838 ὁ
1343 1781 1579 1854 Ἰησοῦς.

66 1876 161 1928 ἀλλὰ
195 1878 276 1930 καὶ
311 1878 342 1948 η
383 1880 568 1949 μήτηρ
621 1876 785 1931 αὐτοῦ
808 1917 823 1942 ,
868 1878 963 1930 καὶ
1000 1877 1050 1930 οἱ
1101 1874 1322 1945 ἀδελφοὶ
1382 1872 1578 1937 αὐτοῦ,

68 1970 132 2022 καὶ
160 1970 201 2024 οἱ
242 1970 498 2042 μαθηταί’
556 1988 576 2023 ι
608 1971 756 2025 Ἐκεῖ
807 1969 1031 2040 ἔμειναν
1078 1969 1140 2023 οὐ
1197 1967 1398 2030 πολλάς
1440 1966 1579 2038 ἡμέ-

68 2079 195 2132 ρος.)

114 2155 155 2210 8.
188 2155 328 2220 Εἰκὸς
369 2155 425 2210 δὲ
454 2156 561 2209 οὐκ
592 2154 801 2223 ἀλόγως
847 2153 1102 2225 ζητήσειν
1150 2152 1322 2217 τινάς,
1368 2152 1417 2205 εί
1447 2151 1581 2222 μετά

66 2248 200 2308 πάσας
228 2251 319 2312 τὰς
355 2248 570 2318 ἡμέρας
599 2246 789 2301 τούτου
812 2245 907 2299 τοῦ
947 2245 1142 2310 αἰῶνος
1167 2246 1269 2298 οὐκ
1302 2242 1383 2298 ἔτι
1427 2243 1580 2297 ἔσται

63 2337 262 2393 όείπών-
301 2358 318 2391 ι
354 2339 483 2393 Ἰδοὺ
513 2340 627 2408 ἐγὼ
655 2337 774 2410 μεθ’
812 2336 987 2409 ὑμῶν,
1018 2355 1037 2389 ι
1086 2335 1226 2408 μετὰ
1255 2335 1363 2389 τῶν
1396 2352 1580 2407 χωρη-

66 2430 225 2484 σάντων
260 2430 431 2493 αὑτὸν,
484 2449 502 2480 ι
529 2430 639 2493 ἕως
669 2430 769 2501 τῆς
823 2427 1131 2491 συντελείας
1161 2426 1256 2480 τοῦ
1307 2427 1528 2488 αίῶνοςο
1555 2446 1574 2477 ι

64 2520 109 2574 τὺ
138 2523 226 2595 γὰρ
251 2522 370 2588 ἓως,
398 2523 567 2576 οἱονεὶ
618 2521 971 2593 περιγραφήν
1002 2537 1124 2573 τινα
1153 2519 1304 2590 δηλοῖ
1361 2519 1576 2591 χρόνου.

66 2613 242 2665 Λεκτέον
270 2613 323 2666 δὲ
364 2613 455 2668 καὶ
484 2612 629 2685 arpis;
663 2611 840 2675 τοῦτο,
882 2611 963 2664 ὅτι
1005 2611 1067 2663 οὐ
1098 2609 1292 2663 ταύτόν
1339 2610 1456 2662 ἐστι
1495 2609 1578 2672 τὸ,

69 2704 206 2758 ιΜεθ’
245 2704 385 2776 ὑμῶν
427 2706 549 2776 εἰμι
582 2704 715 2775 (94),
742 2724 761 2756 ι
803 2703 901 2775 τῷ,
946 2705 1033 2758 Ἐν
1063 2705 1192 2774 ὑμῖν
1242 2704 1378 2774 εἰμι.
1427 2702 1580 2773 Τάχα

64 2791 131 2847 ὧν
152 2795 445 2867 κυριώτερον
473 2795 733 2867 λέγοιμεν
762 2797 862 2849 οὐκ
891 2797 947 2850 ἐν
972 2798 1085 2858 τοῖς
1121 2793 1581 2866 μαθητευομένοις

66 2884 168 2944 εἶναι
200 2890 279 2944 τὸν
320 2891 584 2963 Σωτῆρα,
632 2888 769 2943 ἀλλὰ
816 2889 932 2960 μετ’
977 2887 1176 2956 αὐτῶν,
1223 2889 1346 2942 ὅσον
1383 2886 1462 2958 τῷ
1502 2885 1580 2958 νῷ

64 2983 135 3034 οὒκ
160 2982 426 3051 ἑφθάκασιν
460 2983 580 3053 (95)
621 2982 714 3037 ἐπὶ
759 2981 858 3053 τὴν
888 2980 983 3035 τοῦ
1014 2979 1207 3044 αίῶνος
1246 2979 1575 3034 συντέλειαν.

1682 496 1861 553 minus
1884 499 2191 570 suscipiunt
2213 497 2423 563 Jesum,
2453 499 2757 553 addendum
2786 511 2871 556 est
2898 504 3078 557 verbis
3107 504 3213 558 illis
3239 522 3254 560 :

1685 609 1704 642 ι
1735 589 1846 646 Illic
1871 601 2188 646 manserunt
2218 606 2326 645 non
2361 588 2545 643 multis
2575 590 2735 662 169
2759 593 2946 649 diebus
2970 592 3041 660 ’³,
3072 614 3091 647 ι
3124 597 3256 653 illutl

1680 684 1823 749 quod
1854 683 2055 738 dicitur
2084 699 2113 736 a
2135 680 2362 737 Domino
2397 683 2718 739 resuscitato
2749 701 2815 740 ex
2850 689 3080 743 mortuis
3113 689 3255 759 apud

1680 774 2010 841 Matthmum,
2026 775 2306 846 discipulis
2325 775 2505 831 missis
2521 778 2585 830 ad
2606 778 2903 832 docendum
2922 793 3113 833 omnes
3129 794 3254 849 gen-

1682 879 1781 931 tes,
1814 866 1895 922 sic
1927 867 2172 922 habens:
2206 885 2226 919 ι
2249 868 2388 923 Ecce
2413 882 2512 938 ego
2540 867 2825 923 vobiscum
2852 885 2971 923 sum
3003 872 3258 926 omnibus

1682 958 1891 1025 diebus,
1925 971 2093 1026 usque
2119 960 2185 1011 ad
2216 957 2742 1012 consummationem
2773 956 3065 1014 saeculi”.»
3096 957 3259 1012 Nam-

1682 1064 1788 1121 que
1810 1050 2080 1120 agnituris
2108 1049 2329 1120 quidem
2370 1051 2551 1104 omnia
2595 1064 2933 1121 quaecunque
2961 1065 3259 1118 agnoscere

1681 1150 1859 1210 potest
1888 1141 2126 1195 humana
2158 1147 2373 1205 natura,
2403 1140 2529 1195 dum
2584 1141 2676 1195 hic
2711 1140 2893 1211 degit,
2932 1141 3131 1196 dicitur
3164 1144 3281 1197 de—'

1683 1233 2036 1289 monstrative
2057 1233 2159 1288 hoc
2189 1250 2204 1287 :
2240 1251 2259 1285 ι
2290 1232 2406 1303 Ego
2436 1234 2719 1290 vobiscum
2750 1247 2868 1288 sum
2900 1249 2913 1285 :
2954 1251 2975 1287 ι
3010 1233 3077 1286 de
3106 1234 3259 1289 omni

1681 1339 1814 1382 vero
1845 1334 1990 1392 ortu,
2023 1335 2079 1380 et
2116 1324 2543 1395 illuminatione,
2585 1339 2706 1396 quae
2730 1324 2820 1379 his
2859 1324 3131 1391 exoritur,
3165 1325 3256 1394 qui

1683 1421 2056 1490 speculantur,
2088 1433 2318 1489 qumque
2366 1419 2484 1475 dies
2525 1419 2707 1491 plures
2763 1419 2833 1475 ob
2878 1418 3069 1475 oculos
3107 1418 3262 1489 ponit

1682 1508 2036 1575 beatissimis,
2092 1507 2267 1564 illud:
2315 1528 2335 1562 ι
2381 1511 2647 1567 Omnibus
2704 1508 2914 1572 diebus,
2964 1522 3135 1578 usque
3174 1507 3246 1562 ad

1685 1599 2213 1656 censummatiouem
2261 1602 2478 1668 saeculi;
2512 1622 2531 1656 ι
2570 1603 2636 1657 de
2671 1602 2758 1656 his
2787 1610 2964 1657 autem
3003 1602 3096 1670 qui
3127 1608 3260 1656 sunt

1686 1692 1741 1746 in
1783 1691 2128 1762 Capharnao,
2162 1693 2229 1746 ad
2279 1708 2439 1763 quos,
2486 1703 2678 1764 utpote
2711 1692 2851 1749 intra
2892 1694 3257 1758 exsistentes,

1616 1753 1658 1809 Β
1685 1790 2021 1845 descendunt
2054 1806 2161 1845 non
2213 1791 2386 1845 solum
2425 1790 2605 1858 Jesus,
2649 1807 2838 1849 verum
2870 1793 3035 1848 etiam
3083 1800 3260 1847 mater

1682 1881 1817 1950 ejus,
1858 1874 1929 1939 et
1959 1882 2161 1941 fratres
2196 1887 2351 1959 ejus,
2395 1895 2452 1940 et
2486 1884 2778 1955 discipuli,
2816 1885 3052 1941 dicitur:
3091 1903 3109 1937 ι
3145 1884 3258 1940 Illic

1683 1989 2003 2033 manserunt
2031 1994 2139 2034 non
2178 1980 2361 2035 multis
2385 1979 2597 2036 diebus.
2614 1998 2634 2032 ι

1759 2162 1814 2217 8.
1846 2160 2121 2219 Credibile
2159 2171 2339 2217 autem
2392 2171 2476 2216 est
2528 2161 2742 2230 aliquos
2788 2174 2896 2215 non
2930 2160 3047 2216 sine
3093 2174 3259 2216 causa

1682 2256 2008 2326 quaesituros
2040 2270 2106 2308 an
2148 2262 2272 2324 post
2318 2267 2511 2308 omnes
2558 2252 2721 2321 hujus
2771 2249 2956 2306 saeculi
3004 2252 3121 2307 dies
3151 2267 3259 2308 non

1685 2349 1916 2416 amplius
1965 2347 2182 2401 futurus
2235 2346 2306 2402 sit
2347 2362 2469 2400 cum
2518 2345 2601 2400 his
2645 2344 2739 2415 qui
2788 2360 2914 2400 eum
2945 2346 3261 2412 acceperint

1685 2456 1857 2510 usque
1887 2441 1952 2495 ad
1990 2439 2520 2496 consummationem
2554 2438 2758 2505 saeculi,
2797 2437 2886 2492 ille
2928 2437 3017 2506 qui
3066 2436 3205 2491 dixit
3240 2453 3258 2471 ο

1687 2552 1707 2585 ι
1740 2532 1881 2587 Ecce
1921 2546 2020 2602 ego
2053 2531 2329 2586 vobiscum
2362 2544 2483 2584 sum
2511 2544 2683 2598 usque
2717 2529 2786 2582 ad
2833 2529 3261 2583 consummatio-

1682 2636 1806 2677 nem
1837 2620 2059 2688 saeculi;
2100 2639 2121 2672 ι
2154 2634 2280 2673 nam
2308 2619 2571 2690 particula
2620 2634 2782 2689 usque
2825 2618 2993 2674 veluti
3019 2619 3258 2673 circum-

1682 2714 2032 2783 scriptionem
2066 2713 2360 2783 quamdam
2412 2712 2632 2766 denotat
2688 2711 2967 2780 temporis.
3022 2710 3260 2765 Proinde

1684 2804 1749 2859 ad
1779 2804 1884 2859 hoc
1910 2803 2072 2859 etiam
2112 2812 2199 2858 est
2240 2803 2547 2868 dicendum,
2587 2817 2693 2857 non
2730 2802 2872 2856 idem
2900 2816 3043 2866 esse,
3077 2820 3095 2853 ι
3147 2799 3257 2856 Vo-

1680 2899 1893 2953 biscum
1925 2911 2068 2961 sum,
2107 2914 2127 2948 ι
2162 2903 2240 2962 et,
2275 2895 2329 2949 ln
2360 2894 2514 2949 vobis
2558 2908 2702 2949 sum.
2736 2893 3104 2960 Quamobrem
3148 2892 3259 2946 for-

1687 2996 1832 3041 tasse
1867 2985 2041 3055 magis
2086 2985 2305 3054 proprie
2350 2985 2696 3048 diceremus,
2748 2998 2855 3037 non
2895 2983 2948 3035 in
2980 2978 3258 3051 discipulis

73 3073 203 3128 Ἐπᾶν
232 3075 284 3128 δὲ
309 3075 402 3147 τὴν
432 3076 533 3131 τοῦ
569 3075 774 3145 κόσμου
817 3071 1220 3145 σταυρωθέντος
1256 3072 1438 3136 αὐτοῖς
1481 3071 1579 3143 τὴν

1765 3086 2028 3131 rvatorem
2064 3089 2202 3140 esse,
2254 3075 2351 3129 sed
2393 3088 2516 3129 cum
2570 3072 2731 3142 ipsis,
2775 3081 3041 3142 quantum
3078 3079 3258 3126 mente

67 3165 314 3219 συντέλειαν
361 3165 526 3220 αὐτοῦ
582 3167 849 3219 ὲνστᾶσαν
889 3164 952 3219 τὸ
996 3165 1120 3218 ὅσον
1160 3163 1256 3218 ἐπὶ
1289 3165 1357 3235 τῇ
1402 3160 1582 3216 αὐτῶν

69 3263 327 3332 παρασκευῇ
375 3259 732 3331 θεωρήσωσι,
775 3257 898 3311 τότε
950 3258 1051 3311 οὐκ
1092 3257 1172 3310 ἐτι
1219 3259 1335 3328 μετ’
1375 3254 1579 3321 αὐτῶν,

68 3345 149 3399 ἀλλ’
166 3350 214 3401 ὲν
239 3350 405 3413 αὐτοῖς
422 3352 717 3420 γενομένου
744 3347 838 3401 τοῦ
872 3345 1070 3418 Ἰησοῦ,
1099 3343 1285 3419 ἐροῦσι
1312 3344 1394 3410 τὸ,
1425 3363 1444 3396 ι
1468 3344 1584 3399 Οὐκ

66 3437 124 3490 ἔτι
148 3438 211 3503 ζῶ
238 3440 355 3510 ἐγὼ,
401 3440 467 3513 ζῇ
494 3442 554 3495 δὲ
589 3443 647 3494 ὲν
690 3441 817 3509 ἐμοὶ
849 3440 1111 3510 Χριστός·
1144 3460 1161 3493 ι
1206 3438 1302 3493 καὶ
1345 3439 1427 3503 τὸ,
1467 3456 1486 3489 ι
1516 3438 1581 3490 El

64 3530 241 3604 δοκιμὴν
269 3537 467 3604 ζητεῖτε
506 3535 605 3590 τοῦ
647 3538 705 3589 ἐν
755 3537 881 3607 ἐμοὶ
925 3534 1208 3598 λαλοῦντος
1255 3531 1575 3606 Χριστοῦ;ἰ

65 3621 206 3680 ταῦτα
234 3627 286 3680 δὲ
325 3628 586 3700 λέγομεν,
613 3628 976 3702 τηρουμένης
1022 3644 1140 3690 πως
1175 3626 1281 3697 ἰδίᾳ
1331 3626 1424 3678 καὶ
1481 3625 1581 3695 τῆς

65 3720 344 3791 πιριστάσης
385 3720 612 3792 ἐκδοχῆς
655 3720 737 3784 τὸ,
779 3739 798 3770 ι
824 3719 1003 3781 πάσας
1045 3718 1146 3780 τὰς
1185 3716 1397 3788 ἡμέρας
1425 3734 1443 3767 ι
1488 3713 1578 3767 λέ-

66 3808 230 3874 γεσθαι,
253 3811 345 3874 τὰς
380 3831 398 3863 ι
426 3812 532 3876 ἓως
559 3810 871 3874 συντελείας
896 3809 991 3863 τοῦ
1029 3807 1246 3872 αἰῶνος,
1268 3827 1288 3859 ι
1332 3805 1474 3860 κατά
1510 3805 1580 3860 τά

66 3897 215 3962 iam
248 3903 309 3972 τῇ
339 3900 655 3975 ἀνθρωπίνῃ
686 3901 846 3970 φύσει
875 3898 1203 3955 καταλαϐεῖν
1230 3897 1311 3952 ἔτι
1344 3896 1581 3951 ἐνταῦθα

64 3990 368 4065 τυγχανούσῃ·
418 3992 533 4046 ἔστι
583 3992 691 4064 γὰρ
732 3994 825 4047 καὶ
874 3992 1088 4060 ἐκείνης
1136 3990 1237 4061 τῆς
1284 3986 1580 4062 ἑρμηνείας

64 4080 342 4152 τηρουμένης
381 4084 677 4154 ἐπιστῆσαι
723 4081 802 4153 τῷ
832 4081 944 4155 (θί)
963 4081 1079 4150 ἐγώ
1100 4120 1115 4145 ,
1160 4081 1248 4135 ἵνα
1277 4083 1306 4135 ὁ
1345 4080 1445 4152 μὲν
1475 4080 1579 4144 ἓως

64 4164 139 4235 τῆς
181 4173 461 4240 συντελείας
517 4175 661 4247 μετά
712 4174 821 4228 τῶν
872 4173 1350 4243 ἀποστελλομένων
1405 4171 1580 4244 μαθη-

62 4260 198 4316 τεύειν
222 4265 384 4321 πάντα
411 4268 478 4322 τά
515 4267 646 4339 ἔθνη
748 4270 777 4321 ὁ
804 4265 1048 4331 κενώσας
1094 4267 1303 4332 ἑαυτὸν,
1343 4268 1437 4321 καὶ
1479 4269 1579 4340 τὴν

61 4351 132 4404 τοῦ
169 4354 330 4412 δούλου
375 4362 590 4433 μορφὴν
638 4358 844 4414 λαϐὼν·
880 4360 1121 4431 ὡσπερεὶ
1167 4360 1224 4414 δὲ
1253 4360 1412 4414 τοῦτο
1465 4360 1576 4434 (97)

1685 3184 1791 3224 non
1847 3168 2209 3239 praevenerint
2268 3166 2789 3222 consummationem
2839 3163 3047 3222 saeculi.
3118 3163 3257 3218 Cum

1682 3277 1815 3317 vero
1861 3261 2155 3315 instantem
2210 3258 2743 3315 consummationem
2785 3258 2976 3312 mundi
3024 3257 3258 3312 viderint

1682 3356 1785 3411 sibi
1817 3354 2087 3421 cruciﬁxi,
2115 3363 2378 3425 quantum
2410 3355 2477 3407 ad
2504 3354 2724 3408 illorum
2748 3362 3003 3408 conatum
3037 3353 3255 3415 attinet,

1685 3459 1815 3504 tunc
1846 3463 1956 3504 non
1979 3447 2212 3519 amplius
2234 3462 2358 3503 cum
2392 3446 2546 3517 ipsis,
2587 3448 2680 3503 sed
2721 3447 2773 3500 in
2801 3446 2934 3517 ipsis
2959 3447 3259 3500 exsistente

1680 3540 1830 3604 Jcsu,
1863 3539 2048 3594 dicent
2106 3538 2277 3593 illud:
2319 3557 2337 3590 ι
2369 3534 2486 3590 Νοιι
2535 3536 2767 3607 amplius
2802 3536 2925 3591 vivo
2974 3551 3107 3608 ego,
3161 3536 3257 3590 sed

1681 3633 1816 3686 vivit
1862 3630 1916 3686 in
1962 3645 2049 3685 me
2098 3629 2350 3685 Christus
2373 3629 2455 3694 ",
2492 3647 2510 3680 ι
2557 3640 2611 3682 et
2655 3628 2784 3683 illud
2819 3646 2832 3682 :
2865 3648 2884 3680 ι
2917 3629 3001 3681 Αιι
3041 3629 3261 3698 experi-

1681 3731 1922 3773 mentum
1955 3718 2198 3787 quzeritis
2230 3717 2498 3788 loquentis
2531 3718 2583 3770 in
2626 3733 2712 3772 me
2743 3716 2944 3772 Christi
2974 3718 3105 3771 "it
3132 3716 3261 3776 Haec

1681 3821 1862 3866 autem
1906 3810 2162 3873 dicimus,
2210 3811 2500 3865 observata
2535 3809 2789 3878 privatim
2823 3826 2852 3863 a
2888 3810 3047 3869 nobis
3080 3812 3265 3885 aliquo

1682 3904 1842 3959 modo
1867 3918 1930 3958 ea
1978 3902 2318 3973 expositione
2355 3917 2473 3972 qua:
2502 3902 2682 3967 docet,
2722 3920 2741 3953 ι
2771 3902 3026 3959 omnibus
3048 3905 3259 3973 diebus,

1682 4011 1853 4067 usque
1887 3995 1955 4050 ad
1999 3995 2530 4050 consummationem
2571 3994 2752 4050 saeculi
2787 4013 2807 4047 ι
2840 3995 2947 4053 dici
2987 3999 3144 4068 juxta
3198 4013 3262 4054 ea

1681 4107 1802 4161 quae
1856 4090 2095 4144 humana
2151 4098 2343 4142 natura
2391 4088 2861 4156 comprehendere
2904 4100 3099 4159 potest,
3132 4093 3260 4146 dum

1681 4181 1856 4236 hocin
1889 4179 2088 4234 mundo
2109 4178 2361 4243 exsistit;
2381 4193 2503 4232 nam
2525 4194 2809 4247 possumus
2834 4182 3021 4246 etiam,
3045 4191 3259 4235 servata

1682 4273 1771 4326 illa
1803 4269 2275 4340 interpretatione,
2309 4279 2499 4324 notare
2517 4271 2839 4326 vocabulum
2862 4286 2979 4341 ego,
3005 4280 3063 4325 ut
3088 4285 3260 4341 usque

1682 4363 1748 4417 ad
1781 4359 2306 4416 consummationem
2334 4373 2455 4413 cum
2490 4359 2577 4415 his
2605 4362 2696 4429 qui
2733 4362 3016 4414 mittentur
3053 4365 3120 4416 ad
3161 4364 3259 4416 do—

62 4436 206 4510 ἕτερος
246 4446 299 4498 ὲν
337 4450 400 4518 τῇ
450 4448 780 4502 καταστάσει
826 4448 923 4511 ὢν,
954 4452 1021 4522 τῇ
1066 4448 1174 4521 πρὸ
1202 4450 1295 4504 τοῦ
1343 4451 1577 4504 κενῶσαι

1765 4454 1917 4509 idum
1970 4466 2163 4508 omnes
2209 4461 2399 4522 gentes
2434 4452 2503 4518 ",
2545 4453 2615 4507 sit
2661 4452 2769 4518 ille,
2828 4455 2922 4523 qui
2975 4454 3263 4510 evacuavit

64 4527 229 4597 ἐωτὸν,
261 4539 389 4608 μετά
428 4541 529 4612 τὴν
582 4541 890 4595 συντέλειαν
942 4541 1035 4596 τοῦ
1077 4542 1303 4608 αἰῶνος,
1348 4543 1577 4615 γένηται

71 4623 176 4686 μετὰ
219 4630 435 4696 τούτων,
495 4654 513 4685 ι
542 4633 649 4698 ἕως
677 4653 695 4685 ι
753 4634 858 4687 ὑπὸ
912 4634 1006 4688 τοῦ
1066 4636 1282 4707 Πατρὸς
1334 4655 1352 4686 ι
1379 4636 1577 4691 τεθῶσι

71 4715 227 4784 πάντες
270 4726 314 4777 οἱ
360 4726 542 4798 ἐχθροὶ
575 4728 739 4782 αὑτοῦ
783 4728 1072 4782 ὑποπόδιον
1112 4729 1219 4782 τῶν
1254 4729 1430 4783 ποδῶν
1480 4732 1578 4785 αὐ-

68 4810 152 4871 τοῦ,
174 4832 189 4863 δ
232 4819 354 4887 μετά
382 4823 554 4877 ταῦτα
587 4841 608 4875 ι
637 4823 728 4876 ὅτε
772 4821 1136 4894 παραδίδωσιν
1158 4843 1178 4875 ι
1216 4825 1244 4876 ὀ
1270 4823 1396 4888 Υἱὸς
1432 4843 1450 4875 ι
1478 4823 1576 4896 τὴν

72 4900 289 4969 βέσιὶείαν
313 4911 388 4983 τῷ
414 4914 531 4988 Θεῷ
560 4915 653 4969 καὶ
686 4914 883 4985 Πατρὶ,
908 4932 928 4966 ι
956 4912 1050 4967 τοῦ
1084 4914 1296 4986 Πατρὸς
1328 4914 1580 4988 ἐροῦντος

149 5059 186 5088 ⁸³
206 5058 346 5115 Joan.
380 5078 438 5126 ιι.
476 5065 560 5119 12.

73 5122 106 5153 ν
129 5062 560 5153 ξίέῗῗηχηοηίῖο
597 5134 641 5153 α.
750 5064 1177 5153 Matinium,
1207 5062 1299 5116 20.

129 5125 322 5201 Philipp.
352 5148 406 5198 ιι,
435 5137 485 5188 7.

597 5134 641 5168 “
667 5135 831 5190 Hebr.
870 5153 920 5200 χ,
954 5137 1035 5190 l5.

132 5273 223 5343 (93)
243 5281 467 5353 Δέτεται
485 5283 836 5350 δεικτικῶς..
849 5322 887 5337 ..
910 5282 981 5336 ἐν
999 5279 1124 5353 τοῖς
1145 5280 1586 5353 θεωρουμένοις.

198 5338 359 5427 onmi'a
389 5338 584 5427 desunt
621 5338 676 5427 in
714 5338 906 5427 cddice
936 5338 1127 5421 Regio,
1168 5338 1505 5427 ac'prdiitde

79 5418 276 5533 agilique
308 5420 513 5494 ﬂuetii;
566 5425 660 5482 sed
708 5418 1070 5480 restituuntur
1125 5435 1157 5475 e
1207 5420 1394 5475 codice
1443 5419 1586 5474 Bod-

93 5498 240 5545 etano.

138 5557 230 5629 ‘9‘)
264 5563 431 5637 Codex
480 5566 808 5624 Bodleianus
854 5565 1092 5622 restituit
1141 5564 1256 5637 τῷ,
1320 5564 1408 5616 Ἐν
1455 5562 1584 5634 ὑμῖν

79 5625 342 5702 “litatum
366 5636 698 5694 desideratur
729 5640 783 5692 in
807 5639 995 5693 codice
1021 5625 1205 5702 Regio:

135 5699 237 5777 {95)
279 5704 450 5777 ὀσον
476 5708 553 5775 τῷ
590 5709 677 5776 νῷ
715 5712 827 5763 οὐκ
863 5699 1216 5777 ἐφθάκαᾲιν.
1263 5704 1336 5758 Ita
1382 5703 1583 5777 optime

78 5760 391 5832 habet'codex
412 5760 920 5850 Bodleianusigtnale
948 5760 1075 5835 vero
1101 5760 1324 5849 Regius,
1343 5760 1479 5832 ὅσων
1506 5772 1583 5848 τῷ

1412 5059 1461 5092 ³⁸
1487 5058 1660 5115 Galat.
1692 5075 1767 5128 ιι,
1795 5060 1885 5115 20.

1682 4548 1943 4618 seipsum,
1971 4543 2143 4600 forma
2179 4545 2319 4599 servi
2346 4551 2555 4613 sumpta
2578 4543 2624 4575 ⁹⁷
2658 4563 2671 4598 :
2702 4552 2956 4614 tanquam
2986 4553 3165 4599 autem
3190 4545 3260 4599 ab

1685 4641 1789 4694 hoc
1822 4638 1961 4692 alius
1993 4637 2048 4691 in
2072 4645 2212 4692 statu
2242 4634 2566 4704 prmcedenti
2619 4648 2772 4688 suam
2804 4634 3258 4701 exinanitionem,

1681 4743 1808 4802 post
1832 4732 2359 4786 consummationem
2393 4728 2571 4785 saeculi
2603 4728 2673 4783 sit
2695 4744 2815 4783 cum
2836 4729 2976 4794 istis,
2999 4749 3019 4782 ι
3048 4733 3253 4785 donec.

1683 4845 1712 4881 a
1746 4827 1913 4882 Patre
1946 4844 1965 4878 ι
2008 4824 2171 4895 positi
2200 4822 2408 4877 fuerint
2431 4837 2623 4877 omnes
2651 4821 2854 4876 inimici
2886 4822 3004 4892 ejus
3048 4822 3258 4877 subsel-

1687 4918 1815 4974 lium
1849 4920 2043 4989 pedum
2091 4919 2211 4989 ejus
2227 4918 2272 4950 ⁸⁸
2312 4936 2331 4969 ›
2376 4927 2496 4986 post
2523 4916 2660 4982 haec,
2689 4933 2709 4967 ι
2749 4930 2875 4970 cum
2922 4917 3208 4973 tradiderit
3232 4935 3254 4968 ο

1997 5059 2041 5091 ⁸⁸
2076 5059 2122 5114 ll
2150 5058 2275 5118 Cor.
2312 5079 2438 5126 xm,
2475 5067 2527 5121 5.
2641 5069 2687 5102 ’°
2725 5068 2918 5126 Matth.
2953 5089 3139 5143 xxvut,
3171 5074 3263 5133 19.

1697 5277 1774 5351 νῷ
1804 5278 1907 5351 οὐκ
1928 5275 2245 5351 ἐφθακρσιν.

1770 5350 1885 5421 (96)
1938 5340 2042 5421 Τῷ.
2068 5347 2166 5421 Sic_
2184 5344 2354 5400 codex
2382 5342 2707 5421 Bodleianns
2732 5357 2770 5421 ;_
2792 5341 3016 5421 Regius,
3044 5340 3125 5393 τό.

1771 5408 1885 5490 (97}
1918 5408 2116 5490 T0510.
2143 5415 2287 5490 Lege
2308 5414 2519 5490 τούτου.
2540 5413 2733 5490 Totum
2758 5408 2905 5490 [tunc
2939 5413 3113 5490 locum
3138 5408 3275 5490 Fer?

1699 5478 1879 5546 rarius
1910 5489 2122 5542 videtur
2168 5478 2363 5555 legisse
2394 5503 2405 5537 :
2436 5483 2627 5556 ὥσπερ
2659 5486 2708 5537 εί
2738 5479 2860 5537 εἷπε
2882 5478 3273 5556 τοῦτοί-γοναί.

1696 5562 1868 5624 enim,
1896 5571 2146 5629 tanquam
2165 5550 2331 5609 εἱἹιοε
2364 5550 2609 5629 dixisset,
2634 5556 2772 5629 quod
2804 5565 2872 5609 su
2894 5569 3012 5629 eum
3045 5550 3126 5603 his
3151 5558 3270 5617 post

1691 5624 2191 5686 consummationem
2222 5627 2405 5680 mculi
2433 5626 2593 5694 alius,
2612 5624 2867 5681 “sistens
2889 5624 2941 5677 in
2968 5630 3110 5677 statu
3129 5634 3271 5691 prea-

1690 5703 1890 5758 cedenli
1913 5716 2064 5757 suum
2094 5697 2523 5756 exinanilt'ortem.
