3766 6142
473 310 580 366 323

1964 317 2285 376 ORIGENIS

3606 323 3699 377 324

477 422 647 479 Filius
672 444 689 475 ι
728 441 954 493 regnum
990 426 1123 490 Deo,
1171 436 1225 484 et
1249 429 1395 486 Patri
1416 430 1517 495 ",b
1562 433 1724 505 17o
1771 433 1930 491 Patre
1966 437 2050 491 di-

2165 436 2335 497 ιύτοῖς
2377 434 2469 487 τό·
2527 453 2546 484 ο
2583 435 2715 489 Ἰδοὺ
2762 434 2875 503 ἐγὼ
2928 434 3044 505 μεθ’
3072 432 3225 504 ὑμῶν
3258 435 3390 503 εἰμι.
3417 453 3437 487 ι
3485 437 3698 509 Πότερον

477 528 638 575 cente
685 519 837 573 illis:
882 539 902 573 ι
935 522 1079 579 Ecce
1122 539 1223 595 ego
1273 526 1553 582 Vobiscum
1582 544 1701 584 sum
1725 531 1765 583 ί.
1807 549 1828 583 ι
1859 530 2051 586 Utrum

475 629 610 669 vero
642 616 898 672 omnibus
920 619 1113 675 diebus
1138 635 1309 691 usque
1334 623 1401 676 ad
1429 623 1532 679 hoc
1563 633 1797 695 tempus,
1837 642 1903 681 an
1924 627 2057 683 sim-

477 705 697 776 pliciter
730 709 989 764 omnibus
1016 710 1235 778 diebus,
1267 728 1335 766 an
1369 728 1474 768 non
1505 716 1780 784 omnibus,
1806 719 1902 772 sed
1932 733 2054 773 om-

478 801 560 865 ni,
614 809 799 869 potest
824 802 916 869 qui
962 801 1094 855 velit
1133 804 1503 860 considerare.
1545 806 1699 863 Nunc
1737 810 1884 863 enim
1937 825 2058 878 qua:

482 894 759 960 proposita
795 905 921 947 sunt
964 908 1066 949 nos
1106 909 1213 949 non
1251 897 1572 965 permittunt
1618 914 1788 969 usque
1829 900 1962 955 adeo
1987 900 2059 956 ab

479 985 727 1039 oratione
758 984 988 1055 digredi.

557 1074 617 1128 9.
650 1075 795 1129 Sane
829 1074 1125 1132 Heracleon
1168 1077 1282 1146 ipse
1327 1095 1598 1139 enarrans
1628 1099 1643 1138 :
1683 1103 1703 1136 ι
1734 1084 1930 1142 Postea
1957 1088 2059 1143 de-

482 1168 693 1222 scendit
739 1167 792 1221 in
826 1168 1200 1238 Capharnaum
1221 1174 1265 1237 ²,
1297 1193 1317 1227 ι
1343 1174 1568 1230 alterius
1600 1192 1787 1233 rursus
1836 1181 2059 1249 dispen-

482 1259 710 1315 sationis
739 1260 1061 1330 principium
1094 1263 1269 1332 inquit
1303 1266 1593 1332 declarari,
1630 1284 1762 1324 voce
1792 1272 2059 1327 descendit

483 1366 590 1405 non
644 1354 818 1405 otiose
846 1350 1024 1416 dicta;
1075 1362 1133 1407 ct
1167 1353 1343 1423 inquit
1392 1354 1714 1423 Capharuao
1760 1358 2058 1427 significari

482 1442 599 1498 haec
635 1453 878 1499 extrema
929 1443 1138 1513 mundi,
1184 1444 1299 1501 haec
1334 1447 1661 1512 materialia,
1697 1450 1764 1503 ad
1816 1464 1937 1520 qua:
1968 1451 2073 1506 de--

483 1534 717 1590 scendit.
752 1553 771 1586 ι
815 1533 881 1589 Et
911 1536 1038 1601 quia
1086 1550 1192 1590 non
1226 1547 1408 1608 aptus,
1436 1539 1635 1609 inquit,
1688 1552 1833 1596 esset
1889 1542 2060 1611 locus,

489 1626 626 1681 nihil
659 1641 722 1681 ea
774 1626 826 1680 in
880 1626 1111 1682 civitate
1143 1628 1228 1684 vel
1260 1630 1491 1693 fecisse.
1525 1632 1613 1686 vel
1649 1632 1864 1688 locutus
1896 1634 2063 1690 fuisse

497 1717 723 1773 dicitur.
764 1737 783 1771 ι
820 1718 1190 1785 Quamobrem
1232 1722 1277 1777 si
1339 1723 1392 1777 in
1445 1724 1672 1794 reliquis
1717 1728 2063 1798 evangelistis

484 1810 754 1880 scriptum
792 1810 1004 1879 fuisset,
1031 1811 1166 1868 nihil
1204 1814 1256 1867 in
1279 1792 1603 1884 Capharnao
1630 1792 1920 1872 Dominum
1964 1834 2065 1874 no-
2092 1792 2135 1846 Β

487 1911 667 1958 strum
710 1902 796 1958 vel
841 1903 1043 1960 fecisse
1086 1903 1172 1959 vel
1212 1905 1442 1971 dixisse,
1492 1905 1728 1964 fortasse
1759 1909 2069 1966 dubitasse-

487 2008 611 2049 mus
639 1995 881 2065 recipere
913 1994 1085 2064 ipsius
1116 1994 1645 2065 interpretationem.
1687 2000 1843 2056 Nunc
1879 2011 2060 2058 autem

485 2084 770 2140 Matthmus
801 2085 1023 2155 quidem
1084 2085 1371 2141 Dominum
1406 2100 1677 2157 nostrum,
1729 2093 1913 2148 relicta
1958 2093 2063 2149 Na-

488 2177 702 2240 zareth,
726 2176 1032 2248 profectqu
1060 2179 1344 2237 habitasse
1374 2181 1755 2252 Capharnaum
1785 2184 2060 2241 civitatem

489 2270 876 2334 maritimam',
910 2280 964 2326 et
1005 2272 1205 2328 exinde
1240 2273 1456 2329 initium
1495 2276 1825 2345 praedicandi
1871 2277 2065 2334 fecisse

491 2362 687 2431 inquit,
720 2361 1026 2417 dicentem:
1050 2381 1070 2415 ι
1105 2362 1450 2433 Resipiscite,
1476 2366 1643 2421 instat
1665 2369 1809 2423 enim
1838 2385 2065 2441 regnum

495 2452 759 2509 calorum
795 2452 837 2507 ⁸.
876 2471 896 2505 ι
929 2453 1142 2510 Marcus
1196 2470 1329 2509 vero
1356 2457 1400 2521 ⁸,
1458 2469 1742 2528 postquam
1799 2470 2063 2518 tentasset

494 2545 782 2600 Dominum
806 2538 1074 2613 diabolus,
1103 2558 1388 2619 postquam
1407 2550 1643 2605 traditus
1681 2551 1872 2609 fuisset
1900 2553 2064 2610 Joan-

490 2653 588 2695 nes
610 2639 667 2695 in
695 2653 1000 2707 carcerem,
1045 2641 1202 2697 nobis
1241 2644 1532 2697 annuntiat
1573 2643 1859 2701 Dominum
1901 2649 2066 2703 adve-

488 2733 637 2788 uisse
670 2731 726 2786 in
775 2730 1053 2787 Galilaam
1102 2732 1489 2803 praedicantem
1524 2736 1884 2806 Evangelium
1916 2739 2012 2794 Dei
2042 2757 2058 2805 ;

489 2825 870 2895 ingrediuntur
921 2825 1088 2880 etiam
1146 2824 1529 2895 Capharuaum
1584 2838 1705 2899 post
1742 2830 2061 2887 electionem

490 2927 725 2989 quatuor
747 2918 1080 2988 piscatorum
1110 2919 1177 2974 ad
1207 2919 1540 2976 functiouem
1571 2924 1815 2978 muneris
1839 2934 2062 2993 aposto-

488 3012 604 3079 lici,
658 3013 955 3085 statimque
1005 3012 1250 3068 sabbatis
1300 3013 1487 3069 docuit
1538 3016 1590 3070 in
1655 3031 1967 3090 synagoga,
2006 3029 2063 3075 et

2152 527 2230 590 δέ,
2264 528 2442 591 πάσας
2486 528 2700 600 ἡμέρας
2738 528 2842 592 ἓως
2878 528 3031 581 τοῦδε
3064 526 3159 580 τοῦ
3200 526 3412 597 χρόνου,
3448 528 3481 597 ἢ
3512 529 3696 595 ἁπλῶς,

2156 621 2335 683 πάσας
2371 620 2471 683 τάς
2503 620 2743 692 ἡμέρας,
2771 620 2925 675 τοῦδε
2955 621 3138 696 πάσας
3167 619 3305 690 (98),
3345 620 3479 673 ἀλλά
3518 625 3695 687 πᾶσαν,

2154 710 2327 764 ἐνεστι
2377 714 2600 765 σκοπεῖν
2637 711 2717 782 τῷ
2764 711 3089 782 βουλομένῳ.
3145 710 3260 764 Νῦν
3304 710 3412 783 γάρ
3451 713 3586 782 ἡμᾶς
3612 716 3699 769 οὐκ

2154 804 2377 857 ἀπαιτεῖ
2405 802 2474 855 τά
2499 803 2834 874 προκείμενα
2861 804 2955 857 ἐπὶ
2982 801 3236 857 τοσοῦτον
3271 802 3597 874 παρεκϐῆναι
3619 805 3696 858 τοῦ

2154 894 2335 963 λόγου.

2224 1082 2277 1137 9.
2331 1080 2389 1135 '0
2430 1079 2678 1150 μέντοιγε
2717 1076 3029 1151 Ἡρακλέων
3059 1078 3141 1145 τὸ,
3179 1097 3199 1130 ι
3227 1078 3383 1132 Μετὰ
3408 1078 3557 1132 τοῦτο
3584 1097 3698 1135 κατ-

2156 1174 2254 1245 έϐη
2298 1174 2379 1237 εἰς
2424 1173 2840 1245 Καφαρναοὺμ,
2887 1190 2907 1223 ι
2960 1170 3122 1235 αὐτὸς
3152 1170 3527 1241 διηγούμενος,
3562 1172 3698 1243 ἄλλης

2158 1266 2319 1320 πάλιν
2347 1264 2656 1336 οἰκονομίας
2687 1265 2861 1336 ἀρχήν
2892 1278 3024 1333 φησι
3055 1262 3374 1334 δηλοῦσθαι,
3416 1263 3512 1317 οὐκ
3542 1266 3697 1335 ἀργῶς

2157 1356 2250 1410 τοῦ
2292 1357 2507 1425 κατέϐη
2542 1356 2860 1428 εἰρημένουσ
2907 1355 3000 1409 καί
3032 1373 3163 1426 φησι
3208 1356 3308 1427 τὴν
3358 1356 3699 1427 Καφαρναοὺμ

2160 1448 2445 1521 σημαίνειν
2475 1448 2651 1502 ταῦτα
2680 1449 2749 1502 τὰ
2796 1446 2998 1518 ἔσχατα
3048 1446 3144 1500 τοῦ
3199 1446 3427 1517 κόσμου,
3467 1447 3622 1501 ταῦτα
3645 1448 3699 1501 τά

2159 1540 2319 1595 ὕλικά
2347 1532 2443 1606 ἐίς
2488 1540 2526 1595 ἀ
2556 1540 2811 1611 κατῆλθε·
2858 1540 2951 1593 καὶ
2983 1538 3071 1592 διὰ
3115 1538 3175 1591 τὸ
3223 1539 3510 1603 ἀνοίκειον,
3542 1543 3694 1608 φησὶν,

2160 1629 2299 1687 εἶναι
2329 1632 2420 1687 τὸν
2450 1633 2636 1696 τόπον,
2666 1632 2788 1686 οὐδὲ
2817 1629 3131 1703 πεποιηκώς
3162 1649 3214 1684 τι
3245 1629 3460 1699 λέγεται
3487 1632 3541 1684 ὲν
3565 1634 3693 1703 αὐτῇ,

2160 1721 2195 1794 ἦ
2229 1719 2560 1791 λελαληκώς.
2592 1722 2656 1774 Εἰ
2692 1721 2790 1792 μὲν
2817 1716 2910 1775 οὖν
2946 1721 3082 1792 μηδὲ
3114 1723 3172 1775 ἐν
3201 1723 3312 1784 τοῖς
3340 1720 3538 1784 λοιποῖς
3559 1722 3697 1790 Εὐαγ-

2162 1813 2362 1882 γελίοις
2396 1813 2711 1885 πεποιηκώς
2758 1831 2842 1876 τι,
2884 1814 2918 1884 ἢ
2952 1810 3261 1884 λελαληκὼς
3301 1814 3363 1865 ἐν
3397 1815 3463 1884 τῇ
3504 1814 3696 1885 Καφαρ-

2163 1904 2337 1973 ναοὺμ
2372 1904 2401 1956 6
2444 1903 2649 1975 Κύριος
2693 1901 2848 1974 ήμῶν
2893 1902 3288 1973 ἀνεγέγραπτο,
3336 1903 3475 1973 τάχα
3515 1902 3574 1955 ἂν
3617 1902 3699 1954 ἐδι-

2165 2000 2439 2070 στάξαμεν
2483 1999 2611 2071 περὶ
2651 1998 2743 2051 τοῦ
2788 1995 3192 2068 παραδέξασθαι
3222 1994 3390 2075 αὑτοῦ
3437 1996 3531 2065 τὴν
3560 1996 3699 2068 ἑρμη-

2162 2092 2330 2146 νείαν.
2378 2091 2514 2144 Νυνὶ
2558 2090 2615 2143 δὲ
2662 2091 2690 2142 6
2734 2088 3008 2150 Ματθαίος
3060 2086 3431 2141 καταλιπόντα
3478 2090 3595 2156 φησὶ
3626 2088 3697 2140 τὸν

2162 2182 2367 2255 Κύριον
2414 2180 2568 2252 ἡμῶν
2605 2179 2707 2251 τὴν
2753 2176 3040 2250 Ναζαρὲθ,
3085 2176 3309 2230 ἐλθόντα
3362 2178 3695 2248 κατῳκηκέναι

2163 2277 2245 2339 είς
2277 2273 2653 2345 Καφαρναοὺμ
2696 2270 2794 2343 τὴν
2826 2270 3297 2343 παραθαλασσίαν,
3345 2271 3437 2323 καὶ
3479 2270 3577 2323 ἀπὸ
3600 2270 3697 2322 τότε

2162 2366 2335 2438 ἀρχὴν
2361 2366 2456 2419 τοῦ
2495 2364 2791 2436 κηρύσσειν
2839 2362 3168 2435 πεποιῆσθαι
3205 2363 3461 2432 λέγοντα·
3507 2382 3524 2413 ι
3553 2364 3697 2416 Μετα-

2162 2461 2355 2522 νοεῖτε,
2384 2459 2579 2530 ῆγγικε
2605 2456 2713 2528 γὰρ
2746 2459 2779 2528 ἡ
2818 2456 3066 2527 βασιλεία
3096 2455 3203 2510 τῶν
3241 2455 3503 2527 οὐρανῶν.
3527 2474 3545 2506 ι
3582 2456 3629 2508 '0
3652 2455 3696 2507 δὲ

2162 2553 2388 2625 Μάρκος
2409 2552 2517 2606 ἀπὸ
2539 2550 2633 2604 τοῦ
2664 2550 2800 2624 πρὸς
2834 2550 2924 2605 τὸν
2955 2550 3197 2604 διάϐολον
3228 2547 3548 2621 πειρασμοῦ,
3588 2547 3697 2619 μετὰ

2162 2646 2225 2699 τὸ
2259 2644 2627 2717 παραδοθῆναι
2667 2642 2757 2697 τδν
2794 2642 3066 2714 Ἰωάννην,
3116 2641 3450 2710 ἀπαγγέλλει
3487 2642 3603 2711 ἡμῖν
3635 2641 3697 2702 εἰς

2161 2739 2262 2809 τὴν
2292 2736 2577 2791 Γαλιλαίαν
2621 2734 2960 2807 κηρύσσοντα
3003 2734 3065 2788 τὸ
3100 2734 3431 2803 Εὐαγγέλιω
3466 2730 3551 2786 τοῦ
3589 2729 3694 2784 Θεοῦ

2163 2829 2479 2902 ἐληλυθέναι
2508 2828 2598 2883 τὸν
2626 2827 2852 2899 Κύριον’
2887 2826 2979 2880 καὶ
3022 2825 3161 2897 μετά
3185 2827 3285 2896 τὴν
3328 2828 3407 2889 εἰς
3437 2823 3693 2893 ἀποστολὴν

2164 2922 2393 2995 ἐκλογὴν
2438 2922 2546 2976 τῶν
2604 2919 2887 2990 τεσσάρων
2941 2918 3138 2972 ἀλιέων
3196 2917 3590 2991 εἰσπορεύονται
3635 2917 3694 2978 είς

2163 3019 2562 3091 Καφαρναοὺμ,
2593 3019 2689 3073 καὶ
2715 3018 2876 3083 εὐθὺς
2901 3021 3015 3083 τοῖς
3054 3016 3321 3072 σάϐϐασιν
3362 3016 3613 3070 ἐδίδασκεν
3634 3014 3695 3075 είς

486 3106 952 3174 obstupescebant
990 3121 1156 3178 super
1191 3108 1436 3163 doctrina
1484 3107 1655 3164 illius.
1711 3108 1852 3175 Quin
1896 3110 2059 3166 etiam

2165 3115 2262 3187 τὴν
2313 3112 2655 3184 συναγωγὴν,
2706 3112 2802 3167 καὶ
2860 3112 3253 3182 ἐξεπλήσσοντο
3301 3111 3398 3164 ἐπὶ
3443 3111 3507 3180 τῇ
3542 3108 3688 3179 διδαχῇ

487 3199 755 3254 actionem
779 3199 1069 3269 quamdam
1103 3214 1227 3255 eum
1255 3200 1451 3255 fecisse
1478 3199 1531 3253 in
1572 3198 1894 3270 Capharnao
1921 3203 2062 3257 scri-

487 3291 601 3357 bit,
628 3288 811 3348 statim
838 3291 981 3347 enim
1008 3291 1217 3363 inquit“
1249 3310 1264 3348 :
1292 3310 1312 3343 ι
1336 3292 1463 3347 Erat
1483 3293 1536 3348 in
1570 3308 1845 3365 synagoga
1873 3309 2063 3351 eorum

487 3382 654 3439 homo
680 3382 892 3452 spiritui
916 3381 1194 3439 immundo
1225 3382 1516 3450 obnoxius,
1538 3393 1595 3439 et
1623 3368 1955 3440 exclamavit
1983 3387 2067 3441 di—

489 3489 663 3531 cens:
699 3474 782 3529 Ah
808 3473 943 3544 quid
976 3475 1052 3530 rei
1112 3476 1269 3531 nobis
1307 3486 1482 3532 tecum
1516 3486 1634 3542 est,
1661 3474 1790 3533 Jesu
1826 3477 2067 3535 Nazare-

488 3565 602 3624 ne?
624 3566 818 3623 venisti
868 3565 937 3621 ad
986 3567 1321 3636 perdendum
1362 3570 1506 3624 nos?
1534 3571 1657 3625 novi
1696 3580 1769 3635 te,
1804 3571 1929 3642 quis
1966 3572 2063 3640 sis,

492 3658 751 3715 nimirum
784 3657 875 3713 ille
916 3656 1087 3715 Filius
1117 3657 1235 3714 Dei.
1274 3659 1342 3715 Et
1373 3661 1677 3731 increpavit
1717 3662 1866 3718 illum
1907 3662 2067 3720 Iesus

492 3751 717 3809 dicens:
757 3750 1109 3817 Obmutesce,
1170 3761 1227 3807 et
1282 3754 1370 3807 exi
1428 3752 1497 3808 ab
1552 3755 1792 3809 homine.
1838 3755 2063 3811 Etcum

491 3843 875 3912 discerpsisset
901 3859 1024 3899 eum
1057 3843 1283 3913 spiritus
1314 3844 1647 3910 immundus,
1680 3846 2069 3904 exclamasset-

491 3950 603 4006 que
629 3952 764 3991 voce
798 3953 1015 4008 magna,
1054 3939 1185 3993 exiit
1210 3938 1278 3993 ab
1303 3952 1390 3992 eo.
1420 3938 1483 3993 Et
1512 3939 1915 4010 obstupuerunt
1948 3955 2067 3995 om-

493 4044 613 4084 nes.
651 4047 671 4080 ι
709 4028 774 4081 Et
811 4044 1004 4083 socrus
1033 4029 1270 4085 Simonis
1302 4030 1563 4086 liberatur
1594 4031 1648 4086 in
1687 4032 2010 4102 Capharuao
2033 4046 2067 4088 a

494 4118 655 4173 febri.
686 4118 766 4173 Ad
796 4119 913 4174 haec
948 4117 1162 4175 Marcus
1192 4120 1401 4190 inquit"
1420 4124 1629 4191 vesperi
1664 4131 1881 4179 curatos
1900 4123 2068 4179 fuisse

492 4225 687 4266 omnes
708 4211 847 4266 male
865 4213 1151 4278 habentes,
1172 4224 1226 4268 et
1245 4215 1333 4285 qui
1355 4229 1384 4268 a
1403 4215 1682 4271 daemoniis
1700 4217 2062 4286 agitabantur.

492 4303 634 4371 Quin
648 4304 814 4359 etiam
839 4304 1017 4360 Lucas
1035 4305 1233 4361 similia
1258 4322 1377 4360 cum
1404 4305 1586 4362 Marco
1604 4307 2077 4377 loquitur‘deCa-

493 4399 760 4469 pharnao,
781 4398 1003 4454 dicens:
1024 4416 1042 4449 ι
1071 4399 1137 4453 Ει
1153 4399 1300 4455 venit
1315 4399 1367 4453 iu
1387 4400 1770 4469 Capharnaum
1788 4401 2062 4455 civitatem

2164 3205 2353 3261 αὐτοῦ.
2389 3205 2548 3259 Ἀλλά
2586 3207 2680 3260 καὶ
2724 3204 2922 3276 πρᾶξιν
2963 3204 3127 3259 αὐτοῦ
3169 3204 3473 3276 ἀναγράφει
3511 3218 3693 3271 γεγενη-

2167 3298 2335 3370 μένην
2374 3298 2432 3351 ἐν
2465 3298 2872 3369 Καφαρναούμ·
2908 3297 3070 3361 εὐθὺς
3103 3298 3211 3369 γάρ
3252 3313 3452 3367 φησιν·
3489 3314 3507 3347 ι
3533 3296 3607 3349 Ἐν
3642 3296 3690 3364 τῇ

2166 3390 2454 3460 συναγωγῇ
2508 3388 2685 3443 αὐτῶν
2742 3384 2814 3459 ἦν
2846 3387 3133 3461 ἄνθρωπος
3176 3388 3234 3440 ἐν
3285 3388 3546 3457 πνεύματι
3588 3385 3692 3439 ἀκει-

2165 3481 2369 3554 θάρτῳ,
2398 3482 2492 3534 καὶ
2536 3480 2803 3552 ἀνέκραξε
2844 3480 3053 3550 λέγων’
3090 3480 3212 3543 Ἔα,
3239 3479 3293 3533 τί
3327 3482 3457 3552 ἡμῖν
3495 3478 3580 3532 καὶ
3613 3476 3688 3539 σοὶ,

2177 3574 2350 3647 Ἰησοῦ
2394 3572 2716 3647 Ναζαρηνέ;
2763 3569 2926 3645 ἦλθες
2973 3570 3235 3626 ἀπολέσαι
3284 3574 3464 3644 ἡμᾶς
3503 3569 3689 3640 omam

2167 3685 2226 3723 σε
2254 3667 2336 3731 τίς
2378 3663 2450 3732 εἴ,
2489 3667 2517 3720 6
2551 3667 2677 3731 Υἱὸς
2708 3665 2803 3719 τοῦ
2841 3664 2998 3719 Θεοῦ.
3035 3666 3144 3719 Καὶ
3172 3665 3496 3737 ἐπετίμησεν
3520 3662 3641 3733 αὐτῷ
3668 3661 3689 3713 ὁ

2177 3758 2383 3831 Ἰησοῦς
2413 3759 2586 3829 λέγων
2604 3775 2618 3788 ο
2649 3756 2949 3829 Φιμώθητι,
2985 3758 3081 3811 καὶ
3113 3756 3292 3824 ἔξελθε
3331 3758 3389 3824 ἐξ
3419 3755 3569 3810 αὐτοῦ
3588 3771 3599 3784 ’
3623 3755 3688 3806 ὅτε

2166 3852 2261 3905 καὶ
2296 3849 2604 3923 ἐσπάραξεν
2633 3849 2796 3903 αὐτὸν
2829 3849 2889 3902 τὸ
2927 3848 3145 3920 πνεῦμα
3178 3849 3240 3903 τὸ
3285 3849 3596 3919 ἀκάθαρτον,
3619 3844 3690 3898 καὶ

2167 3944 2423 4014 φωνῆσαν
2453 3945 2604 4014 φωνῇ
2638 3942 2849 4015 μεγάλῃ
2878 3941 3100 4012 ἐξῆλθεν
3123 3938 3183 4006 ἐξ
3225 3942 3412 3995 αὑτοῦ.
3440 3941 3540 3994 Καὶ
3560 3938 3691 4007 ἐθαμ-

2166 4034 2413 4108 ϐήθησαν
2429 4032 2688 4100 ἅπαντες.
2711 4034 2905 4107 »Καὶὴ
2937 4034 3174 4107 πενθερὰ
3212 4034 3453 4106 Σίμωνος
3496 4031 3577 4086 τοῦ
3616 4047 3691 4082 πλε

2167 4127 2325 4201 ρετοῦ
2357 4128 2763 4182 ἀπαλλάσσεται
2808 4127 2865 4182 ἐν
2912 4130 2976 4199 τῇ
3020 4127 3421 4199 Καφαρναούμ.
3455 4126 3582 4197 Πρὸς
3605 4121 3690 4175 τού-

2164 4237 2278 4284 τοις
2301 4223 2329 4274 ό
2361 4220 2588 4293 Μάρκος
2616 4220 2751 4290 φησὶ⁵
2780 4219 3019 4292 ἑσπέρας
3043 4220 3418 4291 γεγενημένης
3446 4221 3498 4272 ἐν
3523 4219 3577 4287 τῇ
3605 4217 3688 4267 Κα-

2166 4313 2451 4383 φαρναοὺμ
2490 4310 2920 4384 τεθεραπεῦσθαι
2958 4310 3168 4375 πάντας
3208 4311 3335 4374 τοὺς
3362 4309 3536 4372 κακῶς
3572 4307 3686 4376 έχον-

2165 4421 2264 4467 τας
2294 4405 2387 4457 καὶ
2424 4403 2916 4477 δαιμονιζομένους.
2962 4405 3074 4458 Ka‘l.
3112 4405 3141 4457 6
3172 4404 3389 4467 Λουκᾶς
3432 4401 3485 4454 δὲ
3512 4400 3570 4453 τὰ
3608 4414 3688 4449 παι

490 4490 944 4560 Galilaaterique
972 4491 1203 4547 docebat
1241 4492 1360 4547 illos
1385 4492 1641 4547 sabbatis.
1683 4492 1750 4547 Et
1777 4494 2059 4562 stupebant

2168 4492 2441 4565 ραπλήσια
2483 4492 2562 4564 τῷ
2599 4494 2811 4565 Μάρκῳ
2841 4492 3175 4561 ἀπαγγέλλει
3211 4494 3339 4565 περὶ
3376 4492 3471 4562 τῆς
3508 4492 3687 4557 [sagap-

492 4598 656 4654 super
676 4584 828 4654 171
858 4584 1104 4639 doctrina
1129 4586 1266 4655 ejus,
1282 4584 1405 4654 quia
1424 4599 1549 4640 cum
1569 4586 2072 4655 potestateconjun-

493 4684 613 4730 ctus
632 4687 750 4730 erat
775 4689 955 4730 sermo
977 4674 1165 4746 ipsius.
1190 4676 1253 4729 Et
1273 4677 1324 4728 iu
1348 4690 1621 4746 synagoga
1650 4686 1766 4730 erat
1791 4676 1951 4731 homo
1968 4676 2068 4730 ha-

493 4765 630 4820 bens
649 4764 900 4833 spiritum
925 4764 1187 4821 daemonis
1212 4765 1568 4829 immundi,et
1592 4763 2069 4823 exclamavitvoce

495 4873 688 4928 magna
724 4859 906 4915 dicens
939 4879 953 4915 :
990 4859 1113 4924 Eia,
1143 4860 1273 4930 quid
1327 4860 1423 4915 tibi
1463 4859 1744 4913 nobiscum
1787 4870 1895 4926 est,
1935 4860 2064 4924 Jesu

494 4950 814 5006 Nazarene?
844 4954 1039 5008 venisti
1084 4953 1151 5006 ad
1189 4953 1521 5020 perdendum
1557 4953 1693 5007 nos?
1722 4955 1835 5008 scio
1865 4963 1914 5008 te
1945 4955 2066 5024 quis

494 5045 593 5113 sis,
622 5041 854 5101 Sanctus
891 5045 981 5099 ille
1013 5045 1130 5100 Dei.
1165 5044 1232 5098 Et
1258 5044 1561 5115 increpavit
1592 5045 1742 5099 illum
1767 5044 1945 5114 Jesus,
1982 5046 2065 5101 di-

493 5150 628 5192 cens
656 5152 671 5189 :
703 5134 1048 5201 Obmutesce,
1078 5145 1134 5191 et
1155 5134 1241 5190 exi
1273 5136 1342 5190 ab
1372 5151 1458 5190 eo.
1490 5136 1556 5190 Et
1588 5152 1710 5192 cum
1744 5137 2063 5206 projecisset

495 5228 646 5283 illum
683 5227 1011 5281 daaiuouium
1043 5227 1098 5281 in
1130 5225 1385 5292 medium,
1412 5227 1548 5281 exiit
1577 5226 1646 5282 ab
1678 5228 1790 5292 illo,
1820 5227 2065 5299 nihilque

494 5320 571 5375 illi
598 5320 801 5375 nocuit.
839 5337 858 5372 ι
896 5318 964 5373 Ει
1000 5328 1189 5390 postea
1237 5328 1424 5373 narrat
1453 5319 1493 5383 ⁸,
1532 5321 1806 5389 quomodo
1837 5337 2065 5392 surgens

494 5410 759 5468 Dominus
799 5425 832 5466 e
863 5426 1136 5483 synagoga
1181 5411 1462 5481 ingressus
1489 5417 1574 5465 est
1619 5410 1676 5465 in
1724 5411 1942 5467 domum
1975 5414 2063 5471 Si-

2165 4584 2368 4654 ναοὺμ,
2423 4582 2632 4652 λέγων·
2694 4603 2712 4635 ι
2775 4584 2885 4636 Καὶ
2952 4578 3115 4655 ἦλθεν
3174 4585 3255 4646 εἰς
3323 4578 3684 4652 Καφαρναοὺμ.

2164 4673 2316 4727 πόλιν
2389 4673 2487 4744 τῆς
2548 4672 2835 4737 Γαλιλαίας
2859 4713 2874 4736 ,
2944 4674 3038 4726 καὶ
3100 4669 3169 4745 ἦν
3226 4672 3485 4727 διδάσκων
3531 4668 3685 4726 αὐτοὺς

2164 4767 2223 4818 ὲν
2275 4767 2389 4829 τοῖς
2464 4764 2716 4820 σάϐϐασι.
2779 4765 2890 4818 Καὶ
2942 4764 3334 4835 ἐξεπλήσσοντο
3390 4764 3476 4816 ἐπὶ
3526 4762 3581 4830 τῇ
3626 4756 3685 4809 δι-

2162 4859 2297 4929 δαχῇ
2350 4857 2539 4923 αὐτοῦ,
2578 4858 2659 4911 ὃτι
2708 4858 2766 4911 ἐν
2800 4857 3017 4929 ἐξουσία
3061 4854 3128 4928 ῆν
3159 4859 3187 4911 6
3218 4856 3373 4925 λόγος
3414 4852 3578 4908 αὐτοῦ.
3604 4846 3684 4901 Καὶ

2170 4952 2227 5004 ἐν
2253 4953 2318 5021 τῇ
2372 4952 2661 5022 συναγωγῇ
2697 4946 2771 5022 ’ἦν
2806 4950 3091 5022 ἄνθρωπος
3126 4949 3266 5020 ἔχων
3298 4946 3504 5016 πνεῦμα
3534 4942 3684 5009 δαιμο-

2170 5043 2284 5096 νίου
2326 5042 2659 5115 ἀκαθάρτου,
2694 5043 2788 5097 καὶ
2826 5041 3093 5115 ἀνέκραξε
3123 5043 3274 5112 φωνῇ
3315 5038 3543 5111 μεγάλη·
3588 5033 3681 5089 Ἔπη

2168 5135 2223 5188 τί
2255 5137 2387 5205 ἡμῖν
2428 5135 2523 5187 καὶ
2558 5134 2664 5198 σοὶ,
2711 5132 2885 5204 Ἰησοῦ
2928 5131 3257 5203 Ναζαρηνές
3288 5125 3447 5201 ἦλθες
3471 5122 3684 5179 ἀπολέσαι

2171 5231 2317 5299 ἡμᾶς
2338 5246 2352 5295 ;
2380 5225 2515 5283 Οἶδά
2547 5246 2605 5282 σε
2638 5228 2722 5293 τίς
2754 5223 2825 5290 εῑ,
2853 5228 2882 5280 6
2900 5227 3093 5294 ’Ἄγιος
3117 5224 3210 5277 τοῦ
3237 5221 3392 5278 Θεοῦ.
3417 5219 3517 5273 Καὶ
3539 5212 3680 5269 ἐπετί-

2177 5339 2350 5394 μησεν
2378 5321 2526 5393 αύτῷ
2557 5324 2586 5376 6
2631 5319 2861 5392 Ἰησοῦς,
2884 5319 3076 5387 λέγων·
3105 5315 3401 5389 Φιμώθητι,
3432 5311 3519 5367 καὶ
3543 5304 3682 5373 ἔξελθε

2172 5416 2267 5468 ἀπ’
2297 5416 2485 5471 αὑτοῦ.
2520 5415 2654 5469 Τότε
2698 5416 2793 5469 καὶ
2839 5412 3001 5486 ῥίψαν
3042 5410 3206 5467 αὑτὸν
3237 5409 3300 5463 τὸ
3348 5405 3596 5478 δαιμόνιον
3627 5399 3683 5457 εἰς

564 5560 648 5625 "I
673 5572 802 5643 Cor.
827 5587 917 5636 xv,
945 5571 1039 5627 25.
1108 5572 1125 5603 ¹
1152 5570 1340 5643 Matth.
1365 5587 1561 5643 ιιι-ιιι,
1586 5569 1680 5643 20.
1757 5574 1779 5605 ³
1799 5572 1959 5631 Joan.
1994 5591 2055 5643 ll,

2165 5619 2169 5632 .
2239 5578 2261 5607 ³
2296 5575 2487 5631 Matth.
2520 5592 2598 5639 tv,
2624 5576 2709 5633 l3.
2771 5576 2942 5634 ‘ibid.
2975 5577 3062 5632 17.
3129 5574 3151 5607 ⁵
3175 5571 3338 5627 Marc.
3368 5584 3406 5637 ι,
3434 5562 3682 5634 Νημεεῷ

496 5644 516 5670 ⁶
546 5644 678 5698 ibid.
703 5642 775 5697 24
797 5659 919 5713 seq.

570 5802 683 5874 (98)
729 5804 904 5862 Τοῦδε
927 5806 1145 5875 πάσας.
1181 5803 1320 5877 Lego
1347 5804 1519 5879 ἢούδὲ
1538 5805 1733 5870 πάσαςο

1024 5643 1044 5667 ⁷
1083 5643 1218 5697 ibid.
1245 5642 1306 5697 3t
1347 5658 1462 5713 seq.
1538 5640 1712 5721 {‘Luc.
1743 5660 1818 5712 ιν,
1855 5646 1925 5704 35
1945 5640 2062 5719 seq.
2139 5649 2159 5681 ⁹
2188 5646 2321 5704 Luc.
2357 5662 2423 5712 ιν,
2463 5648 2549 5715 58,
2585 5649 2674 5704 59.
