3766 6142
103 298 183 355 325

101 418 239 489 μέσον,
277 411 489 485 ἐξῆλθεν
533 413 628 466 ἀπ’
675 412 861 477 αὑτοῦ,
905 412 1070 485 μηδὲν
1109 412 1318 483 βλάψαν
1370 413 1552 467 αὐτόν.
1594 432 1614 461 ι
1652 420 1692 475 Α

100 509 180 564 Καὶ
202 505 323 577 μετά
349 504 516 559 ταῦτα
542 504 654 574 (99)
686 504 1023 573 ἀπαγγέλλει
1068 504 1143 569 ὼς
1176 504 1414 568 ἀναστάς
1447 506 1476 558 ὁ
1506 503 1620 557 Κύ-

98 618 184 676 ριος
220 599 315 653 ἀπὸ
352 600 448 669 τῆς
502 600 827 667 συναγωγῆς
881 597 1129 669 εἰσῆλθεν
1172 600 1252 662 είς
1293 598 1392 668 τὴν
1440 598 1619 652 οἰκίαν

97 694 310 765 Σίμωνος,
340 692 429 746 καὶ
461 693 794 763 ἐπιτιμήσας
839 690 915 762 τῷ
960 693 1019 745 ἐν
1058 693 1125 762 τῇ
1171 689 1406 761 πενθερᾷ
1450 689 1617 744 αὑτοῦ

97 782 271 855 πυρετῷ
333 782 643 854 ἀπήλλαξεν
705 783 875 856 αὐτὴν
944 783 1045 853 τῆς
1100 782 1278 837 νόσου·
1363 781 1482 854 μεθ’
1551 782 1619 853 ἢν

94 875 496 949 θιραπευθεῖσαν,
525 889 545 923 ί
573 874 802 940 Δύντος,
879 875 1014 948 φησὶ
1038 916 1052 941 ,
1107 875 1201 929 τοῦ
1260 875 1433 948 ἡλίου,
1483 874 1621 928 πάν-

91 984 160 1031 τες
180 967 277 1021 ὅσοι
305 962 443 1037 εἶχον
466 965 823 1033 ἀσθενοῦντας,
851 967 1026 1041 νόσοις
1057 968 1132 1038 (1)
1170 965 1462 1036 ποικίλαις,
1481 962 1615 1038 ἦγον

92 1059 249 1124 αὐτοὺς
295 1058 424 1129 πρὸς
479 1060 669 1114 αὑτόν·
723 1063 751 1114 ό
793 1061 850 1114 δέ
904 1062 985 1114 ἑνὶ
1031 1060 1246 1130 ἑκάστῳ
1292 1059 1470 1113 αὐτῶν
1518 1058 1617 1123 τὰς

90 1153 239 1225 χεῖρας
285 1151 482 1215 ἐπιθεὶς
521 1151 852 1224 ἐθεράπευεν
899 1153 974 1225 (2)
1024 1152 1239 1216 αὐτούς.
1295 1152 1616 1224 Ἐξήρχοντο

91 1240 135 1296 δὲ
162 1243 240 1295 καὶ
272 1241 512 1312 δαιμόνια
560 1242 667 1296 ἀπὸ
702 1243 911 1297 πολλῶν
957 1242 1364 1315 κραυγάζοντα,
1403 1242 1500 1296 καὶ
1530 1242 1617 1294 λέ-

96 1348 240 1399 γοντα,
265 1332 339 1385 δτι
375 1332 445 1386 Σὺ
483 1328 535 1385 εἴ
564 1335 593 1386 ό
626 1333 753 1396 Υἱὸς
780 1334 873 1387 τοῦ
907 1333 1062 1405 Θεοῦς
1094 1334 1189 1387 καὶ
1218 1331 1485 1404 ἐπιτιμῶν
1515 1331 1617 1385 οὐκ

93 1426 155 1480 εἷα
185 1425 305 1479 αὐτὰ
330 1426 528 1489 λαλεῖν,
561 1426 643 1479 ὅτι
671 1425 888 1498 ᾔδεισαν
920 1426 1155 1499 Χριστὸν
1187 1427 1348 1481 αὑτὸν
1391 1422 1552 1481 εἶναι.
1590 1444 1609 1479 ›

94 1517 237 1573 Ταῦτα
267 1519 316 1570 δὲ
346 1518 517 1570 πάντα
559 1517 685 1586 περὶ
717 1514 823 1568 τῶν
856 1517 912 1566 ἐν
953 1515 1327 1587 Καφαρναοὺμ
1362 1512 1438 1583 τῷ
1474 1515 1587 1566 Σω-

92 1608 190 1677 τῆρι
229 1607 508 1677 εἰρημένων
559 1606 651 1658 καὶ
689 1604 1086 1676 πεπραγμένων
1137 1604 1588 1674 παρεστήσαμεν,

93 1700 200 1769 ὑπὲρ
228 1697 309 1750 τοῦ
349 1696 561 1765 ἐλέγξαι
598 1696 695 1767 τὴν
743 1695 1112 1766 Ἡρακλέωνος
1150 1692 1469 1765 ἑρμηνείαν,
1507 1692 1596 1746 λέ-

1135 291 1491 347 (ῙΟΜΜΕΝΤ.
1522 290 1601 351 ,ΙΝ
1638 290 1833 348 JOAN.
1876 290 2117 351 TOMUS
2158 293 2226 352 Χ.

3181 295 3295 357 526

1724 412 1919 476 m0nis,
1950 422 2004 467 et
2048 428 2171 467 cum
2200 414 2539 483 increpasset
2570 412 2762 468 febrim
2807 412 2860 467 in
2897 427 3059 468 socru
3099 412 3292 484 ipsius,

1722 501 1974 558 liberavit
1996 517 2114 556 eam
2140 518 2168 555 a
2205 503 2413 558 morbo.
2443 502 2570 559 Post
2604 518 2766 573 quam
2802 504 3105 568 liberatam,
3141 523 3160 557 ι
3186 500 3294 561 0c-

1721 595 1957 655 cidenle,
1978 595 2155 664 inquit
2189 596 2255 663 ¹⁰,
2281 596 2396 652 sole
2425 610 2616 651 omnes
2635 596 2726 666 qui
2748 596 3017 652 habebant
3045 597 3294 653 intlrmos

1719 687 1889 745 variis
1924 688 2151 753 morbis,
2185 688 2458 743 ducebant
2498 688 2622 744 illos
2656 688 2722 743 ad
2765 704 2887 747 eum
2914 707 2927 741 :
2959 697 3014 743 at
3046 689 3133 743 ille
3176 690 3292 743 sin-

1719 778 1862 846 gulis
1891 793 2084 833 manus
2115 779 2399 846 imponens
2428 779 2652 834 sanabat
2686 793 2801 833 eos.
2837 778 3071 832 Exibant
3111 787 3292 833 autem

1720 870 1984 924 dmmonia
2024 886 2052 925 a
2107 871 2289 926 multis
2336 870 2655 938 clamantia,
2694 886 2758 925 ac
2804 868 3184 925 dicentiaz'l‘u
3233 883 3294 924 es

1720 961 1811 1016 ille
1846 962 2016 1017 Filius
2053 962 2186 1017 Dei:
2219 974 2272 1017 et
2308 963 2595 1033 increpans
2624 979 2731 1017 non
2772 963 2985 1018 sinebat
3012 978 3073 1016 ea
3123 962 3290 1034 loqui,

1718 1055 1862 1122 qnod
1894 1055 2139 1109 sciebant
2181 1054 2357 1124 ipsum
2406 1071 2528 1111 esse
2559 1055 2854 1111 Christum.
2889 1073 2908 1106 ι
2948 1055 3071 1108 llaec
3111 1062 3290 1106 autem

1717 1146 1901 1199 omnia
1932 1147 2214 1201 docuimus
2259 1163 2323 1201 cx
2355 1148 2441 1203 his
2470 1163 2590 1218 qua:
2624 1146 2883 1201 Servator
2907 1147 2990 1201 vel
3020 1145 3176 1213 dixit,
3206 1144 3294 1200 vel

1723 1234 1854 1290 fecit
1888 1236 1939 1290 in
1978 1236 2323 1306 Capharnao,
2362 1248 2422 1291 ut
2450 1238 2910 1307 redargueremus
2940 1237 3294 1293 Heraclconis

1720 1329 2251 1398 interpretationem,
2274 1333 2536 1389 dicentis:
2568 1351 2587 1386 ι
2617 1332 2771 1390 Hane
2797 1335 2866 1390 ob
2890 1350 3110 1389 causam
3134 1332 3293 1391 Jesus

1717 1420 1916 1475 dicitur
1950 1435 2123 1492 neque
2151 1421 2351 1478 fecisse
2381 1422 2583 1494 aliquid
2616 1424 2667 1478 in
2701 1438 2787 1492 ea,
2808 1433 2900 1479 aut
2926 1424 3138 1481 locutus
3155 1424 3287 1483 fuis-

1729 1530 1807 1568 se.
1846 1533 1864 1564 ›
1892 1512 1999 1567 Aut
2037 1513 2177 1566 enim
2222 1513 2678 1570 considerationes
2719 1517 2851 1571 duas
2889 1519 3008 1571 urbi
3049 1519 3292 1587 Caphar-

1727 1619 1890 1657 naum
1931 1603 2128 1657 tribuat
2163 1604 2322 1657 etiam
2362 1605 2493 1672 ipse,
2530 1615 2586 1660 et
2635 1606 2843 1671 doceat,
2884 1609 3291 1678 eLpersuadeat

1729 1695 2037 1764 qualesnam
2077 1695 2215 1760 sint;
2256 1705 2348 1749 aut
2391 1695 2493 1749 hoc
2523 1696 2697 1751 facere
2731 1713 2838 1751 non
2865 1699 3070 1759 valens.
3110 1701 3289 1755 dicere

92 1805 261 1858 γοντος·
303 1807 321 1839 ι
363 1788 462 1842 Διὰ
495 1787 656 1842 τοῦτο
690 1787 811 1841 οὑδέ
848 1785 1161 1858 πεποιηκώς
1197 1804 1249 1839 τι
1284 1785 1499 1854 λέγεται
1536 1785 1595 1837 ἐν

1747 1794 1907 1839 :esset
1943 1782 2279 1839 Servatorem
2314 1784 2511 1840 frustra
2554 1787 2607 1840 in
2647 1788 2879 1858 aliquem
2906 1789 3082 1843 locum
3124 1791 3288 1844 adve-

90 1880 223 1949 αὐτῇ,
255 1878 283 1949 ἢ
318 1877 644 1949 λελαληκώς.
695 1897 713 1929 ι
758 1879 829 1931 ’Ἡ
864 1876 972 1949 γὰρ
1008 1877 1101 1930 δύο
1136 1875 1375 1938 ἐπινοίας
1410 1875 1596 1930 διδότω

91 1971 161 2023 καὶ
204 1970 346 2034 αὐτὸς
390 1972 490 2041 τῆς
526 1969 934 2042 Καφαρναοὺμ,
973 1969 1067 2023 καὶ
1116 1967 1461 2041 παριστάτω,
1502 1967 1597 2021 καὶ

91 2061 283 2113 mortem
333 2060 488 2124 ποίας
520 2078 535 2092 ο
589 2060 623 2131 ἢ
684 2060 840 2114 τοῦτο
896 2061 1115 2130 ποιῆσαι
1176 2058 1250 2130 μὴ
1302 2058 1598 2129 δυνάμενος

90 2149 349 2217 ἀριστάσθω
403 2149 496 2202 τοῦ
561 2147 736 2217 λέγειν
806 2147 896 2201 τὸν
961 2147 1184 2217 Σωτῆρα
1248 2145 1423 2217 μάτην
1490 2143 1599 2197 τινὶ

89 2244 204 2313 τόπῳ
233 2242 301 2312 (3)
336 2240 809 2312 ἐπιδεδημηκέναι.
847 2239 956 2292 Καὶ
1006 2239 1168 2309 ἡμεῖς
1214 2236 1301 2303 δέ,
1351 2234 1485 2291 Θεοῦ
1520 2234 1603 2289 δι-

1730 1875 1894 1930 nisse.
1947 1878 2016 1930 At
2067 1891 2196 1941 nos,
2238 1876 2349 1931 Deo
2386 1876 2582 1941 dante,
2620 1895 2741 1934 cum
2779 1884 3185 1951 pervenerimus
3221 1884 3289 1940 ad

1731 1967 1875 2021 hunc
1914 1975 2146 2030 textum,
2185 1968 2501 2023 conabimur
2546 1971 2892 2027 manifestare
2941 1991 3051 2029 non
3087 1991 3289 2031 vanum

1729 2057 1894 2114 fuisse
1939 2059 2081 2115 illius
2129 2075 2442 2126 accessum,
2490 2062 2700 2117 etiamsi
2752 2080 2816 2118 ex
2854 2065 3082 2121 lectione
3118 2066 3289 2122 ferme

1730 2160 1984 2221 appareat
2018 2166 2144 2206 eum
2196 2150 2264 2206 ad
2309 2152 2485 2222 aliqua
2533 2153 2650 2209 loca
2695 2155 2995 2225 profectum
3030 2158 3168 2212 nihil
3205 2157 3291 2213 fe-

1732 2254 1891 2295 CISSC.

89 2337 246 2401 δόντος,
280 2337 555 2406 γενόμενοι
593 2334 731 2390 κατά
765 2334 835 2388 τά
867 2332 1091 2389 τοιαῦτα
1126 2333 1301 2403 χωρία
1336 2332 1437 2402 τῆς
1498 2333 1956 2403 συναναγνώσεως
1990 2336 2123 2390 ὅπου
2158 2336 2305 2402 δόξαι
2345 2337 2509 2410 μηδὲν
2545 2338 2622 2410 (4)
2659 2340 2913 2411 ὴνυκέναι
2949 2342 3291 2416 ἐπιδημήσας

90 2427 264 2496 χωρίοις
296 2426 418 2490 τισὶ,
459 2423 835 2495 πειρασόμεθα
868 2424 929 2477 τὺ
968 2422 1041 2494 μὴ
1082 2422 1308 2492 μάταιον
1343 2421 1442 2491 τῆς
1505 2420 1803 2495 ἐπιδημίας
1838 2427 2001 2480 αὑτοῦ
2038 2427 2331 2500 τρανῶσαι.

144 2514 212 2568 10.
251 2513 360 2567 Ἔτι
394 2502 448 2569 δέ
484 2518 513 2568 ό
553 2514 856 2577 Ματθαῖος,
898 2512 1227 2575 εἰσελθόντος
1261 2510 1356 2565 τοῦ
1394 2512 1600 2582 Κυρίου

90 2608 151 2670 εἰς
178 2606 259 2679 τὴν
291 2608 695 2679 Καφαρναοὺμ,
738 2607 870 2678 φησὶ
904 2606 994 2659 τὸν
1029 2604 1417 2675 ἑκατόνταρχον
1453 2600 1602 2672 αὐτῷ

88 2704 511 2773 προσεληλυθέναι,
550 2705 797 2774 λέγοντα·
836 2725 854 2757 ι
892 2707 948 2760 '0
976 2709 1105 2770 παῖς
1135 2725 1236 2778 μου
1273 2707 1529 2779 βέϐληται
1559 2706 1619 2760 ἐν

85 2797 135 2864 τῇ
171 2798 294 2868 οίκίᾳ
324 2799 713 2868 παραλυτικὸς,
756 2798 944 2862 δεινῶς
985 2798 1426 2871 βασανιζόμενος,
1461 2820 1480 2853 ι
1524 2800 1617 2855 καὶ

86 2887 329 2957 hang,“
360 2892 474 2961 μεθ’
510 2891 676 2963 ἕτερα
707 2892 973 2963 εἰρημένα
1016 2891 1094 2963 τῷ
1132 2893 1323 2965 Κυρίῳ
1363 2894 1490 2964 περὶ
1517 2894 1617 2946 αὺ-
1640 2931 1683 2988 C

84 2979 153 3032 τοῦ
175 2982 238 3050 (5)
261 2983 335 3035 τόο
380 3002 399 3036 ι
438 2984 685 3053 Ὕπαγε,
730 2986 824 3042 καὶ
864 2985 941 3049 ὡς
976 2984 1303 3049 ἐπίστευσας
1327 2984 1612 3057 γενηθήτω

85 3087 163 3125 σοι·
189 3093 206 3125 ι
228 3075 399 3129 καὶτὰ
437 3094 507 3130 πε
518 3077 574 3147 ρὶ
603 3078 702 3148 τῆς
726 3076 818 3130 τοῦ
838 3077 1046 3150 Πέτρου
1077 3078 1155 3149 (6)
1181 3077 1447 3150 πενθερᾶς
1473 3077 1613 3149 σύμ·

83 3182 202 3231 φωνα
221 3170 319 3230 τοῖς
338 3168 521 3233 ἄλλοις
543 3168 665 3223 δυσὶ
693 3170 788 3223 καὶ
814 3169 975 3233 αὐτὸς
1006 3168 1366 3241 παρέστησεν.
1417 3168 1615 3239 Ἡγοῦ-

85 3274 160 3326 tut
192 3260 242 3312 δέ
268 3256 398 3316 εἶναι
439 3260 747 3332 φιλότιμον,
797 3262 892 3314 καὶ
934 3260 1144 3333 πρέπον
1185 3260 1266 3333 τῷ
1295 3262 1354 3314 ἐν
1394 3261 1615 3334 Χριστῷ

83 3347 326 3420 φιλομαθεῖ
361 3355 694 3423 συναγαγεῖν
730 3352 804 3422 (7)
835 3353 944 3406 ἀπὸ
975 3352 1084 3406 τῶν
1116 3351 1399 3425 τεσσάρων
1434 3353 1615 3422 Εὐαγ-

81 3442 238 3511 γελίων
270 3446 437 3499 πάντα
467 3447 537 3501 τά
559 3445 692 3517 περὶ
718 3445 818 3516 τῆς
854 3446 1235 3518 Καφαρναοὺμ
1260 3447 1614 3517 ἀναγεγραμ-

84 3535 209 3604 μένα,
228 3537 314 3591 καὶ
336 3540 460 3603 τοὺς
487 3541 548 3592 ἐν
572 3538 709 3609 αὐτῇ
742 3537 952 3607 λόγους,
976 3537 1070 3591 καὶ
1094 3537 1232 3610 ἔργα
1256 3538 1351 3591 τοῦ
1382 3537 1611 3610 Κυρίου,
1644 3586 1649 3589 .

80 3626 154 3678 καὶ
178 3629 346 3693 ὁσάκις
374 3633 450 3694 είς
491 3629 665 3701 αὐτὴν
698 3630 1087 3703 ἐπιδεδήμηκε,
1125 3630 1223 3684 καὶ
1257 3628 1333 3694 ὥς
1374 3647 1505 3684 ποτε
1534 3630 1611 3703 (8)

82 3719 160 3790 μὲν
191 3721 389 3788 λέγεται
417 3723 858 3795 καταδεᾶηκέναι
880 3726 961 3787 εἰς
993 3724 1184 3796 αὐτὴν,
1212 3722 1344 3777 ποτὲ
1379 3723 1436 3777 δὲ
1469 3726 1612 3777 εἰσε-

80 3811 337 3882 ληλυθέναι,
377 3818 473 3871 καὶ
528 3815 724 3870 πόθεν
753 3815 924 3871 ταῦτα
975 3817 1085 3886 γὰρ
1129 3816 1377 3888 ἀλλήλοις
1426 3834 1613 3870 συντε-

78 3904 208 3960 θέντα
242 3907 335 3962 οὐκ
382 3910 534 3965 ἐάσει
573 3910 720 3980 ἡμᾶς
761 3908 1038 3962 διαπεσεῖν
1079 3909 1158 3973 είς
1202 3910 1302 3980 τὴν
1335 3907 1464 3980 περὶ
1513 3908 1612 3979 τῆς

80 4001 412 4077 Καφαρναοὺμ
452 4002 707 4076 ἐκδοχὴν.
756 4000 904 4071 Πλὴν
953 4003 1002 4053 εί
1037 4000 1132 4054 καὶ
1170 4000 1451 4065 νοσοῦντες
1493 4001 1612 4054 ἐκεῖ

79 4092 442 4164 θεραπεύονται,
477 4098 576 4151 καὶ
609 4096 765 4150 ἄλλαι
792 4092 1052 4166 δυνάμεις
1099 4094 1216 4145 ἐκεῖ
1252 4092 1512 4162 γίνονται,
1550 4091 1610 4145 τό

77 4200 121 4236 τε
148 4188 434 4259 κηρύσσειν,
469 4208 487 4241 ι
523 4188 841 4258 Ἰιγγικενή
875 4182 1118 4258 βασιλεία
1144 4182 1253 4237 τῶν
1284 4182 1547 4255 οὐρανῶν,
1583 4202 1602 4234 ι

1806 2517 1892 2572 lo.
1923 2518 2189 2574 Praeterea
2215 2535 2343 2574 vero
2367 2519 2667 2585 Matthzeus,
2702 2522 3036 2595 ingrediente
3062 2527 3293 2582 Domino

1732 2608 1788 2661 in
1822 2607 2195 2678 Capharnaum
2216 2651 2232 2677 ,
2275 2611 2448 2680 inquit
2490 2615 2859 2671 centurionem
2893 2619 2958 2673 ad
2993 2619 3167 2675 iosum
3197 2634 3294 2675 ac-

1716 2707 1947 2764 cessisse
1976 2707 2241 2762 dicentem
2270 2723 2286 2764 :
2322 2726 2341 2759 ι
2370 2706 2629 2766 Famulus
2659 2725 2813 2767 meus
2840 2717 3115 2772 decumbit
3148 2718 3297 2775 domi

1717 2798 2071 2868 paralyticus,
2101 2812 2165 2852 ac
2219 2798 2461 2868 graviter
2510 2799 2874 2855 dlscruciatur
2902 2801 3017 2856 “.s
3069 2812 3128 2859 et
3172 2812 3295 2873 post

1718 2890 1823 2946 alia
1854 2907 1972 2961 quae
2006 2890 2267 2945 Dominus
2311 2892 2378 2946 de
2417 2891 2538 2961 ipso
2566 2894 2732 2958 dicit,
2766 2894 2987 2951 audisse
3015 2912 3029 2947 :
3067 2912 3088 2948 ι
3120 2894 3289 2959 Vade,

1715 2994 1771 3039 et
1794 2984 1936 3039 sicut
1983 2979 2284 3045 credidisti,
2337 2981 2430 3037 liat
2459 2983 2552 3039 tibi
2579 2986 2650 3051 ¹²;
2681 3004 2701 3036 ι
2731 2996 2786 3040 et
2828 2986 2896 3040 dc
2927 2984 3074 3039 Petri
3127 2999 3290 3041 socru

1718 3090 1956 3131 consona
1984 3074 2103 3130 aliis
2128 3076 2335 3131 duobus
2364 3077 2529 3132 etiam
2559 3077 2674 3147 ipse
2708 3077 2909 3132 docuit.
2934 3074 3170 3133 Proinde
3193 3078 3293 3134 bo-

1718 3168 2004 3226 noriﬂcum
2066 3179 2120 3227 et
2158 3171 2362 3229 Christi
2423 3174 2674 3230 studioso
2732 3176 2995 3230 decorum
3046 3176 3291 3232 arbitror

1714 3277 1857 3330 esse,
1893 3263 2149 3335 colligere
2178 3278 2247 3319 ex
2276 3274 2511 3334 quatuor
2536 3267 2843 3337 Evangeliis
2870 3282 3052 3323 omnia
3081 3283 3201 3337 qua:
3220 3268 3291 3324 de

1713 3351 2035 3424 Capharnao
2062 3364 2189 3410 sunt
2216 3355 2444 3425 scripta,
2469 3372 2866 3428 sermonesque
2888 3359 3020 3414 inea
3048 3359 3288 3425 habitos,

1714 3453 1770 3500 et
1792 3458 1956 3512 opera
1984 3445 2224 3512 Domini,
2254 3456 2311 3501 et
2329 3448 2544 3517 quoties
2571 3451 2639 3505 ad
2663 3448 2835 3518 ipsam
2862 3451 3116 3516 accessit,
3147 3460 3202 3508 et
3227 3460 3289 3508 ut

1714 3535 2008 3607 aliquando
2032 3536 2250 3608 quidem
2281 3530 2629 3615 descendisse
2665 3541 2823 3611 1⁵12
2854 3542 2922 3597 ad
2953 3543 3125 3613 ipsam
3153 3542 3290 3599 dici-

1714 3638 1822 3694 tur,
1861 3629 2153 3699 aliquando
2183 3645 2315 3686 vero
2347 3633 2621 3703 ingressus
2651 3633 2852 3701 fuisse;
2876 3641 2932 3688 et
2962 3633 3124 3689 unde.
3157 3632 3286 3691 Haec

1714 3721 1861 3776 enim
1895 3722 2041 3777 inter
2086 3736 2145 3778 se
2181 3722 2380 3778 collata
2427 3739 2531 3778 non
2577 3725 2761 3781 sinent
2799 3740 2899 3781 nos
2933 3727 3190 3783 aberrare
3232 3728 3285 3783 in

1714 3813 1800 3868 his
1834 3828 1953 3884 quae
1987 3816 2055 3870 ad
2093 3814 2509 3884 intelligentiam
2542 3817 2782 3895 civitatis
2821 3817 3125 3887 Capharnai
3163 3834 3292 3890 per-

1714 3904 1911 3959 tinent.
1951 3904 2221 3962 Caeterum
2252 3907 2464 3961 etiamsi
2503 3917 2836 3978 aegretantes
2863 3908 2971 3963 illic
2998 3914 3285 3973 curentur;

1712 4004 1771 4050 et
1797 3996 1917 4050 alite
1963 3997 2194 4054 virtutes
2225 3997 2335 4052 illic
2365 3996 2518 4062 ﬁant,
2551 3997 2677 4053 inde
2716 4005 2897 4053 tamen
2951 3997 3145 4068 incipit
3176 3997 3286 4051 Do-

1714 4086 1891 4142 minus
1904 4089 2224 4157 praedicare,
2243 4089 2386 4158 quod
2410 4106 2428 4140 ι
2452 4088 2618 4143 instat
2635 4103 2857 4156 regnum
2880 4089 3142 4144 ctelorum
3167 4088 3229 4144 ¹³;
3257 4106 3280 4142 ι

1714 4179 1767 4233 id
1797 4181 1939 4249 quod
1965 4180 2181 4237 videtur
2203 4181 2415 4251 signum
2449 4195 2592 4247 esse,
2614 4191 2670 4235 ut
2694 4182 2963 4251 principio
2991 4182 3283 4270 subosten-

77 4275 250 4330 ἐκεῖθεν
270 4278 510 4350 ἄρχεται,
551 4278 727 4332 ἔοικεν
761 4273 899 4331 εἶναι
932 4274 1217 4348 σύμϐολον,
1243 4275 1318 4339 ὡς
1346 4274 1488 4328 κατὰ
1513 4275 1610 4339 τὰς

1754 4272 1915 4337 imus,
1937 4272 2037 4327 loci
2068 4272 2343 4342 cujusdam
2370 4273 2696 4338 bumilioris,
2716 4276 2807 4344 qui
2832 4273 3065 4329 fortasse
3090 4288 3287 4330 conso-

76 4369 220 4440 ἀρχὰς
257 4374 608 4445 ὑπεδείξαμεν
655 4374 750 4444 (9),
778 4371 1163 4443 ὑποδεεστέρου
1198 4369 1343 4432 τινὸς
1383 4368 1606 4442 χωρίου,

78 4465 427 4536 παρακλήσεως
467 4468 612 4537 τάχα
652 4465 740 4518 διὰ
771 4465 863 4517 τὸν
908 4463 1118 4534 Ἰησοῦν
1143 4461 1453 4533 γινομένου,
1506 4478 1611 4514 πα-

81 4555 409 4623 ρακαλέσαντα
453 4560 540 4628 ἐφ’
590 4554 672 4620 οἷς
712 4556 935 4621 ἐδίδαξε,
991 4557 1086 4609 καὶ
1140 4553 1438 4624 πεποίηκεν
1496 4554 1613 4606 ἐκεῖ

77 4640 151 4693 τοῦ
177 4642 323 4697 τόπου
365 4647 584 4715 χωρίου
630 4644 1100 4714 παρακλήσεως·
1148 4644 1304 4715 ἴσμεν
1361 4643 1481 4715 γὰρ·
1514 4644 1612 4697 καὶ

80 4731 225 4786 τόπων
252 4735 481 4807 ὀνόματα
521 4737 784 4806 ἐπώνυμα
822 4734 1300 4805 τυγχάνοντα.τοῖς
1335 4731 1478 4785 κατὰ
1519 4731 1610 4784 τὸν

90 4821 261 4894 Ἰησοῦν
287 4828 602 4900 πράγμασιν
621 4845 636 4858 ο
679 4828 869 4898 ὥσπερ
893 4826 964 4880 τὰ
1008 4826 1274 4898 Γέργεσα,
1312 4823 1441 4879 ἔνθα
1473 4839 1613 4895 παρ-

138 5010 175 5043 ¹⁸
201 5010 320 5069 Luc.
353 5031 427 5083 tv,
462 5015 567 5081 40,
596 5015 690 5069 All.
768 5013 812 5045 “
842 5012 1033 5068 Matth.
1067 5026 1186 5074 vm.
1218 5009 1274 5066 6.
1350 5010 1392 5042 ¹²
1427 5009 1558 5065 ibid.
1590 5011 1679 5068 l5.

133 5124 232 5246 (99)
257 5130 359 5183 Kal
386 5129 538 5212 μετὰ
573 5128 780 5210 ταῦτα.
799 5126 861 5182 In
900 5125 1072 5198 Regio
1098 5126 1284 5181 codice
1305 5124 1458 5181 deest
1489 5124 1605 5192 καί,

85 5206 132 5245 se
191 5198 400 5246 habetur
436 5217 488 5246 tn
520 5198 838 5246 Bodleiano.

191 5198 400 5252 habetur
436 5202 488 5253 in
520 5198 838 5254 Bodleiano.

138 5262 201 5332 (l)
231 5270 397 5322 Codex
423 5269 770 5332 Bodleianus,
798 5267 1045 5331 ἀσθενεῖς
1076 5268 1134 5320 ἑν
1165 5266 1358 5331 νόσοις.

138 5333 201 5404 (2)
221 5336 387 5394 Codex
417 5338 763 5405 Bodleianus,
794 5336 1146 5410 ἐθεράπευεν,
1183 5337 1386 5410 Regius
1408 5335 1607 5409 ἐθερά-

82 5416 267 5460 πευσεν.

142 5476 208 5551 (ξ)
237 5477 405 5551 Cptiex
427 5478 775 5551 Bodleianus,
800 5478 1084 5551 1&7176mg).

139 5545 206 5622 μ)
246 5546 419 5622 Codex
464 5545 813 5622 Bodleianns,
851 5545 957 5622 ’τῆς
1001 5545 1454 5618 συναναγνώσεὼς
1503 5565 1608 5603 που

82 5610 282 5695 δθξᾲῗῃξ
308 5619 476 5695 μηδὲν-
503 5610 868 5695 ἂνλὴνυκέναι.

142 5688 376 5754 ιΞ›)Περὶ“
413 5688 627 5745 αὑτοῦ(
674 5692 766 5747 Sic
818 5690 985 5748 codex
1036 5688 1361 5747 Bodleianus
1420 5697 1608 5758 recte;

83 5749 258 5821 Regi—us
281 5749 405 5827 παρ’
434 5760 613 5816 αὑτοῦ.

1712 4362 1935 4419 lationis
1966 4365 2119 4420 locus
2152 4363 2383 4419 efﬁcitur
2409 4378 2527 4435 .per
2554 4362 2740 4421 Jesum
2768 4366 2993 4419 dantem
3029 4365 3105 4419 illi
3137 4364 3283 4420 sola-

1716 4471 1839 4511 men
1872 4471 1938 4511 ex
1979 4456 2064 4510 his
2095 4471 2215 4526 quae
2246 4458 2356 4513 illic
2394 4457 2580 4514 docuit
2602 4470 2657 4512 et
2684 4457 2811 4513 fecit
2841 4460 2896 4511 in
2934 4457 3054 4513 loco
3081 4457 3172 4528 qui
3201 4467 3287 4513 est

1714 4546 2091 4601 consolationis
2126 4564 2250 4617 ager
2273 4563 2293 4602 :
2326 4548 2532 4604 scimus
2554 4547 2697 4602 enim
2727 4549 2893 4602 etiam
2919 4547 3164 4605 locorum
3189 4563 3287 4604 uo-

1716 4639 1858 4693 mina
1895 4639 2136 4710 ejusdem
2171 4641 2407 4697 nominis
2448 4654 2570 4696 esse
2616 4656 2740 4696 cum
2788 4641 2952 4695 rebus
2977 4655 3073 4709 per
3101 4638 3284 4697 Iesum

1715 4728 1914 4797 factis;
1946 4733 2401 4801 quemadmodum
2445 4731 2685 4803 Gergesa
2729 4733 2881 4796 urbs,
2913 4731 3002 4787 ubi
3053 4748 3285 4804 rogave-

1718 4830 1846 4877 runt
1891 4838 2014 4878 eum
2051 4824 2298 4882 locorum
2329 4826 2547 4882 illorum
2577 4828 2727 4882 cives
2790 4835 2847 4880 ut
2876 4841 2907 4882 e
2941 4826 3139 4884 ﬁnibus
3171 4829 3287 4885 suis

1755 5009 1800 5042 ¹³
1832 5009 2024 5065 Matth.
2052 5024 2130 5077 tv,
2164 5009 2253 5064 17.

1905 5127 2014 5181 Τοῦ
2032 5124 2465 5212 έκψουώωει
2495 5125 2549 5180 in
2591 5126 2778 5212 codice
2824 5125 3013 5212 Regio,
3050 5125 3144 5181 sed
3191 5141 3283 5212 re-

1712 5197 2004 5269 stituiture
2028 5197 2342 5269 Bodleiano,
2373 5197 2462 5269 ubi
2488 5212 2610 5269 mox
2636 5197 2829 5266 legitur
2863 5197 3150 5269 σύμφωνα,
3174 5211 3285 5254 non

1714 5267 2041 5339 συμφώνως,
2066 5268 2143 5319 uti
2178 5265 2339 5339 h_abe_t
2368 5268 2540 5339 codex
2569 5265 2789 5339 Regius.

1785 5334 1864 5410 (ἶ)
1886 5336 2273 5407 Συναγυγεῖν.
2308 5334 2385 5391 lta
2413 5338 2584 5392 codex
2628 5334 2989 5410 Bodleianus;
3048 5335 3280 5408 Regius,

2027 5490 2191 5533 ποτε.
2226 5476 2319 5535 Sic
2370 5477 2538 5534 codex
2588 5477 2945 5544 Bodleianus;
2992 5476 3047 5531 in
3106 5473 3283 5549 Regio

1720 5688 2116 5763 ὑπεδεξάμεθα.
