3766 6142
360 308 466 368 315

1798 325 2119 384 ORIGENIS

3490 333 3602 389 316

362 437 444 484 tes
473 428 760 499 scripsisse
786 432 1096 503 Evangelia.
1132 436 1296 494 Verbi
1331 440 1534 509 gratia:
1573 442 1770 498 Verum
1820 455 1912 509 est,

2068 464 2091 497 κ
2119 446 2300 499 Δαυῖδ.
2341 446 2560 519 Ἀληθές
2593 446 2690 517 μὲν
2721 448 2829 519 γὰρ
2856 447 2937 510 τὸ,
2976 451 3194 517 γέγονεν
3225 449 3290 501 ὲκ
3313 447 3475 502 Δαυῖδ
3499 451 3605 519 (ὡς

359 521 503 589 quod
534 521 601 575 ad
630 531 833 577 textum
857 527 1067 590 attinet,
1091 531 1367 585 contraria
1397 532 1580 589 dicere
1606 534 1672 589 de
1696 535 1925 593 Domino

358 621 568 681 nostro,
619 628 812 686 nempe
861 632 985 672 eum
1029 623 1270 690 genitum
1297 639 1362 677 ex
1394 625 1581 690 David,
1610 636 1664 682 et
1696 644 1802 682 non
1838 644 1929 699 ge-

359 702 530 758 nitum
558 719 622 758 ex
652 707 837 761 David.
879 707 1074 764 Verum
1129 714 1330 768 etenim
1375 726 1459 770 est
1496 719 1734 785 genitum
1763 721 1928 778 fuisse

357 808 431 848 ex
462 795 626 851 David
669 797 754 866 (ut
791 800 953 854 etiam
981 803 1270 872 Apostolus
1317 807 1592 876 inquit":
1631 828 1650 863 ι
1682 812 1927 879 genitum

360 902 430 943 ex
464 891 670 947 semine
699 893 868 949 David
897 899 1192 952 secundum
1231 901 1470 973 carnem)
1498 944 1513 967 ,
1554 905 1599 958 si
1637 907 1702 960 ad
1733 921 1928 977 corpus

360 979 530 1048 ipsius
573 982 904 1052 referamus;
940 987 1132 1043 falsum
1175 1001 1355 1048 autem
1388 992 1491 1050 hoc
1531 994 1707 1065 ipsum
1739 1008 1844 1065 est,
1882 1000 1928 1053 si

358 1071 428 1126 de
464 1075 731 1132 diviniore
791 1077 959 1147 ipsius
1016 1082 1254 1150 polentia
1314 1085 1741 1144 intellexerimus
1801 1106 1925 1147 eum

359 1164 600 1233 genitum
638 1166 804 1224 fuisse
835 1184 902 1225 ex
937 1173 1141 1227 semine
1171 1174 1359 1230 David.
1409 1176 1725 1235 Declaratus
1765 1196 1923 1235 nam—

358 1266 465 1322 que
519 1255 687 1314 Filius
734 1260 827 1315 Dei
881 1261 982 1317 fuit
1021 1278 1143 1318 cum
1174 1269 1411 1335 polentia
1458 1269 1525 1323 ".
1559 1270 1627 1325 Et
1678 1272 1929 1328 fortassis

357 1345 502 1404 hanc
554 1350 623 1406 ob
678 1366 896 1408 causam
924 1364 1123 1411 sanctae
1151 1362 1446 1428 prophetiae
1483 1361 1770 1431 aliquoties
1798 1380 1923 1418 eum

357 1449 608 1508 servum,
638 1440 922 1513 aliquoties
960 1455 1140 1502 autem
1191 1464 1315 1506 eum
1348 1450 1546 1507 Filium
1593 1456 1927 1524 praedicant;

359 1542 581 1585 servum
611 1534 828 1604 quidem
860 1548 1080 1607 propter
1125 1543 1269 1596 servi
1306 1543 1576 1609 formam,
1616 1554 1671 1601 et
1699 1546 1824 1616 quia
1860 1562 1928 1603 ex

361 1618 599 1689 Davide;
647 1624 845 1682 Filium
872 1644 1002 1684 vero
1039 1631 1133 1686 Dei
1184 1644 1408 1704 propter
1432 1638 1730 1706 potentiam
1772 1653 1926 1694 suam

2027 537 2170 591 καὶὸ
2210 536 2528 601 Ἀπόστολός
2559 554 2709 609 φησι·
2748 558 2767 589 ι
2809 537 2902 591 τοῦ
2935 540 3222 608 γενομένου
3251 542 3310 592 ἐκ
3345 540 3599 610 σπέρμα-

2024 645 2115 693 τος
2136 628 2295 683 Δαυῖδ
2319 632 2457 684 κατά
2486 631 2661 701 σάρκα
2698 631 2766 701 ι),
2793 632 2842 683 εἰ
2873 631 2934 683 τὸ
2970 630 3275 702 σωματικὸν
3314 631 3475 683 αὐτοῦ
3503 632 3606 683 ἐκ·

2028 721 2295 793 λάϐομεν·
2317 723 2508 793 ψευδὲς
2536 723 2591 776 δὲ
2614 724 2746 778 αὐτὸ
2771 722 2949 789 τοῦτο,
2991 726 3038 776 εί
3071 725 3160 777 ἐπὶ
3186 724 3288 793 τῆς
3320 722 3605 795 θειοτέρας

2024 814 2303 886 δυνάμεως
2334 814 2601 886 ἀκούομεν
2638 816 2699 868 τὸ
2736 816 3015 883 γεγονέναι
3057 814 3216 868 αὑτὸν
3248 817 3310 866 ἐκ
3344 814 3603 885 σπέρμα-

2024 923 2114 969 τος
2148 906 2327 959 Δαυῒδ·
2362 907 2566 978 ὡρίσθη
2607 908 2714 978 γὰρ
2751 907 2879 970 Υἱὸς
2922 905 3056 959 Θεοῦ
3106 909 3163 959 ἐν
3192 905 3434 976 δυνάμει.
3489 906 3608 959 Καὶ

2023 997 2163 1068 τάχα
2183 998 2270 1052 διὰ
2293 997 2449 1052 τοῦτο
2469 1000 2525 1052 αἱ
2555 999 2705 1067 ἅγιαι
2742 1001 3066 1071 προφητεῖαί
3098 998 3230 1051 ὅπου
3268 998 3363 1068 μὲν
3390 996 3605 1061 δοῦλον,

2025 1090 2158 1143 ὅπου
2188 1089 2245 1142 δὲ
2277 1090 2402 1144 Υίὸν
2428 1091 2588 1144 αὑτὸν
2622 1090 3032 1163 ἀναγορεύουσι*
3060 1089 3243 1143 δοῦλον
3272 1090 3370 1160 μὲν
3396 1089 3483 1143 διὰ
3500 1090 3607 1161 τὴν

2025 1180 2212 1235 δούλου
2237 1184 2469 1254 μορφὴν,
2491 1184 2585 1236 καὶ
2624 1183 2714 1236 τὸν
2736 1185 2801 1236 ἐκ
2831 1182 3143 1254 σπέρματος
3173 1181 3354 1236 Δαυῖδ·
3387 1183 3517 1236 Υίὸν
3545 1182 3612 1235 δὲ

2025 1271 2160 1325 Θεοῦ
2178 1273 2319 1327 κατὰ
2337 1274 2447 1344 (77)
2474 1273 2570 1345 τὴν
2596 1274 2938 1345 πρωτότοκον
2956 1274 3121 1328 αὑτοῦ
3150 1274 3396 1346 δύναμινο
3427 1274 3608 1338 οὖτω<⁵

2027 1363 2186 1419 αὐτὸν
2240 1364 2437 1435 ἀληθὲς
2480 1367 2652 1419 εἰπεῖν
2684 1355 2987 1438 ἄνθρωπον,
3018 1366 3111 1421 καὶ
3158 1367 3257 1420 οὐκ
3290 1365 3609 1439 ἄνθρωπον·

2027 1455 2311 1527 ἄνθρωπον
2347 1458 2486 1511 κατά
2528 1459 2589 1511 τὸ
2617 1459 2847 1513 θανάτου
2872 1459 3136 1513 δεκτικόν·
3165 1460 3266 1512 οὐκ
3308 1458 3606 1528 ἄνθρωπον

2026 1544 2084 1597 δὲ
2120 1545 2264 1599 κατὰ
2302 1547 2366 1599 τὸ
2414 1546 2698 1618 ἀνθρώπου
2732 1547 3022 1621 θειότερον.
3077 1547 3218 1617 Ἐγὼ
3245 1548 3290 1601 δ’
3314 1543 3469 1619 οἶμαι
3500 1548 3609 1601 καὶ

2024 1636 2117 1691 τὸν
2160 1636 2462 1708 Μαρκίωνα
2506 1637 2616 1708 (78)
2663 1638 3134 1711 παρεκδεξάμενον
3168 1641 3342 1707 ὑγιεῖς
3383 1638 3611 1708 λόγους,

359 1712 810 1785 primogenitam:
841 1720 921 1777 sic
953 1738 1139 1779 verum
1169 1735 1252 1782 est
1276 1728 1458 1783 dicere
1495 1744 1617 1785 eum
1652 1730 1912 1789 hominen

2068 1727 2323 1782 θετοῦντα
2376 1729 2539 1782 αὐτοῦ
2577 1728 2675 1801 τὴν
2708 1732 2773 1784 ἐκ
2804 1731 3021 1804 Μαρίας
3046 1732 3279 1802 γένεσιν,
3333 1731 3475 1786 κατά
3503 1731 3616 1805 τὴν

362 1817 418 1860 et
448 1820 560 1863 non
590 1808 891 1865 hominem:
928 1813 1200 1869 hominem
1230 1816 1479 1886 quidem,
1511 1829 1741 1890 propter
1795 1823 1912 1879 illuc

2068 1817 2179 1872 είαν
2200 1818 2362 1872 αὐτοῦ
2385 1819 2544 1890 φύσιν
2563 1802 2963 1890 ἀποφήνασθαι,
2982 1821 3058 1886 ὡς
3078 1820 3186 1893 ἄρα
3212 1823 3313 1875 οὐκ
3339 1802 3613 1893 ἐγεννήθη

355 1901 498 1967 quod
535 1901 723 1956 mortis
759 1912 844 1958 est
890 1918 1100 1974 capax;
1149 1918 1409 1964 caeterum
1458 1926 1565 1966 non
1621 1912 1924 1982 hominem,

355 1997 578 2060 propter
604 1991 737 2049 illud
775 1997 921 2066 quod
951 1997 1170 2054 homine
1193 2008 1277 2056 est
1305 2000 1561 2059 divinius.
1595 2003 1709 2076 Ego
1743 2017 1923 2063 autem

357 2080 594 2138 arbitror
630 2085 793 2141 etiam
854 2087 1183 2147 Marcionem
1224 2103 1570 2163 respuentem
1621 2098 1925 2154 doctrinam

353 2183 564 2240 sanam,
594 2182 650 2229 et
679 2176 1010 2247 rejicientem
1039 2181 1208 2250 ipsius
1228 2198 1293 2238 ex
1316 2183 1485 2240 Maria
1512 2198 1713 2260 ortum,
1751 2203 1928 2246 enun-

355 2259 523 2318 tiasse
549 2276 670 2319 eum
698 2266 853 2336 juxta
882 2269 1122 2327 divinam
1150 2283 1400 2330 naturam
1432 2278 1675 2345 genitum
1703 2259 1772 2338 ex
1804 2281 1923 2338 Ma-

356 2354 434 2409 ria
471 2370 577 2411 non
603 2356 805 2427 fuisse,
854 2368 911 2417 et
961 2363 1101 2419 hanc
1135 2366 1204 2420 ob
1250 2381 1469 2423 causam
1520 2384 1713 2427 ausum
1758 2372 1925 2433 fuisse

354 2443 536 2499 delere
567 2445 668 2502 hos
698 2447 844 2506 locos
871 2465 939 2507 ex
967 2451 1284 2525 Evangelio;
1328 2459 1416 2514 cui
1447 2460 1629 2517 simile
1662 2463 1921 2532 quiddam

354 2535 503 2604 passi
536 2535 705 2592 fuisse
739 2539 793 2594 hi
831 2540 1083 2597 videntur
1103 2545 1192 2614 qui
1220 2545 1367 2602 illius
1397 2547 1790 2608 humanitatem
1822 2556 1921 2609 tol-

352 2622 502 2692 lunt,
555 2627 727 2683 solam
776 2628 923 2687 illius
950 2632 1290 2691 divinitatem
1333 2640 1707 2710 admittentes,
1761 2646 1923 2719 166

349 2725 518 2787 atque
540 2719 625 2774 his
651 2724 936 2789 contrarii,
960 2726 1052 2795 qui
1083 2726 1423 2783 divinitatem
1450 2732 1565 2801 ejus
1607 2734 1919 2803 obliterauit,

351 2809 628 2865 hominem
673 2828 793 2868 eum
832 2815 1112 2872 hominum
1161 2821 1405 2876 omnium
1457 2824 1820 2892 justissimum
1869 2837 1924 2885 et

350 2904 760 2962 sanctissimum
792 2907 946 2967 fassi.
990 2911 1128 2978 Quin
1165 2913 1255 2984 qui
1315 2916 1666 2973 introducunt
1711 2922 1922 2991 opinio-

348 3012 474 3051 nem
506 3001 631 3068 quia
666 3016 770 3056 non
810 3002 1177 3061 intellexerint
1217 3023 1342 3062 eum
1386 3011 1476 3079 qui
1525 3030 1545 3063 ι
1578 3013 1816 3081 seipsurn
1851 3018 1919 3071 ad

2027 1908 2093 1961 ἐκ
2121 1907 2360 1980 Μαρίας,
2395 1909 2489 1963 καὶ
2526 1908 2614 1963 διά
2642 1910 2799 1964 τοῦτο
2825 1911 3215 1985 τετολμηκέναι
3263 1910 3616 1985 περιγράψαι

2025 1998 2247 2063 τούτους
2291 2000 2420 2064 τοὺς
2454 1999 2655 2065 τόπους
2685 2002 2794 2056 ἀπὸ
2823 2002 2917 2056 τοῦ
2942 2002 3296 2072 Εὐαγγελίουο
3330 1995 3375 2071 ᾧ
3420 2019 3611 2075 παρα-

2024 2091 2253 2165 πλήσιον
2285 2091 2607 2148 πεπονθέναι
2632 2094 2912 2163 φαίνονται
2949 2096 2999 2148 οἱ
3040 2094 3391 2167 ἀναιροῦντες
3434 2092 3611 2148 αὐτοῦ

2023 2184 2123 2256 τὴν
2145 2183 2241 2239 ἀνθ
2250 2186 2556 2257 ρωπότητα,
2574 2186 2669 2240 καὶ
2688 2186 2853 2257 μόνην
2874 2187 3038 2241 αὐτοῦ
3062 2187 3162 2258 τὴν
3187 2186 3415 2258 θεότητα
3431 2203 3614 2259 παρα-

2023 2276 2326 2349 δεξάμενοι,
2373 2278 2428 2331 οἵ
2462 2295 2523 2331 τε
2566 2277 2776 2342 τούτοις
2822 2279 3075 2345 ἐναντίοι,
3113 2279 3208 2332 καὶ
3246 2280 3345 2351 τὴν
3375 2277 3611 2349 θεότητα

2024 2368 2189 2425 αὐτοῦ
2215 2369 2673 2442 περιγράψαντες,
2700 2371 2793 2425 τὸν
2812 2371 2869 2425 δέ
2895 2371 3180 2444 ἄνθρωπον
3211 2370 3288 2434 ὡς
3311 2371 3464 2439 ἅγιον
3509 2370 3612 2423 καὶ

2023 2461 2362 2517 δικαιότατον
2395 2463 2610 2517 πάντων
2650 2462 2950 2535 ἀνθρώπων
2992 2460 3442 2535 ὁμολογήσαντες.
3491 2462 3611 2515 Καὶ

2023 2557 2073 2609 οἱ
2122 2556 2221 2628 τὴν
2272 2556 2492 2627 δόκησιν
2531 2554 2589 2609 δέ
2633 2556 2963 2624 εἰσάγοντες,
3003 2572 3021 2606 t
3055 2554 3145 2608 τὸν
3187 2551 3611 2606 ταπεινώσαντα

2023 2650 2185 2704 αὑτὸν
2232 2650 2391 2724 μέχρι
2433 2652 2684 2715 Θανάτου,
2734 2650 2827 2704 καὶ
2856 2649 3094 2721 ὑπήκοον
3116 2648 3400 2719 γενόμενον
3440 2647 3610 2718 μέχρι

2026 2741 2260 2814 σταυροῦ
2302 2763 2320 2795 ι
2373 2742 2446 2814 μὴ
2502 2744 2816 2815 νοήσαντες,
2871 2741 3028 2812 μόνον
3071 2741 3129 2794 δὲ
3182 2741 3242 2792 τὸ
3287 2738 3496 2801 ἀπαθὲς
3543 2737 3610 2790 τδ

2023 2837 2268 2905 κρεῖττον
2294 2835 2491 2900 παντὸς
2508 2835 2748 2889 τοιούτου
2764 2833 3166 2906 συμπτώματος
3183 2831 3605 2902 φαντασθέντες,

2023 2929 2346 3002 ἀποστερεῖν
2396 2931 2542 3000 ἡμᾶς
2584 2929 2645 2982 τὸ
2685 2929 2807 2981 ὅσον
2860 2928 2943 2996 ἐφ’
2992 2928 3202 2989 ἑαυτοῖς
3246 2924 3462 2977 θέλουσι
3504 2923 3606 2975 τοῦ

2023 3021 2240 3074 πάντων
2292 3020 2593 3093 ἀνθρώπων
2636 3020 2975 3074 δικαιοτάτου
3010 3017 3319 3091 ἀνθρώπου,
3349 3018 3412 3071 ού
3440 3017 3609 3071 δυνα-

348 3101 581 3146 mortem
608 3108 780 3164 usque
808 3095 1396 3157 humiliavitobediens
1431 3102 1609 3159 factus
1646 3120 1819 3177 usque
1851 3109 1912 3162 ad

2069 3113 2220 3177 ένους
2246 3112 2313 3166 δι’
2343 3112 2552 3166 ἐκείνου
2594 3111 2861 3176 σώζεσθαι
2897 3111 3029 3182 (79)·
3059 3111 3135 3175 ὡς
3169 3110 3278 3182 γὰρ
3312 3130 3330 3162 ‹
3381 3109 3445 3163 δι’
3481 3108 3608 3174 ἐνὸς

348 3196 572 3236 crucem
619 3185 687 3253 ⁷⁷,
720 3203 739 3235 ι
778 3196 836 3241 et
862 3187 1031 3242 solam
1068 3189 1188 3260 ejus
1220 3205 1339 3246 eam
1370 3205 1577 3259 partem
1599 3235 1613 3261 ,
1641 3212 1763 3267 qua:
1799 3212 1922 3267 per-

352 3273 749 3330 turbationibus
770 3287 943 3342 vacat,
966 3293 1194 3349 quaeque
1222 3285 1472 3353 superior
1495 3296 1578 3342 est
1606 3291 1800 3358 quovis
1827 3291 1920 3346 tali

348 3381 479 3421 casu
510 3365 977 3437 imaginaverunt,
1035 3386 1134 3438 pro
1159 3373 1302 3429 virili
1342 3389 1441 3430 sua
1479 3393 1545 3432 eo
1574 3379 1793 3438 homine
1828 3384 1935 3453 qui

350 3458 628 3512 hominum
658 3460 901 3514 omnium
939 3461 1009 3516 sit
1024 3462 1359 3533 justissimus
1383 3506 1400 3528 ,
1443 3469 1660 3536 privare
1690 3487 1793 3527 nos
1823 3488 1922 3528 vo-

348 3551 490 3616 lunt,
521 3552 614 3623 qui
639 3567 744 3607 non
767 3567 1054 3622 possumus
1079 3569 1175 3624 per
1207 3557 1381 3626 ipsum
1411 3561 1648 3615 servari:
1686 3572 1744 3617 ut
1770 3565 1916 3620 enim

353 3657 378 3693 ι
410 3656 511 3711 per
539 3657 706 3697 unum
745 3643 1017 3698 hominem
1061 3660 1243 3710 mors,
1278 3665 1300 3700 ι
1345 3648 1425 3703 sic
1453 3659 1508 3704 et
1561 3667 1583 3702 ι
1623 3667 1718 3722 per
1752 3670 1915 3710 unum

347 3732 623 3789 hominem
663 3753 683 3787 ι
713 3734 837 3791 vita:
857 3734 1177 3804 justiﬁeatio
1207 3738 1275 3796 ".
1320 3738 1508 3811 Neque
1533 3745 1678 3799 enim
1711 3747 1919 3801 utilita-

348 3833 460 3881 tem
489 3827 924 3898 percepissemus
954 3843 1018 3883 ex
1039 3827 1175 3884 Filio
1194 3830 1309 3895 Dei,
1333 3832 1401 3897 si,
1431 3843 1645 3889 remoto
1670 3837 1916 3907 homine,

349 3919 475 3975 talis
521 3929 662 3974 esset
711 3920 887 3989 qualis
929 3928 1049 3975 erat
1100 3921 1157 3974 in
1204 3920 1470 3991 principio
1512 3927 1651 3994 apud
1697 3925 1917 4031 Payem

349 4012 549 4076 Deum,
584 4027 758 4080 neque
792 4013 1066 4067 hominem
1093 4016 1512 4085 assumpsisset,
1542 4018 1633 4087 qui
1671 4012 1912 4076 omnium

343 4102 557 4172 primus
592 4112 646 4156 et
672 4103 925 4158 omnibus
950 4105 1340 4173 honorabilior,
1376 4122 1439 4162 ac
1480 4107 1634 4179 longe
1663 4112 1916 4169 omnibus

340 4193 541 4264 purior
569 4194 774 4249 valeret
802 4195 973 4264 ipsum
1006 4180 1231 4267 capere;
1270 4207 1393 4269 post
1417 4215 1577 4270 quem
1614 4204 1911 4272 poterimus

346 4287 719 4355 unusquisque
748 4296 991 4344 nostrum
1027 4298 1231 4346 tantum
1260 4307 1324 4347 ac
1342 4292 1524 4358 talem,
1554 4294 1734 4364 qualis
1764 4307 1908 4364 erat,

2021 3203 2307 3274 ἀνθρώπου
2339 3206 2368 3257 ό
2408 3204 2654 3268 θάνατος,
2682 3203 2853 3269 οὕτως
2888 3204 2981 3257 καὶ
3006 3204 3073 3257 δι’
3104 3204 3223 3267 ἐνὸς
3247 3202 3538 3274 ἀνθρώπου
3579 3221 3599 3254 ι

2020 3298 2054 3368 ἡ
2089 3297 2187 3368 τῆς
2229 3295 2376 3367 ζωῆς
2401 3296 2698 3359 δικαίωσις.
2747 3297 2861 3351 Οὐκ
2892 3295 2957 3350 ἂν
2988 3296 3157 3368 χωρὶς
3184 3294 3278 3349 τοῦ
3311 3295 3605 3368 ἀνθρώπου

2023 3385 2385 3457 χωρησάντων
2408 3385 2564 3456 ἡμῶν
2594 3386 2692 3458 τὴν
2723 3387 2830 3440 ἀπὸ
2855 3386 2949 3440 τοῦ
2980 3386 3138 3454 λόγου
3164 3385 3453 3456 ὠφέλειαν,
3502 3387 3603 3456 μέ-

2021 3494 2202 3541 νοντος
2229 3479 2408 3541 ὁποῖος
2439 3473 2507 3549 ἦν
2534 3478 2634 3547 τὴν
2671 3478 2844 3550 ἀρχὴν
2879 3479 3015 3550 πρὸς
3053 3478 3147 3533 τὸν
3180 3479 3402 3551 Πατέρα
3442 3479 3603 3545 Θεὸν,

2023 3569 2118 3623 καὶ
2160 3569 2234 3641 μὴ
2294 3568 2654 3633 ἀναλαϐόντος
2705 3570 2815 3643 (80)
2876 3571 3181 3643 ἄνθρωπον,
3235 3571 3327 3625 τὸν
3379 3571 3604 3625 πάντων

2027 3658 2261 3729 πρῶτον,
2296 3659 2390 3712 καὶ
2422 3658 2638 3713 πάντων
2666 3659 3009 3732 τιμιώτερον,
3034 3662 3127 3715 καὶ
3153 3663 3370 3715 πάντων
3399 3660 3603 3732 μᾶλλον

2024 3749 2404 3822 καθαρώτερον
2434 3752 2594 3804 αὐτὸν
2637 3753 2885 3824 χωρῆσαι
2919 3753 3234 3824 δυνάμενον·
3274 3753 3391 3825 μεθ’
3419 3752 3479 3808 ὃν
3509 3755 3605 3808 καὶ

2023 3844 2183 3913 ἡμεῖς
2201 3841 2455 3909 δέξασθαι
2477 3838 2580 3897 οἷοί
2604 3861 2663 3897 τε
2689 3845 2849 3899 αὐτὸν
2880 3846 3134 3917 ἐσόμεθα,
3155 3847 3384 3912 ἕκαστος
3414 3846 3605 3901 τοσοῦο

2024 3950 2113 3987 τον
2140 3934 2233 3987 καὶ
2251 3935 2508 3996 τοιοῦτον,
2542 3938 2723 3999 ὁποῖος
2744 3932 2831 4007 ἦν,
2864 3937 3013 4009 αὐτῷ
3041 3937 3297 4009 ποιοῦμεν
3318 3939 3412 3993 καὶ
3440 3939 3603 4010 πηλί-

2016 4047 2118 4101 κην
2146 4028 2327 4101 χῶραν
2359 4030 2470 4101 (81)
2499 4032 2557 4084 ἐν
2582 4033 2646 4102 τῇ
2677 4031 2819 4103 ψυχῇ
2850 4032 3024 4103 ἡμῶν.
3055 4032 3239 4086 Ταῦτα
3267 4033 3324 4087 δέ
3361 4051 3451 4104 μοι
3481 4034 3596 4104 (82)

2012 4121 2191 4175 πάντα
2205 4124 2414 4195 εἴρηται
2438 4123 2537 4193 τῆς
2560 4125 2961 4196 ἐμφαινομένης
2975 4125 3269 4196 διαφωνίας
3289 4126 3398 4181 τῶν
3415 4127 3599 4197 Εὐαγ-

2013 4213 2211 4281 γελίων
2243 4215 2590 4287 παραστῆσαι
2623 4215 2828 4270 θέλοντι
2852 4217 2956 4289 ὁδῷ
2982 4218 3083 4290 τῆς
3105 4219 3481 4291 πνευματικῆς
3507 4223 3601 4274 ἐκ·

2013 4304 2198 4378 δοχῆς.

344 4381 521 4450 ipsum
590 4395 829 4450 capere,
906 4382 952 4438 si
1024 4382 1204 4439 locum
1259 4386 1617 4456 magnitudini
1674 4390 1792 4459 ejus
1851 4401 2261 4456 convenientem
2311 4402 2364 4456 in
2428 4404 2607 4457 anima
2665 4413 2849 4459 nostra
2896 4406 3405 4476 prmparaverimus.
3460 4402 3589 4460 Hice

345 4486 527 4532 autem
570 4480 751 4533 omnia
797 4479 929 4534 mihi
980 4480 1125 4535 dicta
1172 4490 1301 4536 sunt
1349 4482 1632 4541 declarare
1678 4488 1927 4559 volenti,
1964 4494 2050 4549 via
2073 4497 2373 4567 spiritualis
2405 4498 2799 4571 intelligentia},
2861 4513 3211 4574 apparentem
3263 4499 3592 4572 Evangelia-

343 4584 464 4625 runt
493 4570 905 4625 dissonantiam.

411 4665 466 4720 5.
508 4666 562 4719 In
618 4667 865 4721 eumdem
913 4675 1090 4723 autem
1139 4667 1315 4723 locum
1372 4669 1681 4738 lmjusmodi
1744 4674 1910 4731 etiam

2087 4679 2140 4734 5.
2171 4681 2266 4744 Εἰς
2284 4680 2341 4735 δὲ
2365 4681 2455 4737 τδν
2484 4684 2646 4738 αὐτὸν
2673 4683 2834 4737 τόπον
2858 4683 2951 4740 καὶ
2967 4683 3193 4755 τοιούτῳ
3218 4680 3597 4755 παραδείγμα-

341 4758 590 4827 exemplo
626 4761 882 4814 utendum
916 4769 1019 4824 est,
1052 4761 1259 4816 scilicet
1284 4759 1511 4816 Paulum
1548 4764 1825 4821 carnalem
1856 4783 1915 4826 se

343 4865 466 4906 esse
492 4853 769 4907 vendituri:
798 4852 898 4907 sub
920 4862 1144 4923 peccato
1170 4855 1351 4910 dicere
1377 4855 1448 4920 ⁷³,
1480 4869 1581 4911 nec
1614 4857 1910 4928 quidquam

2018 4789 2071 4825 τι
2113 4774 2399 4845 χρηστέον,
2440 4777 2523 4829 ὅτι
2552 4776 2765 4842 Παῦλος
2790 4780 2818 4832 ὀ
2851 4777 2950 4849 μὲν
2985 4777 3244 4849 σαρκικὸς
3276 4775 3595 4848 πεπρᾶσθαι

2017 4862 2164 4933 λέγει
2191 4864 2295 4919 ὑπὸ
2311 4867 2409 4938 τὴν
2445 4868 2739 4940 ἁμαρτίαν,
2762 4870 2857 4923 καὶ
2886 4869 3037 4923 οὐδὲν
3066 4867 3379 4940 ἀνακρίνειν
3398 4860 3511 4929 οἷός
3532 4882 3593 4919 τε

410 4972 459 5005 ν·
500 4971 657 5026 Rom.
689 4986 728 5036 ι,
762 4971 816 5027 5.
889 4970 1191 5028 "lbidJ.
1263 4972 1570 5046 "Philipp.
1605 4992 1668 5045 ιι,
1698 4977 1750 5032 8.
1806 4980 1912 5036 -τει

2068 5025 2082 5040 .
2132 5000 2223 5051 xv,
2262 4984 2354 5041 2!.
2425 4986 2470 5019 τ’
2498 4985 2658 5041 Rom.
2683 4986 2890 5054 vn,M,
2922 4985 3008 5040 15.

412 5086 524 5159 (77)
552 5085 661 5141 Καὶ
685 5085 793 5159 τὸν
817 5087 886 5140 ἐκ
913 5086 1254 5159 σπέρματος
1271 5090 1478 5144 Δαυΐδ*
1511 5091 1649 5145 Υὶὸν
1668 5091 1735 5144 δὲ
1761 5096 1911 5150 Θεοῦ

340 5155 515 5222 κατά,
540 5169 649 5212 etc.
670 5155 758 5231 Alta
785 5159 906 5211 cod.
935 5155 1082 5231 Bodl.
1104 5176 1129 5231 ἱ
1148 5159 1348 5230 Regius
1378 5177 1475 5231 pro
1508 5162 1603 5229 καὶ
1630 5162 1721 5217 τόν
1751 5165 1911 5221 habet

339 5231 463 5302 τήν,
476 5238 545 5302 Δεξι
574 5229 968 5302 onrisihvocem
997 5228 1155 5302 Θεοῦ.

410 5298 525 5372 (78)
578 5297 717 5372 ξΕνὼ
754 5297 806 5372 δ’
843 5294 1002 5372 οἶμαι
1038 5299 1136 5353 καὶ
1167 5297 1634 5372 τρνμΜαρκίωνα,
1662 5312 1767 5359 etc.
1808 5305 1912 5359 Ve-

342 5369 528 5425 Sanam
560 5369 717 5441 hanc
766 5369 1096 5441 dechristo
1145 5370 1450 5437 opinionem
1500 5387 1565 5426 ex
1611 5375 1909 5441 inquinatis

339 5439 801 5514 Cerduniatmrum
845 5439 1049 5493 lacunis
1079 5440 1334 5514 hauserat
1379 5440 1600 5514 Marcio.
1628 5439 1761 5514 Vide
1787 5462 1907 5514 qua:

342 5512 408 5563 de
436 5527 502 5563 eo
533 5520 588 5563 et
635 5509 753 5574 ejus
791 5524 954 5578 opera
986 5511 1257 5578 corruptis
1301 5508 1600 5579 Scriptura:
1643 5513 1775 5567 locis
1805 5508 1908 5569 ad.

341 5579 552 5653 notavit
579 5579 1428 5653 βιιιριιοιιίιιε-Ιιιιξτεε.χιιι-θοι).
1459 5581 1520 5647 1;
1559 5583 1749 5639 haeres.
1777 5600 1911 5653 xui,

340 5651 546 5719 (ξομε,
572 5648 626 5711 9,
654 5651 743 5710 Η,
773 5659 826 5703 et
857 5649 980 5703 alibi
1014 5651 1235 5719 passim.
1269 5650 1531 5706 Hunnus.

408 5718 519 5786 (79)
567 5720 649 5772 Οὐ
683 5718 1056 5789 δυναμένους
1086 5719 1161 5773 δι’
1204 5720 1438 5775 ἐκείνου
1482 5720 1788 5783 σώζεσθαι.
1821 5723 1914 5781 Sic

345 5789 542 5840 habent
589 5791 802 5843 codices
856 5790 1181 5848 Barberinus
1225 5802 1270 5847 el
1308 5791 1541 5863 Regius;
1588 5794 1912 5853 Budleianus

2016 5115 2163 5172 vero,
2202 5101 2262 5154 οὐ
2293 5102 2590 5172 δυναμένου
2622 5102 2688 5155 δι’
2730 5101 2925 5172 ἑαυτοῦ
2963 5100 3265 5167 σώζεσθαι,
3310 5116 3473 5172 quam
3508 5101 3589 5158 le-

2015 5171 2251 5224 ctionem
2284 5171 2441 5226 male
2460 5182 2681 5227 secutus
2704 5183 2787 5227 est
2815 5171 3122 5227 Ferrarius.

2083 5240 2198 5311 (80)
2251 5242 2696 5309 Ἀναλαϐόντος.
2734 5244 2826 5297 Sic
2861 5244 3035 5297 codex
3079 5241 3434 5310 Bodleianus;
3480 5241 3590 5298 Re-

2014 5312 2135 5380 gius
2166 5320 2222 5364 et
2264 5311 2616 5373 Barberinus,
2644 5312 2998 5367 ἀναλαϐόντα.

2083 5382 2200 5455 (81)
2234 5381 2405 5455 Αὐτῷ
2442 5382 2731 5455 ,ποιοῦμεν
2756 5384 2853 5437 καὶ
2880 5386 3147 5455 πηλίκην
3172 5382 3392 5455 χώραν.
3422 5384 3589 5440 Forte

2013 5450 2296 5527 legendum
2326 5454 2375 5527 εἰ
2406 5452 2556 5527 αὐτῷ
2586 5450 2843 5527 ποιοῦμεν
2875 5454 2972 5527 καὶ
3007 5450 3237 5525 τηλίκην
3259 5450 3476 5527 χώραν.

2094 5471 2296 5506 'enuum
2326 5471 2375 5504 ει
2406 5471 2556 5506 αυτω
2586 5471 2738 5507 ποιου
2815 5471 2843 5506 ν
2875 5471 2972 5507 και
3007 5471 3237 5525 τηλικην
3272 5472 3476 5527 χωραν.

2094 5522 2205 5593 (82)
2250 5521 2442 5577 Ταῦτα
2473 5508 2541 5577 δέ
2563 5542 2685 5593 μοι.
2718 5471 2842 5578 llic
2885 5526 3270 5580 desiderantur
3302 5528 3354 5579 in
3398 5526 3588 5581 codice

2020 5590 2210 5661 Regio,
2244 5593 2338 5647 sed
2385 5590 2748 5648 restituuntur
2789 5609 2819 5646 e
2851 5594 3132 5650 codicibus
3185 5594 3482 5655 Bodleiano
3527 5603 3584 5651 et

2018 5660 2331 5738 Barberiuo.
2370 5660 2489 5738 liox
2522 5679 2621 5733 pro
2650 5664 2750 5738 τῇς
2783 5665 3189 5738 ἐμφαινομένης
3235 5666 3585 5723 scribendum

2016 5732 2231 5791 videtui'
2258 5733 2356 5797 τάς
2392 5732 2815 5807 ἐμφαινομένας.
