3766 6142
79 310 159 366 517
1116 313 1472 371 COMMENT.
1506 314 1566 370 IN

1782 359 1795 372 .
1839 318 2074 376 TOMUS
2111 320 2179 377 Χ.
3156 312 3266 371 518

74 428 126 507 ἦν
166 432 279 503 (83)·
315 432 343 485 ὁ
387 431 443 485 δὲ
468 433 836 504 πνευματικὸς
880 434 1195 507 ἀνακρίνειν
1241 438 1438 503 πάντα,
1501 456 1561 492 κα

1779 443 2002 497 udicare
2054 457 2246 512 posse;
2308 438 2644 513 Spiritua‘lem
2695 451 2828 493 vero
2887 431 3067 491 omnia
3125 434 3266 503 diju-

76 530 142 583 ὑπ’
157 525 346 590 οὐδενὸς
372 526 774 597 ἀνακρίνεσθαι.
806 527 917 580 Καὶ
938 527 1032 581 τοῦ
1066 528 1165 600 μὲν
1190 530 1455 600 σαρκικοῦ
1488 534 1563 586 elo

1780 546 1889 586 :are
1931 547 2128 601 posse,
2157 542 2213 586 et
2263 545 2292 583 a
2332 531 2552 585 nemine
2595 528 2828 598 iudicari
2857 527 2924 581 ”.
2964 527 3031 580 Et
3072 541 3267 581 carna-

75 619 225 691 ᾳωναι·
256 635 276 668 ι
308 617 380 670 Οὐ
409 618 514 691 γὰρ
535 617 565 670 ὃ
585 617 744 684 θέλω,
773 618 931 676 τοῦτο
960 621 1209 692 πράσσω,
1232 621 1346 675 ἀλλ’
1365 622 1395 675 ὃ
1429 623 1562 695 μισῶ

1792 624 2008 691 quidem
2039 624 2121 678 hae
2145 633 2272 679 sunt
2295 637 2492 679 voces:
2549 638 2571 673 ι
2606 620 2720 676 Non
2758 622 2903 675 enim
2943 619 3086 689 quod
3117 618 3262 682 volo,

69 713 193 767 τοῦτο
216 708 360 762 ποιῶ·
393 727 414 760 ι
441 707 534 763 τοῦ
563 708 620 763 δὲ
654 712 1050 782 πνευματικοῦ·
1082 715 1147 765 Ὃ
1175 713 1312 766 θέλω
1344 716 1556 787 πράσσοι

1783 727 1807 767 c
1839 712 2001 778 facio,
2035 713 2130 767 sed
2157 713 2302 781 quod
2330 712 2451 777 odi,
2484 710 2589 765 hoc
2629 709 2773 764 facio
2795 710 2876 775 3‘;
2916 728 2935 762 ι
2973 708 3270 781 spiritualis

69 805 183 860 καὶὸ
212 803 343 878 μισῶ
367 805 426 857 οὐ
452 803 612 861 ποιῶ.
641 804 800 859 Ἀλλὰ
819 806 914 859 καὶ
938 807 967 859 ὁ
993 806 1262 878 άρπαγεὶς
1289 807 1393 871 ἕως
1410 807 1556 880 τρίτο

1777 819 1864 859 ro:
1899 803 2051 869 Quod
2086 803 2229 868 volo,
2258 803 2359 857 hoc
2389 803 2551 866 facio,
2576 807 2630 855 et
2653 801 2795 870 quod
2826 800 2935 866 odi,
2970 816 3075 855 nou
3104 798 3264 880 facio.

64 870 274 974 οὐρανοῦ,
308 900 399 953 καὶ
432 899 671 962 ἀκούσας
697 901 915 971 ἄρρητα
938 870 1177 972 ῥήματα,
1196 870 1464 974 ἕτερος
1488 919 1551 955 πο

1776 896 1840 951 lin
1895 896 2055 950 etiam
2103 896 2193 964 qui
2244 904 2428 964 raptus
2485 894 2775 961 fultusque
2797 893 2863 948 ad
2901 891 3120 946 tertium
3143 870 3263 946 cm-

67 996 121 1067 ρὰ
158 994 237 1046 τὸν
276 991 515 1061 λέγοντα’
554 1008 574 1043 ι
618 993 751 1063 Περὶ
802 990 896 1044 τοῦ
948 990 1188 1045 τοιούτου
1222 994 1548 1066 καυχήσομα

1778 1004 1833 1056 ιι,
1863 998 1916 1044 et
1949 988 2155 1044 audivit
2179 1004 2379 1045 arcana
2411 988 2574 1043 verba
2588 987 2657 1055 ⁸²,
2694 986 2940 1042 diversus
2966 984 3173 1039 eratab
3198 998 3265 1038 eo

62 1081 249 1154 ὑπὲρδὲ
292 1078 533 1151 ἐμαυτοῦ
576 1081 636 1134 οὺ
668 1082 1032 1155 καυχήσομαι.
1085 1102 1103 1134 ι
1140 1083 1205 1137 El
1244 1083 1301 1136 δὲ
1345 1085 1439 1138 καὶ
1481 1088 1549 1138 τοῑ

1784 1084 1791 1136 i
1828 1082 2080 1139 dicebat:
2122 1099 2141 1132 ι
2176 1081 2282 1136 Pro
2309 1084 2412 1136 hac
2462 1096 2524 1136 re
2554 1080 2863 1151 gloriabor,
2905 1091 3003 1146 pro
3038 1090 3124 1130 me
3153 1075 3271 1144 ipso

72 1174 300 1237 Ἰουδαίοις
322 1173 397 1237 ὡς
442 1173 695 1239 Ἰουδαῖος
730 1176 957 1244 γίνεται,
1000 1176 1087 1229 ἵνα
1135 1177 1423 1242 Ἰουδαίους
1455 1195 1557 1251 κερ

1784 1186 1878 1230 Lem
1912 1190 2018 1229 non
2051 1173 2322 1244 gloriabor
2338 1173 2405 1228 ⁸³.
2431 1192 2451 1226 ι
2474 1172 2571 1228 Sin
2607 1186 2737 1227 vero
2766 1171 2928 1225 etiam
2952 1168 3153 1224 Iudaeis
3199 1169 3271 1224 sit

60 1266 187 1337 δήσῃ·
214 1263 439 1327 καὶτοῖς
479 1262 588 1317 ὑπὸ
629 1264 811 1335 νόμον,
854 1265 930 1330 ὡς
968 1265 1074 1318 ὑπὸ
1119 1266 1302 1337 νόμον,
1332 1267 1421 1322 ἵνα
1462 1270 1547 1322 τοὶ

1783 1268 1854 1322 asi
1882 1265 2118 1331 ludens,
2144 1277 2206 1321 ut
2231 1264 2444 1321 Judwos
2471 1264 2810 1329 lucrifaciat;
2840 1272 2896 1317 et
2929 1261 3012 1315 his
3046 1260 3134 1329 qui
3171 1260 3270 1315 sub

61 1354 143 1407 ὑπὸ
162 1353 307 1424 νόμον
325 1352 569 1426 κερδήσῃ
602 1354 734 1426 (84)·
767 1357 880 1418 τοῖς
904 1373 965 1409 τε
998 1357 1243 1427 ἀνόμοις,
1268 1359 1344 1423 ὡς
1366 1359 1548 1431 ἄνομος

1784 1374 1816 1412 ‘e
1840 1368 2023 1422 erant,
2066 1370 2321 1429 tanquam
2352 1358 2452 1413 sub
2482 1358 2602 1426 lege
2632 1365 2798 1419 esset,
2833 1365 2891 1408 ut
2915 1368 3012 1408 eos
3035 1352 3127 1421 qui
3170 1352 3271 1407 sub

62 1449 121 1517 μὴ
146 1444 212 1499 ὢν
249 1446 441 1517 ἄνομος
472 1444 636 1514 Θεοῦ,
667 1444 779 1500 ἀλλ’
809 1445 1032 1519 ἔννομος
1059 1448 1317 1518 Χριστοῦ,
1351 1451 1438 1505 ἵνα
1462 1469 1549 1523 κερ

1784 1467 1815 1505 e
1866 1461 2047 1518 erant,
2109 1447 2558 1514 lucrifaceret“;
2618 1456 2673 1502 et
2722 1445 2808 1500 his
2857 1445 2950 1514 qui
2995 1443 3116 1497 sine
3153 1440 3271 1510 lege

58 1540 170 1611 δήσῃ
194 1537 593 1610 τοὺξάνόμουςο
633 1539 725 1592 καὶ
752 1541 865 1604 τοῖς
898 1539 1178 1596 ἀσθενέσιν
1211 1542 1463 1614 ἀσθενὴς,
1500 1544 1545 1598 ἵν

1793 1554 1872 1610 ιιι,
1903 1554 2158 1614 tanquam
2191 1550 2335 1598 esset
2362 1542 2479 1596 sine
2510 1540 2657 1609 lege,
2684 1552 2806 1593 cum
2842 1552 2947 1591 non
2989 1543 3133 1590 esset
3155 1534 3274 1588 sine

56 1634 157 1695 τοὺς
182 1629 407 1695 ἀσθενεῖς
440 1631 711 1705 κερδήσῃ,
745 1631 923 1704 δῆλον,
964 1635 1048 1689 ὅτι
1080 1634 1393 1701 ἐξεταστέον
1420 1638 1543 1692 αὐτο

1790 1654 1816 1693 e
1842 1636 1955 1691 Deo
1975 1676 1991 1701 ,
2021 1635 2118 1690 sed
2142 1632 2410 1690 obnoxius
2454 1629 2558 1701 legi
2586 1628 2809 1693 Christi,
2842 1634 2903 1681 ut
2928 1625 3277 1679 lucrifaceret

57 1724 155 1787 τοὺς
173 1722 362 1791 λόγους,
386 1721 501 1793 ἰδίᾳ
524 1722 623 1794 μὲν
644 1725 765 1789 τοὺς
804 1725 1106 1794 Ἰουδαίους,
1130 1727 1304 1799 ἱδίᾳδὲ
1325 1728 1412 1781 ὅτε
1440 1730 1544 1783 ἐστὶ

1784 1743 1943 1798 eges;
1977 1736 2033 1784 et
2058 1725 2290 1782 inﬁrmis
2316 1721 2588 1786 inﬁrmus,
2619 1727 2680 1773 ut
2708 1719 2951 1772 inﬁrmos
2983 1714 3271 1770 lucriface-

56 1814 117 1877 ὡς
136 1812 224 1869 ὑπὸ
245 1813 424 1884 νόμον,
442 1812 545 1867 καὶ
561 1812 746 1868 ἄλλοτε
763 1814 852 1869 ὅτε
869 1817 1016 1871 ἐστὶν
1040 1817 1118 1881 ὡς
1137 1818 1357 1889 ἄνομος,
1373 1816 1483 1871 ἔσθ’
1498 1819 1543 1872 ὅιι

1787 1862 1799 1887 ,
1837 1819 2182 1889 perspicuum
2211 1825 2294 1872 est
2328 1812 2689 1885 inquirendas
2713 1824 2834 1865 esse
2865 1807 3156 1877 diligenter
3184 1819 3274 1859 ra-

56 1906 183 1959 δὲὸτε
198 1904 391 1975 γίνεται
408 1904 669 1978 ἀσθενής.
687 1900 813 1961 Οἷον
837 1906 874 1962 ἃ
895 1906 1044 1977 λέγει
1070 1907 1215 1963 κατὰ
1237 1908 1543 1981 συγγνώμη·

1787 1927 1879 1969 nes
1946 1908 2106 1980 hujus
2173 1908 2290 1973 rei,
2371 1907 2532 1975 idque
2601 1902 2854 1973 privatim
2917 1899 2973 1954 in
3048 1896 3274 1967 singulis

55 1998 104 2051 οὐ
127 1999 227 2051 κατ’
246 1997 540 2070 ἐπιταγὴν,
568 1996 798 2070 ἀσθενὴς
812 1996 887 2052 ὢν
902 1997 1069 2067 λέγειτ
1093 2017 1112 2050 ι
1137 1999 1232 2063 Τίς
1244 2000 1374 2074 γὰρ,
1402 2002 1542 2075 φησὶ*

1786 2021 1809 2061 e
1869 2018 1995 2060 cum
2046 2000 2287 2059 efﬁcitur
2344 2009 2603 2068 tanquam
2670 1992 2922 2057 Iudaeus,
2978 1990 3094 2044 sive
3150 2003 3273 2045 cum

57 2089 249 2155 uallari,
270 2090 361 2143 καὶ
380 2089 493 2143 οὐκ
519 2089 760 2158 άσθενῶ;
787 2091 946 2145 »Ὅτε
968 2089 1025 2143 δὲ
1049 2089 1289 2162 ξύρεται,
1320 2094 1413 2147 καὶ⁵
1428 2112 1544 2166 προς

1784 2110 1960 2168 nquam
1991 2095 2094 2150 sub
2138 2092 2281 2162 lege,
2339 2091 2458 2146 sive
2495 2102 2619 2143 cum
2646 2094 2725 2141 est
2767 2082 2922 2155 quasi
2973 2082 3092 2137 sine
3131 2080 3271 2150 lege,

58 2180 196 2255 φορὰν
229 2181 552 2254 προσφέρει,
592 2180 626 2252 ἢ
657 2181 749 2235 τὸν
785 2180 1050 2253 Τιμόθεον
1086 2184 1425 2256 περιτέμνει,
1462 2187 1545 2239 Ἰοι

1786 2205 1812 2245 e
1881 2187 2152 2261 interdum
2212 2184 2383 2241 etiam
2459 2179 2696 2236 efﬁcitur
2776 2177 3044 2233 inﬁrmus.
3110 2170 3273 2227 Verbi

54 2275 173 2336 δαῖος
218 2272 451 2342 γίνεται·
508 2274 604 2327 ὅτε
651 2273 708 2327 δὲ
759 2272 1059 2345 Ἀθηναίοις
1107 2275 1300 2347 φησιν’
1339 2295 1360 2327 ι
1421 2271 1541 2349 Εῦρ

1790 2283 1899 2350 ιιίιι,
1925 2280 2016 2336 illa
2040 2293 2162 2349 qua:
2185 2275 2319 2334 dicit
2383 2282 2604 2345 propter
2649 2269 2861 2326 veniam
2910 2282 3019 2324 non
3056 2275 3277 2337 propter

60 2363 238 2435 βωμὸν,
281 2365 340 2419 έν
393 2357 440 2433 ᾧ
490 2363 835 2439 ἐγέγραπτο,
881 2365 1170 2437 ’Δγνώστῳ
1209 2367 1331 2440 Θεῷ
1350 2384 1365 2399 °
1417 2366 1447 2421 ὃ
1502 2364 1547 2423 οἱ

1786 2375 1862 2448 ιῚ
1895 2373 2184 2444 imperium
2214 2369 2285 2436 ⁸⁵,
2315 2374 2576 2438 tanquam
2614 2364 2863 2420 inﬁrmus
2888 2362 3157 2417 exsistens
3189 2359 3273 2414 di-

59 2458 333 2526 ἀγνοοῦντες
353 2459 412 2511 εὐ
420 2457 654 2524 σεϐεἰτε,
683 2456 840 2513 τοῦτο
861 2457 973 2528 ἐγὼ
1002 2460 1357 2530 καταγγέλλω
1384 2461 1540 2532 ὑμῖν

1801 2484 1816 2520 :
1848 2483 1867 2517 ι
1900 2462 2034 2530 Quis
2052 2461 2222 2526 enim,
2263 2457 2462 2528 inquit,
2494 2454 2822 2518 inﬁrmatur,
2849 2459 2905 2506 et
2929 2464 3028 2520 ego
3056 2463 3162 2503 nou
3193 2448 3277 2502 in-

61 2552 132 2604 καὶ
153 2550 234 2604 τό·
270 2568 291 2603 ι
327 2552 415 2616 Ὦς
458 2550 561 2606 καί
594 2568 739 2617 τινες
768 2552 879 2608 τῶν
907 2552 1030 2623 καθ’
1070 2554 1220 2624 ὑμᾶς
1247 2553 1493 2625 ποιητῶν
1523 2571 1548 2607 ε

1789 2572 1892 2611 nor
1919 2555 2000 2608 “‘l
2036 2573 2056 2605 ι
2090 2551 2225 2608 Cum
2273 2560 2455 2605 autem
2503 2547 2779 2609 tondetur,
2835 2550 2892 2597 et
2946 2541 3276 2596 oblationem

64 2642 250 2711 ρήιιασι·
296 2642 401 2697 Τοῦ
441 2641 560 2715 γὰρ
600 2643 701 2697 καὶ
729 2643 885 2712 γένος
926 2643 1118 2716 ἐσμὲν,
1167 2662 1186 2695 ι
1236 2646 1349 2709 τοῖς
1378 2645 1549 2717 άνόμο

1786 2658 1882 2712 ert,
1921 2647 2009 2701 vel
2051 2643 2396 2699 Timotheum
2440 2636 2810 2699 circumcidit,
2859 2633 2921 2688 fit
2968 2630 3187 2688 Judmus
3206 2629 3273 2683 ⁸⁷.

60 2730 316 2803 ὡςᾶνομος
348 2731 598 2802 γίνεται,
641 2733 925 2788 εὐσέϐειαν
975 2733 1268 2805 μαρτυρῶν
1313 2737 1425 2799 τοῖς
1469 2736 1547 2789 ἀσι

1791 2737 1940 2792 ιιιιᾱο
1966 2743 2145 2789 autem
2174 2729 2597 2788 Atheniensibus
2621 2725 2796 2795 inquit
2823 2739 2837 2778 :
2866 2741 2885 2775 ι
2918 2722 3099 2777 Inveni
3129 2733 3278 2774 aram

64 2824 318 2892 ϐεστάτοις,
354 2827 450 2882 καὶ
474 2825 562 2899 τῷ
605 2827 843 2881 εἰπόντιο
886 2847 905 2879 ι
946 2827 1041 2881 Ἐκ
1078 2828 1200 2890 Διὸς
1229 2826 1551 2900 ὰρχώμεσθα

1793 2843 1899 2898 qua
1927 2827 2185 2895 scriptum
2209 2833 2364 2880 erat:
2391 2822 2575 2892 Ignoto
2622 2820 2751 2874 Deo.
2792 2815 2946 2882 Quod
2970 2827 3100 2883 ergo
3126 2814 3280 2900 igno-

63 2915 135 2970 τοῦ
159 2917 253 2989 γὰρ
279 2919 369 2973 καὶ
412 2919 575 2987 γένος
602 2919 789 2991 ἐσμὲν,
829 2939 849 2972 ι
885 2899 1371 2992 καταχρησάμενος
1405 2921 1543 2991 πρὸς

1791 2925 1891 2971 rtes
1915 2913 2116 2977 colitis,
2140 2913 2244 2967 hoc
2258 2925 2358 2980 ego
2378 2910 2533 2964 vobis
2549 2907 2810 2961 annuntio
2823 2905 2907 2968 '3;
2941 2923 2960 2957 ι
3004 2911 3059 2956 et
3109 2899 3241 2955 illud
3257 2914 3278 2957 :

64 3008 287 3065 ὲῦούλετο.
312 3012 463 3083 Τάχα
493 3011 544 3065 δ’
580 3011 694 3064 ἔσθ’
732 3013 866 3066 ὅπου
893 3015 1007 3078 τοῖς
1047 3011 1121 3085 μὴ
1162 3011 1456 3078 Ἰουδαίοις,
1494 3013 1551 3065 ὑτ

1791 3007 1924 3064 Sicut
1945 3013 2000 3059 et
2032 3003 2254 3073 quidam
2311 2999 2632 3054 vestratium
2663 3004 2939 3067 poetarum
2971 2994 3227 3049 dixerunt
3259 3005 3278 3046 ι

60 3100 192 3172 νόμον
217 3103 288 3169 δὲ,
320 3105 423 3159 ὑπὸ
448 3104 620 3176 νόμον
649 3104 879 3174 γίνεται.
1050 3083 1057 3085 ἡ
1110 3083 1117 3084 7

1795 3097 1878 3168 ius
1899 3096 2045 3152 enim
2079 3104 2133 3150 et
2162 3108 2335 3164 genus
2363 3106 2554 3146 sumus
2575 3088 2659 3154 ⁸⁸,
2712 3106 2731 3140 ι
2770 3087 2856 3142 his
2894 3085 2984 3155 qui
3018 3085 3135 3141 sine
3162 3083 3282 3156 lege

62 3203 204 3261 erant,
232 3197 291 3253 ﬁt
321 3174 583 3267 tanquam
619 3196 737 3251 siue
773 3195 911 3266 lege,
945 3195 1206 3266 pietatem
1265 3195 1496 3251 testibus
1529 3192 1756 3249 firmans
1806 3186 2164 3260 impiissimis,
2195 3193 2252 3240 et
2303 3182 2394 3237 illo
2441 3181 2536 3252 qui
2587 3180 2719 3236 dicit
2750 3194 2762 3229 :
2796 3195 2816 3231 ι
2845 3177 2928 3232 Ab
2970 3174 3104 3232 Jove
3134 3177 3285 3247 prin-

62 3287 286 3358 cipium,»
316 3290 408 3346 illo
450 3290 610 3347 illius
639 3290 1014 3354 hemistichia,
1058 3309 1076 3342 ι
1116 3289 1251 3346 Nam
1305 3291 1462 3361 hujus
1514 3287 1806 3360 progenies
1858 3285 2026 3341 etiam
2065 3295 2276 3345 sumus,
2312 3298 2334 3332 ι
2388 3277 2591 3333 abusus
2638 3276 2708 3331 ad
2744 3274 2798 3330 id
2852 3274 2996 3345 quod
3043 3270 3281 3341 volebat,

60 3384 276 3444 Fortasse
317 3403 448 3445 vero
494 3389 774 3443 interdum
823 3386 931 3452 bis,
959 3386 1050 3457 qui
1083 3401 1190 3441 non
1221 3393 1348 3442 sunt
1378 3383 1576 3449 Judaei,
1606 3381 1702 3439 sed
1722 3381 1822 3437 sub
1846 3378 1989 3450 lege,
2018 3376 2080 3431 fit
2108 3374 2208 3430 sub
2232 3372 2367 3444 lege.

116 3482 159 3539 ϐ.
195 3486 366 3542 Ταῦτα
406 3487 465 3541 δὲ
509 3487 576 3540 οὐ
613 3490 772 3558 μόνον
801 3485 884 3549 εἰς
913 3484 984 3538 τὰ
1029 3484 1158 3555 περὶ
1206 3483 1302 3538 τοῦ
1350 3480 1603 3556 Σωτῆρος

1798 3476 1838 3532 5.
1863 3476 2133 3532 Caeterum
2161 3471 2279 3526 haec
2300 3466 2549 3537 exempla
2581 3481 2689 3522 non
2737 3466 2909 3523 solum
2937 3465 3088 3522 utilia
3130 3464 3285 3522 nobis

58 3579 265 3650 χρήσιμα
303 3582 433 3651 ἡμῖν
482 3582 606 3633 ἐστι
635 3578 705 3633 τὰ
733 3578 1178 3650 παραδείγματα,
1227 3575 1366 3632 ἀλλὰ
1393 3575 1489 3628 καὶ
1522 3591 1545 3627 ε

1798 3581 1838 3628 ιι
1861 3572 1916 3627 ἰιι
1950 3569 2119 3624 rebus
2149 3565 2479 3629 Servatoris,
2510 3576 2697 3616 verum
2727 3563 2891 3617 etiam
2925 3562 2979 3617 in
3007 3560 3170 3616 rebus
3202 3559 3285 3613 di-

60 3670 114 3725 τὰ
136 3673 247 3746 περὶ
275 3673 380 3727 τῶν
416 3672 701 3746 μαθητῶν,
747 3673 875 3744 περὶ
915 3664 990 3727 ὧν
1023 3671 1119 3726 καὶ
1164 3670 1345 3725 αὐτῶν
1372 3670 1488 3723 ἐστι
1518 3687 1547 3722 τ

1792 3663 2063 3735 pulorum,
2091 3663 2159 3715 de
2199 3659 2396 3728 quibus
2436 3657 2601 3711 etiam
2638 3654 2772 3726 ipsis
2800 3662 2886 3709 est
2917 3653 3160 3723 quaedam
3195 3664 3279 3705 se-

60 3765 175 3819 κατὰ
299 3738 459 3839 ῥητδν
492 3738 783 3834 διαφωνία.
821 3738 990 3834 ’Τάχα
1018 3761 1126 3835 γὰρ
1152 3764 1218 3833 τῇ
1251 3762 1465 3832 ἐπινοίᾳ
1508 3777 1547 3813 ει

1797 3756 1942 3810 idum
1960 3761 2166 3808 textum
2185 3749 2539 3806 dissonantia.
2560 3745 2691 3800 Nam
2709 3746 2941 3801 fortasse
2956 3743 3166 3807 Simon,
3190 3738 3284 3811 qui

63 3832 365 3932 empse;
386 3859 494 3914 ὑπὸ
522 3832 622 3913 τοι
672 3858 803 3913 ίδίου
848 3832 1077 3926 ἀδελφοῦ
1095 3832 1289 3926 ’Σίμων
1324 3852 1550 3925 Ἀνδρέα

1803 3862 1883 3903 luo
1914 3845 2087 3901 fratre
2108 3842 2325 3899 Andrea
2357 3841 2656 3904 invenitur,
2697 3849 2754 3891 et
2781 3835 2973 3891 audit:
3016 3853 3035 3887 ι
3070 3832 3153 3888 Tu
3190 3848 3290 3913 vo;

60 3925 134 4003 καὶ
166 3925 401 4006 ἀκούων⁸
450 3970 471 4004 ι
500 3951 580 4005 Σὺ
631 3948 879 4023 κληθήσῃ
930 3925 1192 4018 Κήφᾶς,ι
1245 3944 1433 4016 ἕτερός
1488 3946 1547 3996 ὲσ

1825 3944 1924 3996 πίε
1949 3939 2161 4008 Cephas
2184 3931 2620 4005 0°,rcegitatione
2634 3929 2883 3986 diversus
2907 3926 3074 3985 estab
3103 3942 3169 3982 eo
3194 3925 3312 3996 qui

58 4044 182 4117 πρά
207 4046 292 4101 τὸν
320 4045 604 4119 ὁρώμενον
654 4019 770 4114 ἅμα
931 4038 1144 4110 ἀδελφῷ
1174 4038 1281 4093 ὑπὸ
1325 4037 1419 4091 τοῦ
1453 4052 1545 4107 περ

1802 4043 1926 4089 ειιιι·
1962 4046 2087 4086 cum
2132 4028 2305 4082 fratre
2336 4040 2365 4078 a
2395 4022 2522 4078 Jesu
2542 4021 2944 4082 .deambulante
2964 4019 3114 4089 juxta
3139 4031 3289 4074 mare

59 4111 317 4204 πατοῦντος
352 4111 521 4213 ’πα-ρὰ
560 4135 660 4210 τήν
697 4111 978 4189 θάλασσαν
1028 4132 1130 4202 τῆς
1173 4128 1462 4191 Γαλιλαίας
1504 4128 1546 4180 Ἰ

1797 4125 1946 4180 libeae
1970 4141 1986 4191 ;
2026 4120 2272 4176 diversus
2292 4118 2460 4172 etiam
2489 4115 2556 4169 ab
2587 4129 2651 4170 eo
2674 4115 2765 4185 qui
2792 4129 2913 4168 cum
2954 4111 3046 4167 illo
3067 4112 3284 4166 Andrea

60 4229 154 4296 σοῦ,
190 4233 275 4287 καὶ
298 4202 577 4287 άκούοντα
763 4227 957 4297 ἐκείνῳ
982 4224 1063 4295 τῷ
1095 4221 1353 4295 Ἀνδρέᾳο
1395 4239 1413 4271 ι
1443 4217 1547 4272 Δεῦ

1800 4220 1919 4271 'iter
1948 4213 2099 4268 audit
2127 4229 2144 4269 :
2176 4230 2197 4264 ι
2231 4211 2429 4267 Venite
2466 4220 2588 4279 post
2625 4223 2732 4272 me,
2761 4216 2817 4262 et
2853 4205 3048 4260 faciam
3078 4220 3172 4257 vos
3205 4202 3287 4272 pi—

59 4295 204 4378 ὀπίσω
249 4344 365 4397 μου,
405 4326 504 4380 καὶ
559 4295 770 4393 ποιήσω
800 4295 947 4392 ὑμᾶς
1002 4318 1172 4381 ἁλιεῖς
1226 4313 1546 4389 ἀνθρώπων.

1803 4317 1960 4361 .tores
2000 4302 2278 4358 hominum
2306 4300 2373 4354 ⁹¹.
2413 4319 2433 4351 ι
2466 4299 2700 4354 Decebat
2733 4297 2877 4352 enim
2901 4295 3066 4365 utqui
3096 4310 3290 4349 renun-

60 4384 273 4486 Ἔπρεπε
322 4384 431 4489 γὰρ
471 4413 556 4486 τῷ
600 4384 720 4485 Gai}:
765 4384 876 4483 (δέ)
930 4408 1292 4481 λογικώτερον
1333 4384 1547 4472 άπαγγὲ

1804 4403 1887 4455 bat
1935 4395 2179 4454 solirliori
2218 4394 2429 4448 ratione
2468 4393 2533 4446 de
2571 4389 2747 4460 Λόγῳ,
2781 4386 2911 4461 [hoc
2938 4398 3021 4442 est
3054 4388 3121 4439 de
3153 4384 3291 4439 Filio

58 4477 178 4560 λοντι
222 4477 345 4580 περί
393 4477 491 4561 τοῦ
525 4477 834 4578 ’γενομένου
857 4477 1072 4572 ’σαρκὸς
1118 4477 1316 4567 Λόγου,
1366 4496 1460 4550 καὶ
1508 4511 1545 4546 τι

1806 4491 1856 4566 ,,]
1880 4492 1971 4562 qui
2012 4488 2189 4544 factus
2220 4497 2304 4542 est
2332 4501 2482 4549 caro,
2512 4484 2605 4554 qui
2643 4483 2806 4537 etiam
2834 4489 3011 4535 ortum
3048 4480 3187 4532 haue
3222 4477 3293 4532 ob

61 4599 238 4669 γένεσιν
262 4569 346 4659 δὶά
371 4599 535 4655 τοῦτο
551 4569 645 4671 ’μὴ
674 4569 1049 4669 άναγράψαντι
1076 4591 1171 4648 τοῦ
1204 4591 1262 4645 ἐν
1286 4590 1427 4662 ἀρχῇ
1471 4603 1548 4657 πρ

1809 4600 1946 4641 isam
1984 4597 2092 4637 non
2126 4572 2346 4650 scripsit
2377 4576 2501 4631 Filii
2536 4576 2625 4630 Dei
2656 4572 2975 4630 exsistentis
3007 4572 3061 4624 in
3092 4569 3296 4641 princi-

62 4660 132 4744 τὸν
159 4692 277 4746 Θεὸν
300 4692 502 4761 Λόγου,
715 4660 830 4741 τὸν.
857 4660 1007 4758 παρὰ
1046 4686 1115 4756 τῇ
1156 4660 1400 4754 θαλάσάῃ
1444 4678 1549 4749 εὕρ

1856 4677 1998 4746 apud
2052 4671 2243 4739 Deum,
2274 4685 2343 4726 ne
2376 4671 2656 4724 inventum
2681 4664 2901 4735 quidem
2929 4660 3073 4732 apud
3119 4675 3294 4725 mare,

64 4781 214 4852 μένον,
237 4784 327 4839 καὶ
357 4756 571 4839 ἐκεῖθεν
605 4756 955 4851 ⁷καλούμενον
997 4778 1196 4839 εἰπεῖν,
1227 4772 1363 4827 ἀλλὰ
1385 4770 1477 4823 τὸν
1520 4785 1551 4820 εκ

1812 4783 1952 4839 eque
1990 4774 2247 4822 vocatum
2302 4763 2508 4825 dicere,
2545 4761 2638 4815 sed
2694 4770 2920 4814 narrare
2957 4756 3233 4810 inventum
3264 4768 3295 4807 a

66 4842 347 4949 ρισιιόμενον
396 4878 506 4931 ὑπὸ
558 4873 654 4930 τοῦ
714 4842 945 4942 ἀδελφοῦ
1000 4868 1283 4942 μείναντος
1334 4863 1487 4935 παρὰ
1528 4879 1553 4914 τ

1811 4872 1913 4928 tre,
1961 4859 2053 4928 qui
2089 4856 2297 4912 mansit
2338 4854 2479 4924 apud
2519 4850 2704 4908 Jesum
2753 4851 2888 4906 hora
2925 4849 3158 4911 decima,
3205 4845 3298 4915 qui

73 4937 219 5040 Ἰησοῦ
242 4972 304 5042 τῇ
327 4969 535 5042 δεκάτῃ
561 4967 701 5040 ὥρᾳ,
728 4966 824 5019 καὶ
851 4937 940 5017 διὰ
966 4937 1028 5016 τί)
1054 4959 1228 5022 οὕτως
1259 4954 1560 5029 εὑρίσκεσθε

1814 4971 1881 5010 nn
1929 4968 1997 5009 eo
2029 4951 2175 5022 quod
2220 4952 2301 5006 sic
2345 4950 2600 5004 iuventus
2632 4943 2821 5008 fuerit,
2852 4955 2980 4996 mox
3022 4937 3301 5008 acceperit

69 5029 233 5126 ιῠθέως
253 5029 694 5134 λαμϐάνοῦτα
714 5057 933 5130 Κηφᾶς.
979 5055 1036 5107 '0
1065 5052 1174 5125 γὰρ
1202 5052 1477 5123 ὁρώμενος
1503 5047 1556 5100 ὑι

1814 5064 1918 5104 nen
1969 5045 2189 5115 Cephea.
2242 5042 2377 5097 Nam
2429 5041 2522 5111 qui
2573 5039 2779 5093 viditur
2829 5049 2862 5089 a
2920 5029 3301 5089 deambulaute

72 5153 142 5208 δοῦ
181 5118 601 5228 περιπατοῦντος
650 5118 955 5224 παρῖτήν
988 5118 1264 5203 θάλασσαν
1308 5118 1407 5213 τῆς
1456 5140 1559 5194 Γαλ

1824 5150 1877 5196 ta
1917 5153 2067 5194 mare
2089 5135 2348 5202 Galilaaa,
2382 5135 2475 5188 vix
2509 5127 2803 5200 aliquando
2827 5124 2992 5181 etiam
3020 5131 3144 5194 post
3170 5118 3303 5175 illud

122 5295 201 5351 αι
224 5298 342 5356 Cor.
370 5311 436 5362 ιι,
469 5295 563 5352 15.
659 5294 703 5327 ιι
730 5293 891 5347 Rom.
917 5289 1129 5355 vn,15,
1160 5287 1258 5362 19._
1351 5284 1397 5317 θ’
1423 5280 1609 5362 ligor}

1814 5292 1872 5362 ιι3
2019 5273 2067 5306 ⁸³
2090 5271 2236 5362 ibid;
2257 5271 2311 5327 5.
2346 5265 2708 5362 ἐκ,
2736 5263 2973 5362 2'9,Iseq.
3045 5259 3144 5362 “‘1.

60 5326 137 5430 III.
147 5326 361 5424 alio?“
374 5326 436 5424 Illi,
610 5380 656 5431 ι,
689 5326 905 5419 Ξθῖυυῖτ
1076 5326 1292 5422 Ἄϊδι
1322 5326 1440 5420 XXI:
1448 5326 1547 5407 ’Ξῖ

1992 5326 2134 5410 xvri,
2165 5342 2259 5398 25.
2302 5326 2307 5327 7
2345 5342 2390 5374 ⁸⁸
2425 5342 2553 5395 ibid.
2581 5336 2654 5392 28
2692 5326 2704 5330 ⁷
2749 5326 2977 5391 ’θ’δοιιίι.
3011 5348 3051 5401 ι,
3084 5330 3179 5395 4|,
3205 5326 3301 5381 42.

69 5427 297 5497 διΗιιιιιι.
324 5455 401 5508 1v,
433 5427 661 5507 l8,°l9§
689 5434 861 5491 Marc.
898 5450 938 5499 ι,
975 5430 1179 5497 16,17.

124 5583 223 5655 {85)
259 5583 439 5641 Codex
479 5580 712 5653 Regius,
746 5578 1033 5655 ἀνακρίνει
1076 5570 1188 5637 οἷός
1217 5589 1278 5626 τε
1307 5567 1397 5654 ᾖ,
1432 5567 1609 5655 male;

1808 5541 2978 5655 29.35391‘2‘031‘5891322;33.28%.‘3232
3001 5534 3144 5594 me
3163 5541 3295 5587 "°’°

124 5614 223 5655 ιω]
261 5614 439 5641 unus;
490 5614 712 5653 ιιῡδιυυ,
746 5614 1033 5651 υινυυινυσςυ
1077 5614 1185 5637 νιν,
1229 5614 1278 5626 --ν
1332 5614 1397 5646 υ,
1434 5614 1538 5624 ..η--

63 5648 365 5710 Bodleianus
429 5663 612 5708 autem
674 5662 733 5708 et
790 5650 1127 5706 Barberinus
1190 5654 1249 5698 ut
1307 5643 1359 5697 in
1427 5651 1547 5694 uost

1511 5614 1614 5694 llié
1668 5620 1669 5623 η
1725 5614 2263 5710 εοᾷξιέιῖᾒεεξιιέζνκαὶ
2284 5614 2714 5710 ’ἔοίςῦάέδρθάμον
2742 5614 2998 5710 ξίερ-ξῇξξξξ

66 5682 365 5710 Ινυιιιῦιῦιιιιδ
429 5682 612 5708 autc":
674 5682 733 5708 CI
790 5682 989 5706 υαιυῦι
1004 5682 1127 5703 unua
1190 5682 1249 5698 υ,
1307 5682 1359 5697 Ill
1427 5682 1547 5694 Iuv-av

66 5733 223 5779 '
1536 5742 1549 5753 ⁸

1815 5682 2083 5779 ἑᾷ)οᾶρζ
2104 5682 2245 5754 ilice
2273 5682 2391 5754 νοιξ
2402 5682 2680 5764 παρέλκει,
2709 5697 2761 5743 et
2792 5682 3014 5741 omnino
3039 5682 3123 5732 est
3149 5684 3302 5727 rese-

269 5792 375 5850 Καὶ
414 5790 539 5862 τοῖς
566 5794 682 5850 ὑπὸ
730 5792 940 5864 νόμον,
982 5788 1064 5857 ὡς
1104 5784 1224 5845 ὑπὸ
1265 5785 1472 5855 νόμον,
1519 5742 1615 5834 ira

435 5790 539 5862 τοῖς
566 5794 682 5850 ὑπὸ
730 5792 940 5864 νόμον,
982 5788 1064 5857 ὡς
1104 5784 1224 5845 ὑπὸ
1265 5785 1472 5855 νόμον,
1519 5742 1621 5834 ira
1731 5742 1922 5833 cauda.
