3766 6142
456 261 562 320 319

1915 264 2238 323 ORIGENIS

3624 257 3733 315 3'20

458 383 656 450 accipit
685 400 699 436 :
732 399 753 433 ι
784 380 863 436 Tu
896 398 954 438 es
979 381 1192 449 Petrus,
1217 392 1273 439 et
1293 398 1454 452 supou
1483 384 1623 441 hanc
1655 398 1863 457 petram
1891 386 2025 442 aedi-

2164 384 2287 448 αίας
2323 383 2476 454 μόλις
2518 380 2645 436 ποτε
2680 381 2772 436 καὶ
2807 379 3032 454 ὕστερον
3072 379 3336 451 λαμϐάνει
3367 378 3429 433 τό
3451 394 3466 408 ·
3512 396 3532 427 ι
3568 376 3646 429 Σὺ
3684 371 3737 428 εἴ

459 474 633 529 ﬁcaho
664 474 963 531 Ecclesiam
997 491 1169 529 meam
1193 476 1234 507 "
1259 476 1299 531 “.
1329 475 1616 532 »Εῑεῐεευιιι
1643 477 1860 546 quidem
1888 476 2028 546 apud

455 564 1040 638 Joanneutagnoscunt
1066 566 1347 637 baptizare
1377 567 1635 623 Pharisaai
1664 569 1716 623 in
1750 568 2028 640 discipulis

457 659 599 730 ejus,
628 675 751 716 cum
790 660 916 715 aliis
933 660 1101 715 rebus
1126 659 1416 730 praecipuis
1445 662 1612 715 etiam
1638 660 1739 715 hoc
1778 660 1986 716 iaciens
2011 678 2026 715 :

460 761 518 807 at
553 753 693 822 apud
728 761 836 809 tres
863 750 1022 809 Jesus
1046 752 1460 823 haudquaquam
1493 753 1756 822 baptizat.
1805 751 2034 823 Insuper

457 840 704 913 Baptista
745 841 983 901 Joannes
1013 846 1151 916 apud
1195 844 1438 913 ejusdem
1485 844 1725 899 nominis
1754 845 2033 914 evangeli-

458 945 600 988 stam
623 946 936 1003 perseverat
966 952 1070 992 non
1101 936 1381 1006 conjectus
1411 937 1463 991 in
1498 949 1800 992 carcerem.
1828 934 2029 991 Contra

457 1026 597 1095 apud
635 1026 948 1082 Matthaum
979 1027 1093 1083 fere
1121 1037 1327 1085 tentato
1355 1028 1481 1085 Jesu
1512 1029 1568 1082 in
1607 1043 1882 1085 carcerem
1924 1038 2033 1084 tra-

455 1119 633 1183 ditur;
660 1134 822 1189 quam
853 1120 922 1173 ob
949 1134 1172 1174 causam
1202 1121 1406 1176 secedit
1436 1120 1600 1175 etiam
1640 1118 1800 1176 Jesus
1830 1120 1882 1174 in
1919 1119 2032 1176 Ga-

457 1208 679 1276 lilaeam,
716 1225 916 1266 cavens
943 1212 1084 1266 trudi
1115 1212 1166 1266 in
1194 1226 1471 1267 carcerem
1494 1211 1695 1283 :168
1723 1211 1941 1280 quando
1966 1226 2033 1267 ne

456 1300 667 1357 carceri
724 1302 944 1371 quidem
999 1303 1229 1357 traditus
1287 1303 1561 1357 invenitur
1602 1302 1845 1372 Baptista
1893 1303 2035 1372 apud

452 1388 742 1447 Joannem.
789 1390 1023 1449 Proinde
1054 1396 1181 1464 quis
1221 1393 1357 1449 adeo
1390 1393 1608 1463 sapiens
1638 1402 1692 1448 et
1734 1394 1788 1448 in
1820 1403 2032 1449 tantum

455 1483 685 1539 idoneus
707 1493 811 1551 est,
841 1495 900 1539 ut
929 1494 1094 1539 totum
1112 1482 1296 1541 Jesum
1326 1500 1395 1540 et
1423 1495 1662 1555 quatuor
1684 1485 2036 1555 evangelistis

457 1576 657 1642 discat,
696 1578 897 1646 quique
931 1578 1108 1632 valeat
1139 1591 1580 1646 unamquamque
1624 1592 1738 1631 rem
1779 1577 2032 1647 privatim

454 1683 776 1736 agnoscere,
824 1684 1122 1740 omnesque
1141 1668 1344 1726 Christi
1389 1668 1572 1723 videre
1601 1667 1685 1724 vel
1718 1669 2034 1740 peregrina-

2129 477 2363 546 Πέτρος,
2406 477 2499 529 καί
2539 476 2632 529 ἐπὶ
2674 474 2845 546 ταύτῃ
2891 476 2959 545 τῇ
3012 473 3188 544 πέτρᾳ
3231 470 3590 542 οἰκοδομήσω
3627 486 3733 539 μου

2128 568 2227 640 τὴν
2262 567 2608 640 Ἐκκλησίαν.
2629 586 2649 619 r
2682 568 2796 621 Καὶ
2836 571 2865 622 ό
2896 568 2996 639 μὲν
3035 566 3187 638 παρά
3216 565 3294 637 τῷ
3341 565 3582 637 Ἰωάννῃ
3628 564 3736 633 Ἰη-

2132 658 2257 723 σοῦς
2302 657 2629 729 γινώσκεται
2658 659 2810 733 παρά
2847 661 2961 721 τοῖς
3001 656 3314 730 Φαρισαίοις
3343 651 3641 727 βαπτίζων
3671 655 3734 707 ἐν

2129 753 2242 816 τοῖς
2273 752 2540 825 μαθηταῖς
2573 751 2762 818 αὐτοῦ,
2809 750 3085 823 βαπτίζων
3119 750 3231 822 (86)
3287 751 3382 804 atat
3413 747 3571 821 μετὰ
3621 746 3734 801 τῶν

2131 840 2305 896 ἀλλων
2346 840 2649 914 ἐξαιρέτων,
2673 842 2766 895 καὶ
2794 839 2953 895 τοῦτο
2993 844 3190 899 ποιῶν
3220 841 3250 894 ό
3280 839 3338 894 δὲ
3387 838 3558 911 παρά
3614 838 3730 903 τοῖς

2129 934 2309 1005 τρισὶν
2368 933 2575 1004 Ἰησοῦς
2632 932 2882 1006 οὐδαμῶς
2936 931 3208 1005 βαπτίζει.
3264 933 3385 986 Ἔτι
3437 931 3507 985 δὲ
3554 930 3658 983 καὶ
3701 931 3732 984 6

2131 1024 2443 1097 Βαπτιστὴς
2493 1025 2747 1096 Ἰωάννης
2785 1025 2950 1097 μέχρι
2997 1023 3194 1078 πολλοῦ
3242 1024 3393 1096 παρὰ
3435 1020 3525 1094 τῷ
3574 1021 3729 1093 ὁμω-

2133 1115 2287 1190 νύμῳ
2321 1117 2681 1189 εὐαγγελιστῇ
2726 1117 2959 1189 διαρκεῖ,
2995 1115 3069 1189 μὴ
3115 1114 3454 1187 βεϐλημένος
3490 1115 3582 1178 εἰς
3631 1131 3731 1184 φυ-

2133 1210 2325 1281 λακήν.
2366 1210 2424 1263 '0
2456 1210 2513 1264 δὲ
2553 1209 2703 1282 παρὰ
2745 1209 2823 1281 τῷ
2850 1208 3117 1279 Ματθαίῳ
3144 1208 3327 1279 σχεδὸν
3367 1205 3557 1278 Ἰησοῦ
3606 1224 3725 1259 πει·

2136 1301 2438 1374 ραςομένου
2480 1302 2561 1365 είς
2593 1300 2690 1372 τὴν
2734 1298 2980 1370 φυλακὴν
3016 1297 3401 1369 παραδίδοται·
3436 1297 3514 1351 δι’
3543 1296 3607 1351 ὃν
3637 1297 3731 1350 καὶ

2134 1394 2409 1465 ἀναχωρεῖ
2430 1394 2458 1447 ό
2495 1392 2699 1465 Ἰησοῦς
2738 1394 2819 1456 είς
2850 1390 2948 1463 τὴν
2970 1389 3260 1445 Γαλιλαίαν
3293 1389 3728 1463 περιιστάμενος

2132 1484 2195 1538 τὸ
2238 1484 2493 1555 γενέσθαι
2523 1486 2580 1538 ὲν
2612 1488 2679 1557 τῇ
2729 1483 2974 1556 φυλακῇο
3012 1481 3125 1536 ἀλλ’
3150 1482 3270 1536 οὐδὲ
3299 1482 3631 1555 εὑρίσκεται
3671 1482 3727 1535 ἐν

2135 1575 2214 1647 τῷ
2251 1575 2472 1650 Ἰωάννῃ
2506 1578 2534 1630 ὁ
2579 1578 2891 1647 Βαπτιστὴς
2946 1575 3372 1649 κπαραδιδόμενος
3413 1576 3507 1640 εἰς
3559 1575 3726 1646 φυλα-

2137 1668 2261 1740 κήν.
2292 1668 2388 1733 Τίς
2434 1668 2479 1722 δ’
2516 1667 2688 1733 οὕτως
2737 1668 2920 1738 σοφὸς,
2955 1668 3049 1722 καὶ
3084 1668 3177 1722 ἐπὶ
3207 1666 3465 1723 τοσοῦτον
3514 1667 3725 1734 ἱκανὸς,

456 1759 657 1825 tiones,
696 1760 777 1816 vel
823 1776 1136 1828 sermoues,
1174 1760 1260 1816 vel
1310 1761 1516 1831 opera?
1548 1762 1619 1818 Ac
1646 1763 2033 1818 convenienter

2162 1776 2208 1822 ›ς
2256 1758 2434 1812 πάντα
2481 1759 2575 1812 τὸν
2616 1758 2824 1830 Ἰησοῦν
2854 1757 2962 1811 ἀπὸ
2990 1758 3099 1811 τῶν
3143 1757 3427 1830 τεσσάρων
3492 1758 3728 1827 εὐαγγε-

454 1854 670 1923 quidem
695 1855 944 1925 praesenti
975 1854 1093 1910 loco
1106 1855 1479 1910 existimamus
1491 1865 1642 1910 sexto
1664 1854 1749 1909 die
1772 1854 2028 1910 Servato-

454 1961 596 2013 rem,
623 1946 845 2016 quando
879 1946 1078 2001 factum
1113 1955 1197 2001 est
1241 1946 1517 2017 negotium
1563 1944 1694 1999 illud
1720 1944 2029 2014 nuptiarum

453 2038 510 2094 in
562 2037 710 2094 Caua
752 2038 1009 2106 Galilaaae,
1058 2037 1404 2093 descendisse
1454 2034 1856 2105 Capharnaum,
1886 2036 2030 2106 quod

452 2127 850 2199 interpretatur
883 2146 1009 2199 ager
1038 2128 1437 2193 consolationis,
1472 2142 1594 2180 cum
1631 2136 1823 2193 matre,
1847 2136 1902 2182 et
1924 2127 2031 2183 fra-

452 2218 649 2286 tribus,
677 2227 733 2274 et
754 2219 1055 2289 discipulis.
1087 2219 1168 2273 Ad
1200 2234 1392 2288 agrum
1437 2232 1671 2286 namque
1701 2216 2030 2274 consolatio-

455 2313 543 2367 nis
569 2320 691 2381 post
721 2311 935 2380 epulum
964 2312 1093 2366 illud
1118 2311 1243 2366 vino
1265 2310 1479 2366 celebre
1502 2325 1627 2364 cum
1652 2317 1847 2374 matre,
1877 2324 2030 2365 cum-

454 2419 563 2472 que
592 2403 872 2472 discipulis
901 2404 1087 2458 venire
1112 2401 1461 2457 Servatorem
1502 2415 1726 2457 necesse
1749 2408 1870 2455 erat
1898 2414 2030 2455 con-

456 2496 760 2552 solaturum
813 2497 1125 2566 discipulos,
1170 2506 1334 2565 atque
1372 2511 1491 2551 eam
1537 2497 1774 2551 animam
1812 2510 1933 2565 quae
1962 2508 2028 2549 ex

457 2588 664 2658 Spiritu
702 2598 891 2643 sancto
918 2598 1263 2659 conceperat,
1296 2597 1461 2643 eteos
1491 2588 1581 2659 qui
1613 2588 1722 2643 illic
1741 2588 2025 2643 utilitatem

453 2686 821 2749 perceperunt
849 2693 862 2728 :
896 2677 1330 2742 consolaturum,
1366 2675 1943 2748 inquam,efructibus
1976 2674 2028 2728 in

452 2781 588 2834 agro
616 2766 777 2836 pleno
804 2768 1018 2822 futuris.

448 2860 569 2922 ταῖς
615 2858 932 2930 ἐληλυθέναι
968 2859 1060 2912 τὸν
1111 2859 1369 2931 Σωτῆρα,
1430 2857 1883 2931 παρακαλέσοντα
1935 2858 2026 2911 ἐπὶ

2134 1847 2330 1902 λιστῶν
2389 1848 2578 1920 μαθεῖν
2596 1888 2611 1914 ,
2670 1849 2764 1903 καὶ
2822 1849 3053 1904 ἕκαστον
3118 1848 3226 1922 ἰδίᾳ
3287 1849 3550 1922 χωρῆσαι
3604 1849 3725 1920 νοῆ-

2134 1958 2225 1995 σαι
2272 1940 2404 2013 (87),
2433 1942 2528 1999 καὶ
2575 1940 2756 2007 πάσας
2794 1942 2960 1998 αὑτοῦ
2990 1943 3089 2007 τὰς
3121 1942 3243 1996 καθ’
3280 1943 3520 1996 ἕκαστον
3564 1941 3725 1997 τόπον

2136 2034 2265 2088 ίδεῖν
2292 2032 2604 2104 ἐπιδημίας,
2623 2034 2718 2088 καὶ
2732 2034 2943 2103 λόγους,
2967 2035 3063 2088 καὶ
3082 2034 3251 2105 ἔργα;
3274 2034 3383 2088 Καὶ
3402 2032 3443 2088 ἃ.
3468 2033 3722 2106 μέντοιγε

2132 2125 2274 2180 κατά
2302 2125 2393 2180 τὸν
2423 2126 2534 2198 (88)
2585 2127 2945 2199 προκείμενον
2994 2131 3182 2193 τόπον,
3215 2127 3532 2191 ἀκολούθως
3570 2126 3721 2198 νομί·

2136 2217 2300 2289 ζομεν
2333 2219 2399 2289 τῇ
2438 2217 2575 2291 ἕκτη
2617 2219 2802 2291 ἡμέρᾳ
2834 2220 2926 2273 τὸν
2968 2219 3199 2291 Σωτῆρα
3236 2218 3346 2290 (89)
3371 2257 3387 2282 ,
3422 2219 3518 2272 ὅτε
3564 2218 3722 2287 γεγέ-

2135 2326 2294 2382 νηται
2320 2311 2355 2381 ἡ
2394 2308 2537 2363 κατά
2571 2311 2660 2365 τὸν
2689 2296 2866 2382 γάμον
2894 2312 3178 2383 οἰκονομία
3204 2312 3262 2365 ἐν
3295 2307 3456 2378 Κανᾷ
3493 2309 3599 2380 τῆς
3624 2310 3723 2363 Γα-

2135 2400 2381 2467 λιλαίας,
2434 2402 2872 2474 καταϐεϐηκέναι
2923 2404 3042 2473 ἅμα
3089 2405 3157 2475 τῇ
3217 2403 3386 2476 μητρὶ
3407 2444 3427 2470 ,
3476 2402 3575 2457 καὶ
3613 2404 3720 2465 τοῖς

2136 2494 2409 2564 ἀδελφοῖς,
2440 2494 2535 2547 καὶ
2574 2497 2689 2559 τοῖς
2725 2493 2992 2566 μαθηταῖς
3040 2497 3120 2559 είς
3172 2494 3271 2566 τὴν
3304 2494 3717 2566 Καφαρναοὺμ,

2132 2584 2267 2657 ὅπερ
2291 2583 2651 2657 ἑρμηνεύεται
2680 2587 2861 2656 ἀγρὸς
2889 2585 3334 2656 παρακλήσεως
3358 2586 3496 2657 (90).
3529 2586 3717 2657 Ἐχρῆν

2134 2675 2245 2748 γὰρ
2292 2676 2433 2748 μετὰ
2461 2677 2559 2748 τὴν
2604 2679 2659 2731 ὲν
2689 2677 2768 2749 τῷ
2800 2678 2928 2750 οἴνῳ
2967 2678 3202 2750 εὐωχίαν
3244 2679 3339 2732 καὶ
3377 2680 3461 2742 είς
3505 2678 3600 2732 τδν
3626 2677 3718 2747 τῆς

2133 2767 2531 2839 παρακλήσεως
2572 2769 2741 2841 ἀγρὸν
2779 2769 2899 2841 ἅμα
2944 2772 3011 2842 τῇ
3049 2771 3239 2842 μητρὶ,
3272 2770 3367 2824 καὶ
3392 2772 3511 2833 τοῖς
3547 2768 3713 2841 μαθη-

2086 2863 2199 2925 τοῖς
2260 2864 2319 2916 ὲν
2366 2862 2446 2934 τῷ
2505 2862 2701 2934 πλήρει
2771 2862 2926 2934 ἀγρῷ
2981 2864 3261 2937 ἐσομένοις
3316 2865 3554 2935 καρποῖς
3597 2860 3714 2923 τοὺς

455 2952 930 3025 μαθητευομένους
986 2952 1080 3007 καὶ
1124 2953 1221 3026 τὴν
1262 2951 1642 3025 συνειληφυῖαν
1691 2954 1870 3027 ψυχὴν
1911 2954 2022 3026 (91)
2060 2956 2126 3008 ὲκ
2173 2954 2268 3010 τοῦ
2307 2957 2461 3027 ἁγίου
2500 2958 2854 3030 Πνεύματος,
2895 2958 2929 3030 ἢ
2982 2961 3109 3022 τοὺς
3153 2958 3269 3012 ἐκεῖ
3311 2955 3711 3029 ὠφελημένους.

529 3044 584 3096 7.
612 3042 974 3110 Quaerendum
1004 3051 1245 3097 attamen
1273 3057 1447 3113 quare
1472 3043 1539 3097 ad
1591 3045 1810 3114 nuptias
1836 3043 2035 3100 fratres

2212 3045 2263 3100 7.
2305 3048 2578 3120 Ζητητέον
2628 3049 2876 3119 μέντοιγε
2922 3047 3009 3103 διὰ
3038 3048 3092 3102 τί
3140 3050 3221 3112 είς
3263 3049 3361 3120 μὲν
3403 3048 3499 3103 τὸν
3548 3048 3713 3119 γάμον

452 3134 574 3204 ejus
602 3151 707 3191 non
742 3146 1036 3202 vocentur;
1068 3135 1165 3192 sed
1191 3150 1365 3207 neque
1395 3146 1548 3190 erant
1574 3136 1717 3203 illic;
1760 3154 1860 3193 nec
1887 3137 2032 3192 enim

456 3227 662 3283 dictum
692 3236 813 3283 est:
846 3227 900 3281 ln
931 3227 1312 3298 Capharnaum
1339 3238 1518 3282 autem
1551 3227 1883 3283 descendunt
1911 3245 2034 3285 cum

459 3318 602 3389 ipso,
632 3327 688 3374 et
727 3327 900 3373 matre
939 3334 1061 3387 sua,
1092 3329 1146 3374 et
1176 3321 1476 3391 discipulis.
1514 3320 1739 3391 Insuper
1783 3337 2037 3393 quaeren-

458 3419 586 3464 dum
637 3426 807 3481 quare
858 3428 1004 3466 nunc
1049 3427 1153 3466 non
1197 3408 1573 3482 ingrediuntur
1620 3412 2034 3483 Capharnaum,

459 3517 636 3572 neque
662 3505 967 3559 ascendunt
1006 3503 1072 3558 ad
1105 3505 1298 3572 ipsam,
1329 3505 1424 3559 sed
1473 3507 1827 3561 descendunt.
1860 3505 2038 3573 Quare

456 3596 583 3651 vide
609 3610 678 3649 an
714 3596 820 3652 hoc
851 3597 905 3650 in
940 3596 1061 3651 loco
1088 3612 1183 3665 per
1210 3596 1409 3651 fratres
1440 3597 1802 3668 intelligenda:
1824 3599 1934 3653 sint
1958 3599 2039 3653 hae

456 3688 717 3760 potentia:
751 3701 872 3758 qua:
906 3703 1030 3741 cum
1076 3688 1195 3757 ipso
1245 3687 1670 3752 descenderunt,
1712 3703 1833 3758 quae
1872 3687 2037 3743 etiam

459 3783 528 3835 ad
588 3780 804 3850 nuptias
837 3788 1039 3834 vocatae
1092 3794 1197 3833 nou
1249 3790 1379 3834 sunt
1421 3780 1491 3835 ob
1531 3794 1592 3834 ea
1629 3796 1747 3849 qua:
1787 3777 2039 3850 praedixi-

460 3888 607 3939 mus,
638 3890 761 3927 cum
799 3874 941 3929 infra
970 3884 1025 3929 et
1060 3875 1111 3928 in
1146 3872 1281 3928 locis
1315 3873 1697 3928 humilioribus
1720 3874 1978 3944 juventur
2001 3869 2038 3925 ii

458 3966 554 4037 qui
586 3967 787 4021 Christi
818 3967 1089 4022 habentur
1116 3965 1391 4036 discipuli,
1446 3977 1502 4022 et
1550 3966 1776 4021 alterius
1819 3964 2041 4036 generis

460 4058 740 4122 homines;
784 4060 1073 4127 quoniam,
1118 4061 1164 4115 si
1207 4071 1432 4116 vocatur
1497 4070 1676 4115 mater
1725 4058 1876 4130 ejus,
1930 4061 2042 4119 sint

461 4152 682 4223 quidam
707 4151 1058 4221 proﬁcientes
1082 4163 1137 4207 et
1160 4151 1581 4219 fructiﬁcantes,
1613 4152 1680 4208 ad
1707 4168 1843 4224 quos
1876 4156 2041 4209 etiam

462 4241 750 4297 descendit
786 4241 1044 4297 Dominus
1081 4243 1196 4314 ipse
1231 4259 1353 4298 cum
1383 4244 1649 4301 ministris
1684 4246 1836 4300 verbi
1871 4243 1962 4299 Dei
1986 4255 2043 4299 et

462 4332 765 4402 discipulis,
823 4333 959 4387 tales
992 4333 1288 4404 adjuvans,
1331 4346 1505 4391 matre
1558 4335 1659 4390 sibi
1705 4338 1869 4391 etiam
1904 4335 2044 4390 assi-

2135 3139 2198 3193 οὗ
2224 3138 2512 3195 καλοῦνται
2545 3143 2594 3194 οἱ
2635 3142 2854 3210 ἀδελφοὶ
2881 3139 3046 3194 αὐτοῦ
3066 3157 3079 3170 ·
3117 3140 3232 3194 ἀλλ’
3262 3140 3381 3193 οὐδὲ
3410 3137 3555 3212 ἦσαν
3588 3142 3709 3203 ἐκεῖ,

2134 3231 2195 3285 οὐ
2246 3230 2354 3303 γάρ
2398 3230 2645 3302 εἴρηται·
2687 3234 2767 3296 εἰς
2803 3232 2862 3285 δὲ
2894 3232 2993 3303 τὴν
3044 3232 3424 3303 Καφαρναοὺμ
3464 3230 3711 3285 καταϐαίο

2136 3339 2285 3376 νουσι
2334 3323 2451 3394 μετ’
2496 3324 2681 3387 αὐτοῦ,
2727 3325 2820 3378 καὶ
2865 3325 2965 3394 τῆς
2998 3324 3210 3396 μητρὸς
3256 3324 3444 3386 αὐτοῦ,
3493 3324 3587 3378 καὶ
3614 3322 3710 3375 τῶν

2139 3413 2415 3487 μαθητῶν.
2447 3416 2566 3469 Ἔτι
2611 3417 2669 3470 δὲ
2707 3415 3023 3484 ἐξεταστέον
3061 3416 3149 3470 διὰ
3180 3416 3232 3470 τί
3274 3414 3365 3470 νῦν
3397 3415 3501 3469 οὐκ
3540 3413 3707 3484 είσέρ-

2136 3524 2322 3577 χονται
2355 3510 2435 3573 είς
2472 3509 2571 3580 τὴν
2610 3510 3012 3581 Καφαρναοὺμ,
3042 3508 3179 3581 μηδὲ
3226 3508 3608 3562 ἀναϐαίνουσιν
3638 3508 3705 3570 είς

2136 3598 2327 3671 αὐτὴν,
2374 3598 2510 3653 ἀλλὰ
2560 3600 3004 3655 καταϐαίνουσιν.
3042 3598 3189 3672 Ὅρα
3240 3596 3333 3654 οὖν
3387 3603 3436 3654 εί
3491 3597 3708 3653 ἐνταῦθα

2137 3692 2265 3755 τοὺς
2309 3691 2569 3762 ἀδελφοὺς
2631 3694 2751 3747 ἀντὶ
2794 3693 2903 3748 τῶν
2974 3692 3527 3764 συγκαταϐεϐηκυιῶν
3571 3687 3706 3759 αὐτῷ

2138 3783 2421 3855 δυνάμεων
2463 3784 2783 3856 ὲκληπτέον,
2817 3785 2876 3839 ού
2914 3784 3264 3856 καλουμένων
3309 3786 3389 3848 είς
3422 3785 3514 3837 τὸν
3544 3781 3705 3852 γάμον

2141 3875 2263 3928 καθ’
2288 3875 2355 3939 ἃς
2400 3878 2632 3947 εἴπαμεν
2672 3876 2983 3947 διηγήσεις,
3033 3874 3330 3946 κατωτέρω
3359 3874 3417 3927 δὲ
3444 3876 3504 3927 ὲν
3536 3871 3705 3927 ὑποδε-

2140 3968 2382 4041 εστέροις
2414 3969 2520 4021 τῶν
2553 3968 2997 4040 χρηματιζόντων
3034 3968 3290 4039 μαθητῶν
3319 3966 3415 4020 τοῦ
3459 3964 3704 4039 Χριστοῦ,

2141 4061 2236 4113 καὶ
2267 4060 2425 4115 ἄλλου
2458 4060 2635 4125 εἴδους
2674 4060 3044 4133 ὠφελημένων
3064 4078 3076 4090 '
3106 4060 3209 4123 ὅτι,
3249 4060 3297 4113 εί
3338 4058 3581 4111 καλεῖται
3608 4056 3700 4127 μή·

2140 4168 2246 4224 τηρ
2298 4150 2484 4217 αὑτοῦ,
2532 4153 2639 4204 εἰσί
2688 4170 2833 4216 τινες
2885 4150 3396 4224 καρποφοροῦντες,
3444 4152 3579 4222 πρὸς
3622 4145 3700 4210 οὓς

2143 4243 2307 4306 αὑτός
2340 4259 2398 4296 τε
2448 4242 2763 4296 καταϐαίνει
2811 4246 2840 4297 ὀ
2882 4243 3084 4314 Κύριος
3129 4244 3225 4296 σὺν
3260 4245 3371 4305 τοῖς
3423 4241 3700 4312 ὑπηρέταις

2142 4330 2237 4387 τοῦ
2273 4334 2469 4403 Λόγου,
2510 4336 2603 4388 καὶ
2641 4334 2943 4406 μαθηταῖς,
2976 4335 3100 4397 τοὺς
3148 4331 3427 4396 τοιούτους
3475 4328 3700 4401 ὠφελῶν,

461 4434 659 4480 steute.
692 4426 836 4481 Sane
866 4427 958 4495 qui
987 4428 1330 4498 appellantur
1358 4427 1763 4497 Capharnaum,
1794 4426 2042 4481 videntur

2162 4427 2241 4482 tat
2266 4427 2368 4499 τῆς
2412 4429 2619 4500 μητρὸς
2653 4427 2803 4500 αὐτῷ
2849 4426 3260 4499 συμπαρούσης.
3302 4425 3543 4478 Ἐοίκασί
3580 4439 3635 4491 γε
3659 4420 3701 4474 al

464 4528 574 4568 non
599 4530 793 4584 capere
823 4515 1220 4572 diuturniorem
1255 4514 1407 4582 .lesu,
1442 4532 1765 4587 eorumque,
1796 4518 1889 4587 qui
1918 4530 2040 4572 cum

467 4606 586 4674 ipso
632 4607 1047 4673 descenderant,
1094 4609 1235 4678 apud
1282 4625 1342 4664 se
1392 4609 1869 4677 consuetudinem,
1904 4609 2046 4664 unde

467 4711 691 4754 manent
715 4702 932 4771 quidem
968 4704 1108 4773 apud
1139 4703 1287 4773 ipsos
1316 4717 1420 4757 non
1457 4703 1643 4758 multis
1666 4703 1883 4758 diebus.
1911 4701 2046 4757 Nam

466 4806 596 4859 ager
625 4794 1009 4851 consolationis
1039 4793 1262 4851 inferna:
1283 4810 1391 4849 non
1419 4799 1564 4866 capit
1592 4794 2047 4849 illumiuationetn

470 4888 538 4942 de
564 4888 744 4945 multis
760 4890 1119 4961 dogmatibus,
1145 4907 1324 4949 rerum
1347 4893 1587 4951 teuuium
1606 4905 1731 4947 eum
1756 4890 1827 4945 sit
1852 4905 2047 4961 capax.

539 5035 584 5069 “
614 5043 631 5060 θ
658 5038 845 5094 Matth.
871 5055 979 5106 xvt,
1009 5039 1096 5106 18,

543 5181 659 5252 t86)
694 5180 1013 5242 Βαπτίζων.
1045 5183 1207 5239 Deest
1239 5182 1291 5237 in
1324 5182 1448 5238 cod.
1489 5182 1771 5239 Bodleian.
1807 5191 1864 5238 et
1904 5181 2048 5238 vide-

469 5265 563 5311 tur
589 5256 960 5308 resecantluut.

460 5364 510 5405 ..ζ
543 5325 658 5405 (8_'l)
693 5323 831 5405 Ἰρίςι
854 5323 1121 5405 χωρῆσαι
1136 5322 1374 5405 τοῆσαι.
1403 5322 1479 5378 Ita
1507 5322 1677 5379 codex
1700 5321 2052 5394 Bodleianus;

471 5395 694 5464 Regius,
719 5395 1058 5466 διαχωρῆσαι
1078 5395 1288 5466 νοῆσαι.

546 5463 658 5533 (⁷88)
697 5463 871 5521 Καὶᾶ
896 5463 1170 5535 μέντοιγε
1191 5465 1342 5519 κατὰ
1370 5465 1497 5528 τόν,
1524 5474 1633 5519 etc.
1669 5464 1741 5517 Ita
1773 5463 1969 5532 legitur
1993 5463 2047 5517 in

471 5539 728 5590 omnibus
760 5539 956 5591 nostris
988 5552 1153 5599 mss.;
1198 5536 1428 5591 Huetius
1468 5550 1599 5590 vero
1629 5535 1918 5606 legendum
1953 5549 2049 5603 pu-

476 5608 603 5660 tavit
632 5608 774 5679 κατὰ
799 5608 1044 5679 μέντοιγε
1066 5606 1178 5671 τόν,
1227 5616 1331 5679 etc.

546 5680 667 5750 t89)_
702 5674 830 5734 Post
870 5678 1110 5750 Σωτῆρα
1159 5678 1332 5750 codex
1380 5676 1707 5750 Bodleianus
1748 5674 1900 5734 addit
1950 5690 2046 5727 πε-

482 5748 783 5817 ποιηκέναι,
827 5752 919 5806 sed
952 5748 1173 5805 (inmitto
1205 5748 1489 5804 redundat.

2141 4519 2465 4591 καλούμενοι
2511 4523 2893 4594 Καφαρναοὺμ
2941 4523 3016 4594 μὴ
3064 4523 3263 4593 χωρεῖν
3293 4518 3391 4590 τὴν
3444 4515 3701 4571 ὲπιπλεῖσν

2137 4611 2420 4685 διατριϐὴν
2468 4617 2600 4687 παρ’
2628 4617 2812 4679 αὐτοῖς
2848 4615 2944 4669 τοῦ
2983 4614 3180 4685 Ἰησοῦ,
3226 4616 3321 4668 καὶ
3367 4612 3476 4668 τῶν
3524 4625 3701 4679 συγκα-

2142 4705 2507 4761 ταϐαινόντων
2549 4707 2730 4780 αὐτῷ·
2779 4708 2900 4761 ὅθεν
2953 4708 3172 4779 μένουσι
3221 4706 3322 4778 μὲν
3367 4705 3500 4778 παρ’
3544 4702 3700 4761 αὐτοῖς

2143 4800 2205 4853 ού
2242 4800 2349 4871 μὴν
2388 4801 2591 4865 πολλὰς
2620 4803 2860 4874 ἡμέρας·
2898 4802 2987 4855 τὸν
3019 4800 3126 4873 γὰρ
3158 4800 3286 4872 περὶ
3318 4799 3575 4852 πλειόνων
3603 4792 3698 4865 (92)

2146 4892 2435 4964 δ)γμὰτων
2471 4895 2750 4966 φωτισμὸν
2784 4894 2814 4946 6
2842 4894 2944 4964 τῆς
2989 4894 3285 4965 κατωτέρω
3327 4890 3700 4964 παρακλήσεως

2223 5177 2340 5247 (90)
2396 5172 2806 5247 Καφαρναοὺμ
2830 5210 2845 5235 ,
2896 5170 3042 5238 ὅπερ
3076 5167 3477 5247 έδρμηνεᾷεςαι
3517 5158 3686 5247 fame;

2150 5238 2615 5318 παρακλησὲωξι.
2670 5238 3030 5318 Hieronymus
3066 5239 3141 5293 De
3191 5238 3453 5318 nominib.
3509 5239 3691 5318 trein

2152 5306 2721 5388 Capharndumfager
2745 5352 2763 5379 ,
2802 5306 2891 5388 rei
2935 5308 3060 5365 villa
3097 5307 3493 5364 consolationis.
3536 5306 3579 5361 Δ
3606 5307 3700 5362 ’Β

2149 5384 2339 5460 pagus,
2366 5396 2423 5441 et
2454 5397 2592 5447 om,
2633 5384 2935 5460 consolatus
2970 5390 3068 5460 est.

2221 5447 2336 5531 (9ιὶ
2361 5461 2407 5512 Σ
2410 5454 2807 5531 υνειᾷηεευῖαν
2817 5454 2905 5531 de;
2910 5451 3060 5531 xﬂr.
3074 5450 3167 5531 Ita.
3182 5450 3349 5505 codex
3370 5447 3667 5504 Bodleiauus
3682 5451 3698 5505 ;

2150 5521 2376 5601 Regius,
2409 5521 2789 5601 συνειληφυῖαν
2829 5521 3233 5601 desquama,
3263 5534 3418 5601 etc."
3501 5590 3531 5601 Α

2228 5584 2341 5670 (U92)
2364 5584 2517 5667 ’Περὶ
2539 5584 2857 5670 πλειόνων,
2880 5584 3006 5670 etc.
3018 5584 3081 5670 in
3104 5584 3344 5670 elfitiotte
3373 5589 3554 5647 Huetii
3578 5584 3697 5642 dces!

2158 5662 2306 5744 περί,
2326 5662 2476 5741 quod
2515 5667 2821 5725 restituitur
2848 5681 2878 5721 e
2909 5665 3099 5721 codice
3125 5662 3442 5719 Bodleiano.
