3766 6142
48 313 125 371 521
1106 304 1468 365 COMMENT.
1504 294 1572 359 ΙΝ

1790 348 1804 361 .
1842 307 2081 365 TOMUS
2118 309 2188 364 Χ.
3163 314 3270 369 522

47 430 178 506 ἀγρὸς
211 429 271 483 οὐ
317 429 524 500 χωρεῖ,
573 426 919 501 ὀλιγωτέρων
974 425 1259 497 τυγχάνων
1320 423 1587 485 δεκτικός.

1785 435 1963 480 eterea
1984 434 2043 479 ut
2064 425 2341 479 videamus
2358 421 2721 479 diﬂ‘erentiam
2739 439 2927 480 eorum
2943 427 3030 495 qui
3056 428 3172 496 plus
3188 429 3270 481 vel
3292 464 3299 469 ~

47 522 348 595 Παραθετέον
409 521 471 574 δὲ
523 520 663 591 πρὸς
711 521 772 573 τὸ
829 519 1105 595 οεωρῆσαι
1157 516 1422 589 διαφορὰς
1485 516 1594 569 τῶν

1785 529 1878 568 nus
1902 514 2208 585 suscipiunt
2229 512 2441 578 Iesum,
2470 514 2774 568 addendum
2803 525 2889 570 est
2915 518 3096 571 verbis
3125 518 3230 572 illis
3257 536 3272 574 :

47 620 283 677 ξεττ-,λεῖον
314 617 350 688 ἢ
387 616 610 671 ἔλαττον
652 613 957 686 δεχομένων
996 612 1088 666 τὸν
1140 606 1350 682 Ἰησοῦν
1390 607 1450 659 ὲν
1481 605 1591 677 τῷ·

51 732 64 763 ι
91 709 215 762 Ἐκεῖ
243 707 471 777 ἔμειναν
505 706 565 759 οὐ
602 704 803 768 πολλὰς
829 703 1064 776 ἡμέρας,
1097 720 1115 752 ι
1150 699 1211 752 τὸ
1246 700 1304 753 ὲν
1333 697 1412 769 τῷ
1454 695 1598 752 κατά

46 801 281 857 Ματθαῖον
306 798 389 870 τῷ
422 798 718 854 ἀναστάντι
747 799 813 850 ὲκ
842 794 1051 866 νεκρῶν
1094 789 1596 865 μεμαθητευμένοις

47 894 317 963 λεγόμενον,
364 891 464 944 καὶ
507 889 992 959 ἀποστελλομένοις
1032 883 1372 956 μαθητεῦσαι
1419 881 1599 936 πάντα

44 985 98 1038 τὰ
123 983 255 1056 ἔθνη,
289 982 467 1047 οὕτως
500 981 654 1053 ἔχον
697 999 716 1033 ι
754 980 906 1046 Ἰδοὺ,
946 978 1064 1051 μεθ’
1089 975 1244 1049 ὑμῶν
1275 977 1389 1047 εἰμι
1418 974 1599 1037 πάσας

43 1075 124 1136 τὰς
159 1072 361 1144 ἡμέρας
385 1071 496 1135 ἕως
532 1072 635 1142 τῆς
663 1069 972 1133 συντελείας
1016 1069 1110 1122 τοῦ
1162 1067 1355 1131 αἰῶνος
1375 1084 1389 1096 ·
1424 1085 1443 1119 ι
1486 1069 1600 1129 τοῖς

47 1166 127 1235 μὲν
164 1164 266 1236 γὰρ
319 1165 505 1219 πάντα
548 1165 648 1218 ὅσα
706 1163 977 1234 ἐνδέχεται
1037 1162 1198 1230 φύσιν
1253 1159 1599 1231 ἀνθρωπίνην

48 1256 214 1324 γνῶναι
247 1255 326 1308 ἔτι
365 1255 606 1310 ἐνταῦθα
631 1256 1005 1327 τυγχάνουσαν
1044 1251 1345 1323 είσομένοις
1380 1250 1599 1319 λέγεται

45 1346 293 1410 δεικτικῶς
322 1346 415 1400 τό·
473 1365 499 1400 ε
537 1346 680 1417 Ἐγὼ
729 1347 846 1418 μεθ’
895 1347 1049 1418 ὑμῶν
1078 1349 1224 1417 εἰμι·
1254 1364 1272 1397 ι
1325 1343 1422 1397 καὶ
1470 1341 1599 1413 περ).

51 1441 199 1509 πάσης
225 1439 318 1511 τῆς
348 1441 409 1491 ὲν
439 1442 559 1503 τοῖς
588 1438 985 1511 θεωρουμένοις
1019 1436 1130 1508 (9'5)
1173 1433 1437 1506 ἀνατολῆς
1464 1432 1601 1504 ὴμέ-

53 1548 131 1601 ρας
184 1530 426 1594 πλείονας
489 1529 753 1603 ποιούσης
819 1533 932 1594 τοῖς
1006 1529 1445 1600 μακαριωτάτοις
1500 1525 1559 1578 τό
1583 1540 1597 1554 ·

57 1623 250 1687 «nam;
284 1623 383 1687 τὰς
431 1622 682 1695 ἡμέρας,
721 1622 829 1686 ἕως
866 1622 967 1693 τῆς
1011 1620 1320 1683 συντελείας
1345 1616 1442 1671 τοῦ
1480 1616 1603 1671 αἰῶ-

52 1732 147 1778 νος·
172 1734 189 1765 ι
224 1714 347 1787 περ).
391 1715 449 1768 δὲ
496 1715 610 1768 τῶν
647 1716 705 1768 ὲν
751 1713 1150 1786 Καφαρναοὺμ,
1189 1711 1327 1783 πρὸς
1372 1708 1495 1776 οὓς,
1526 1708 1602 1771 ὡς

57 1803 434 1874 ὑποδεεστέρους
486 1801 930 1866 καταϐαίνουσιν,
975 1802 1036 1854 οὐ
1087 1801 1247 1873 μόνον
1291 1803 1320 1854 ὀ
1363 1797 1597 1870 Ἰησοῦς.

55 1892 161 1946 ἀλλά
197 1895 283 1947 καὶ
321 1894 354 1964 η
397 1896 587 1966 μήτηρ
640 1892 842 1957 αὐτοῦ,
887 1893 982 1946 καὶ
1020 1893 1070 1946 οἱ
1120 1889 1341 1960 ἀδελφοὶ
1402 1888 1597 1952 αὐτοῦ,

59 1987 130 2039 καὶ
161 1988 204 2041 οἱ
249 1986 517 2059 μαθηταί·
576 2004 595 2040 ι
628 1987 775 2041 Ἐκεῖ
827 1984 1050 2056 ἔμειναν
1098 1985 1159 2039 οὐ
1217 1983 1417 2046 πολλὰς
1459 1981 1599 2053 ἡμέ-

61 2096 199 2149 ρας.»

112 2172 157 2227 8.
191 2171 341 2237 Εἰκὸς
384 2171 442 2226 δὲ
472 2172 580 2225 οὐκ
611 2170 820 2239 ἀλόγως
866 2168 1122 2242 ζητήσειν
1170 2167 1341 2231 τινὰς,
1387 2168 1436 2221 εἰ
1467 2166 1600 2238 μετά

60 2264 205 2325 πάσας
234 2268 330 2329 τὰς
369 2265 588 2335 ἡμέρας
618 2262 809 2317 τούτου
832 2261 927 2316 τοῦ
967 2260 1161 2325 αἰῶνος
1187 2262 1289 2314 οὐκ
1321 2258 1402 2313 ἔτι
1446 2259 1598 2312 ἔσται

58 2354 270 2410 δειπών-
312 2374 330 2408 ι
368 2356 503 2409 Ἰδοὺ
536 2356 646 2425 ἐγὼ
674 2354 794 2426 μεθ’
832 2352 1006 2425 ὑμῶν,
1037 2370 1056 2404 ι
1106 2351 1246 2422 μετὰ
1275 2350 1383 2405 τῶν
1416 2367 1599 2422 χωρη-

63 2446 233 2502 σάντων
270 2446 449 2511 αὺτδν,
504 2465 524 2497 ι
552 2446 658 2510 ἕως
688 2446 788 2517 τῆς
842 2443 1150 2507 συντελείας
1181 2443 1275 2496 τοῦ
1326 2442 1548 2503 αἰῶνοςο
1574 2460 1594 2492 ι

62 2538 110 2591 τὺ
141 2538 234 2612 γὰρ
260 2538 385 2605 ἕως,
415 2538 586 2593 οἱονεὶ
637 2537 990 2609 περιγραφήν
1021 2553 1143 2588 τινα
1172 2535 1324 2606 δηλοῖ
1382 2534 1595 2606 χρόνου.

63 2630 252 2683 Λεκτέον
280 2629 338 2683 δὲ
378 2628 649 2701 καὶπρὸς
682 2627 860 2691 τοῦτο,
901 2627 983 2679 ὃτι
1025 2626 1087 2679 οὐ
1118 2624 1311 2678 ταύτόν
1358 2625 1475 2677 ἐστι
1515 2624 1598 2687 τὸ,

69 2721 213 2775 ιΜεθ’
254 2721 401 2793 ὑμῶν
445 2723 568 2792 εἰμι
601 2720 735 2790 (94),
763 2739 781 2772 ι
823 2720 921 2791 τῷ,
966 2720 1052 2774 Ἐν
1082 2720 1212 2790 ὑμῖν
1262 2720 1397 2790 είμι.
1447 2717 1599 2788 Τάχα

64 2809 135 2866 οὖν
156 2812 464 2884 κυριώτερον
494 2811 754 2883 λέγοιμεν
782 2812 882 2865 οὐκ
910 2813 967 2866 ὲν
992 2813 1105 2875 τοῖς
1142 2808 1600 2881 μαθητευομένοις

67 2902 176 2962 εἶναι
209 2907 291 2961 τὸν
334 2907 605 2980 Σωτῆρα,
653 2905 789 2960 ἀλλὰ
836 2905 952 2977 μετ’
996 2903 1196 2972 αὐτῶν,
1243 2905 1365 2957 ὅσον
1403 2901 1483 2973 τῷ
1522 2900 1600 2973 νῷ

65 3000 141 3051 οὐκ
167 3000 445 3068 ὲφθάκασιν
481 2999 601 3069 (95)
641 2998 734 3053 ἐπὶ
780 2997 878 3069 τὴν
908 2996 1003 3050 τοῦ
1035 2995 1227 3060 αἰῶνος
1266 2995 1595 3050 συντέλειαν.

1703 624 1721 657 ι
1753 604 1863 661 Illic
1889 617 2206 661 manserunt
2235 621 2343 660 non
2378 603 2562 658 multis
2593 604 2753 677 169
2777 607 2964 663 diebus
2989 607 3059 674 ",
3090 629 3109 662 ι
3142 610 3274 666 illud

1698 699 1841 764 quod
1872 698 2074 753 dicitur
2102 714 2131 751 a
2152 695 2380 751 Domino
2414 699 2735 753 resuscitato
2767 715 2832 755 ex
2868 703 3098 757 mortuis
3131 703 3273 772 apud

1698 789 2028 856 Mattlueum,
2045 789 2324 860 discipulis
2342 790 2522 846 missis
2539 793 2603 845 ad
2624 793 2920 846 docendum
2940 807 3131 847 omnes
3147 806 3272 863 gen-

1701 893 1800 947 tes,
1833 882 1913 937 sic
1945 882 2150 937 habens
2176 896 2190 934 :
2225 900 2242 934 ι
2268 883 2406 937 Ecce
2430 898 2530 953 ego
2558 883 2842 937 vobiscum
2870 899 2989 937 sum
3021 885 3276 940 onmibus

1700 973 1909 1040 diebus,
1943 987 2111 1042 usque
2137 974 2203 1026 ad
2234 971 2760 1027 consummationem
2791 970 3083 1029 sarculi”.r
3114 972 3277 1026 Nam-

1701 1079 1806 1136 que
1828 1065 2099 1135 agnituris
2126 1064 2347 1135 quidem
2389 1065 2569 1119 omnia
2613 1078 2951 1135 quaecunque
2979 1079 3277 1133 agnoscere

1700 1165 1877 1225 potest
1907 1156 2144 1211 humana
2176 1162 2390 1220 natura,
2421 1155 2547 1209 dum
2603 1155 2694 1210 hic
2729 1154 2912 1225 degit,
2950 1155 3150 1211 dicitur
3183 1158 3299 1211 deo'

1702 1248 2054 1304 monstrative
2076 1247 2178 1303 hoc
2208 1265 2223 1301 :
2258 1266 2278 1300 ι
2310 1246 2424 1318 Ego
2454 1248 2736 1305 vobiscum
2769 1262 2887 1303 sum
2918 1262 2932 1299 :
2972 1265 2993 1300 ι
3028 1247 3095 1301 de
3124 1247 3276 1303 omni

1700 1353 1833 1397 vero
1865 1349 2009 1408 ortu,
2042 1349 2097 1395 et
2135 1339 2561 1409 illuminatione,
2603 1354 2724 1410 quae
2749 1338 2838 1393 his
2878 1337 3150 1405 exoritur,
3183 1338 3275 1408 qui

1702 1435 2075 1515 speculantur,
2107 1448 2336 1504 qumque
2385 1433 2502 1490 dies
2543 1434 2726 1505 plures
2782 1433 2852 1489 ob
2896 1432 3087 1489 oculos
3126 1432 3280 1502 ponit

1702 1523 2056 1589 beatissimis,
2111 1523 2286 1578 illud:
2334 1543 2353 1576 ε
2399 1525 2665 1581 Omnibus
2723 1523 2933 1586 diebus,
2983 1536 3153 1592 usque
3193 1521 3265 1575 ad

1704 1614 2232 1671 consummationem
2279 1617 2497 1682 saeculi;
2530 1637 2550 1670 ι
2589 1617 2654 1671 de
2690 1616 2777 1670 his
2805 1624 2983 1671 autem
3022 1616 3115 1685 qui
3145 1622 3279 1670 sunt

1705 1707 1760 1760 in
1802 1706 2147 1776 Capharnao,
2180 1707 2248 1761 ad
2299 1722 2457 1778 quos,
2505 1718 2697 1778 utpote
2731 1706 2870 1764 inl‘ra
2911 1708 3275 1772 exsistentes,

1634 1768 1677 1824 Β
1705 1805 2040 1860 descendunt
2073 1821 2181 1859 non
2232 1806 2404 1859 solum
2444 1804 2624 1873 Jesus,
2668 1821 2857 1863 verum
2890 1808 3054 1862 etiam
3102 1815 3278 1861 mater

1701 1897 1836 1965 eius,
1878 1889 1949 1953 et
1978 1897 2180 1955 fratres
2215 1902 2369 1973 ejus,
2415 1909 2470 1954 et
2505 1899 2797 1969 discipuli,
2835 1899 3071 1955 dicitur:
3110 1916 3128 1951 ι
3163 1898 3277 1954 Illic

1702 2003 2022 2048 manserunt
2050 2009 2158 2048 non
2196 1994 2380 2049 multis
2404 1993 2653 2050 diebus.»

1778 2176 1833 2232 8.
1866 2175 2141 2233 Credibile
2178 2185 2359 2231 autem
2411 2185 2495 2230 est
2547 2175 2762 2245 aliquos
2807 2188 2915 2229 non
2950 2174 3067 2230 sine
3113 2188 3278 2229 causa

1702 2270 2028 2341 quaesituros
2059 2284 2125 2322 an
2168 2277 2291 2338 post
2337 2281 2531 2322 omnes
2577 2267 2740 2335 hujus
2790 2264 2975 2321 saeculi
3023 2266 3140 2321 dies
3170 2281 3277 2321 non

1705 2363 1935 2432 amplius
1985 2361 2201 2416 futurus
2255 2361 2325 2416 sit
2366 2376 2488 2414 cum
2537 2360 2621 2415 his
2664 2359 2759 2428 qui
2807 2374 2933 2413 eum
2965 2359 3280 2426 acceperint

1705 2471 1876 2525 usque
1906 2457 1972 2510 ad
2009 2453 2540 2511 consummationem
2574 2452 2777 2519 saeculi,
2816 2450 2905 2506 ille
2947 2451 3036 2520 qui
3085 2450 3223 2505 dixit
3259 2467 3277 2485 ο

1706 2567 1726 2600 ι
1760 2547 1900 2602 Ecce
1940 2561 2039 2617 ego
2071 2545 2348 2600 vobiscum
2382 2559 2502 2598 sum
2531 2558 2703 2612 usque
2738 2544 2805 2596 ad
2853 2543 3281 2598 consummatio-

1702 2652 1826 2692 nem
1857 2635 2079 2702 saeculi;
2120 2654 2141 2687 ι
2175 2650 2299 2688 nam
2327 2633 2591 2704 particula
2639 2649 2802 2703 usque
2845 2632 3013 2688 veluti
3039 2634 3278 2687 circum-

1701 2728 2052 2798 scriptionem
2085 2728 2380 2798 quamdam
2431 2726 2651 2781 denotat
2707 2725 2987 2795 temporis.
3042 2725 3279 2780 Proinde

1704 2819 1769 2874 ad
1800 2819 1903 2874 hoc
1930 2819 2092 2873 etiam
2132 2827 2218 2873 est
2260 2818 2567 2883 dicendum,
2607 2831 2713 2871 non
2750 2817 2892 2871 idem
2920 2830 3063 2881 esse,
3096 2834 3115 2867 ι
3167 2813 3276 2870 Vo-

1701 2914 1913 2968 biscum
1945 2926 2088 2976 sum,
2127 2929 2147 2963 ι
2183 2919 2260 2976 et,
2294 2910 2349 2964 ln
2380 2909 2534 2963 vobis
2579 2923 2721 2963 sum.
2757 2907 3123 2975 Quamobrem
3169 2906 3279 2961 l‘or-

1708 3011 1852 3057 tasse
1886 3000 2062 3070 magis
2106 3000 2325 3069 proprie
2370 2999 2716 3062 diceremus,
2768 3012 2875 3051 non
2916 2997 2969 3049 in
2999 2992 3278 3064 discipulis

75 3090 212 3145 Ἔπὰν
244 3091 297 3145 δὲ
324 3092 420 3163 τὴν
450 3091 553 3146 τοῦ
588 3091 795 3161 κόσμου
837 3086 1240 3160 σταυρωθέντος
1276 3088 1457 3151 αὐτοῖς
1501 3087 1599 3158 τὴν

1785 3100 2048 3146 rvatorem
2084 3104 2223 3155 esse,
2275 3089 2372 3144 sed
2413 3103 2536 3144 cum
2590 3087 2751 3156 ipsis,
2795 3096 3061 3156 quantum
3098 3094 3278 3140 mente

69 3182 328 3236 ευντέλειαν
376 3181 549 3236 αὐτοῦ
604 3183 871 3235 ὲνστᾶσαν
910 3180 972 3234 τὸ
1017 3180 1141 3234 ὅσον
1181 3179 1276 3233 ἐπὶ
1310 3181 1377 3250 τῇ
1422 3176 1603 3231 αὐτῶν

71 3280 340 3347 παρασκευῇ
390 3275 754 3347 θεωρήσωσι,
796 3273 918 3327 τότε
970 3273 1071 3327 οὐκ
1112 3272 1194 3326 ἐτι
1241 3273 1355 3342 μετ’
1397 3270 1599 3335 αὐτῶν,

70 3364 155 3416 ἀλλ’
174 3367 223 3418 ἐν
250 3367 421 3429 αὐτοῖς
439 3367 738 3435 γενομένου
764 3363 859 3417 τοῦ
892 3361 1091 3433 Ἰησοῦ,
1119 3360 1305 3435 ἐροῦσι
1332 3360 1415 3425 τὸ,
1445 3378 1464 3411 ι
1488 3359 1605 3414 Οὐκ

69 3455 130 3508 ἑτι
155 3455 221 3521 ζῶ
248 3456 370 3526 ἐγὼ,
417 3457 484 3529 ζῇ
520 3457 578 3510 δὲ
611 3458 668 3510 ὲν
711 3456 838 3521 ἐμοὶ
869 3455 1132 3526 Χριστόςο
1165 3474 1183 3508 ι
1227 3453 1323 3508 καὶ
1366 3454 1448 3519 τὸ,
1488 3471 1507 3504 ί
1537 3453 1602 3506 El

68 3548 253 3621 δοκιμὴν
282 3553 484 3621 ζητεῖτε
531 3550 625 3605 τοῦ
667 3553 725 3604 ἐν
776 3553 902 3622 ἐμοὶ
945 3550 1230 3613 λαλοῦντος
1275 3546 1595 3621 Χριστοῦ;·ι

68 3639 217 3697 ταῦτα
246 3645 300 3698 δὲ
339 3645 608 3718 λέγομεν,
653 3644 997 3716 τηρουμένης
1043 3659 1162 3706 πως
1196 3641 1303 3712 ἰδίᾳ
1352 3641 1445 3694 καὶ
1502 3640 1602 3711 τῆς

70 3738 359 3807 περιστάσης
401 3737 632 3808 ὲκδοχῆς
677 3735 758 3799 τὸ,
801 3754 819 3786 ‹
846 3735 1024 3797 πάσας
1066 3734 1167 3795 τὰς
1206 3731 1418 3803 ἡμέρας
1446 3749 1464 3782 ι
1509 3728 1601 3782 λέ-

71 3825 244 3891 τεςθαι,
268 3827 361 3891 τὰς
398 3847 416 3878 ι
444 3828 554 3892 ἕως
581 3825 892 3889 συντελείας
916 3824 1012 3879 τοῦ
1051 3823 1266 3887 αἰῶνος,
1290 3842 1309 3875 ι
1354 3820 1495 3875 κατά
1532 3820 1601 3875 τά

71 3914 229 3981 ὲςικτά
263 3919 326 3989 τῇ
356 3916 675 3991 ἀνθρωπίνῃ
707 3917 866 3987 φύσει
896 3914 1224 3970 καταλαϐεῖν
1252 3912 1333 3967 ἔτι
1365 3910 1601 3966 ἐνταῦθα

70 4008 386 4082 τυγχανούσῃ·
437 4009 555 4062 ἔστι
604 4008 712 4080 γὰρ
753 4009 846 4062 καὶ
895 4007 1110 4075 ἐκείνης
1158 4005 1258 4076 τῆς
1305 4001 1601 4077 ἑρμηνείας

72 4097 360 4168 τηρουμένης
400 4100 699 4169 ἐπιστῆσαι
744 4097 824 4168 τῷ
853 4096 1100 4170 (9ί.)ἑγώ
1122 4134 1137 4159 ,
1183 4096 1270 4150 ἵνα
1298 4098 1327 4149 ὁ
1366 4095 1466 4166 μὲν
1496 4094 1601 4159 ἕως

72 4182 151 4252 τῆς
194 4189 481 4256 συντελείας
539 4190 681 4263 μετά
733 4190 843 4245 τῶν
893 4188 1372 4258 ἀποστελλομένων
1427 4186 1601 4258 μαθη-

71 4278 213 4334 τεύειν
239 4282 403 4338 πάντα
430 4284 499 4338 τὰ
538 4279 729 4356 ἐθνηῇ
769 4286 798 4338 ὁ
825 4281 1070 4346 κενώσας
1115 4282 1326 4347 ἑαυτὸν,
1365 4283 1459 4337 καὶ
1501 4283 1601 4355 τὴν

70 4369 145 4422 τοῦ
184 4372 349 4429 δούλου
395 4377 611 4449 μορφὴν
659 4375 866 4431 λαϐὼν·
902 4376 1144 4447 ὡσπερεὶ
1189 4375 1247 4429 δὲ
1276 4375 1434 4429 τοῦτο
1486 4375 1597 4448 (97)

73 4455 223 4528 ἔπρος
264 4463 317 4515 ὲν
357 4468 421 4535 τῇ
470 4464 801 4519 καταστάσει
847 4463 944 4527 ὢν,
976 4468 1043 4537 τῇ
1089 4464 1195 4536 πρὸ
1223 4465 1316 4519 τοῦ
1365 4465 1599 4519 κενῶσαι

75 4545 247 4615 ὲίιυτὸν,
280 4556 409 4625 μετά
449 4558 551 4628 τὴν
603 4557 911 4611 συντέλειαν
963 4556 1058 4611 τοῦ
1099 4557 1325 4622 αἰῶνος,
1370 4558 1599 4629 γένηται

83 4640 193 4705 μετὰ
235 4647 457 4713 τούτων,
516 4670 536 4702 ε
564 4649 669 4714 ἓως
698 4669 716 4701 ι
773 4650 879 4704 ὑπὸ
933 4649 1028 4703 τοῦ
1088 4651 1304 4723 Πατρὸς
1356 4670 1374 4701 ι
1401 4651 1599 4706 τεθῶσι

84 4734 245 4801 πάντες
289 4742 334 4794 οἱ
381 4742 564 4814 ἐχθροὶ
597 4744 760 4799 αὐτοῦ
804 4743 1094 4798 ὑποπόδιον
1134 4744 1241 4797 τῶν
1276 4743 1453 4798 ποδῶν
1503 4747 1600 4799 αὐ-

81 4827 169 4890 τοῦ,
190 4849 206 4881 ι
251 4836 375 4904 μετά
403 4839 576 4893 ταῦτα
608 4858 629 4890 ι
659 4839 748 4892 ὅτε
792 4837 1158 4910 παραδίδωσιν
1181 4858 1201 4890 ι
1239 4840 1266 4891 ὁ
1292 4838 1419 4902 Υἱὸς
1455 4857 1473 4890 ι
1501 4839 1598 4911 τὴν

86 4917 309 4986 βλσιὶείαν
335 4928 409 5000 τῷ
435 4930 553 5004 Θεῷ
582 4931 674 4985 καὶ
708 4930 904 5000 Πατρὶ,
930 4948 949 4981 ι
978 4928 1072 4983 τοῦ
1106 4930 1318 5001 Πατρὸς
1349 4928 1602 5003 ἐροῦντος

167 5074 368 5131 "Joan.
402 5095 461 5142 ll,
499 5081 581 5135 l2.

88 5138 122 5169 ,η
147 5078 581 5169 ῃῗίὲῗὲη⁶υίίνηίεο
618 5150 662 5169 η
689 5079 1199 5169 ξςᾼέίῗοιιίικξχνιιι,
1230 5078 1321 5132 20.

147 5141 344 5217 Philipp.
374 5164 428 5215 ιι,
458 5152 508 5204 7.

618 5150 664 5184 "'
689 5151 853 5206 Hebr.
892 5168 943 5216 ι,
975 5152 1057 5206 15.

152 5288 245 5360 (95)
264 5296 489 5369 Λέγεται
507 5299 859 5366 δεικτικῶς..
871 5338 910 5353 ..
932 5298 1002 5369 ἐξ
1021 5294 1147 5369 τοῖς
1167 5294 1608 5369 θεωρουμένοις.

99 5354 203 5441 Ηξέίε
220 5354 381 5441 etnni'a
412 5354 607 5426 desunt
644 5354 698 5425 in
736 5354 929 5441 codice
960 5354 1149 5437 Regio,
1190 5354 1527 5441 ac'pro'inrle
1556 5354 1611 5441 in

97 5432 298 5510 editione
329 5436 533 5510 Huctii;
590 5441 682 5498 sed
729 5432 1094 5496 restituuntur
1148 5450 1180 5490 e
1230 5432 1417 5491 codice
1466 5434 1609 5489 Bod-

97 5496 262 5560 leiano.

158 5573 252 5643 I94)
286 5578 453 5637 Codex
503 5584 830 5640 Bodleianus
877 5581 1115 5638 restituit
1164 5579 1279 5652 τῷ,

98 5641 365 5717 ‘m‘ﬂltlnd
389 5652 720 5710 desideratur
752 5656 806 5708 in
830 5655 1016 5709 codice
1043 5641 1227 5717 Regio:

158 5714 259 5792 l95)
303 5719 474 5792 Ὅσον
500 5724 576 5791 τῷ
613 5725 700 5791 γῷ
737 5728 849 5779 οὐκ
885 5714 1238 5792 ὲφθάκαέῖιν.
1286 5719 1359 5773 lla
1405 5718 1605 5792 0pm“?

98 5776 415 5849 habet'codex
437 5776 941 5865 Bodleiatiusﬁpt—nalé
968 5776 1097 5852 vero
1124 5776 1347 5865 Regius,
1366 5776 1502 5846 ὅσων
1529 5787 1605 5863 τῷ

1343 5578 1431 5632 Ἐν
1478 5577 1607 5649 ὑμῖν

1435 5075 1483 5107 ’⁸
1509 5074 1682 5131 Galat.
1714 5090 1755 5130 ιι
1775 5116 1790 5142 ,
1817 5074 1907 5129 20.

1705 3200 1811 3239 non
1867 3183 2230 3254 praeveneriut
2288 3181 2809 3237 consummationem
2860 3177 3067 3236 saeculi.
3139 3177 3292 3233 Cum

1702 3293 1835 3332 vero
1882 3277 2176 3331 instantem
2231 3273 2763 3330 consummationem
2806 3272 2997 3326 mundi
3044 3270 3278 3325 viderint

1702 3372 1806 3427 sibi
1838 3370 2108 3436 cruciﬁxi,
2136 3378 2399 3440 quantum
2430 3368 2498 3422 ad
2525 3369 2745 3423 illorum
2770 3376 3023 3423 conatum
3057 3367 3275 3429 attinet,

1706 3474 1835 3519 tunc
1867 3478 1977 3519 non
2000 3462 2233 3534 amplius
2254 3476 2379 3518 cum
2412 3460 2566 3531 ipsis,
2607 3462 2700 3517 sed
2741 3461 2793 3514 in
2822 3460 2955 3531 ipsis
2979 3461 3280 3514 exsistente

1701 3555 1851 3619 Jesu,
1884 3554 2069 3609 dicent
2128 3553 2297 3607 illud:
2340 3570 2357 3604 ι
2389 3549 2507 3605 Non
2555 3550 2788 3620 amplius
2822 3550 2946 3605 vivo
2995 3566 3128 3621 ego,
3182 3549 3278 3604 sed

1702 3647 1837 3701 vivit
1882 3646 1937 3701 in
1983 3659 2069 3700 me
2118 3644 2371 3700 Christus
2394 3643 2475 3708 ",
2512 3661 2531 3694 ι
2577 3654 2632 3697 et
2675 3642 2804 3697 illud
2840 3660 2853 3696 :
2886 3662 2905 3695 ι
2939 3644 3022 3695 An
3061 3642 3281 3711 experi-

1702 3746 1943 3788 mentum
1976 3732 2219 3802 quaeritis
2252 3731 2519 3803 loquentis
2552 3732 2604 3785 in
2646 3747 2733 3786 me
2765 3731 2965 3787 Christi
2995 3731 3125 3785 "is
3152 3730 3282 3790 llaec

1702 3835 1884 3880 autem
1928 3825 2183 3889 dicimus,
2231 3826 2521 3879 observata
2555 3824 2810 3892 privatim
2843 3839 2873 3876 a
2909 3824 3069 3883 nobis
3101 3826 3284 3898 aliquo

1703 3919 1864 3973 modo
1888 3933 1952 3973 ea
1999 3917 2339 3988 expositione
2376 3931 2495 3986 quae
2523 3917 2702 3981 docet,
2743 3935 2762 3968 ι
2792 3916 3047 3973 omnibus
3069 3919 3280 3987 diebus,

1703 4025 1875 4081 usque
1909 4011 1977 4065 ad
2020 4009 2551 4065 consummationem
2593 4008 2773 4064 saeculi
2809 4027 2828 4061 ι
2862 4010 2968 4067 dici
3008 4013 3165 4082 juxta
3218 4027 3283 4068 ea

1702 4122 1823 4176 qua:
1878 4105 2117 4159 humana
2172 4112 2365 4156 natura
2411 4101 2882 4170 comprehendere
2926 4114 3120 4172 potest,
3153 4107 3280 4160 dum

1703 4195 1877 4251 hocin
1910 4194 2110 4248 mundo
2131 4192 2382 4258 exsistit;
2402 4208 2525 4246 nam
2546 4207 2831 4261 possumus
2855 4196 3041 4260 etiam,
3067 4204 3280 4249 servata

1703 4288 1792 4342 illa
1824 4284 2295 4354 interpretatione,
2330 4293 2520 4338 notare
2539 4284 2860 4339 vocabulum
2883 4300 3000 4355 ego,
3025 4294 3084 4338 ut
3109 4300 3282 4355 usque

1703 4378 1771 4431 ad
1802 4373 2329 4431 consummationem
2355 4387 2477 4427 cum
2511 4373 2599 4428 his
2627 4376 2718 4442 qui
2755 4375 3037 4428 mittentur
3075 4379 3140 4429 ad
3183 4378 3281 4430 do-

1705 4468 1939 4524 cendum
1992 4480 2185 4522 omnes
2230 4475 2420 4536 gentes
2455 4466 2523 4531 ",
2566 4466 2636 4520 sit
2683 4465 2792 4531 ille,
2850 4469 2943 4537 qui
2996 4468 3284 4523 evacuavit

1704 4563 1965 4632 seipsum,
1994 4557 2164 4614 forma
2201 4559 2341 4613 servi
2368 4565 2578 4627 sumpta
2601 4557 2646 4589 "
2681 4577 2693 4612 :
2725 4566 2978 4628 tanquam
3008 4567 3186 4612 autem
3212 4559 3280 4613 ab

1707 4655 1811 4709 hoc
1844 4652 1983 4706 alius
2016 4651 2071 4706 in
2094 4659 2234 4705 statu
2263 4648 2587 4719 praecedenti
2641 4661 2793 4702 suam
2827 4648 3279 4715 exinanitionem,

1703 4757 1830 4818 post
1855 4746 2381 4801 consummationem
2415 4742 2594 4799 saeculi
2625 4742 2695 4798 sit
2716 4758 2838 4797 cum
2858 4743 2998 4808 istis,
3021 4762 3041 4796 ‹
3071 4747 3274 4799 donec.

1705 4860 1735 4896 a
1769 4842 1935 4896 Patre
1969 4858 1988 4892 ς
2031 4838 2193 4909 positi
2223 4836 2430 4891 fuerint
2454 4851 2646 4891 omnes
2674 4835 2877 4890 inimici
2908 4836 3026 4906 cjus
3070 4836 3280 4891 subsel-

1708 4933 1837 4989 lium
1872 4934 2065 5004 pedum
2114 4932 2233 5003 ejus
2250 4932 2295 4964 ⁸⁸
2335 4950 2354 4983 ι
2399 4930 2683 5000 posthaec,
2711 4947 2732 4981 ι
2772 4944 2898 4984 cum
2945 4930 3230 4986 tradiderit
3255 4948 3276 4982 ι

2020 5073 2064 5106 ⁸⁸
2098 5073 2144 5128 Il
2173 5073 2297 5132 Cor.
2334 5094 2461 5140 xm,
2498 5081 2550 5135 5.
2663 5082 2710 5115 "
2748 5082 2941 5140 Matth.
2976 5103 3162 5156 xxvm,
3193 5087 3286 5147 19.

1719 5292 1796 5366 νῷ
1828 5293 1929 5366 οὐκ
1950 5289 2268 5366 ἐφθακόσιν.

1792 5365 1908 5434 (96)
1961 5353 2065 5434 Τῷ.
2090 5361 2188 5434 Sic
2207 5358 2377 5414 codex
2404 5356 2731 5434 Bodleianus
2755 5371 2794 5434 ;_
2816 5354 3039 5434 Regius,
3067 5353 3148 5407 τό.

1793 5421 1907 5505 (97)
1941 5421 2140 5505 Τοᾼῦτο.
2166 5429 2310 5505 Lege
2330 5428 2542 5505 τούτου.
2563 5427 2756 5505 Totum
2782 5421 2927 5505 hunc
2962 5426 3136 5505 lprum
3162 5421 3297 5505 Fer:-

1722 5491 1902 5561 rarius
1932 5503 2145 5557 videtur
2192 5491 2386 5568 legisse
2417 5516 2429 5551 :
2460 5496 2650 5570 ὥσπερ
2683 5499 2732 5551 εί
2761 5492 2884 5550 εἷπε
2905 5496 3091 5570 τοῦτος
3110 5491 3295 5570 _vertit

1719 5577 1891 5638 enim,
1920 5586 2169 5643 (unquam
2189 5564 2354 5623 ιιίἸιοσ
2387 5564 2633 5643 dixisset,
2658 5570 2795 5643 quod
2828 5578 2895 5622 su
2918 5583 3035 5643 cum
3068 5564 3148 5616 Itis
3174 5571 3293 5630 post

1713 5637 2214 5700 comuinmaiionem
2245 5640 2428 5694 srrculi
2455 5640 2617 5707 alius,
2636 5637 2889 5695 εέτείδιεηε
2912 5637 2964 5690 in
2991 5643 3133 5689 statu
3154 5646 3294 5703 prta-

1713 5716 1913 5772 cedemi
1936 5729 2087 5771 suam
2117 5710 2546 5769 exinanitionem.
