3766 6142
431 253 537 309 323

1921 259 2242 318 ORIGENIS

3603 257 3711 311 ⁸524

434 365 604 423 Filius
629 387 647 418 ι
686 384 911 436 regnum
947 369 1080 433 Deo,
1128 378 1182 427 et
1206 370 1353 428 Patri
1373 372 1473 437 “,i
1520 375 1681 447 170
1728 375 1888 433 Patre
1923 379 2007 434 dia

2133 378 2291 439 ιύτοίς
2334 376 2426 429 τό⁸
2484 394 2502 426 ι
2540 376 2670 430 Ἰδοὺ
2718 375 2830 444 ἐγὼ
2885 374 3001 447 μεθ’
3028 373 3184 446 ὑμῶν
3216 374 3350 443 είμι.
3379 393 3400 427 ι
3458 374 3710 446 Πότερον

434 471 596 518 cente
642 463 794 516 illis:
839 482 859 516 ι
892 464 1036 522 Ecce
1079 482 1179 538 ego
1229 469 1510 524 vobiscum
1539 486 1658 526 sum
1683 473 1723 525 ί.
1765 491 1785 525 ι
1817 472 2008 529 Utrum

2133 469 2187 533 ἱὲ,
2221 471 2399 533 πάσας
2443 470 2656 542 ἡμέρας
2693 470 2797 532 ἕως
2833 468 2988 522 τοῦδε
3021 468 3115 521 τοῦ
3157 466 3373 538 χρόνου,
3412 467 3451 537 ἢ
3490 466 3707 530 ἁπλῶς,

432 572 567 613 vero
599 559 855 615 omnibus
877 562 1070 617 diebus
1095 578 1266 634 usque
1291 565 1357 619 ad
1386 565 1489 621 hoc
1520 576 1754 637 tempus,
1794 584 1859 623 an
1882 570 2015 625 sim-

436 648 654 719 pliciter
687 652 946 707 omnibus
974 652 1192 721 diebus,
1224 671 1292 709 an
1326 670 1431 710 non
1462 658 1737 726 omnibus,
1764 661 1860 715 sed
1890 675 2011 715 om-

436 744 517 809 ni,
570 752 756 813 potest
782 744 873 813 qui
920 744 1052 797 velit
1090 746 1460 803 considerare.
1502 748 1656 805 Nunc
1695 752 1841 805 enim
1895 767 2016 820 qua:

439 837 715 904 proposita
752 846 878 890 sunt
921 850 1023 892 nos
1064 852 1170 892 non
1208 840 1529 907 permittunt
1576 856 1746 912 usque
1786 842 1919 897 adeo
1945 842 2017 899 ab

436 928 684 983 oratione
715 927 946 998 digredi.

515 1017 574 1072 9.
607 1018 752 1072 Sane
785 1018 1083 1075 Ileracleon
1126 1020 1239 1089 ipse
1285 1038 1556 1082 enarrans
1586 1041 1601 1081 :
1641 1045 1660 1078 ι
1692 1026 1887 1084 Postea
1915 1030 2025 1085 de-

2113 563 2292 626 πάσας
2328 562 2427 625 τὰς
2460 562 2698 634 ἡμέρας,
2728 561 2881 616 τοῦδε
2913 562 3095 638 πάσας
3125 559 3262 631 (98),
3305 560 3449 614 ἀλλά
3496 561 3706 624 πᾶσαν,

2112 653 2283 706 ἔνεστι
2334 656 2556 707 σκοπεῖν
2593 652 2672 723 τῷ
2720 652 3046 723 βουλομένῳ.
3101 651 3217 705 Νῦν
3263 651 3372 722 γάρ
3417 651 3577 721 ἡμᾶς
3608 652 3710 705 οὐκ

2112 746 2333 799 ἀπαιτεῖ
2362 744 2430 798 τά
2456 744 2790 816 προκείμενα
2818 745 2912 798 ἐπὶ
2939 742 3194 798 τοσοῦτον
3229 741 3590 814 παρεκϐἦναι
3615 741 3709 795 τοῦ

2112 835 2292 905 λόγου.

2182 1024 2236 1078 9.
2290 1021 2347 1076 '0
2389 1020 2635 1091 μέντοιγε
2675 1017 2985 1092 Ἡρακλέων
3017 1019 3098 1085 τὸ,
3138 1037 3156 1070 ‹
3185 1017 3341 1073 Μετὰ
3366 1017 3539 1071 τοῦτο
3571 1034 3707 1073 κατ-

2115 1115 2212 1186 έὸη
2257 1115 2337 1178 εἰς
2382 1114 2796 1186 Καφαρναοὺμ,
2844 1131 2863 1164 ι
2918 1110 3079 1175 αὐτὸς
3109 1110 3503 1182 διηγούμενος,
3544 1110 3708 1180 ἄλλης

438 1111 650 1165 scendit
697 1110 750 1164 in
783 1111 1158 1180 Capharnaum
1180 1117 1223 1180 ⁹,
1255 1136 1274 1169 ›
1301 1117 1525 1172 alterius
1557 1135 1745 1176 rursus
1794 1123 2016 1191 dispen-

439 1202 666 1259 sationis
696 1203 1019 1273 principium
1052 1206 1227 1274 inquit
1260 1208 1551 1274 declarari,
1588 1226 1720 1267 voce
1750 1213 2017 1268 descendit

2133 1206 2277 1261 πάλιν
2305 1205 2613 1277 οἰκονομίας
2645 1205 2817 1276 ἀρχήν
2849 1218 2981 1274 φησι
3012 1202 3331 1274 δηλοῦσθαι,
3373 1203 3484 1256 ούκ
3520 1203 3706 1274 ἀργῶς

439 1309 547 1348 non
601 1296 776 1348 otiose
804 1293 981 1360 dicta;
1033 1304 1091 1349 et
1125 1296 1301 1365 inquit
1350 1297 1673 1365 Capharnao
1718 1300 2016 1370 signiﬁcari

2133 1297 2209 1352 τοῦ
2250 1297 2465 1365 κατέϐη
2500 1297 2818 1368 εἰρημένου·
2864 1295 2957 1349 καί
2990 1312 3121 1367 φησι
3166 1296 3267 1367 τὴν
3315 1296 3709 1366 Καφαρναοὺμ

438 1386 556 1441 haec
591 1396 836 1442 extrema
886 1386 1096 1455 mundi,
1142 1386 1258 1443 haec
1292 1389 1619 1455 materialia,
1654 1392 1722 1445 ad
1774 1407 1895 1462 quae
1926 1392 2025 1448 de-

2133 1390 2403 1462 πημαίνειν
2433 1389 2608 1442 ταῦτα
2636 1389 2705 1442 τὰ
2753 1386 2955 1458 ἔσχατα
3006 1386 3102 1440 τοῦ
3156 1386 3383 1457 κόσμου,
3431 1385 3614 1440 ταῦτα
3642 1385 3708 1439 τά

439 1477 674 1533 scendit.
709 1496 728 1529 ι
772 1476 839 1532 Et
868 1479 996 1545 quia
1044 1493 1151 1532 non
1185 1490 1367 1550 aptus,
1395 1482 1593 1551 inquit,
1646 1494 1791 1538 esset
1847 1485 2018 1552 locus,

2133 1481 2277 1536 5λικά
2306 1474 2401 1546 ἐἰς
2447 1480 2484 1535 ἃ
2514 1480 2769 1552 κατῆλθε·
2815 1480 2908 1534 καὶ
2941 1478 3029 1532 διὰ
3073 1478 3133 1531 τὸ
3181 1479 3480 1542 ἀνοίκειον,
3519 1482 3703 1548 φησὶν,

448 1569 584 1624 nihil
617 1584 681 1624 ea
732 1569 784 1624 in
839 1569 1069 1625 civitate
1101 1572 1187 1626 vel
1218 1572 1451 1635 fecisse,
1484 1575 1572 1629 vel
1608 1575 1822 1631 locutus
1854 1575 2021 1632 fuisse

2133 1570 2257 1628 εἶναι
2288 1573 2378 1628 τὸν
2408 1573 2594 1635 τόπον,
2623 1573 2745 1626 ούδέ
2774 1570 3088 1643 πεποιηκώς
3120 1589 3172 1624 τι
3204 1569 3423 1640 λέγεται
3455 1572 3517 1625 ἐν
3546 1572 3700 1642 αὐτῇ,

455 1660 681 1716 dicitur.
722 1680 742 1714 ι
779 1661 1148 1728 Quamobrem
1191 1665 1235 1720 si
1298 1665 1351 1720 in
1404 1666 1630 1736 reliquis
1675 1669 2022 1740 evangelistis

2133 1662 2154 1735 ἢ
2187 1660 2518 1732 λελαληκώς.
2550 1662 2614 1715 Εἰ
2650 1661 2747 1733 μὲν
2775 1657 2868 1715 οὖν
2904 1661 3040 1732 μηδέ
3073 1664 3130 1715 ἐν
3159 1664 3269 1724 τοῖς
3297 1660 3514 1724 λοιποῖς
3539 1662 3706 1729 Εὐαγ-

442 1754 713 1823 scriptum
750 1754 964 1822 fuisset,
990 1754 1125 1810 nihil
1163 1756 1214 1810 in
1238 1733 1562 1827 Capharnao
1589 1733 1878 1813 Dominum
1922 1775 2023 1814 no-

2133 1733 2321 1824 γελίοις
2354 1753 2669 1825 πεποιηκώς
2715 1771 2800 1816 τι,
2843 1754 2875 1824 ἢ
2911 1750 3220 1825 λελαληκὼς
3260 1754 3318 1805 ἐν
3354 1755 3425 1824 τῇ
3472 1753 3704 1824 Καφαρ-

446 1854 625 1900 strum
668 1846 754 1901 vel
799 1846 1001 1903 fecisse
1045 1846 1131 1901 vel
1171 1847 1401 1913 dixisse,
1450 1847 1686 1906 fortasse
1717 1850 2025 1907 dubitasse-

2133 1845 2295 1914 ναοὺμ
2331 1845 2359 1897 6
2403 1843 2607 1915 Κύριος
2651 1842 2806 1915 ἡμῶν
2851 1842 3247 1913 άνεγέγραπτο,
3292 1843 3440 1913 τάχα
3485 1841 3556 1895 ἂν
3606 1841 3707 1894 ἐδι-

446 1951 569 1991 mus
598 1938 840 2008 recipere
872 1937 1043 2007 ipsius
1074 1936 1605 2007 interpretationem.
1646 1941 1801 1997 Nunc
1837 1953 2019 1998 autem

2133 1940 2397 2011 πάξαμεν
2441 1939 2569 2011 περὶ
2610 1938 2701 1991 τοῦ
2746 1934 3152 2008 παραδέξασθαι
3182 1934 3346 1989 αὑτοῦ
3394 1935 3505 2006 τὴν
3538 1935 3706 2009 ἐρμη-

442 2027 728 2083 Matthmus
759 2027 982 2098 quidem
1043 2028 1329 2083 Dominum
1363 2041 1635 2098 nostrum,
1688 2034 1871 2089 relicta
1916 2034 2022 2089 Na-

2133 2032 2288 2086 νείαν.
2336 2031 2472 2084 Νυνὶ
2516 2030 2574 2083 δέ
2620 2031 2648 2083 6
2693 2028 2967 2090 Ματθαῖος
3019 2026 3387 2081 καταλιπόντα
3442 2028 3581 2096 φησι
3618 2028 3705 2080 τὸν

446 2120 660 2183 naveth,
685 2120 990 2191 profectum
1019 2122 1302 2179 habitasse
1332 2122 1713 2193 Capharnaum
1743 2126 2019 2181 civitatem

2133 2122 2325 2195 Κύριον
2372 2119 2526 2192 ἡμῶν
2563 2119 2665 2191 τὴν
2711 2116 2998 2189 Ναζαρὲθ,
3043 2116 3268 2171 ἐλθόντα
3318 2117 3702 2188 κατῳκηκέναι

447 2213 834 2276 maritimam',
868 2223 922 2269 et
963 2214 1163 2270 exinde
1198 2216 1414 2271 initium
1453 2218 1783 2287 praedicandi
1830 2218 2025 2275 fecisse

449 2305 645 2374 inquit,
679 2304 984 2359 dicentem:
1008 2323 1028 2357 ι
1063 2304 1409 2375 Resipiscite,
1434 2308 1601 2362 instat
1623 2310 1767 2364 enim
1796 2326 2023 2382 regnum

453 2395 718 2452 ctelorum
753 2394 795 2449 ‘.
834 2414 854 2448 ι
887 2395 1100 2451 Marcus
1154 2411 1286 2451 vero
1314 2398 1359 2463 ⁸,
1416 2410 1701 2469 postquam
1758 2411 2021 2458 tentasset

452 2488 741 2544 Dominum
764 2480 1032 2555 diabolus,
1062 2501 1346 2561 postquam
1365 2492 1601 2547 traditus
1639 2492 1831 2550 fuisset
1858 2494 2023 2551 Joan-

449 2596 546 2637 nes
570 2582 625 2637 in
654 2596 958 2649 carcerem,
1004 2583 1161 2639 nobis
1199 2585 1490 2639 annuntiat
1532 2584 1818 2642 Dominum
1860 2590 2024 2644 adve-

447 2676 595 2731 nisse
629 2674 685 2728 in
734 2672 1012 2729 Galilzeam
1061 2674 1448 2745 praedicantem
1482 2677 1843 2748 Evangelinm
1876 2680 1971 2735 Dei
2001 2698 2017 2746 ;

448 2767 829 2839 ingrediuntur
880 2766 1046 2822 etiam
1104 2766 1487 2837 Capharnaum
1542 2780 1664 2841 post
1701 2771 2020 2828 electionem

449 2870 685 2932 quatuor
706 2861 1040 2931 piscatorum
1070 2862 1136 2915 ad
1166 2861 1499 2917 iunctionem
1530 2864 1774 2919 muneris
1799 2874 2021 2934 apostoo

447 2954 563 3023 lici,
617 2955 914 3027 statimque
964 2954 1209 3009 sabbatis
1259 2954 1446 3010 docuit
1497 2956 1550 3011 in
1614 2973 1927 3032 synagOga,
1966 2970 2023 3016 et.

2121 2217 2203 2279 είς
2235 2213 2612 2285 Καφαρναοὺμ
2655 2210 2752 2283 τὴν
2784 2210 3256 2282 παραθαλασσίαν,
3299 2211 3393 2263 καὶ
3444 2210 3558 2263 ἀπὸ
3587 2209 3703 2263 τότε

2120 2306 2293 2379 ἀρχὴν
2319 2306 2414 2359 τοῦ
2453 2304 2750 2377 κηρύσσειν
2798 2302 3127 2375 πεποιῆσθαι
3165 2303 3421 2371 λέγοντα·
3477 2323 3496 2354 ‹
3531 2304 3703 2357 Μετα-

2121 2402 2313 2463 νοεῖτε,
2343 2399 2538 2470 ἤγγικε
2564 2396 2672 2468 γάρ
2705 2399 2738 2469 ἡ
2777 2396 3025 2467 βασιλεία
3054 2395 3163 2450 τῶν
3202 2396 3472 2468 οὐρανῶν.
3501 2414 3520 2447 ι
3564 2396 3620 2448 '0
3648 2395 3702 2448 δέ

2120 2494 2347 2566 Μάρκος
2368 2492 2476 2547 ἀπὸ
2498 2490 2592 2545 τοῦ
2622 2490 2759 2564 πρὸς
2792 2491 2882 2545 τὸν
2914 2490 3157 2545 διάϐολον
3189 2487 3524 2561 πειρασμοῦ,
3570 2487 3701 2560 μετά

2121 2587 2184 2640 τὸ
2218 2585 2586 2658 παραδοθῆναι
2626 2583 2717 2637 τὸν
2753 2582 3026 2655 Ἰωάννην,
3076 2582 3407 2651 ἀπαγγέλλει
3453 2583 3587 2652 ἡμῖν
3627 2582 3701 2643 είς

2120 2680 2221 2750 τὴν
2250 2678 2536 2732 Γαλιλαίαν
2579 2675 2919 2748 κηρύσσοντα
2963 2674 3024 2728 τὸ
3059 2675 3387 2743 Εὐαγγέλιον
3429 2671 3527 2726 τοῦ
3572 2670 3698 2725 Θεοῦ

2122 2770 2439 2843 ἐληλυθέναι
2468 2769 2558 2824 τὸν
2586 2768 2811 2840 Κύριον·
2846 2767 2939 2821 καὶ
2981 2766 3121 2838 μετὰ
3146 2768 3245 2837 τὴν
3284 2768 3362 2829 είς
3394 2763 3697 2834 ἀποστολὴν

2123 2863 2353 2936 ἐκλογὴν
2398 2863 2505 2917 τῶν
2563 2860 2846 2930 τεσσάρων
2900 2859 3099 2913 ἀλιέων
3156 2857 3572 2931 εἰσπορεύονται
3625 2858 3699 2919 είς

2123 2961 2521 3033 Καφαρναοὺμ,
2552 2960 2648 3014 καὶ
2675 2959 2835 3024 εὐθὺς
2860 2962 2974 3024 τοῖς
3015 2957 3278 3012 σάϐϐασιν
3318 2956 3599 3009 ἐδίδασκεν
3625 2955 3698 3017 εἰς

445 3048 911 3118 obstupescebant
950 3064 1116 3120 super
1150 3049 1396 3105 doctrina
1444 3048 1615 3105 illius.
1671 3049 1811 3117 Quin
1856 3052 2020 3108 etiam

2133 3056 2223 3128 τὴν
2274 3053 2614 3126 συναγωγὴν,
2665 3053 2761 3108 καὶ
2820 3053 3213 3123 ἐξεπλήσσοντο
3260 3050 3354 3104 ἐπὶ
3402 3052 3475 3121 τῇ
3517 3049 3690 3120 διδαχῇ

446 3143 714 3197 actionem
738 3142 1029 3211 quamdam
1063 3156 1187 3197 eum
1214 3141 1411 3197 fecisse
1438 3141 1491 3195 in
1531 3140 1853 3213 Capharnao
1881 3144 2022 3199 scri—

446 3234 560 3300 bit,
587 3233 770 3291 statim
797 3234 941 3289 enim
967 3233 1177 3305 inquit‘
1209 3252 1224 3290 :
1252 3252 1272 3285 ι
1297 3233 1423 3289 Erat
1443 3235 1496 3289 in
1530 3249 1804 3307 synagoga
1833 3251 2023 3292 eorum

446 3326 613 3381 homo
639 3324 852 3394 spiritui
875 3324 1153 3381 immundo
1184 3324 1476 3392 obnoxius,
1498 3334 1555 3381 et
1583 3310 1915 3382 exclamavit
1943 3328 2028 3383 di—

448 3432 622 3474 cens:
658 3417 741 3472 Ah
767 3415 902 3486 quid
935 3417 1012 3471 rei
1071 3418 1229 3472 nobis
1267 3427 1442 3477 tecum
1476 3428 1594 3483 est,
1622 3416 1750 3475 Jesu
1787 3419 2027 3476 Nazare-

447 3508 561 3566 ne?
584 3508 777 3564 venisti
828 3507 896 3563 ad
944 3509 1282 3578 perdendum
1322 3511 1466 3567 nos?
1494 3513 1618 3567 novi
1656 3523 1730 3578 te,
1765 3512 1889 3583 quis
1926 3513 2023 3581 sis,

452 3601 710 3657 nimirum
744 3599 835 3655 ille
876 3599 1047 3656 Filius
1077 3600 1195 3657 Dei.
1234 3601 1302 3657 Et
1333 3603 1638 3672 increpavit
1677 3604 1826 3659 illum
1868 3604 2027 3661 Jesus

451 3694 676 3752 dicens:
717 3692 1070 3759 Obmutesce,
1130 3703 1187 3749 et
1243 3696 1330 3750 exi
1388 3694 1457 3750 ab
1513 3697 1752 3751 homine.
1799 3697 2023 3753 Etcum

451 3786 835 3855 discerpsisset
861 3801 985 3841 eum
1018 3786 1243 3855 spiritus
1274 3786 1608 3851 immundus,
1641 3787 2030 3845 exclamasset-

452 3893 562 3949 que
589 3894 725 3935 voce
758 3895 975 3950 magna,
1014 3881 1147 3935 exiit
1171 3880 1239 3935 ab
1264 3895 1350 3934 eo.
1381 3881 1444 3935 Et
1472 3881 1876 3951 obstupuerunt
1908 3897 2028 3936 om-

453 3987 573 4027 nes.
611 3990 631 4023 ›
668 3971 733 4025 Ει
771 3987 963 4026 socrus
993 3972 1230 4027 Simonis
1262 3972 1524 4027 liberatur
1554 3973 1608 4027 in
1648 3974 1970 4044 Capliarnao
1994 3988 2028 4029 a

454 4060 615 4115 febri.
645 4061 725 4115 Ad
755 4062 873 4116 haec
907 4060 1123 4117 Marcus
1153 4063 1362 4132 inquit'
1381 4065 1591 4132 vesperi
1625 4072 1842 4119 curatos
1860 4064 2028 4120 fuisse

451 4168 647 4208 omnes
668 4154 807 4208 male
825 4156 1112 4220 habentes,
1133 4167 1187 4210 et
1205 4157 1294 4226 qni
1316 4171 1345 4209 a
1364 4156 1642 4211 daemoniis
1660 4158 2022 4227 agitabantur.

2124 3147 2312 3202 αὐτοῦ.
2348 3146 2507 3200 Ἀλλά
2545 3148 2640 3201 καὶ
2684 3145 2881 3218 πρᾶξιν
2923 3145 3087 3199 αὐτοῦ
3129 3144 3436 3216 ἀναγράφει
3480 3159 3695 3212 γεγενη-

2128 3239 2294 3311 μένην
2334 3240 2391 3292 ἐν
2424 3240 2831 3310 Καφαρναούμ·
2868 3238 3029 3302 εὐθὺς
3062 3238 3171 3309 γάρ
3212 3253 3411 3307 φησιν’
3456 3256 3476 3288 ι
3505 3237 3592 3290 Ἑν
3634 3237 3691 3306 τῇ

2126 3331 2414 3402 συναγωγῇ
2468 3329 2645 3384 αὐτῶν
2702 3325 2774 3401 ἦν
2806 3328 3092 3402 ἄνθρωπος
3136 3329 3195 3380 ἐν
3246 3328 3520 3398 πνεύματι
3569 3327 3693 3380 ἀκα-

2125 3422 2329 3495 θάρτῳ,
2358 3423 2453 3476 καὶ
2496 3422 2761 3493 άνέκραξε
2804 3421 2978 3491 λέγων
2998 3438 3012 3451 ·
3048 3421 3172 3484 Ἔα,
3200 3420 3252 3473 τί
3283 3422 3417 3492 ἡμῖν
3462 3420 3558 3473 καὶ
3599 3418 3688 3483 σοὶ,

2137 3516 2310 3588 Ἰησοῦ
2354 3514 2676 3587 Ναζαρηνέ;
2722 3510 2886 3586 ἦλθες
2934 3511 3195 3567 ἀπολέσαι
3244 3514 3425 3584 hisac;
3472 3511 3691 3582 Οἶδαμέν

2128 3626 2187 3664 σε
2214 3609 2296 3672 τίς
2339 3604 2410 3673 εἴ,
2449 3609 2478 3660 6
2511 3608 2637 3673 Υἱὸς
2668 3606 2762 3660 τοῦ
2802 3605 2958 3660 Θεοῦ.
2994 3607 3103 3660 Kal
3131 3605 3463 3678 ἐπετίμησεν
3491 3603 3632 3676 αὐτῷ
3665 3603 3691 3656 ὁ

2138 3698 2344 3773 Ἰησοῦς
2374 3700 2578 3769 λέγων·
2610 3696 2910 3769 Φιμώθητι,
2946 3699 3041 3752 καὶ
3072 3697 3251 3765 ἔξελθε
3288 3697 3346 3765 ἐξ
3377 3696 3545 3751 αὑτοῦ
3568 3713 3581 3726 ο
3610 3697 3689 3748 ὅτε

2127 3793 2221 3846 καὶ
2257 3790 2565 3863 ἐσπάραξεν
2593 3790 2756 3843 αὐτὸν
2789 3789 2849 3842 τὸ
2887 3789 3105 3860 πνεῦμα
3137 3790 3199 3843 τὸ
3245 3789 3577 3861 ἀκάθαρτον,
3606 3787 3690 3841 καὶ

2127 3885 2383 3955 φωνῆσαν
2413 3885 2565 3955 φωνῇ
2598 3882 2809 3955 μεγάλῃ
2838 3881 3061 3953 ἐξῆλθεν
3084 3879 3143 3946 ἐξ
3185 3881 3371 3935 αὐτοῦ.
3399 3883 3512 3935 Kal
3536 3880 3690 3950 ἐθαμ-

2126 3975 2375 4049 ϐήθησαν
2389 3973 2648 4040 ἅπαντες.
2671 3974 2865 4047 »Καὶὴ
2898 3974 3135 4047 πενθερὰ
3172 3974 3413 4045 Σίμωνος
3463 3973 3555 4027 τοῦ
3601 3990 3690 4025 πυ-

2128 4067 2285 4141 ρετοῦ
2318 4068 2723 4123 ἀπαλλάσσεται
2768 4068 2825 4122 ἐν
2872 4069 2936 4138 τῇ
2982 4066 3380 4139 Καφαρναούμ.
3416 4067 3561 4139 Πρὸς
3587 4064 3688 4118 τού⁴

2124 4178 2239 4225 τοις
2262 4163 2289 4214 ό
2321 4160 2549 4233 Μάρκος
2576 4160 2711 4230 φησὶ
2741 4159 2979 4232 ἑσπέρας
3003 4160 3378 4231 γεγενημένης
3408 4161 3467 4212 ἐν
3494 4162 3556 4230 τῇ
3587 4160 3687 4210 Κα-

452 4246 594 4314 Quin
609 4246 774 4301 etiam
800 4246 978 4303 Lucas
995 4247 1193 4303 similia
1218 4264 1338 4303 cum
1366 4247 1547 4303 Marco
1565 4248 2025 4318 loquitnr'deCa-

2133 4253 2412 4323 φαρναοὺμ
2450 4250 2881 4324 τεθεραπεῦσθαι
2918 4250 3128 4315 πάντας
3169 4250 3294 4314 τοὺς
3321 4250 3508 4313 κακῶς
3550 4250 3684 4320 έχον-

453 4341 720 4412 pharnao,
741 4341 928 4396 dicens
948 4355 964 4394 :
984 4358 1002 4392 ι
1031 4341 1098 4395 Ει
1114 4341 1328 4396 vcnitin
1348 4341 1731 4411 Capharnaum
1748 4342 2023 4396 civitatem

2125 4362 2226 4408 τας
2254 4346 2348 4397 καὶ
2384 4344 2875 4417 δαιμονιζομένους.
2923 4345 3035 4398 Kal
3073 4346 3102 4397 6
3134 4344 3349 4407 Λουκᾶς
3395 4342 3453 4395 δὲ
3483 4342 3548 4395 τὰ
3592 4357 3686 4392 πα⁸

450 4433 904 4503 Galilteaadbique
932 4434 1164 4489 docebat
1203 4434 1321 4515 illos
1346 4433 1602 4488 sabbatis.
1645 4433 1712 4488 Et
1739 4434 2025 4502 stupebant

2133 4433 2402 4505 ραπλήσια
2443 4432 2522 4504 τῷ
2559 4434 2771 4505 Μάρκῳ
2802 4432 3135 4501 ἀπαγγέλλει
3172 4434 3299 4504 περὶ
3337 4432 3436 4503 τῆς
3478 4433 3685 4499 Καφαρ-

451 4542 616 4598 super
636 4526 789 4597 ιῚι
819 4526 1065 4581 doctrina
1090 4527 1228 4597 ejus,
1243 4526 1365 4596 quia
1384 4540 1510 4581 cum
1531 4526 2033 4595 potestateconjun-

454 4628 574 4673 ctus
593 4629 710 4672 erat
736 4632 916 4672 sermo
938 4617 1126 4688 ipsius.
1150 4618 1214 4671 Et
1234 4618 1285 4670 in
1309 4631 1581 4688 synagoga
1612 4627 1727 4670 erat
1752 4617 1912 4671 homo
1929 4616 2029 4670 ha-

453 4708 592 4763 bens
609 4706 862 4775 spiritum
886 4707 1148 4763 daemonis
1173 4706 1529 4770 immundi,et
1553 4705 2030 4763 eXclainavitvoce

456 4815 648 4871 magna
684 4801 867 4858 dicens
901 4821 914 4857 :
951 4801 1074 4866 Eia,
1104 4802 1235 4872 quid
1288 4802 1385 4856 tibi
1424 4801 1705 4855 nobiscum
1748 4811 1856 4867 est,
1896 4800 2027 4866 Jesu

454 4892 775 4948 Nazarene?
805 4895 1000 4950 venisti
1046 4895 1112 4949 ad
1150 4894 1481 4962 perdendum
1518 4894 1654 4949 nos?
1683 4896 1796 4949 scio
1826 4905 1877 4949 te
1906 4895 2028 4964 quis

454 4988 554 5054 sis,
583 4984 815 5043 Sanctus
853 4987 942 5042 ille
975 4987 1091 5042 Dei.
1126 4986 1194 5040 Et
1220 4985 1522 5056 increpavit
1554 4985 1704 5040 illum
1729 4985 1908 5054 Jesus,
1944 4986 2027 5041 di-

455 5092 589 5134 cens
617 5094 633 5131 :
665 5076 1009 5143 Obmutesce,
1039 5087 1095 5133 et
1116 5077 1202 5132 exi
1235 5077 1304 5130 ab
1333 5092 1419 5131 eo.
1451 5076 1518 5131 Et
1550 5092 1672 5132 cum
1705 5077 2025 5147 projecisset

457 5170 608 5225 illum
644 5169 972 5223 daemonium
1004 5169 1059 5223 in
1091 5166 1347 5232 medium,
1375 5168 1510 5221 exiit
1539 5167 1608 5222 ab
1640 5168 1753 5232 illo,
1782 5168 2027 5240 nihilque

456 5262 532 5317 illi
560 5261 763 5317 nocuit.
800 5279 819 5314 ι
858 5260 925 5315 Ει
960 5269 1150 5332 postea
1198 5268 1385 5314 narrat
1414 5259 1455 5324 ’,
1494 5262 1768 5329 quomodo
1800 5277 2027 5333 surgens

457 5353 719 5409 Dominus
760 5366 793 5407 e
824 5367 1096 5424 synagoga
1142 5352 1424 5422 ingressus
1451 5358 1536 5405 est
1582 5350 1638 5406 in
1686 5353 1905 5408 domum
1937 5355 2026 5411 Si-

2126 4524 2329 4594 ναοὺμ,
2384 4523 2592 4593 λέγων·
2654 4543 2673 4575 ι
2736 4524 2846 4577 Kal
2913 4519 3075 4595 ἦλθεν
3135 4525 3216 4585 εἰς
3283 4520 3682 4594 Καφαρναοὺμ,

2125 4612 2278 4667 πόλιν
2349 4614 2448 4685 τῆς
2508 4612 2796 4677 Γαλιλαίας
2820 4653 2835 4678 ,
2905 4614 2998 4666 καὶ
3061 4609 3129 4684 ἧν
3187 4611 3454 4666 διδάσκων
3505 4610 3682 4670 αὐτοὺς

2125 4708 2184 4759 ἐν
2236 4708 2349 4770 τοῖς
2425 4705 2677 4760 σάϐϐασι.
2739 4706 2851 4758 Καὶ
2904 4704 3295 4775 ἐξεπλήσσοντο
3351 4704 3445 4756 ἐπὶ
3500 4705 3561 4773 τῇ
3613 4700 3684 4753 δι-

2124 4800 2259 4870 δαχῇ
2311 4798 2499 4863 αὑτοῦ,
2538 4798 2620 4851 ὅτι
2668 4798 2727 4850 ἐν
2761 4797 2977 4869 ἐξουσίᾳ
3022 4793 3089 4867 ἦν
3119 4799 3148 4850 6
3178 4796 3335 4866 λόγος
3378 4794 3558 4849 αὐτοῦ.
3588 4790 3682 4845 Καὶ

2132 4893 2188 4945 ἐν
2214 4894 2279 4962 τῇ
2333 4893 2621 4963 συναγωγῇ
2658 4885 2731 4962 ἦν
2767 4890 3051 4963 ἄνθρωπος
3087 4887 3228 4960 ἔχων
3260 4887 3477 4959 πνεῦμα
3511 4886 3681 4954 δαιμο-

2132 4984 2245 5037 νίου
2287 4982 2619 5056 ἀκαθάρτου,
2655 4983 2749 5037 καὶ
2787 4981 3053 5055 ἀνέκραξε
3084 4983 3236 5053 φωνῇ
3278 4981 3521 5052 μεγάλην
3570 4976 3678 5037 Ἔα,

2130 5075 2184 5128 τί
2216 5077 2349 5145 ἡμῖν
2390 5075 2485 5127 καὶ
2519 5074 2625 5139 σοι,
2671 5072 2846 5145 Ἰησοῦ
2889 5071 3219 5143 Ναζαρηνέ;
3251 5065 3416 5142 ἦλθες
3443 5065 3681 5122 ἀπολέσαι

2132 5170 2315 5239 hisac;
2342 5165 2477 5224 Οἶδά
2508 5187 2567 5222 σε
2600 5168 2683 5232 τίς
2715 5163 2785 5230 εἴ,
2814 5168 2843 5220 6
2861 5167 3055 5235 ’Ἄγιος
3078 5165 3173 5218 τοῦ
3198 5162 3358 5220 Θεοῦ.
3385 5162 3493 5216 Kal
3517 5157 3676 5214 ἐπετί-

2140 5278 2312 5333 μησεν
2340 5261 2488 5333 αὐτῷ
2519 5265 2547 5316 6
2593 5259 2822 5333 Ἰησοῦς,
2845 5259 3038 5328 λέγων’
3066 5255 3368 5329 Φιμώθητι,
3401 5255 3495 5310 καὶ
3521 5249 3679 5317 ἔξελθε

2133 5356 2229 5408 ἀπ’
2259 5355 2447 5410 αὑτοῦ.
2481 5355 2615 5409 Τότε
2659 5356 2755 5408 καὶ
2801 5352 2962 5426 ῥίψαν
3004 5351 3169 5408 αὐτὸν
3200 5349 3263 5403 τὸ
3313 5349 3580 5421 δαιμόνων
3613 5343 3678 5402 εἰς

526 5502 611 5567 6⁸1
636 5513 763 5570 Cor.
789 5528 878 5578 xv,
906 5513 1000 5569 25.
1069 5514 1086 5545 ί
1114 5512 1301 5567 Matth.
1326 5528 1524 5572 xxviii.
1548 5510 1642 5584 ΞΟ.
1720 5515 1742 5547 ³
1762 5512 1920 5572 Joan.
1956 5532 2018 5584 ll,

2201 5518 2223 5547 ³
2259 5515 2449 5570 Matth.
2482 5532 2560 5578 iv,
2586 5515 2670 5572 l5.
2732 5515 2905 5575 "ibid.
2938 5517 3025 5573 17.
3091 5514 3113 5547 ⁸
3138 5511 3304 5567 Marc.
3335 5526 3373 5578 ι,
3406 5504 3676 5576 ιδ,μεεειο

458 5586 479 5613 ⁸
509 5587 641 5640 ibid.
665 5585 736 5638 ‘24
759 5600 879 5655 seq.

532 5744 645 5815 (98)
691 5746 867 5804 Τοῦδε
889 5748 1107 5817 πάσας.
1143 5746 1282 5819 Lego
1309 5745 1481 5820 ἢοῦδὲ
1500 5746 1696 5811 πάσας.

985 5585 1006 5609 ⁷
1045 5585 1179 5639 ibid.
1206 5584 1268 5639 5t
1309 5599 1424 5654 seq.
1500 5582 1675 5640 ‘Luc.
1706 5601 1781 5653 tv,
1817 5586 1886 5645 53
1906 5582 2025 5659 seq.
2101 5590 2122 5621 ⁹
2150 5586 2282 5644 Luc.
2319 5603 2385 5652 tv,
2425 5588 2511 5656 58,
2547 5588 2636 5644 59.
