3766 6142
416 319 525 376 ῧϊί

1888 319 2210 377 ORIGENIS

3544 322 3632 379 διε

417 440 812 508 discederet“,
854 440 1307 513 interpretatione
1335 454 1441 509 est,
1485 444 1745 498 habitatio
1776 444 1974 513 ejicien‘

2090 444 2357 497 εκάλεσαν
2403 442 2567 497 αὑτὸν
2605 442 2907 514 μεταϐῆναι
2957 443 3021 495 ἐκ
3061 441 3171 495 τῶν
3215 441 3375 513 ὁρίων
3408 442 3633 501 αὐτῶναι

412 535 570 589 tium.
604 533 839 589 Rursum
884 536 950 591 de
976 537 1299 604 Capharnao
1328 538 1445 593 haec
1482 537 1644 592 etiam
1673 536 1993 591 observavi-

413 637 559 688 mus,
592 623 644 676 in
677 638 739 678 ea
777 639 882 678 non
933 624 1106 679 solum
1155 626 1456 695 praedicare
1511 624 1801 680 Dominum
1844 625 1994 679 ince-

411 713 556 785 pisse
582 732 598 769 :
636 734 654 766 ι
685 714 856 770 instat
887 716 1151 771 caelorum
1189 732 1453 788 regnum;
1485 735 1504 770 ι
1544 732 1755 785 verum,
1788 725 1848 772 ut
1877 726 1991 772 tres

408 806 756 876 evangelista
804 810 1115 877 ostendunt,
1153 809 1359 880 primas
1396 809 1507 864 illic
1550 812 1713 864 etiam
1760 811 1988 865 virtutes

410 898 669 955 edidisse.
696 899 935 966 Quorum
963 901 1148 956 nullus
1172 902 1225 954 in
1259 903 1342 955 his
1368 900 1710 956 mirabilibus
1733 917 1853 970 qua:
1877 902 1988 970 pri-

410 1005 557 1045 mum
584 992 724 1045 facta
753 991 923 1046 fuisse
948 992 1166 1062 scripsit
1191 993 1244 1047 in
1271 992 1616 1061 Capharnao,
1637 992 1877 1047 imitatus
1901 1001 1987 1047 est

413 1082 466 1137 in
503 1084 741 1139 notando
764 1084 941 1154 primo
972 1084 1241 1140 miraculo
1261 1085 1582 1155 discipulum
1605 1084 1868 1140 Joannem
1900 1084 1984 1139 di-

411 1186 625 1233 centem
649 1193 663 1229 :
689 1174 833 1230 (Hoc
854 1176 1064 1231 initium
1088 1176 1366 1249 signorum
1394 1175 1732 1232 ediditJesus
1756 1177 1811 1231 in
1838 1178 1989 1232 Cana

407 1268 642 1324 Galilazae
668 1269 766 1324 η.»
787 1268 974 1339 Neque
1000 1269 1142 1325 enim
1165 1279 1285 1325 erat
1315 1271 1527 1326 initium
1555 1272 1830 1338 signorum
1858 1270 1989 1325 illud

410 1362 554 1430 quod
577 1362 780 1417 editum
809 1363 914 1417 fuit
942 1363 995 1417 in
1027 1362 1369 1431 Capharnao,
1400 1378 1465 1418 eo
1487 1366 1629 1433 quod
1653 1364 1987 1433 praecipuum

406 1455 623 1524 quidem
646 1454 857 1527 signum
878 1455 999 1510 Filii
1020 1456 1109 1511 Dei
1135 1455 1207 1510 sit
1230 1456 1556 1511 exhilaratio
1571 1472 1586 1521 ;
1603 1467 1656 1509 at
1681 1466 1907 1525 propter
1924 1470 1987 1510 ea

407 1560 529 1613 quae
571 1546 885 1603 hominibus
913 1549 1188 1612 accidunt,
1215 1548 1285 1603 sit
1314 1549 1846 1616 repraesentativum;
1878 1562 1986 1601 non

408 1648 518 1694 tam
576 1655 675 1708 per
710 1642 1044 1696 curationem
1092 1642 1272 1696 Verbo
1318 1641 1775 1710 pulchritudinem
1830 1640 1988 1696 suam

406 1738 737 1797 ostentante,
772 1732 897 1785 dum
922 1745 1097 1802 aegros
1142 1740 1317 1794 curat,
1351 1744 1514 1799 quam
1556 1732 1680 1783 dum
1702 1729 1886 1784 sobria
1904 1743 1992 1796 po-

2093 534 2203 588 τῶν
2256 535 2457 606 χοίρων
2508 532 2618 605 (10)
2680 535 2914 599 πολῖται,
2973 533 3332 606 ἑρμηνεύεται
3387 539 3636 605 παροικία

2094 627 2564 696 ἐκϐεϐληκότων.
2605 627 2726 681 Ἔτι
2759 627 2818 680 δὲ
2850 626 2948 681 κα1⁸
2974 627 3134 680 τοῦτο
3163 629 3291 699 περὶ
3320 627 3411 698 τῆς
3438 628 3635 701 Καφαρ-

2092 718 2268 789 ναοὺμ
2296 720 2700 791 τετηρήκαμεν,
2748 718 2831 772 ὅτι
2862 718 2923 771 οὐ
2963 716 3121 788 μόνον
3169 719 3227 771 ἐν
3279 717 3411 789 αὐτῇ
3452 718 3632 790 κηρύσ-

2092 824 2205 861 σειν
2238 806 2321 873 τό,
2356 826 2375 858 ι
2417 808 2687 876 Ἤγγικεν
2720 809 2752 878 ἡ
2789 806 3034 876 βασιλεία
3071 805 3180 859 τῶν
3211 806 3468 877 οὐρανῶν,
3502 828 3519 860 ι
3550 809 3635 881 ἧρη

2091 898 2236 962 ξατο·
2270 898 2425 963 ἀλλὰ,
2458 899 2600 952 κατὰ
2629 901 2756 962 τοὺς
2786 901 2934 970 τρεῖς
2957 897 3366 968 εὐαγγελιστάς,
3399 900 3491 963 τὰς
3514 901 3637 972 πρώ-

2086 1007 2186 1053 τας
2230 990 2485 1061 δυνάμεις
2527 991 2644 1043 ἐκεῖ
2686 990 3004 1061 πεποίηκεν.
3047 988 3235 1053 Οὐδεὶς
3266 989 3323 1042 δὲ
3354 989 3457 1044 τῶν
3489 991 3633 1062 τριῶν

2088 1083 2175 1152 ἐφ’
2203 1078 2286 1147 οἷς
2313 1082 2530 1154 πρῶτον
2563 1082 2838 1154 ἀνέγραψε
2877 1082 3203 1154 παραδόξοις
3241 1083 3299 1136 ὲν
3333 1086 3397 1154 τῇ
3431 1084 3635 1157 Καφαρ-

2088 1176 2264 1246 ναοὺμ
2314 1175 2702 1246 γεγενημένοις
2744 1174 2843 1246 τὴν
2880 1173 2972 1228 τοῦ
3011 1174 3255 1246 μαθητοῦ
3296 1175 3534 1229 Ἰωάννου
3559 1176 3638 1230 ἐπὶ

2087 1266 2166 1338 τῷ
2209 1267 2412 1340 πρώτῳ
2469 1267 2617 1340 ἔργῳ
2673 1268 2974 1339 σημείωσιν
3026 1268 3318 1338 πεποίηται
3382 1267 3636 1336 λέγοντος·

2096 1378 2114 1410 ι
2146 1357 2360 1428 Ταύτην
2392 1359 2565 1430 ἀρχὴν
2597 1358 2706 1412 τῶν
2737 1359 2978 1429 σημείων
3012 1358 3265 1431 ἐποίησεν
3297 1361 3326 1413 ὁ
3379 1360 3567 1429 Ἰησοῦς
3591 1362 3639 1415 ἐν

2090 1452 2246 1521 Κανᾷ
2266 1450 2366 1520 τῆς
2391 1449 2700 1515 Γαλιλαίας.
2729 1470 2748 1503 ι
2776 1453 2852 1505 Ub
2887 1452 2994 1524 γάρ
3015 1447 3082 1524 ἦν
3112 1450 3254 1522 ἀρχὴ
3280 1451 3389 1505 τῶν
3425 1452 3640 1522 σημείων

2089 1542 2151 1595 τὸ
2196 1545 2252 1596 ὲν
2281 1542 2681 1614 Καφαρναοὺμ,
2715 1542 2792 1614 τῷ
2827 1542 3239 1615 προηγούμενον
3272 1544 3370 1614 μὲν
3423 1545 3638 1614 σημείων

2090 1628 2230 1688 εἷναι
2263 1633 2357 1687 τοῦ
2387 1633 2517 1687 Υίοῦ
2550 1635 2644 1688 τοῦ
2679 1634 2814 1688 Θεοῦ
2845 1635 2943 1707 τὴν
2980 1635 3318 1707 εὐφροσύνην
3344 1652 3357 1664 ·
3396 1635 3481 1689 διὰ
3510 1634 3561 1687 δὲ
3582 1634 3639 1689 τὰ

2091 1729 2200 1790 τοῖς
2220 1725 2526 1798 ἀνθρώποις
2558 1726 2943 1798 συμϐεϐηκότα
2969 1728 3377 1798 παραστατικὸν
3401 1729 3528 1799 (li),
3555 1729 3637 1800 οὐχ

405 1822 553 1876 tione
576 1836 671 1879 eos
701 1823 992 1888 exhilarat,
1017 1822 1212 1893 quibus
1234 1837 1328 1893 per
1354 1822 1715 1878 valetudinem
1737 1821 1974 1876 convivic

2087 1815 2258 1880 οὕτως
2290 1816 2388 1886 τὴν
2430 1816 2728 1887 θεραπείαν
2773 1817 3215 1888 ἐπιδεικνυμένου
3265 1818 3362 1872 τοῦ
3395 1818 3558 1887 Λόγου
3586 1817 3639 1872 τὺ

404 1914 672 1970 interesse
701 1915 848 1970 licet.

2092 1906 2222 1961 ἴδιον
2272 1905 2484 1970 κάλλος,
2543 1908 2602 1960 ὲν
2639 1906 2718 1978 τῷ
2761 1906 3084 1979 θεραπεύειν
3130 1909 3256 1973 τοὺς
3304 1908 3646 1982 πεπονθότας,

401 2010 526 2065 ὅσον
558 2011 617 2065 ὲν
648 2010 734 2082 τῷ
755 2009 1069 2083 εὐφραίνειν
1114 2009 1194 2082 τῷ
1228 2009 1475 2083 νηφαλίῳ
1508 2011 1712 2080 πόματι
1737 2010 1861 2072 τοὺς
1898 2005 1986 2061 διὰ
2015 2000 2107 2058 τοῦ
2140 2003 2400 2072 ὑγιαίνειν
2425 2002 2517 2058 καὶ
2550 2003 2754 2074 εὐωχία
2779 2004 3058 2074 σχολάζειν
3090 2003 3442 2076 δυναμένους.

469 2125 556 2179 Η.
594 2144 613 2178 ι
652 2127 719 2181 Ει
756 2129 1061 2196 proximum
1093 2138 1208 2184 erat
1248 2129 1451 2184 Pascha
1484 2128 1792 2185 Iudaeorum
1833 2135 1900 2189 η.
1947 2150 1974 2187 ι

394 2215 793 2288 Sapientissimi
825 2218 1051 2276 Joannis
1081 2222 1411 2293 diligentiam
1449 2238 1663 2278 mecum
1692 2234 1977 2297 reputans,

403 2309 715 2378 quaerebam
742 2310 871 2377 quid
900 2310 1004 2364 sibi
1035 2310 1165 2364 velit
1191 2309 1619 2365 additamentum
1642 2308 1976 2362 Judworum.

400 2403 534 2467 Quae
563 2400 709 2455 enim
743 2401 846 2455 alia
875 2395 1007 2471 gens
1033 2401 1200 2456 habet
1228 2400 1513 2456 Paschalis
1537 2401 1934 2455 solemnitatem
1958 2395 1983 2453 7

400 2494 672 2561 Quocirca
719 2509 840 2549 cum
893 2492 1195 2548 sull'eeisset
1238 2492 1456 2548 dicere:
1488 2492 1555 2546 Et
1581 2492 1634 2546 in
1676 2492 1982 2560 pr0pinquo

399 2595 521 2641 erat
545 2584 752 2640 Pascha
783 2607 795 2640 :
826 2584 950 2639 vide
977 2598 1046 2639 ne
1077 2584 1216 2638 forte
1246 2585 1452 2639 Pascha
1481 2581 1786 2638 Judacornm
1820 2582 1969 2636 dica-

399 2686 489 2731 tur
513 2675 581 2731 ad
630 2675 1000 2731 ditl‘erentiam
1046 2672 1334 2730 Paschatis
1383 2673 1555 2729 divini
1590 2692 1604 2728 :
1638 2672 1978 2743 quandoqui-

402 2770 524 2823 dem
557 2768 793 2823 alterum
827 2777 911 2822 est
944 2767 1153 2822 Pascha
1202 2765 1521 2831 humanum,
1569 2779 1761 2833 nempe
1789 2779 1975 2818 eorum

399 2860 493 2930 qui
551 2875 658 2915 non
721 2858 1003 2914 celebrant
1048 2859 1177 2913 illud
1208 2874 1276 2913 ex
1323 2857 1602 2911 voluntate
1646 2856 1974 2926 Scriptum;

399 2958 631 3006 alterum
662 2966 795 3006 vero
828 2950 1095 3015 divinum,
1126 2964 1312 3005 verum
1350 2948 1587 3012 scilicet,
1610 2949 1754 3016 quod
1777 2948 1974 3018 spiritu

400 3055 457 3101 et
503 3045 739 3099 veritate
780 3042 1058 3112 perficitur
1105 3044 1176 3098 ab
1208 3043 1293 3098 his
1338 3042 1431 3113 qui
1474 3041 1640 3095 Deum
1675 3041 1867 3109 spiritu
1918 3051 1974 3096 et

402 3139 634 3193 veritate
667 3137 916 3192 adorant.
960 3136 1264 3190 Audiamus
1311 3135 1477 3205 igitur
1521 3133 1733 3187 Domini
1762 3132 1829 3187 de
1872 3133 1975 3202 Pa-
2002 3160 2044 3218 ρ

401 3229 592 3284 schate
632 3229 804 3297 legem
854 3226 1153 3281 sancientis
1185 3223 1375 3289 verba,
1406 3224 1624 3293 quando
1660 3224 1822 3278 etiam
1862 3226 1973 3294 pri-

401 3332 550 3373 mum
586 3317 922 3371 nominatum
957 3316 1134 3369 fuitin
1162 3315 1445 3383 Scriptura
1479 3315 1521 3344 ”
1551 3331 1565 3367 :
1609 3332 1628 3364 ι
1666 3313 1732 3368 Ει
1764 3313 1975 3368 locutus

397 3421 480 3465 est
508 3407 766 3464 Dominus
792 3407 859 3461 ad
900 3407 1120 3479 Moysen
1154 3416 1209 3463 et
1233 3408 1413 3459 Aaron
1440 3406 1492 3460 in
1537 3412 1681 3461 terra
1728 3406 1973 3477 Egypti,

399 3502 636 3558 dicens:
674 3497 829 3572 [(15)
871 3498 1073 3554 Mensis
1107 3499 1207 3553 iste
1238 3498 1392 3553 vobis
1439 3499 1653 3552 initium
1706 3500 1971 3554 mensium

401 3597 505 3648 erit
535 3613 550 3650 :
592 3594 804 3662 primus
848 3595 952 3645 erit
976 3591 1132 3645 vobis
1161 3589 1214 3644 in
1242 3589 1518 3644 mensibus
1545 3588 1692 3643 anni.
1725 3589 1975 3659 Loquere

397 3688 464 3741 ad
521 3686 834 3739 universum
889 3693 1094 3738 emtum
1149 3681 1385 3736 ﬁliorum
1435 3681 1637 3746 Israel,
1693 3683 1969 3757 dicens:]

401 3776 558 3848 173
572 3776 789 3831 Decima
810 3777 1012 3829 mensis
1031 3774 1189 3840 hujus
1208 3774 1361 3830 tollat
1379 3773 1745 3842 unusquisque
1770 3790 1971 3844 agnum

396 3887 494 3938 per
525 3869 780 3933 familias,
812 3878 867 3920 et
898 3867 1089 3921 domos
1104 3879 1364 3936 suaspet
1385 3874 1507 3935 post
1544 3881 1736 3934 pauca,
1771 3868 1822 3920 in
1848 3868 1971 3937 qui-

396 3963 501 4016 bus
530 3962 766 4015 nondum
804 3960 1013 4014 Pascha
1045 3961 1364 4013 nominatim
1395 3959 1596 4013 dictum
1630 3958 1974 4023 fuerat,sub-

394 4057 579 4126 jungit
605 4054 689 4107 '3:
729 4073 747 4105 ι
777 4053 868 4108 Sic
912 4063 1090 4107 autem
1130 4051 1277 4105 illum
1312 4052 1655 4107 comedetis:
1684 4050 1862 4105 Renes
1886 4065 1972 4106 ve-

2154 2118 2241 2172 11.
2286 2137 2304 2169 ι
2345 2113 2457 2171 Καὶ
2491 2120 2658 2189 ἐγγὺς
2689 2115 2756 2192 ἦν
2800 2120 2862 2173 τὸ
2904 2122 3094 2193 Πάσχα
3141 2120 3251 2174 τῶν
3310 2122 3585 2177 Ἰουδαίων.
3614 2142 3633 2175 ι

2081 2210 2194 2283 Τὴν
2243 2210 2337 2264 τοῦ
2388 2212 2698 2281 σοφωτάτου
2762 2213 3008 2267 Ἰωάννου
3059 2214 3330 2281 ἐξετάζων
3376 2215 3638 2286 ἀκρίϐειαν

2079 2302 2199 2356 κατ’
2222 2303 2478 2374 ἐμαυτὸν,
2514 2303 2741 2376 ἐζήτουν
2762 2306 2814 2358 τί
2845 2306 3089 2376 βούλεται
3117 2306 3267 2377 αὐτῷ
3294 2309 3329 2379 ἡ
3355 2307 3638 2378 προσθήκη,

2076 2391 2198 2449 τῶν
2242 2395 2553 2450 Ἰουδαίων.
2585 2397 2745 2450 Ποίου
2779 2398 2887 2468 γὰρ
2916 2397 3074 2451 ἄλλου
3103 2397 3287 2463 ἔθνους
3317 2400 3465 2453 ἐστὶν
3496 2401 3637 2470 ἑορτὴ

2078 2486 2141 2540 τδ
2162 2486 2387 2558 Πάσχα;
2426 2487 2628 2560 Διόπερ
2660 2488 2932 2560 αὔταρκες
2967 2486 3035 2561 ἦν
3076 2491 3249 2543 εἰπεῖν
3283 2491 3419 2562 (12)·
3451 2492 3555 2544 Kal.
3578 2486 3636 2559 ἦν

2082 2579 2247 2646 ἐγγὺς
2268 2578 2329 2631 τὸ
2359 2579 2566 2650 Πάσχα·
2601 2580 2811 2650 μήποτε
2850 2580 2906 2633 δὲ
2931 2582 3052 2634 ἐπεὶ
3089 2583 3151 2636 τὸ
3183 2582 3280 2654 μέν
3303 2585 3364 2638 τί
3396 2584 3510 2636 ἐστι
3534 2583 3637 2636 Πά-

2082 2687 2186 2741 σχα
2214 2670 2550 2742 ἀνθρώπινον
2596 2671 2703 2725 τῶν
2741 2672 2813 2744 μὴ
2842 2674 2984 2727 κατὰ
3014 2672 3267 2748 βούλησιν
3300 2677 3403 2747 τῆς
3435 2675 3638 2747 Γραφῆς

2079 2762 2471 2817 ἐπιτελούντων
2497 2764 2659 2818 αὑτό·
2697 2764 2757 2819 τὸ
2790 2766 2846 2820 δέ
2872 2785 2922 2819 τι
2953 2766 3115 2831 θεῖον,
3155 2768 3215 2821 τὸ
3241 2768 3463 2840 ἀληθὲς,
3496 2766 3640 2820 πνεύ-

2082 2872 2211 2926 ματι
2257 2857 2350 2910 καὶ
2383 2856 2610 2929 ἀληθείᾳ
2653 2859 3042 2931 ἑνεργούμενον
3079 2861 3185 2915 ὑπὸ
3232 2861 3343 2915 τῶν
3391 2863 3640 2930 πνεύματι

2080 2949 2173 3001 xal.
2196 2948 2423 3022 ἀληθείᾳ
2467 2952 2913 3022 προσκυνούντων
2940 2953 3030 3006 τὸν
3057 2953 3211 3018 Θεὸν,
3229 2952 3588 3008 ἅντιδιέσταλτ
3599 2967 3641 3004 ιι

2081 3040 2216 3110 πρὸς
2246 3041 2336 3093 τὸν
2375 3041 2536 3105 θεῖον,
2565 3042 2626 3096 τὸ
2656 3044 2947 3115 λεγόμενον
2979 3045 3099 3099 τῶν
3125 3045 3442 3102 Ἰουδαίων.
3471 3042 3640 3099 Ἀκού-

2082 3146 2263 3201 σωμεν
2289 3130 2421 3199 γοῦν
2453 3132 2546 3185 τοῦ
2581 3135 2787 3203 Κυρίου
2818 3136 3233 3205 νομοθετοῦντος
3261 3137 3324 3190 τὸ
3358 3136 3565 3207 Πάσχα,
3593 3134 3639 3190 τί

2080 3238 2232 3291 φησι,
2280 3223 2368 3276 ὅτε
2410 3224 2505 3276 καὶ
2561 3225 2776 3296 πρῶτον
2830 3227 3144 3298 ὠνόμασται
3198 3232 3256 3283 ἐν
3309 3232 3381 3301 τῇ
3434 3230 3472 3282 Γ
3476 3231 3633 3299 ραφῇ·

2083 3336 2102 3369 ι
2134 3318 2242 3370 Kal
2274 3314 2396 3372 εἷπε
2430 3320 2633 3392 Κύριος
2668 3322 2807 3394 πρὸς
2850 3324 3090 3396 Μωῦσῆν
3113 3325 3205 3378 καὶ
3247 3323 3456 3395 Ἀαρὼν
3490 3327 3543 3377 ὲν
3574 3325 3635 3393 γῇ

2074 3409 2351 3479 Αἰγύπτου
2385 3411 2579 3480 λέγων·
2633 3414 2691 3467 Ὁ
2738 3415 2843 3486 μὴν
2883 3408 3037 3480 οὗτος
3083 3417 3213 3486 ὑμῖν
3249 3417 3398 3487 ἀρχὴ
3448 3415 3635 3487 μηνῶν.

2075 3502 2295 3572 πρῶτός
2333 3503 2479 3557 ἐστιν
2513 3504 2641 3575 ὑμῖν
2673 3507 2729 3558 ὲν
2759 3508 2871 3570 τοῖς
2896 3507 3029 3578 μησὶ
3054 3508 3147 3561 τοῦ
3176 3508 3449 3562 ἐνιαυτοῦ.
3482 3507 3639 3577 Λάλη·

2076 3609 2166 3645 σον
2199 3592 2335 3664 πρὸς
2385 3595 2561 3649 πᾶσαν
2608 3597 2925 3668 συναγωγὴν
2967 3597 3101 3651 υἱῶν
3147 3599 3367 3671 Ἰσραὴλ
3392 3639 3409 3665 ,
3458 3599 3632 3668 λέγων·

2075 3686 2153 3756 Τῇ
2202 3685 2400 3759 δεκάτῃ
2457 3687 2551 3740 τοῦ
2606 3688 2773 3759 μηνὸς
2822 3689 3012 3744 τούτου
3061 3690 3380 3745 λαϐέτωσαν
3427 3692 3636 3755 ἕκαστος

2073 3778 2342 3849 πρόϐατον
2373 3782 2493 3833 κατ’
2535 3781 2717 3845 οἴκους
2745 3783 3007 3853 πατριῶν·
3050 3803 3069 3835 ι
3106 3785 3200 3837 καὶ
3231 3786 3350 3855 μετ’
3387 3785 3557 3853 ὀλίγα,
3585 3785 3638 3838 ὲν

2071 3864 2153 3932 οἷς
2196 3870 2405 3923 οὐδέπω
2449 3871 2508 3924 τὸ
2554 3873 2748 3943 Πάσχα
2791 3874 3051 3944 ὀνομαστὶ
3097 3876 3314 3947 εἴρητο,
3359 3878 3631 3948 ἐπιφέρει·

2077 3979 2095 4011 ι
2139 3960 2295 4014 Οὕτω
2324 3963 2381 4015 δὲ
2417 3963 2655 4032 φάγεσθε
2704 3966 2863 4019 αὐτὸ·
2894 3969 2949 4020 αἱ
2973 3970 3171 4038 ὀσφύες
3197 3968 3353 4039 ὑμῶν
3391 3967 3639 4041 περιεζω-

2073 4053 2288 4124 σμέναι,
2316 4055 2412 4108 καὶ
2438 4056 2505 4109 τὰ
2532 4058 2854 4129 ὑποδήματα
2880 4061 3034 4131 ὑμῶν
3061 4063 3118 4115 ὲν
3145 4064 3256 4125 τοῖς
3284 4063 3447 4115 ποσὶν
3472 4060 3633 4132 ὑμῶν»

394 4149 492 4204 stri
514 4145 884 4201 circumcincti
914 4153 1101 4206 erunt,
1121 4150 1175 4197 et
1191 4142 1562 4197 calceamenta
1588 4151 1769 4197 vestra
1793 4143 1845 4195 in
1875 4157 1968 4212 pe-

2085 4146 2164 4198 ιαὶ
2200 4146 2256 4199 αἱ
2292 4145 2582 4219 βακτηρίαι
2630 4151 2688 4202 ὲν
2720 4153 2840 4216 ταῖς
2872 4153 3062 4225 χερσὶν
3105 4153 3280 4224 ὑμῶν,
3329 4155 3426 4207 καὶ
3469 4152 3638 4206 ἕδεσθε

394 4240 555 4294 dibus
582 4238 803 4304 vestris,
834 4247 889 4292 et
920 4235 1091 4291 baculi
1115 4235 1167 4289 in
1196 4236 1448 4291 manibus
1473 4235 1689 4301 vestris,
1711 4244 1766 4289 et
1789 4248 1972 4289 come-

2085 4234 2200 4287 ιύτὸ
2236 4235 2372 4306 μετὰ
2409 4237 2662 4307 σπουδῆς·
2706 4240 2901 4311 Πάσχα
2934 4242 3052 4294 ἐστὶ
3097 4241 3191 4293 τοῦ
3240 4242 3474 4313 Κυρίου.
3524 4259 3541 4292 ι
3569 4240 3638 4293 Οὐ

397 4332 541 4386 detis
565 4331 737 4400 ipsum
753 4345 877 4383 cum
902 4325 1256 4381 festinatione
1281 4342 1295 4379 :
1324 4325 1532 4379 Pascha
1563 4334 1645 4379 est
1675 4324 1919 4378 Domini:
1946 4341 1965 4374 ι

2085 4325 2181 4395 γάρ
2212 4342 2345 4397 φησι
2368 4344 2379 4355 ο
2423 4327 2614 4398 Πάσχα
2643 4331 2791 4384 ἐστὶν
2824 4330 2996 4402 ὑμῶν.
3034 4331 3144 4385 Καὶ
3183 4332 3298 4402 μετ’
3342 4332 3497 4400 ὀλίγα
3528 4329 3641 4383 δεύ-

398 4440 499 4480 nec
528 4425 673 4479 enim
701 4423 867 4477 dicit:
899 4419 1104 4476 Pascha
1130 4428 1211 4473 est
1232 4428 1494 4472 vestrum.
1519 4419 1580 4473 Et
1609 4418 1768 4486 paulo
1791 4426 1907 4487 post
1927 4419 1970 4452 ιο

2085 4433 2225 4488 τερον
2260 4415 2433 4482 οὕτως
2462 4420 2714 4490 ὀνομάζει
2744 4421 2841 4493 τὴν
2876 4424 3100 4494 ἑορτήν·
3137 4440 3154 4473 ι
3210 4424 3320 4476 Kal.
3343 4424 3518 4485 ἔσται,
3552 4422 3637 4474 ἐὰν

393 4518 476 4571 sic
506 4518 699 4571 iterum
731 4514 978 4568 nominat
1019 4511 1415 4566 solemnitatem
1444 4526 1459 4562 :
1497 4527 1518 4560 ι
1554 4509 1615 4562 Ει
1649 4510 1771 4573 erit,
1803 4509 1848 4562 si
1880 4508 1959 4561 di-

2085 4509 2264 4577 ιέγωσι
2294 4511 2431 4581 πρὸς
2453 4512 2594 4583 ὑμᾶς
2615 4514 2666 4566 oi
2697 4513 2804 4566 υἱοὶ
2826 4512 2997 4582 ὑμῶν·
3032 4515 3128 4579 Τίς
3154 4518 3186 4587 ὴ
3211 4515 3442 4587 λατρεία
3465 4515 3597 4585 αὕτη
3619 4531 3631 4578 ;

396 4609 573 4663 xerint
596 4608 749 4662 vobis
774 4605 865 4659 lilii
894 4602 1061 4659 vestri
1094 4621 1106 4656 :
1134 4601 1263 4668 Qua:
1284 4611 1369 4656 est
1394 4602 1493 4655 ista
1518 4600 1747 4670 religio?
1776 4600 1969 4655 dicetis

2085 4600 2162 4652 ιαὶ
2194 4602 2369 4672 ἐρεῖτε
2399 4603 2579 4667 αὐτοῖς
2599 4622 2611 4634 ·
2658 4604 2827 4658 Θυσία
2868 4606 2928 4658 τὸ
2964 4607 3153 4677 Πάσχα
3183 4607 3275 4660 τοῦ
3307 4608 3536 4679 Κυρίου,
3564 4605 3636 4667 ὠς

396 4698 462 4751 ad
492 4712 588 4751 eos
624 4714 637 4750 :
673 4695 905 4752 Victima
935 4705 1019 4748 est
1044 4690 1252 4747 Pascha
1294 4691 1528 4753 Domini,
1559 4690 1811 4760 quoniam
1835 4705 1963 4759 pro-

2085 4692 2337 4746 :o'xértacs
2371 4697 2494 4759 τοὺς
2520 4695 2699 4759 οἴκους
2722 4697 2830 4749 τῶν
2853 4695 2982 4750 υἱῶν
3020 4697 3254 4769 Ἰσραήλ,
3293 4718 3311 4748 ι
3344 4698 3458 4751 Καὶ
3484 4697 3637 4750 πάλιν

393 4787 530 4841 texit
565 4785 751 4840 domos
778 4784 1008 4840 ﬁliorum
1039 4781 1227 4838 Israel.
1258 4799 1276 4833 ι
1306 4780 1656 4848 Rursumque
1681 4788 1805 4848 post
1832 4794 1964 4849 pau-

2085 4782 2119 4834 ἰὲ
2153 4785 2268 4854 μετ’
2294 4786 2450 4855 ὀλίγα
2475 4805 2488 4818 ·
2540 4808 2558 4839 ι
2602 4785 2738 4842 Εἷπε
2773 4790 2830 4843 δὲ
2870 4791 3073 4861 Κύριος
3113 4791 3249 4861 πρὸς
3280 4791 3524 4860 Μωῦσῆν
3552 4788 3639 4844 καὶ

392 4889 454 4927 ea
487 4873 576 4924 ³⁰ι
614 4889 633 4922 ι
671 4871 911 4925 Locutus
953 4879 1038 4925 est
1087 4878 1269 4924 autem
1319 4869 1578 4924 Dominus
1625 4870 1692 4923 ad
1742 4867 1959 4940 Moysen

2085 4876 2283 4948 Ἀαρὼν
2316 4879 2486 4950 λέγων
2505 4898 2518 4911 ⁸
2550 4878 2716 4946 Οὗτος
2742 4884 2771 4936 ὀ
2809 4883 2969 4953 νόμος
2999 4882 3091 4936 τοῦ
3134 4884 3323 4954 Πάσχα
3348 4902 3360 4913 ·
3401 4885 3519 4947 Πᾶς
3547 4882 3635 4937 ἁλ-

392 4976 448 5019 et
480 4966 658 5017 Aaron
703 4962 928 5016 dicens:
974 4961 1099 5016 llazc
1150 4971 1233 5016 est
1284 4961 1369 5015 lex
1415 4960 1735 5015 Paschalis:
1769 4959 1960 5015 Omnis

2085 4970 2288 5042 ιογενὴς
2332 4974 2431 5026 οὐκ
2478 4973 2652 5027 ἑδ;ται
2687 4975 2779 5030 ἀπ’
2833 4976 3014 5030 αὑτοῦ.
3076 4996 3095 5029 ι
3141 4976 3251 5031 Kal
3304 4977 3469 5031 πάλιν
3525 4970 3639 5047 μετ’

392 5057 694 5126 alienigena
734 5069 799 5107 ex
839 5067 904 5106 eo
946 5069 1052 5108 non
1105 5055 1352 5109 comedet
1374 5054 1440 5106 ἰ.
1464 5072 1483 5105 ι
1520 5051 1585 5105 Ει
1617 5067 1804 5108 rursus
1843 5062 1963 5120 post

2085 5059 2251 5129 ἰλίγα·
2292 5083 2310 5114 ι
2358 5065 2483 5117 Ἐάν
2524 5066 2582 5119 δέ
2614 5083 2698 5130 τις
2726 5067 2996 5139 προσέλθῃ
3040 5067 3175 5138 πρὸς
3200 5068 3345 5139 ὑμᾶς
3367 5067 3637 5139 προσήλυ-

393 5161 563 5219 pauca
596 5162 611 5199 :
650 5161 669 5195 ι
701 5142 758 5197 Si
795 5143 921 5213 quis
955 5155 1137 5199 autem
1167 5146 1468 5200 accesserit
1507 5146 1573 5199 ad
1601 5159 1695 5198 vos
1721 5144 1963 5216 prosely-

2085 5169 2179 5221 τος,
2216 5156 2309 5209 καὶ
2338 5160 2462 5229 ποιῇ
2502 5158 2564 5211 τὸ
2594 5159 2783 5230 Πάσχα
2811 5157 3039 5231 Κυρίου,
3071 5162 3445 5231 περιτεμεῖται
3475 5154 3634 5211 αὐτοῦ

502 5309 546 5341 ⁸⁸
584 5306 770 5362 Matth.
810 5323 925 5373 vm,
965 5307 1038 5371 ις
1069 5280 1234 5361 Marc.
1269 5324 1325 5376 v,
1360 5308 1452 5366 i7:
1489 5309 1616 5364 Luc.
1651 5323 1769 5372 vm,
1811 5307 1892 5361 l7.
1975 5309 2015 5340 ⁸⁸
2044 5309 2199 5365 Joa’n.
2232 5326 2291 5377 II,
2325 5313 2409 5366 ll.

392 5379 440 5416 ³⁸
465 5381 596 5437 ibid.
627 5380 714 5433 11.
822 5378 864 5410 ⁸⁸
894 5380 1022 5433 ibid.
1050 5379 1141 5444 26,
1163 5380 1230 5434 ἳἹ
1363 5378 1408 5410 ’θ
1440 5381 1571 5434 ibid.
1597 5378 1685 5431 45.
1789 5380 1831 5409 ²¹
1861 5380 1972 5435 ibid

2085 5385 2093 5434 l

2554 5314 2597 5345 ”
2632 5313 2764 5370 ibid.
2796 5315 2884 5372 15.
2999 5313 3039 5346 ³⁷
3070 5314 3240 5368 Exod.
3267 5329 3360 5378 xtl,
3389 5315 3490 5369 1-5
3517 5324 3630 5381 seq.

465 5554 579 5623 (10)
614 5552 859 5621 Χοίρων.
893 5548 1250 5623 Scribendum
1280 5548 1506 5623 videtm;
1523 5548 1760 5623 χωρίων.
1868 5619 1901 5623 _

2149 5548 2260 5619 (12)
2293 5548 2519 5623 ξζίπεῖν.
2553 5550 2736 5608 Codex
2766 5552 3105 5618 Bodleianus,
3141 5558 3189 5609 εἰ
3217 5548 3386 5610 εἶπεν.

464 5618 574 5696 (ll)
612 5618 1095 5702 Πειρασταζικόις.
1129 5619 1217 5702 Sic
1261 5621 1446 5702 codcx_
1472 5618 1828 5702 Bodleianus;
1868 5619 1978 5702 Be-
2156 5618 2265 5693 (I5)
2308 5622 2437 5679 Haec
2482 5639 2548 5679 ex
2598 5624 3045 5696 interpretatione
3091 5627 3326 5684 Perionii
3381 5621 3657 5702 δῧρρὶννί-

396 5691 990 5766 ςίυεηπεριστατικόν.
1042 5692 1281 5766 Iluetius
1313 5691 1524 5763 legebat
1576 5692 1974 5762 περιστατικά,

2085 5705 2224 5747 mus.

397 5761 496 5832 οὐχ
533 5761 704 5828 οὓτως
743 5765 884 5820 κατὰ
920 5763 1015 5833 τὴν
1053 5761 1371 5831 θεραπείαν.
