3766 6142
170 332 267 386 329

1259 327 1611 384 COMMENT.
1653 327 1718 382 IN
1754 327 1948 382 JOAN.
1995 327 2235 384 TOMUS
2275 331 2342 385 Χ.

3308 335 3411 390 530

171 448 276 500 πᾶν
314 445 624 516 ἀρσενικόν.
656 466 676 498 ι
715 447 1138 519 Παρατηρητέον
1165 447 1241 511 δὲ,
1279 447 1361 500 ὅτι
1403 449 1458 500 ἐν
1495 449 1562 520 τῇ
1585 464 1717 519 νομο

1847 457 1955 511 ιυε,
1985 459 2040 502 et
2065 449 2260 504 fecerit
2295 449 2498 506 Pascha
2536 448 2772 516 Domini,
2817 450 3220 506 circumcidetis
3252 467 3414 508 omne

170 539 319 610 θεσίᾳ
348 538 591 610 οὐδαμοῦ
614 539 851 608 λέγεται,
881 542 1070 612 Πάσχα
1111 543 1285 614 ὁμοτιν,
1320 544 1436 596 ἀλλ’
1469 541 1614 604 ἅπαξ
1644 545 1741 614 μὲν

170 634 227 685 ὲν
250 625 330 694 οἷς
359 631 708 702 προεθέμεθα
739 633 906 704 χωρὶς
932 634 1112 705 πάσης
1141 635 1476 706 προσθήκης,
1518 636 1636 706 τρὶς
1659 635 1738 698 δὲ,

175 740 194 771 t
224 721 294 773 Τὸ
329 721 523 792 Πάσχα
549 721 644 774 τοῦ
679 722 884 794 Κυρίου
928 744 946 774 ι
992 724 1134 794 Πρὸς
1161 724 1217 776 δὲ
1246 726 1306 778 τὸ
1338 725 1740 796 παραδέξασθαι

167 811 310 865 τοῦθ’
339 813 514 876 οὓτως
541 813 686 884 ἔχειν
712 815 841 886 περὶ
869 815 963 885 τῆς
987 814 1248 885 διαφορᾶς
1284 816 1377 868 τοῦ
1422 816 1605 885 πάσχα
1634 817 1742 866 Κυ-

168 903 284 974 ρίου
309 904 406 956 καὶ
427 903 613 973 πάσχα
648 903 914 957 Ἰουδαίων
940 903 1135 974 ἴδωμεν
1156 903 1332 956 καὶτὰ
1355 905 1412 956 ὲν
1431 902 1508 974 τῷ
1548 904 1742 974 Ἡσαΐᾳ

166 995 353 1048 τοῦτον
386 995 479 1048 τὸν
506 996 706 1068 τρόπον
731 994 1026 1066 είρημέναο
1059 1013 1078 1045 ‹
1113 993 1224 1058 Τὰς
1245 995 1543 1066 νουμηνίας
1565 993 1737 1066 ὑμῶν,

167 1087 258 1139 καὶ
283 1085 352 1138 τὰ
382 1086 648 1150 σάϐϐατα,
683 1087 778 1141 καὶ
813 1087 1028 1158 ἡμέραν
1059 1085 1301 1156 μεγάλην
1327 1085 1423 1137 οὐκ
1454 1084 1738 1154 ἀνέχομαιο

163 1178 441 1248 νηστείαν,
473 1179 568 1232 καὶ
599 1178 798 1250 ἀργίαν
831 1179 926 1231 καὶ
969 1177 1068 1241 τὰς
1101 1164 1396 1248 νουμηνίας
1436 1175 1613 1244 ὑμῶν,
1646 1175 1740 1228 καὶ

162 1269 264 1330 τὰς
301 1269 495 1340 ἑορτάς
524 1269 678 1340 ὑμῶν
709 1273 857 1340 μισεῖ
887 1270 920 1341 ἠ
950 1269 1094 1341 ψυχή
1125 1286 1246 1340 μου.
1288 1289 1306 1319 ι
1339 1268 1450 1321 Οὐκ
1495 1267 1604 1320 ἴδια
1632 1266 1740 1337 γὰρ

164 1359 363 1412 ἑαυτοῦ
405 1377 570 1431 φησιν
607 1363 636 1414 6
674 1361 877 1432 Κύριος
907 1361 977 1416 τὰ
1019 1361 1123 1414 ὑπὸ
1161 1360 1269 1414 τῶν
1318 1359 1739 1432 ἁμαρτανόντων

163 1452 580 1523 ἐπιτελούμενα,
608 1453 713 1507 ὑπὸ
739 1453 837 1524 τῆς
859 1452 1035 1523 ψυχῆς
1062 1451 1245 1518 αὐτοῦ,
1268 1453 1320 1506 εί
1341 1451 1423 1515 τίς
1448 1451 1579 1504 ποτέ
1601 1453 1736 1514 ἐστι,

167 1543 477 1615 μισούμενα
500 1545 633 1617 (υ),
683 1543 806 1598 οὔτε
842 1544 940 1608 τὰς
977 1547 1293 1616 νουμηνίας,
1326 1544 1449 1598 οὔτε
1494 1545 1563 1598 τὰ
1605 1544 1738 1597 σάϐ-

164 1632 327 1697 ϐατα,
355 1632 480 1686 οὔτε
511 1634 721 1706 ἡμέραν
748 1633 1008 1705 μεγάλην,
1042 1633 1164 1688 οὔτε
1191 1635 1464 1707 νηστείαν,
1496 1633 1618 1688 οὔτε
1641 1635 1739 1698 τὰς

165 1724 385 1794 ἑορτάς.
442 1724 530 1779 Ἐν
601 1724 848 1795 μέντοιγε
903 1727 968 1796 τῇ
1031 1724 1318 1797 νομοθεσία
1368 1727 1466 1796 τῆς
1528 1726 1736 1790 Ἐξόδου

165 1817 295 1888 mp!
337 1817 610 1871 σαϐϐάτου
655 1816 825 1870 ταῦτα
869 1817 1104 1885 λέγεται·
1155 1837 1174 1868 ι
1221 1814 1355 1871 Εἷπε
1399 1819 1455 1872 δὲ
1496 1819 1736 1891 Μωῦσῆς
1767 1795 1811 1852 Β

162 1910 303 1978 πρὸς
352 1909 590 1972 αὐτούς’
642 1907 811 1962 Τοῦτο
850 1909 910 1961 τὸ
965 1907 1118 1979 ῥῆμα
1160 1908 1188 1961 ὂ
1226 1909 1452 1980 ἐλάλησε
1497 1909 1731 1982 Κύριοςο

161 2003 422 2057 Σάϐϐατα
469 2004 772 2065 ἀνάπαυσις
821 2001 950 2070 ἁγία
993 2001 1071 2072 τῷ
1123 2002 1346 2074 Κυρίῳ⁹
1397 2022 1414 2055 ι
1455 2004 1564 2056 Καὶ
1617 2004 1734 2074 μετ’

158 2097 352 2165 ὁλίγα’
418 2114 438 2148 ‹
505 2092 641 2149 Εἷπε
707 2096 763 2148 δὲ
810 2098 840 2149 6
889 2096 1145 2166 Μωῢσῆς’
1223 2097 1450 2166 Φάγετε,
1498 2099 1736 2171 σήμερον

159 2190 273 2260 γάρ
314 2191 434 2242 ἐστι
476 2187 723 2242 σάϐϐατα
753 2187 829 2258 τῷ
873 2189 1082 2260 Κυρίῳ.
1131 2208 1148 2240 ι
1193 2191 1302 2242 Καὶ
1351 2192 1406 2242 ὲν
1463 2189 1738 2262 Ἀριθμοῖς

160 2279 269 2350 πρὸ
317 2277 525 2332 τούτων
574 2277 660 2347 ἐφ’
704 2279 910 2349 ἑκάστῃ
949 2279 1108 2350 ἑορτῇ
1159 2277 1377 2343 θυσιῶν,
1423 2279 1500 2342 ὡς
1541 2281 1737 2352 ἑορτῆς

159 2369 331 2440 οὔσης
355 2369 501 2423 κατὰ
520 2369 610 2422 τὸν
644 2368 804 2439 νόμον
827 2369 921 2422 τοῦ
947 2368 1345 2440 ἐνδελεχισμοῦ,
1377 2372 1469 2423 καὶ
1502 2372 1739 2442 ἑκάστης

159 2465 400 2536 ἡμέρας,
455 2463 625 2517 ταῦτα
667 2463 993 2536 γέγραπταιο
1051 2481 1069 2513 t
1120 2463 1229 2517 Καὶ
1269 2463 1496 2534 ἐλάλησε
1533 2464 1736 2536 Κύριος

161 2559 300 2634 πρὸς
346 2557 624 2627 Μωῦσῆν·
672 2556 1024 2625 Ἀπάγγειλαι
1049 2559 1161 2619 τοῖς
1196 2557 1332 2620 υἱοῖς
1375 2555 1610 2628 Ἰσραὴλ,
1645 2559 1738 2612 καὶ

159 2653 307 2723 ἐρεῖς
342 2651 484 2722 πρὸς
506 2651 700 2714 αὐτοὺς
726 2649 915 2720 λέγων·
947 2649 1026 2702 Τὰ
1051 2649 1200 2722 δῶρά
1225 2667 1348 2720 μου,
1378 2649 1587 2720 δόματά
1613 2669 1735 2722 μου,

163 2744 518 2816 καρπώματά
567 2759 668 2813 μου
719 2744 800 2805 είς
860 2741 1033 2813 ὀσμὴν
1091 2741 1314 2804 εὐωδίας
1379 2741 1735 2814 διατηρήσετε

163 2835 504 2909 προσφέρειν
541 2851 630 2904 μοι
662 2835 719 2886 ὲν
752 2837 872 2896 ταῖς
900 2836 1109 2905 ἑορταῖς
1134 2851 1256 2905 μου.
1288 2835 1398 2887 Καὶ
1433 2837 1576 2906 ἐρεῖς
1601 2836 1736 2907 πρὸς

165 2928 395 2992 αὐτούς·
440 2927 622 2981 Ταῦτα
662 2927 732 2980 τά
773 2927 1140 2998 καρπώματα,
1185 2927 1286 2980 ὅσα
1327 2929 1627 2999 προσάξετε
1658 2930 1735 3000 τῷ

163 3023 378 3092 Κυρίῳ.
411 3039 429 3072 ι
477 3020 629 3084 ’ἰδίας
659 3019 768 3090 γὰρ
789 3017 979 3089 ἑορτὰς
1002 3017 1271 3090 ὠνόμασε,
1295 3020 1388 3072 καὶ
1418 3021 1478 3072 οὐ
1511 3019 1618 3074 τῶν
1653 3038 1738 3074 νο-

164 3113 606 3187 μοθετουμένων,
655 3111 752 3176 τὰς
793 3111 1114 3183 ὲκκειμένας
1156 3113 1212 3165 ἐν
1255 3115 1319 3182 τῇ
1374 3113 1585 3184 Γραφῇ,
1638 3115 1735 3167 καὶ
1762 3152 1804 3209 C

164 3207 317 3278 δῶρα
341 3204 532 3268 αὑτοῦ,
559 3205 653 3257 καὶ
677 3203 882 3274 δόματα
907 3202 1092 3257 αὐτοῦ.
1124 3205 1345 3274 Ὅμοιον
1371 3204 1426 3256 δέ
1450 3221 1501 3256 τι
1527 3205 1736 3268 τούτοις

162 3301 282 3354 ἐστὶ
331 3298 430 3352 καὶ
470 3297 597 3369 mp‘t
648 3296 740 3349 τοῦ
775 3295 904 3349 λαοῦ
937 3299 993 3349 ἐν
1047 3298 1112 3367 τῇ
1155 3296 1347 3366 Ἐξόδῳ
1395 3299 1742 3368 ἀναγεγραμ-

169 3392 361 3462 μένον,
389 3391 539 3453 ὅστις
581 3388 686 3442 ὑπὸ
725 3386 818 3441 τοῦ
852 3387 986 3440 Θεοῦ
1035 3387 1162 3450 ἴδιος
1199 3384 1337 3442 εἶναι
1375 3389 1624 3458 λέγεται,
1653 3390 1742 3443 ὅτε

166 3483 240 3555 μὴ
275 3483 607 3554 ἁμαρτάνει·
635 3478 1025 3551 ἀποκηρύττων
1055 3479 1111 3532 δὲ
1147 3480 1306 3532 αὑτὸν
1341 3481 1399 3531 ὲν
1438 3483 1502 3551 τῇ
1552 3497 1743 3552 μοσχο-

164 3576 324 3646 ποιίᾳ
365 3574 491 3627 λαὸν
528 3572 804 3635 Μωῦσέως
839 3571 1088 3643 ὠνόμασε
1109 3589 1122 3602 ·
1144 3591 1162 3624 t
1188 3570 1333 3641 Πρὸς
1350 3573 1456 3644 γὰρ
1522 3573 1622 3643 μὲν
1653 3573 1742 3625 τὸν

161 3665 370 3738 Φαραὼ
424 3667 600 3735 ἐρεῖς,
656 3664 816 3734 φησί·
860 3663 996 3716 Τάδε
1049 3660 1200 3730 λέγει
1251 3662 1484 3735 Κύριοςο
1541 3663 1742 3730 ἐξαπό-

165 3758 382 3812 στειλον
411 3757 503 3810 τὸν
527 3756 652 3808 λαόν
679 3773 796 3825 μου,
823 3755 908 3808 ἴνα
929 3754 1198 3826 λατρεύσῃ
1230 3773 1318 3825 μοι
1342 3757 1400 3809 ὲν
1425 3759 1490 3826 τῇ
1526 3757 1717 3826 ἐρήμῳ

161 3851 260 3903 ἐὰν
306 3849 367 3902 δὲ
413 3849 488 3919 μὴ
530 3848 692 3918 βούλῃ
729 3847 1104 3912 ἐξαποστεῖλαι
1145 3848 1236 3901 τὸν
1287 3848 1412 3902 λαόν
1460 3867 1582 3919 μου,
1631 3848 1738 3901 ἰδοὺ

162 3945 277 4014 ἐγὼ
326 3941 703 4009 ἐξαποστέλλω
729 3942 818 3994 ἐπὶ
866 3940 945 4003 σὲ,
991 3941 1083 3993 καὶ
1117 3941 1210 3992 ἐπὶ
1248 3940 1376 4003 τοὺς
1411 3940 1744 4012 θεράποντάς

163 4054 286 4101 σοι»,
333 4034 431 4087 καὶ
469 4033 562 4085 ἐπὶ
597 4033 690 4084 τὸν
719 4031 844 4084 λαόν
872 4047 985 4096 σου,
1023 4031 1115 4083 καὶ
1152 4030 1244 4082 ἐπὶ
1274 4032 1401 4093 τοὺς
1433 4031 1613 4094 οίκους
1647 4046 1740 4082 σου

163 4127 498 4196 κυνόμυιαν,
542 4124 635 4177 καὶ
671 4121 1068 4194 πλησθήσονται
1110 4123 1166 4174 αἱ
1217 4121 1386 4176 οἰκίαι
1429 4121 1537 4174 τῶν
1581 4124 1744 4191 Λίγυ-

166 4222 349 4275 τπίων
375 4218 475 4288 τῆς
499 4215 814 4286 κυνομυίας,
845 4215 939 4267 καὶ
985 4215 1064 4277 εἰς
1085 4213 1183 4285 τὴν
1206 4214 1329 4284 γῆν,
1369 4214 1453 4282 ἐφ’
1487 4209 1555 4285 ἦς
1583 4217 1739 4280 εἰσιν,

164 4314 254 4366 ἐπ’
288 4310 482 4380 αὐτῆς
510 4310 603 4362 καὶ
627 4306 986 4379 παραδοξάσω
1008 4308 1074 4376 τῇ
1099 4305 1281 4377 ἡμέρᾳ
1307 4305 1488 4376 ἐκείνῃ
1515 4307 1612 4377 τὴν
1640 4307 1743 4377 γῆν

166 4404 376 4472 Γεσὲμ,
420 4400 504 4469 ἐφ’
535 4395 602 4469 ἧς
631 4401 658 4452 ὁ
695 4398 820 4460 λαός
852 4415 952 4468 μου
991 4395 1208 4449 ἔπεστιν
1243 4397 1328 4448 ἐπ’
1355 4397 1541 4466 αὐτῆς,
1581 4396 1665 4464 ἐφ’
1699 4390 1744 4464 ᾧ

1844 538 2016 606 ipsius
2070 541 2458 596 masculinum.
2493 560 2512 593 ι
2549 541 2814 595 Caeterum
2846 541 2976 595 illud
3013 541 3409 598 observandum

1843 641 1947 695 est,
1978 635 2121 700 quod
2154 633 2205 685 in
2239 632 2374 702 legis
2403 634 2684 688 sanctione
2717 632 2900 686 nullibi
2944 633 3177 701 dicatur,
3205 634 3407 690 Pascha

1843 731 2101 784 vestrum,
2133 723 2225 776 sed
2272 724 2322 775 in
2356 725 2438 776 his
2473 738 2590 791 quae
2620 723 2930 788 citavimus,
2959 725 3129 778 semel
3173 735 3408 788 tantum.

1848 832 1866 864 ι
1900 814 2128 880 Pascha,
2153 833 2172 865 ι
2215 815 2418 882 absque
2457 814 2564 868 ullo
2608 815 3004 881 additamenta,
3036 824 3094 870 ct
3122 825 3221 878 ter,
3259 835 3277 867 ι
3302 815 3407 870 Pa-

1841 906 1968 960 scha
1996 905 2228 959 Domini.
2261 925 2278 956 ι
2315 904 2381 960 Ut
2415 921 2542 960 vero
2575 906 2961 961 confirmemus
2993 907 3095 962 hoc
3116 907 3195 961 sic
3218 921 3277 962 se
3307 907 3406 961 ha-

1843 998 1971 1052 bere
1996 999 2061 1052 de
2089 997 2395 1053 differentia
2445 997 2730 1053 Paschalis
2759 997 2972 1053 Domini
3022 1009 3079 1053 et
3125 997 3407 1053 Paschalis

1840 1089 2174 1156 Iudaeorum,
2205 1092 2486 1144 videamus
2513 1106 2633 1160 qua:
2667 1091 2721 1146 in
2762 1091 2898 1146 Isaia
2926 1092 3067 1147 hunc
3097 1091 3151 1145 in
3189 1093 3406 1146 modum

1841 1191 1968 1238 sunt
2001 1184 2202 1254 scripta
2230 1185 2274 1216 "
2300 1200 2316 1237 :
2359 1202 2378 1235 ι
2408 1182 2697 1238 Novilnnia
2749 1195 2952 1251 vestra,
2977 1194 3033 1239 et
3075 1183 3330 1248 Sabhata,
3355 1197 3409 1240 et

1842 1277 1984 1331 diem
2019 1291 2265 1346 magnam
2315 1291 2420 1331 non
2449 1275 2657 1342 tolero;
2686 1276 2970 1346 jejunium,
2999 1285 3056 1331 et
3092 1277 3406 1348 segnitiam,

1845 1376 1901 1423 et
1931 1368 2207 1424 novilunia
2223 1378 2485 1431 vestrn,et
2509 1368 2828 1423 festivitates
2853 1378 3062 1423 vestras
3081 1369 3197 1424 odit
3223 1369 3406 1421 anima

1842 1475 1984 1514 mea.
2019 1479 2036 1512 ι
2079 1459 2298 1513 Minime
2321 1460 2462 1512 enim
2494 1463 2562 1514 ad
2595 1461 2831 1530 seipsum
2882 1461 3099 1530 proprie
3133 1459 3406 1528 pertinere

1843 1553 2016 1620 inquit
2054 1551 2312 1606 Dominus
2358 1569 2479 1621 quae
2525 1569 2552 1606 a
2609 1554 2988 1620 peccatoribus
3023 1553 3404 1621 perficiuntur,

1843 1644 1992 1716 [(l6)
2032 1646 2099 1701 ab
2144 1647 2321 1700 anima
2361 1645 2497 1712 ejus,
2531 1647 2574 1699 si
2609 1661 2728 1715 qua:
2766 1646 2982 1700 tandem
3029 1646 3116 1698 illa
3144 1655 3247 1708 est,
3279 1645 3406 1697 odio

1841 1736 2074 1810 babita,]
2115 1754 2220 1792 non
2248 1738 2543 1802 novilunia,
2581 1752 2686 1791 non
2702 1737 2956 1800 Sabhata,
2988 1752 3092 1790 non
3116 1737 3258 1791 diem
3293 1752 3409 1789 ma-

1839 1846 2022 1901 gnam,
2061 1846 2164 1885 non
2211 1829 2500 1899 jejunium,
2549 1845 2654 1883 non
2709 1827 3049 1882 festivitates.
3084 1827 3316 1882 Rursum
3353 1828 3405 1881 iu

1841 1923 2180 1992 legislatione
2225 1923 2392 1976 Exodi
2446 1923 2560 1976 haec
2610 1924 2678 1976 de
2719 1919 2959 1976 Sabbato
3013 1921 3270 1975 dicuntur
3313 1921 3401 1973 "z

1844 2036 1864 2069 ‹
1895 2017 2040 2070 Dixit
2067 2025 2244 2070 autem
2276 2015 2486 2085 Moyses
2513 2015 2580 2068 ad
2607 2029 2701 2069 eos
2732 2033 2744 2068 :
2772 2014 2882 2070 Hoc
2903 2023 2986 2069 est
3015 2013 3234 2068 verbum
3259 2015 3404 2083 quod

1840 2107 2049 2162 locutus
2075 2118 2158 2162 est
2180 2107 2474 2160 Dominus:
2508 2104 2748 2160 Sabhata
2777 2107 2993 2176 requies
3026 2115 3211 2160 sancta
3246 2114 3408 2160 erunt

1839 2197 2088 2251 Domino.
2111 2216 2130 2248 ι
2168 2197 2231 2251 Et
2263 2207 2382 2266 post
2411 2212 2579 2266 pauca
2607 2197 2688 2249 ’δε
2726 2215 2742 2246 ι
2771 2195 2918 2250 Dixit
2946 2207 3126 2250 autem
3159 2195 3404 2266 Moyses:

1839 2289 2141 2353 Comedite,
2171 2290 2331 2344 hodie
2379 2291 2523 2344 enim
2557 2301 2681 2344 sunt
2718 2289 2958 2344 Sabhata
3011 2291 3255 2344 Domino.
3289 2308 3308 2341 ι
3341 2289 3409 2343 Ει

1842 2383 1896 2436 in
1922 2382 2198 2450 Nuineris,
2249 2384 2509 2437 ante'has
2556 2384 2805 2437 victimas
2837 2397 2959 2452 qua:
3001 2381 3306 2437 offeruntur
3351 2382 3404 2436 in

1840 2475 2068 2546 singulis
2121 2474 2522 2541 festivitatibus,
2555 2475 2781 2545 perinde
2828 2475 2986 2542 quasi
3039 2473 3237 2544 singuli
3291 2473 3407 2528 dies

1840 2565 1962 2622 festi
2018 2567 2127 2622 sint
2171 2565 2325 2634 juxta
2373 2567 2546 2636 legero
2594 2566 2977 2622 endelechismi
3026 2565 3114 2638 [id
3147 2575 3230 2620 est
3258 2565 3405 2636 jugis

1837 2659 2189 2732 oblationis],
2235 2660 2349 2714 haec
2394 2660 2595 2729 scripta
2641 2671 2767 2714 sunt
2787 2660 2871 2711 "2
2912 2678 2932 2710 ς
2965 2659 3034 2712 Ει
3069 2659 3280 2714 locutus
3324 2672 3409 2714 εει

1841 2750 2097 2806 Dominus
2137 2751 2206 2806 ad
2247 2750 2463 2821 Moysen
2497 2769 2510 2802 :
2542 2749 2808 2804 Renuntia
2841 2748 2968 2804 filiis
3007 2749 3194 2815 Israel,
3237 2760 3286 2802 et
3325 2749 3404 2803 lo-

1841 2860 2007 2916 quere
2033 2845 2098 2898 ad
2122 2859 2234 2906 eos,
2253 2844 2437 2897 dicens
2465 2861 2478 2896 :
2515 2843 2662 2897 Dona
2686 2856 2824 2908 mea,
2849 2854 3076 2895 munera
3105 2837 3408 2900 tnea,obla-

1841 2939 2014 2990 tiones
2063 2951 2210 2988 meas
2259 2936 2310 2987 iu
2370 2935 2594 2986 odorem
2650 2932 2936 2986 suavitatis
2987 2931 3408 3000 perseverabitis

1839 3029 2036 3085 ofl‘errc
2079 3027 2207 3082 mihi
2263 3028 2317 3080 in
2372 3025 2762 3081 festivitatibus
2799 3026 2954 3080 meis.
3002 3025 3068 3078 Et
3100 3025 3248 3080 dices
3286 3025 3405 3080 eis:

1843 3123 1933 3177 [lae
1971 3130 2100 3174 sunt
2131 3118 2457 3182 oblationes,
2482 3132 2618 3185 quas
2659 3114 2905 3171 offeretis
2940 3117 3188 3172 Domino.
3216 3135 3235 3169 ι
3265 3116 3410 3184 ‘Quze

1843 3213 1987 3266 enim
2018 3208 2280 3279 exposita!
2307 3217 2434 3263 sunt
2463 3208 2514 3260 in
2549 3207 2840 3276 Scriptura
2869 3206 3214 3272 festivitates,
3257 3225 3408 3272 suas,

1843 3318 1948 3356 non
1985 3315 2195 3363 eorum,
2225 3297 2535 3367 qnibuslox
2563 3297 2814 3365 traditur,
2839 3297 3163 3369 appellavit;
3189 3311 3243 3354 et
3269 3302 3408 3354 dona

1842 3410 1938 3451 sua
1981 3407 2189 3461 suaque
2253 3405 2496 3444 munera.
2543 3387 2640 3444 His
2690 3403 2874 3444 autem
2922 3392 3179 3459 quiddam
3235 3394 3412 3448 simile

1841 3487 2103 3554 scriptum
2137 3494 2219 3538 est
2265 3484 2318 3536 in
2355 3482 2540 3537 Exodo
2571 3483 2639 3536 de
2672 3483 2890 3553 populo,
2927 3483 3088 3556 174
3114 3501 3272 3554 quem
3308 3487 3412 3542 Do.

1846 3576 2024 3631 minus
2049 3591 2150 3630 non
2181 3584 2494 3646 peccantem
2527 3589 2682 3628 suum
2707 3589 2826 3628 esse
2859 3591 2983 3630 cum
3013 3579 3260 3642 dixisset,
3290 3592 3412 3632 rur-

1843 3684 1938 3723 sus
1985 3667 2270 3730 eutndem,
2311 3668 2437 3736 quia
2487 3665 2711 3720 vitulum
2757 3665 3081 3729 conﬂasset,
3128 3669 3410 3733 abdicans,

1843 3758 2041 3828 Moysis
2068 3760 2323 3828 populum
2345 3757 2667 3811 nominavit.
2709 3775 2728 3808 t
2750 3758 2828 3812 Ad
2864 3757 3204 3814 Pharaonem
3241 3761 3409 3823 enim,

1845 3851 2018 3918 inquit
2036 3851 2105 3916 “,
2154 3851 2301 3905 dices
2340 3847 2504 3903 :Haec
2555 3849 2686 3904 dicit
2727 3849 2985 3905 Dominus
3019 3867 3034 3904 :
3069 3851 3290 3906 Dimitte
3315 3865 3414 3920 po-

1844 3943 2028 4014 pulum
2066 3957 2267 4006 meum,
2293 3951 2352 3996 ut
2373 3941 2648 3997 sacrificet
2673 3941 2805 3997 mihi
2836 3943 2888 3996 in
2914 3943 3133 3998 deserto
3161 3958 3176 3996 :
3207 3945 3251 3998 si
3284 3958 3414 3998 vero

1848 4034 2087 4104 nolueris
2122 4033 2400 4088 dimittere
2429 4033 2686 4104 populum
2713 4047 2917 4098 meum,
2934 4047 3062 4088 ecce
3084 4048 3182 4104 ego
3203 4035 3410 4088 mittam

1847 4129 1900 4182 in
1937 4103 2007 4192 te,
2044 4136 2101 4180 et
2130 4126 2188 4180 in
2225 4140 2415 4180 servos
2447 4103 2586 4188 tuos,
2619 4133 2674 4179 et
2700 4124 2754 4178 in
2789 4124 3044 4193 pepulum
3083 4103 3330 4188 tuum,et
3357 4125 3410 4179 in

1846 4218 2034 4270 domos
2066 4223 2185 4268 tuas
2225 4227 2442 4267 muscas
2468 4214 2712 4281 caninas,
2750 4223 2805 4267 et
2836 4214 3201 4284 implebuntur
3222 4215 3414 4270 domus

1845 4305 2227 4378 Egyptiornm
2270 4305 2472 4359 muscis
2511 4305 2743 4370 caninis,
2784 4304 2923 4358 etin
2958 4314 3184 4370 terram,
3215 4305 3266 4358 in
3306 4319 3414 4374 qua

1847 4409 1993 4464 sunt,
2021 4399 2072 4451 in
2101 4413 2164 4452 ea
2191 4398 2478 4452 immittam
2507 4415 2520 4449 :
2553 4405 2607 4450 et
2636 4396 2953 4464 glorificabo
2979 4396 3030 4449 in
3064 4395 3150 4450 die
3176 4394 3266 4450 illa
3296 4405 3411 4450 ter-

165 4497 271 4547 σιὺκ
305 4493 422 4545 ἔστι
449 4492 736 4561 κυνάμυια,
773 4490 858 4544 ἵνα
881 4489 1046 4560 εἰδῇς,
1071 4488 1153 4540 ὅτι
1177 4487 1287 4556 ὲγὼ
1313 4490 1427 4558 εἰμι
1470 4487 1717 4560 Κύριοςνε

1848 4503 1965 4547 ram
1995 4489 2216 4556 Gesem,
2241 4490 2294 4544 in
2330 4504 2437 4559 qua
2461 4490 2694 4558 populus
2733 4503 2886 4543 meus
2916 4490 3076 4554 inest,
3107 4497 3331 4542 eatenus
3357 4500 3415 4540 ut

165 4586 382 4657 Κύριος
413 4583 591 4651 πάσης
612 4581 709 4651 τῆς
736 4579 858 4648 γῆς.
891 4581 1002 4632 Καὶ
1023 4577 1178 4631 δώσω
1205 4579 1487 4650 διαστολὴν
1513 4581 1615 4634 ἀνά
1657 4581 1744 4650 μέ-

166 4693 264 4730 σον
293 4672 390 4726 τοῦ
418 4671 550 4742 ἐμοῦ
584 4670 734 4724 λαοῦ.
761 4669 902 4740 Πρὸς
926 4668 983 4722 δὲ
1004 4668 1095 4722 τὸν
1127 4669 1363 4722 Μωῦσέα
1390 4668 1617 4740 ὲλάλησε
1639 4669 1743 4722 Κύ-

1852 4583 1905 4637 in
1941 4581 2029 4636 illa
2085 4598 2190 4637 non
2241 4583 2310 4637 sit
2359 4596 2542 4636 musca
2579 4579 2775 4634 canina
2809 4594 2822 4631 :
2863 4588 2920 4632 ut
2976 4581 3119 4633 scias
3158 4581 3412 4649 quoniam

1851 4687 1950 4741 ego
1972 4689 2090 4728 sum
2111 4673 2390 4739 Dominus,
2416 4671 2674 4725 Dominus
2689 4671 2955 4724 universa:
2981 4679 3159 4723 terrae.
3185 4668 3250 4723 Et
3273 4671 3413 4726 dabo

169 4785 291 4840 ριος
321 4766 511 4834 λέγων·
541 4762 751 4826 Βάδιζε,
779 4759 1044 4832 κατάϐηθι
1067 4761 1126 4813 τὸ
1156 4761 1341 4832 τάχος,
1371 4762 1609 4835 ὴνόμησε
1635 4762 1717 4833 γὰι

1849 4762 2210 4817 dill'erentiznu
2265 4763 2406 4817 inter
2450 4761 2705 4831 populant
2757 4775 2959 4814 meum.
2987 4789 3056 4800 --
3085 4761 3163 4815 Ad
3189 4761 3410 4832 Moysen

167 4861 197 4913 6
241 4858 374 4920 λαός
400 4873 516 4922 σου,
557 4854 650 4918 οὓς
672 4851 936 4925 ἐξήγαγες
980 4853 1044 4904 ὲκ
1092 4853 1194 4924 γῆς
1218 4853 1329 4925 (I5)
1375 4855 1669 4922 Αἰγύπτου.

1851 4862 2030 4908 autem
2059 4853 2270 4909 locutus
2296 4864 2379 4908 est
2412 4851 2694 4915 Dominus,
2713 4849 2937 4905 dicens:
2959 4850 3124 4914 Vade,
3149 4853 3412 4908 descende

172 4951 391 5020 Ὠσπερ
430 4943 524 5000 οῦν
560 4949 588 5000 6
630 4945 756 5008 λαὸς
804 4944 880 5014 μὴ
921 4945 1252 5014 ἁμαρτάνων
1293 4946 1412 5015 μὲν,
1463 4946 1556 4998 τοῦ
1605 4947 1717 5000 Θεοί

1847 4944 2122 5011 celeriter,
2183 4944 2346 5014 impie
2399 4943 2544 4997 enim
2592 4943 2759 5012 gessit
2810 4941 3037 5011 populus
3087 4953 3228 5010 tuus,
3275 4959 3413 5013 quos

171 5042 345 5104 ἐστιν,
408 5037 735 5110 ἁμαρτάνων
774 5036 830 5090 δὲ
868 5037 967 5089 οὐκ
1011 5036 1089 5090 ἔτι
1122 5036 1338 5105 λέγεται
1385 5035 1522 5092 εἶναι
1555 5040 1717 5092 αὑτοῦ

1846 5035 2082 5090 eduxisti
2110 5049 2174 5089 ex
2205 5044 2344 5090 terra
2375 5032 2589 5104 [Egypti
2613 5035 2677 5086 ι’.
2716 5053 2735 5085 ι
2773 5033 3130 5100 Quamobrem
3153 5045 3211 5090 ut
3244 5051 3411 5106 popu-

172 5132 322 5186 οὕτω
369 5131 464 5184 καὶ
507 5130 563 5183 al
606 5128 810 5199 ἑορταὶ,
858 5129 950 5181 ὅτε
999 5129 1098 5200 μὲν
1148 5130 1429 5200 μισοῦνται
1482 5131 1586 5183 ὑπὸ
1645 5131 1712 5201 τῆ

1851 5127 1937 5183 lus
1987 5143 2099 5182 non
2142 5141 2376 5198 peccans
2427 5125 2653 5195 populus
2689 5126 2779 5180 Dei
2822 5137 2926 5191 est,
2953 5141 3190 5197 peccans
3225 5140 3406 5183 autem

174 5226 270 5279 τοῦ
301 5222 506 5295 Κυρίου
544 5221 743 5292 ψυχῆς,
772 5219 881 5272 τῶν
906 5221 1325 5292 ἁμαρτανόντων
1368 5222 1504 5275 εἰσὶν
1539 5224 1717 5292 ἑορταί

1852 5235 1959 5274 non
1987 5219 2115 5274 item
2139 5236 2155 5280 ;
2182 5219 2255 5273 ita
2279 5226 2334 5273 et
2357 5216 2706 5282 festivitates,
2734 5232 2858 5272 cutn
2881 5217 3095 5274 Domini
3117 5221 3294 5274 anima
3316 5235 3410 5273 eas

286 5341 335 5371 "
363 5339 467 5393 Isa.
498 5353 539 5402 ι,
573 5337 663 5398 I3,
700 5337 788 5391 M.
885 5336 937 5368 ”
963 5336 1136 5394 Exod.
1170 5339 1390 5401 “1,23.
1470 5338 1513 5370 “
1539 5337 1717 5394 ibid.i

1864 5338 1910 5369 ³⁵
1941 5335 2097 5391 Νυιη.
2129 5350 2328 5400 xxvm,
2364 5334 2389 5387 l
2421 5345 2475 5390 et
2494 5348 2610 5403 seq.

178 5410 222 5440 ⁸⁷
254 5410 427 5463 Exml.
457 5423 632 5473 xxxtt,
660 5407 714 5459 7.

2685 5333 2731 5365 ¹⁰
2762 5333 2935 5390 Exod.
2957 5350 3077 5402 vm,
3106 5333 3172 5386 21
3206 5344 3262 5388 et
3288 5349 3407 5401 seq.

257 5521 370 5589 (Η)
409 5519 543 5573 Ὑπὸ
583 5517 692 5586 τῆς
729 5517 934 5587 ψυχῆς
969 5520 1178 5580 αὑτοῦ,
1206 5517 1262 5568 εἷ
1298 5517 1389 5582 τίς
1428 5517 1740 5589 ποτέξέστι,
1852 5519 1943 5574 rit.

176 5585 531 5661 μισούμενα.
592 5585 1007 5661 eqtidetn_hmc
1033 5598 1252 5661 exstant
1277 5603 1328 5661 In
1357 5589 1554 5661 codd.“
1573 5587 1717 5661 [legit

1912 5588 2024 5661 (15)
2073 5585 2336 5661 Ἐπί-γῆς.
2371 5588 2528 5661 Deest
2560 5588 2611 5642 in
2659 5589 2893 5644 editione
2925 5587 3127 5652 Huetii,
3186 5587 3280 5642 sed
3314 5601 3411 5642 ex-

181 5657 238 5715 et
267 5657 578 5721 Barberino.
608 5658 703 5713 sed
733 5658 1107 5712 desiderantur
1127 5657 1178 5710 in
1208 5657 1394 5711 codice
1423 5657 1738 5720 Bodleiano,
1845 5669 1956 5713 stat
1983 5657 2036 5711 in
2075 5659 2260 5712 codice
2293 5657 2604 5712 Bodleiano.

180 5747 346 5800 quem
378 5740 602 5786 secutus
630 5739 716 5782 est
754 5726 1064 5800 ferrarius.
1100 5727 1368 5800 immerito
1395 5727 1644 5800 culpatus
1673 5728 1740 5780 ab
1906 5729 2020 5798 (l6)
2048 5727 2173 5782 Haec
2199 5729 2264 5796 in
2292 5725 2611 5783 Ferrariana
2643 5729 3084 5799 interpretatione
3101 5726 3408 5784 desiderata

186 5796 400 5865 l'luetio,
448 5800 604 5868 quasi
640 5812 703 5852 ea
744 5797 957 5868 Origeui
1014 5796 1323 5866 gratificans
1369 5797 1738 5876 praetermise-
1836 5796 2220 5869 simplevimus.
2787 5796 2801 5799 ’
3348 5808 3354 5814 ·

504 5895 766 5954 ΡΑτιιοι..
828 5895 944 5956 GR.
1005 5892 1174 5953 XIV.

2895 5887 2963 5946 11
