3766 6142
438 300 537 357 3⁸51

1870 302 2190 362 ORIGENIS

3450 300 3459 309 ’
3554 309 3651 364 5ἲ2

438 417 790 492 prosequitur
810 419 955 486 odio,
985 420 1325 488 peccantium
1347 430 1472 476 sunt
1491 420 1847 488 festivitates;
1871 439 1986 478 cum

2098 425 2187 477 ὅτε
2215 424 2271 478 δὲ
2297 420 2402 478 ύπδ
2427 422 2520 479 τοῦ
2557 424 2763 496 Κυρίου
2800 416 3241 495 νομοθετοῦνται,
3279 421 3480 494 Κυρίου
3520 418 3650 477 εἶναι

436 526 566 566 vero
600 525 693 565 eas
737 510 1000 565 Dominus
1039 512 1230 577 sancit,
1274 512 1486 569 Domini
1542 529 1664 570 esse
1718 516 1993 571 dicuntur.

437 604 634 657 Verum
667 602 1020 659 festivitatum
1054 620 1158 658 una
1190 614 1274 659 est
1300 607 1462 661 etiam
1501 606 1733 673 Pascha,
1770 610 1915 678 quod
1945 611 1997 663 in

435 694 708 766 Evangelii
732 695 1007 764 proposita
1039 695 1345 765 Scriptura,
1376 714 1479 752 non
1509 700 1746 765 Domini,
1778 702 1871 756 s‘ed
1904 700 2002 755 Ju-

435 785 670 839 dteorum
709 784 915 840 Pascha
952 787 1170 841 dicitur.
1217 785 1425 843 Rursus
1456 788 1582 843 alibi
1614 790 1788 858 inquit
1816 808 1830 844 :
1868 808 1887 840 ι
1910 789 2002 844 Ha!

407 885 562 931 sunt
599 876 807 931 Domini
852 876 1201 942 festivitates,
1226 893 1364 947 quas
1408 881 1551 950 ipsas
1580 882 1852 937 vocabitis
1877 897 2003 936 san-

435 979 551 1024 ctas
578 970 643 1023 ’3.
675 988 693 1021 ι
732 968 808 1023 Ex
844 970 1051 1025 Domini
1086 969 1267 1038 itaque
1301 986 1434 1027 voce
1466 987 1570 1026 non
1598 972 1723 1026 licet
1756 973 1840 1027 his
1877 988 1999 1042 qua:

433 1060 740 1122 docuimus,
765 1062 1168 1118 contradicere.
1202 1064 1397 1118 Verum
1429 1079 1497 1119 ex
1526 1065 1764 1134 Epistola
1795 1066 1860 1119 ad
1894 1065 2000 1120 Co-

436 1151 668 1207 rinthios
694 1152 740 1184 ³⁹
768 1153 1125 1221 probabiliter
1163 1154 1361 1224 aliquis
1387 1165 1613 1225 quaerat,
1644 1173 1743 1212 cur
1769 1157 2001 1226 Aposto-

436 1241 520 1297 lus
572 1243 809 1298 scribat:
848 1262 867 1295 ι
897 1245 1108 1300 Etenim
1156 1244 1371 1301 Pascha
1413 1256 1664 1301 nostrum
1711 1262 1810 1317 pro
1841 1247 1997 1303 nobis

435 1334 744 1391 immolatus
777 1344 859 1391 est
893 1336 1179 1402 Christus;
1218 1356 1238 1389 ι
1289 1352 1397 1392 non
1439 1338 1582 1392 enim
1630 1339 1710 1394 ait
1740 1357 1753 1392 :
1787 1338 1994 1394 Pascha

432 1426 646 1483 Domini
678 1428 982 1484 immolatus
1012 1438 1095 1484 est
1125 1429 1393 1486 Christus.
1432 1431 1516 1486 Ad
1547 1446 1668 1501 quae
1708 1433 1994 1488 dicendum

431 1528 539 1584 est,
590 1519 671 1574 vel
720 1521 1037 1591 Apostolum
1068 1520 1271 1578 dixisse
1313 1523 1636 1593 simplicius,
1662 1524 1871 1579 Pascha
1899 1539 1997 1578 no-

432 1618 604 1664 strum
637 1609 996 1674 immolatum,
1026 1612 1167 1680 quod
1197 1627 1295 1682 pro
1329 1614 1482 1670 nobis
1508 1615 1844 1670 immolatum
1867 1614 1994 1682 fuit,

432 1701 515 1755 vel
547 1717 761 1757 omnem
803 1717 923 1758 eam
963 1703 1337 1769 festivitatem,
1364 1720 1485 1775 qua:
1535 1721 1726 1761 revera
1782 1707 1853 1761 sit
1890 1706 1995 1761 Do-

2104 519 2617 589 προσαγορεύονται.
2666 516 2787 571 Τῶν
2837 516 2895 569 δὲ
2946 515 3145 589 ἑορτῶν
3191 514 3287 586 μία
3325 516 3440 569 ἐστὶ
3467 517 3556 569 καὶ
3596 518 3653 570 τὸ

2099 612 2310 682 Πάσχα,
2327 613 2462 683 ὅπερ
2485 614 2542 665 ἐν
2565 613 2631 682 τῇ
2657 610 2990 682 προκειμένῃ
3010 609 3102 663 τοῦ
3128 608 3453 676 Εύαγγελίου
3474 610 3649 681 Γραφῇ

2100 703 2161 755 ού
2214 701 2307 755 τοῦ
2350 702 2578 774 Κυρίου,
2614 700 2750 755 ἀλλὰ
2792 699 2902 754 τῶν
2951 699 3218 753 Ἰουδαίων
3263 694 3402 752 εἶναι
3427 699 3647 767 λέγεται.

2099 795 2210 848 Καὶ
2260 794 2490 864 ἀλλαχοῦ
2530 794 2607 857 δὲ,
2631 813 2649 845 ι
2678 788 2867 856 Abeat,
2913 792 3095 862 φησὶν,
3135 792 3190 843 αἱ
3233 789 3415 861 ἑορταὶ
3437 788 3651 859 Κυρίου,

2098 887 2165 950 ἂς
2183 886 2441 940 καλέσετε
2468 886 2642 949 αὑτὰς
2664 884 2868 957 κλητὰς
2896 884 3075 951 ἁγίας.
3115 902 3134 934 ι
3173 880 3307 933 Ἀπὸ
3326 880 3423 952 μὲν
3449 876 3538 934 οὖν
3561 880 3651 949 τῆς

2097 976 2191 1031 τοῦ
2241 978 2445 1049 Κυρίου
2483 978 2666 1048 φωνῆς
2707 977 2806 1030 οὐκ
2849 975 2995 1029 ἐστιν
3036 972 3337 1041 ἀντιλέγειν
3377 966 3459 1034 οἷς
3495 988 3650 1042 παρεο

2100 1069 2375 1139 στήσαμεν
2415 1066 2545 1138 (17)·
2575 1067 2816 1131 πιθανῶς
2853 1066 2911 1120 δέ
2950 1084 3032 1130 τις
3060 1065 3169 1119 ἀπὸ
3204 1064 3298 1119 τοῦ
3343 1064 3649 1117 Ἀποστόλου

2098 1158 2322 1231 ζητήσει
2347 1160 2404 1212 ἐν
2428 1161 2494 1230 τῇ
2518 1158 2654 1230 πρὸς
2688 1158 3005 1229 Κορινθίους
3030 1156 3453 1227 ἅναγράφοντος
3490 1172 3507 1205 t
3551 1155 3651 1208 Καὶ

2099 1250 2207 1322 γὰρ
2258 1249 2318 1303 τὸ
2358 1251 2549 1321 Πάσχα
2600 1249 2756 1321 ἡμῶν
2790 1249 2930 1320 ὑπὲρ
2973 1249 3130 1320 ἡμῶν
3167 1248 3279 1317 (18)
3327 1245 3491 1317 ἐτύθη
3531 1246 3652 1314 Χρι-

2100 1343 2221 1406 στός
2243 1361 2254 1373 ·
2285 1362 2303 1395 ι
2332 1343 2393 1396 ού
2425 1344 2534 1415 γὰρ
2559 1343 2710 1414 φησί·
2746 1343 2818 1396 Τὸ
2847 1342 3039 1413 Πάσχα
3075 1340 3277 1411 Κυρίου
3315 1338 3480 1410 ἐτύθη
3529 1339 3652 1409 Χρι-

2099 1437 2240 1501 στός.
2270 1436 2379 1489 Καὶ
2410 1436 2545 1507 πρὸς
2576 1434 2805 1488 τοῦτοδὲ
2836 1433 3072 1496 λεκτέον,
3099 1432 3215 1503 ἤτοι
3252 1431 3333 1484 ὅτι
3364 1429 3651 1483 ἁπλούστε-

2102 1547 2192 1600 ρον
2230 1529 2422 1598 Πάσχα
2457 1527 2614 1600 ἡμῶν
2657 1526 2813 1581 τυθέν
2850 1525 2911 1579 τὸ
2950 1526 3015 1578 δι’
3045 1526 3193 1596 ἡμᾶς
3235 1523 3395 1578 τυθὲν
3423 1524 3651 1594 εἴρηκεν,

2097 1620 2130 1692 ἦ
2161 1624 2241 1675 ὅτι
2291 1622 2442 1678 πᾶσα
2484 1620 2642 1692 ἐορτὴ
2684 1616 2902 1690 άληθῶς
2938 1618 3170 1689 Κυρίου.
3219 1612 3294 1671 ὧν
3328 1615 3429 1687 μία
3463 1616 3576 1669 ἐστὶ
3599 1616 3653 1669 τὸ

2098 1708 2311 1779 Πάσχα,
2340 1708 2440 1762 ούκ
2484 1709 2542 1762 ἐν
2583 1707 2756 1779 τούτῳ
2800 1708 2879 1778 τῷ
2911 1706 3088 1771 αἰῶνι,
3127 1706 3249 1759 οὐδὲ
3277 1706 3371 1758 ἐπὶ
3399 1706 3523 1775 γῆς,
3548 1706 3651 1758 ἀλλ’

432 1794 586 1859 mini,
620 1808 848 1862 quarum
883 1810 989 1848 una
1028 1804 1112 1849 est
1143 1794 1379 1862 Pascha,
1419 1812 1527 1852 non
1558 1797 1611 1851 itt
1640 1798 1743 1852 hoc
1770 1797 1986 1864 saeculo,

2099 1800 2155 1852 ἐν
2193 1800 2271 1870 τῷ
2303 1797 2549 1871 μέλλοντι
2582 1799 2675 1853 καὶ
2721 1801 2777 1852 ἐν
2813 1799 3080 1868 οὐρανοῖς,
3125 1799 3391 1870 ἐνστάσης
3429 1798 3526 1869 τῆς
3568 1796 3652 1867 βα-

430 1899 603 1954 neque
636 1899 798 1954 super
829 1895 1050 1953 terram,
1082 1887 1175 1942 sed
1207 1887 1258 1941 in
1290 1886 1474 1944 futuro
1500 1899 1555 1943 et
1595 1889 1657 1942 in
1680 1888 1865 1953 etelis,
1905 1888 1991 1943 in-

429 1987 610 2031 stante
638 1978 899 2033 caelorum
934 1976 1131 2048 regno,
1159 1979 1492 2035 celebratum
1525 1980 1615 2035 iri.
1643 1978 1784 2047 Quin
1813 1980 1878 2036 de
1908 1979 1992 2036 fer

429 2068 764 2123 stivitatibus
810 2069 916 2124 illis
955 2086 1093 2125 unus
1130 2072 1411 2127 duodecim
1464 2074 1848 2143 prophetarum
1878 2072 1990 2126 Ain-

426 2160 549 2231 quit
573 2160 619 2192 ⁸ο
645 2177 660 2215 :
697 2178 716 2212 ι
747 2160 884 2229 Quid
916 2161 1129 2217 facietis
1161 2164 1212 2217 in
1242 2165 1429 2222 diebus
1460 2165 1819 2231 celebritatis,
1842 2173 1898 2221 et
1934 2164 1990 2219 in

428 2253 620 2307 diebus
643 2253 955 2309 festivitatis
988 2256 1246 2310 Domini?
1281 2277 1301 2310 ι
1340 2259 1404 2314 Ει
1430 2260 1483 2313 in
1510 2259 1750 2329 Epistola
1784 2257 1853 2313 ad
1885 2257 1992 2314 He-

430 2342 606 2399 braeos
634 2343 836 2401 Paulus
851 2346 894 2378 ³¹
922 2361 937 2400 :
964 2365 983 2398 ι
1019 2347 1123 2402 Sed
1146 2349 1455 2405 accessistis
1477 2351 1544 2405 ad
1570 2360 1805 2406 montem
1833 2349 1988 2416 Sion,

429 2443 486 2489 et
515 2436 585 2489 ad
610 2434 882 2490 civitatem
919 2436 1012 2491 Dei
1039 2438 1291 2501 viventis,
1323 2437 1621 2495 Jerusalem
1659 2441 1990 2509 superccele-

427 2532 590 2594 stem‘,
630 2536 685 2583 et
710 2528 777 2584 ad
807 2529 1077 2600 myriadas
1109 2530 1455 2600 angelorum,
1497 2546 1692 2602 nempe
1737 2533 1805 2586 ad
1849 2531 1992 2587 cele-

428 2620 700 2689 britatem,
727 2629 781 2677 e-t
820 2621 1118 2679 Ecclesiam
1151 2626 1631 2695 primogenitorum
1660 2624 1989 2695 scriptorum

427 2712 482 2767 in
508 2711 685 2769 cmlis.
717 2732 736 2767 ι
774 2712 841 2768 Et
875 2714 929 2770 in
958 2714 1199 2787 Epistola
1230 2717 1297 2772 ad
1323 2715 1675 2773 Colossenses
1699 2715 1782 2768 ":
1821 2733 1841 2767 ι
1872 2714 1990 2771 Non

426 2804 816 2875 igiturjudicet
841 2806 1037 2875 aliquis
1061 2821 1153 2861 vos
1184 2807 1237 2860 in
1281 2807 1425 2872 cibo,
1447 2816 1503 2861 et
1535 2808 1586 2862 in
1624 2814 1773 2876 potu,
1810 2813 1904 2859 aut
1937 2807 1990 2859 in

424 2905 579 2964 parte
608 2897 711 2953 diei
738 2896 882 2963 festi,
915 2907 1008 2951 aut
1038 2896 1092 2951 in
1127 2896 1428 2965 novilunio,
1462 2898 1546 2955 vel
1572 2896 1846 2965 Sabbatis,
1872 2912 1991 2967 qua:

423 2996 551 3043 sunt
585 2988 774 3044 umbra
806 2988 1135 3049 futurorum.
1160 3008 1181 3043 ι

2095 1892 2299 1956 σιλείας
2347 1891 2456 1945 τῶν
2514 1890 2758 1962 οὐρανῶν
2810 1890 3304 1962 ἐπιτελεσθήσεται.
3371 1891 3483 1944 Καὶ
3536 1888 3653 1961 περὶ

2094 1983 2315 2037 ἐκείνων
2341 2000 2405 2048 γε
2437 1984 2546 2038 τῶν
2574 1984 2773 2054 ἑορτῶν
2801 1985 2829 2036 ό
2877 1983 2975 2054 μὲν
3016 1977 3097 2047 εἷς
3137 1982 3244 2035 τῶν
3282 1980 3492 2036 δώδεκα
3526 1996 3651 2051 προ-

2094 2076 2277 2148 φητῶν
2303 2093 2455 2149 φησιο
2505 2096 2523 2129 ι
2563 2076 2627 2129 Τί
2672 2076 2926 2148 ποιήσετε
2950 2078 3007 2129 ἐν
3030 2075 3266 2146 ἡμέραις
3302 2075 3649 2146 πανηγύρεως

2092 2167 2184 2220 καὶ
2225 2169 2282 2222 ἐν
2318 2167 2557 2240 ἡμέραις
2605 2167 2796 2238 ἑορτῆς
2830 2165 2925 2220 τοῦ
2959 2166 3199 2237 Κυρίου;
3232 2185 3251 2218 ι
3294 2168 3323 2220 ὁ
3364 2166 3424 2219 δὲ
3454 2164 3650 2229 Παῦλος

2091 2258 2149 2312 ἐν
2170 2261 2234 2329 τῇ
2260 2259 2397 2330 πρὸς
2434 2258 2749 2330 Ἐϐραίους·
2802 2278 2821 2310 ι
2870 2257 3029 2311 Ἀλλὰ
3058 2258 3495 2330 προσεληλύθατε
3526 2256 3648 2312 Σιὼν

2091 2348 2228 2418 ὄρει,
2265 2348 2361 2402 καὶ
2406 2348 2557 2401 πόλει
2596 2348 2732 2402 Θεοῦ
2780 2347 2999 2413 ζῶντος,
3045 2348 3401 2421 Ἰερουσαλὴμ
3442 2349 3649 2419 ἐπουρα-

2090 2440 2189 2511 νίῳ
2209 2440 2301 2494 καὶ
2329 2440 2584 2511 μυριάσιν
2605 2440 2871 2509 ἀγγέλων,
2892 2439 3217 2512 πανηγύρει,
3241 2439 3338 2493 καὶ
3368 2437 3649 2510 Ἐκκλησία

2091 2532 2450 2604 πρωτοτόκων
2488 2530 2991 2603 ἀπογεγραμμένων
3032 2533 3090 2585 ἐν
3112 2532 3384 2603 οὐρανοῖς.
3420 2550 3438 2581 ι
3465 2531 3569 2584 Καὶ
3595 2530 3648 2581 ἐν

2089 2626 2158 2694 τῇ
2199 2622 2333 2693 πρὸς
2372 2622 2726 2685 Κολοσσαείς·
2760 2640 2778 2673 ι
2809 2620 2899 2692 Μὴ
2936 2616 3028 2674 οὖν
3049 2638 3131 2684 τις
3159 2622 3301 2691 ὑμᾶς
3333 2619 3563 2692 κρινέτω
3597 2621 3650 2672 ἐν

2093 2712 2292 2785 βρώσει
2336 2714 2430 2766 καὶ
2474 2715 2530 2766 ἐν
2566 2712 2742 2777 πόσει,
2779 2711 2812 2781 ἢ
2852 2712 2911 2763 ἐν
2946 2711 3101 2782 μέρει
3140 2711 3350 2782 ἑορτῆς,
3395 2710 3428 2781 ἢ
3464 2724 3650 2780 νουμή-

2091 2805 2228 2870 νίας,
2255 2805 2287 2877 ἢ
2316 2804 2600 2860 σαϐϐάτων
2634 2804 2670 2859 ἆ
2707 2806 2824 2857 ἐστι
2860 2803 2988 2857 σκιὰ
3021 2803 3131 2858 τῶν
3162 2801 3485 2876 μελλόντων.
3527 2821 3545 2855 ι

500 3078 658 3149 175
687 3078 773 3134 i2.
804 3078 976 3133 Porro
1006 3088 1207 3145 autem,
1250 3092 1482 3149 quonam
1519 3086 1680 3150 pacto
1722 3077 1986 3134 festivita-

2165 3082 2249 3136 12.
2276 3081 2409 3135 Τίνα
2438 3082 2494 3135 δὲ
2523 3081 2720 3153 τρόπον
2766 3083 2823 3134 ἐν
2853 3081 2963 3143 τοῖς
3002 3079 3345 3150 ἐπουρανίοις
3364 3118 3381 3140 ,
3415 3071 3488 3132 ὧν
3530 3077 3646 3132 σκιὰ

407 3182 528 3238 .tes,
562 3185 787 3240 quarum
817 3171 1007 3225 umbra
1056 3170 1200 3239 apud
1239 3170 1456 3227 Iudaeos
1501 3170 1815 3241 corporales
1844 3179 1984 3236 erat,

421 3260 925 3331 perfectionemque
965 3259 1090 3315 Filii
1130 3260 1224 3314 Dei
1254 3261 1561 3332 percepturi
1590 3262 1762 3316 simus
1794 3262 1846 3314 in
1895 3275 1987 3315 su-

406 3351 855 3423 Apercmlestibus,
884 3392 889 3401 ι
923 3355 1023 3410 sub
1081 3354 1231 3409 illam
1281 3367 1466 3408 veram
1524 3352 1696 3422 legem
1752 3354 1985 3421 primum

424 3459 716 3515 puerorum
749 3460 900 3501 more
932 3447 1181 3503 instructi
1208 3445 1349 3515 apud
1377 3454 1657 3499 curatores
1685 3452 1739 3499 et
1762 3458 1989 3498 (nconc-

425 3551 566 3603 ntos,
602 3539 774 3592 donec
805 3538 979 3594 aderit
1019 3555 1082 3595 ea
1120 3538 1379 3609 temporis
1417 3537 1693 3606 plenitudo
1726 3550 1847 3606 quae
1881 3535 1987 3591 illic

406 3636 527 3695 ,est,
570 3627 805 3686 ofﬁcium
852 3641 938 3687 est
986 3631 1130 3686 illius
1179 3628 1463 3700 sapientia:
1492 3643 1613 3699 quae
1642 3629 1695 3681 in
1728 3629 1986 3698 mysterio

423 3719 748 3774 abscondita
796 3719 1319 3786 fuit,emanifestare
1370 3728 1428 3773 et
1474 3719 1716 3774 contueri
1752 3732 1871 3787 quae
1917 3716 1987 3770 de

423 3810 564 3867 cibis
619 3812 736 3879 lege
787 3814 1145 3877 sanciuntur,.
1179 3829 1298 3884 quae
1331 3812 1574 3885 symbola
1622 3819 1747 3866 sunt
1795 3824 1984 3866 eorum

425 3918 545 3973 qua:
571 3904 684 3960 illic
712 3908 984 3961 nutritura
1016 3917 1166 3973 sunt,
1198 3906 1501 3975 fortemque
1534 3905 1814 3960 redditura
1863 3901 1982 3957 ani-

424 4009 571 4047 mam
603 4005 860 4049 nostram.
891 3996 961 4049 At
988 4011 1117 4051 vero
1139 3997 1371 4065 aliquem
1399 4005 1603 4052 temere
1631 3995 1983 4064 imaginatum

427 4087 595 4143 fuisse
626 4094 896 4142 tantarum
920 4089 1402 4159 intelligentiarum
1425 4090 1668 4160 pelagus,
1696 4090 1987 4144 volentem-

424 4201 531 4257 que
559 4196 781 4241 servare
821 4185 1095 4253 quomodo
1125 4184 1301 4239 cultus
1331 4185 1613 4254 praesentis
1634 4222 1637 4225 ν
1659 4184 1764 4240 1οοί
1805 4185 1983 4254 speci-

426 4293 551 4334 men
583 4286 748 4347 atque
770 4275 959 4329 umbra
989 4275 1058 4329 sit
1083 4276 1574 4344 supercmlestium,
1606 4276 1985 4344 volentemque

425 4369 726 4441 intelligere
755 4367 1004 4422 victimas
1025 4377 1079 4423 et
1103 4384 1282 4432 ovem,
1310 4369 1623 4437 praecedere
1644 4382 1707 4421 ac
1724 4380 1985 4436 superare

2093 3176 2244 3246 παρὰ
2303 3177 2413 3237 τοῖς
2477 3175 2807 3244 σωματικοῖς
2866 3171 3135 3235 Ἰουδαίοις
3191 3166 3258 3241 ἧν
3283 3210 3298 3233 ,
3358 3171 3548 3241 ἑορτὰς
3600 3171 3644 3222 oi

2095 3267 2192 3336 μὲν
2226 3265 2333 3336 (19)
2374 3263 2479 3318 ὑπὸ
2510 3264 2597 3317 τὸν
2639 3263 2813 3335 ἀληθῆ
2836 3262 3116 3334 ’πρότερον
3156 3262 3643 3332 παιδαγωγούμενοι

2091 3358 2251 3427 νόμον
2283 3356 2432 3427 παρὰ
2474 3356 2784 3427 ἐπιτρόποις
2828 3356 2918 3408 καὶ
2948 3354 3281 3424 οίκονόμοις,
3314 3354 3423 3418 ἕως
3447 3353 3505 3408 τὸ
3541 3354 3645 3407 ἐκεῖ

2092 3450 2362 3520 πλήρωμα
2392 3448 2483 3503 τοῦ
2532 3450 2721 3519 χρόνου
2763 3448 2946 3518 ἐνστῇ,
2981 3448 3076 3501 καὶ
3103 3447 3199 3518 τήν
3227 3447 3537 3516 τελειότητα
3559 3444 3641 3498 τοῦ

2091 3541 2222 3595 Υἱοῦ
2249 3542 2342 3595 τοῦ
2374 3541 2508 3596 Θεοῦ
2538 3543 2893 3616 χωρήσωμεν,
2934 3539 3091 3612 ἔργον
3119 3541 3309 3608 σοφίας
3333 3541 3435 3611 τῆς
3464 3541 3520 3592 ἐν
3550 3556 3642 3609 μυ-

2091 3634 2297 3704 στηρίῳ
2324 3633 2818 3706 ἀποκεκρυμμένης
2833 3631 2950 3684 ἐστὶ
2975 3629 3302 3702 φανερῶσαι,
3326 3630 3423 3683 καὶ
3450 3630 3515 3683 τὰ
3531 3628 3642 3699 περὶ

2093 3725 2392 3797 βρωμάτων
2442 3724 2871 3796 νομοθετούμενα
2917 3720 3159 3793 σύμϐολα
3205 3720 3312 3774 τῶν
3359 3722 3479 3775 ἐκεῖ
3527 3720 3640 3791 μελ-

2089 3820 2285 3872 λόντων
2336 3817 2573 3890 τρέφειν,
2616 3818 2709 3871 καὶ
2764 3818 3122 3887 ἰσχυροποιεῖν
3157 3814 3313 3885 ἡμῶν
3356 3813 3457 3884 τὴν
3482 3812 3641 3882 ψυχὴν

2090 3910 2420 3981 τυγχάνοντα
2453 3910 2692 3980 θεωρεῖν.
2720 3909 2854 3979 Είκῆ
2881 3908 2936 3961 δὲ
2974 3906 3416 3975 φαντασιωθέντα
3444 3905 3563 3958 τινὰ
3588 3901 3641 3955 τδ

2090 4001 2322 4069 πέλαγος
2361 3999 2468 4054 τῶν
2518 3999 2781 4052 τοσούτων
2823 3997 3107 4068 νοημάτων
3128 4035 3143 4059 ,
3194 3995 3288 4049 καὶ
3338 3994 3639 4065 βουλόμενον

2091 4092 2260 4146 σῶσαι
2307 4092 2424 4155 πῶς
2469 4094 2500 4164 ή
2550 4091 2688 4145 κατὰ
2730 4091 2892 4143 τόπον
2933 4088 3155 4161 λατρεία
3210 4087 3514 4164 ὑπόδειγμα
3558 4083 3641 4137 καὶ

2091 4187 2217 4240 σκιά
2241 4187 2355 4239 ἐστι
2385 4187 2493 4237 τῶν
2512 4182 2865 4256 ἐπουρανίων,
2887 4182 2956 4235 τά
2979 4199 3039 4234 τε
3068 4181 3284 4252 θύματα
3314 4181 3409 4233 καὶ
3436 4179 3495 4232 τὸ
3525 4177 3643 4247 πρό-

2090 4279 2248 4331 6ατον
2279 4278 2466 4348 νοῆσαι
2492 4276 2828 4347 βουλόμενον,
2852 4272 3115 4346 προκόψαι
3137 4271 3318 4342 καὶτῷ
3352 4269 3641 4336 Ἀποστόλῳ

2088 4368 2285 4439 ἐπᾶραι
2325 4367 2421 4438 μὲν
2468 4364 2621 4436 ἡμῶν
2663 4365 2722 4417 τὸ
2768 4365 3020 4435 φρόνημα
3064 4361 3374 4433 βουληθέντι
3413 4360 3517 4411 ἀπὸ
3542 4358 3639 4410 τῶν

423 4460 527 4514 erit
554 4457 896 4526 Apostolum,
941 4458 1033 4527 qui
1081 4459 1422 4528 prudentiam
1462 4458 1682 4527 quidem
1742 4468 1981 4513 nostram

2095 4463 2286 4533 γηΐνων
2316 4459 2442 4529 περὶ
2480 4456 2572 4511 τοῦ
2600 4458 2764 4528 νόμου
2789 4456 3092 4525 δογμάτων,
3126 4455 3186 4507 οὺ
3215 4455 3357 4507 πάνυ
3384 4452 3440 4505 δὲ
3479 4466 3641 4520 παρα-

421 4552 633 4621 erigere
660 4553 830 4608 voluit
858 4568 889 4607 a
924 4542 1267 4621 dogmatibus
1319 4551 1387 4606 de
1426 4550 1543 4622 lege
1578 4550 1851 4615 terrenis,
1880 4563 1978 4619 pa-

422 4657 542 4695 rum
574 4651 748 4697 tamen
781 4643 1018 4699 ostendit
1047 4642 1318 4713 quomodo
1354 4640 1533 4695 futura
1563 4639 1673 4695 sint
1717 4640 1852 4694 hac.
1886 4639 1979 4693 Sin

421 4747 551 4787 vero
577 4734 739 4788 etiam
773 4734 1113 4798 festivitates,
1139 4748 1369 4804 quarttm
1418 4746 1523 4786 una
1560 4739 1643 4786 est
1684 4730 1882 4795 Pacha,
1915 4731 1984 4785 ad

422 4820 663 4877 futurum
696 4823 949 4878 satculum
983 4824 1340 4887 reducuntur,
1373 4821 1550 4877 adhuc
1601 4821 1770 4890 magis
1798 4821 1980 4874 cousi-

421 4913 723 4970 derandum
772 4924 856 4971 est
896 4916 1165 4985 quomodo
1218 4916 1385 4971 etiam
1434 4928 1577 4969 nunc
1622 4911 1829 4967 Pascha
1880 4925 1982 4965 no-

417 5017 593 5063 strum
620 5007 926 5064 immolatus
956 5009 1028 5064 sit
1050 5008 1299 5064 Christus
1326 5017 1382 5063 et
1408 5008 1458 5062 in
1486 5015 1758 5078 posterum
1785 5004 1978 5058 immo-

416 5103 639 5158 labitur.

490 5195 578 5250 l3.
602 5192 869 5249 Caeterum
904 5191 971 5245 ad
997 5192 1137 5246 hanc
1173 5192 1481 5263 dogmatum
1509 5199 1821 5245 nostrorum
1856 5202 1978 5257 per-

414 5286 731 5360 plexitatem
750 5298 919 5353 pauca
953 5291 1079 5338 sunt
1107 5284 1263 5339 nobis
1293 5283 1561 5350 addenda,
1587 5298 1706 5350 quae
1743 5289 1976 5336 tractatu

520 5427 567 5460 ’⁸
602 5424 775 5481 Levit.
806 5439 968 5483 χχιιι.
998 5422 1055 5479 2.
1129 5425 1174 5458 "
1203 5424 1372 5480 lCor.
1400 5438 1457 5488 v,
1486 5422 1538 5478 7.
1612 5422 1658 5455 ³⁰
1682 5421 1807 5478 Ose.
1835 5438 1914 5487 Ix,
1952 5420 2007 5477 5.

486 5537 596 5609 (t7)
625 5537 1117 5606 Παρεστήσαμεν.
1148 5534 1240 5591 Sic
1262 5536 1434 5591 codex
1462 5532 1817 5601 Bodleianus;
1852 5534 1973 5589 edi»

417 5607 505 5680 tio;
520 5608 719 5680 ll_uetii,
742 5611 1187 5680 παρεστήκαμεν.

488 5676 600 5748 (18)
625 5677 805 5749 Ὑπὲρ
825 5673 1021 5749 ’ἡμῶὼκ
1049 5673 1401 5749 Desideratur
1432 5676 1483 5732 in
1505 5673 1742 5733 editione
1768 5673 1971 5742 Httetii,

418 5747 512 5800 sed
553 5748 776 5803 habetur
801 5749 853 5803 in
873 5747 1077 5808 ’codice
1111 5747 1426 5805 Bodleiano.

2089 4553 2345 4623 στήσαντι
2387 4549 2504 4613 πῶς
2539 4549 2711 4602 ταῦτα
2749 4547 2929 4618 μέλλει
2978 4546 3241 4615 γίνεσθαι.
3293 4543 3421 4597 Ἐὰν
3466 4542 3523 4595 δὲ
3558 4540 3640 4592 καὶ

2089 4643 2291 4714 ἑορταὶ,
2322 4636 2397 4696 ὧν
2427 4643 2523 4713 μία
2548 4641 2657 4712 (ω)
2683 4641 2743 4694 τὸ
2764 4641 2954 4710 Πάσχα
2990 4638 3124 4702 ἐστὶ,
3159 4638 3252 4690 καὶ
3286 4636 3381 4689 ἐπὶ
3409 4636 3498 4689 τὸν
3526 4632 3639 4704 μὲλ-

2089 4735 2246 4790 λοντα
2265 4734 2551 4803 ἀνάγονται
2571 4731 2762 4795 αἰῶνα,
2788 4730 2867 4784 ἐτι
2890 4729 3087 4801 μᾶλλον
3116 4727 3506 4798 ἐπισκοπητέον
3532 4722 3637 4785 πῶς

2086 4825 2183 4880 καὶ
2232 4824 2327 4879 νῦν
2364 4824 2424 4877 τὸ
2460 4823 2651 4894 Πάσχα
2688 4822 2843 4894 ἡμῶν
2885 4820 3049 4891 ἐτύθη
3094 4818 3361 4891 Χριστὸς,
3390 4819 3484 4873 καὶ
3512 4813 3633 4887 μετὰ

2087 4916 2254 4971 ταῦτα
2282 4915 2590 4989 τυθήσεται.

2157 5189 2241 5245 15.
2260 5188 2443 5259 Ὀλίγα
2457 5188 2512 5242 δὲ
2537 5188 2618 5252 είς
2638 5186 2734 5258 τήν
2747 5184 3087 5259 ἐπαπόρησιν
3105 5184 3213 5238 τῶν
3229 5183 3509 5254 δογμάτων
3534 5195 3629 5234 πα-

2086 5280 2335 5354 ραθετέον
2350 5279 2505 5351 ήμῶν
2531 5279 2664 5344 ιδίας
2678 5277 2944 5348 δεομένων
2971 5275 3349 5347 πραγματείας
3363 5271 3629 5344 ἐξαιρέτου

2083 5421 2126 5455 ³¹
2160 5421 2323 5476 Hebr.
2355 5436 2449 5484 xu,
2476 5419 2680 5484 22,23.
2759 5419 2803 5450 ³²
2830 5416 2947 5474 Col.
2983 5431 3046 5485 ιι,
3079 5416 3167 5485 16,
3198 5415 3285 5472 17.

2154 5533 2268 5607 (19)
2308 5532 2545 5600 Ἑορτὰς
2571 5534 2624 5586 of
2653 5530 2788 5601 μέν.
2838 5530 3148 5602 Legendum
3180 5528 3408 5585 fortasse
3450 5526 3630 5599 ἑορτά-

2083 5621 2285 5746 σοὶξῗό.
2303 5670 2527 5742 Ἑορταί
2559 5665 2646 5746 ᾧν
2666 5671 2795 5746 μία.
2817 5671 2911 5730 Sic
2938 5671 3110 5730 codex
3139 5668 3494 5737 Bodleianus;
3523 5664 3627 5723 edi-

2084 5741 2168 5803 tio‘
2200 5741 2401 5811 littetii,
2422 5742 2622 5815 ἐορτῶν
2656 5741 2774 5817 μία.
