3766 6142
167 354 263 409 533

1241 350 1592 410 COMMENT.
1623 350 1692 406 IN
1725 350 1913 408 JOAN.
1949 350 2182 408 TOMUS
2221 351 2286 406 Χ.

3275 354 3379 409 3ῗῶ

165 470 247 523 καὶ
262 468 573 523 πολυϐίϐλου
581 512 595 533 ,
610 471 809 534 παντός
820 488 878 525 τε
891 470 1000 542 (21)
1014 470 1107 524 τοῦ
1118 470 1260 525 κατὰ
1271 472 1432 543 νόμον
1458 469 1716 543 μυστικοῦ

1824 476 2059 539 egerent
2096 469 2351 540 pracipui
2381 482 2446 524 ac
2479 469 2658 539 magni
2709 468 2853 536 libri,
2887 484 3116 539 quaeque
3153 469 3369 524 omninc

166 562 328 630 λόγου,
339 562 433 616 καὶ
446 561 549 632 ἰδίᾳ
563 563 675 616 τῶν
687 563 829 617 κατὰ
839 563 938 627 τὰς
953 563 1163 636 ἑορτὰς,
1186 564 1279 617 καὶ
1301 563 1381 616 ἔτι
1402 562 1710 634 ἰδικώτερον

168 653 279 726 περὶ
291 653 382 706 τοῦ
403 653 612 724 Πάσχα.
630 654 898 709 Ἰουδαίων
913 656 1022 726 ,μὲν
1038 651 1135 709 οὖν
1148 654 1208 709 τὸ
1228 654 1420 725 Πάσχα
1444 654 1713 726 πρόϐατόν

168 742 268 795 ἐστι
288 741 561 813 θυόμενον,
587 742 995 815 λαμϐανόμενον
1024 744 1237 814 ἑκάστῳ
1269 747 1389 797 κατ’
1411 744 1590 806 οίκους
1617 759 1714 797 πα-

167 833 332 906 τριῶν,
350 836 443 887 mi.
455 834 700 888 ἐπιτελού
708 853 866 906 μενον
892 852 963 907 μυ
972 835 1116 907 ριάσι
1139 834 1501 907 σφαζομέναις
1525 835 1713 905 άμνῶν

152 928 247 980 καὶ
266 927 481 998 ἐρίφων,
512 927 720 981 πλείοσι
749 928 891 982 κατὰ
919 929 1017 1000 τὴν
1055 926 1341 996 ἀναλογίαν
1361 926 1454 981 τοῦ
1479 927 1713 998 ἀριθμοῦ

162 1017 425 1071 τῶνοίκων
440 1016 531 1070 τοῦ
547 1018 700 1085 λαοῦ,
721 1019 782 1072 τὸ
808 1018 865 1072 δὲ
890 1020 922 1090 ἡ
930 1019 1044 1091 μῶν
1067 1020 1206 1091 ὑπὲρ
1221 1020 1374 1091 ἡμῶν
1397 1019 1508 1091 (22)
1524 1018 1715 1090 Πάσχα

163 1110 308 1182 ἐτύθη
329 1111 582 1182 Χριστός.
604 1112 714 1165 Καὶ
736 1112 897 1166 πάλιν
917 1112 1140 1167 ἐκείνων
1175 1111 1272 1183 μὲν
1286 1111 1403 1166 ἐστι
1423 1112 1490 1167 τὰ
1509 1111 1712 1185 ἄζυμα,

162 1201 542 1271 ἀφανιζομένης
582 1203 764 1275 πάσης
809 1201 989 1274 ζύμης
1031 1204 1097 1257 ἐκ
1143 1203 1254 1256 τῶν
1297 1202 1459 1257 οἴκων
1500 1203 1710 1257 αὐτῶν·

164 1295 304 1365 ἡμεῖς
329 1293 382 1346 δὲ
410 1292 744 1365 ἑορτάζομεν
769 1294 832 1347 ού
861 1292 1007 1365 ζύμῃ
1043 1294 1267 1365 παλαιᾷ,
1295 1294 1416 1348 οὐδὲ
1438 1294 1583 1366 ζύμῃ
1613 1311 1714 1348 κα-

163 1387 269 1449 κίας
317 1385 409 1438 καὶ
438 1386 726 1457 πονηρίας,
748 1383 863 1439 ἀλλ’
891 1387 949 1439 ὲν
978 1386 1206 1456 ἀζύμοις
1236 1385 1579 1457 είλικρινείας
1622 1386 1715 1439 καὶ

161 1473 408 1545 ἀληθείας.
441 1475 505 1526 Ei
547 1474 604 1527 δέ
630 1476 748 1528 ἐστί
773 1492 828 1529 τι
862 1476 1044 1548 τρίτον
1070 1475 1219 1549 παρὰ
1244 1475 1313 1529 τὰ
1335 1476 1600 1549 εἰρημένα
1621 1475 1715 1529 δύο

162 1565 329 1634 Πάσχα
352 1563 445 1617 τοῦ
470 1566 681 1637 Κυρίου
710 1568 805 1620 καὶ
841 1566 1091 1638 Ἀζύμων
1116 1567 1298 1640 ἑορτὴ,
1328 1567 1715 1639 ἀκριϐέστερον

161 1654 446 1720 ἐξεταστέον
492 1655 585 1709 διὰ
625 1658 686 1710 τὸ
732 1659 1092 1730 ὑποδείγματι
1133 1659 1228 1713 καὶ
1274 1661 1404 1731 σκιᾷ
1437 1658 1716 1731 λατρεύειν

160 1745 374 1808 ἐκείνους
397 1744 510 1798 τῶν
540 1747 880 1819 ἐπουρανίων
909 1750 1155 1816 ἐκείνων,
1184 1751 1280 1804 καὶ
1305 1751 1366 1804 οὐ
1402 1750 1561 1821 μόνον
1586 1748 1717 1824 βρώ-

1821 562 2161 631 requirerem
2187 559 2467 631 mysticam
2496 561 2545 613 in
2571 559 2687 628 lege
2709 559 3056 615 exsistentem
3088 559 3374 621 rationem,

1819 660 1874 706 et
1906 652 2203 721 praesertim
2255 666 2436 706 rerum
2472 665 2657 705 earum
2704 651 2967 706 rationem
2998 666 3118 721 qua:
3147 659 3271 704 sunt
3323 650 3376 703 in

1820 741 2228 805 festivitatibus,
2261 750 2427 810 atque
2459 740 2622 795 etiam
2667 742 2840 811 magis
2885 741 3155 811 praecipue
3191 756 3378 796 eorum

1819 847 1938 903 quae.
1964 833 2030 887 ad
2062 833 2267 888 Pascha
2307 833 2598 902 pertinent.
2624 832 2888 900 Quocirca
2915 833 3222 889 Iudaeorum
3253 833 3378 899 qui-

1820 927 1941 982 dem
1988 925 2220 991 Pascha,
2261 926 2380 980 ovis
2411 934 2496 980 est
2525 939 2644 993 quae
2687 926 3021 992 immolatur,
3058 940 3218 996 quam
3265 926 3382 980 sin-

1819 1019 1926 1090 guli
1960 1020 2060 1073 sibi
2091 1028 2312 1073 sumunt
2339 1032 2435 1088 per
2461 1019 2650 1074 domos
2681 1018 3033 1082 familiarum,
3064 1029 3117 1072 et
3160 1016 3381 1086 perlici-

1823 1119 1910 1164 tur
1934 1125 2056 1164 cum
2085 1110 2330 1179 pluribus
2361 1110 2695 1182 myriadibus
2721 1124 2980 1179 agnorum
3015 1118 3070 1163 et
3100 1109 3378 1165 haedorum

1818 1203 2036 1268 occisis,
2063 1204 2214 1274 juxta
2250 1203 2661 1273 proportionem
2707 1202 2920 1259 numeri
2953 1203 3233 1258 domorum
3282 1218 3379 1273 po-

1821 1294 1976 1363 puli;
2019 1305 2265 1349 nostrum
2301 1306 2430 1349 vero
2476 1292 2683 1348 Pascba
2720 1308 2817 1363 pro
2858 1291 3015 1348 nobis
3067 1293 3378 1348 immolatus

1820 1389 1916 1440 est'
1937 1384 2203 1441 Christus.
2253 1384 2464 1441 Rursus
2514 1384 2589 1439 illi
2647 1398 2835 1455 azyma
2886 1384 3107 1450 habent,
3160 1398 3384 1439 cessare

1798 1475 2082 1532 facientes
2113 1477 2181 1532 de
2230 1475 2481 1531 domibus
2523 1475 2635 1530 suis
2684 1488 2845 1530 omne
2883 1473 3252 1534 fermentum;
3284 1486 3383 1526 nos

1800 1576 2000 1621 autem
2027 1565 2347 1621 festivitates
2370 1565 2579 1637 agimus
2605 1582 2626 1617 ‹
2663 1579 2771 1620 non
2796 1565 2851 1620 in
2875 1562 3142 1620 fermento
3171 1572 3378 1630 vetere,

1823 1672 2000 1728 neque
2036 1658 2091 1712 in
2136 1657 2402 1713 fermento
2450 1657 2670 1711 malitiae
2742 1665 2798 1711 et
2853 1656 3129 1725 nequitiae,
3171 1655 3266 1710 sed
3325 1655 3379 1709 in

1823 1751 2030 1821 azymis
2057 1750 2389 1807 sinceritatis
2421 1760 2479 1806 et
2500 1751 2752 1807 veritatis
2772 1751 2839 1804 ³³.
2874 1769 2893 1802 ι
2913 1752 2995 1805 An
3023 1764 3152 1806 vero
3181 1758 3383 1819 praeter

162 1854 307 1908 ματα,
331 1838 425 1892 καὶ
453 1840 700 1911 πόματα,
722 1843 814 1895 καὶ
841 1842 1151 1914 νεομηνίας,
1173 1842 1267 1897 καὶ
1298 1842 1564 1907 σάϐϐατα,
1589 1843 1716 1898 ἀλλὰ

1824 1843 1913 1902 illa
1936 1843 2043 1899 duo
2076 1859 2198 1914 qua:
2220 1844 2478 1909 diximus,
2513 1844 2586 1897 sit
2611 1844 2886 1913 quoddam
2917 1845 3138 1899 tertium
3166 1840 3382 1897 Pascha

159 1928 239 1979 καὶ
264 1929 357 1992 τὰς
383 1931 580 2003 ἑορτὰς
624 1932 781 1986 σκιάν
817 1929 956 1987 εἶναι
995 1934 1102 1987 τῶν
1143 1934 1464 2005 μελλόντων.
1496 1934 1717 2006 Πρῶτον

156 2017 210 2091 δὴ
230 2019 317 2074 τοῦ
344 2023 671 2077 Ἀποστόλου
689 2024 938 2093 λέγοντος
961 2042 975 2056 ·
1006 2044 1025 2077 ι
1060 2026 1133 2080 Τὸ
1162 2027 1355 2097 Πάσχα
1376 2027 1530 2099 ἡμῶν
1553 2027 1716 2097 ἐτύθη

157 2113 390 2183 Χριστὸς,
428 2133 447 2166 ι
478 2116 821 2188 ἐπαπορήσει
847 2134 931 2181 τις
958 2118 1094 2189 πρὸς
1117 2118 1278 2172 αὐτὸν
1303 2117 1505 2173 ταῦτα.
1538 2119 1601 2172 Ei
1625 2120 1718 2172 τύ-

159 2221 248 2268 πος
272 2208 382 2259 ἐστὶ
406 2207 513 2278 τῆς
537 2209 772 2279 Χριστοῦ
793 2208 1000 2273 θύσεως
1023 2209 1082 2262 τὸ
1109 2210 1256 2282 παρὰ
1292 2211 1563 2274 Ἰουδαίοις
1587 2210 1719 2284 πρό-

159 2295 323 2363 ϐατον,
353 2300 470 2369 ἦτοι
506 2300 677 2371 ἐχρῆν
707 2300 785 2367 ἐν,
815 2301 910 2355 καὶ
936 2299 1009 2372 μὴ
1036 2301 1203 2355 πολλὰ
1231 2301 1451 2354 θύεσθαι
1474 2303 1602 2372 παρ’
1624 2301 1719 2355 αύ-

158 2392 256 2454 τοίς
280 2390 547 2462 πρόϐατα,
579 2391 766 2464 ὥσπερ
801 2387 883 2457 εἷς
914 2393 1060 2446 ἐστιν
1088 2396 1117 2446 ό
1141 2394 1373 2465 Χριστός
1392 2411 1405 2425 ·
1443 2394 1475 2465 ἢ
1511 2388 1725 2447 πολλῶν

160 2480 410 2553 θυομένων
436 2484 753 2557 προϐάτων,
785 2486 949 2539 οἱονεὶ
982 2485 1210 2550 πολλοὺς
1233 2485 1499 2558 Χριστοὺς
1524 2486 1719 2558 θυομέ-

159 2588 266 2638 νους
306 2574 617 2639 ἀκολούθως
663 2575 742 2647 τῷ
783 2556 959 2648 τύπῷ.
994 2577 1298 2649 Ζητητέον,
1339 2578 1426 2630 ἵνα
1467 2578 1522 2630 δὲ
1562 2577 1720 2631 τοῦτο

161 2667 668 2739 Μραπεμψὼμεθα,
701 2668 817 2732 πῶς
859 2668 921 2722 τὸ
969 2669 1231 2740 θυόμενον
1275 2668 1545 2740 πρόϐατον
1580 2670 1718 2740 Χρι-

164 2757 273 2811 στοῦ
299 2760 538 2831 περιέχει
580 2761 763 2815 εἰκόνα
788 2760 883 2814 τοῦ
922 2762 1020 2832 μὲν
1055 2759 1327 2833 προϐάτου
1356 2760 1461 2814 ὑπὸ
1484 2761 1592 2814 τῶν
1621 2779 1719 2834 τη-

166 2850 378 2921 ρούντων
414 2853 505 2906 τὸν
540 2853 707 2924 νόμον
755 2853 1012 2924 θυομένου
1040 2894 1052 2917 ,
1085 2853 1323 2924 Χριστοῦ
1365 2853 1423 2908 δὲ
1463 2851 1568 2907 ὑπὸ
1611 2853 1719 2908 τῶν

164 2942 591 3012 παραϐαινόντων
622 2944 785 2999 αὐτὸν
815 2945 1201 3016 ἀναιρουμένου
1221 2962 1234 2974 ·
1281 2945 1359 2999 ἔτι
1392 2945 1450 2999 δὲ
1486 2945 1601 3009 πῶς
1628 2947 1720 2999 ἐπὶ

163 3033 376 3103 Χριστοῦ
425 3034 521 3087 τό·
564 3053 587 3085 s
621 3034 888 3102 Φάγονται
932 3034 1001 3088 τὰ
1047 3034 1182 3105 κρέα
1227 3034 1398 3107 ταύτῃ
1446 3038 1509 3107 τῇ
1563 3037 1719 3089 νυκτὶ

162 3122 287 3176 ὀπτὰ
318 3125 464 3194 πυρὶ,
491 3125 594 3178 καὶ
618 3123 803 3195 ἄζυμα
827 3125 920 3177 ἐπὶ
950 3123 1213 3196 πικρίδων
1235 3123 1460 3188 ἔδονται,
1498 3144 1516 3176 ι
1548 3125 1721 3197 ἐρμηεε

161 3213 354 3268 νευτέον
372 3231 386 3246 ο
420 3216 518 3269 καὶ
538 3214 603 3269 τό
621 3231 636 3246 ι
665 3233 685 3266 ι
724 3216 839 3269 Οὐκ
870 3214 1053 3268 έδεσθε
1076 3216 1170 3269 ἀπ’
1195 3216 1372 3271 αὐτῶν
1398 3218 1568 3289 ὠμὸν,
1597 3219 1718 3273 οὐδέ
1746 3198 1788 3254 C

160 3300 417 3373 ἡψημένον
444 3305 503 3357 έν
530 3303 706 3368 ὕδατι,
744 3304 861 3358 ἀλλ’
908 3305 941 3375 ἥ
974 3305 1116 3358 όπτά
1148 3311 1281 3378 πυρί
1301 3323 1315 3337 ο
1357 3307 1595 3380 κεφαλὴν
1621 3308 1719 3361 σὺν

160 3396 257 3457 τοῖς
284 3396 405 3449 ποσὶ
429 3396 524 3449 καὶ
546 3398 662 3459 τοῖς
689 3395 976 3461 ἐνδοσθίοις
999 3415 1013 3428 ·
1038 3399 1138 3452 οὐκ
1163 3398 1481 3472 ἀπολείψετε
1508 3401 1600 3453 ἀπ’
1621 3400 1718 3453 αύ-

162 3484 256 3538 τῶν
279 3484 378 3550 ἕως
406 3487 577 3559 πρωῒ,
605 3487 701 3540 καὶ
727 3487 916 3541 ὀστοῦν
943 3488 1003 3541 οὐ
1040 3488 1353 3561 συντρίψετε
1383 3490 1475 3546 ἀπ’
1503 3489 1680 3544 αὐτῶν
1701 3507 1715 3521 ·

159 3576 222 3631 τὰ
249 3577 301 3631 δὲ
324 3579 763 3650 καταλειπόμενα
801 3580 896 3634 ἀπ’
928 3579 1107 3635 αὐτῶν
1135 3582 1240 3645 ἕως
1274 3581 1418 3652 πρωῒ
1446 3581 1743 3635 κατακαύ-⁴

162 3682 287 3721 σετε.
323 3689 340 3719 ι
376 3672 563 3725 Ἐοικε
604 3671 662 3724 δὲ
702 3670 808 3742 τῷ,
848 3690 868 3724 ‹
911 3672 1128 3726 Ὀστοῦν
1166 3673 1227 3726 οὐ
1269 3674 1586 3743 συντρίψετε
1625 3674 1718 3725 ἀπ’

159 3760 307 3814 αὑτοῦ
339 3761 471 3834 (9.5),
511 3783 531 3817 ι
571 3763 601 3815 ό
635 3765 888 3836 Ἰωάννης
929 3765 988 3818 ὲν
1025 3764 1104 3835 τῷ
1148 3764 1466 3836 Εὐαγγελίῳ
1517 3765 1718 3835 κεχρῆ-

160 3854 291 3920 σθαι,
322 3857 396 3921 ὠς
427 3855 825 3929 ἀναφερομένῳ
854 3857 946 3910 ἐπὶ
973 3856 1071 3926 τὴν
1100 3860 1227 3930 περὶ
1253 3858 1346 3912 τὸν
1379 3859 1607 3930 Σωτῆρα
1639 3860 1717 3911 ol-

160 3948 433 4018 κονομίαν,
485 3949 590 4001 καὶ
637 3948 726 4001 ὅτε
760 3950 818 4001 ἐν
860 3947 938 4019 τῷ
987 3947 1136 4020 νόμῳ
1168 3948 1280 4021 (24)
1317 3949 1624 4004 κελεύονται
1658 3950 1720 4003 τὸ

159 4040 404 4110 πρόϐατον
431 4040 708 4105 ἐσθίοντες
738 4037 927 4094 ὀστοῦν
959 4040 1127 4108 αὐτοῦ⁶
1161 4041 1233 4113 μὴ
1264 4042 1589 4114 συντρίϐειν.
1619 4043 1720 4095 Λέ-

158 4146 233 4197 γει
259 4131 313 4184 δὲ
339 4131 512 4196 οὕτως
538 4149 556 4163 ο
596 4150 616 4182 ι
644 4128 847 4185 Ἦλθον
877 4128 970 4186 οῦν
1010 4135 1060 4186 οἱ
1092 4132 1419 4203 στρατιῶται
1446 4173 1462 4196 ,
1493 4134 1586 4187 καὶ
1624 4134 1717 4187 τοῦ

162 4222 248 4293 μὲν
285 4224 499 4297 πρώτου
543 4223 816 4291 κατέαξαν
854 4225 922 4278 τὰ
962 4225 1148 4297 σκέλη,
1174 4227 1267 4280 καὶ
1300 4225 1393 4279 τοῦ
1438 4225 1596 4281 ἄλλου
1624 4225 1716 4279 τοῦ

160 4316 617 4388 συσταυρωθέντος
647 4315 796 4387 αύτῷ
820 4333 833 4347 ·
878 4318 970 4369 ἐπὶ
1010 4316 1067 4369 δὲ
1094 4316 1184 4369 τὸν
1221 4317 1427 4388 Ἰησοῦν
1455 4316 1715 4383 ἐλθόντες,

159 4404 227 4468 ὡς
268 4403 398 4461 εἶδον
429 4408 533 4480 ἠδη
577 4407 738 4462 αὐτὸν
770 4406 1067 4478 τεθνηκότα
1091 4448 1106 4473 ,
1137 4408 1199 4461 οὐ
1242 4407 1508 4473 κατέαξαν
1555 4410 1717 4463 αὑτοῦ

160 4497 221 4550 τὰ
239 4499 416 4571 σκέλη,
454 4500 573 4554 ἀλλ’
600 4496 682 4563 εἷς
709 4500 817 4553 τῶν
849 4499 1200 4572 στρατιωτῶν
1233 4500 1401 4573 λόγχῃ
1432 4501 1531 4573 τὴν
1564 4499 1720 4554 πλευ-

164 4587 253 4659 ρὰν
284 4590 441 4644 αὑτοῦ
467 4591 646 4656 ἕνυξε.
683 4592 791 4645 Καὶ
832 4592 1051 4664 ἐξῆλθεν
1075 4592 1235 4655 εῦθὺς
1262 4587 1398 4663 αἷμα
1436 4593 1528 4645 καὶ
1553 4591 1718 4665 ὕδωρ.

162 4680 260 4734 Καὶ
298 4683 326 4734 ό
363 4681 627 4753 ἑωρακὼς
684 4683 1073 4755 μεμαρτύρηκε
1095 4723 1109 4747 ,
1146 4685 1239 4737 καὶ
1284 4683 1509 4756 ἀληθινὴ
1554 4684 1718 4738 αὑτοῦ

165 4770 296 4825 ἐστιν
320 4774 353 4844 ἡ
379 4774 676 4846 μαρτυρία.
700 4775 809 4827 Καὶ
837 4778 1042 4838 ἐκεῖνος
1067 4771 1226 4838 οἶδεν,
1251 4776 1332 4829 ὅτι
1352 4776 1523 4847 ἁληθῆ
1551 4776 1717 4846 λέγει,

164 4860 242 4916 ἵνα
268 4864 359 4916 καὶ
388 4864 545 4935 ὑμεῖς
572 4864 883 4935 πιστεύητε.
929 4866 1175 4933 Ἐγένετο
1206 4865 1315 4939 γὰρ
1345 4866 1533 4933 ταῦτα,
1562 4868 1648 4920 ἵνα
1676 4871 1709 4941 ή

162 4952 336 5028 Γραφὴ
357 4957 618 5030 πληρωθῇ
635 4975 648 4987 ·
667 4959 919 5013 Ὀστοῦν
932 4960 1116 5014 αὐτοῦ
1137 4962 1209 5014 οὐ
1224 4961 1669 5029 συντριϐήσετε.
1695 4961 1723 5013 ι’

163 5045 258 5099 Καὶ
280 5047 408 5101 ἄλλα
428 5050 485 5102 δὲ
517 5050 690 5122 μυρία
722 5050 874 5122 παρὰ
900 5050 1074 5108 ταῦτά
1104 5054 1220 5106 ἐστι
1245 5052 1316 5105 τὰ
1340 5052 1474 5124 πρὸς
1497 5053 1594 5123 τὴν
1617 5052 1711 5106 τοῦ

173 5133 476 5193 ’Δποστόλου
522 5139 667 5205 λέξιν
704 5138 1224 5214 ἀναζητηθησόμενα
1244 5183 1260 5208 ,
1304 5142 1399 5197 καὶ
1446 5143 1574 5214 περὶ
1621 5143 1716 5197 τοῦ

1825 1937 2057 2002 Domini,
2088 1945 2144 1991 et
2170 1936 2438 1993 festivitas
2460 1950 2793 2006 azymorum,
2839 1937 3145 1991 accuratius
3170 1935 3386 1990 exami-

1823 2028 2060 2083 nandum
2087 2036 2189 2095 est,
2225 2041 2291 2084 eo
2318 2027 2461 2098 quod
2487 2028 2574 2081 illa
2608 2026 2853 2096 exemplo
2886 2036 2938 2081 et
2963 2027 3169 2082 umbra:
3199 2040 3382 2082 rerum

1823 2117 2293 2190 supercmlestium
2322 2118 2589 2181 serviant,
2619 2131 2716 2172 nec
2746 2126 2953 2171 tantum
2984 2119 3113 2182 cibi,
3144 2126 3199 2171 et
3229 2132 3381 2184 vasa,

1823 2221 1879 2267 et
1926 2208 2225 2274 novilunia,
2281 2215 2337 2263 et
2382 2205 2640 2272 Sabbata,
2696 2207 2792 2262 sed
2844 2207 3006 2262 etiam
3058 2205 3384 2263 festivitates

1820 2299 2028 2354 umbrae
2046 2298 2174 2353 sint
2199 2296 2523 2353 futurorum.
2561 2296 2800 2351 Primum
2831 2297 2994 2367 igitur
3016 2297 3274 2367 Apostoio
3298 2301 3385 2354 di-

1823 2401 2018 2447 cente:
2056 2406 2075 2441 ι
2100 2389 2307 2445 Pascha
2327 2398 2570 2445 nostrum
2598 2388 2909 2444 immolatus
2930 2386 3374 2450 estChristus“,i

1825 2478 1891 2534 de
1938 2478 2088 2533 hisce
2139 2477 2407 2532 dubitabit
2453 2477 2671 2548 aliquis,
2727 2477 2913 2532 dicens
2952 2478 3053 2533 :Si
3086 2480 3204 2534 ovis
3237 2484 3383 2551 apud

1822 2569 2034 2625 Iudaeos
2062 2570 2236 2640 ﬁgura
2263 2578 2379 2623 erat
2412 2569 2794 2626 immolationis
2820 2570 3048 2636 Christi,
3082 2572 3164 2626 vel
3216 2587 3383 2642 opor-

1826 2662 1994 2717 tuisse
2032 2677 2218 2726 unam,
2266 2676 2371 2715 non
2410 2661 2594 2731 plures
2620 2676 2747 2716 oves
2782 2661 3074 2728 immolari,
3121 2665 3384 2733 quemad-

1826 2752 2042 2808 modum
2094 2767 2235 2807 unus
2286 2752 2445 2823 176
2482 2762 2566 2807 est
2612 2751 2880 2819 Christus,
2927 2753 3011 2807 vel
3038 2769 3161 2808 cum
3203 2757 3383 2811 multa:

1826 2845 2241 2901 immolarentur
2286 2860 2435 2910 oves,
2475 2845 2672 2901 multos
2705 2846 2894 2911 etiam,
2940 2857 3000 2900 ut
3047 2848 3118 2901 ita
3166 2847 3378 2919 loquar,

1827 2937 2183 2993 immolandos
2225 2936 2394 2993 fuisse
2430 2937 2679 2993 Christos
2724 2949 3122 3008 consequenter
3172 2942 3380 3012 figurae.

1827 3029 1897 3087 Ut
1948 3044 2129 3085 autem
2192 3030 2297 3086 hoc
2344 3031 2859 3100 praetermittamus,
2907 3036 3252 3104 quaerendum
3298 3046 3384 3091 est

1827 3124 2101 3193 quomodo
2143 3122 2263 3177 ovis
2306 3136 2426 3192 quae
2494 3121 2806 3176 immolatur
2856 3125 3136 3180 contineat
3180 3125 3380 3182 Christi

1823 3216 2133 3285 imaginem,
2170 3229 2291 3269 cum
2321 3216 2436 3269 haec
2472 3215 2693 3285 quidem
2736 3214 3047 3271 immoletur
3081 3217 3150 3273 ab
3190 3219 3256 3274 iis
3289 3221 3382 3289 qui

1820 3317 2042 3362 servant
2099 3305 2293 3375 legem,
2339 3304 2589 3361 Christus
2637 3320 2766 3360 vero
2814 3306 3158 3364 interimatur
3195 3312 3264 3365 ab
3296 3311 3383 3367 his
3438 3308 3443 3315 ’

1820 3400 1910 3469 qui
1935 3414 2052 3454 eam
2104 3401 2600 3470 transgrediuntur.
2650 3400 3031 3470 inquirendum
3086 3411 3171 3458 est
3211 3405 3377 3460 etiam

1821 3491 2086 3560 quomodo
2137 3490 2204 3545 de
2261 3490 2477 3546 Christo
2528 3490 2660 3545 illud
2727 3493 3191 3556 interpretandum
3243 3495 3314 3549 sit
3363 3512 3376 3547 :

1826 3600 1845 3634 ι
1885 3582 2056 3636 Edent
2097 3596 2291 3637 carnes
2339 3582 2441 3637 hac
2488 3591 2645 3637 nocte
2693 3596 2846 3638 assas
2893 3583 3024 3652 igni,
3080 3593 3135 3640 et
3185 3600 3376 3658 azyma

1819 3674 1981 3730 edent
2012 3689 2134 3728 cum
2165 3674 2402 3746 intybis;
2440 3691 2459 3728 ι
2496 3682 2548 3728 et
2580 3674 2750 3730 illud:
2792 3693 2810 3725 ι
2846 3674 2962 3730 Non
2995 3677 3291 3733 comedetis
3311 3694 3381 3735 ex

1819 3766 1898 3823 eis
1933 3771 2179 3834 crudum,
2209 3781 2383 3837 neque
2411 3766 2668 3821 elixatum
2701 3781 2866 3838 aqua,
2895 3769 2987 3824 sed
3017 3777 3225 3825 tantum
3258 3789 3378 3828 assa

1806 3861 1926 3931 igni
1959 3880 1972 3917 :
2007 3868 2166 3929 caput
2187 3873 2310 3913 cum
2341 3858 2584 3928 pedibus,
2607 3865 2661 3911 et
2682 3857 2958 3915 intestinis
2989 3859 3379 3937 {comedetis},

1821 3968 1919 4007 nec
1950 3951 2267 4020 relinquetis
2295 3965 2359 4004 ex
2393 3950 2473 4005 eis
2503 3964 2672 4019 usque
2698 3965 2873 4016 mane,
2905 3960 2960 4007 et
2997 3968 3061 4009 os
3100 3969 3206 4009 non
3235 3972 3381 4011 com-

1821 4042 2078 4097 minuetis
2109 4057 2171 4094 ex
2198 4040 2278 4095 eis
2304 4056 2319 4105 ;
2355 4041 2560 4109 etquae
2583 4054 2649 4093 ex
2671 4041 2750 4095 eis
2778 4041 2992 4097 residua
3018 4055 3178 4098 erunt
3208 4062 3381 4116 usque

1821 4149 1999 4200 mane,
2023 4131 2348 4188 comburetis
2370 4133 2436 4185 ³⁸.
2480 4151 2500 4184 ι
2539 4131 2763 4188 Videtur
2792 4142 2969 4190 autem
3005 4137 3056 4191 in
3087 4138 3382 4210 Evangeiio

1818 4222 2056 4278 Joannes
2088 4223 2134 4254 ³⁸
2160 4222 2236 4276 uti
2278 4222 2382 4277 hoc
2413 4223 2577 4290 dicto,
2621 4242 2640 4275 ‹
2672 4238 2735 4279 os
2763 4240 2867 4281 non
2904 4228 3281 4285 comminuetis
3314 4247 3382 4287 ex

1818 4331 1904 4379 eo,
1937 4334 1959 4362 ι
1994 4313 2217 4383 perinde
2252 4315 2406 4384 quasi
2438 4313 2705 4370 referatur
2740 4317 2806 4371 ad
2851 4321 3210 4375 oeconomiam
3246 4321 3379 4378 Ser-

1822 4406 2043 4472 vatoris,
2069 4418 2123 4460 et
2146 4406 2212 4459 ad
2238 4404 2367 4459 illud
2396 4412 2624 4474 tempus,
2649 4407 2867 4474 quando
2891 4409 2944 4462 in
2962 4409 3095 4479 lege
3117 4410 3379 4479 iubentur

1820 4514 1972 4554 ovem
2008 4499 2352 4556 comedentes
2390 4511 2453 4553 os
2493 4514 2601 4554 non
2661 4505 2960 4554 conterere.
3012 4501 3149 4556 Dicit
3195 4513 3377 4559 autem

1829 4593 1904 4647 sic
1933 4593 1977 4624 ³⁷
2012 4611 2025 4645 :
2054 4608 2074 4642 ι
2106 4589 2383 4645 Venerunt
2424 4602 2553 4657 ergo
2605 4587 2828 4652 milites,
2864 4599 2917 4643 et
2946 4589 3105 4659 primi
3160 4594 3378 4661 quidem

1822 4680 2102 4752 fregerunt
2133 4692 2314 4744 crura,
2355 4685 2410 4733 et
2436 4676 2680 4743 alterius,
2710 4677 2799 4745 qui
2829 4692 2952 4731 cum
2984 4693 3049 4733 eo
3086 4682 3380 4739 crucifixus

1820 4782 1978 4829 erat:
2017 4774 2083 4827 ad
2115 4770 2299 4827 Jesum
2340 4779 2520 4825 autem
2548 4782 2672 4823 cum
2702 4768 3000 4836 venissent,
3028 4779 3088 4824 ut
3126 4770 3382 4829 viderunt

1821 4877 1942 4918 eum
1969 4861 2079 4931 jam
2115 4870 2407 4925 mortuum,
2454 4875 2562 4915 non
2611 4860 2893 4930 fregerunt
2918 4859 3036 4929 ejus
3060 4877 3242 4929 crura,
3282 4867 3378 4921 sed

1805 4969 1959 5007 unus
1987 4953 2213 5006 militum
2250 4952 2438 5008 lancea
2490 4951 2632 5007 latus
2675 4951 2793 5020 ejus
2825 4950 2976 5006 fodit.
3024 4953 3090 5007 Et
3120 4955 3378 5011 writinuo

1822 5044 2025 5099 ellluxit
2051 5044 2270 5115 sanguis
2298 5052 2352 5097 et
2386 5058 2544 5112 aqua.
2602 5043 2667 5098 Et
2697 5042 2790 5114 qui
2816 5044 2971 5109 vidit,
3009 5046 3375 5101 testimonium

1822 5138 2116 5211 perhibuit,
2155 5145 2210 5192 et
2253 5150 2443 5192 verum
2493 5146 2577 5192 est
2620 5137 2986 5193 testimonium
3019 5137 3156 5209 ejus.
3188 5139 3255 5194 Et
3289 5138 3378 5195 ille

229 5316 443 5375 “lCor.
491 5336 546 5385 v,
575 5321 628 5377 8.
705 5323 754 5355 "
783 5322 910 5379 ibid.
959 5324 1010 5378 7.
1089 5323 1348 5380 "r-Exod.
1382 5340 1484 5391 xu,
1518 5323 1554 5379 8
1584 5339 1700 5395 seq.
1776 5324 1823 5357 ³⁸
1837 5322 1993 5380 Joan.
2027 5338 2139 5389 XIX,
2166 5321 2254 5378 56.
2332 5320 2376 5353 ³⁷
2404 5318 2537 5376 ibid.
2570 5317 2642 5373 '52
2666 5327 2720 5373 et
2748 5332 2901 5389 seqq.

210 5499 317 5575 (ξι)
327 5505 555 5575 llas-tog-
568 5504 890 5575 ts.,Videtur
904 5504 1101 5575 legisse
1113 5502 1621 5575 Ferrariusndtvwc
1633 5519 1714 5575 τε.

220 5571 326 5645 (22)
360 5573 741 5645 ξΥπὲρῄμῷν.
793 5571 1056 5631 υεοειἾη
1104 5574 1339 5630 editione
1367 5573 1569 5639 Huetii,
1621 5574 1715 5627 sed

165 5644 332 5694 exst‘at
359 5643 413 5695 in
436 5643 623 5699 codice
649 5644 964 5700 Bodleiano.

230 5709 338 5779 (25)
370 5713 444 5767 Τὰ
457 5712 525 5765 δὲ
550 5715 1021 5783 καταλειπόμενα
1052 5714 1153 5768 ἀπ’
1179 5712 1376 5768 αὐτῶν
1408 5711 1517 5776 ἓως
1542 5710 1710 5783 πρωῒ,

167 5784 783 5839 κατακαύσετε.Ἐοικε
798 5782 981 5850 esto,
1008 5783 1253 5838 Ὀστοῦν
1265 5784 1336 5836 οὐ
1355 5782 1713 5848 συντρίψετε

1823 5484 1924 5558 ἀπ’
1957 5503 2163 5558 αὐτοῦ.
2192 5501 2316 5558 Haec
2343 5502 2720 5558 desiderantur
2754 5502 2806 5555 in
2834 5502 3019 5556 codice
3054 5499 3370 5565 Bodleiano,

1824 5588 1926 5653 nec
1956 5573 2178 5641 proinde
2204 5572 2393 5628 Latine
2425 5587 2578 5627 versa
2619 5580 2744 5627 sunt
2790 5572 2860 5627 ab
2896 5572 3191 5640 interprete
3227 5570 3365 5626 Fer-

1821 5656 2002 5783 1ῗωίὲἲ)
2046 5712 2140 5765 Ἑν
2185 5711 2268 5778 τῷ
2311 5704 2490 5783 νόμῳ.
2546 5710 2835 5783 Ferrarius
2890 5710 3097 5765 videtur
3150 5711 3370 5782 legisse,

1818 5780 1945 5836 ἄνευ
1979 5780 2167 5854 νόμου,
2195 5784 2353 5840 vertit
2380 5780 2523 5839 enim
2556 5801 2576 5835 ι
2602 5783 2718 5839 sine
2746 5782 2865 5850 lege
2895 5799 2913 5833 ι
2945 5796 3043 5851 pro
3071 5799 3090 5835 ι
3110 5783 3164 5838 in
3197 5780 3366 5854 lege.»

2190 5992 2219 6005 ι.
