3766 6142
162 284 254 340 337

1250 287 1604 346 COMMENT.
1649 287 1715 341 IN
1761 286 1955 343 JOAN.
1995 285 2231 343 TOMUS
2265 284 2331 339 Χ.

3289 281 3391 337 338

161 421 261 459 νειν
289 404 358 458 τά
380 405 761 477 γεγραμμένα,
785 407 924 479 ὅπερ
945 406 1186 462 ποιοῦσιν
1210 412 1257 464 οἱ
1291 411 1609 483 κνηθόμενοι
1633 411 1714 482 τὴε

1835 417 1889 464 et
1925 409 2262 465 saevientium
2307 412 2497 462 contra
2549 417 2642 458 eos
2671 401 2761 472 qui
2794 401 2996 458 idcirco
3021 409 3229 456 ratione
3264 417 3390 456 vere

160 496 339 566 ἀκοὴν,
377 497 473 550 καὶ
500 497 611 551 ἀπὸ
641 498 740 568 μὲν
764 497 864 568 τῆς
897 498 1152 569 ἀληθείας
1177 501 1608 574 ἀποστρέφοντες
1633 503 1727 556 αὐ-

159 589 267 658 τὴν,
293 589 389 640 ἐπὶ
416 589 474 641 δὲ
516 588 576 641 τὸ
615 589 898 660 ἀνειμένον
933 591 1026 642 καὶ
1056 590 1410 662 ὑδαρέστερον
1441 593 1542 663 τῆς
1575 592 1728 645 πολι-

161 681 298 743 τείας
343 679 854 750 μεταλαμϐάνοντες
904 681 1005 745 τὰς
1055 683 1176 734 κατ’
1229 684 1428 746 αὐτοὺς
1485 685 1724 753 ἀγωγάς.

171 771 351 842 Ἡμεῖς
393 770 451 823 δὲ
491 771 566 841 τῷ
603 771 776 836 ζέοντι
833 773 1134 841 πνεύματι,
1181 774 1276 827 καὶ
1337 776 1452 838 τοῖς
1515 773 1728 845 διδομέ-

162 880 262 925 νοις
291 861 403 931 (28)
435 863 542 916 ὑπὸ
568 862 702 916 Θεοῦ
729 863 1012 936 διαπύροις
1056 865 1264 934 λόγοις,
1307 866 1525 930 ὁποίους
1570 867 1730 936 Ἱερε-

163 954 280 1025 μίας
315 954 531 1026 είλήφει
577 955 683 1009 ἀπὸ
718 955 810 1009 τοῦ
840 957 1088 1026 λέγοντος
1129 957 1265 1028 πρὸς
1289 959 1482 1012 αὐτόν·
1525 978 1545 1011 ι
1595 959 1727 1013 Ἰδοὺ

161 1045 350 1098 δέδωκα
371 1046 499 1108 τοὺς
519 1045 710 1114 λόγους
743 1063 844 1116 μου
876 1049 956 1110 είς
976 1047 1036 1100 τὸ
1062 1047 1234 1118 στόμα
1260 1065 1352 1101 σου
1378 1047 1508 1119 πῦρ,
1535 1067 1554 1100 ›
1587 1048 1727 1102 ότιτά

161 1136 463 1206 ποιήσωμεν
486 1135 556 1188 τά
584 1136 716 1206 κρέα
753 1134 846 1188 τοῦ
880 1136 1053 1208 ἀμνοῦ
1073 1175 1088 1200 ,
1118 1137 1257 1190 ὥστε
1291 1139 1418 1200 τοὺς
1449 1137 1725 1209 μεταλαμ-

165 1223 407 1286 ϐάνοντας
437 1224 621 1278 αὐτῶν
651 1224 862 1293 λέγειν,
890 1225 1124 1296 Χριστοῦ
1158 1228 1216 1279 ἐν
1245 1229 1374 1297 ἡμῖν
1421 1226 1724 1292 λαλοῦντος,

161 1316 234 1368 ότι
266 1335 282 1366 ι
305 1316 366 1368 Ἦ
390 1315 594 1386 καρδία
614 1315 771 1387 ἡμῶν
802 1318 1062 1388 καιομένη
1085 1314 1152 1388 ἦν
1179 1319 1237 1372 ὲν
1271 1320 1336 1388 τῇ
1361 1318 1485 1387 ὁδῷ,
1515 1318 1591 1381 ὡς
1619 1318 1729 1391 διή-

163 1421 323 1473 νοιγεν
351 1406 481 1474 ἡμῖν
512 1405 614 1469 τὰς
645 1406 886 1477 Ρραφάς.
917 1426 936 1460 ι
963 1408 1024 1460 El
1047 1408 1104 1461 δὲ
1124 1410 1204 1472 είς
1231 1408 1292 1462 τὸ
1311 1408 1547 1462 τοιοῦτον
1580 1410 1724 1480 ἡμᾶς

164 1495 374 1566 ζητῆσαι
403 1497 541 1567 πυρὶ
565 1496 799 1566 ὀπτῆσαι
820 1498 998 1568 δεήσει
1019 1496 1087 1550 τὰ
1112 1497 1205 1550 τοῦ
1231 1498 1340 1570 (29)
1368 1498 1539 1569 ἀμνοῦ
1562 1499 1722 1568 κρέα,

165 1588 477 1658 παραθετέον
508 1588 610 1659 τὴν
638 1587 924 1658 ὁμολογίαν
954 1585 1015 1644 οὗ
1045 1589 1333 1643 ἐπεπόνθει
1374 1591 1467 1643 ἐπὶ
1498 1593 1610 1652 τοῖς
1638 1590 1723 1643 λό-

164 1695 266 1747 γοις
303 1680 390 1732 τοῦ
426 1679 568 1732 Θεοῦ
600 1679 804 1744 πάθους
848 1681 1114 1752 Ἱερεμίας
1147 1681 1352 1750 λέγων·
1392 1701 1410 1734 ι
1450 1683 1558 1735 Καὶ
1600 1682 1722 1751 ἐγέι-

164 1770 360 1834 νετοὼς
389 1769 502 1842 πῦρ
538 1772 857 1841 καιόμενον,
892 1771 1088 1840 φλέγον
1121 1774 1178 1826 ὲν
1212 1775 1322 1836 τοῖς
1350 1772 1559 1836 ὀστέοις
1595 1789 1717 1843 μου,

165 1865 244 1917 καὶ
281 1869 549 1936 παρεῖμαι
595 1864 856 1918 πάντοθεν
879 1904 894 1928 ,
937 1867 1029 1918 καὶ
1068 1866 1128 1919 οὐ
1175 1866 1407 1936 δύναμαι
1455 1866 1659 1937 φέρειν.
1694 1885 1712 1918 ι

174 1956 410 2024 Ἀρκτέον
430 1957 489 2009 δὲ
521 1957 579 2010 ὲν
604 1957 682 2026 τῷ
706 1956 904 2009 ἐσθίειν
928 1957 1035 2010 ἀπὸ
1063 1959 1162 2027 τῆς
1189 1959 1449 2030 κεφαλῆς,
1475 1960 1720 2013 τουτέστι

162 2049 257 2102 τῶν
278 2049 718 2120 κορυφαιοτάτων
742 2049 833 2102 καὶ
863 2047 1104 2119 ἀρχικῶν
1136 2048 1422 2120 δογμάτων
1457 2051 1585 2121 περὶ
1613 2049 1720 2104 τῶν

165 2142 513 2212 ἐπουρανίων·
565 2141 658 2194 καὶ
703 2140 1068 2210 καταληκτέον
1111 2140 1201 2193 ἐπὶ
1246 2142 1372 2204 τοὺς
1408 2142 1606 2206 πόδας,
1655 2143 1721 2195 τὰ

165 2234 342 2302 ἔσχατα
364 2233 470 2286 τῶν
505 2233 842 2304 μαθημάτων
864 2231 932 2285 τά
956 2231 1222 2301 ζητοῦντα
1252 2234 1380 2304 περὶ
1407 2234 1506 2304 τῆς
1536 2235 1719 2288 τελευ-

165 2326 301 2388 ταίας
330 2327 385 2378 ὲν
416 2327 536 2388 τοῖς
561 2319 678 2378 οὖσι
709 2323 952 2393 φύσεως,
996 2325 1116 2394 ἦτοι
1153 2324 1260 2379 τῶν
1291 2325 1653 2396 ύλικωτέρων,
1683 2326 1716 2397 ἢ

164 2416 258 2468 τῶν
291 2413 658 2484 καταχθονίων
677 2453 692 2477 ,
719 2414 751 2484 ἢ
782 2414 889 2467 τῶν
923 2413 1172 2486 πονηρῶν
1225 2413 1548 2484 πνευμάτων
1569 2454 1582 2478 ,
1627 2416 1720 2467 καὶ

167 2507 460 2578 ἀκαθάρτων
489 2506 804 2576 δαιμονίων.
846 2507 902 2559 Ὁ
923 2505 1030 2577 γάρ
1057 2507 1183 2577 περὶ
1211 2506 1389 2559 αὐτῶν
1421 2506 1576 2575 λόγος
1605 2507 1720 2560 ἓτε-

170 2616 247 2668 ρος
285 2597 355 2651 ὣν
386 2597 568 2651 αὐτῶν
593 2637 609 2662 ,
658 2598 1076 2667 ὲναποκείμενος
1108 2600 1218 2660 τοῖς
1257 2598 1575 2669 μυστηρίοις
1621 2600 1720 2670 τῆς

171 2690 365 2761 Γραφῆς
397 2689 622 2743 δύναται
665 2689 1061 2760 τροπικώτερον
1094 2689 1248 2753 πόδες
1280 2689 1594 2760 ὠνομάσθαι
1623 2689 1716 2743 τοῦ

170 2780 337 2849 ἀμνοῦ.
370 2781 477 2834 Kal.
507 2780 623 2833 τῶν
663 2780 942 2834 ἐνδοσθίων
970 2782 1055 2848 δὲ,
1090 2781 1430 2853 ἐσωτερικῶν
1456 2782 1551 2835 καὶ
1587 2783 1719 2836 ἀπο-

171 2867 570 2939 κεκρυμμένων,
603 2869 701 2921 οὐκ
731 2869 1012 2939 ἀφεκτέον.
1067 2871 1153 2935 Ὡς
1195 2872 1274 2925 έν).
1303 2871 1360 2924 δὲ
1402 2871 1613 2942 σώματι
1651 2876 1714 2944 τῇ

171 2959 330 3030 ἁπάσῃ
358 2960 742 3032 προσελθετέον
783 2962 1004 3033 Γραφῇ,
1042 2964 1136 3016 καὶ
1164 2963 1262 3028 τὰς
1295 2966 1352 3017 ἐν
1381 2967 1447 3036 τῇ
1482 2965 1718 3036 ἁρμονίᾳ

170 3048 252 3118 τῆς
292 3050 392 3120 (50)
429 3052 613 3121 πάσης
659 3051 953 3116 συνθέσεως
995 3053 1166 3124 αὐτῆς
1213 3054 1578 3118 εὐτονωτάτας
1623 3056 1717 3109 καὶ
1745 3088 1786 3146 c

174 3142 502 3211 στερροτάτας
553 3143 782 3212 συνοχὰς
827 3144 886 3196 οὐ
936 3146 1329 3216 συντριπτέον,
1374 3147 1497 3200 οὐδὲ
1538 3147 1718 3202 διακο-

173 3229 310 3281 πτέον
332 3269 347 3291 ,
374 3231 507 3302 ὅπερ
540 3234 903 3303 πεποιήκασιν
943 3236 991 3287 οἱ
1022 3234 1118 3304 τὴν
1153 3235 1378 3307 ἑνότητα
1403 3234 1496 3288 τοῦ
1523 3239 1581 3290 ὲν
1614 3238 1719 3291 πά-

174 3333 276 3380 σαις
300 3323 409 3384 ταῖς
430 3321 468 3373 Γ
474 3325 674 3390 ραφαῖς
707 3325 1010 3397 πνεύματος
1038 3326 1098 3379 τὸ
1122 3327 1244 3380 ὅσον
1279 3329 1365 3380 ἐπ’
1395 3327 1574 3392 αὐτοῖς
1597 3345 1718 3381 συν-

171 3408 437 3479 τρίϐοντες.
467 3413 621 3484 Αὕτη
669 3415 964 3488 μέντοιγεή
994 3418 1102 3471 ἀπὸ
1127 3417 1220 3471 τοῦ
1253 3417 1425 3490 ἀμνοῦ
1457 3436 1718 3491 προειρη-

175 3501 288 3572 μένη
322 3505 620 3575 προφητεία
640 3506 736 3578 τὴν
761 3507 928 3562 νύκτα
964 3509 1129 3580 μόνην
1161 3510 1308 3581 ἡμᾶς
1352 3510 1597 3581 τρεφέτω
1621 3509 1714 3563 τοῦ

171 3591 220 3642 ὲν
241 3592 310 3664 τῷ
331 3594 424 3666 βίῳ
449 3597 703 3662 σκότους’
729 3597 802 3663 ὼς
832 3598 938 3671 γὰρ
961 3599 1061 3670 τῆς
1090 3600 1350 3671 ἀνατολῆς
1378 3601 1476 3672 τῆς
1507 3601 1718 3673 ἡμέρας

172 3683 264 3737 τῶν
297 3688 424 3756 μετά
451 3689 540 3742 τὸν
585 3689 696 3759 βίον
729 3689 914 3743 τοῦτον
953 3692 1104 3744 οὐδὲν
1148 3687 1533 3747 καταλειπτέον
1563 3693 1714 3747 ἔσται

172 3776 283 3844 ἡμῖν
318 3780 412 3851 τῆς
461 3782 555 3835 ἐπὶ
597 3781 690 3835 τοῦ
741 3783 1006 3854 παρόντος
1068 3785 1228 3854 μόνου
1275 3784 1544 3858 χρησίμου
1587 3787 1716 3856 ἡμῖν

171 3866 294 3924 οὕτω
331 3873 552 3944 τροφῆς.
603 3875 985 3946 Παρελθούσης
1038 3875 1147 3946 γάρ
1203 3876 1303 3947 τῆς
1351 3877 1576 3941 νυκτὸς,
1623 3881 1715 3933 καὶ

173 3963 474 4037 ἐπελθούσης
512 3968 614 4039 τῆς
659 3970 796 4038 μετά
831 3969 1002 4023 ταῦτα
1039 3969 1272 4040 ἡμέρας,
1313 3967 1404 4021 τὸν
1453 3969 1716 4040 μηδαμῶς

173 4050 263 4103 ἀπὸ
285 4052 381 4106 τῶν
413 4056 780 4128 παλαιοτέρων
812 4063 903 4113 καὶ
932 4059 1227 4129 κατωτέρω
1251 4055 1561 4127 ζυμούντων
1587 4059 1717 4122 ἄζυ-

177 4157 260 4208 μον
289 4143 491 4213 έχοπες
517 4148 683 4219 ἄρτον
712 4150 1014 4220 φαγόμεθα,
1056 4151 1322 4222 χρήσιμον
1357 4150 1488 4219 ἡμῖν
1517 4150 1713 4221 ἐσόμε-

174 4248 266 4296 νον,
289 4235 384 4300 ἓως
412 4237 534 4310 δοθῇ
569 4240 631 4292 τὸ
660 4241 797 4310 μετά
826 4241 918 4293 τὸν
942 4241 1146 4310 ἄζυμον
1177 4242 1286 4310 (⁸51)
1325 4243 1519 4312 μάννα,
1552 4245 1583 4314 ή
1615 4245 1714 4311 ἀγ-

173 4325 339 4397 γελικὴ
384 4330 471 4382 καὶ
522 4329 596 4402 μὴ
645 4331 952 4403 ἀνθρωπίνη
1001 4333 1193 4404 τροφή.
1253 4334 1495 4406 Ἐκάστῳ
1532 4335 1712 4388 τοίνυν

1832 511 2056 556 υιυιιιιιι·
2093 500 2216 570 quia
2251 497 2424 553 velim
2450 493 2749 564 intelligere
2784 493 3111 563 spiritualia,
3157 494 3209 548 id
3243 494 3389 563 quod

1832 593 2044 648 ratione
2069 601 2220 646 caret
2249 591 2486 645 ferarum
2535 587 2829 657 agrestium
2874 586 3243 640 immutantes.
3279 583 3387 639 Sed

1830 687 2219 740 elaborandum
2239 690 2322 738 est
2345 676 2731 736 transmutanti
2754 676 3076 731 cruditatem
3093 673 3388 742 Scriptum

1829 779 1897 834 ad
1925 777 2250 840 coctionem,
2283 787 2349 828 ne
2381 772 2432 826 in
2467 771 2666 842 aliquid
2700 769 2994 834 humidius,
3025 775 3080 822 et
3109 767 3384 836 aquosius,

1829 879 1884 924 et
1934 867 2249 923 dissolutum
2307 872 2629 919 transmutet
2673 877 2735 917 ea
2785 877 2904 931 quae
2959 860 3158 929 scripta
3209 867 3385 914 sunt:

1830 959 1969 1030 quod
1999 957 2207 1012 faciunt
2241 956 2546 1026 prurientes
2577 956 2814 1020 auribus,
2858 961 2912 1008 et
2940 967 2970 1008 a
2999 950 3235 1006 veritate
3259 949 3384 1018 qui-

1829 1053 1948 1107 dem
1976 1064 2070 1106 eas
2096 1049 2484 1115 avertentes",
2511 1049 2576 1105 ad
2607 1047 2891 1102 remissam
2922 1053 3101 1100 autem
3133 1051 3188 1098 et
3212 1041 3391 1097 ﬂacci-

1829 1145 1950 1199 dam
1979 1141 2191 1197 vivendi
2224 1142 2488 1195 rationem
2521 1155 2616 1195 sua
2657 1139 2906 1193 instituta
2940 1141 3383 1190 transmutantes.

1827 1234 1936 1290 Nos
1966 1249 2094 1288 vero
2133 1232 2357 1287 ferventi
2396 1231 2608 1299 spiritu,
2643 1239 2697 1286 et
2736 1227 2920 1299 ignitis
2963 1225 3311 1281 sermonibus
3355 1237 3384 1276 a

1828 1323 1943 1379 Deo
1989 1323 2149 1386 datis,
2204 1321 2390 1390 quales
2439 1320 2702 1376 Jeremias
2745 1327 3052 1386 sumpserat
3085 1315 3153 1369 ab
3195 1328 3260 1367 eo
3293 1314 3385 1382 qui

1826 1415 1925 1470 sibi
1963 1413 2220 1469 dicebat:
2260 1431 2278 1463 ι
2319 1413 2455 1466 Ecce
2493 1426 2592 1481 ego
2640 1411 2759 1466 dedi
2810 1421 3088 1464 sermones
3136 1419 3286 1461 meos
3331 1405 3384 1458 in

1826 1519 1888 1561 os
1919 1514 2066 1560 tuum
2109 1505 2283 1573 ignem
2318 1503 2384 1567 δ’,
2435 1522 2452 1554 ι
2494 1516 2642 1556 assas
2691 1501 2957 1555 faciamus
2989 1497 3111 1567 agni
3149 1511 3378 1561 carnes;

1826 1596 1898 1650 ita
1925 1606 1981 1650 ut
2014 1596 2104 1664 qui
2135 1609 2231 1650 eas
2263 1592 2560 1663 capiemus,
2587 1590 2804 1646 Christo
2835 1589 2887 1642 in
2923 1587 3077 1642 nobis
3107 1587 3380 1654 loquente,

1824 1688 2068 1742 dicamus
2097 1704 2110 1738 :
2141 1705 2159 1738 ι
2203 1684 2393 1740 Nonne
2426 1697 2522 1736 cor
2560 1690 2805 1736 nostrum
2832 1679 3030 1734 ardens
3063 1686 3180 1733 erat
3223 1674 3384 1745 178

1821 1780 2008 1844 invia,
2044 1779 2169 1834 dum
2218 1777 2454 1846 aperiret
2495 1774 2650 1829 nobis
2689 1773 3003 1842 Scripturas
3032 1770 3078 1801 ⁵⁰
3112 1768 3134 1822 ?
3169 1787 3190 1821 ι
3229 1767 3382 1834 Quod

1821 1871 1865 1926 si
1900 1869 1964 1922 ad
1999 1869 2136 1922 hanc
2167 1882 2279 1922 rem
2312 1865 2655 1936 quaerendam
2685 1877 2870 1918 assare
2897 1860 3007 1932 igni
3033 1859 3153 1929 agni
3179 1871 3377 1913 carnes

1821 1975 1957 2030 opus
1991 1960 2119 2026 erit,
2156 1958 2208 2012 in
2235 1957 2469 2012 medium
2501 1953 2832 2009 all'erendum
2862 1960 2947 2006 est
2975 1951 3027 2005 id
3056 1949 3195 2018 quod
3219 1962 3379 2003 occa-

1821 2053 1974 2108 sione
2000 2051 2287 2105 verborum
2333 2047 2427 2102 Dei
2481 2061 2706 2117 passum
2737 2057 2794 2098 se
2829 2043 3031 2098 fatetur
3073 2041 3376 2097 Jeremias:

1825 2162 1847 2195 ι
1877 2143 1942 2196 Et
1969 2141 2144 2196 factus
2173 2149 2256 2196 est
2285 2147 2342 2193 ut
2373 2137 2512 2209 ignis
2540 2135 2889 2198 comburens,
2923 2133 3119 2188 ardens
3154 2133 3205 2186 in
3245 2133 3384 2186 ossi-

1819 2235 1922 2288 bus
1965 2233 2144 2286 meis:
2175 2239 2229 2285 et
2259 2228 2501 2284 resolvor
2545 2225 2807 2297 undique,
2854 2235 2910 2280 et
2951 2223 3223 2280 sustinere
3272 2238 3379 2278 non

1821 2338 2035 2392 possum
2067 2324 2136 2378 ⁸¹.
2165 2340 2185 2374 ι
2226 2321 2591 2390 Incipiendum
2626 2327 2805 2372 autem
2831 2327 2940 2382 est,
2983 2316 3107 2371 dum
3138 2315 3381 2370 comedi-

1820 2430 1960 2481 mus,
1989 2430 2017 2469 a
2046 2414 2244 2484 capite,
2283 2414 2385 2468 hoc
2412 2421 2494 2466 est
2522 2426 2550 2463 a
2573 2410 2842 2478 supremis
2863 2419 2917 2464 et
2941 2410 3215 2479 primariis
3278 2411 3375 2466 do-

1819 2507 2089 2579 gmatibus
2121 2506 2187 2562 de
2213 2505 2372 2560 rebus
2405 2500 2880 2573 supercoelestibus
2907 2520 2921 2568 ;
2948 2513 3003 2556 et
3028 2501 3377 2557 desinendum

1820 2600 1876 2655 in
1924 2599 2110 2668 pedes,
2156 2597 2412 2652 nimirum
2466 2595 2518 2649 in
2563 2594 2785 2650 ultimas
2829 2593 3180 2662 disciplinas,
3232 2608 3379 2662 qua:—

1820 2699 2001 2745 renles
2041 2689 2107 2742 de
2140 2687 2330 2744 ultima
2384 2695 2571 2740 natura
2621 2684 2675 2738 in
2718 2683 2957 2749 entibus,
2993 2682 3076 2736 vel
3112 2683 3178 2737 de
3219 2683 3382 2738 rebus

1819 2776 2209 2842 materialibus,
2242 2775 2325 2830 vel
2363 2774 2730 2839 terrestribus,
2763 2774 2852 2828 vel
2893 2773 3048 2827 malis
3087 2772 3375 2841 spiritibus

1819 2878 1874 2924 et
1909 2869 2134 2938 impuris
2162 2866 2510 2922 daemonibus.
2561 2865 2696 2919 Nam
2740 2865 2855 2920 ﬁeri
2904 2872 3076 2936 potest
3110 2873 3167 2918 ut
3193 2879 3377 2918 sermo

1821 2956 1887 3012 de
1916 2957 2068 3026 ipsis,
2099 2957 2344 3012 diversus
2373 2956 2648 3011 exsistens
2680 2956 2746 3011 ab
2784 2955 2894 3011 illis
2922 2955 3264 3021 sublimibus,
3291 2970 3379 3008 re-

1821 3049 2069 3104 conditus
2097 3049 2150 3103 in
2176 3048 2448 3119 mysteriis
2471 3047 2794 3119 Scriptura,
2823 3050 2991 3119 pedes
3015 3050 3140 3119 agni
3173 3050 3376 3119 tropice

1821 3143 2132 3197 nominatus
2168 3142 2260 3196 sit.
2303 3141 2442 3208 Quin
2473 3141 2540 3196 ab
2569 3141 2861 3207 intestinis,
2905 3151 2961 3196 et
3001 3142 3374 3210 interioribus,

1819 3241 1873 3287 et
1915 3231 2180 3286 abstrusis
2208 3246 2313 3286 non
2349 3230 2710 3285 recedendum
2751 3239 2870 3296 est;
2905 3232 3000 3286 sed
3031 3231 3097 3284 ad
3131 3231 3376 3302 Scriptu-

1819 3337 1936 3376 ram
1963 3332 2129 3376 totam
2159 3323 2382 3392 perinde
2410 3332 2576 3390 atque
2616 3321 2684 3376 ad
2729 3337 2897 3377 unum
2929 3337 3124 3392 corpus
3151 3327 3378 3380 acceda-

1820 3429 1940 3470 mus
1961 3423 2195 3484 oportet,
2225 3429 2322 3468 nec
2341 3413 2737 3470 ‘collacerandze
2757 3414 3229 3486 discitrdendaeque
3251 3429 3378 3472 sunt

1819 3517 1932 3563 tum
1962 3506 2438 3574 constantissimae,
2480 3517 2592 3563 tum
2628 3505 2940 3562 fortissimae
2973 3509 3266 3564 harmoniae
3297 3519 3376 3565 to-

1820 3600 1928 3655 tius
1981 3599 2390 3669 compositionis
2435 3601 2604 3670 ipsius
2645 3618 2659 3657 :
2695 3601 2745 3654 id
2781 3601 2922 3670 quod
2965 3601 3212 3656 fecerunt
3257 3603 3368 3671 qui,

1817 3698 2078 3759 quantum
2133 3688 2183 3742 in
2237 3688 2368 3757 ipsis
2400 3697 2502 3753 est,
2560 3687 2720 3744 unius
2767 3687 3026 3742 unitatem
3058 3687 3368 3756 Spiritus-in

1817 3783 2071 3846 omnibus
2126 3779 2424 3851 Scripturis
2495 3780 2841 3835 exsistentcm
2897 3780 3247 3837 collacerant.
3309 3781 3373 3833 Et

1817 3888 1949 3929 sane
2006 3875 2120 3928 haec
2165 3875 2425 3942 pratdicta
2472 3887 2538 3928 ex
2583 3885 2722 3941 agno
2765 3873 3068 3942 prophetia,
3109 3887 3214 3927 una
3259 3873 3370 3926 snt:

1819 3973 1983 4019 nocte
2014 3964 2380 4030 tenebrarum,
2414 3977 2533 4033 qua:
2579 3971 2706 4018 sunt
2746 3963 2800 4018 in
2827 3964 3080 4033 praesenti
3108 3964 3238 4029 vita,
3275 3980 3374 4018 nos

1817 4055 2061 4118 nutriat;
2096 4061 2348 4123 tanquam
2399 4054 2543 4108 enim
2585 4055 2864 4110 exoriente
2907 4054 2992 4110 die
3033 4069 3214 4109 rerum
3254 4063 3373 4122 post

1814 4156 2134 4214 praesentem
2162 4145 2331 4198 vitam
2364 4143 2688 4212 futurarum,
2711 4146 2792 4202 sic
2816 4162 2916 4202 nos
2943 4146 3076 4201 nihil
3108 4147 3371 4216 reliquum

1815 4235 1993 4291 facere
2025 4236 2282 4292 debemus
2310 4237 2376 4292 de
2406 4239 2530 4294 cibo
2566 4239 2738 4297 solum
2780 4239 2935 4295 nobis
2978 4240 3030 4294 in
3082 4239 3370 4308 praesentia

1817 4328 1954 4382 utili.
1985 4328 2119 4383 Cum
2165 4328 2311 4383 enim
2359 4345 2463 4384 nox
2492 4331 2839 4398 praterierit,
2890 4347 2955 4387 ac
2995 4332 3372 4400 supervenerit

176 4414 311 4483 ἡμῶν
349 4417 549 4473 θυέσθω
598 4420 659 4472 τὸ
700 4421 966 4492 πρόϐατον
1014 4423 1071 4475 ὲν
1117 4426 1276 4475 παντὶ
1308 4422 1440 4494 οἴκῳ
1483 4427 1712 4495 πατριᾶς

1821 4430 2005 4492 postea
2058 4420 2196 4485 dies,
2246 4435 2500 4492 azymum
2551 4423 2811 4478 habentes
2834 4423 3266 4493 ,haudquaquam
3305 4438 3372 4477 ex

175 4507 328 4576 ἡμῶν,
360 4514 448 4566 καὶ
478 4513 697 4569 δυνατὸν
724 4515 862 4568 έστω
886 4515 1032 4568 τόνδε
1067 4515 1169 4584 μέν
1208 4532 1328 4568 τινα
1355 4520 1709 4588 παρανομεῖν,

180 4598 243 4668 μὴ
262 4600 440 4658 θύοντα
460 4605 520 4658 τὸ
549 4606 814 4677 πρόϐατον
842 4647 855 4665 .
883 4607 975 4659 τὸν
1010 4607 1066 4659 δὲ
1095 4608 1274 4660 πᾶσαν
1300 4608 1584 4676 φυλάττειν
1608 4610 1709 4680 τὴν

176 4689 366 4763 ἐντολὴν
387 4693 596 4762 θύοντα,
633 4699 723 4751 κοιλ¹
750 4698 1090 4769 περιέψοντα,
1115 4702 1208 4753 καὶ
1235 4701 1417 4754 ὀστέον
1440 4702 1602 4756 αὑτοῦ
1632 4703 1707 4774 μὴ

180 4784 517 4852 συντρίϐοντα.
563 4790 672 4842 Καὶ
699 4789 867 4853 οὕτως
908 4792 966 4843 ὲν
1010 4791 1233 4861 βραχέσι
1287 4793 1586 4863 συμφώνως
1637 4799 1702 4867 τῇ

179 4869 471 4946 ἀποστολικῇ
519 4879 709 4949 ἐκδοχῇ
744 4879 833 4931 καὶ
876 4877 956 4947 τῷ
997 4880 1056 4933 ὲν
1094 4879 1170 4949 τῷ
1206 4881 1521 4952 Εὐαγγελίῳ
1551 4883 1706 4954 ἀμνῷ

179 4961 474 5020 ἀποδιδόσθω
504 4968 611 5039 (52)
660 4969 718 5022 τὸ
755 4969 910 5024 τυθὲν
959 4971 1150 5040 Πάσχα
1193 4972 1444 5042 Χριστός.
1479 4974 1552 5027 Οὐ
1600 4975 1707 5046 γὰρ

181 5056 425 5122 νομιστέον
452 5058 518 5111 τὰ
538 5060 780 5130 ἱστορικά
808 5061 1092 5133 ἱστορικῶν
1118 5060 1254 5116 εἶναι
1283 5064 1504 5131 τύπους,
1530 5067 1620 5119 καὶ
1640 5068 1708 5121 τά

185 5150 436 5214 σωματικά
469 5152 809 5222 σωματικῶν,
840 5154 974 5208 ἀλλά
998 5155 1065 5208 τὰ
1095 5156 1381 5225 σωματικά
1423 5174 1713 5229 πνευματι-

183 5234 306 5298 κῶν,
336 5241 422 5293 ml
463 5242 529 5295 τά
579 5245 824 5314 ἱστορικά
857 5246 1082 5318 νοητῶν.
1130 5247 1414 5318 Ἀναϐῆναι
1451 5246 1528 5318 τῷ
1570 5247 1709 5321 λόγῳ

1811 4515 2108 4579 veteribus,
2137 4523 2193 4569 et
2221 4529 2286 4570 ex
2317 4514 2400 4568 his
2426 4514 2518 4584 qui
2552 4513 2762 4570 inferne
2793 4515 3138 4579 fermentant,
3176 4532 3371 4585 panem

1809 4608 2141 4664 comedimus
2185 4607 2340 4662 nobis
2369 4622 2606 4676 eousque
2645 4607 3010 4676 profuturum,
3044 4611 3217 4666 donec
3253 4620 3374 4679 po.~t

1809 4717 2057 4774 azymqu
2089 4698 2248 4755 fuerit
2288 4699 2442 4755 nobis
2468 4699 2650 4754 datum
2686 4715 2898 4764 manna,
2939 4702 3043 4756 hoc
3083 4711 3167 4756 est
3208 4719 3372 4773 ange-

1812 4794 1950 4850 licus
1976 4792 2066 4846 ille
2097 4797 2153 4847 et
2183 4806 2290 4847 non
2322 4791 2589 4846 humanus
2614 4789 2784 4846 cibus.
2819 4791 2901 4846 Ab
2925 4807 3246 4863 unoquoque
3277 4796 3372 4862 ξεί.

1815 4896 1901 4941 tur
1929 4894 2175 4940 nostrum
2204 4884 2508 4939 immoletur
2531 4887 2650 4940 ovis
2689 4888 2744 4941 in
2773 4885 2920 4940 omni
2961 4885 3120 4940 domo
3152 4885 3369 4944 familia:

1815 4989 2035 5034 nostra}.
2070 4978 2255 5034 Facile
2276 4978 2439 5032 etiam
2473 4975 2613 5031 factu
2643 4977 2734 5042 sit,
2760 4986 2816 5031 ut
2843 4977 3037 5047 aliquis
3068 4989 3368 5048 transgres-

1815 5084 1907 5123 sor
1955 5069 2027 5124 sit
2065 5068 2223 5138 legis,
2267 5081 2373 5122 non
2411 5075 2655 5122 mactans
2691 5081 2868 5135 ovem,
2902 5069 3008 5124 alio
3055 5071 3362 5125 universum

1815 5172 2068 5217 servante
2119 5160 2454 5226 mandatum,
2498 5169 2771 5218 mactante
2801 5169 2856 5216 et
2901 5171 3193 5230 coquente,
3222 5171 3277 5217 et
3305 5178 3366 5216 os

1814 5252 1934 5321 eius
1969 5268 2074 5307 non
2109 5252 2500 5322 confringente.
2531 5253 2597 5308 Et
2619 5251 2719 5314 sic,
2749 5261 2808 5306 ut
2835 5267 2997 5322 quam
3047 5252 3364 5308 brevissime

274 5330 366 5386 “ll
388 5334 518 5390 Tim.
548 5353 620 5401 tv,
646 5339 701 5404 '5,
731 5340 782 5394 4.
861 5339 906 5372 ‘9
936 5338 1208 5409 Jerem.v,
1228 5342 1318 5396 M.
1390 5343 1434 5375 ⁸ο
1457 5342 1587 5398 Luc.
1627 5361 1770 5414 xxrv,
1801 5349 1890 5404 32.
1966 5351 2010 5382 ’ί
2038 5348 2240 5407 Jerem.
2268 5365 2358 5416 xx,
2399 5350 2452 5406 9.

248 5423 543 5507 (ﬁglgodex
569 5431 789 5507 lieg‘itts,
825 5435 945 5507 κατ’
975 5434 1136 5487 αὑτοῦ
1160 5433 1467 5507 ἀναγωγάς.
1514 5435 1703 5507 Ἡμεῖς

186 5491 958 5616 ᾗὶηιξέοζιέονῐειτοῖςδιδομένοιτ
1012 5515 1153 5570 etc.;
1194 5491 1517 5562 Bollleiauus
1548 5491 1607 5561 ut
1645 5491 1698 5560 iu

253 5579 274 5612 5
396 5581 452 5618 ex
483 5586 533 5622 ΙΙ.

253 5631 350 5707 (ε’-εξ)
379 5634 464 5707 8ᾼό
493 5639 644 5692 habet.
680 5643 846 5696 codex
882 5644 1222 5707 Bodleianus,
1251 5644 1388 5696 male
1427 5659 1555 5697 vero
1601 5660 1694 5696 co-

195 5697 284 5751 dex
311 5700 361 5753 [in
380 5705 505 5772 gius,
533 5710 620 5774 Εἰς
640 5711 692 5766 δὲ
715 5712 772 5764 τὸ
804 5713 1038 5766 τοιοῦτον
1071 5697 1324 5784 ζητῆσαι,
1355 5715 1486 5784 πυρὶ
1531 5714 1698 5783 ὀπτῆ-

1812 5459 1898 5496 σαι
1925 5444 1981 5496 δὲ
2013 5443 2128 5508 ἄξει
2147 5443 2214 5496 τὰ
2239 5443 2355 5506 τοῦ,
2394 5452 2500 5498 etc.

1878 5511 1988 5583 (50)
2018 5515 2196 5567 (Iudex
2241 5513 2580 5583 Bodleianus,
2613 5513 2711 5576 τάς
2739 5513 3001 5583 ἁρμονίας
3028 5511 3129 5582 τῆς

1877 5582 1986 5652 (5i)
2016 5584 2196 5652 Codex
2226 5582 2576 5652 Bodleianus,
2611 5584 2674 5636 τὸ
2699 5582 2840 5636 κατὰ
2871 5583 2932 5635 τὸ
2962 5583 3196 5652 ἄζυμον.

1875 5651 1984 5720 (52)
2014 5651 2153 5707 idem
2187 5655 2352 5708 codex
2387 5651 2730 5716 Bodleianus,
2759 5651 3126 5707 ἀποδίδοσθαι.
