3766 6142
326 246 432 303 359

1813 239 2135 298 ORIGENIS

3480 248 3591 307 540

333 368 534 427 dicam,
565 374 806 417 consone
830 357 1140 431 apostolicae
1178 358 1545 428 intelligentia:
1576 368 1629 414 et
1660 372 1895 427 evange-

2021 358 2095 412 ιαὶ
2142 358 2236 411 ἐπὶ
2270 358 2331 412 τὸ
2362 358 2544 431 τρίτον
2584 358 2775 430 Πάσχα
2809 359 3354 435 ἐπιτελεσθησόμενον
3389 366 3452 418 ἐν
3488 383 3592 437 μυ-

333 461 440 516 lico
472 459 953 529 agnodesignetur
972 455 1220 512 Christus
1254 469 1377 510 esse
1426 454 1761 508 immolatum
1797 452 1901 507 Pa-

333 553 489 607 scha.
539 549 727 620 Neque
765 548 910 604 enim
943 548 1366 603 existimandum
1400 554 1486 601 est
1522 545 1779 601 historica
1812 545 1900 598 hi-

329 641 802 697 smricorumresse
821 638 1043 708 ﬁguras,
1073 647 1131 692 et
1162 634 1463 704 corporalia
1494 633 1854 704 corporalium
1879 649 1895 688 :

330 732 428 786 sed
453 730 758 800 corporalia
784 727 1170 799 spiritualium,
1199 735 1255 781 et
1290 727 1545 782 historica
1574 740 1755 780 rerum
1779 739 1899 793 quae

2007 453 2182 524 ριάσιν
2206 451 2473 522 ἀγγέλων,
2496 454 2799 525 πανηγύρει
2826 454 3251 528 ἐπιτελειοτάτῃ,
3279 459 3376 511 καὶ
3410 475 3594 529 μακα-

2004 542 2240 615 ριωτάτη
2273 542 2437 613 ἐξόδῳ
2465 542 2559 598 νῦν
2590 545 2690 597 οὐκ
2721 543 2865 599 ἔστιν
2893 546 3207 616 ἀναγκαῖον,
3245 549 3339 602 καὶ
3375 550 3589 603 τούτων

1994 634 2278 687 νέπιπλεῖον
2312 634 2406 688 καὶ
2439 636 2847 708 περισσότερον,
2882 641 3016 710 παρ’
3051 638 3080 692 δ
3126 639 3325 712 ἀπῄτει
3360 640 3431 695 τὸ
3456 644 3592 696 ἀνά-

2000 743 2249 798 γνωσμα,
2278 727 2585 798 εἰρημένων
2618 729 2770 800 ἡμῖν.

326 836 507 883 mente
530 827 919 898 percipiuntur.
950 823 1230 879 Rationem
1248 832 1428 897 autem
1453 830 1692 878 nostram
1716 820 1884 876 etiam
1918 821 1984 877 ad
2004 824 2215 878 tertium
2241 823 2403 894 179
2415 824 2644 893 Pascha,
2674 827 2818 895 quod
2839 827 2891 882 in
2913 827 3395 884 innumerabilium
3424 844 3592 900 ange-

328 924 504 977 lorum
562 920 870 989 frequentia
910 926 965 973 et
1013 916 1380 984 multitudine,
1417 916 1470 972 in
1526 914 1923 987 perfectissimo
1954 914 2382 992 beatissimoque
2418 924 2565 978 exitu
2615 921 3008 993 perliciendum
3057 935 3163 992 est,
3214 928 3407 983 venire
3445 939 3592 982 nunc

326 1028 436 1069 non
484 1023 568 1068 est
611 1025 853 1076 necesse,
886 1024 1008 1064 cum
1058 1009 1176 1063 haec
1223 1017 1280 1063 et
1323 1008 1485 1064 latius
1521 1019 1576 1064 et
1614 1005 1887 1077 copiosius
1911 1021 2074 1078 quam
2099 1009 2266 1066 lectio
2295 1013 2479 1083 exigat
2511 1013 2988 1083 disputaverimus.

401 1102 695 1160 M.Verum
715 1118 818 1156 non
842 1100 1335 1171 impervestigatum
1358 1100 1640 1154 sinendum
1662 1108 1743 1153 est
1761 1111 1898 1166 quo-

328 1192 490 1246 modo
519 1190 573 1244 in
605 1189 904 1260 propinquo
952 1196 1072 1242 erat
1115 1187 1320 1243 Pascha
1360 1186 1692 1252 Iudaeorum,
1720 1202 1898 1257 quan-

330 1283 398 1337 do
431 1291 549 1334 erat
580 1279 834 1341 Dominus
867 1279 1028 1333 simul
1062 1293 1185 1334 cum
1214 1287 1409 1342 matre,
1439 1289 1496 1332 et
1518 1276 1802 1340 fratribus,
1839 1283 1896 1331 et

330 1372 606 1443 discipulis
630 1373 680 1425 in
721 1370 1041 1441 Capharnao
1068 1371 1136 1424 δ’.
1174 1370 1352 1439 Atque
1379 1372 1431 1424 in
1464 1368 1751 1439 Evangelio
1774 1368 1897 1439 qui-

331 1469 451 1521 dem
501 1465 795 1520 secundum
859 1462 1168 1517 Matthwum
1216 1461 1262 1492 ⁵³
1294 1461 1553 1516 dimissus
1588 1477 1616 1515 a
1658 1461 1896 1529 diabolo,

330 1574 452 1613 cum
483 1556 829 1613 advenissent
863 1555 1342 1622 ministrarentque
1374 1552 1450 1606 illi
1482 1552 1683 1623 angeli,
1717 1554 1901 1610 audis-

2012 1138 2017 1141 -
2071 1100 2158 1156 14.
2200 1104 2314 1156 Οὐκ
2347 1103 2614 1176 ἀζήτητον
2657 1102 2715 1156 δὲ
2759 1103 2882 1156 οὐδὲ
2920 1105 3104 1160 ἐατέον
3150 1106 3268 1170 πῶς
3317 1108 3493 1176 ἐγγὺς
3519 1101 3589 1180 ἦν

1998 1193 2059 1247 τὸ
2102 1193 2294 1266 Πάσχα
2345 1194 2453 1249 τῶν
2497 1195 2784 1260 Ἰουδαίων,
2817 1195 2909 1248 ὅτε
2947 1191 3016 1267 ῆν
3051 1200 3080 1251 ό
3111 1197 3319 1270 Κύριος
3354 1198 3480 1269 ἅμα
3515 1200 3583 1271 τῇ

2002 1287 2190 1357 μητρὶ,
2235 1286 2327 1339 καὶ
2360 1289 2476 1351 τοῖς
2513 1286 2779 1356 ἀδελφοῖς.
2834 1288 2928 1341 καὶ
2966 1290 3080 1352 τοῖς
3112 1288 3389 1361 μαθηταῖς
3424 1293 3484 1343 ἐν
3517 1292 3583 1363 τῇ

2005 1374 2404 1448 Καφαρναούμ.
2435 1377 2525 1431 Ἐν
2548 1376 2648 1449 μὲν
2674 1374 2768 1433 οὖν
2792 1379 2869 1451 τῷ
2891 1380 3030 1435 κατὰ
3057 1379 3334 1434 Ματθαῖον
3358 1378 3587 1448 ἀφεθεὶς

2005 1469 2116 1524 ἀπὸ
2162 1468 2255 1523 τοῦ
2296 1468 2564 1534 διαϐόλου,
2599 1469 2709 1523 τῶν
2750 1470 2998 1537 ἀγγέλων
3036 1469 3449 1541 προσελθόντων
3494 1468 3589 1520 καὶ

2006 1561 2394 1616 διακονούντων
2418 1561 2586 1633 αὐτῷ,
2618 1562 2857 1627 ἀκούσας
2885 1564 3139 1634 Ἰωάννην
3162 1562 3587 1635 παραδεδόσθαι,

330 1659 520 1718 setque
551 1646 813 1703 Joannem
866 1647 1120 1699 traditum
1169 1644 1360 1711 fuisse,
1399 1645 1627 1699 secessit
1672 1644 1725 1698 in
1752 1644 1897 1700 Gali-

2021 1654 2356 1725 ἂνεχώρησεν
2401 1656 2482 1718 εἰς
2512 1655 2611 1725 τὴν
2655 1654 2965 1720 Γαλιλαίαν,
3000 1657 3094 1709 καὶ
3138 1654 3462 1709 καταλιπὼν
3492 1654 3591 1734 τὴν

332 1742 506 1807 latam,
539 1749 596 1796 et
628 1739 814 1796 relicta
848 1736 1056 1794 Nazara
1089 1736 1366 1806 profectus
1405 1738 1669 1794 habitavit
1712 1738 1767 1793 in
1794 1737 1900 1793 Ca-

334 1832 596 1900 pharnao.
650 1829 854 1887 Deinde
902 1843 1025 1883 cum
1075 1827 1366 1897 incepisset
1416 1827 1900 1897 praedicationem,

333 1923 688 1994 elegissetque
731 1929 967 1990 quatuor
1014 1918 1310 1989 piscatores
1344 1918 1643 1986 apostolos,
1685 1917 1903 1973 docuis-

334 2022 524 2083 setque
576 2013 630 2066 in
683 2011 971 2082 synagogis
1022 2010 1186 2065 totius
1222 2009 1499 2074 Galilaeaa,
1548 2018 1904 2078 sanassetque

335 2104 438 2160 sibi
478 2103 697 2171 allatos,
737 2105 791 2158 in
828 2113 1063 2158 montem
1097 2102 1364 2167 ascendit,
1399 2102 1637 2172 dicitque
1669 2101 1905 2156 beatitu-

335 2196 491 2250 dines
524 2205 573 2249 et
603 2209 722 2264 quae
763 2195 850 2249 his
884 2206 1011 2249 sunt
1037 2194 1283 2264 proxima
1318 2193 1384 2248 “.
1415 2192 1548 2248 Cum
1586 2208 1714 2249 vero
1749 2191 1904 2246 linis-

336 2294 422 2341 set
452 2285 597 2340 illam
629 2285 931 2341 doctrinam
966 2286 1443 2356 descendissetque
1470 2284 1538 2341 de
1579 2293 1781 2351 monte,
1812 2283 1905 2338 de-

336 2394 445 2434 nuo
471 2378 850 2447 Capharnaum
879 2378 1203 2448 ingreditur,
1235 2379 1466 2449 indeque
1497 2378 1777 2448 ingressus
1809 2389 1906 2429 na-

336 2472 467 2534 vim,
501 2473 698 2526 transit
727 2472 793 2526 ad
822 2471 1000 2527 locum
1032 2469 1493 2544 Gergesenorum,
1527 2485 1555 2524 e
1580 2483 1810 2539 quorum
1842 2467 1905 2521 ii-

339 2565 499 2619 nibus
527 2572 741 2634 rogatus
779 2564 1057 2623 discedere
1077 2566 1147 2633 '5,
1180 2580 1301 2619 cum
1338 2563 1516 2619 navim
1556 2561 1906 2619 conscendis-

337 2666 442 2723 set,
478 2656 710 2725 trajecit,
738 2667 795 2712 et
822 2659 974 2713 venit
1014 2659 1067 2713 in
1099 2660 1374 2714 civitatem
1418 2674 1569 2715 suam
1604 2698 1619 2723 ,
1653 2658 1743 2715 ubi
1789 2659 1907 2727 qui-

340 2749 566 2804 busdam
587 2749 820 2803 sanitate
849 2749 1051 2805 reddita
1075 2751 1399 2805 circumibat
1420 2750 1670 2805 civitates
1692 2763 1904 2818 omnes,

336 2852 394 2900 et
440 2840 630 2907 vicos,
657 2839 859 2894 docens
898 2840 953 2895 in
1005 2842 1292 2912 synagogis
1339 2856 1531 2896 eorum
1573 2840 1642 2896 ".
1681 2840 1908 2912 Aliaque

339 2933 735 3005 quamplurima
786 2942 972 3003 postea
1006 2934 1158 3001 liunt,
1189 2945 1477 3004 antequam
1522 2936 1737 2991 adnotet
1774 2936 1908 2991 Mat-

341 3027 513 3083 thmus
549 3026 832 3082 Paschatis
872 3037 1086 3096 tempus
1122 3026 1191 3080 ⁸⁷.
1224 3026 1363 3093 Quin
1394 3029 1558 3083 etiam
1601 3030 1739 3099 apud
1771 3029 1908 3085 alios
1935 3007 1977 3066 (ἶ

339 3118 725 3189 evangelistas.
747 3131 1033 3190 pOStquam
1056 3118 1361 3174 diversatus
1384 3119 1574 3175 fuisset
1591 3121 1645 3175 in
1669 3119 1909 3191 Caphar-

342 3226 449 3266 κιαι.)
475 3209 736 3266 Dominus
758 3252 774 3277 ,
824 3227 932 3267 non
968 3211 1244 3267 invenitur
1271 3213 1414 3282 quod
1445 3213 1658 3268 dicatur
1703 3212 1909 3268 Pascha

340 3316 462 3357 esse
497 3301 551 3357 in
600 3304 939 3375 propinquo:
972 3318 1202 3373 quorum
1230 3304 1516 3359 consilium
1547 3319 1769 3361 servare
1814 3321 1910 3377 po-

345 3396 473 3451 terit
502 3396 594 3466 qui
635 3397 889 3469 cogitarit
922 3411 1042 3467 qua;
1072 3397 1125 3451 in
1160 3397 1533 3467 superioribus
1564 3399 1630 3452 de
1662 3398 1912 3468 Caphar-

344 3503 450 3544 nao
494 3489 930 3545 disseruerimus.
969 3488 1334 3544 Commoratio
1365 3488 1474 3554 illa,
1524 3504 1647 3544 cum
1698 3487 1911 3544 Iudaeo-

344 3596 463 3637 rum
497 3580 701 3639 Pascha
748 3583 1001 3647 instaret,
1030 3579 1214 3652 paulo'
1262 3579 1452 3635 melior
1495 3581 1596 3636 hoc
1625 3581 1741 3651 ipso
1771 3580 1907 3635 iacta

344 3677 465 3741 fuit,
503 3691 677 3746 eoque
721 3676 1083 3746 praestantior,
1133 3673 1366 3729 maxime
1415 3673 1669 3743 quoniam
1723 3674 1775 3727 in
1810 3672 1911 3727 Pa-

340 3767 528 3821 schate
551 3764 858 3820 Judaaorum
909 3765 1258 3820 inveniuntur
1286 3763 1340 3819 in
1382 3763 1585 3833 templo
1611 3765 1910 3819 vendentes

344 3856 529 3923 boves,
581 3865 640 3912 et
685 3870 833 3921 oves,
869 3863 927 3910 et
972 3855 1285 3921 columbas;
1335 3863 1552 3924 propter
1578 3869 1698 3922 qua:
1744 3852 1909 3908 etiam

345 3962 448 4002 non
490 3947 728 4012 additur,
777 3946 1012 4014 Domini,
1047 3948 1141 4002 sed
1174 3945 1489 4000 Judworum
1532 3960 1653 4000 esse
1681 3944 1906 4000 Pascha.

350 4038 420 4094 Ut
463 4039 607 4094 enim
641 4039 832 4094 domus
863 4036 1041 4094 Patris
1096 4038 1237 4093 facta
1271 4046 1353 4094 est
1403 4040 1593 4093 domus
1639 4046 1911 4094 mercatus

346 4131 485 4199 apud
516 4146 634 4196 eos,
674 4126 775 4200 qui
797 4131 968 4199 ipsam
1005 4147 1109 4186 non
1160 4129 1602 4195 sanctiﬁcahant;
1633 4130 1713 4185 sic
1745 4132 1910 4185 etiam

349 4223 553 4279 Pascha
580 4222 798 4278 Domini
832 4223 1036 4278 factum
1065 4232 1148 4277 est
1187 4223 1510 4290 humanum,
1541 4232 1596 4278 et
1623 4221 1909 4278 Judaicum
1936 4248 1941 4251 -

343 4316 555 4371 Pascha
606 4316 748 4388 apud
784 4330 878 4372 eos
907 4317 998 4387 qui
1035 4314 1163 4369 illud
1198 4314 1461 4385 abjectius
1497 4325 1551 4370 et
1577 4316 1910 4387 corporalius

344 4410 628 4479 elegerint.
673 4409 938 4466 Cancrum
971 4407 1105 4463 alias
1140 4407 1477 4463 commodius
1503 4408 1687 4463 videre
1715 4410 1819 4464 erit
1853 4417 1906 4462 ct

345 4519 465 4572 quae
490 4503 557 4556 ad
585 4501 867 4558 Paschalis
893 4511 1102 4572 tempus
1129 4500 1420 4570 pertinent,
1450 4500 1592 4568 quod
1617 4501 1767 4555 circa
1790 4516 1911 4556 ver-

349 4610 474 4649 num
505 4594 889 4665 aequinoctium
916 4594 1203 4664 contingit,
1235 4602 1288 4648 et
1326 4592 1370 4647 si
1403 4594 1532 4662 quid
1565 4592 1710 4647 aliud
1765 4608 1913 4664 qua:-

345 4688 454 4741 stio
479 4702 584 4756 qua
613 4687 679 4741 de
712 4688 890 4757 agitur
927 4685 1163 4756 postulat
1191 4684 1590 4755 expoliendum.
1624 4683 1768 4740 Sane
1814 4686 1915 4742 He-

348 4779 587 4843 racleon,
626 4797 644 4831 ι
677 4778 800 4833 llaec
825 4795 1038 4852 magna,
1072 4778 1266 4847 inquit,
1291 4786 1374 4832 est
1404 4774 1704 4831 festivitas:
1740 4779 1910 4849 figura

347 4873 490 4924 enim
522 4871 789 4941 passionis
832 4872 1138 4927 Servatoris
1174 4880 1324 4937 erat,
1356 4872 1572 4939 quando
1604 4885 1709 4926 non
1739 4873 1911 4929 solum

350 4964 512 5035 180
537 4964 956 5019 interﬁciehatur
978 4967 1318 5029 ovis,verum
1347 4964 1511 5018 etiam
1538 4979 1751 5020 comesa
1780 4983 1915 5037 pra:-

347 5057 504 5110 heret
550 5054 791 5125 requiem
837 5070 853 5121 ;
905 5062 959 5109 et
1011 5053 1288 5108 immolata
1339 5053 1557 5122 quidem
1606 5057 1913 5125 passionem

350 5146 657 5202 Servatoris
681 5146 736 5200 in
778 5147 978 5201 mundo
1005 5145 1366 5217 signiﬁcabat,
1400 5161 1619 5202 comesa
1664 5162 1797 5204 vero
1828 5163 1915 5204 reo

345 5242 527 5310 quiem
552 5239 787 5295 futuram
815 5238 869 5292 in
905 5239 1159 5308 nuptiis.»
1194 5237 1563 5308 Apposuimus
1588 5248 1766 5294 autem
1799 5253 1919 5295 ver-

353 5334 417 5385 ba
449 5333 618 5403 ipsius
642 5369 658 5398 ,
694 5339 752 5385 ut
780 5345 901 5386 cum
937 5330 1231 5386 viderimus
1259 5330 1434 5384 virum
1479 5330 1621 5386 hunc
1662 5334 1827 5390 tantis
1863 5334 1917 5389 in

2009 1744 2259 1816 Ναζαρὰ,
2289 1743 2458 1797 ἐλθὼν
2495 1742 2814 1816 κατῴκησεν
2837 1747 2917 1810 εἰς
2945 1746 3356 1818 Καφαρναούμο
3396 1746 3589 1800 ἔπειτα

2009 1837 2314 1908 ἀρξάμενος
2335 1836 2650 1908 κηρύσσειν,
2678 1837 2771 1890 καὶ
2791 1837 3147 1907 ἐκλεξάμενος
3166 1838 3291 1900 τοὺς
3309 1837 3589 1909 τέσσαρας

2002 1925 2173 1988 ἁλιεῖς
2204 1922 2551 1984 ἀποστόλους,
2586 1920 2802 1986 διδάξας
2848 1937 2908 1973 τε
2961 1922 3020 1973 ἐν
3069 1922 3191 1984 ταῖς
3235 1921 3585 1988 συναγωγαῖς

2002 2017 2130 2088 ὅλης
2168 2015 2269 2086 τῆς
2318 2012 2621 2077 Γαλιλαίας,
2668 2013 2759 2064 καὶ
2803 2001 3147 2083 θεραπεύσας
3190 2012 3319 2074 τοὺς
3383 2027 3584 2082 προσε-

2003 2106 2288 2178 νεχθέντας
2329 2104 2498 2175 αὐτῷ,
2545 2102 2834 2174 ἀνέρχεται
2890 2105 2968 2167 είς
3015 2104 3077 2157 τὸ
3119 2103 3260 2176 ὅρος,
3294 2105 3397 2159 καὶ
3438 2103 3584 2172 λέγει

2003 2199 2129 2261 τοὺς
2155 2196 2553 2269 μακαρισμοὺς,
2594 2193 2688 2246 καὶ
2728 2191 2798 2245 τὰ
2836 2192 3070 2264 ἐχόμενα
3108 2192 3321 2248 αὐτῶν·
3360 2192 3585 2257 τελέσας

2003 2289 2060 2342 δὲ
2098 2289 2310 2359 ἐκείνην
2354 2288 2452 2359 τὴν
2482 2288 2852 2352 διδασκαλίαν,
2901 2286 3142 2349 καταϐὰς
3177 2288 3242 2338 ἐκ
3285 2285 3387 2338 τοῦ
3428 2285 3584 2357 ὅρους

2005 2380 2309 2452 εἰσέρχεται
2359 2382 2439 2444 εἰς
2476 2382 2854 2452 Καφαρναοὺμ
2902 2380 3170 2451 δεύτερον,
3221 2378 3482 2433 κάκεῖθεν
3529 2377 3584 2431 δὲ

2005 2471 2177 2543 ἐμϐὰς
2210 2475 2291 2536 εἰς
2327 2473 2505 2525 πλοῖον
2533 2474 2676 2544 περᾷ
2705 2474 2784 2536 εἰς
2813 2473 2910 2543 τὴν
2948 2470 3132 2543 χώραν
3163 2470 3271 2524 τῶν
3312 2470 3584 2541 Γεργεση-

2006 2565 2138 2621 νῶν·
2186 2566 2555 2637 παρακληθείς
2583 2584 2640 2618 τε
2679 2567 2974 2637 μεταϐῆναι
3000 2565 3107 2620 ἀπὸ
3138 2565 3244 2619 τῶν
3281 2566 3450 2637 ὁρίων
3487 2565 3581 2618 αὐ-

2005 2658 2135 2723 τῶν,
2167 2656 2340 2729 ἐμϐάς
2374 2660 2453 2721 εἰς
2492 2658 2672 2711 πλοῖον
2702 2658 3010 2728 διεπέρασε,
3041 2658 3135 2712 καὶ
3166 2655 3330 2729 ἦλθεν
3369 2661 3450 2722 είς
3486 2658 3581 2728 τὴν

2010 2751 2142 2805 ἰδίαν
2158 2751 2330 2816 πόλιν,
2357 2749 2484 2806 ἔνθα
2513 2749 2806 2822 θεραπείας
2835 2750 3151 2814 ἐπιτελέσας
3177 2749 3331 2814 τινάς
3354 2750 3582 2822 περιῆγε

2005 2841 2105 2906 τὰς
2136 2843 2318 2906 πόλεις
2348 2844 2545 2907 πάσας,
2581 2843 2673 2898 καὶ
2704 2841 2803 2905 τὰς
2826 2839 3039 2912 κώμας,
3068 2841 3332 2895 διδάσκων
3363 2843 3424 2895 ἐν
3466 2843 3580 2904 ταῖς

2010 2938 2351 3005 συναγωγαῖς
2385 2935 2586 2990 αὐτῶν.
2617 2935 2727 2988 Καὶ
2750 2933 2884 2989 ἄλλα
2914 2933 2971 2987 δὲ
2997 2933 3223 2987 πλεῖστα
3252 2933 3394 3005 μετὰ
3415 2934 3579 2985 ταῦτα

2009 3028 2240 3096 γίνεται,
2269 3028 2398 3098 πρὶν
2420 3024 2923 3097 ἐπισημειωσασθαι
2949 3025 3039 3079 τὸν
3068 3024 3346 3079 Ματθαῖον
3367 3025 3460 3079 τὸν
3491 3021 3578 3076 τοῦ

2009 3120 2202 3191 Πάσχα
2244 3119 2454 3192 καιρόν.
2493 3120 2602 3173 Καὶ
2658 3119 2805 3190 παρά
2850 3122 2963 3184 τοῖς
3013 3118 3219 3176 λοιποῖς
3262 3118 3323 3173 δὲ
3365 3119 3580 3188 εὐαγγε-

2008 3210 2217 3276 λισταίς
2248 3211 2385 3283 μετά
2414 3211 2512 3281 τὴν
2551 3210 2609 3262 ἐν
2638 3213 2702 3282 τῇ
2739 3211 3116 3282 Καφαρναοὺμ
3155 3210 3445 3282 διατριϐὴν
3488 3208 3579 3278 οὐχ

2009 3305 2320 3376 εὑρίσκεται
2361 3303 2526 3372 ἐγγὺς
2556 3302 2616 3356 τὸ
2650 3302 2840 3373 Πάσχα
2879 3298 3017 3357 εἶναι
3059 3303 3382 3375 λεγόμενον·
3419 3301 3578 3355 σῶσαι

2009 3395 2066 3449 δὲ
2085 3396 2146 3448 τὸ
2170 3394 2414 3466 βούλημα
2438 3392 2547 3448 τῶν
2573 3394 2782 3465 ἀνδρῶν
2815 3396 2963 3447 ἐστιν
3003 3396 3337 3466 ἐννοήσαντα
3368 3394 3437 3447 τά
3457 3391 3578 3463 περὶ

2008 3486 2505 3557 τῆςΚαφαρναοὺμ
2533 3485 2796 3557 εἰρημένα
2826 3489 2956 3559 ἡμῖν
2992 3489 3048 3540 ἐν
3080 3489 3192 3550 τοῖς
3214 3486 3319 3559 πρὸ
3357 3486 3574 3540 τούτων.

2024 3578 2358 3651 Ἐνδιατριϐὴ
2379 3578 2603 3650 πλησίον
2625 3578 2880 3649 τυγχάνει
2904 3579 3015 3650 (5'5)
3048 3579 3141 3632 τοῦ
3172 3578 3280 3633 τῶν
3317 3580 3577 3653 Ἰουδαίων

2012 3674 2200 3743 πάσχα
2232 3672 2396 3743 ὀλίγῳ
2435 3672 2787 3744 βελτιουμένη
2829 3673 2956 3744 παρ’
2994 3672 3146 3738 αὐτὸ,
3193 3673 3286 3725 καὶ
3321 3673 3576 3745 κρείττων

2011 3766 2174 3821 αὐτοῦ
2192 3765 2550 3837 τυγχάνουσα,
2579 3765 2671 3818 καὶ
2692 3764 2921 3837 μάλιστα
2946 3765 3068 3818 ἐπεὶ
3089 3767 3145 3821 ἐν
3169 3764 3245 3836 τῷ
3272 3766 3464 3838 Πάσχα
3480 3764 3576 3818 τῶν

2023 3851 2288 3907 Ἰουδαίων
2312 3852 2658 3926 εὑρίσκονται
2688 3856 2745 3907 ἐν
2768 3853 2846 3924 τῷ
2883 3853 3013 3927 ἱερῷ
3035 3856 3085 3907 οἱ
3118 3852 3428 3919 πωλοῦντες
3463 3855 3577 3917 τοὺς

2012 3943 2160 4018 βόας,
2192 3947 2285 4000 καὶ
2322 3946 2389 4001 τὰ
2429 3945 2695 4018 πρόϐατα,
2743 3946 2840 3999 καὶ
2875 3946 2974 4010 τὰς
3003 3947 3362 4020 περιστεράς·
3400 3947 3465 4000 δι’
3491 3945 3578 4009 οὓς

2010 4038 2092 4092 ἐτι
2146 4039 2345 4110 μᾶλλον
2395 4039 2679 4110 πρόκειται
2723 4038 2798 4110 μὴ
2852 4039 2959 4093 τοῦ
3004 4040 3251 4108 Κυρίου,
3295 4039 3435 4094 ἀλλά
3471 4038 3577 4092 τῶν

2022 4129 2316 4184 Ἰουδαίων
2339 4125 2478 4184 εἶναι
2515 4129 2574 4182 τὸ
2611 4128 2831 4200 Πάσχαο
2866 4129 2941 4193 ὡς
2971 4129 3079 4202 γὰρ
3112 4131 3141 4183 ὁ
3173 4127 3321 4194 οἶκος
3347 4129 3442 4184 τοῦ
3477 4130 3578 4183 Πα-

2011 4222 2139 4296 τρὸς
2159 4222 2380 4292 γέγονεν
2411 4216 2559 4286 οἶκος
2587 4222 2853 4294 ἐμπορίου
2894 4221 3043 4293 παρά
3068 4225 3181 4285 τοῖς
3223 4222 3300 4296 μὴ
3332 4221 3576 4292 ἀγιάζου-

2016 4332 2102 4369 σιν
2144 4316 2306 4371 αὐτόν
2327 4333 2341 4346 ·
2378 4315 2520 4369 οὕτω
2551 4316 2642 4368 καὶ
2686 4314 2746 4367 τὸ
2776 4314 2968 4385 Πάσχα
3000 4315 3203 4386 Κυρίου
3230 4314 3575 4387 ἀνθρώπινον,

2014 4409 2108 4463 καὶ
2160 4409 2447 4463 Ἰουδαϊκὸν
2500 4408 2688 4479 Πάσχα
2742 4407 2892 4479 παρὰ
2933 4409 3045 4471 τοῖς
3072 4408 3451 4480 ταπεινότερον
3492 4409 3575 4460 καὶ

2018 4501 2469 4573 σωμαπκὼτερον
2508 4501 2643 4555 αὐτὸ
2676 4499 3075 4570 ἐκλεξαμένοις.
3111 4500 3504 4573 Εὐκαιρότερον
3527 4498 3576 4553 ἃ

2015 4596 2075 4648 ἐν
2111 4594 2290 4660 ἄλλοις
2340 4595 2490 4648 ἔσται
2528 4595 2656 4648 ἰδεῖν
2699 4595 2793 4646 καὶ
2833 4594 2900 4647 τά
2945 4594 3072 4665 περὶ
3109 4592 3204 4646 τοῦ
3249 4594 3442 4664 χρόνου
3492 4587 3575 4644 τοῦ

2016 4688 2228 4761 Πάσχα,
2267 4670 2395 4761 περὶ
2433 4688 2531 4760 τὴν
2565 4687 2785 4759 ἐαρινὴν
2829 4687 3116 4759 ἰσημερίαν
3150 4686 3457 4757 γινομένου,
3492 4684 3575 4737 καὶ

2023 4781 2077 4834 εἴ
2100 4798 2153 4834 τι
2190 4780 2378 4852 ἕτερον
2411 4783 2632 4834 ἀπαιτεῖ
2669 4781 2729 4833 τὸ
2774 4780 3063 4852 πρόϐλημα
3099 4776 3571 4850 ἐπεξεργάσασθαι.

2031 4873 2089 4927 ’0
2150 4872 2397 4944 μέντοιγε
2464 4872 2804 4943 Ἡρακλέων,
2855 4891 2875 4921 ι
2920 4870 3089 4941 Αὕτη,
3154 4871 3348 4941 φησὶν,
3403 4871 3436 4940 ἡ
3500 4882 3577 4937 με·

2020 4965 2160 5036 γάλη
2191 4967 2348 5037 ἐορτή
2373 4982 2385 4994 ·
2423 4962 2520 5017 τοῦ
2547 4964 2659 5035 γὰρ
2676 4963 2879 5026 πάθους
2904 4961 2998 5015 τοῦ
3029 4962 3281 5033 Σωτῆρος
3303 4961 3469 5024 τύπος
3495 4954 3572 5028 ἦν,

2022 5059 2110 5113 ὅτε
2146 5059 2207 5111 οὐ
2236 5060 2394 5128 μόνον
2438 5060 2689 5131 ἀνῃρεῖτο
2728 5056 2790 5109 τὺ
2830 5054 3119 5127 πρόϐατον,
3162 5054 3297 5108 ἀλλὰ
3330 5057 3425 5108 καὶ
3462 5049 3576 5106 ἀνά-

2025 5168 2221 5205 παυσιν
2256 5153 2514 5223 παρεῖχεν
2547 5149 2878 5220 ἐσθιόμενον,
2921 5149 3017 5201 καὶ
3061 5146 3317 5218 θυόμενον
3358 5147 3453 5218 μὲν
3492 5138 3574 5195 τοῦ

2027 5242 2231 5306 πάθους
2253 5241 2347 5296 τοῦ
2382 5242 2632 5314 Σωτῆρος
2668 5242 2817 5294 τὸοέν
2849 5240 3038 5313 κόσμῳ
3080 5240 3395 5309 ἐσήμαινεν,
3424 5231 3575 5289 ἐσθιό-

2029 5353 2191 5408 μενον
2216 5335 2272 5389 δὲ
2301 5335 2400 5405 τὴν
2435 5335 2737 5390 ἀνάπαυσιν
2758 5335 2856 5406 τὴν
2878 5335 2935 5387 ἐν
2966 5333 3147 5404 γάμῳ.
3188 5351 3206 5383 ι
3241 5325 3574 5404 Παρεθέμεθα

423 5480 469 5552 ff
500 5477 655 5552 Joan.
704 5494 765 5543 ιι,
801 5477 889 5552 1-2,
932 5475 1027 5552 ιε,
1061 5475 1143 5552 ’.⁵³
1168 5474 1358 5552 Matth.
1391 5491 1476 5552 Iv._
1503 5478 1559 5534 ll
1600 5493 1715 5550 seq.
1789 5480 1836 5514 "’
1866 5480 1906 5537 M

2021 5500 2054 5539 ι.
2091 5498 2144 5549 v,
2191 5498 2264 5552 vi,
2300 5498 2399 5539 vn.
2505 5483 2555 5517 ⁸⁸
2584 5480 2772 5537 Matth.
2833 5493 2945 5547 vm,
3002 5478 3052 5543 l,
3109 5472 3161 5541 5,
3217 5473 3312 5538 25,
3357 5470 3441 5535 28,
3495 5464 3569 5522 54.

351 5544 397 5576 ¹⁰
425 5548 610 5602 Matth.
644 5563 719 5611 ιχ,
757 5546 908 5603 1-56.
980 5547 1027 5579 ⁸⁷
1055 5544 1242 5601 Matth.
1273 5560 1421 5611 xxvi,
1447 5545 1501 5602 2.

432 5682 546 5751 ('53)
569 5680 748 5738 Codex
773 5682 1096 5739 Bodleianus
1150 5680 1456 5752 τυγχάνειν.
