3766 6142
136 334 220 391 διι

137 443 361 506 δὲαύτοῦ
403 440 494 513 τὴν
534 436 702 504 λέξιν,
742 433 829 487 ἵνα
863 430 936 495 ὡς
965 429 1023 482 ὲν
1064 423 1402 497 τηλικούτοις
1433 421 1637 485 ἀναστρ

1204 300 1558 364 COMMENT.
1592 296 1658 354 IN
1694 288 1887 351 JOAN.
1928 281 2166 341 TOMUS
2205 276 2279 333 X.‘

1640 414 1693 466 έ-
1721 417 1767 473 Α
1797 406 1955 464 rebus
2009 399 2154 456 nullo
2188 396 2450 466 apparatu
2481 388 2818 446 versantem,
2867 377 2960 434 sed
3007 373 3355 442 contemptim

3237 250 3345 308 36?.

142 470 361 506 οεαυτυυ
403 470 494 513 την
537 470 702 504 λθειν,
744 470 829 487 πυ.
863 470 936 495 υυ,
965 470 1020 482 ..-
1075 470 1400 497 ..,....------,
1608 470 1621 485 ι

142 559 247 612 φειν
279 537 369 590 τὸν
400 532 567 603 ἄνδρα
604 520 1084 600 παρερριμμένως,
1134 515 1226 570 καί¹
1273 510 1502 584 ὑδαρῶς,
1553 506 1691 579 μετὰ

1871 497 1989 553 sine
2024 489 2304 552 ﬁrmitate,
2331 480 2500 551 magis
2529 479 2702 548 ipsum
2736 470 3116 543 despiciamus.

146 594 352 704 μηδενὸς
380 594 877 679 κατασκευαστικοῢ
909 608 1309 679 θεωρήσαντες,
1354 598 1550 672 μᾶλλον
1590 594 1691 649 αὐ-

144 724 224 778 τοῦ
249 714 761 788 καταφρονήσωμεν.

204 835 285 889 15.
326 850 345 884 ι
389 829 497 885 Καὶ
530 824 699 894 ἀνέϐη
742 823 821 884 είς
865 815 1215 890 Ἰεροσόλυμα
1251 812 1281 865 6
1312 802 1562 878 Ἰησοῦς,
1602 800 1697 857 καὶ

145 923 283 999 εὗρεν
332 926 390 977 ὲν
431 920 511 991 τῷ
546 916 677 990 ἱερῷ
730 915 857 976 τοὺς
903 906 1216 968 πωλοῦντας
1266 902 1415 975 βόας,
1465 897 1558 953 καὶ
1600 911 1732 947 πε·-Δ

149 987 403 1094 ριστεράς,
463 987 558 1066 καὶ
600 987 729 1071 τοὺς
778 999 1146 1078 κερματιστὰς
1182 994 1543 1065 καθημένους.
1584 987 1697 1042 Καὶ

147 1077 724 1181 ποιήσας-’φραγέλλιον
762 1097 828 1149 ὲκ
851 1077 855 1078 ν
876 1092 1145 1164 σχοινίων
1171 1085 1455 1153 ἐξέϐαλλεν
1493 1082 1558 1134 ὲκ
1604 1077 1697 1132 τοῦ

150 1200 278 1275 ἱεροῦ
300 1198 368 1253 τά
384 1171 460 1251 τέ’
480 1193 746 1267 πρόϐατα,
777 1189 873 1242 καὶ
895 1188 1022 1248 τοὺς
1053 1183 1198 1255 βόας,
1238 1179 1334 1233 καὶ
1368 1175 1477 1229 τῶν
1514 1171 1674 1226 κολλυ
1692 1203 1704 1213 -

149 1263 328 1347 sia-:11“.
390 1263 575 1357 ἐξέχεε
631 1282 701 1336 τά
769 1281 1019 1352 κέρματα
1039 1316 1054 1343 ,
1109 1273 1204 1328 καὶ
1261 1269 1361 1332 τάς
1426 1263 1703 1339 τραπέζας

151 1380 425 1453 ἀνέστρεψε
465 1377 599 1450 (54)·
637 1376 730 1428 καὶ
768 1375 883 1436 τοῖς
932 1370 1031 1433 τὰς
1063 1363 1390 1439 περιστερὰς
1433 1358 1703 1414 πωλοῦσιν

152 1477 313 1533 εἶπεν·
345 1474 551 1544 Ἄρατε
586 1466 761 1523 ταῦτα
788 1463 1059 1527 ὲντεῦθενς
1103 1460 1175 1532 μὴ
1210 1458 1411 1511 ποιεῖτε
1442 1453 1533 1507 τὸν
1561 1447 1706 1505 οἷκον

151 1573 235 1627 τοῦ
272 1568 483 1643 Πατρός
523 1584 624 1639 μου
658 1560 806 1618 οἷκον
846 1556 1130 1631 ἐμπορίου.
1175 1553 1310 1607 Τότε
1357 1546 1708 1618 ἐμνήσθησαν

154 1667 196 1719 οί
224 1635 451 1735 μαθηταὶ
476 1635 668 1721 αθτοῦ,
702 1656 784 1708 ὅτι
825 1645 1210 1722 γεγραμμένον
1234 1640 1382 1696 ἐστίν
1402 1657 1416 1670 °
1459 1638 1518 1692 ’0
1544 1635 1709 1705 ζῆλος

1869 773 1956 830 i5.
1993 789 2012 823 ι
2034 768 2102 824 Et
2129 759 2374 821 ascendit
2408 749 2831 818 Hierosolymam
2867 742 3047 805 Jesus,
3078 748 3134 794 et
3163 733 3368 806 reperit

1800 867 1852 922 in
1886 860 2081 930 templo
2109 871 2223 920 eos,
2256 851 2348 923 qui
2382 844 2685 903 vendebant
2709 838 2896 899 boves,
2927 840 2982 886 et
3011 843 3163 892 oves,
3188 835 3243 880 et
3267 838 3365 878 co.

1798 955 2030 1017 tumbas,
2064 958 2119 1005 et
2150 942 2452 1003 mensarios
2480 936 2755 993 sedentes.
2781 928 2850 983 Et
2875 939 2996 980 cum
3027 922 3243 976 fecisset
3269 915 3367 969 ila-

1801 1046 1997 1125 gellum
2027 1056 2058 1097 e
2088 1034 2371 1099 funiculis,
2420 1027 2579 1099 ejecit
2628 1039 2659 1078 e
2692 1017 2894 1089 templo
2920 1028 3048 1070 oves
3078 1005 3259 1073 simul,
3303 1018 3370 1058 ac

2356 1124 2363 1125 “
2694 1111 2732 1125 ⁸⁸⁸
2776 1111 2841 1125 ⁴¹ι
2910 1114 2952 1125 -Α
2986 1115 3201 1125 -υΑ-ι--ιη
3239 1093 3367 1125 ..ι-ιι,

1802 1093 1970 1196 boves
1994 1151 2010 1201 ;
2046 1138 2101 1188 et
2129 1124 2527 1185 mensariorum
2555 1131 2628 1171 aes
2655 1111 2870 1174 eﬂ‘udit,
2901 1114 2957 1162 et
2986 1115 3205 1158 mensas
3239 1093 3369 1152 sub-

1802 1228 1999 1286 vertit:
2034 1234 2089 1280 et
2120 1221 2228 1286 his,
2265 1217 2356 1289 qui
2388 1208 2667 1269 columbas
2695 1199 3019 1261 vendebant,
3054 1191 3220 1247 dixit:
3257 1186 3372 1241 Au—

1804 1321 1943 1376 ferte
1974 1316 2078 1371 ista
2105 1312 2257 1375 hinc,
2287 1319 2387 1361 nec
2419 1300 2581 1357 facite
2606 1297 2826 1352 domum
2871 1286 3054 1342 Patris
3106 1279 3234 1345 mei,
3272 1276 3372 1330 do-

1809 1426 1955 1467 mum
1988 1413 2284 1464 mercatus.
2327 1395 2482 1450 Tunc
2509 1383 2781 1447 recordati
2811 1388 2935 1437 sunt
2963 1371 3214 1443 discipuli
3258 1368 3377 1438 ejus

1811 1503 2067 1571 scriptum
2099 1508 2219 1550 esse
2245 1510 2260 1548 :
2315 1487 2474 1542 Zelus
2506 1484 2699 1537 domus
2731 1485 2839 1530 tua:
2869 1466 3104 1526 comedit
3135 1476 3221 1518 me
3247 1459 3319 1514 ⁸⁸.
3355 1475 3375 1509 ι

1810 1588 2114 1648 Notandum
2150 1582 2364 1654 quidem
2398 1584 2485 1630 est
2517 1572 2780 1628 Joannem
2817 1563 3058 1619 scribere
3088 1552 3382 1611 secundum

1813 1684 1940 1739 Jesu
1997 1693 2135 1748 opus
2167 1650 2355 1726 luisse
2383 1667 2435 1722 id
2470 1662 2612 1735 quod
2651 1658 2777 1714 fecit
2808 1668 2936 1725 erga
2977 1650 3230 1719 'repertos
3255 1658 3286 1697 a
3325 1657 3384 1695 se

156 1726 236 1813 cuii
269 1726 414 1811 οἴκου
460 1770 557 1807 σου
585 1741 963 1817 καταφάγεταί
1000 1756 1086 1812 με.
1126 1756 1145 1789 ι
1181 1729 1543 1805 Σημειωτέον,
1574 1727 1656 1779 ὃτι
1683 1726 1712 1778 6

1869 1726 1940 1737 ’”“
2001 1726 2133 1748 'r"
2487 1726 2503 1735 .

1869 1793 1880 1830 ξ
1920 1776 2110 1829 dentes
2142 1779 2292 1828 oves,
2324 1770 2377 1816 et
2410 1759 2600 1822 boves,
2648 1762 2704 1807 et
2749 1745 3029 1805 columbas
3058 1743 3112 1796 in
3143 1737 3382 1808 templo;

161 1852 244 1922 μὲν
269 1847 518 1919 Ἰωάννης
553 1842 800 1913 δεύτερον
820 1836 978 1908 ἔργον
994 1830 1087 1885 τοῦ
1131 1825 1305 1899 Ἰησοῦ
1327 1819 1632 1893 ἀναγράφει
1653 1816 1714 1869 τὸ

159 1908 270 2011 περὶ
290 1938 396 1991 τῶν
432 1908 507 1990 ὲν
533 1933 612 2005 τῷ
641 1908 772 2003 ἱερῷ
803 1925 1133 1999 εὑρεθέντων
1162 1919 1253 1973 ὑπ’
1285 1914 1450 1969 αὐτοῦ
1479 1908 1717 1966 πωλούν-

158 2000 251 2087 των
274 2029 418 2102 βόας,
446 2026 547 2082 καὶ
578 2000 845 2097 πρόϐατα,
866 2018 962 2073 καὶ
988 2010 1313 2088 περιστεράς
1332 2026 1344 2039 ·
1380 2009 1427 2060 οί
1455 2005 1511 2058 δὲ
1541 2000 1717 2056 λοιποὶ

162 2094 327 2194 σχεδδν
363 2119 502 2191 πρὸς
547 2094 634 2186 τῷ*
650 2113 814 2176 τέλει,
854 2110 946 2162 ἐπὶ
977 2106 1078 2175 τῆς
1110 2101 1251 2157 κατὰ
1282 2099 1345 2152 τὸ
1373 2094 1540 2158 πάθος
1573 2095 1717 2146 01x0-

160 2185 334 2284 νομίας
374 2185 438 2264 τδ
489 2185 869 2277 παραπλήσιον
914 2197 1154 2252 ποιοῦσιν
1172 2210 1185 2224 ο
1237 2192 1329 2245 καὶ
1361 2190 1390 2241 6
1427 2188 1524 2259 μὲν
1565 2185 1719 2237 Ματ-

165 2276 538 2368 ίαξοςήοῦτωςο
631 2298 741 2352 Kal.
783 2290 1113 2352 εἰσελθόντος
1147 2284 1310 2341 αὐτοῦ
1359 2285 1437 2347 είς
1490 2276 1720 2351 Ἱεροσό-

162 2395 314 2465 λυμα,
366 2390 592 2463 ὲσείσθη
661 2390 809 2442 πᾶσα
846 2387 880 2454 ή
927 2381 1079 2444 πόλις
1124 2378 1390 2447 λέγουσα·
1438 2372 1534 2435 Τίς
1576 2371 1723 2422 ἐστιν

164 2464 333 2553 obice;
363 2486 428 2539 Oi
455 2483 518 2538 δὲ
538 2481 681 2554 ὄχλοι
701 2479 903 2547 ἔλεγον·
923 2468 1091 2535 Οὗτός
1117 2473 1264 2525 ἐστιν
1307 2464 1512 2538 Ἰησοῦς
1538 2464 1566 2516 6
1595 2477 1726 2532 προ-

169 2551 346 2648 φήτης,
376 2577 404 2629 6
433 2573 550 2627 ἀπὸ
570 2551 827 2640 *Ναζαρὲτ
858 2566 958 2635 τῆς
994 2561 1312 2623 Γαλιλαίὰς²
1350 2557 1445 2611 καὶ
1481 2551 1726 2623 εἰσῆλθεν

178 2668 367 2739 Ἰησοῦς
400 2669 481 2730 είς
526 2664 588 2717 τὸ
630 2662 790 2734 ἱερὸν,
838 2660 930 2713 καὶ
959 2654 1178 2722 ἐξέϐαλε
1211 2651 1418 2713 πάντας
1458 2648 1582 2710 τοὺς
1612 2661 1729 2697 πω-

168 2761 375 2825 λοῦντας
398 2761 500 2814 καὶ
531 2754 893 2827 ἀγοράζοντας
925 2751 982 2804 ὲν
1014 2748 1093 2820 τῷ
1126 2744 1277 2818 ἱερῷ,
1324 2742 1420 2796 καὶ
1464 2739 1564 2803 τὰς
1593 2754 1731 2810 τρα-

172 2851 323 2916 πέζας
347 2850 456 2904 τῶν
515 2844 874 2901 κολλυϐιστῶν
924 2835 1260 2909 κατέστρεψε
1314 2832 1449 2905 (55),
1497 2830 1593 2884 καὶ
1633 2828 1732 2893 τὰς

172 2941 418 3014 καθέδρας
439 2938 557 2993 τῶν
591 2934 913 2990 πωλούντων
940 2930 1039 2994 τάς
1075 2924 1405 2999 περιστεράς
1425 2940 1439 2955 ο
1467 2920 1562 2975 καὶ
1586 2919 1733 2988 λέγει

172 3011 335 3097 αὐτοῖς
356 3049 368 3063 ·
400 3031 752 3102 Γέγραπται’
814 3024 874 3079 '0
917 3020 1064 3086 οἶκός
1113 3035 1213 3092 μου
1250 3014 1397 3080 οἶκος
1430 3011 1738 3086 προσευχῆς

174 3123 526 3195 κληθήσεται·
608 3119 765 3190 ὑμεῖς
831 3114 888 3168 δὲ
963 3111 1124 3166 αὐτὸν
1201 3108 1403 3162 ποιεῖτε
1470 3102 1735 3173 σπήλαιον

174 3193 389 3287 λῃστῶν.
429 3232 447 3265 ι
503 3212 560 3266 '0
592 3210 651 3264 δὲ
683 3208 938 3278 Μάρκοςο
981 3221 1002 3256 ι
1041 3200 1153 3256 Kal.
1178 3200 1424 3272 ἔρχονται
1455 3194 1535 3256 είς
1578 3193 1740 3264 Ἰερο-

180 3285 402 3380 σέλυμαο
434 3306 529 3361 καὶ
563 3301 817 3357 εἰσελθὼν
846 3301 925 3363 είς
954 3296 1016 3351 τὸ
1043 3294 1183 3366 ἱερὸν
1218 3289 1421 3364 ἤρξατο
1462 3285 1740 3341 ἐκϐάλλειν

180 3377 310 3466 τοὺς*
337 3400 656 3460 πωλοῦντας
705 3394 801 3449 καὶ
851 3387 1219 3461 ἀγοράζοντας
1257 3388 1316 3438 έν
1345 3382 1422 3453 τῷ
1450 3378 1597 3453 ἱερῷ,
1648 3377 1743 3431 καὶ

180 3494 270 3558 τὰς
301 3490 581 3565 τραπέζας
609 3486 717 3541 τῶν
757 3479 1120 3539 κολλυϐιστῶν
1157 3472 1474 3545 ἀνέστρεψε,
1511 3469 1605 3524 καὶ
1645 3469 1744 3531 τὰς

182 3559 433 3656 καθέδρας
469 3580 586 3635 τῶν
621 3575 945 3632 πωλούντων
981 3571 1080 3636 τὰς
1122 3564 1469 3640 περιστερὰς,
1519 3561 1613 3615 καὶ
1646 3559 1746 3612 οὐκ

183 3650 454 3747 ήφιεννῖνα
496 3688 586 3734 τις
633 3667 881 3738 διενέγκῃ
929 3659 1120 3725 σκεῦος
1166 3659 1254 3712 διὰ
1284 3656 1378 3710 τοῦ
1417 3652 1596 3725 ίεροῦ’
1652 3650 1747 3704 καὶ

185 3742 435 3831 έδίδασκε,
488 3764 587 3819 καὶ
629 3761 810 3829 έλεγεν
850 3757 1059 3819 αὐτοῖς’
1106 3754 1180 3806 Οὐ
1225 3750 1555 3820 γέγραπται,
1597 3745 1679 3796 ὅτι
1720 3742 1748 3794 6

186 3853 319 3922 οἶκός
365 3875 466 3931 μου
511 3852 660 3917 οἶκος
711 3850 1021 3924 προσευχῆς
1075 3844 1404 3915 κληθήσεται
1454 3838 1590 3891 πᾶσι
1634 3836 1750 3897 τοῖς

186 3926 412 4015 ἔθνεσινς
499 3948 692 4018 Ὑμεῖς
746 3944 804 3998 δὲ
873 3937 1210 4009 πεποιήκατε
1271 3930 1431 3985 αὐτὸν
1489 3926 1750 3998 σπήλαιον

187 4013 407 4110 λῃστῶν.
450 4056 469 4088 ι
624 4034 682 4087 δὲ
733 4031 972 4093 Λουκᾶς·
1012 4044 1031 4077 ι
1078 4024 1191 4079 Kal.
1221 4023 1297 4086 ῶς
1328 4021 1573 4092 ἤγγισεν,
1630 4013 1752 4069 ἰδὼν

188 4106 277 4199 τήν
309 4128 481 4191 πόλιν,
519 4125 782 4180 ἔκλαυσεν
815 4122 899 4177 ἐπ’
936 4117 1104 4190 αὐτὴν
1138 4113 1271 4187 (56),
1316 4110 1520 4178 λέγων·
1557 4108 1679 4160 Ὅτι
1705 4106 1754 4158 εἰ

192 4197 349 4288 ἔγνως
380 4221 439 4271 ὲν
468 4220 538 4288 τῇ
569 4214 751 4287 ἡμέρᾳ
774 4211 947 4284 ταύτῃ
995 4208 1089 4262 καὶ
1116 4207 1179 4259 σὺ
1222 4203 1292 4256 τὰ
1324 4200 1459 4272 πρὸς
1498 4197 1717 4269 εἰρήνην
1736 4210 1750 4224 ·

192 4287 278 4365 νῦν
303 4310 357 4364 δὲ
384 4287 595 4382 ὲκρῦϐη
621 4306 728 4360 ἀπὸ
751 4301 1042 4373 ὀφθαλμῶν
1068 4314 1182 4360 σου,
1212 4296 1293 4349 ὅτι
1317 4293 1535 4364 ἥξουσιν
1553 4287 1757 4360 ἡμέραι

196 4402 279 4454 ἐπὶ
314 4401 393 4464 σὲ,
426 4401 522 4455 καὶ
559 4393 1048 4468 περικυκλώσουσι,
1077 4388 1168 4442 καί
1203 4380 1479 4447 συνέξουσί
1532 4395 1592 4431 σε
1620 4376 1757 4430 πάν-

195 4486 354 4554 τοθεν,
392 4487 488 4541 καὶ
519 4483 799 4553 ὲδαφιοῦσί
831 4498 911 4547 σε,
957 4479 1050 4533 καὶ
1075 4477 1144 4531 τά
1170 4475 1335 4528 τέκνα
1381 4488 1496 4535 σου,
1533 4468 1627 4523 καὶ
1663 4466 1763 4519 οὐκ

197 4579 450 4651 ἀφήσουσι
475 4576 624 4630 λίθον
649 4574 741 4628 ἐπὶ
769 4572 915 4625 λίθον
949 4572 1006 4626 ὲν
1041 4569 1143 4633 σοὶ,
1179 4565 1292 4620 ἀνθ’
1329 4555 1403 4617 ὧν
1440 4561 1539 4614 οὐκ
1588 4557 1759 4626 ἔγνως

197 4647 493 4741 τόν-καιρὸν
523 4668 625 4740 τῆς
650 4663 951 4734 ἐπισκοπῆς
994 4677 1106 4715 σου.
1142 4657 1251 4712 Καὶ
1293 4652 1548 4708 εἰσελθὼν
1581 4652 1659 4712 είς
1700 4647 1760 4700 τὸ

201 4763 334 4834 ἱερὸν
359 4739 873 4835 ήρξατοέκϐἀλλειν
915 4754 1039 4816 τοὺς
1079 4748 1411 4810 πωλοῦντας,
1444 4743 1616 4812 λέγων
1661 4739 1759 4793 αὐ-

200 4830 333 4916 τοῖς·
362 4830 712 4923 Ῡέγραπται·
746 4845 857 4898 Kal
879 4842 1030 4896 ἔσται
1057 4842 1085 4893 ὁ
1111 4835 1255 4901 οἶκός
1299 4853 1397 4908 μου
1420 4830 1565 4896 οἶκος
1590 4845 1761 4901 προσ-

202 4942 375 5012 ευχῆςο
417 4921 577 5011 ὑμεῖς
613 4938 671 4991 δὲ
695 4936 984 5007 ἐποιήσατε
1009 4930 1170 4987 αὑτὸν
1195 4927 1458 4999 σπήλαιον
1480 4921 1710 4997 λῃστῶν.
1737 4940 1757 4973 ι

207 5034 339 5086 Ἔτι·
363 5033 421 5087 δὲ
453 5032 551 5085 καὶ
588 5022 1229 5098 τοῦτοπαρατηρητέον,
1283 5020 1365 5072 ὅτι
1396 5018 1510 5079 τοῖς
1541 5011 1764 5085 εἰρημέ-

206 5140 306 5187 νοις
341 5122 490 5192 παρά
516 5123 630 5183 τοῖς
668 5117 845 5191 τρισὶν
873 5115 967 5168 ἐπὶ
992 5116 1058 5186 τῇ
1088 5114 1168 5176 είς
1212 5108 1555 5181 Ἱεροσόλυμα
1597 5102 1767 5172 ἀνόδῳ

208 5216 292 5269 τοῦ
323 5214 551 5285 Κυρίου,
584 5211 705 5266 καθ’
735 5210 802 5281 ὴν
839 5208 1014 5262 ταῦτα
1057 5202 1355 5274 πεποίηκεν
1407 5202 1463 5253 ὲν
1502 5196 1577 5268 τῷ
1617 5194 1765 5269 ἱερῷ,

211 5305 272 5356 τὰ
311 5283 659 5376 παραπλήσια
704 5297 1009 5369 ἀνέγραψεν
1046 5298 1091 5369 ὁ,
1129 5291 1379 5362 Ἰωάννης
1419 5285 1556 5360 μετά
1598 5283 1768 5338 πολλά

214 5398 501 5467 γεγονέναι,
543 5394 679 5467 μετά
722 5392 913 5464 ἑτέραν
945 5386 1109 5444 αὑτοῦ
1152 5385 1298 5460 παρά
1344 5384 1441 5455 τὴν
1478 5378 1768 5450 ἐπιδημίαν

216 5493 319 5554 τοῖς
371 5486 778 5561 Ἰεροσολύμοις.
825 5482 981 5538 Οὖτω
1034 5481 1093 5535 δὲ
1131 5474 1488 5548 κατανοητέον
1519 5470 1589 5526 τὰ
1618 5472 1768 5542 είρη-

285 5629 330 5662 ⁸⁸
345 5629 476 5684 Joan
514 5629 653 5694 ιι,Ιὸ
677 5640 795 5696 seq.
895 5622 943 5655 "
972 5611 1369 5679 Mattb.xx1,10
1398 5625 1514 5680 seq.

429 5743 505 5826 tio
524 5745 604 5797 lex
634 5740 980 5826 Bodleiantts,
1013 5731 1294 5815 ἀνέτρεψε.

437 5793 770 5871 idén‘fcédex
800 5793 1128 5867 Bodleianus
1146 5793 1383 5868 'itérum,
1412 5793 1693 5866 ἀνέτρεψε.

1618 5605 1931 5667 “Multam,
1960 5599 2029 5654 i5
2049 5611 2165 5666 seq.

1820 1883 1943 1926 cum
1972 1861 2150 1920 caueri
2197 1856 2313 1913 fere
2340 1854 2396 1908 in
2440 1850 2569 1914 ﬁne,
2597 1845 2836 1899 vicinum
2882 1836 3011 1892 illud
3042 1832 3244 1887 faciant
3275 1828 3387 1881 dis-

1822 1953 2128 2034 pensationi
2156 1950 2232 2006 illi
2261 1960 2380 2018 quae
2429 1950 2550 2000 erat
2576 1949 2817 2007 tempore
2845 1928 3148 2002 passionis;
3180 1933 3236 1979 et
3261 1921 3392 1976 Mat-

1821 2014 1991 2109 trhaeus
2016 2045 2231 2119 quidem
2261 2014 2342 2095 sic
2363 2037 2442 2091 l"':
2477 2052 2496 2085 ι
2529 2032 2594 2087 Et
2619 2043 2739 2084 cum
2772 2027 3029 2081 intrasset
3059 2021 3174 2088 ipse
3203 2014 3394 2070 Hiero-

1822 2149 2105 2219 solymam,
2133 2142 2403 2194 commota
2424 2136 2508 2184 est
2532 2124 2782 2180 universa
2803 2116 3017 2179 civitas,
3041 2113 3223 2167 dicens
3240 2105 3393 2173 :Quis

2564 2216 2596 2219 ,,
2671 2214 2683 2219 ,
3065 2215 3076 2219 _
3304 2197 3392 2219 ΜΛ

1822 2197 1925 2299 εει⁴
1945 2236 2072 2293 hic?
2101 2228 2299 2287 Turbae
2329 2231 2510 2278 autem
2547 2214 2830 2274 dicebant:
2862 2207 2960 2263 Hic
2999 2215 3084 2259 est
3119 2203 3276 2258 Jesns
3304 2197 3396 2252 ille

1823 2292 2088 2411 propheta
2128 2346 2158 2384 a
2190 2319 2462 2382 Nazareth
2498 2311 2753 2370 Galilaeae.
2789 2305 2857 2360 Et
2890 2296 3117 2355 intravit
3152 2295 3305 2349 )esus
3336 2292 3391 2345 in

1830 2386 2047 2411 r"r-"

1830 2428 2082 2499 templum
2111 2464 2125 2491 ,
2153 2430 2209 2476 et
2239 2414 2399 2489 eiecit
2422 2420 2613 2467 omnes
2646 2400 2943 2457 vendentes
2979 2401 3033 2449 et
3063 2396 3305 2447 ementes
3338 2386 3393 2441 in

2727 2493 2738 2499 ·
3034 2493 3046 2499 -
3126 2498 3131 2499 γ
3153 2497 3163 2499 -
3182 2480 3229 2499 .I.
3247 2495 3264 2499 -
3281 2479 3361 2499 Δ..-
3376 2492 3393 2499 ,

1831 2479 2043 2499 “⁷“Ίν“⁷
2112 2479 2125 2491 ι
2267 2479 2286 2489 ν

1830 2517 2066 2589 templo;
2116 2518 2438 2576 mensasque
2502 2493 2898 2555 mensariorum
2932 2526 2948 2554 ,
2997 2493 3052 2540 et
3112 2479 3402 2538 cathedras

1830 2571 2176 2667 vendentium
2234 2571 2512 2656 columbas
2570 2582 2837 2644 subvertit
2891 2598 2905 2636 :
2966 2585 3021 2634 et
3071 2575 3205 2631 dicit
3239 2571 3320 2625 eis
3376 2586 3394 2625 :

1833 2702 2106 2770 Scriptum
2133 2702 2249 2750 est:
2270 2692 2469 2745 Domus
2496 2694 2633 2745 mea,
2660 2678 2852 2732 domus
2883 2666 3213 2742 precationis
3239 2676 3405 2717 voca-

1832 2752 2014 2860 hitur;
2044 2797 2100 2844 at
2125 2801 2222 2843 vos
2242 2780 2422 2837 facitis
2452 2776 2600 2831 illam
2633 2768 2940 2839 speluncam
2970 2761 3260 2815 latronum.
3292 2772 3309 2805 ι
3336 2752 3409 2807 At

2138 2896 2152 2931 :
2190 2894 2209 2929 ι
2234 2874 2298 2929 Εῑ
2322 2868 2547 2926 veniunt
2590 2857 3056 2927 Hierosolymam:
3101 2852 3409 2917 ingressus-

1836 2990 1942 3048 que
1988 2972 2142 3029 Jesus
2172 2968 2227 3022 in
2258 2959 2516 3030 templum
2568 2950 2732 3022 coepit
2761 2946 2959 3015 ejicere
2992 2956 3086 2997 eos
3126 2939 3218 3010 qui
3270 2951 3406 2991 ven-

1839 3038 2037 3127 dcbant
2064 3070 2119 3120 et
2145 3056 2398 3115 emebant
2437 3052 2494 3105 in
2544 3044 2785 3114 templo:
2815 3049 2869 3094 et
2909 3049 3124 3091 mensas
3156 3038 3408 3101 argenta-

1763 3129 1806 3190 θ’
1841 3163 2046 3217 riorum
2083 3138 2350 3219 sellasque
2399 3138 2747 3198 vendentium
2776 3127 3056 3186 columbas
3102 3120 3410 3179 subvertit:

1842 3266 1944 3309 nec
1994 3241 2339 3316 permittebat
2397 3243 2457 3290 ut
2503 3231 2791 3302 quisquam
2832 3221 3144 3290 deportaret
3173 3228 3269 3268 vas
3315 3226 3411 3283 per

1846 3307 2102 3413 templum
2128 3353 2143 3403 ;
2175 3342 2230 3389 et
2257 3328 2508 3390 docebat,
2539 3323 2725 3378 dicens
2754 3317 2899 3373 illis:
2931 3313 3120 3368 Nonne
3148 3307 3408 3376 scriptum

1845 3446 1966 3492 est:
2000 3433 2199 3487 Domus
2230 3438 2370 3487 mea,
2411 3419 2604 3474 domus
2630 3406 2958 3485 precationis
2983 3400 3263 3458 vocabitur
3292 3411 3408 3452 om-

1846 3529 2004 3604 nibus
2029 3515 2320 3594 gentibus?
2357 3510 2466 3566 Vos
2495 3516 2674 3561 autem
2704 3499 2913 3557 fecistis
2941 3510 3059 3550 eam
3095 3491 3410 3560 speluncam

1848 3581 2136 3676 latronum.
2160 3632 2179 3665 ι
2212 3609 2386 3665 Lucas
2411 3616 2540 3656 vero
2568 3599 2648 3652 “:
2691 3614 2709 3648 ι
2745 3594 2810 3649 Ει
2847 3599 2906 3645 ιιι
2935 3581 3412 3659 apprOpinquavit,

1847 3713 2038 3767 videns
2065 3704 2363 3765 civitatem,
2411 3694 2560 3750 ﬂevit
2606 3701 2767 3757 super
2812 3683 2980 3747 illam,
3016 3679 3236 3734 dicens:
3275 3672 3415 3738 Quia

1850 3802 1895 3858 si
1917 3794 2262 3869 cognovisses
2282 3797 2337 3844 et
2364 3795 2421 3841 tu
2451 3784 2503 3838 in
2538 3780 2625 3836 die
2648 3776 2738 3831 illa
2770 3787 2889 3842 quae
2912 3770 2979 3826 ad
3012 3765 3239 3840 pacem!
3274 3776 3416 3817 nune

1852 3903 2030 3948 autem
2060 3884 2330 3944 occultata
2367 3885 2491 3934 sunt
2519 3872 2589 3927 ab
2629 3868 2801 3925 oculis
2827 3866 2953 3931 tuis,
3002 3863 3130 3933 quia
3160 3868 3417 3926 superve-

1854 3986 2002 4040 nient
2037 3979 2131 4034 tibi
2163 3976 2276 4031 dies
2305 4012 2320 4038 ,
2349 3979 2405 4024 et
2438 3961 2854 4022 circumdabunt
2905 3966 2977 4023 te,
3005 3965 3059 4011 et
3102 3954 3319 4023 cingent
3367 3957 3420 4002 te

1854 4076 2111 4144 undique,
2141 4077 2196 4124 et
2228 4063 2342 4120 solo
2370 4059 2661 4130 mquabunt
2692 4062 2766 4120 te,
2801 4060 2855 4107 et
2885 4050 3024 4105 ﬁlios
3053 4056 3192 4111 tuos,
3223 4054 3278 4099 et
3310 4056 3417 4097 non

1856 4137 2163 4236 relinquent
2195 4156 2353 4228 181
2405 4154 2458 4207 in
2505 4160 2556 4206 te
2593 4147 2823 4217 lapidem
2861 4156 3025 4212 super
3070 4137 3325 4208 lapidem,
3358 4147 3424 4189 eo

1857 4260 1998 4330 quod
2028 4269 2139 4310 non
2179 4226 2499 4321 cognoveris
2549 4252 2762 4309 tempus
2809 4231 3139 4290 visitationis
3181 4239 3303 4283 tuae.
3360 4226 3428 4280 Et

1859 4353 2135 4424 ingressus
2169 4346 2223 4398 in
2257 4338 2537 4409 templum,
2567 4332 2735 4402 cmpit
2764 4329 2963 4400 ejicere
2985 4324 3302 4384 vendentcs,
3345 4321 3428 4371 dt-

1798 4472 1839 4527 ι)
1863 4412 1994 4504 οεῖιε
2040 4441 2184 4497 illis:
2224 4435 2501 4503 Scriptum
2540 4437 2623 4482 est
2662 4441 2676 4477 :
2707 4422 2775 4478 Et
2801 4421 2905 4475 erit
2935 4419 3125 4474 domus
3159 4427 3300 4478 mea,
3326 4412 3424 4465 do-

2798 4513 2818 4527 ,.
2882 4513 2895 4527 .
3208 4505 3391 4527 __-,____

1866 4555 1986 4596 mus
2026 4529 2388 4609 precationis;
2431 4538 2527 4580 vos
2576 4529 2758 4575 autem
2793 4512 3000 4569 fecistis
3027 4509 3173 4563 illam
3205 4505 3426 4576 spelun-

1865 4646 1983 4689 cam
2015 4629 2304 4683 latronum.
2337 4639 2358 4674 ι
2392 4617 2663 4672 Praeterea
2704 4611 2805 4665 hoc
2828 4606 2989 4662 etiam
3024 4598 3423 4657 observandum

1866 4731 1971 4790 est,
1998 4719 2142 4791 quod
2161 4716 2261 4772 'his
2289 4726 2407 4783 qua:
2427 4708 2571 4764 dicta
2595 4711 2721 4760 sunt
2743 4697 2883 4770 apud
2919 4705 3030 4750 tres
3062 4689 3427 4759 evangelistas

1865 4819 1919 4874 in
1947 4826 2173 4871 ascensu
2204 4804 2417 4863 Domini
2447 4802 2512 4856 ad
2538 4795 2987 4864 Hierosolymam,
3014 4789 3067 4843 in
3085 4801 3192 4858 quo
3221 4786 3335 4839 haec
3351 4782 3428 4836 fe-

1867 4910 1948 4967 cit
1971 4909 2026 4963 in
2056 4901 2279 4970 templo,
2310 4896 2510 4954 similia
2544 4889 2825 4960 scripserit
2844 4884 3081 4942 Ioannes
3111 4889 3231 4949 post
3258 4875 3426 4931 multa

1870 5003 2038 5058 fuisse
2071 4997 2233 5059 facta,
2270 5002 2463 5059 nempe
2506 4993 2627 5057 post
2658 4982 2886 5036 alterum
2938 4975 3106 5046 ipsius
3139 4973 3426 5026 adventum

1872 5095 1940 5151 ad
1958 5087 2406 5157 Hierosolymam,
2428 5095 2457 5134 a
2488 5074 2736 5149 prasenti
2765 5073 3057 5128 diversum.
3083 5064 3221 5121 Sunt
3249 5069 3429 5115 autem

1874 5190 2018 5253 hunc
2066 5183 2122 5237 in
2174 5153 2392 5234 modum
2443 5167 2867 5228 consideranda:
2922 5171 3085 5231 atque
3139 5159 3192 5212 in
3242 5153 3433 5225 primis

1874 5295 1994 5354 quas
2028 5292 2059 5332 a
2092 5273 2346 5329 Mattbazo
2376 5268 2660 5322 traduntur
2694 5263 2772 5317 “z
2826 5277 2845 5311 ι
2875 5257 2942 5313 Et
2970 5269 3093 5309 cum
3133 5240 3431 5319 appropin-

1874 5332 2131 5443 quassent
2169 5356 2571 5429 Hierosolymis,
2601 5362 2656 5408 et
2701 5350 2976 5405 venissent
3020 5338 3327 5408 Bethphage
3367 5332 3434 5388 ad

1879 5472 2111 5520 montem
2133 5424 2431 5514 Olivarum,
2457 5457 2583 5501 tunc
2605 5443 2761 5501 Jesus
2785 5439 2933 5494 misit
2957 5436 3090 5490 duos
3120 5424 3433 5493 discipulos,

2238 5592 2280 5624 αι
2297 5589 2425 5645 Luc.
2444 5602 2560 5652 xu,
2581 5584 2645 5639 41
2665 5596 2779 5651 seq.
2869 5578 2913 5610 ⁶²
2937 5573 3128 5632 Matth.
3146 5582 3257 5631 xm,
3273 5564 3300 5619 1
3317 5576 3434 5633 seq.

1878 5715 2063 5858 ﬂgiti)
2108 5712 2293 5771 Codex
2327 5706 2654 5765 Bodleianus
2685 5715 2782 5772 pro
2809 5697 2895 5750 ἐπ’
2932 5693 3120 5765 αὐτήν,
3154 5688 3317 5744 habet
3351 5688 3439 5739 ἐπ’
