3766 6142
290 232 393 286 54³5

1764 228 2015 286 ORIGEN
2021 228 2084 284 IS

3412 227 3514 281 5ίό

291 349 478 402 dicens
523 345 636 401 eis:
666 345 742 400 Ite
773 347 825 400 in
853 347 1059 413 vicum,
1090 347 1178 415 qui
1218 363 1248 402 e
1284 348 1500 417 regione
1534 347 1698 402 vestri
1747 356 1852 410 est,

1973 343 2092 397 ιένα
2112 360 2124 373 ·
2156 342 2250 396 καὶ
2283 342 2495 413 πρῶτόν
2535 359 2600 410 γε
2651 342 2719 396 τὰ
2762 340 3027 413 Ματθαίῳ
3058 339 3171 413 (³57)
3215 339 3513 412 λεγόμενα·

291 449 345 491 et
366 438 544 491 statim
570 439 853 492 invenietis
879 439 1085 492 asinam
1109 439 1402 508 alligatam,
1426 449 1477 494 et
1502 439 1701 509 pullum
1727 453 1850 492 cum

291 542 388 588 ea;
431 524 638 588 solvite,
675 535 728 581 et
762 528 1014 583 adducite
1045 529 1205 582 mihi:
1258 538 1311 584 et
1353 531 1399 584 si
1427 530 1554 598 quis
1587 528 1739 582 vobis
1767 527 1851 581 di-

292 619 432 670 xerit
466 634 479 670 :
522 616 658 684 Quid
687 617 897 674 facitis?
924 621 1150 676 dicetis:
1195 622 1455 677 Dominus
1485 621 1567 675 his
1596 636 1729 689 opus
1757 620 1850 674 ha-

295 709 420 762 het:
466 717 524 762 et
569 709 856 766 confestim
904 713 1140 768 dimittet
1171 728 1282 768 eos.
1328 712 1441 767 Hoc
1470 724 1649 767 autem
1684 723 1851 766 totum

296 797 494 852 factum
523 811 624 866 est,
655 811 712 855 ut
735 802 1050 872 impleretur
1072 805 1214 872 quod
1243 803 1441 858 dictum
1483 813 1566 858 est
1602 819 1694 870 per
1728 817 1854 872 pro-

295 890 514 956 phetam
545 893 808 948 dicentem
833 913 843 948 :
878 895 1050 950 Dicite
1076 897 1202 951 ﬁlia:
1228 897 1386 951 Sion:
1423 895 1559 950 Ecce
1589 895 1702 948 Rex
1735 903 1856 950 tuus

294 982 445 1035 venit
469 994 812 1048 mansuetus,
845 997 898 1040 et
921 988 1115 1042 sedens
1144 1002 1306 1055 super
1330 987 1555 1048 asinam,
1581 996 1633 1040 et
1655 986 1854 1052 pullum

295 1072 465 1126 ﬁlium
500 1072 812 1146 subjugalis.
842 1074 1072 1130 ProfeCti
1107 1086 1287 1131 autem
1322 1078 1571 1147 discipuli
1611 1078 1856 1133 fecerunt

297 1165 439 1218 sicut
470 1178 796 1237 praceperat
831 1169 936 1224 illis
958 1170 1136 1238 Jesus,
1164 1181 1219 1226 et
1250 1172 1588 1227 adduxerunt
1618 1173 1855 1238 asinam,

294 1266 349 1307 et
380 1257 623 1324 pullum,
663 1269 716 1314 et
767 1262 1139 1330 imposuerunt
1190 1279 1354 1333 super
1398 1282 1490 1320 eos
1536 1267 1854 1322 vestimenta

294 1364 424 1414 sua,
455 1359 512 1404 et
540 1350 740 1406 insedit
772 1353 898 1407 illis.
930 1354 1166 1409 Plurima
1205 1367 1384 1412 autem
1443 1358 1600 1412 turba
1645 1369 1857 1412 strave-

299 1448 421 1491 runt
459 1442 780 1497 vestimenta
808 1458 902 1496 sua
931 1445 980 1497 in
1008 1447 1114 1500 via.
1150 1445 1319 1502 Porro
1349 1448 1538 1512 turbae,
1571 1464 1688 1516 quae
1723 1463 1856 1518 prae-

293 1531 558 1584 cedebant
582 1549 724 1595 eum,
754 1545 807 1587 et
836 1537 1217 1602 sequebantur,
1245 1538 1555 1593 clamabant
1583 1540 1852 1594 dicentes:

294 1620 547 1677 llosanna
570 1625 679 1679 ﬁlio
709 1627 892 1693 David,
917 1618 1245 1685 benedictus
1268 1634 1357 1701 qui
1389 1634 1532 1684 venit
1561 1634 1611 1685 in
1638 1635 1856 1687 nomine

299 1712 541 1768 Domini:
578 1714 827 1770 Hosmma
869 1719 920 1770 itt
949 1718 1253 1774 altissimis!
1292 1742 1309 1771 ι
1356 1723 1558 1776 Deinde
1594 1739 1724 1777 vero
1771 1737 1859 1777 se-
1887 1702 1930 1756 B

295 1817 532 1874 qunntur
572 1827 585 1861 :
625 1809 731 1863 «Et
776 1826 895 1864 cum
951 1813 1210 1867 intrasset
1261 1815 1374 1882 ipse
1407 1814 1855 1882 Hierosolymam,

298 1909 564 1954 commota
599 1913 681 1955 est
707 1904 955 1958 universa
992 1905 1202 1966 civitas,
1236 1923 1253 1954 ι
1301 1920 1422 1975 qua:
1468 1906 1518 1956 in
1563 1905 1860 1975 superiori-

300 1993 399 2045 bus
430 1993 741 2049 citavimus.
793 1995 944 2050 Nunc
979 2012 1107 2051 vero
1140 1999 1302 2051 verba
1353 1997 1516 2051 Marci
1549 1998 1862 2054 considere-

301 2098 419 2136 mus
443 2084 523 2138 "z
562 2102 580 2135 ι
618 2085 681 2138 Et
712 2101 832 2139 cum
863 2089 1294 2157 appmpinquant
1349 2090 1759 2161 Hierosolymis,
1791 2093 1859 2146 ad

301 2171 607 2244 Bethphage
653 2185 707 2230 et
733 2176 1070 2246 Bethaniam,
1099 2179 1250 2246 juxta
1280 2193 1512 2234 mentem
1556 2182 1857 2248 Olivarum,

299 2266 500 2319 emittit
548 2269 682 2321 duos
709 2283 739 2322 e
769 2269 1045 2338 discipulis
1076 2273 1186 2325 suis
1209 2311 1226 2337 ,
1266 2284 1319 2327 et
1365 2275 1494 2326 dicit
1523 2273 1664 2328 illis:
1695 2275 1860 2329 Abite

301 2357 356 2409 in
376 2358 574 2422 vicum,
597 2360 686 2428 qui
719 2376 750 2415 e
780 2361 999 2431 regione
1025 2366 1187 2418 vestri
1240 2376 1321 2420 est
1348 2407 1361 2431 ,
1387 2377 1440 2419 et
1472 2367 1658 2420 statim
1683 2368 1862 2434 ingre-

304 2450 516 2505 dientes
544 2455 596 2505 in
634 2455 784 2508 illum
817 2456 1107 2512 invenietis
1140 2459 1338 2527 pullum
1371 2459 1669 2529 alligatum,
1701 2474 1862 2528 super

303 2558 464 2610 quem
495 2545 669 2600 nullus
702 2547 877 2601 adhuc
903 2549 1176 2602 hominum
1202 2551 1335 2604 sedit
1361 2569 1373 2602 :
1407 2551 1598 2604 solvite
1625 2566 1770 2616 eum,
1805 2559 1860 2604 et

303 2636 572 2690 adducite.
604 2638 671 2691 Et
701 2639 743 2694 si
772 2641 895 2708 quis
925 2641 1080 2696 vobis
1111 2642 1335 2697 dixerit:
1367 2644 1476 2697 Cur
1504 2643 1678 2698 facitis
1717 2644 1860 2698 hoc?

305 2729 469 2784 dicite
502 2732 642 2799 quod
681 2731 940 2788 Dominus
969 2749 1034 2790 eo
1083 2749 1220 2804 Opus
1256 2735 1459 2801 habet,
1503 2745 1557 2790 et
1607 2737 1860 2791 continuo

307 2819 453 2871 illum
482 2821 656 2875 mittet
684 2821 805 2875 huc.
837 2822 904 2876 Et
932 2826 1201 2892 abierunt,
1229 2837 1283 2882 et
1312 2829 1633 2882 invenerunt
1657 2830 1858 2898 pullunt

303 2910 578 2978 alligatum
616 2911 770 2979 juxta
801 2913 1020 2982 januam
1069 2915 1199 2972 l'oris
1236 2918 1287 2970 itt
1325 2919 1466 2973 bivio
1490 2957 1506 2984 ,
1546 2929 1602 2973 et
1649 2919 1863 2974 solvunt

305 3002 475 3055 illum.
516 3003 581 3056 Et
618 3006 859 3060 nonnulli
893 3021 1102 3074 eorum,
1147 3010 1240 3078 qui
1283 2995 1389 3066 illic
1423 3014 1673 3076 stabant,
1721 3015 1862 3068 dice-
1886 3034 1931 3093 ρ

304 3094 434 3146 bant
461 3095 601 3150 illis:
636 3095 774 3162 Quid
803 3097 978 3153 facitis
1007 3099 1274 3155 solventes
1311 3104 1559 3172 pullum?
1583 3107 1654 3158 At
1679 3105 1754 3160 illi
1783 3107 1863 3160 di-

305 3196 503 3239 xerunt
534 3187 613 3240 eis
642 3191 1095 3257 quemadmodum
1130 3207 1458 3262 praeceperat
1486 3194 1673 3262 Jesus;
1706 3207 1759 3252 et
1784 3199 1862 3251 si-

304 3277 506 3330 nebant
555 3279 711 3333 illos:
747 3291 802 3335 et
831 3285 1166 3338 adduxerunt
1196 3286 1396 3354 pullum
1426 3291 1505 3360 ad
1551 3287 1731 3343 Jesum
1762 3329 1777 3354 ,
1811 3299 1866 3344 et

305 3365 607 3433 iniecerunt
650 3371 806 3440 182
864 3372 938 3425 illi
995 3375 1316 3428 vestimenta
1363 3393 1478 3430 sua.
1530 3378 1635 3432 Alii
1685 3388 1863 3434 autem

306 3459 527 3514 l‘rondes
551 3463 828 3518 caedebant
852 3465 918 3517 de
939 3465 1244 3529 arboribus,
1273 3479 1324 3520 et
1341 3471 1655 3523 sternebant
1676 3470 1728 3524 in
1757 3473 1860 3525 via.

306 3549 372 3601 Et
402 3550 493 3618 qui
523 3554 896 3619 praecedebant
923 3595 938 3618 ,
990 3557 1194 3626 quique
1229 3562 1595 3627 sequebantur
1616 3600 1631 3626 ,
1664 3563 1866 3618 clama-

305 3640 434 3696 bant
483 3643 758 3698 dicentes:
815 3645 1088 3716 Hosanna,
1143 3649 1453 3704 benedictus
1504 3653 1594 3721 qui
1635 3655 1779 3708 venit
1811 3656 1864 3708 in

307 3737 524 3790 nomine
576 3737 824 3796 Domini:
859 3740 1208 3796 Benedictum
1257 3744 1398 3811 quod
1449 3749 1590 3798 venit
1643 3761 1864 3815 regnum

306 3831 476 3892 patris
508 3831 675 3884 nostri
716 3832 911 3887 David:
945 3831 1198 3888 ﬂesanna
1232 3835 1283 3887 in
1320 3836 1636 3890 altissimis!
1687 3836 1753 3892 Et
1787 3839 1870 3891 in-

306 3935 525 3986 gressus
562 3931 645 3974 est
676 3920 1097 3993 Hierosolymam
1131 3925 1183 3979 in
1221 3926 1499 3994 templum,
1529 3937 1582 3982 et
1615 3943 1734 3981 cum
1761 3929 1868 3984 cir-

309 4015 703 4082 cumspexisset
738 4017 936 4081 omnia,
971 4016 1192 4086 jamque
1229 4029 1440 4088 tempus
1474 4030 1614 4075 esset
1651 4037 1869 4090 vesper-

310 4108 505 4172 tinunt,
555 4108 829 4176 ingressus
854 4118 936 4163 est
968 4109 1282 4164 BClhulliam
1311 4128 1432 4166 cum
1463 4113 1784 4181 duodecim;
1816 4124 1870 4170 et

308 4209 524 4265 postero
553 4200 639 4252 die
663 4240 678 4263 ,
717 4216 837 4254 cunt
885 4205 1122 4256 exissent
1158 4204 1435 4270 Bethania,
1468 4207 1685 4260 esuriit.
1715 4227 1734 4257 ι
1775 4209 1870 4262 De-

312 4290 434 4343 inde
464 4301 582 4359 post
615 4292 747 4347 licus
781 4294 1032 4349 arefacta:
1069 4298 1400 4364 mysterium,
1431 4316 1450 4347 ς
1491 4301 1712 4353 veniunt
1745 4301 1864 4356 llic-

1958 453 1976 484 ι
2018 435 2127 486 Ka‘t
2146 435 2234 488 ὅτε
2285 435 2508 504 ἤγγισεν
2546 435 2627 497 εἰς
2679 434 3041 504 Ἱεροσόλυμα,
3089 433 3184 487 καὶ
3228 428 3390 504 ἦλθεν
3441 435 3520 496 είς

1952 526 2244 598 Βηθφαγὴν
2273 527 2411 596 πρὸς
2436 526 2496 578 τὺ
2525 525 2649 597 ὅρος
2690 524 2797 580 τῶν
2855 524 3097 589 Ἐλαιῶν,
3145 523 3266 576 τότε
3316 522 3520 594 Ἰησοῦς

1952 618 2236 673 ἀπέστειλε
2280 618 2372 671 δύο
2412 618 2678 689 μαθητὰς,
2729 618 2904 686 λέγων
2954 618 3173 680 αὐτοῖς·
3218 614 3521 685 Πορεύεσθε

1953 714 2032 775 εἰς
2063 711 2158 782 τὴν
2194 710 2384 782 κώμην
2413 710 2511 782 τὴν
2545 711 2803 764 ἀπέναντι
2838 709 2948 780 (58)
2983 709 3158 780 ὑμῶν,
3197 709 3292 762 καὶ
3322 706 3523 768 εὐθέως

1954 804 2209 875 εὑρήσετε
2241 803 2359 856 ὄνον
2378 802 2685 873 δεδεμένην,
2711 801 2804 855 καὶ
2837 801 3014 854 πῶλον
3049 801 3166 871 μετ’
3195 799 3363 868 αὐτῆς
3384 817 3397 828 ·
3428 797 3524 849 λύ-

1955 912 2142 958 σαντες
2163 895 2395 963 ἀγάγετέ
2423 912 2511 966 μοι
2528 912 2540 924 ·
2572 895 2663 948 καὶ
2690 895 2783 947 ἐάν
2808 911 2889 957 τις
2917 894 3044 963 ὑμῖν
3083 893 3229 964 εἴπῃ·
3255 892 3320 943 Τί
3357 891 3525 942 ποιεῖ-

1953 1005 2012 1041 τε
2042 985 2230 1052 τοῦτο;
2259 989 2454 1057 ἐρεῖτε,
2477 987 2557 1039 ὅτι
2582 987 2610 1038 ὁ
2631 985 2831 1055 Κύριος
2861 984 3038 1038 αὐτῶν
3059 983 3246 1054 χρείαν
3271 981 3402 1052 ἔχει·
3435 981 3522 1033 eb-

1955 1078 2049 1142 θὺς
2071 1079 2127 1132 δέ
2159 1077 2443 1132 ἀποστελεῖ
2473 1079 2686 1141 αὐτούς.
2723 1077 2890 1132 Τοῦτο
2917 1077 2973 1130 δὲ
2996 1077 3233 1145 γέγονεν,
3272 1076 3359 1127 ἵνα
3386 1073 3524 1143 πλη-

1959 1171 2101 1242 ρωθῇ
2129 1171 2187 1224 τὸ
2217 1171 2379 1242 ῥηθὲν
2414 1172 2501 1225 διὰ
2532 1171 2624 1224 τοῦ
2669 1171 2944 1242 προφήτου
2987 1169 3234 1237 λέγοντος
3254 1186 3266 1197 ·
3316 1167 3527 1220 Εἴπατε

1953 1267 2019 1334 τῇ
2073 1264 2300 1334 θυγατρὶ
2349 1263 2518 1317 Σιών·
2588 1262 2716 1317 Ἰδοὺ
2773 1265 2802 1316 ὁ
2854 1260 3104 1332 βασιλεὺς
3152 1275 3243 1312 σου
3303 1257 3528 1328 ἔρχεται

1956 1355 2154 1426 πραῢς,
2191 1357 2284 1408 καὶ¹
2311 1352 2659 1428 ἐπιϐεϐηκὼς
2680 1354 2774 1408 ἐπὶ
2806 1353 2947 1416 ὄνον,
2988 1352 3082 1405 καὶ
3115 1350 3292 1402 πῶλον
3323 1349 3529 1412 ὑποζυ-

1954 1447 2094 1515 γίου.
2143 1447 2506 1518 Πορευθέντες
2556 1446 2613 1499 δέ
2659 1447 2706 1499 οἱ
2753 1445 3010 1516 μαθηταὶ,
3058 1443 3151 1496 καὶ
3202 1444 3530 1512 ποιήσαντες

1955 1539 2134 1601 καθὼς
2165 1537 2493 1610 προσέταξεν
2518 1539 2699 1601 αὐτοῖς
2727 1539 2756 1590 ὁ
2792 1537 3018 1608 Ἰησοῦς,
3036 1537 3241 1607 ἤγαγον
3260 1535 3356 1605 τὴν
3380 1533 3526 1593 ὄνον,

1955 1630 2160 1685 καὶτὸν
2179 1629 2376 1695 πῶλον,
2408 1630 2502 1683 καὶ⁵
2530 1628 2804 1700 ἐπέθηκαν
2835 1629 2920 1680 ἐπ’
2954 1627 3131 1681 αὐτῶν
3150 1626 3260 1696 (59)
3298 1625 3369 1678 τὰ
3394 1624 3528 1695 ἱμάο

1958 1739 2049 1776 τια
2103 1720 2302 1784 αὐτῶν,
2363 1721 2456 1774 καὶ
2504 1719 2826 1773 ἐπεκάθισεν
2877 1717 3059 1770 ἐπάνω
3102 1716 3299 1770 αὐτῶν.
3365 1717 3423 1768 ’0
3467 1714 3528 1768 δὲ

1961 1815 2207 1878 πλεῖστος
2247 1813 2402 1884 ὄχλος
2445 1813 2722 1883 ἔστρωσαν
2775 1810 2982 1864 ἐαυτῶν
3012 1809 3081 1863 τὰ
3123 1810 3310 1880 ἱμάτια
3359 1810 3418 1862 ἐν
3455 1811 3528 1878 τῇ

1958 1905 2088 1976 ὁδῷ·
2119 1906 2167 1958 οἱ
2204 1905 2260 1957 δέ
2301 1903 2445 1973 ὄχλοι
2488 1905 2538 1955 oi
2585 1903 2914 1972 προάγοντες
2962 1900 3123 1954 αὐτὸν
3167 1897 3300 1969 (ιο),
3351 1897 3445 1949 καὶ
3475 1898 3530 1948 οι

1959 1997 2370 2059 ἀκολουθοῦντες
2431 1996 2696 2066 ἔκραξαν·
2760 1994 2986 2047 Ὡσαννά
3041 1991 3118 2063 τῷ
3175 1991 3274 2062 υἱῷ
3327 1986 3526 2050 Δαυῖδ,

1959 2088 2315 2158 εὐλογημένος
2341 2089 2369 2140 ὁ
2391 2087 2682 2158 ἐρχόμενος
2697 2088 2754 2138 ἐν
2777 2086 2998 2156 ὀνόματι
3024 2083 3226 2154 Κυρίου
3245 2099 3256 2112 ·
3298 2079 3529 2134 Ὡσαννὰ.

1960 2182 2016 2233 ἐν
2063 2183 2175 2242 τοῖς
2221 2179 2481 2248 ὑψίστοις.
2529 2196 2548 2228 ι
2604 2177 2760 2247 Ἑξῆς
2807 2176 2863 2228 δὲ
2902 2175 3102 2229 τούτων
3148 2173 3294 2226 ἐστί·
3347 2189 3366 2223 ι
3412 2170 3532 2224 Kai.

1958 2270 2288 2333 εισελθόντος
2323 2269 2485 2322 αὑτοῦ
2526 2271 2604 2332 εἰς
2649 2268 3011 2340 Ἱεροσόλυμα,
3053 2265 3269 2334 ἐσείσθη
3301 2266 3449 2316 πᾶσα
3490 2262 3530 2334 ἡ

1959 2361 2132 2424 πόλις,
2163 2381 2182 2414 ι
2216 2362 2371 2416 ἅτινα
2401 2359 2750 2432 παρεθέμεθα
2779 2361 2836 2415 ἐν
2863 2362 2976 2422 τοῖς
2999 2359 3104 2429 πρὸ
3132 2357 3356 2410 τούτων.
3401 2354 3535 2408 Asi-

1958 2473 2092 2524 τερα
2119 2453 2260 2506 δὲτὰ
2279 2455 2504 2522 Μάρκου
2527 2469 2539 2482 ·
2587 2471 2606 2502 ι
2649 2451 2758 2504 Καὶ
2781 2452 2868 2503 ὅτε
2902 2450 3208 2518 ἐγγίζουσιν
3240 2448 3320 2509 είς
3366 2447 3532 2516 Ἱερο-

1963 2547 2184 2616 σόλυμα,
2237 2549 2315 2610 είς
2353 2545 2646 2616 Βηθφαγὴν
2688 2544 2781 2597 καὶ
2821 2541 3108 2613 Βηθανίαν,
3139 2539 3271 2610 πρὸς
3301 2540 3361 2591 τὸ
3400 2539 3532 2609 ὅρος

1958 2639 2065 2692 τῶν
2121 2638 2361 2702 Ἐλαιῶν,
2416 2635 2730 2693 ἀποστέλλει
2771 2633 2863 2687 δύο
2898 2634 3002 2687 τῶν
3051 2630 3303 2702 μαθητῶν
3337 2628 3529 2692 αὑτοῦ,

1959 2734 2053 2784 καὶ
2072 2730 2218 2798 λέγει
2246 2731 2457 2793 αὐτοῖς·
2508 2729 2776 2796 Ὑπάγετε
2806 2728 2883 2788 εἰς
2917 2724 3012 2796 τὴν
3045 2722 3235 2794 κώμην
3257 2721 3355 2792 τὴν
3397 2737 3534 2773 κατ-

1959 2822 2136 2876 έναντι
2167 2820 2336 2891 ὑμῶν,
2365 2821 2459 2874 καὶ
2489 2819 2647 2882 εὐθὺς
2673 2818 3022 2889 πορευόμενοι
3049 2817 3129 2878 εἰς
3152 2815 3344 2882 αὐτὴν,
3367 2814 3535 2883 εὑρή-

1963 2931 2081 2967 σετε
2115 2913 2290 2966 πῶλον
2318 2912 2616 2983 δεδεμένον,
2641 2913 2724 2981 ἐφ’
2753 2911 2809 2962 ὃν
2843 2910 3015 2972 οὐδεὶς
3045 2907 3194 2960 οὔπω
3221 2904 3531 2976 ἀνθρώπων

1961 3004 2207 3060 ἐκάθισε·
2243 3003 2438 3056 λύσατε
2462 3003 2644 3065 αὐτὸν,
2669 3003 2762 3055 καὶ
2796 3003 3006 3074 φέρετε.
3041 2999 3148 3052 Καὶ
3170 2997 3264 3051 ἐάν
3290 3015 3373 3060 τις
3401 2997 3534 3066 ὑμῖν

1963 3096 2090 3168 εἴπῃ
2109 3113 2123 3126 ·
2165 3096 2230 3148 Τί
2255 3098 2456 3148 ποιεῖτε
2487 3093 2673 3157 τοῦτο;
2714 3093 2925 3157 εἴπατε,
2954 3095 3038 3148 ὅτι
3067 3093 3095 3142 ὁ
3125 3089 3326 3159 Κύριος
3361 3085 3534 3140 αὐτοῦ

1964 3191 2150 3262 χρείαν
2197 3188 2328 3259 ἔχει,
2386 3186 2478 3240 καὶ
2535 3186 2695 3248 εὐθὺς
2741 3184 2901 3237 αὑτὸν
2951 3182 3234 3236 ἀποστελεῖ
3262 3175 3388 3234 ὦδε.
3419 3179 3533 3233 Καὶ

1963 3281 2223 3351 ἀπῆλθον,
2274 3279 2368 3333 καὶ
2413 3272 2572 3349 εὖρον
2617 3277 2794 3330 πῶλον
2842 3275 3120 3344 δεδεμένον
3180 3273 3314 3344 πρὸς
3359 3271 3535 3342 θύραν

1963 3372 2066 3438 ἐξω
2093 3373 2183 3424 ἐπὶ
2214 3371 2308 3424 τοῦ
2336 3369 2596 3440 ἀμφόδου,
2629 3367 2722 3420 καὶ
2752 3367 2967 3418 λύουσιν
3017 3363 3200 3417 αὐτόν.
3242 3363 3354 3415 Καί
3387 3377 3536 3424 τινες

1962 3465 2070 3518 τῶν
2097 3467 2210 3518 ἐκεῖ
2230 3464 2476 3516 ἑστώτων
2505 3462 2690 3528 ἔλεγον
2718 3461 2899 3522 αὐτοῖς
2917 3475 2930 3487 ·
2975 3457 3040 3509 Τί
3081 3459 3278 3508 ποιεῖτε
3313 3453 3536 3515 λύοντες

1964 3559 2054 3612 τὸν
2091 3557 2303 3621 πῶλον;
2340 3557 2403 3609 Οἱ
2434 3555 2489 3607 δέ
2529 3550 2681 3607 εἷπον
2721 3553 2901 3613 αὐτοῖς
2939 3548 3118 3612 καθὼς
3155 3545 3305 3600 εἶπεν
3343 3549 3372 3599 ὁ
3421 3546 3533 3614 ’1η-

1967 3650 2123 3714 σοῦς·
2171 3650 2263 3702 καὶ
2287 3648 2504 3718 ἀφῆκαν
2547 3643 2772 3708 αὐτούς·
2812 3643 2905 3696 καὶ
2951 3641 3169 3712 φέρουσι
3211 3638 3300 3690 τὸν
3355 3635 3536 3690 πῶλον

1967 3743 2101 3813 πρὸς
2129 3741 2216 3794 τὸν
2258 3738 2477 3810 Ἰησοῦν,
2510 3738 2602 3790 καὶ
2634 3735 3010 3790 ἐπιϐάλλουσιν
3058 3731 3204 3801 αὐτῷ
3241 3729 3310 3783 τὰ
3342 3729 3537 3799 ἱμάτια

1967 3839 2162 3892 αὐτῶν.
2202 3836 2383 3890 Ἄλλοι
2416 3835 2473 3888 δέ
2494 3833 2776 3896 στοιϐάδας
2805 3831 3066 3896 κόψαντες
3099 3831 3164 3881 ἐκ
3197 3826 3304 3878 τῶν
3347 3824 3535 3896 ἀγρῶν

1968 3931 2243 4002 ἔστρωσαν
2265 3929 2344 3991 είς
2361 3927 2457 3998 τὴν
2477 3927 2610 3980 ὀδόν.
2632 3926 2740 3978 Καὶ
2758 3927 2805 3976 οἱ
2835 3923 3185 3991 προάγοντες,
3217 3919 3310 3972 καὶ
3335 3920 3382 3971 οἱ
3411 3919 3540 3969 ἀκο-

1969 4021 2280 4083 λουθοῦντες
2292 4018 2520 4090 ἔκραζον
2533 4035 2545 4047 ·
2567 4014 2812 4078 Ὡσαννὰ,
2829 4014 3020 4083 εὐλογη
3031 4011 3223 4082 μένοςό
3242 4009 3536 4081 ἐρχόμενος

1970 4118 2027 4167 ἐν
2055 4113 2274 4182 ὀνόματι
2297 4109 2520 4182 κυρίου·
2548 4107 2894 4177 Εὐλογημένη
2930 4108 2962 4177 ἡ
2996 4104 3260 4176 ἐρχομένη
3289 4101 3538 4171 βασιλεία

1969 4206 2060 4258 τοῦ
2096 4204 2306 4275 Πατρὸς
2336 4203 2490 4273 ἡμῶν
2519 4200 2704 4254 Δαυῖὄ·
2763 4199 2991 4251 Ὡσαννά
3024 4199 3080 4248 ἐν
3125 4199 3236 4258 τοῖς
3269 4194 3534 4262 ὑψίστοις.

1971 4297 2080 4349 Καὶ
2101 4295 2344 4365 εἰσῆλθεν
2371 4297 2448 4357 είς
2489 4294 2851 4363 Ἱεροσόλυμα,
2877 4291 2954 4351 εἰς
2975 4288 3035 4341 τὸ
3061 4288 3224 4356 ἱερὸν,
3256 4287 3350 4338 καὶ
3383 4301 3536 4355 περι-

310 4379 658 4448 rosolymam.
690 4382 755 4435 Et
781 4383 1054 4452 ingressus
1077 4385 1128 4438 in
1167 4387 1442 4454 templum,
1472 4390 1637 4457 tmpit
1668 4391 1861 4459 ejicere

1974 4389 2302 4458 ϐλεψάμενος
2333 4386 2529 4449 πάντα,
2565 4385 2660 4453 όψέ
2693 4383 2792 4453 ἤδη
2839 4381 3004 4450 οὔσης
3034 4381 3131 4449 τῆς
3168 4378 3333 4448 ὧρας,
3382 4376 3538 4442 ἐξῆλ-

311 4472 620 4538 vendentes,
659 4494 676 4526 ι
714 4484 768 4526 et
795 4491 913 4544 quae
957 4491 1258 4544 sequuntur
1298 4483 1441 4536 ltunc
1485 4483 1538 4536 in
1575 4485 1790 4538 modum
1837 4502 1866 4540 a

307 4560 450 4616 Luca
483 4576 701 4620 narrata
724 4568 802 4621 9‘:
845 4587 863 4619 ι
900 4569 966 4622 Et
998 4573 1198 4637 evenit,
1231 4589 1353 4626 cum
1382 4579 1870 4646 appropinquasset

315 4657 380 4706 ad
409 4655 708 4729 Bethphage
729 4671 782 4716 et
815 4663 1152 4728 Bethaniam,
1186 4665 1342 4732 juxta
1369 4677 1622 4732 montem,
1650 4673 1740 4738 qui
1773 4688 1866 4725 vo-

313 4759 466 4802 catur
491 4749 782 4816 Olivarnm,
811 4757 1108 4810 misitduos
1131 4757 1445 4825 discipulos,
1472 4762 1686 4816 dicens:
1715 4763 1871 4818 Abite

312 4843 366 4894 itt
417 4845 694 4897 castellum
728 4849 870 4916 quod
916 4859 999 4902 est
1031 4864 1097 4902 ex
1131 4853 1381 4917 adverso,
1436 4853 1488 4905 in
1523 4855 1665 4922 quod
1701 4857 1870 4911 intro-

311 4945 502 4990 enntes
555 4938 836 4994 invenietis
879 4937 1078 5010 pullum
1129 4944 1447 5011 alligatum,
1487 4948 1537 5000 in
1572 4963 1678 5016 quo
1713 4965 1869 5003 nemo

314 5044 546 5096 unquam
581 5030 854 5084 hominum
881 5034 1058 5099 sedit;
1091 5036 1282 5090 solvite
1305 5037 1479 5102 illum,
1502 5049 1557 5092 et
1585 5041 1866 5106 adducite;

312 5135 361 5175 et
389 5123 431 5177 si
462 5123 582 5191 quis
610 5139 703 5177 vos
731 5125 1175 5194 interrogaverit:
1207 5129 1386 5194 Quare
1409 5132 1658 5186 solvitis?
1684 5131 1762 5187 sic
1785 5133 1869 5188 di-

311 5216 480 5270 cetis:
515 5215 649 5282 Quia
687 5216 945 5272 Dominus
983 5235 1047 5273 eo
1079 5235 1214 5289 Opus
1250 5221 1430 5275 habet.
1469 5224 1734 5278 Abierant
1775 5241 1871 5279 att-

335 5321 419 5360 ent
451 5309 723 5380 discipuli,
757 5321 809 5364 et
851 5311 1169 5367 invenerunt
1199 5315 1339 5369 sicut
1373 5316 1586 5370 dixerat
1614 5319 1713 5374 eis.
1753 5318 1869 5375 Sol-

379 5403 425 5434 ⁶³
451 5407 614 5461 Marc.
692 5421 767 5466 x1.
801 5405 826 5458 1
861 5423 978 5478 seq.
1055 5409 1102 5440 ⁵⁵
1128 5408 1256 5462 Luc.
1292 5425 1402 5472 xix,
1432 5409 1502 5463 29
1538 5425 1656 5478 seq.

385 5501 494 5565 (37)
525 5503 701 5558 Codex
727 5503 1067 5566 Bodleiantts,
1106 5504 1244 5556 κατά
1274 5505 1572 5557 Ματθαῖον.

385 5571 494 5639 (58)
524 5573 664 5625 Idem
693 5577 858 5627 codex
889 5573 1228 5635 Bodleianns,
1257 5575 1556 5626 κατέναντι.

388 5642 495 5710 (59)
534 5642 672 5695 Idem
713 5646 878 5699 codex
922 5645 1261 5710 Bodleiattus,
1292 5647 1378 5696 ἐπ’
1414 5645 1588 5699 αὐτόν.

1973 4483 2060 4536 θεν
2083 4484 2160 4545 εἰς
2180 4481 2445 4552 Βηθανίαν
2476 4480 2614 4550 μετά
2639 4476 2746 4529 τῶν
2770 4473 2996 4536 δώδεκα,
3051 4475 3146 4526 καὶ
3180 4474 3244 4541 τῇ
3277 4471 3537 4541 ἐπαύριον

1974 4575 2291 4642 ἐξελθόντων
2334 4573 2510 4626 αὐτῶν
2551 4575 2660 4629 ἀπὸ
2689 4575 2974 4645 Βηθανίας,
3017 4572 3320 4626 ἐπείνασεν,
3357 4587 3373 4618 ι
3406 4563 3538 4618 Εἶτα

1979 4668 2113 4737 μετὰ
2149 4667 2245 4738 τὴν
2279 4668 2375 4737 τῆς
2409 4668 2799 4738 ξηραινομένης
2829 4666 2996 4735 συκῆς
3041 4660 3372 4730 οἰκονομίαν,
3411 4679 3427 4708 ι
3460 4657 3540 4727 ἔρα

1977 4779 2160 4832 χονται
2196 4763 2273 4824 εἰς
2320 4761 2680 4831 Ἰεροσόλυμα.
2735 4760 2842 4812 Καὶ
2882 4756 3133 4812 εἰσελθὼν
3173 4756 3252 4817 εἰς
3288 4754 3350 4805 τὸ
3397 4751 3538 4822 ἱερὸν

1975 4858 2175 4929 ἤρξατο
2199 4856 2475 4909 ἐκϐάλλειν
2505 4855 2631 4916 τοὺς
2663 4852 2996 4915 πωλοῦντας,
3024 4870 3042 4902 ι
3068 4849 3166 4903 καὶ
3183 4847 3250 4901 τὰ
3283 4847 3411 4916 ἑξῆς
3448 4842 3535 4896 τοῦ

1974 4952 2158 5004 Λουκᾶ
2203 4951 2310 5021 (41)
2361 4950 2546 5004 τοῦτον
2591 4951 2683 5004 τὸν
2713 4948 2943 5020 τρόπον·
2981 4965 2999 4996 ι
3031 4945 3141 4997 Καὶ
3191 4941 3411 5006 ἐγένετο
3465 4937 3539 4999 ὡς

1975 5045 2198 5116 ἤγγισεν
2237 5047 2314 5106 εἰς
2347 5042 2636 5116 Βηθφαγὴν
2679 5043 2770 5094 καὶ
2809 5039 3095 5111 Βηθανίαν,
3141 5035 3274 5106 πρὸς
3318 5033 3379 5085 τὸ
3418 5031 3539 5100 ὅρος

1975 5137 2035 5188 τὸ
2065 5135 2390 5206 καλούμενον
2438 5134 2682 5197 Ἐλαιῶν,
2715 5131 2996 5187 ἀπέστειλε
3026 5128 3118 5181 δύο
3142 5127 3250 5178 τῶν
3287 5121 3539 5194 μαθητῶν

1976 5231 2174 5300 λέγων·
2230 5230 2498 5297 Ὑπάγετε
2536 5230 2614 5291 εἰς
2653 5227 2749 5298 τὴν
2797 5225 3076 5280 κατέναντι
3125 5221 3354 5292 κώμην,
3401 5219 3459 5268 ἐν

1976 5323 2412 5394 εἰσπορευόμενοι
2451 5322 2709 5395 εὑρήσετε
2770 5319 2946 5373 πῶλον
2997 5314 3273 5385 δεδεμένον
3297 5351 3311 5377 ,
3350 5309 3435 5380 ἐφ’
3480 5307 3538 5360 ὃν

2041 5514 2154 5581 (40)
2191 5513 2369 5566 Codex
2397 5508 2745 5582 Borlleiantts,
2773 5502 2973 5582 αὐτοῦζ

2041 5570 2151 5655 (id)
2181 5583 2321 5638 ldcut
2348 5581 2513 5638 codex
2545 5578 2884 5642 Bodleianus,
2908 5572 2985 5643 τῷ
3006 5570 3203 5639 Λουκᾷ.
