3766 6142
195 343 292 400 ΜΒ

1277 321 1629 382 COMMENT.
1674 317 1740 374 IN
1776 314 1969 372 JOAN.
2004 311 2237 370 TOMUS
2281 309 2344 362 Χ.

3282 288 3384 343 Sil!

191 451 353 513 ουδεὶς
385 446 596 502 πώποτε
633 443 934 514 ἀνθρώπων
974 440 1195 495 ἐκάθισε
1216 456 1228 470 ·
1278 438 1536 499 λύσαντες
1577 433 1738 488 αὑτὸν

1855 429 2094 485 rentibus
2117 436 2297 480 autem
2337 419 2439 472 illis
2470 414 2704 484 pullum,
2754 409 3008 464 dixerunt
3040 401 3240 458 domini
3279 400 3395 468 ejus

2310 513 2317 514 ί
2366 512 2374 514 ‘
2410 510 2420 514 ‘
2557 506 2588 514 ··
2711 500 2735 514 ﬁ
2797 511 2807 514 -
2839 498 2910 514 ἰ·-
2960 496 3189 514 ιε---η---ι
3218 509 3229 514 -
3263 490 3394 514 n..:..

191 545 442 610 ἀγάγετε·
482 538 580 591 καὶ
621 537 716 591 ἐάν
760 553 845 598 τις
889 533 1032 603 ὑμᾶς
1080 532 1291 602 ἐρωτᾷ·
1336 529 1435 583 Διά
1465 527 1516 580 τί
1546 525 1734 590 λύετε;

190 636 354 695 οὕτως»
396 632 595 701 ὲρείτε’
649 628 772 680 Ὅτι
820 627 849 677 6
895 623 1096 694 Κύριος
1147 620 1310 674 αὐτοῦ
1364 619 1550 690 χρείαν
1603 617 1736 687 ἔχει.

204 725 535 786 Ἀπελθόντες
560 722 618 776 δὲ
647 727 697 774 οὶ
737 717 990 790 μαθηταὶ,
1029 711 1186 784 εὗρον
1214 714 1323 785 (42)
1353 714 1427 776 ὡς
1457 709 1608 766 εἶπεν
1638 711 1738 764 αύ-

191 819 309 879 τοίςο.
345 814 590 888 Δυόντων
622 811 679 863 δέ
712 807 890 864 αὐτῶν
930 806 1020 858 τὸν
1050 804 1244 867 πῶλον,
1289 799 1445 856 εἶπαν
1481 805 1531 856 οἱ
1563 801 1740 871 κύριοι

191 905 339 962 αὑτοῦ
365 906 499 977 πρὸς
531 901 726 964 αὐτούς
750 917 762 930 ⁸
795 900 858 953 Τί
881 898 1032 950 λύετε
1052 897 1141 950 τὸν
1171 894 1376 960 πῶλον;
1399 897 1447 947 οἱ
1469 893 1526 946 δὲ
1549 889 1707 946 εἶπαν
1723 907 1736 922 ⁸

194 1001 302 1052 Ὅτι
334 1001 362 1051 6
397 996 603 1067 Κύριος
632 992 797 1047 αὑτοῦ
825 990 1010 1062 χρείαν
1038 989 1170 1059 ἔχει.
1206 987 1314 1041 Καὶ
1339 987 1542 1057 ῆγαγον
1580 983 1740 1038 αὑτὸν

191 1088 312 1158 πρὸς
342 1088 433 1140 τὸν
474 1083 701 1156 Ἰησοῦν,
727 1083 820 1136 καὶ
839 1080 1226 1152 ἐπιρῥίψαντες
1251 1078 1426 1133 αὐτῶν
1451 1077 1520 1131 τὰ
1549 1077 1740 1148 ἱμάτια

191 1181 276 1233 ἐπὶ
297 1179 387 1231 τὸν
416 1177 618 1238 πῶλον,
652 1173 984 1230 ἐπεϐίϐασαν
1001 1171 1094 1224 τὸν
1121 1169 1345 1243 Ἰησοῦν.
1368 1168 1739 1240 Πορευομένου

195 1272 244 1326 δὲ
266 1267 446 1332 αὑτοῦ,
475 1265 881 1337 ὑπεστρώννυον
917 1263 985 1317 τά
1021 1263 1208 1334 ἱμάτια
1238 1262 1415 1317 αὐτῶν
1450 1264 1508 1315 ἐν
1522 1263 1587 1331 τῇ
1617 1261 1737 1331 ὁᾶῖ).

202 1357 526 1426 ἐγγίζοντος
555 1355 613 1409 δέ
655 1353 818 1409 αὑτοῦ
871 1353 969 1425 ἤδη
1023 1353 1160 1424 πρὸς
1192 1356 1256 1423 τῇ
1302 1351 1600 1406 καταϐάσει
1647 1349 1742 1403 τοῦ

189 1451 334 1520 ὅρους
358 1447 469 1502 τῶν
508 1447 753 1512 Ἐλαιῶν,
785 1445 984 1518 ἤρξατο
1011 1445 1154 1500 ἅπαν
1183 1445 1244 1499 τὸ
1273 1445 1476 1515 πλῆθος
1495 1442 1602 1498 τῶν
1637 1459 1743 1513 μα-

192 1543 353 1612 θητῶν
388 1541 670 1612 χαίροντες
715 1537 810 1592 καὶ
863 1535 1134 1600 αἰνοῦντες
1168 1537 1259 1590 τὸν
1285 1536 1417 1589 Θεὸν
1464 1537 1613 1606 φωνῇ
1650 1551 1746 1604 με-

191 1636 315 1707 γάλῃ
361 1635 490 1706 περὶ
543 1632 731 1686 πασῶν
785 1625 860 1687 ὧν
906 1626 1042 1683 εἶδον
1092 1629 1402 1700 δυνάμεων,
1460 1627 1739 1696 λέγοντεςο

192 1724 552 1796 Εὐλογημένος
587 1725 616 1776 6
646 1721 894 1792 βασιλεὺς
931 1722 990 1773 ἐν
1026 1719 1248 1789 ὀνόματι
1292 1717 1498 1789 Κυρίου
1519 1735 1532 1747 ·
1568 1719 1625 1770 ἐν
1656 1717 1745 1769 ού-

193 1814 323 1888 ρανῷ
349 1816 568 1886 εἰρήνη,
598 1813 690 1866 καὶ
729 1810 853 1875 δόξα
897 1812 954 1864 ἐν
985 1810 1246 1879 ὑψίστοις.
1300 1808 1408 1862 Καί
1451 1825 1596 1870 τινες
1636 1805 1744 1860 τῶν

190 1908 480 1979 Φαρισαίων
516 1906 624 1960 ἀπὸ
655 1904 746 1959 τοῦ
784 1903 942 1974 ὄχλου
986 1899 1142 1956 εἶπαν
1177 1901 1313 1971 πρὸς
1355 1899 1548 1954 αὐτόν·
1587 1898 1744 1951 Διδά-

191 2000 360 2062 σκαλε,
389 1998 717 2068 ἐπιτίμησον
756 1997 867 2059 τοῖς
905 1993 1172 2065 μαθηταῖς
1218 2009 1331 2045 σου.
1375 1991 1484 2044 Καὶ
1517 1990 1747 2060 ἀποκρι-

190 2091 292 2153 θεὶς
337 2084 491 2142 εἶπε·
540 2088 699 2155 Λέγω
746 2085 894 2155 ὑμῖν,
941 2082 1036 2135 ἐὰν
1084 2074 1228 2134 οὗτοι
1279 2081 1646 2152 σιωπήσωσιν,
1697 2079 1746 2132 oi

189 2180 311 2234 λίθοι
343 2179 722 2250 κεκράξονται.
755 2176 864 2229 Καὶ
885 2176 960 2238 ὡς
987 2175 1232 2245 ἤγγισεν,
1278 2171 1400 2226 ίδὼν
1439 2171 1536 2245 τὴν
1571 2169 1744 2235 πόλιν,

189 2272 435 2325 ἔκλαυσεν
471 2271 560 2323 ἐπ’
601 2269 790 2340 αὐτὴν,
839 2285 859 2321 δ
893 2267 986 2322 καὶ
1023 2265 1090 2319 τὰ
1127 2265 1274 2336 ἑξῆς,
1318 2264 1460 2334 ἅπερ
1518 2261 1747 2334 παρεθέ-

194 2357 336 2427 μεθα.
385 2358 441 2410 '0
472 2355 722 2427 μέντοιγε
778 2353 1026 2421 Ἰωάννης
1061 2352 1197 2422 μετὰ
1224 2350 1448 2404 πλεῖστα
1487 2351 1586 2404 ὅσα
1627 2349 1744 2413 τοῦ,

194 2467 210 2497 ι
239 2449 339 2500 Καὶ
359 2447 529 2517 ἀνέϐη
555 2450 634 2508 είς
669 2443 1008 2514 Ἱεροσόλυμα
1041 2442 1069 2493 6
1113 2439 1337 2510 Ἰησοῦς,
1375 2439 1469 2492 καὶ
1509 2431 1668 2508 εὗρεν
1690 2440 1747 2491 ἐν

191 2538 257 2607 τῷ
277 2538 400 2610 ἱερῷ
421 2539 552 2601 τοὺς
579 2535 888 2598 πωλοῦντας
907 2535 1032 2596 τοὺς
1054 2532 1200 2603 βόας,
1227 2531 1320 2585 καὶ
1343 2531 1411 2584 τὰ
1432 2530 1697 2601 πρόϐατα,
1723 2549 1741 2582 ι

189 2630 366 2702 ἑτέραν
413 2629 770 2700 διηγούμενος
803 2625 986 2680 ἄνοδον
1018 2623 1110 2676 τοῦ
1143 2622 1346 2694 Κυρίου
1393 2623 1472 2686 εἰς
1522 2620 1748 2692 Ἱεροσό-

190 2719 340 2790 ὶιμα,
368 2719 550 2775 ταῦτά
570 2736 700 2789 φησι
728 2717 864 2788 μετά
894 2715 954 2768 τὸ
986 2714 1090 2784 πρὸ
1111 2710 1173 2777 ἐξ
1194 2713 1410 2785 ἡμερῶν
1435 2711 1527 2768 τοῦ
1558 2713 1750 2784 Πάσχα

191 2813 242 2865 ἐν
272 2811 514 2882 Βηθανίᾳ
557 2811 791 2873 δεῖπνον,
850 2809 906 2860 ἐν
945 2799 990 2876 ᾧ
1034 2808 1066 2876 ἡ
1107 2805 1305 2876 Μάρθα
1348 2806 1456 2876 (45)
1491 2806 1747 2876 διηκόνει,

197 2899 278 2949 καὶ
306 2899 334 2951 6
355 2897 607 2968 Λάζαρος
629 2898 872 2952 ἀνέκειτο
891 2914 904 2927 ·
945 2913 966 2949 ι
1006 2897 1083 2966 Τῇ
1107 2895 1364 2968 ἐπαύριον
1396 2896 1551 2967 ὄχλος
1583 2897 1750 2960 πολὺς

187 2994 214 3044 6
255 2989 414 3044 ἐλθὼν
459 2991 547 3054 είς
594 2990 691 3061 τὴν
743 2989 953 3060 ἑορτὴν,
1010 2989 1337 3051 ἀκούσαντες
1408 2988 1489 3041 ὅτι
1535 2987 1750 3059 ἔρχεται

189 3082 215 3133 6
269 3081 467 3177 Ἰησοῦς
529 3083 610 3177 είς
633 3083 1012 3177 -ζίεροσόλυμα
1034 3122 1048 3144 ,
1104 3080 1294 3134 ἔλαϐον
1339 3079 1408 3134 τὰ
1459 3079 1586 3151 βάῖα
1644 3079 1752 3135 τῶν
1781 3118 1824 3177 C

189 3174 449 3241 φοινίκων,
473 3173 576 3227 καὶ
596 3173 814 3244 ἐξῆλθον
839 3175 918 3236 είς
941 3173 1245 3244 ἀπάντησιν
1269 3171 1438 3242 αὐτῷ,
1467 3172 1561 3225 καὶ
1589 3171 1753 3243 ἔκρα-

191 3263 274 3328 ζον
293 3281 308 3296 ο
348 3264 603 3329 Ὡσαννὰ,
637 3263 992 3335 εὐλογημένος
1021 3265 1077 3318 ἐν
1104 3262 1328 3332 ὀνόματι
1367 3261 1574 3333 Κυρίου
1601 3263 1629 3314 6
1657 3260 1754 3330 βα-

193 3356 359 3420 σιλεὺς
403 3356 496 3409 τοῦ
564 3355 798 3426 Ἰσραήλ.
841 3353 1028 3426 Εύρὼν
1080 3353 1136 3407 δὲ
1184 3354 1212 3404 6
1269 3351 1476 3424 Ἰησοῦς
1520 3351 1752 3422 ὀνάριον,

194 3448 430 3502 ἐκάθισεν
455 3449 544 3500 ἐπ’
571 3447 737 3501 αὑτοῦ
773 3447 906 3518 (44),
955 3445 1134 3508 καθώς
1185 3447 1298 3498 ἐστι
1339 3442 1716 3515 γεγραμμένον
1737 3458 1750 3470 '

195 3539 277 3610 Μὴ
303 3539 488 3609 φοϐοῦ,
520 3538 760 3608 θύγατερ
787 3537 922 3591 Σιών
941 3555 954 3568 ·
995 3537 1103 3590 ἰδοῦ
1129 3538 1157 3588 6
1192 3535 1441 3606 βασιλεύς
1486 3552 1575 3588 σου
1606 3533 1758 3606 ἔρχε-

195 3647 276 3684 ται
309 3631 615 3703 καθήμενος
663 3631 756 3683 ἐπὶ
792 3629 968 3684 πῶλον
1001 3629 1145 3684 ὄνου.
1172 3649 1190 3681 ›
1235 3628 1418 3682 Ταῦτα
1447 3628 1504 3681 δὲ
1531 3627 1754 3699 νομίζω,

193 3723 237 3772 εί
280 3723 371 3775 καὶ
419 3722 701 3776 ἐπιπλεῖον
747 3722 857 3793 (45)
900 3722 1000 3792 τῆς
1041 3721 1237 3788 λέξεως
1283 3719 1598 3791 παρεθέμην
1647 3719 1756 3772 τῶν

192 3813 609 3882 εὐαγγελιστῶν,
639 3814 947 3881 ἀναγκαίως
972 3812 1344 3883 πεποιηκέναι,
1375 3811 1512 3883 ὑπὲρ
1534 3810 1625 3863 σοῦ
1659 3828 1757 3863 κα-

195 3906 446 3975 ταστῆσαι
495 3905 598 3974 τὴν
650 3903 788 3958 κατὰ
833 3904 894 3956 τὸ
939 3904 1099 3976 ῥητὸν
1143 3902 1434 3971 διαφωνίαν
1459 3920 1472 3934 ·
1511 3902 1618 3954 τῶν
1660 3903 1758 3972 μὲν

193 3995 348 4065 τριῶν
374 3998 432 4049 ἐν
484 3997 589 4067 μιᾷ
615 3999 680 4067 τῇ
702 3997 838 4067 αὐτῇ
879 3999 957 4059 εἰς
997 3994 1340 4066 Ἱεροσόλυμα
1367 3993 1630 4064 ἐπιδημίᾳ
1659 3992 1754 4046 τοῦ

197 4087 390 4157 Κυρίου
435 4087 705 4156 λεγόντων
747 4086 818 4139 τὰ
849 4085 1175 4158 νομιζόμενα
1208 4084 1359 4156 παρά
1406 4085 1516 4147 τοῖς
1547 4082 1758 4146 πολλοῖς

194 4176 258 4228 τὰ
287 4177 422 4230 αὑτά
472 4173 615 4229 εἶναι
659 4177 752 4230 καὶ
782 4174 858 4246 τῷ
894 4174 1110 4243 Ἰωάννῃ
1137 4175 1497 4246 γεγραμμένα
1521 4192 1535 4206 ο
1565 4175 1659 4229 τοῦ
1702 4175 1758 4228 δὲ

205 4264 440 4321 Ἰωάννου
465 4271 525 4322 ἐν
553 4268 701 4320 δυσὶν
731 4267 835 4321 ὑπὸ
867 4266 1074 4320 πολλῶν
1115 4264 1344 4338 πράξεσι
1372 4265 1755 4337 διισταμέναις,

201 4358 391 4426 μεταξὺ
439 4359 808 4431 δηλουμένων.
851 4359 942 4412 καὶ
974 4360 1054 4422 είς
1083 4357 1368 4428 διαφόρους
1410 4358 1606 4422 τόπους
1641 4359 1760 4410 ἐπι-

1843 522 2002 592 ipsis:
2033 519 2214 586 Quare
2244 510 2454 568 solvitis
2481 500 2735 574 pullum?
2761 511 2815 553 at
2838 498 2912 553 illi
2942 496 3231 550 dixerunt:
3263 490 3397 554 Quia

1842 578 2102 669 Dominus
2140 623 2205 662 eo
2235 619 2369 674 opus
2400 601 2580 654 habet.
2619 595 2684 647 Et
2721 591 2992 646 duxerunt
3024 584 3172 639 illum
3211 582 3280 634 ad
3312 578 3401 634 Je-

1841 719 1958 760 sum
1998 722 2010 756 :
2062 672 2384 768 iniectisque
2417 684 2752 743 vestimentis
2801 681 2916 736 suis
2959 691 3120 744 super
3165 672 3398 742 pullum.

1843 761 2212 865 imposuerunt
2253 761 2460 841 Jesum.
2484 777 2868 834 Proﬁciscente
2905 779 3085 823 autem
3126 765 3241 831 illo,
3271 761 3399 817 sub-

1841 859 2154 939 ste'rnebant
2207 876 2526 931 vestimenta
2568 883 2664 922 sua
2714 865 2766 918 in
2811 862 2916 915 via.
2955 859 3020 912 Et
3061 871 3181 910 cum
3210 868 3405 922 appro-

1840 977 2126 1046 pinquaret
2157 969 2268 1040 jam
2295 968 2360 1021 ad
2389 965 2706 1019 descensum
2743 952 2941 1008 montis
2968 949 3264 1008 Olivarum,
3293 957 3404 996 cm-

1841 1035 2036 1134 perunt
2083 1035 2262 1116 omnis
2326 1051 2614 1109 multitudo
2676 1041 3058 1112 discipulorum
3114 1035 3403 1106 gaudentes

1842 1155 2062 1212 laudare
2089 1151 2257 1206 Deum
2290 1159 2423 1201 voce
2453 1157 2644 1212 magna
2674 1153 2836 1206 super
2859 1132 3131 1195 onmibus,
3168 1141 3304 1196 quas
3327 1125 3406 1175 vi-

1844 1251 2054 1311 derant,
2080 1239 2391 1304 virtutibus,
2422 1237 2664 1291 dicentes
2700 1250 2713 1284 :
2743 1227 3068 1282 Benedictus
3093 1236 3187 1275 rex
3218 1221 3272 1271 in
3310 1231 3407 1270 no-

1843 1343 1988 1397 mine
2027 1335 2275 1400 Domini;
2332 1345 2431 1400 pax
2457 1328 2512 1383 in
2543 1325 2706 1389 crelo,
2733 1332 2786 1377 et
2817 1319 2984 1391 gloria
3013 1318 3066 1370 in
3097 1309 3399 1368 altissimisl

1845 1433 1914 1487 Ει
1937 1431 2154 1502 quidam
2181 1425 2584 1481 Pharisaeorum
2609 1433 2640 1472 e
2675 1415 2830 1471 turba
2857 1411 3108 1465 dixerunt
3141 1405 3217 1460 illi
3245 1422 3260 1457 :
3295 1401 3406 1454 illa-

1844 1497 2043 1596 gister,
2083 1523 2297 1590 increpa
2333 1512 2622 1583 discipulos
2649 1521 2792 1565 tuos.
2820 1505 3026 1572 Quibus
3049 1497 3402 1566 respondens,

1844 1619 1951 1672 ait:
1987 1615 2118 1669 Dico
2150 1611 2325 1676 vobis,
2359 1608 2400 1662 si
2427 1606 2482 1661 hi
2508 1601 2798 1664 tacuerint,
2825 1596 3028 1666 lapides
3051 1592 3404 1648 clamaturos.

1847 1709 1913 1764 Et
1942 1719 1998 1764 ut
2030 1699 2520 1776 appropinquavit,
2555 1694 2780 1750 intuitus
2810 1690 3108 1748 civitatem,
3136 1681 3280 1734 ﬂevit
3311 1693 3405 1731 su-

1847 1818 1944 1872 per
1979 1769 2149 1863 illa-ni,
2182 1769 2216 1848 »-
2240 1769 2447 1862 etquae
2482 1795 2780 1856 Sequuntur
2816 1799 2846 1836 a
2889 1778 3044 1834 nobis
3077 1772 3268 1844 posita.
3319 1769 3410 1822 At-

1845 1863 1948 1962 que
1968 1891 2202 1947 Joannes
2231 1895 2350 1956 post
2373 1883 2587 1938 illud“:
2611 1897 2629 1930 ε
2667 1879 2733 1932 Ει
2763 1872 3007 1928 ascendit
3035 1869 3192 1924 Jesus
3215 1863 3407 1916 Hiero-

1845 1960 2131 2057 solytnam,
2169 1989 2222 2034 et
2257 1977 2459 2048 reperit
2501 1975 2554 2028 in
2588 1969 2792 2039 templo
2826 1965 3124 2020 vendentes
3157 1970 3309 2018 Oves,
3355 1960 3412 2006 et

1844 2076 2038 2140 boves,
2067 2093 2085 2126 ι
2123 2071 2372 2141 pluribus
2401 2063 2721 2132 interiectis,
2754 2060 2981 2114 alterum
3009 2049 3218 2108 Domini
3249 2060 3408 2102 enar-

1846 2183 1971 2224 raus
1998 2167 2066 2220 ad
2099 2161 2522 2231 Hierosolymam
2555 2167 2839 2210 ascensum
2889 2155 3006 2217 post
3052 2159 3173 2200 eam
3200 2150 3411 2195 coartans

1845 2273 1966 2330 qua:
2010 2253 2287 2310 Bethania:
2337 2229 2438 2303 fuit
2472 2255 2599 2300 ante
2649 2259 2740 2298 sex
2798 2241 2912 2295 dies
2946 2233 3226 2292 Paschalis
3253 2232 3320 2295 ⁸⁸,
3358 2229 3414 2282 in

1847 2324 1951 2421 qua
2013 2347 2220 2402 Martha
2315 2338 2658 2395 ministrabat
2737 2333 2946 2388 Lazaro
3010 2324 3411 2386 accumbente,

1848 2417 1963 2498 haec
2013 2438 2189 2508 inquit
2237 2435 2280 2467 ⁸⁷
2321 2451 2384 2490 ιι
2450 2430 2673 2486 Postero
2724 2427 2810 2480 die
2859 2422 3013 2476 turba
3053 2417 3242 2480 multa,
3295 2427 3415 2482 qua:

1848 2538 2111 2586 venerant
2157 2529 2225 2582 ad
2273 2525 2416 2580 diem
2463 2519 2704 2584 festum,
2757 2529 2880 2570 cum
2943 2511 3225 2566 audissent
3272 2503 3415 2574 quod

1848 2627 2058 2682 veniret
2102 2624 2260 2679 Jesus
2317 2615 2778 2684 Hierosolymam,
2845 2610 3174 2676 acceperunt
3237 2613 3418 2654 ramos

1853 2718 2010 2790 183
2039 2717 2360 2787 palmarum,
2386 2721 2442 2766 et
2469 2713 2850 2780 processerunt
2874 2700 3086 2755 obviam
3119 2696 3191 2760 ei,
3217 2703 3273 2746 et
3305 2691 3418 2746 cla-

1850 2813 2070 2866 mabant
2101 2825 2114 2861 :
2146 2807 2419 2866 llosanna,
2477 2798 2792 2855 benedictus
2824 2794 2892 2862 .in
2939 2789 3158 2843 nomine
3201 2781 3413 2838 Dontini

1851 2916 1946 2956 rex
1971 2899 2224 2954 lsraelisl
2266 2895 2467 2948 Nactus
2505 2901 2684 2945 autem
2716 2885 2875 2942 Jesus
2919 2882 3184 2942 asellum,
3216 2876 3419 2932 insedit

1849 2993 1921 3060 ei,
1975 2991 2117 3047 sicut
2155 2989 2417 3057 scriptum
2475 2993 2554 3037 est
2593 2979 2784 3034 “:Ne
2837 2983 3041 3038 metue,
3085 2970 3193 3024 ﬁlia
3255 2967 3415 3032 Sion;

1858 3097 1986 3138 ecce
2016 3083 2132 3136 Rex
2169 3091 2290 3134 tuus
2331 3076 2478 3131 venit
2500 3075 2695 3129 sedens
2728 3083 2888 3138 super
2927 3063 3129 3135 pullum
3183 3061 3370 3115 asinae.
3395 3076 3416 3110 ι

1855 3176 2026 3232 Porro
2082 3174 2198 3229 haec
2239 3185 2326 3226 me
2395 3165 2702 3222 necessario
2758 3161 2951 3215 fecisse
3001 3171 3160 3221 reor,
3206 3150 3420 3208 etiamsi

1856 3265 2253 3339 quamplurima
2319 3256 2775 3328 evangelistarum
2834 3250 3000 3305 verba
3053 3246 3267 3302 citarim
3298 3281 3314 3308 ,
3365 3249 3423 3295 ut

1855 3335 2200 3418 ostenderem
2232 3353 2624 3411 dissonantium
2665 3363 2784 3418 quae
2816 3354 2900 3400 est
2943 3345 2995 3396 in
3031 3349 3179 3394 textu
3208 3355 3222 3391 :
3252 3335 3422 3389 tribus

1857 3451 2072 3519 quidem
2100 3447 2154 3500 in
2193 3459 2300 3498 uno
2322 3442 2621 3509 eodemque
2641 3435 2852 3492 Domini
2889 3433 2956 3487 ad
2995 3426 3420 3498 Hierosolymam

1856 3517 2094 3595 adventu
2121 3534 2428 3590 dicentibus
2457 3545 2521 3586 ea
2554 3543 2674 3598 quae
2715 3525 2870 3582 multi
2893 3522 3203 3578 existimant
3230 3517 3419 3572 eadem

1856 3648 1975 3688 esse
1997 3645 2118 3685 cum
2145 3628 2232 3682 his
2259 3641 2379 3697 quae
2407 3623 2645 3680 Joannes
2673 3621 2836 3676 etiam
2866 3614 3182 3685 scripserit;
3214 3610 3423 3666 Joanne

1857 3737 1986 3776 vero
2019 3722 2133 3776 haec
2175 3733 2297 3788 qua:
2337 3713 2689 3784 exposuimus
2713 3750 2728 3773 ,
2773 3706 3041 3762 referente
3082 3703 3220 3756 facta
3261 3701 3425 3754 fuisse

1859 3816 1910 3869 in
1957 3814 2167 3868 duobus
2221 3808 2426 3864 Domini
2482 3803 2796 3862 ascensibus
2837 3800 2902 3854 ad
2954 3794 3424 3864 Hierosolymam.

1858 3915 2018 3973 atque
2051 3901 2283 3957 diversis
2312 3897 2747 3963 distantibusqne
2777 3890 3102 3952 actionibus,
3132 3892 3426 3944 enarrante

1856 3997 2019 4050 etiam
2045 3993 2327 4048 Dominum
2355 3988 2578 4044 interim
2610 3988 2678 4040 ad
2713 3985 2923 4039 diversa
2969 3981 3086 4035 loca
3126 3977 3423 4046 profectum

1859 4088 2044 4142 fuisse.
2093 4085 2284 4152 Itaque
2335 4095 2513 4135 meum
2557 4087 2640 4134 est
2670 4075 2928 4144 judicium
2965 4071 3185 4125 minime
3215 4065 3429 4124 ostendi

1859 4191 2016 4248 posse
2035 4181 2385 4245 apparentem
2403 4168 2792 4225 dissonantiatn
2806 4205 2822 4230 ,
2842 4177 3133 4220 consonam
3157 4158 3428 4214 exsistere

1860 4247 1946 4326 his
1987 4268 2080 4337 qui
2121 4267 2172 4320 in
2219 4266 2366 4318 hisce
2404 4264 2564 4316 rebus
2599 4259 2734 4314 nihil
2775 4265 2971 4326 praeter
3013 4251 3295 4308 historiam
3331 4247 3430 4301 ad-

1859 4362 2103 4418 mittunt.
2165 4357 2318 4424 Quod
2369 4355 2411 4410 si
2459 4354 2584 4422 quis
2621 4368 2718 4408 nos
2765 4361 2914 4404 recte
2963 4363 3068 4400 non
3110 4340 3431 4410 exposuisse

195 4447 391 4521 δημιῶν
416 4451 510 4504 τοῦ
543 4452 766 4522 Κυρίου,
792 4453 868 4513 είς
907 4450 1248 4521 Ἰεροσόλυμα
1269 4450 1473 4514 ἀνόδοις
1493 4451 1748 4519 ἀπαγγέλ-

1870 4463 2037 4516 retur,
2083 4459 2270 4504 contra
2307 4447 2447 4501 hanc
2477 4454 2717 4499 nostram
2748 4438 3158 4510 intelligentiam
3191 4433 3432 4505 pruden-

197 4539 369 4607 λοντος
415 4543 699 4612 γεγονέναι
722 4542 790 4595 τὰ
828 4542 1140 4612 ἐκκείμενα.
1193 4541 1333 4611 Ἐγὼ
1369 4543 1466 4612 μὲν
1504 4538 1593 4596 οὖν
1625 4544 1757 4596 ὑπο-

1870 4553 1951 4600 ter
1982 4541 2207 4596 scribat.

199 4637 446 4708 λαμϐάνω
491 4639 750 4692 ἀδύνατον
793 4633 928 4692 εἶναι
967 4641 1080 4698 τοῖς
1134 4637 1300 4708 μηδὲν
1357 4638 1499 4708 πέρα
1554 4637 1654 4708 τῆς
1706 4640 1944 4713 ἱστορίας
1990 4639 2048 4691 ἐν
2097 4633 2306 4696 τούτοις
2337 4628 2706 4700 ἐκδεχομένοις
2737 4623 3080 4696 παραστῆσαι
3115 4621 3213 4690 τὴν
3243 4615 3438 4671 δοκοῦ-η

203 4743 292 4780 σαν
317 4727 612 4798 διαφωνίαν
663 4726 946 4798 σύμφωνον
974 4707 1256 4800 ὑπάρχειν.
1297 4727 1359 4779 Εἰ
1403 4725 1462 4779 δέ
1507 4742 1589 4789 τις
1614 4707 1790 4784 οἴεται
1822 4707 1897 4802 μὴ
1941 4726 2109 4796 ὑγιῶς
2161 4725 2305 4796 ἡμᾶς
2353 4717 2709 4790 ἐξειληφέναι,
2767 4713 3000 4776 συνετῶς
3048 4707 3442 4778 ἀντιγοαψάτω

199 4820 262 4888 τῇ
290 4818 513 4890 τοιαύτῃ
542 4816 698 4888 ἡμῶν
731 4817 1022 4886 ἀποφάσει.

271 4911 350 4964 16.
379 4911 462 4964 Τὰ
487 4911 546 4964 δέ
576 4909 825 4963 κινοῦντα
855 4910 1000 4978 ἡμᾶς
1034 4910 1113 4972 εἰς
1134 4909 1234 4980 τὴν
1260 4909 1386 4979 περ)⁹
1409 4908 1610 4962 τούτων
1635 4927 1769 4980 συμ-

1947 4906 2036 4962 16.
2087 4903 2359 4960 Caeterum
2415 4893 2748 4966 postulantes
2793 4890 2859 4946 ab
2889 4905 2954 4944 eo
2999 4889 3090 4958 qui
3144 4887 3236 4941 dat
3285 4884 3441 4940 omni.

205 5002 399 5070 φωνίαν
424 5004 744 5072 αἰτήσαντες
765 5001 854 5055 τὸν
876 5000 1085 5055 διδόντα
1111 5002 1270 5055 παντὶ
1294 5000 1370 5071 τῷ
1398 5001 1653 5065 αἰτοῦντι,
1678 5019 1748 5054 κα

1865 4997 2071 5072 petenti
2119 5003 2174 5049 et
2212 4991 2361 5048 omni
2409 4989 2630 5044 conanti
2678 4994 2838 5040 acute
2875 4993 3154 5052 qumrere,
3199 4981 3440 5044 itemque

205 5093 360 5158 ὀξέως
408 5068 593 5166 ζητεῗν
623 5095 1022 5166 ἀγωνιζομένῳ,
1073 5068 1356 5166 κρούοντές
1386 5111 1445 5146 τε
1493 5093 1634 5166 ὑπὲρ
1677 5093 1748 5148 τοὶ

1867 5106 1991 5145 eum
2015 5086 2314 5158 pulsantes,
2352 5091 2412 5135 ut
2439 5079 2592 5134 nobis
2629 5077 2941 5146 aperiantur
2980 5072 3223 5128 scientia:
3269 5068 3430 5123 clavi-

211 5188 514 5259 ἀνοιχθῆναι
543 5191 673 5259 ἡμῖν
695 5192 812 5253 ταῖς
839 5189 938 5258 τῆς
961 5187 1212 5258 γνώσεως
1241 5189 1414 5242 κλεισὶ
1438 5187 1506 5241 τά
1533 5205 1772 5260 κεκρυμ-

216 5280 339 5348 μένα
362 5280 464 5349 τῆς
495 5279 741 5351 Γραφῆς,
768 5279 860 5334 τὸν
906 5280 1066 5334 αὑτὸν
1097 5278 1208 5352 (46)
1235 5279 1374 5333 κατά
1425 5263 1523 5350 τὴν
1564 5278 1774 5349 διδομέ-

790 5395 834 5427 ⁶⁸
855 5393 1010 5453 Joan.
1043 5412 1136 5463 xu,
1174 5396 1228 5461 1,
1256 5396 1314 5450 2.
1386 5394 1429 5426 ⁸⁷
1461 5395 1589 5450 ibid.
1629 5394 1697 5447 12
1718 5407 1831 5461 seq.

188 5442 195 5450 .
277 5397 318 5428 "
346 5394 503 5451 Joan.
534 5397 712 5459 ".15.

187 5513 196 5563 ί
252 5511 390 5594 ,(ξὲὶ
441 5511 621 5594 Codex
675 5513 895 5594 Regius=
933 5514 1212 5594 εὑρόντες·
1265 5513 1608 5594 Βοέιιείοιιυε,
1669 5511 1762 5565 καὶ

218 5582 472 5654 εὑρόντες·
511 5585 611 5654 sed
638 5575 858 5654 omnino
884 5575 1266 5654 legentlutnvest
1296 5575 1479 5654 εὗρον.

449 5655 552 5737 ’ξεῖ
575 5645 679 5737 ᾦηή
714 5645 960 5737 μάρθαΪ
979 5655 1070 5708 Sic
1094 5652 1260 5708 codex
1290 5645 1638 5714 Bodleianus;
1667 5649 1764 5703 Re-

226 5722 358 5793 gius,
383 5724 435 5773 ἐν
455 5722 500 5789 ᾧ
521 5725 555 5793 ὴ
583 5722 782 5792 Μαρία.

298 5791 404 5859 (Η)
450 5789 624 5848 Codex
662 5789 1002 5861 Budlcianus,
1033 5793 1116 5848 ἐπ’
1168 5791 1366 5864 αὑτοῦ·
1421 5791 1640 5862 Regius,
1673 5789 1755 5842 ἐπ’

1869 5183 1969 5237 bus
2007 5176 2218 5235 occulta
2249 5174 2564 5245 Scriptum,
2603 5169 2759 5238 juxta
2803 5168 2947 5221 vires
2981 5164 3136 5219 nobis
3171 5160 3433 5231 suppedi-

1871 5282 2011 5326 tatas
2039 5279 2372 5336 exponemus
2400 5276 2521 5333 quae
2564 5274 2662 5315 nos
2708 5265 2925 5314 movent
2959 5256 3028 5310 ad
3076 5255 3265 5309 hormn
3301 5265 3430 5306 con-

1923 5387 1968 5420 θδ
1997 5385 2163 5440 Zach.
2197 5398 2276 5448 ιι,
2303 5382 2358 5436 2.

2099 5571 2278 5670 Codex
2337 5567 2677 5632 Bodleianus,
2727 5567 2943 5630 πλεῖον;
3020 5561 3240 5630 Regius,
3305 5561 3427 5614 sm-

1865 5662 2014 5699 πλειο
2051 5687 2062 5698 .
2181 5662 2188 5670 “

1892 5797 1908 5840 l
1933 5662 2043 5841 (ΜΞ)
2066 5713 2244 5838 (ἰοᾱοιι
2272 5710 2491 5784 Regius,
2515 5707 2724 5761 ram-6v-
2782 5704 3106 5760 Bod-le'tanus
3135 5712 3189 5756 ut
3220 5701 3272 5755 in
3309 5718 3408 5756 no-

1861 5801 1886 5842 s
1913 5802 1973 5842 ro
2024 5801 2082 5840 ex
2116 5802 2169 5838 u.

1913 5802 1973 5842 ΓΟ
2003 5801 2082 5841 te!
2095 5801 2169 5838 tu.
