3766 6142
358 268 463 325 547

1771 292 2092 352 ORIGENIS

3482 308 3583 363 548

357 390 623 460 cordiam,
657 399 971 468 cumprimis
1005 404 1252 464 videntes
1281 408 1504 468 Joannis
1546 421 1748 470 textum
1792 418 1878 473 inc

2025 436 2121 491 νην
2153 419 2284 490 ἡμῖν
2314 384 2542 492 δύναμιν
2586 418 2925 493 ἐκθησόμεθα
2967 422 3181 494 τρόπον.
3229 422 3340 477 Καὶ
3375 422 3588 497 πρῶτόν

357 482 591 550 pientem
616 487 686 543 ab
711 488 817 545 illis
840 495 1022 551 verbis
1050 513 1072 567 ε,
1091 517 1108 550 ι
1134 499 1196 554 Ει
1228 504 1471 559 ascendit
1495 504 1652 563 Jesus
1674 508 1925 565 Hieroso-

357 574 557 645 lymam
589 579 655 636 ⁸⁸.
679 601 700 635 ι
733 584 829 640 Est
853 587 1012 659 igitur
1039 591 1430 669 Hierosolyma,
1449 609 1507 654 ut
1527 602 1642 671 ipse
1667 602 1923 658 Dominus

356 666 516 724 docet
548 671 602 725 in
644 671 939 740 Evangelia
969 685 1264 739 secundum
1288 666 1608 745 VMatthaen'm
1635 692 1703 759 ⁷⁸,
1742 711 1761 745 ι
1789 695 1924 751 civi-

358 762 441 810 tas
480 759 623 829 regis
675 767 876 834 magni,
904 785 924 818 ι
959 785 1063 824 non
1092 771 1144 826 in
1175 776 1442 839 convalle,
1478 777 1559 833 vel
1593 779 1801 836 inferne
1826 783 1922 837 ali-

356 847 480 903 cubi
516 852 714 920 posita,
738 856 829 911 sed
857 858 910 911 in
938 859 1047 914 alto
1066 875 1248 920 monte
1268 868 1553 936 aedificata,
1585 887 1647 926 ac
1681 886 1921 932 «montes

354 939 410 994 in
465 942 693 1000 circuitu
741 948 888 1016 ejus,
947 953 1101 1022 cujus
1143 960 1486 1028 participatio
1520 962 1634 1030 ejus
1671 963 1723 1018 in
1777 966 1919 1034 ἰιΙίρ-

353 1044 476 1086 sum
526 1034 608 1085 7‘:
642 1056 661 1089 ι
693 1049 769 1104 et,
841 1058 863 1093 ι
891 1041 1017 1097 illuc
1048 1048 1409 1104 ascenderunt
1468 1053 1644 1110 tribus
1681 1054 1915 1123 Domini,

355 1124 719 1183 testimonium
772 1130 957 1187 lsraeli
1012 1136 1079 1189 7’.
1110 1156 1129 1187 ι
1189 1136 1425 1194 Vocatur
1473 1158 1651 1198 autem
1703 1146 1820 1201 haec
1863 1157 1921 1204 et

352 1214 569 1285 civitas,
605 1228 659 1273 et
691 1219 992 1280 Jerusalem
1018 1269 1032 1293 ,
1070 1228 1137 1282 ad
1172 1245 1335 1299 quam
1385 1233 1566 1289 nullus
1599 1252 1788 1293 eorum
1825 1242 1915 1311 qui

354 1317 577 1362 manent
606 1309 656 1364 in
690 1314 883 1378 terris,
918 1319 1158 1373 ascendit
1190 1360 1204 1385 ,
1237 1336 1410 1391 neque
1445 1325 1786 1395 ingreditur;
1822 1309 1914 1387 sed

351 1399 602 1465 quaelibet
640 1405 841 1471 anima,
864 1423 986 1476 quae
1010 1414 1312 1468 naturalem
1349 1417 1510 1473 habet
1537 1420 1912 1480 celsitudinem

349 1491 567 1562 vimque
604 1505 760 1551 acute
798 1500 1133 1573 intelligendi
1166 1510 1632 1582 perspiciendique
1663 1516 1914 1589 intelligi-

2026 528 2090 581 γε
2115 512 2308 583 ἴδωμεν
2334 512 2430 583 τὴν
2457 512 2550 566 τοῦ
2583 514 2822 568 Ἰωάννου
2847 514 2989 581 λέξιν
3011 515 3315 587 ἀρχομένην
3338 517 3445 570 ἀπὸ
3462 518 3583 572 τοῦο

2030 620 2048 652 ι
2072 602 2182 654 Καὶ
2213 600 2374 672 ἀνέϐη
2400 604 2479 666 είς
2520 603 2858 674 Ἱεροσόλυμα
2907 607 2934 658 ό
2972 605 3193 676 Ἰησοῦς.
3224 625 3243 657 ι
3300 607 3589 678 Ἱεροσόλυ-

2027 708 2100 762 μα
2126 691 2305 745 τοίνυν
2346 692 2512 756 ἐστὶν,
2546 693 2621 756 ὡς
2644 693 2803 758 αὐτὸς
2833 697 2890 749 ὲν
2921 694 2998 766 τῷ
3038 696 3177 750 κατά
3203 696 3479 750 Ματθαῖον
3504 698 3586 751 δι-

2020 783 2207 837 δάσκει
2250 785 2278 837 ό
2328 784 2548 857 Κύριος,
2593 806 2612 837 ε
2637 785 2730 839 τοῦ
2784 787 3015 858 μεγάλου
3062 788 3325 858 βασιλέως
3356 789 3527 854 πόλις,
3558 810 3579 843 ι

2019 875 2118 928 οὐκ
2144 878 2200 929 ὲν
2232 877 2456 940 κοιλάδι,
2508 876 2541 948 ἦ
2571 879 2719 932 κάτω
2751 896 2852 931 που
2898 879 3143 951 κειμένη,
3177 879 3289 933 ἀλλ’
3315 883 3373 934 ὲν
3396 881 3585 953 ὑψηλῷ

2019 965 2565 1040 δρειῴκοδομημένη,
2591 969 2682 1021 καὶ
2711 988 2730 1020 ι
2754 969 2854 1041 ὅρη
2886 969 3283 1040 κύκλῳαῦτῆς,
3303 966 3425 1043 ἦςή
3459 990 3588 1043 μετ-

2017 1058 2116 1130 οχὴ
2148 1059 2325 1129 ,αὐτῆς
2370 1058 2462 1111 ἐπὶ
2498 1059 2560 1111 τὸ
2611 1059 2772 1112 αὑτό·
2805 1079 2824 1111 ι
2875 1060 2989 1131 καὶ,
3023 1079 3040 1111 ‹
3064 1063 3182 1114 ἐκεῖ
3223 1061 3494 1133 ἀνέϐησαν
3526 1064 3584 1116 αί

2018 1150 2182 1221 φυλαὶ
2213 1149 2439 1221 Κυρίου,
2470 1153 2764 1223 μαρτύριον
2795 1153 2853 1204 ἐν
2881 1153 2956 1224 τῷ
3002 1152 3231 1224 Ἰσραήλ.
3264 1173 3283 1206 ι
3324 1154 3587 1210 Καλεῖται

2014 1244 2073 1297 δὲ
2101 1245 2194 1297 καὶ
2224 1245 2257 1314 ἡ
2291 1242 2442 1306 πόλις
2475 1243 2632 1314 αὐτὴ,
2664 1245 2756 1296 καὶ
2798 1243 3167 1315 Ἰερουσαλὴμ,
3198 1245 3276 1308 είς
3308 1246 3374 1314 ἢν
3409 1246 3587 1309 οὐδεὶς

2013 1336 2121 1390 τῶν
2149 1335 2241 1388 ἐπὶ
2285 1334 2392 1404 γῆς
2441 1333 2736 1398 ἀναϐαίνει,
2766 1335 2902 1391 ,οὐδὲ
2931 1336 3262 1407 εἰσέρχεται·
3309 1338 3402 1389 καὶ
3431 1337 3588 1390 πᾶσά

2012 1444 2076 1497 γε
2106 1430 2139 1500 ἡ
2170 1425 2394 1496 φυσικὸν
2418 1425 2612 1496 ἔχουσα
2644 1425 2845 1497 δίαρμα
2883 1426 3046 1497 ψυχὴ,
3075 1429 3167 1481 καὶ
3199 1426 3430 1498 ὀξύτητα
3457 1444 3589 1500 νοη-

2011 1522 2119 1574 τῶν
2149 1520 2478 1592 διορατικὴν,
2524 1519 2726 1590 ταύτης
2772 1521 2871 1590 τῆς
2901 1519 3106 1582 πόλεως
3154 1520 3374 1591 πολίτης
3405 1520 3588 1589 ὑπάρ-

352 1582 505 1650 hilia,
541 1586 700 1655 hujus
728 1591 968 1649 civitatis
991 1606 1073 1650 est
1107 1600 1262 1658 civis.
1288 1600 1432 1657 Fieri
1459 1607 1624 1660 etiam
1649 1619 1827 1678 potest
1857 1631 1882 1667 u

352 1677 402 1715 in
435 1689 656 1715 ηοηησιιη
695 1686 762 1715 ιιι.
807 1688 968 1715 Mt-..
1020 1688 1425 1715 n:__-_-u___-g.,
1642 1703 1655 1715 .
1831 1706 1845 1715 .

2014 1629 2113 1682 χει.
2163 1582 2273 1664 Καὶ
2303 1582 2522 1665 δυνατδν
2551 1611 2609 1663 ἐν
2635 1582 2875 1681 ἁμαρτίᾳ
2904 1606 3042 1662 εἶναι
3093 1610 3186 1663 καὶ
3217 1610 3308 1715 τὸν
3331 1582 3585 1715 ’Ἱεροσο-

349 1677 403 1732 in
434 1689 657 1748 peccato
694 1686 765 1739 sit
805 1688 969 1743 etiam
1020 1688 1438 1766 Hierosolymita
1467 1717 1480 1752 :
1511 1703 1655 1770 quod
1702 1706 1882 1773 possin

349 1769 508 1808 ptinn-I
530 1776 733 1808 nnrimn
770 1778 980 1808 :..m...:-
1019 1800 1126 1808 -..μ
1148 1787 1225 1808 In!
1274 1804 1334 1808 _-
1352 1805 1365 1808 _
1384 1804 1425 1808 __
1444 1807 1459 1808 η
1480 1806 1491 1808 _
1629 1795 1640 1807 .
1743 1797 1756 1808 .
1826 1798 1839 1808 .

2014 1677 2240 1774 λυμίτην
2260 1719 2272 1733 ·
2307 1702 2525 1755 δυνατὸν
2565 1677 2686 1773 γὰρ-
2702 1677 2796 1755 καὶ
2821 1677 2946 1764 τοὺς
2970 1677 3583 1808 ειῦφυεστάτουςρὰ-μαρ-

346 1769 508 1824 etiam
530 1776 733 1843 Optimo
769 1778 983 1849 ingenio
1018 1787 1225 1854 praediti
1273 1804 1499 1858 peccare
1524 1833 1541 1861 ,
1589 1795 1640 1847 ni
1677 1797 1876 1852 celeriu

346 1871 465 1897 nnc!
520 1879 799 1897 nonani...“
860 1874 1079 1897 -..,Ι--...
1196 1893 1254 1897 __
1280 1896 1285 1897 ,
1310 1881 1349 1897 n_
1406 1892 1416 1897 -
1624 1886 1655 1897 ν.
1740 1888 1770 1897 ι.

2014 1767 2211 1857 τάνειν,
2242 1795 2291 1846 εἰ
2336 1791 2411 1864 μὴ
2454 1767 2836 1862 ἐπιστρέψαιεν
2883 1790 3019 1860 μετά
3047 1767 3155 1861 ’τὴν
3180 1767 3454 1897 ἀμαρτίαν

343 1871 468 1930 post
520 1879 801 1933 peccatum
860 1874 1129 1940 redeant,
1196 1881 1484 1946 perdentes
1543 1886 1882 1956 aptitudineu

2014 1902 2145 1956 χιον,
2174 1884 2468 1947 ἀπολόντας
2489 1884 2587 1956 τὴν
2606 1883 2853 1952 εὐφυΐαν,
2884 1883 2975 1935 καὶ
3002 1883 3129 1953 μίαν
3153 1880 3258 1934 τῶν
3281 1880 3582 1952 ἀλλοτρίων

344 1950 511 2020 illam,
544 1965 598 2010 et
623 1957 787 2014 futuri
827 1962 879 2016 in
910 1979 1014 2019 una
1041 1981 1225 2022 earum
1261 1972 1539 2028 civitatum
1572 1950 1692 2046 qua:
1719 1979 1882 2034 aliena

2014 1950 2106 2046 τῆς
2134 1950 2396 2039 νἰουδαίας
2426 1950 2648 2037 πόλεων,
2679 1950 2738 2027 οὐ
2779 1974 2935 2044 μόνον
2962 1950 3407 2045 παροικήσοντας,
3440 1950 3583 2027 ἀλλὰ

343 2052 470 2099 sunt
493 2060 520 2099 a
558 2045 765 2117 Judaaa,
807 2068 913 2108 non
943 2056 1114 2112 solum
1164 2061 1404 2129 advenae,
1441 2080 1630 2122 verum
1661 2070 1821 2129 etiam
1852 2073 1905 2127 in

340 2151 401 2189 ea
424 2151 616 2195 nomen
633 2157 789 2197 suum
804 2149 929 2202 datu
939 2149 1002 2204 ri.
1019 2150 1268 2208 Ascendit
1281 2153 1437 2212 Jesus
1456 2158 1900 2234 Hierosolymam,

340 2235 624 2298 postquam
670 2249 825 2303 opem
877 2237 1087 2295 tulisset
1144 2243 1228 2298 his
1275 2246 1368 2315 qui
1428 2259 1585 2304 erant
1648 2252 1701 2306 in
1757 2255 1902 2310 Cana

336 2313 602 2385 Galilaeae;
635 2338 698 2377 ac
739 2326 934 2383 deinde
975 2313 1358 2402 Capharnaum
1390 2338 1688 2409 descendit,
1727 2345 1902 2401 factu-

338 2421 432 2462 rus
477 2408 868 2487 Hierosolymis
907 2435 1027 2491 quae
1070 2433 1195 2478 sunt
1229 2428 1447 2498 scripta.
1488 2408 1710 2503 Reperit
1742 2439 1902 2512 184

335 2513 464 2569 ergo
512 2502 565 2556 in
602 2508 834 2576 templo,
868 2515 1011 2581 quod
1045 2524 1100 2571 et
1146 2519 1337 2576 domus
1385 2502 1900 2587 PatrisServa—to'ri-s

332 2607 455 2650 esse
478 2596 699 2679 dicitur,
736 2602 837 2657 hoc
874 2617 957 2661 est
988 2609 1039 2661 in
1078 2610 1317 2668 Ecclesia
1340 2655 1356 2681 ,
1395 2617 1479 2673 vel
1525 2622 1576 2674 in
1611 2625 1901 2679 annuntia-

336 2684 485 2741 tione
517 2674 871 2748 ecclesiastici
914 2704 968 2751 et
1024 2701 1142 2755 sani
1175 2705 1462 2769 sermonis,
1494 2710 1755 2776 quosdam
1804 2714 1895 2782 qui

328 2775 548 2831 domum
581 2777 778 2848 Patris,
809 2784 1027 2843 domum
1054 2804 1325 2867 mercatus
1348 2795 1607 2854 facerent.
1637 2802 1717 2856 Ac
1750 2817 1894 2858 sem-

329 2880 427 2934 per
451 2868 663 2938 aliquos
687 2878 892 2944 reperit
917 2877 1076 2937 Jesus
1113 2884 1164 2938 in
1204 2888 1424 2955 templo.
1475 2890 1702 2956 Quando
1747 2897 1892 2951 enim

329 2955 383 3009 in
412 2971 496 3023 ea,
548 2974 670 3030 quae
715 2965 913 3022 dicitur
950 2970 1211 3042 Ecclesia,
1258 2992 1381 3048 quae
1433 2955 1519 3036 esi
1561 2982 1753 3042 domus
1800 2987 1892 3043 Dei

324 3046 579 3115 viventis,
614 3053 863 3111 columna
890 3068 943 3114 et
967 3046 1363 3122 firmamentum
1384 3074 1634 3129 veritatis
1661 3076 1729 3141 ⁷³,
1781 3094 1886 3133 non

326 3146 453 3191 sunt
479 3138 646 3209 aliqui
679 3149 938 3203 mensarii
962 3154 1234 3221 sedentes,
1250 3158 1447 3226 quibus
1468 3175 1603 3231 opus
1629 3138 1884 3239 sitplagis

324 3239 392 3281 ex
422 3227 689 3300 ﬂagello‘e
713 3233 969 3296 funiculis
992 3257 1021 3296 a
1048 3240 1175 3299 Jesu
1209 3245 1353 3304 facto
1377 3248 1402 3303 ἲ
1432 3227 1640 3308 Rursus
1668 3227 1886 3324 quando

326 3333 434 3376 non
467 3334 592 3379 sunt
637 3332 953 3398 argentarii,
1005 3336 1199 3403 quibus
1248 3340 1317 3394 sit
1364 3357 1503 3411 opus
1547 3344 1758 3401 illorum
1810 3365 1885 3405 tes

323 3411 544 3482 effundi,
577 3433 642 3473 ac
680 3436 894 3479 mensas
918 3425 1153 3495 ipsorum
1180 3429 1468 3488 subverti?
1495 3433 1724 3501 Quando
1753 3439 1881 3496 item

323 3518 430 3558 non
461 3516 588 3562 sunt
630 3511 722 3578 qui
775 3525 1139 3571 mercatorum
1200 3534 1351 3591 more
1387 3526 1628 3580 vendunt
1676 3528 1880 3598 boves,

320 3685 497 3755 ipsum
536 3693 805 3762 manibus,
851 3711 950 3752 nec
981 3698 1048 3751 ad
1079 3703 1379 3768 posteriora
1407 3712 1680 3778 conversi,
1714 3729 1879 3785 regno

318 3774 410 3832 Dei
462 3781 572 3836 sint
627 3786 778 3853 apti?
811 3787 918 3844 Sed
963 3794 1179 3863 quando
1217 3809 1322 3850 non
1360 3806 1485 3853 sunt
1529 3774 1880 3869 praeferentes

321 3885 680 3930 mammonam
710 3877 1010 3949 iniquitatis
1058 3885 1248 3961 ovibus
1283 3900 1403 3955 qua:
1438 3890 1569 3958 ipsis
1599 3896 1877 3950 materiam

316 3973 377 4014 se
422 3968 649 4020 ornandi
701 3971 978 4037 praebent?
1025 3973 1163 4029 Sunt
1213 3978 1377 4033 etiam
1430 3983 1737 4052 complures
1788 3989 1876 4057 qui

316 4050 686 4111 sinceritatem
719 4067 772 4112 et
805 4063 1095 4130 puritatem
1134 4068 1400 4136 privatam
1446 4050 1589 4128 omni
1619 4081 1878 4134 amaritu-

316 4144 441 4198 dine
471 4156 527 4200 et
553 4148 644 4202 bili
687 4163 966 4219 spernant,
1015 4159 1175 4211 etiam
1222 4160 1359 4216 lucri
1414 4163 1648 4222 infelicis
1680 4184 1872 4226 causa

315 4239 610 4305 prodentes
641 4242 978 4314 diligentiam
1011 4263 1200 4307 eorum
1246 4255 1336 4323 qui
1373 4258 1580 4326 tropice
1609 4259 1875 4316 columbae

309 4326 584 4384 dicuntur.
614 4331 748 4387 Cum
786 4334 954 4405 igitur
992 4342 1194 4409 reperit
1238 4342 1496 4402 Servator
1545 4348 1599 4403 in
1649 4350 1870 4421 templo,

2006 2069 2101 2121 καὶ
2142 2066 2667 2138 ὲγγραφησομένους.
2713 2064 3011 2118 Ἀναϐαίνει
3057 2067 3136 2128 είς
3173 2064 3519 2135 Ἰεροσόλυμα
3550 2064 3580 2117 ὁ

2019 2155 2222 2226 Ἰησοῦς
2251 2155 2387 2226 μετά
2430 2156 2490 2208 τὸ
2535 2154 2795 2225 βοηθῆσαι
2840 2157 2952 2217 τοῖς
2984 2156 3042 2206 ὲν
3086 2155 3238 2224 Κανᾷ
3276 2154 3377 2223 τῆς
3412 2152 3580 2209 Γαλι-

2003 2249 2177 2313 λαίας,
2206 2250 2298 2303 καὶ
2329 2250 2456 2321 ἑξῆς
2489 2251 2566 2313 εἰς
2594 2249 2690 2320 τὴν
2716 2250 3087 2320 Καφαρναοὺμ
3114 2248 3576 2319 καταϐεϐηκέναι,

2004 2342 2090 2396 ἵνα
2134 2343 2333 2414 ποιήσῃ
2378 2344 2435 2396 ἐν
2489 2344 2598 2405 τοῖς
2652 2340 3037 2412 Ἱεροσολύμοις
3078 2339 3148 2393 τὰ
3186 2341 3573 2412 γεγραμμένα,

2002 2430 2141 2507 Εὗρε
2166 2435 2295 2505 γοῦν
2341 2437 2397 2489 ὲν
2442 2436 2519 2506 τῲ
2554 2435 2703 2507 ἱερῷ,
2737 2436 2870 2506 ὅπερ
2917 2436 3006 2490 καὶ
3047 2431 3193 2499 οἶκος
3226 2434 3317 2489 τοῦ
3351 2438 3571 2508 Πατρδς

2001 2525 2138 2582 εἶναι
2170 2528 2383 2596 λέγεται
2419 2527 2513 2580 τοῦ
2548 2528 2812 2599 Σωτῆρος,
2848 2529 3117 2581 τουτέστιν
3146 2531 3204 2580 ὲν
3231 2530 3297 2599 τῇ
3337 2528 3575 2599 Ἐκκληο

2001 2621 2111 2691 σίᾳ,
2143 2620 2175 2691 ἢ
2203 2622 2260 2675 ὲν
2289 2623 2355 2691 τῇ
2387 2620 2687 2692 ἐπαγγελίᾳ
2718 2621 2811 2675 τοῦ
2849 2620 3296 2692 ἐκκλησιαστικοῦ
3325 2622 3422 2674 καὶ
3449 2621 3573 2689 ὑγι-

1997 2714 2234 2778 αίνοντος
2263 2713 2444 2783 λόγου,
2470 2714 2622 2779 τινὰς
2648 2715 2738 2769 τὸν
2763 2711 2909 2769 οἷκον
2934 2712 3027 2767 τοῦ
3061 2714 3271 2785 Πατρὸς
3295 2713 3570 2784 ἐμπορίου

1996 2804 2278 2868 ποιοῦντας
2303 2801 2466 2857 οἷκον.
2500 2804 2608 2857 Καὶ
2634 2804 2719 2857 ἀεί
2754 2820 2903 2867 τινας
2926 2802 3166 2874 εὑρίσκει
3199 2804 3227 2855 ὁ
3268 2800 3476 2871 Ἰησοῦς
3507 2803 3569 2855 ἐν

1994 2893 2071 2967 τῷ
2098 2893 2243 2966 ίερῷ.
2302 2894 2440 2946 Πότε
2489 2893 2594 2967 γὰρ
2626 2896 2682 2946 ἐν
2724 2897 2789 2965 τῇ
2825 2892 3199 2964 ὀνομαζομένῃ
3241 2892 3564 2964 Ἐκκλησία,

1992 2987 2113 3057 ἥτις
2162 2985 2313 3040 ἐστὶν
2333 2981 2477 3049 οἶκος
2515 2983 2647 3038 Θεοῦ
2693 2984 2908 3049 ζῶντος,
2947 2985 3135 3049 στῦλος
3162 2985 3255 3038 καὶ
3282 2983 3566 3055 ἑδραίωμα

1916 3105 1960 3165 c
1991 3077 2088 3149 τῆς
2112 3076 2382 3149 ἀληθείας,
2407 3078 2507 3130 οὐκ
2536 3077 2639 3130 είσί
2680 3094 2821 3141 τινες
2847 3078 3206 3149 κερματισταὶ
3236 3076 3562 3149 καθήμενοι,

1989 3170 2229 3241 δεόμενοι
2278 3168 2503 3240 πληγῶν
2554 3171 2618 3223 ἐκ
2658 3169 2752 3222 τοῦ
2801 3169 2910 3224 ἀπὸ
2962 3169 3135 3241 Ἰησοῦ
3187 3169 3562 3240 πεποιημένου

1986 3262 2312 3332 φραγελλίου
2358 3264 2422 3316 ὲκ
2463 3263 2732 3334 σχοινίων,
2769 3264 2861 3316 καὶ
2889 3261 3179 3334 χρῄζοντες
3211 3261 3564 3316 κολλυϐισταὶ

1983 3353 2076 3407 τοῦ
2103 3353 2378 3424 ὲκχεῖσθαι
2408 3354 2588 3407 αὐτῶν
2620 3354 2688 3407 τὰ
2733 3355 3001 3425 κέρματα,
3050 3352 3451 3424 ἀνατρέπεσθαί
3494 3368 3560 3405 τε

1982 3445 2159 3499 αὐτῶν
2203 3445 2301 3509 τὰς
2331 3445 2641 3518 τραπέζαςς
2676 3447 2812 3499 Πότε
2858 3447 2902 3498 δ’
2929 3447 3029 3500 οὐκ
3057 3446 3192 3500 εἰσὶν
3234 3447 3283 3498 οἱ
3310 3443 3561 3542 ἅπτίδεξέ-

1985 3552 2134 3604 μενοι
2158 3536 2304 3607 ὲμπο
2314 3535 2495 3607 ρικῶς,
2523 3535 2614 3600 οὒς
2637 3537 2801 3607 ἐχρῆν
2818 3539 3001 3608 τηρεῖν
3024 3535 3109 3588 ἐπ’
3129 3536 3380 3607 ἄροτρον,
3403 3533 3558 3604 βοῦς,

1981 3625 2086 3689 ἵνα,
2119 3625 2367 3696 βαλόντες
2402 3627 2509 3699 (47)
2540 3628 2624 3681 ἐπ’
2650 3628 2778 3680 αὐτὸ
2802 3627 2900 3691 τὰς
2930 3629 3132 3699 χεῖρας,
3166 3626 3259 3679 καὶ
3288 3625 3364 3695 μὴ
3395 3640 3525 3694 στρε
3544 3657 3556 3665 -

1980 3717 2201 3788 φὸμενοι
2228 3720 2307 3782 είς
2337 3717 2404 3771 τὰ
2436 3719 2628 3783 ὀπίσω,
2676 3720 2935 3788 γένωνται
2981 3722 3046 3789 τῇ
3090 3717 3185 3771 τοῦ
3217 3717 3352 3770 Θεοῦ
3401 3716 3557 3786 βασις

1978 3806 2097 3877 λεία
2125 3807 2362 3875 εῦθετοι;
2396 3810 2531 3863 Πότε
2575 3810 2631 3863 δὲ
2678 3812 2776 3863 οὐκ
2803 3812 2942 3864 εἰσὶν
2973 3812 3021 3863 οί
3046 3809 3421 3881 προτιμῶντες
3456 3808 3553 3862 τὸν

1977 3900 2076 3970 τῆς
2102 3900 2312 3965 ἀδικίας
2348 3902 2650 3972 μαμμωνᾶν
2683 3901 2791 3955 τῶν
2815 3903 2913 3972 τὴν
2943 3901 3072 3973 ὕλην
3101 3900 3193 3954 τοῦ
3224 3900 3552 3971 κοσμεῖσθαι

1979 3990 2160 4054 αὐτοῖς
2203 3994 2547 4063 παρεχόντων
2590 3994 2903 4066 προϐάτων;
2950 3995 3058 4046 Ἀεὶ
3107 3994 3164 4047 δὲ
3210 3992 3396 4046 πολλοί
3439 3994 3551 4047 εἰσι

1977 4081 2071 4132 καὶ
2095 4081 2143 4132 οί
2171 4081 2264 4134 τοῦ
2297 4082 2506 4147 ἀδόλου,
2542 4085 2634 4137 καὶ
2657 4086 2936 4157 ἀκεραίου,
2964 4087 3090 4156 ὲστη
3101 4103 3162 4156 ρη
3173 4084 3334 4156 μένου
3361 4101 3424 4153 γε
3447 4084 3553 4139 πάι-

1978 4187 2076 4240 σης
2104 4171 2425 4243 πικρότητος
2454 4173 2548 4226 καὶ
2574 4175 2769 4246 σχολῆς
2813 4175 3294 4248 καταφρονοῦντες,
3324 4176 3421 4229 καὶ
3443 4191 3547 4226 τα-

1976 4250 2246 4332 λαιπώρου
2280 4262 2501 4335 κέρδους
2530 4264 2712 4317 ἕνεκεν
2739 4265 3070 4337 προδιδόντες
3095 4265 3193 4337 τὴν
3219 4264 3329 4318 τῶν
3357 4282 3550 4336 τροπι-

1975 4353 2228 4424 κωτέρων
2254 4354 2558 4425 λεγομένων
2602 4357 2933 4428 περιστερῶν
2977 4358 3310 4429 ἐπιμέλειαν.
3375 4357 3546 4410 Ἐπάν

313 4420 455 4485 quod
486 4433 567 4476 est
597 4424 788 4483 domus
822 4428 1022 4499 Patris,
1072 4435 1369 4493 vendentes
1399 4439 1581 4506 boves,
1618 4450 1672 4495 et
1703 4420 1832 4498 oves
1851 4487 1867 4512 ,

2014 4438 2064 4495 5v
2095 4420 2229 4517 εῦρῃ
2253 4447 2281 4498 ὁ
2313 4420 2501 4517 Σωτὴρ
2524 4449 2579 4500 ἐν
2709 4420 2855 4520 ἱερῷ,
2887 4451 3018 4520 οἴκῳ
3041 4420 3133 4502 τοῦ
3155 4451 3387 4521 Πατρός,
3421 4448 3547 4502 τοῦ-

313 4519 367 4562 et
390 4512 687 4582 columbas,
717 4527 773 4573 et
805 4524 1106 4579 mensarios
1136 4526 1385 4582 sedentes
1405 4568 1421 4594 ,
1476 4531 1693 4601 expellit
1729 4533 1869 4601 illos,

311 4615 438 4656 usus
460 4603 669 4672 ﬂagello
695 4626 725 4665 e
751 4612 1006 4670 funiculis
1031 4630 1061 4669 a
1093 4631 1151 4671 se
1176 4616 1341 4685 facto,
1385 4636 1489 4675 una
1525 4637 1646 4677 cum
1676 4625 1871 4682 ovibus

310 4693 588 4766 bobusque
616 4703 917 4773 venalibus,
951 4707 1186 4777 ipsorum
1231 4713 1395 4767 etiam
1445 4716 1701 4781 pecunias
1738 4732 1871 4772 conm
1905 4764 1911 4771 .

305 4799 556 4858 gregatas
596 4792 875 4852 eﬂ'undens
902 4837 918 4864 ,
956 4808 1210 4869 tanquam
1252 4803 1503 4876 indignas
1548 4822 1666 4876 quae
1704 4810 1866 4866 simul

306 4889 617 4937 tenerentur
637 4894 692 4939 et
718 4886 954 4956 ipsarum
992 4891 1335 4950 inutilitatem
1368 4897 1681 4953 ostendens.
1725 4898 1865 4956 Sub-

304 4973 468 5027 vertit
494 4975 679 5041 etiam,
705 4993 824 5047 qua:
857 4983 909 5035 in
939 4998 1234 5039 avarorum
1260 4999 1415 5042 erant
1454 4989 1671 5055 animis,
1707 5007 1863 5047 men-

304 5079 416 5129 sas,
448 5065 633 5122 dicens
656 5069 741 5124 his
764 5072 854 5140 qui
886 5074 1168 5132 columbas
1206 5081 1510 5136 vendebant
1545 5099 1560 5136 :
1598 5101 1616 5134 ι
1640 5085 1863 5140 Auferte

302 5153 406 5206 ista
451 5155 595 5223 hinc,
623 5177 643 5211 ι
695 5175 762 5214 ne
794 5164 1019 5231 posthac
1068 5170 1121 5222 in
1169 5173 1367 5239 templo
1400 5174 1493 5228 Dei
1533 5176 1861 5231 vendantur.

299 5246 554 5303 Arbitror
581 5265 710 5307 vero
736 5267 836 5324 ego
879 5255 1060 5313 Jesum
1094 5260 1267 5331 ipsum
1296 5264 1533 5322 edidisse
1566 5269 1740 5339 signa,
1764 5284 1862 5341 per

409 5387 455 5420 "
486 5389 645 5446 Joan.
671 5408 732 5459 ιι,
758 5392 844 5449 15.
921 5397 966 5429 ⁷ο
993 5396 1183 5456 Matth.
1217 5418 1266 5469 v,
1290 5401 1382 5462 55.
1456 5405 1501 5438 "
1522 5405 1662 5463 Psal.
1690 5422 1872 5475 cvxtv,
1897 5410 1952 5466 2.
2049 5413 2095 5445 ’³
2121 5412 2261 5469 Psal.
2297 5428 2447 5479 cm,
2473 5414 2589 5478 5,4.

306 5504 698 5637 ngg).code‘
734 5508 956 5581 Regius:
989 5512 1272 5585 βάλλοντες
1296 5535 1309 5549 ’
1361 5519 1705 5591 Bodleianus,
1756 5524 1854 5595 βα-

375 5642 486 5715 (68)
518 5643 600 5703 Τὰ
631 5651 1042 5739 συνερχόμενα
1087 5655 1364 5730 κέρματα.
1392 5658 1483 5718 Sic
1509 5662 1676 5721 codex
1710 5661 1848 5722 Bod-
1912 5688 1923 5699 ε

1974 4552 2098 4599 τους
2124 4535 2431 4602 πωλοῦντας
2465 4538 2611 4608 βόας,
2640 4541 2732 4594 καὶ
2773 4541 3034 4611 πρόϐατα,
3063 4542 3157 4595 καὶ
3190 4540 3541 4612 περιστερὰς,

1974 4628 2067 4681 καὶ
2094 4628 2218 4692 τοὺς
2242 4630 2607 4701 κερματιστὰς
2630 4632 2984 4705 καθημένους,
3017 4632 3288 4700 ἐξελαύνει
3318 4634 3538 4698 αὐτοὺς,

1972 4723 2310 4793 χρησάμενος
2360 4722 2439 4794 τῷ
2471 4724 2535 4777 ὲκ
2581 4726 2823 4795 σχοινίων
2859 4725 2948 4778 ὑπ’
2991 4725 3152 4779 αὐτοῦ
3186 4724 3539 4797 πεποιημένῳ

1973 4813 2295 4885 φραγελλίῳ,
2325 4815 2440 4886 ἅμα
2467 4817 2578 4879 τοῖς
2608 4819 2924 4889 ὲμπορικοῖς
2949 4818 3256 4889 προϐάτοις,
3287 4819 3383 4872 καὶ
3423 4816 3540 4887 βου-

1971 4907 2053 4960 σὶν
2086 4906 2285 4974 αὐτῶν,
2332 4908 2427 4961 καὶ
2473 4909 2623 4980 ὲκχεί
2647 4909 2721 4973 ὡς
2769 4911 2842 4981 μὴ
2874 4911 2997 4978 ἄξια
3050 4911 3118 4965 τὰ
3168 4911 3535 4982 συνερχόμενα

1968 4998 2217 5070 κέρματα
2244 4999 2379 5071 (48),
2407 5001 2620 5066 δεικνὺς
2651 5002 2826 5057 αὐτῶν
2861 5004 2918 5057 τὸ
2945 5004 3233 5075 ἄχρηστον.
3279 5003 3536 5075 Ἀνατρέ-

1968 5110 2058 5148 πει
2082 5111 2142 5147 τε
2188 5094 2286 5158 τὰς
2332 5097 2390 5148 ὲν
2417 5096 2533 5159 ταῖς
2571 5095 2768 5165 ψυχαῖς
2811 5095 2918 5148 τῶν
2951 5096 3297 5169 φιλαργύρων
3330 5095 3534 5169 τραπέ-

1967 5182 2083 5250 ζας,
2106 5186 2276 5255 λέγων
2297 5187 2516 5251 καὶτοῖς
2538 5186 2635 5251 τὰς
2659 5187 2980 5259 περιστερὰς
2995 5189 3262 5242 πωλοῦσιν
3282 5206 3296 5220 θ
3328 5209 3346 5240 ι
3371 5191 3532 5259 "Apa-

1963 5293 2024 5330 τε
2051 5277 2223 5331 ταῦτα
2247 5276 2511 5344 ἐντεῦθεν,
2537 5297 2555 5330 ι
2591 5277 2675 5330 ἴνα
2707 5278 2901 5350 μηκέτι
2926 5280 2983 5332 ὲν
3008 5277 3084 5348 τῷ
3113 5277 3244 5351 ίερῷ
3268 5277 3363 5333 τοῦ
3394 5278 3529 5332 Θεοῦ

2686 5413 2734 5447 ⁷³
2762 5412 2782 5466 ι
2814 5412 2952 5469 Tim.
2978 5430 3061 5479 ιιι,
3085 5416 3174 5471 15.

1964 5527 2203 5597 leianus;
2267 5508 2435 5587 editio
2488 5529 2691 5600 liuetii,
2745 5529 2841 5586 τοῦ
2903 5531 3222 5604 συνέχεσθαι
3271 5532 3341 5588 τὰ
3397 5534 3526 5606 κέρα

1962 5616 2123 5671 ματα.
