3766 6142
174 316 264 372 569

1242 301 1595 361 COMMENT.
1633 301 1699 356 IN
1739 301 1928 360 JOAN.
1974 299 2210 357 TOMUS
2247 299 2313 356 Χ.

3287 294 3394 350 350

175 426 582 501 ἐμπορεύωνται.
629 420 793 496 Οἶμαι
817 421 894 488 δέ,
923 423 1007 478 ὅτι
1050 422 1144 476 καὶ
1181 425 1402 494 σημεῖον
1432 419 1719 491 πεποιηκέ-

1881 440 1886 472 ι
1938 434 2059 488 quse
2100 418 2262 484 dixit,
2309 414 2654 485 profundius,
2705 420 2765 467 ut
2821 426 2921 466 nos
2970 409 3394 480 intelligeremus

177 539 254 576 ναι
285 519 458 584 αὑτὸν,
487 516 576 577 διὰ
603 516 707 570 τῶν
732 515 1032 587 εἰρημένων
1067 513 1381 585 βαθύτερον,
1420 511 1559 567 ὥστε
1587 511 1724 580 σύμ-

178 613 314 665 ϐολον
358 611 501 680 ἡμᾶς
531 611 669 661 νοεῖν
706 607 980 676 γεγονέναι
1008 605 1181 659 ταῦτα
1223 603 1316 658 τοῦ
1359 603 1554 675 μηκέτι
1599 601 1726 673 μέλ-

176 703 274 758 λειν
300 701 396 772 τὴν
427 701 557 771 περὶ
600 699 660 752 τὸ
693 698 836 768 ἱερὸν
877 699 1050 751 ἐκεῖνο
1075 696 1324 768 λατρείαν
1353 696 1455 749 ὑπὸ
1497 695 1606 748 τῶν
1656 695 1728 747 ls-

179 795 302 868 ρέων
350 791 488 846 κατά
517 790 616 854 τὰς
645 789 906 860 αἰσθητὰς
955 789 1143 852 θυσίας
1188 789 1295 859 (49)
1345 787 1725 853 ἐπιτελεῖσθαι,

179 886 300 959 μηδὲ
329 885 422 937 τὸν
450 884 612 954 νόμον
652 881 954 953 τηρεῖσθαι,
999 880 1102 934 κᾶν
1125 881 1199 944 ὡς
1231 879 1508 932 ἐϐούλοντο
1546 881 1592 932 oi
1629 897 1731 931 σω-

180 979 381 1050 ματικοὶ
414 976 678 1040 Ἰουδαῖοι,
705 974 958 1028 δύνασθαι
984 973 1064 1026 ἔτι
1085 972 1232 1037 ἅπαξ
1249 989 1262 1001 ·
1306 971 1478 1043 Ἰησοῦ
1505 971 1614 1042 γὰρ
1643 974 1733 1024 ἐκ-

177 1069 452 1130 ϐάλλοντος
477 1067 603 1130 τοὺς
636 1066 781 1136 βόας,
817 1066 910 1119 καὶ
952 1064 1022 1118 τά
1054 1063 1318 1135 πρόϐατα,
1355 1063 1449 1116 καὶ
1490 1061 1734 1116 κελεύον-

175 1179 257 1222 τος
284 1158 492 1213 ἐκεῖθεν
523 1156 770 1227 αἴρεσθαι
794 1156 892 1219 τὰς
919 1154 1262 1227 περιστερὰς,
1292 1153 1472 1207 οὐκέτι
1498 1153 1553 1207 δὲ
1590 1153 1730 1223 βόες,

177 1253 262 1306 καὶ
291 1250 557 1321 πρόϐατα,
591 1249 684 1302 καὶ
712 1248 1030 1318 περιστεραὶ
1061 1246 1153 1300 ἐπὶ
1188 1245 1321 1300 πολὺ
1349 1245 1567 1299 θύεσθαι
1597 1245 1736 1299 κατά

1824 511 2117 581 signiﬁcari
2147 524 2243 580 per
2273 511 2405 576 haec,
2441 507 2586 571 quod
2617 521 2724 560 non
2763 505 2997 574 amplius
3020 503 3072 556 in
3121 513 3392 572 posterum

1825 601 2184 672 perﬁciendus
2220 609 2364 655 esset
2387 597 2565 654 cultus
2602 612 2630 649 a
2679 595 3054 651 sacerdotibus
3099 595 3153 648 in
3199 594 3396 663 templo

1828 695 1938 758 illo,
1975 694 2131 762 juxta
2192 690 2522 746 cultus-sub
2581 703 2796 744 sensum
2863 687 3165 753 cadentes,
3225 701 3398 755 neque

1828 787 1998 853 legem
2038 783 2242 839 servari
2270 797 2426 852 posse
2451 779 2684 848 amplius
2720 787 3060 840 constanter,
3106 777 3297 830 saltem
3340 788 3397 829 ut

1833 875 2088 928 volebant
2113 871 2427 942 corporales
2477 868 2669 923 Judaei.
2716 866 2900 936 Neque
2924 867 3067 920 enim
3093 867 3401 934 expellente

1830 964 1956 1020 Jesu
1982 965 2148 1020 boves
2177 975 2229 1018 et
2253 980 2411 1030 oves,
2444 963 2779 1032 jubenteque
2813 959 2940 1012 inde
2968 956 3168 1012 auferri
3197 958 3400 1012 colum-

1832 1059 1947 1120 bas,
1976 1056 2216 1110 futurum
2241 1065 2360 1110 erat
2403 1063 2460 1107 ut
2502 1056 2556 1107 in
2603 1051 2828 1105 multum
2875 1048 3130 1117 temporis
3155 1048 3403 1102 immola-

1835 1159 2024 1204 rentur
2053 1150 2242 1211 boves,
2264 1155 2320 1200 et
2337 1160 2482 1212 oves,
2511 1153 2564 1199 et
2599 1143 2883 1208 columbae,
2911 1143 3061 1209 juxta
3090 1139 3402 1196 Judzeorum

1837 1252 2061 1292 morem.
2094 1234 2238 1289 Fieri
2265 1234 2407 1289 enim
2427 1240 2604 1303 potest
2632 1240 2690 1284 ut
2720 1230 3044 1284 numismata
3066 1241 3185 1295 qua:
3223 1225 3405 1296 ﬁgurae

187 1319 442 1397 1006ain
472 1341 567 1412 ἔθη
591 1341 828 1412 ἔμελλον.
869 1340 980 1393 Καὶ¹
1010 1334 1119 1392 οἶόν
1148 1339 1208 1391 τέ
1238 1341 1354 1392 ἐστι
1382 1339 1448 1392 τά
1474 1340 1736 1409 νομίσμα-

1881 1338 1966 1382 :int
1999 1328 2382 1381 numismatum
2412 1321 2778 1392 corporalium
2804 1361 2819 1386 ,
2863 1329 2916 1375 et
2950 1335 3055 1373 non
3089 1319 3404 1372 habentium

177 1453 238 1489 τα
265 1434 369 1487 τῶν
422 1431 748 1503 σωματικῶν
801 1430 1147 1502 νομισμάτων
1179 1429 1312 1501 (50),
1365 1431 1458 1484 καὶ
1511 1430 1585 1501 μὴ
1639 1427 1736 1482 τοῦ

1887 1423 1932 1477 ei
1960 1419 2158 1474 formas
2191 1427 2246 1470 et
2291 1415 2708 1486 impressiones,
2744 1409 3108 1475 eﬂ‘undantur,
3147 1406 3405 1478 quoniam

177 1527 298 1581 Θεοῦ
326 1502 562 1595 ἐχόντων
601 1524 727 1587 τοὺς
768 1522 1143 1594 χαρακτῆρας,
1182 1520 1385 1584 τύπους
1407 1521 1739 1591 τυγχάνοντα

1881 1511 1974 1580 agis
2007 1509 2346 1574 constitutio,
2381 1522 2503 1577 quae
2557 1503 2864 1560 veneranda
2922 1517 3043 1557 esse
3095 1502 3406 1566 videbatur,

180 1591 520 1690 ἐκκεχύσθαι,
574 1618 694 1671 ἐπεὶ⁹
742 1591 1182 1688 ήῃσεμνὴγεῖναι
1229 1615 1458 1669 δοκοῦσα
1497 1615 1638 1668 κατὰ
1679 1613 1741 1666 τὸ

1881 1612 2060 1672 ropter
2092 1602 2426 1656 occidentem
2463 1599 2702 1653 litteram
2739 1595 3083 1650 dissolvenda
3129 1591 3410 1646 effunden-

179 1684 485 1766 ἀποκτεῖνον
519 1710 630 1778 (51)
656 1684 900 1780 γράμμα
920 1684 1224 1779 νομοθεσία,
1284 1706 1456 1778 Ἰησοῦ
1491 1704 1742 1776 ἐληλυθό-

1881 1710 2017 1764 aque
2039 1703 2176 1757 erat,
2205 1701 2257 1747 et
2284 1691 2603 1746 adveniente
2641 1686 2798 1757 185
2847 1684 2996 1748 Jesu,
3027 1694 3188 1753 atque
3226 1691 3411 1737 utente

181 1821 278 1867 τος,
322 1803 414 1855 κα).
460 1773 583 1864 ταῖς
612 1773 877 1853 ’τοῦ
925 1773 1055 1851 λαοῦ
1109 1773 1736 1869 μάστιξι-χρησαμένου,

1881 1787 2098 1838 dversus
2149 1779 2404 1850 populum
2463 1776 2731 1847 ﬂagellis,
2797 1773 3234 1828 transferendum
3293 1780 3446 1848 erat.

181 1865 503 1954 διαλύεσθαι,
531 1891 624 1944 καὶ
648 1889 920 1960 ἐκκεῖσθαι
950 1890 1061 1959 (52)
1097 1865 1308 1960 έμελλε,
1346 1865 1742 1958 μεθισταμένης

1881 1874 2202 1928 teerdotium
2239 1873 2306 1926 ad
2327 1886 2424 1927 eos
2451 1871 2540 1939 qui
2581 1884 2646 1924 ex
2677 1868 2931 1938 gentibus
2971 1867 3328 1922 credidissent
3356 1865 3409 1919 in

179 1986 268 2056 τῆς
292 1983 603 2053 ἐπισκοπῆς
633 1984 723 2035 ἐπὶ
757 1982 884 2046 τοὺς
909 1981 1015 2034 ἀπὸ
1038 1980 1146 2033 τῶν
1176 1979 1343 2033 ἐθνῶν
1370 1978 1741 2041 πιστεύοντας,

183 2080 254 2140 εἰς
282 2077 411 2130 Θεὸν
445 2077 538 2131 διὰ
577 2072 814 2146 Χριστοῦ
861 2071 1230 2135 πιστεύοντας,
1282 2070 1374 2124 καὶ
1419 2068 1746 2140 αἱρουμένης

183 2172 270 2224 ἀπ’
299 2171 528 2224 ἐκείνων
572 2169 671 2239 τῆς
719 2165 990 2238 βασιλείας
1039 2161 1133 2216 τοῦ
1167 2162 1320 2225 Θεοῦ,
1372 2161 1648 2232 διδομένης
1687 2176 1747 2211 τε

186 2265 238 2316 ὲν
261 2262 398 2315 ἔθνει
451 2259 696 2313 ποιοῦντι
729 2259 852 2320 τοὺς
903 2255 1146 2326 καρποὺς
1187 2253 1374 2322 αὐτῆς.
1418 2251 1648 2304 Δύναται
1691 2249 1748 2301 δὲ

186 2355 271 2407 καὶ
314 2353 475 2421 φύσει
513 2351 656 2423 ἱερὸν
693 2347 830 2403 εἶναι
875 2352 908 2420 ἡ
955 2347 1157 2418 εὐφυὴς
1211 2348 1268 2399 ἐν
1296 2345 1438 2414 λόγῳ
1462 2343 1628 2414 ψυχὴ,
1661 2341 1748 2395 διὰ

184 2445 266 2497 τὸν
313 2442 713 2514 συμπεφυκότα
761 2440 916 2508 λόγον
967 2437 1218 2507 ἀνωτέρω
1270 2435 1610 2504 τυγχάνουσα
1655 2429 1747 2483 τοῦ

187 2538 446 2609 σώματος,
508 2538 587 2597 είς
631 2536 696 2604 ἣν
743 2532 850 2586 ἀπὸ
895 2531 995 2600 τῆς
1026 2529 1420 2598 Καφαρναοὺμ,
1466 2525 1616 2578 κάτω
1649 2541 1749 2576 που

186 2630 436 2701 κειμένης
461 2626 847 2696 ταπεινότερα,
876 2621 1153 2676 ἀναϐαίνει
1177 2621 1205 2672 ὁ
1246 2616 1469 2690 Ἰησοῦς,
1497 2618 1553 2669 ἐν
1666 2616 1754 2668 εὑ-

189 2722 425 2793 ρίσκεται
467 2716 542 2771 τὰ
589 2715 692 2787 πρὸ
729 2714 827 2783 τῆς
858 2713 965 2766 ἀπὸ
1000 2710 1172 2782 Ἰησοῦ
1216 2707 1543 2769 παιδεύσεως
1571 2706 1751 2776 γήϊνα,

190 2811 276 2862 καὶ
303 2808 532 2878 ἀνόητα,
567 2806 660 2858 καὶ
688 2803 898 2874 χαλεπά
924 2802 1217 2873 κινήματα,
1252 2799 1346 2853 καὶ
1376 2797 1444 2850 τὰ
1470 2795 1754 2868 νομιζόμε-

189 2919 267 2963 να,
297 2901 394 2952 ούκ
422 2899 562 2951 ὄντα
590 2897 644 2950 δὲ
671 2894 831 2958 καλὰ,
868 2894 1008 2964 ἆπερ
1042 2891 1119 2962 τῷ
1148 2889 1502 2961 πεπλεγμένῳ
1527 2888 1586 2953 ἐξ
1618 2888 1754 2940 ἀπο-

189 2990 460 3048 δεικτικῶν
512 2986 838 3057 ἐλεγκτικῶν
870 2985 980 3058 (55)
1024 2985 1308 3054 δογμάτων
1335 2982 1476 3052 λόγῳ
1509 2978 1754 3034 ἀπελαύ-

191 3104 326 3139 νεται
357 3084 464 3137 ὑπὸ
514 3081 606 3134 τοῦ
647 3080 839 3150 Ἰησοῦ,
872 3079 957 3132 ἵνα
993 3079 1186 3148 μηκέτι
1239 3079 1268 3131 ὁ
1292 3075 1384 3130 τοῦ
1418 3074 1626 3146 Πατρὸς
1655 3076 1754 3128 αὑ-

192 3177 276 3231 τοῦ
304 3173 448 3240 οἶκος
478 3170 630 3237 οἶκος
662 3170 771 3244 (54)
816 3169 1076 3242 ἐμπορίου
1123 3164 1178 3242 ᾖ,
1224 3167 1356 3221 ἀλλά
1382 3166 1627 3238 ἀπολάϐῃ
1656 3167 1756 3237 τὴν

193 3267 322 3320 κατά
353 3268 476 3329 τοὺς
503 3264 785 3334 οὐρανοὺς,
813 3262 906 3315 καὶ
931 3260 1327 3330 πνευματικοὺς
1351 3258 1544 3328 νόμους
1572 3258 1756 3310 ἐπιτε-

193 3357 447 3430 λουμένην
478 3357 588 3410 ὑπὸ
617 3355 884 3425 σωτηρίας
909 3353 1076 3424 αὐτῆς
1103 3368 1162 3404 τε
1189 3350 1282 3403 καὶ
1315 3349 1573 3402 πλειόνων
1599 3347 1760 3420 θερα-

195 3453 342 3505 πείαν
367 3449 462 3504 τοῦ
495 3447 654 3502 Θεοῦ.
695 3445 965 3517 Σύμϐολον
989 3445 1046 3497 δὲ
1072 3443 1180 3497 τῶν
1211 3445 1305 3514 μὲν
1335 3444 1536 3513 γηΐνων
1557 3442 1585 3493 ὁ
1609 3438 1756 3510 βοῦς,

196 3541 456 3610 γεωπὸνος
505 3539 617 3609 γάρ
635 3556 649 3569 ο
700 3536 809 3589 τῶν
858 3535 916 3588 δέ
960 3535 1199 3606 ἀνοήτων
1241 3533 1336 3585 καὶ
1375 3530 1661 3602 κτηνωδῶν
1699 3532 1760 3586 τὸ

198 3632 477 3703 πρόϐατον,
516 3627 704 3698 ἐπειδὴ
734 3627 794 3680 τὸ
821 3625 956 3689 ζῶον
979 3622 1378 3695 ἀνδραποδῶδες
1409 3620 1560 3693 παρὰ
1591 3620 1760 3674 πολλά

199 3723 298 3777 τῶν
320 3723 530 3791 ἀλόγων
557 3718 700 3771 ἐστί’
729 3716 835 3769 τῶν
858 3715 914 3768 δέ
943 3713 1157 3784 κούφων
1195 3713 1288 3767 κα)¹
1319 3712 1643 3784 εὐριπίστων
1671 3711 1758 3764 λο-

198 3815 403 3886 γισμῶν
428 3817 462 3885 ἡ
492 3809 794 3883 περιστερά
813 3825 827 3839 ⁸
869 3807 978 3861 τῶν
1008 3807 1066 3859 δέ
1093 3805 1457 3877 νομιζομένων
1490 3802 1666 3857 καλῶν
1691 3802 1760 3856 τά

200 3907 461 3979 κέρματα.
525 3903 653 3957 Ἐὰν
679 3901 736 3954 δέ
770 3917 852 3965 τις
892 3899 1210 3970 προσκόπτῃ
1237 3900 1301 3968 τῇ
1331 3896 1546 3968 τοιαύτῃ
1573 3895 1763 3949 ἀποδό-

200 4017 297 4063 σει,
328 3999 417 4053 διά
444 3998 509 4050 τὸ
563 3994 780 4066 καθαρὰ
806 3989 945 4047 εἶναι
988 3991 1056 4044 τὰ
1085 3987 1506 4060 παραληφθέντα
1550 3989 1630 4050 είς
1660 3986 1760 4057 τὴν

198 4091 410 4164 Γραφὴν
455 4087 597 4152 ζῶα,
626 4086 865 4151 λεκτέον,
897 4086 976 4138 ὅτι
1008 4082 1270 4144 ἀπίθανος
1304 4080 1368 4134 ἂν
1411 4075 1480 4151 ἦν
1575 4078 1762 4150 Γραφὴ

201 4182 334 4234 κατά
372 4179 471 4251 τὴν
514 4176 868 4248 ἐνδεχομένην
899 4172 1136 4244 ἱστορίαν
1182 4168 1462 4239 γεγονέναι
1493 4168 1766 4237 ἀπαγγελ-

198 4270 408 4341 λομένη.
463 4269 557 4321 Ἐν
584 4267 661 4336 τῷ
707 4264 817 4336 ναῷ
847 4263 956 4334 (55)
982 4260 1089 4332 γὰρ
1133 4259 1225 4313 τοῦ
1257 4257 1389 4312 Θεοῦ
1431 4257 1527 4327 οὐχ
1564 4252 1674 4311 οἷόν
1705 4275 1766 4310 τε

199 4355 263 4430 ἦν
291 4356 730 4428 ἀπαγγέλλεσθαι
767 4353 1042 4423 γεγονέναι
1072 4350 1270 4420 ἐτέρων
1297 4346 1448 4420 παρὰ
1463 4346 1533 4400 τὰ
1554 4347 1766 4418 καθαρά

1843 1965 2008 2019 Deum
2033 1979 2128 2034 per
2153 1963 2430 2018 Christum
2459 1977 2486 2014 a
2520 1960 2754 2024 Judmis;
2784 1975 2811 2011 a
2841 1958 3036 2027 quibus
3061 1959 3223 2012 etiam
3257 1955 3410 2011 aufe-

1844 2057 2071 2116 rendum
2121 2069 2345 2123 regnum
2399 2052 2490 2106 Dei
2543 2052 2782 2106 dandum
2838 2059 2956 2104 erat
3006 2050 3153 2120 genti
3194 2047 3413 2102 facienti

1845 2148 2053 2202 fruetus
2085 2146 2202 2217 ejus
2232 2147 2298 2200 “.
2332 2144 2476 2199 Fieri
2506 2158 2635 2197 vero
2670 2142 2834 2196 etiam
2879 2149 3057 2210 potest
3095 2151 3153 2194 ut
3188 2147 3415 2192 natura-

1846 2238 1968 2293 liter
2005 2237 2097 2292 Dei
2131 2235 2386 2304 templum
2435 2234 2505 2288 sit
2545 2229 2722 2287 anima
2756 2232 2950 2285 rationi
2995 2231 3414 2298 obtemperans;

1847 2344 2075 2398 corpore
2102 2329 2356 2398 superior
2394 2334 2614 2396 propter
2657 2325 2956 2395 ingenitam
2998 2321 3098 2375 sibi
3148 2321 3417 2374 rationem

1849 2419 2144 2482 exsistens,
2190 2421 2256 2472 ad
2291 2432 2451 2485 quam
2503 2432 2534 2470 e
2588 2414 2912 2483 Capharnao
2961 2412 3174 2467 inferne
3219 2411 3416 2480 posita,

1851 2510 2104 2565 nimirum
2151 2511 2202 2564 in
2253 2509 2650 2572 humilioribus,
2709 2507 2953 2560 ascendit
2988 2505 3144 2560 Jcsus
3177 2523 3190 2559 :
3225 2506 3278 2559 in
3311 2520 3418 2574 qua

1851 2600 2195 2670 reperiuntur
2247 2598 2471 2663 terreni,
2534 2607 2824 2666 antequam
2867 2611 2896 2648 a
2943 2594 3071 2650 Jesu
3135 2596 3419 2650 erudiatur

1852 2695 2280 2764 castigeturque,
2307 2701 2360 2745 et
2387 2690 2516 2743 fatui
2549 2698 2603 2744 et
2626 2688 2879 2743 beStiales
2914 2697 3110 2754 motus,
3145 2697 3308 2756 atque
3331 2701 3416 2752 ea,

1852 2800 1975 2854 quae
2006 2799 2124 2848 nos,
2174 2799 2296 2837 eum
2350 2797 2454 2835 non
2505 2781 2633 2846 sint,
2689 2779 2743 2832 in
2784 2779 2943 2832 bonis
2982 2778 3249 2844 ducimus,
3303 2793 3423 2844 quae

1854 2876 2202 2945 expelluntur
2224 2890 2252 2927 a
2274 2873 2426 2937 Jesu,
2457 2873 2668 2926 ratione
2694 2878 2948 2924 contexta
2983 2884 3052 2924 ex
3084 2869 3422 2939 dogmatibus

1857 2967 2299 3024 demonstrativis
2335 2975 2389 3019 et
2442 2960 2847 3033 objurgatoriis,
2899 2976 2967 3015 ne
3012 2961 3188 3014 anima
3235 2962 3424 3015 domus

1845 3051 2035 3116 Patris
2059 3059 2142 3114 sui
2167 3061 2236 3112 sit
2260 3057 2490 3126 amplius
2529 3055 2720 3107 domus
2752 3061 3042 3116 mercatus,
3078 3050 3172 3104 sed
3199 3048 3425 3118 recipiat

1858 3156 1951 3209 Dei
1979 3152 2182 3207 cultum
2212 3191 2227 3216 ,
2253 3149 2343 3220 qui
2373 3147 2648 3218 peragitur
2687 3144 2842 3213 juxta
2867 3145 3115 3199 etelestes
3164 3141 3423 3212 spiritua-

1856 3247 2039 3315 lesque
2070 3244 2238 3314 leges,
2265 3251 2373 3295 tum
2406 3255 2505 3308 pro
2536 3253 2659 3302 sua,
2693 3245 2801 3290 tum
2836 3251 2938 3306 pro
2962 3235 3194 3305 plurium
3227 3233 3400 3289 salute

1856 3339 2099 3393 Motuum
2142 3349 2276 3390 sane
2321 3343 2654 3387 terrenorum
2691 3335 2817 3383 nota
2862 3337 2946 3383 est
3005 3328 3126 3393 bos,
3177 3341 3301 3382 cum
3359 3323 3428 3378 sit

1859 3428 2187 3499 agricultor;
2239 3425 2512 3479 faluorum
2562 3429 2745 3476 autem
2777 3427 2836 3475 et
2877 3419 3218 3485 bestialium,
3282 3413 3424 3484 ovis,

1858 3523 2114 3592 quoniam
2155 3533 2269 3590 prae
2317 3515 2570 3572 omnibus
2620 3512 2797 3568 brutis
2830 3511 3026 3567 servile
3069 3519 3153 3565 est
3188 3508 3424 3577 animal;

1859 3613 2057 3668 levium
2085 3626 2215 3666 vero
2245 3619 2300 3664 et
2331 3605 2666 3662 instabilium
2689 3601 3098 3674 cogitationum,
3135 3600 3424 3666 columba;

1860 3724 2045 3766 eorum
2080 3720 2212 3760 vero
2254 3718 2373 3772 qua:
2428 3701 2480 3754 in
2535 3696 2694 3754 bonis
2741 3697 3028 3758 ducimus,
3078 3694 3425 3748 numismata.

1860 3800 2012 3868 Quod
2051 3798 2096 3853 si
2127 3797 2250 3866 quis
2280 3792 2620 3864 expositione
2658 3789 2760 3843 hac
2788 3786 3102 3852 oﬂ'enditur,
3133 3786 3259 3855 quia
3288 3798 3426 3853 pura

1861 3892 1973 3946 sint
2003 3886 2252 3944 animalia
2282 3899 2402 3955 quze
2447 3884 2502 3936 in
2533 3879 2874 3950 Scripturam
2924 3876 3078 3932 fuere
3119 3884 3427 3943 assumpta,

1863 3980 2148 4036 dicendum
2205 3986 2289 4032 est
2357 3974 2532 4030 dubiae
2603 3971 2730 4026 ﬁdei
2790 3969 3032 4023 futuram
3092 3967 3430 4038 Scripturam

1863 4071 2160 4128 secundum
2193 4069 2595 4137 contingentem
2626 4064 2911 4120 historiam
2934 4102 2949 4128 ,
2982 4062 3029 4117 si
3060 4069 3307 4115 narraret
3343 4059 3430 4112 in-

1864 4177 2046 4234 gressa
2075 4161 2246 4215 fuisse
2291 4159 2395 4212 alia
2436 4157 2692 4211 animalia
2726 4157 2890 4212 etiam
2943 4153 3010 4206 ad
3067 4159 3430 4205 mercaturam

1864 4263 2062 4325 praeter
2093 4267 2155 4306 ea
2188 4267 2309 4321 qua:
2342 4249 2786 4310 immolabantur,
2821 4246 2963 4316 quod
2987 4244 3088 4297 diei
3119 4256 3222 4295 non
3250 4249 3432 4310 posset

1865 4347 2096 4400 aliorum
2128 4342 2442 4396 animalium
2472 4355 2714 4410 gregem,
2753 4347 3114 4409 praeterquam
3146 4347 3427 4402 purorum,

202 4423 348 4516 ξώων
396 4423 741 4519 ἀγέλην
789 4443 1010 4506 εἴσοδον,
1059 4441 1152 4495 καὶ
1181 4442 1260 4502 είς
1289 4437 1552 4509 ἐμπορίαν
1592 4435 1747 4490 ἄλλως

1881 4439 2036 4493 Fuisse
2060 4439 2112 4491 in
2143 4435 2339 4503 templo
2372 4435 2487 4489 Dei.
2512 4435 2849 4501 Quapropter
2886 4426 3217 4498 evangelista
3237 4465 3250 4490 ,
3284 4423 3430 4493 judi-

201 4542 345 4613 παρά
377 4541 448 4594 τὰ
485 4540 742 4609 θυόμενα.
782 4535 978 4605 Διόπερ
1001 4532 1077 4602 τῷ
1111 4531 1214 4584 ὑπὸ
1251 4531 1356 4582 τῶν
1390 4529 1644 4600 ἐμπόρων
1672 4544 1770 4580 κα-

203 4636 268 4689 τὰ
311 4636 433 4697 τοὺς
461 4631 574 4685 τῶν
621 4624 921 4682 Ἰουδαϊκῶν
964 4622 1163 4694 ἑορτῶν
1209 4622 1430 4693 χρόνους
1473 4619 1768 4690 γενομένῳ,

203 4723 599 4791 ἐπεισαγόντων
630 4718 707 4788 τῷ
735 4715 981 4786 ἐξωτέρω
1025 4712 1291 4784 περιϐόλῳ
1321 4711 1412 4765 τοῦ
1447 4711 1573 4766 ναοῦ
1602 4710 1772 4764 ταῦτα

203 4819 269 4871 τὰ
295 4818 427 4882 ζῶα,
463 4817 736 4886 ἐχρήσατο
761 4810 789 4862 ὁ
821 4809 1224 4881 εὐαγγελιστὴς,
1252 4807 1327 4871 ὡς
1365 4803 1536 4879 οἶμαι,
1568 4807 1660 4860 καὶ
1682 4823 1774 4876 γε-

205 4909 484 4980 γενημένῳ
521 4903 961 4974 συγχρησάμενος
984 4901 1286 4973 πράγματι.
1317 4899 1574 4967 Καίτοιγε
1605 4891 1648 4966 ᾧ
1679 4897 1774 4968 μέ-

205 4998 279 5052 λει
303 4999 403 5066 τῆς
431 4994 826 5068 ἀκριϐεστέρας
854 4992 1145 5057 ἐξετάσεως
1179 4990 1534 5059 ἐπισκοπήσει
1559 4989 1606 5040 εί
1632 4987 1771 5042 κατά

207 5091 263 5142 τὸ
293 5092 348 5142 ἐν
377 5088 458 5158 τῷ
493 5086 593 5157 βίῳ
621 5084 792 5155 τούτῳ
842 5083 1054 5154 ἀξίωμα
1080 5081 1172 5135 τοῦ
1219 5079 1391 5152 Ἰησοῦ
1437 5075 1526 5150 ἦν,
1560 5080 1774 5150 νομιζο-

214 5180 366 5250 μένου
396 5179 516 5234 υἱοῦ
549 5175 683 5232 εἶναι
715 5177 980 5239 τέκτονος,
1010 5173 1069 5226 τὸ
1090 5172 1373 5244 τηλικοῦτο
1403 5172 1622 5243 ποιῆσαι
1643 5172 1774 5243 θαρ-

1867 4534 1950 4586 cio
1974 4542 2114 4596 meo,
2145 4542 2274 4582 usus
2308 4537 2391 4582 est
2419 4541 2478 4580 re
2509 4527 2618 4586 illa,
2665 4537 2826 4593 quam
2855 4527 3189 4575 mercatores
3228 4516 3430 4576 fecere,

1866 4624 1958 4692 qui
1975 4622 2309 4677 advenerant
2332 4619 2666 4688 temporibus
2686 4613 3036 4670 Iudaicarum
3057 4611 3433 4674 festivitatum,

1868 4717 2305 4782 induxerantque
2350 4711 2605 4766 animalia
2641 4710 2756 4764 haec
2803 4707 2856 4760 in
2901 4702 3083 4772 templi
3109 4701 3432 4756 vestibulum

1869 4808 2132 4866 exterius.
2170 4805 2338 4859 Porro
2363 4803 2446 4856 cui
2488 4815 2632 4856 curae
2673 4807 2759 4853 est
2797 4795 3102 4852 accuratior
3130 4793 3433 4863 inquisitio,

1872 4897 2237 4957 considerabit
2257 4911 2325 4949 an
2353 4895 2505 4962 juxta
2525 4891 2840 4960 dignitatem
2863 4886 3144 4958 praesentis
3165 4886 3287 4940 vitae
3312 4893 3435 4940 erat

1874 4999 1933 5046 ut
1956 4989 2135 5054 Jesus,
2191 4988 2280 5056 qui
2317 4986 2458 5040 labri
2487 4985 2630 5038 ﬁlius
2672 4982 2960 5052 putabatur
2990 4979 3058 5046 ⁷⁸,
3111 4993 3224 5033 rem
3274 4977 3432 5031 talem

1875 5083 2099 5137 auderet
2154 5079 2373 5144 facere;
2421 5077 2713 5132 extrudere
2768 5072 3022 5128 videlicet
3073 5079 3434 5128 mercatorum

1875 5171 2300 5236 multitudinem,
2349 5169 2442 5240 qui
2491 5168 2558 5225 ad
2613 5168 2756 5224 diem
2808 5166 3004 5224 festum
3050 5161 3434 5227 ascenderant,

263 5273 310 5304 “
346 5273 541 5328 Matth.
591 5287 706 5340 xxi,
729 5271 818 5326 4³5.
893 5269 940 5301 ’⁷⁸
969 5268 1158 5326 Matth.
1187 5283 1305 5335 xm,
1356 5268 1469 5335 55;
1502 5267 1664 5324 ll-larc.
1708 5283 1784 5336 vt,
1812 5269 1866 5324 5.

282 5364 391 5435 (λθ)
425 5365 612 5417 Codex
643 5362 986 5435 Bodleianus,
1020 5359 1295 5435 λᾳτρείᾳς,

284 5429 392 5515 (59)
420 5431 842 5503 [νομισμάτων.
876 5432 950 5487 Ita
985 5429 1156 5486 codex
1207 5430 1570 5496 Bodleianus;
1604 5429 1771 5485 editio

217 5503 410 5575 ﬂuctu,
431 5505 633 5575 νόμων.
680 5573 703 5575 _
795 5572 805 5575 _
1068 5574 1076 5575 ί
1245 5570 1274 5575 _
1338 5571 1370 5575 __
1409 5569 1422 5575 Δ
1644 5569 1656 5575 _

221 5569 628 5699 timeam:
674 5572 897 5644 Regius,
957 5574 1192 5626 κτεῖνον·
1242 5569 1590 5636 Bodleianus,
1633 5569 1770 5622 ἀπο-

293 5713 400 5786 (52)
423 5713 607 5771 Codex
633 5716 974 5783 Bodleianus,
1000 5711 1271 5782 ἐκκεῖσθαι
1294 5728 1308 5744 ·
1363 5710 1583 5783 Regius,
1618 5711 1774 5764 ἐκκε-

1872 5357 2410 5492 χυίὲἕὶιᾟεεθιιιιυῐη
2453 5422 2688 5485 videtur,
2713 5419 2808 5473 ml.
2843 5416 3190 5492 ἐλεγκτικῷν.

1969 5496 2058 5559 5ο)
2090 5495 2142 5550 In
2161 5482 2343 5554 codice
2375 5494 2543 5560 Regio
2564 5482 2725 5560 deest
2749 5482 3235 5560 secund‘uinuoixog.

2094 5565 2274 5622 Codex
2297 5553 2517 5627 Regius,
2540 5561 2644 5632 ῆὲν
2660 5557 2738 5630 τῷ
2762 5557 2897 5628 ναῷ,
2925 5559 3020 5613 sed
3043 5556 3079 5628 ἡ
3108 5553 3441 5626 superﬂuum

1876 5648 2062 5780 esilli!)
2105 5703 2375 5777 Ἀγέλην.
2407 5701 2718 5775 Legendum
2749 5697 2968 5769 ἀγέλης.
