3766 6142
396 293 496 350 551
1834 297 1883 372 ;o

2107 299 2168 353 IS
3501 304 3589 358 55?.

397 415 740 472 distributuri
771 417 939 472 boves
965 415 1255 473 ditioribus
1274 460 1288 484 ,
1319 427 1376 476 et
1406 428 1557 476 tanto
1598 421 1793 491 populo
1837 437 1884 477 ot

2108 421 2252 490 ἧσαι,
2287 417 2426 471 ὥστε
2457 416 2705 482 ἐξελάσαι
2759 413 2959 487 πλῆθος
2987 414 3242 486 ἐμπόρων
3274 415 3360 468 ἐπὶ
3388 417 3595 492 τὴνὲορ-

401 509 715 563 mactandas
757 523 854 577 per
902 509 1092 565 domos
1126 511 1453 566 l'amiiiarum
1507 529 1628 582 quae
1675 515 1888 570 multorl

2109 509 2164 580 ὴν
2197 507 2596 579 άνεληλυθότων
2624 506 2861 577 τοσούτῳ
2891 506 3229 560 ἀποδίδοσθαι
3253 507 3360 577 λαῷ
3383 510 3596 579 πρόϐατα

397 598 620 652 millium
678 600 1012 671 complerent
1065 618 1383 668 numerum;
1447 614 1611 673 atque
1646 619 1739 660 eos
1785 605 1875 674 qui

2108 603 2405 674 υθησόμενα
2428 603 2545 655 κατ’
2578 600 2756 662 οἴκους
2782 598 3025 670 πατριῶν
3058 598 3252 660 αὐτῶν,
3290 599 3344 652 ἐν
3370 600 3595 656 πλειόνων

397 689 559 742 rebus
617 689 814 745 talibus
870 691 1166 762 gloriantes
1228 695 1544 763 producturi
1614 696 1665 749 in
1729 697 1884 751 medii

2111 697 2344 769 υριάδων
2381 693 2601 766 ἀριθμῷ
2640 693 2991 763 τυγχάνοντα,
3027 692 3119 744 καὶ
3167 690 3289 760 βοῦς
3330 693 3431 753 τοῖς
3458 693 3597 746 πλου-

395 788 554 834 erant
583 779 884 845 columbas,
917 797 1051 852 quas
1083 783 1233 838 multi
1264 788 1495 854 empturi
1540 795 1738 853 erant,
1771 803 1870 842 ceu

2110 789 2362 860 ιωτέροις,
2399 789 2494 842 καὶ
2541 785 2836 858 τηλικαῦτα
2876 784 3191 855 εὐξαμένοις
3221 787 3597 856 παραστησομέ-

395 881 663 926 conventu
720 873 1082 930 celeberrimo
1139 878 1502 932 convivaturi.
1579 879 1878 936 Considera

2110 898 2208 945 ως,
2239 878 2563 952 περιστεράς
2583 895 2663 941 τε,
2709 878 2775 940 ἃς
2813 894 2955 939 τινες
2985 875 3165 928 πολλοὶ
3192 875 3265 938 ὼς
3302 879 3356 928 ἐν
3384 880 3597 946 πανηγύ-

396 965 558 1016 etiam
587 979 655 1018 an
689 966 1171 1022 nummulariorum
1213 978 1334 1023 erat
1356 985 1460 1023 non
1501 985 1758 1026 accusare
1783 973 1883 1028 δεδι

2111 989 2150 1023 ει
2190 969 2660 1040 εὐωχηθησόμενοι
2689 967 2920 1021 ὠνοῦντο
2939 966 3002 1019 ἄν
3025 983 3039 995 ·
3076 964 3182 1018 τῶν
3207 982 3264 1017 τε
3295 963 3598 1036 τραπεζιτῶν

399 1053 607 1121 injuria;
641 1067 861 1125 propter
894 1073 1022 1113 snas
1067 1059 1312 1128 ipsorum
1363 1059 1560 1116 eﬂusas
1609 1065 1864 1132 pecunias

2113 1059 2143 1131 ὴ
2193 1059 2402 1130 ὐὸρεως
2449 1058 2822 1129 κατηγορῆσαι
2864 1055 2960 1108 τοῦ
3006 1053 3176 1124 Ἰησοῦ
3228 1054 3507 1123 ἐκχεόμενα
3543 1057 3600 1109 τὰ

394 1160 611 1202 mensas
638 1149 952 1206 subversas.
987 1151 1147 1224 186
1176 1152 1308 1220 Quis
1345 1164 1523 1210 autem
1545 1154 1804 1226 ﬂagelloe
1828 1157 1879 1212 iu

2112 1155 2172 1199 ῑια
2223 1146 2401 1200 αὐτῶν
2455 1150 2706 1218 χρήματα
2731 1147 2866 1216 (57),
2914 1145 3007 1198 καὶ
3058 1145 3482 1244 ἀνατρεπομένας
3516 1145 3599 1244 τὰς

395 1235 535 1293 culis
567 1241 902 1309 verberatus,
939 1244 1304 1314 expulsusque
1345 1245 1414 1300 ab
1450 1261 1514 1302 eo
1546 1248 1638 1318 qui
1670 1264 1837 1319 penes
1865 1265 1882 1304 ε

2110 1236 2358 1308 ραπέζας.
2400 1239 2494 1302 Τίς
2525 1239 2581 1292 δέ
2606 1237 2684 1308 τῷ
2705 1239 2769 1290 ἐκ
2791 1235 3037 1306 σχοινίων
3067 1233 3368 1305 φραγελλίῳ
3398 1234 3494 1287 ὑπὸ
3521 1235 3597 1288 τοῦ

400 1328 700 1386 habebatur
717 1332 856 1400 vilis,
888 1337 1033 1390 hunc
1063 1337 1284 1392 adortus
1309 1355 1413 1393 non
1438 1339 1810 1408 inclamasset,
1839 1351 1887 1397 to

2115 1329 2417 1403 ιμιζομένου
2451 1334 2579 1403 παρ’
2619 1331 2800 1394 αὐτοῖς
2848 1327 3095 1390 εὐτελοῦς
3145 1327 3602 1397 τυπτόμενος,-καὶ

395 1421 600 1477 viribus
625 1438 746 1478 sese
781 1425 1070 1492 ulciscens,
1119 1444 1243 1484 cum
1287 1433 1587 1500 praasertim
1625 1443 1830 1489 tantam
1862 1435 1882 1489 ι

2114 1423 2516 1495 πελαυνόμενος,
2585 1425 2686 1478 οὐκ
2737 1421 2802 1476 ἂν
2860 1421 3246 1491 ἐπιλαϐόμενος
3310 1420 3601 1490 κατεϐόησε,

397 1509 549 1566 heret
574 1513 970 1577 multitudinem
1001 1533 1188 1574 eorum
1217 1521 1309 1591 qui
1349 1523 1450 1577 sibi
1493 1540 1649 1594 aeque
1683 1536 1884 1581 contun

2117 1517 2156 1569 tl.
2201 1518 2265 1570 ἐκ
2314 1516 2492 1588 χειρὸς
2525 1517 2622 1588 τὴν
2650 1516 2803 1586 δίκην
2829 1515 3139 1584 ἐποιήσατο,
3172 1512 3266 1565 καὶ
3304 1511 3464 1565 ταῦτα
3501 1529 3604 1565 τοσ-

395 1600 521 1655 liam
545 1602 659 1658 ﬁeri
684 1605 997 1674 credebant,
1023 1608 1294 1665 faventem
1318 1613 1419 1667 sibi
1443 1615 1731 1671 adversum
1754 1615 1879 1673 Jesu

2115 1609 2185 1663 ἱτο
2215 1609 2417 1680 πλῆθος
2451 1611 2557 1666 τῶν
2596 1606 3008 1680 συνυϐρίζεσθαι
3041 1605 3305 1672 δοξάντων
3338 1606 3602 1677 συνεργοῦν

395 1690 619 1760 Insuper
648 1695 1058 1752 consideremus
1089 1699 1178 1752 Dei
1204 1698 1397 1753 Filium
1433 1700 1705 1758 funiculus
1738 1719 1882 1758 sume

2114 1704 2174 1766 38)
2221 1705 2358 1757 κατὰ
2403 1702 2496 1756 τοῦ
2555 1702 2728 1774 Ἰησοῦ
2786 1701 2954 1772 ἔχωνς
2998 1701 3398 1769 Ἐπινοήσωμεν
3438 1699 3490 1751 δὲ
3525 1699 3601 1752 τὸν

394 1791 520 1844 lem,
553 1783 760 1852 sibique
785 1784 1055 1856 ﬂagellum
1099 1797 1388 1856 texentem,
1414 1793 1478 1845 ad
1508 1794 1881 1849 extrudendun

2116 1799 2187 1850 ἱὸν
2231 1797 2324 1850 τοῦ
2362 1795 2498 1849 Θεοῦ
2541 1795 2883 1866 λαμϐάνοντα
2933 1793 3002 1846 τὰ
3045 1792 3276 1864 σχοινία,
3325 1791 3414 1844 καὶ
3451 1791 3603 1862 ἐαυπῖι

393 1871 614 1940 templo,
665 1889 731 1927 an
761 1890 869 1928 non
902 1889 1276 1946 repraesentet,
1331 1892 1524 1948 praeter
1560 1884 1844 1938 audaciam

2116 1888 2374 1956 >αγέλλιον
2406 1887 2499 1940 ἐπὶ
2530 1886 2607 1956 τῷ
2655 1885 2902 1950 ἐξελάσαι
2951 1885 3044 1938 τοῦ
3075 1885 3201 1939 ναοῦ
3249 1883 3518 1946 πλέκοντα,
3562 1885 3603 1934 εἰ

390 1962 776 2026 temeritatem,
812 1967 1178 2023 inordinatum
1213 1970 1376 2023 etiam
1407 1972 1684 2040 quiddam.
1727 1977 1800 2030 At
1827 1993 1877 2032 vt

2116 1998 2132 2051 π
2161 1979 2412 2050 ἐμφαίνει
2440 1979 2574 2050 πρὸς
2596 1977 2674 2048 τῷ
2705 1978 2924 2032 αὐθάδει
2957 1978 3052 2030 καὶ
3084 1976 3401 2048 θρασυτέρῳ
3431 1976 3516 2028 καὶ
3552 1973 3603 2027 τὺ

389 2068 552 2107 unum
577 2055 909 2126 relinquitur
933 2059 1263 2116 defensionis
1297 2063 1582 2134 snli‘ugium
1617 2077 1822 2122 contra'
1841 2069 1872 2123 b

2116 2089 2301 2126 τακτον.
2329 2072 2444 2124 Μία
2469 2071 2525 2124 δὲ
2549 2070 2834 2140 καταφυγὴ
2859 2071 2957 2140 τῆς
2979 2070 3113 2141 πρὸς
3146 2069 3316 2123 ταῦτα
3339 2068 3603 2137 ἀπολογίας

387 2145 591 2200 volenti
632 2149 796 2202 etiam
837 2151 1117 2205 historiam
1145 2169 1384 2221 servare,
1423 2158 1504 2210 vis
1552 2161 1794 2226 quaedam
1826 2163 1874 2218 ,Ιε

2113 2163 2438 2216 ιταλείπεται
2485 2162 2562 2234 τῷ
2594 2163 2688 2216 καὶ
2720 2161 2816 2232 τὴν
2855 2161 3093 2232 ἱστορίαν
3129 2161 3301 2214 σῶσαι
3335 2160 3542 2223 θέλοντι,
3572 2160 3600 2230 ή

386 2236 639 2301 divinior,
693 2240 785 2308 qui
842 2251 1080 2310 poterat,
1137 2260 1258 2300 eum
1320 2248 1519 2316 vellet,
1559 2250 1873 2309 inﬂammati

2118 2252 2298 2324 ιοτὲρα
2320 2251 2414 2306 τοῦ
2452 2251 2624 2323 Ἰησοῦ
2659 2250 2885 2322 δύναμις
2916 2252 3027 2304 οἴου
3063 2268 3120 2304 τε
3145 2250 3322 2314 ὄντος,
3353 2251 3436 2304 ὅτε
3467 2249 3599 2302 ἐὸοὐα

385 2325 733 2384 inimicorum
781 2333 1023 2388 animmn
1069 2341 1418 2409 exstinguere
1445 2383 1458 2406 ,
1489 2352 1543 2398 et
1580 2347 1746 2402 multa
1776 2349 1872 2403 Ιιοιι

2112 2359 2192 2407 το,
2246 2342 2339 2395 καὶ
2385 2341 2554 2412 θυμὸν
2607 2341 2812 2413 ἐχθρῶν
2853 2341 3222 2411 ἀναπτόμενον
3275 2339 3473 2404 σϐέσαι,
3521 2341 3599 2393 καὶ

387 2428 515 2468 num
551 2418 718 2471 millia
743 2435 1004 2489 superare
1047 2426 1223 2492 gratia
1266 2429 1478 2496 divina,
1516 2441 1570 2487 et
1598 2437 1874 2504 cogitatior

2112 2434 2327 2504 iptddwv
2375 2433 2496 2505 θείᾳ
2524 2434 2706 2505 χάριτι
2741 2434 3137 2505 περιγενέσθαι,
3191 2435 3289 2487 καὶ
3337 2433 3599 2504 λογισμοὺς

387 2509 824 2565 tumultuantium
889 2517 1152 2587 dissipare
1187 2544 1198 2577 :
1237 2522 1540 2580 «Dominus
1597 2530 1736 2583 enim
1793 2531 1874 2586 dis

2106 2522 2420 2594 ›ρυϐούντων
2482 2525 2593 2596 (59)
2623 2525 2997 2590 διασκεδάσαι·
3043 2544 3060 2575 ι
3106 2524 3312 2596 Κύριος
3353 2525 3454 2593 γάρ
3493 2524 3593 2576 δια⁸

386 2603 724 2666 patconsilia
759 2609 1020 2673 gentium,
1063 2621 1115 2666 et
1142 2616 1352 2683 spernit
1393 2618 1750 2686 cogitationes
1776 2638 1873 2692 pop

2111 2614 2298 2678 ιεδάζει
2355 2614 2551 2686 βουλὰς
2606 2615 2794 2680 ἐθνῶν,
2861 2616 2954 2668 καὶ
3000 2615 3180 2669 ἀθετεῖ
3223 2615 3282 2668 δὲ
3333 2614 3598 2684 λογισμοὺς

382 2687 599 2756 lorum;
643 2695 932 2750 consilium
983 2710 1164 2754 autem
1211 2702 1419 2759 Domini
1457 2707 1511 2760 in
1561 2712 1869 2780 sempiterm

2105 2706 2192 2760 ιῶν
2213 2723 2226 2737 ·
2253 2709 2286 2778 ή
2319 2708 2375 2761 δέ
2412 2707 2573 2780 βουλὴ
2599 2707 2694 2760 τοῦ
2729 2707 2932 2780 Κυρίου
2964 2709 3044 2771 είς
3069 2707 3159 2760 τὸν
3193 2707 3366 2760 αἰῶνα
3390 2706 3592 2776 μένειῚ

379 2791 588 2848 perstat
647 2785 784 2854 ⁷⁸;ι
837 2789 972 2844 adeo
1025 2801 1082 2846 ut
1130 2793 1354 2850 historia
1398 2801 1680 2867 prtesentis
1727 2802 1855 2871 loci,

2110 2816 2187 2852 ne
2215 2801 2440 2872 μηδενὸς
2485 2801 2591 2854 τῶν
2623 2801 2827 2872 σφόδρα
2857 2800 3174 2872 παραδόξως
3217 2801 3313 2852 ὐπ’
3345 2798 3498 2852 αὐτοῦ
3520 2815 3597 2866 γε·

381 2880 563 2927 tamen
610 2875 724 2932 lucc
753 2879 890 2936 facta
920 2883 1053 2951 fuit,
1092 2889 1342 2944 ostendat
1369 2890 1527 2946 nullis
1553 2897 1868 2962 quantumlil

2108 2892 2384 2963 μνημένων,
2435 2894 2528 2946 καὶ
2562 2894 3053 2964 προκαλεσαμένων
3101 2892 3189 2946 διὰ
3219 2892 3321 2962 τῆς
3351 2890 3595 2960 θειότητος

379 2963 774 3023 admirabiliter
795 2973 864 3026 ab
901 2975 1013 3042 ipso
1042 2976 1204 3034 factis
1229 3019 1244 3044 ,
1290 2989 1453 3050 atque
1485 2999 1579 3053 per
1603 2985 1866 3042 divinitati

2108 3002 2128 3048 ;
2175 2985 2356 3038 πίστιν
2389 2986 2514 3048 τοὺς
2560 2963 2982 3058 τεθεωρηκότας,
3029 2985 3290 3038 ἐλάττονα
3341 2984 3595 3055 ἐμφαίνειν

381 3055 734 3114 invitantibus
789 3065 856 3117 ad
912 3065 1075 3121 ﬁdem
1105 3083 1200 3122 eos
1229 3073 1322 3140 qui
1353 3074 1638 3140 viderunt,
1685 3077 1868 3133 Vil‘lUlt

381 3165 518 3176 ...η-ιι.
545 3151 737 3176 “JH..-”
775 3157 863 3176 __-:_
892 3156 936 3176 l_
963 3173 976 3176 -
1068 3160 1089 3176 ιι
1126 3161 1137 3172 ο
1554 3171 1564 3176 -
1775 3173 1785 3176 -

2107 3077 2426 3148 εργηθείσαν
2453 3076 2678 3148 δύναμιν
2723 3079 2820 3149 τὴν
2854 3078 2994 3132 κατὰ
3035 3078 3124 3131 τὸν
3162 3078 3330 3131 τόπον
3361 3077 3592 3148 ἱστορίαν,

379 3165 520 3203 nunc
542 3151 740 3206 editam
775 3156 1034 3212 minbrem
1065 3160 1274 3218 fuisse:
1311 3178 1471 3234 quam
1495 3171 1656 3223 etiam
1682 3173 1866 3243 majori

2125 3187 2188 3238 γε
2211 3171 2304 3222 καὶ
2325 3171 2460 3240 αὐτὴ
2491 3170 2797 3241 γεγένηται.
2835 3171 2943 3223 Καὶ
2969 3170 3188 3242 μείζονα
3208 3169 3255 3221 δ’
3282 3171 3449 3241 αὐτὴν
3471 3167 3594 3221 ἔστιν

377 3244 730 3307 pronuntiare
758 3263 1066 3318 possumus,
1094 3269 1256 3323 quam
1282 3261 1424 3326 quod
1448 3261 1500 3314 in
1541 3262 1684 3317 Cana
1706 3264 1864 3321 Galil:

2104 3262 2422 3333 τοφήνασθαι
2448 3264 2545 3333 τῆς
2572 3262 2944 3333 γεγενημένης
2975 3264 3099 3334 περὶ
3127 3261 3218 3315 τοῦ
3248 3265 3310 3319 ἐν
3337 3263 3484 3332 Κανᾷ
3508 3260 3591 3330 τῆς

374 3334 447 3387 sit
478 3351 614 3404 aqua
647 3338 696 3391 in
734 3340 916 3396 vinum
955 3354 1196 3426 mutata;
1227 3350 1476 3405 nimirum
1507 3357 1648 3423 quod
1687 3357 1792 3412 illic
1825 3360 1858 3412 il

2108 3353 2331 3416 ιλιλαίας
2363 3354 2825 3426 μεταϐεϐληκότος
2865 3354 3052 3417 ὓδατος
3093 3356 3171 3418 είς
3202 3349 3366 3417 οἶνον,
3400 3353 3472 3423 τῷ
3495 3354 3595 3405 ἐκεῖ

374 3424 576 3480 nimem
607 3431 884 3485 materiam
923 3417 1254 3504 mutaverit,
1306 3439 1408 3494 hoc
1439 3458 1564 3497 vero
1612 3445 1662 3498 in
1708 3447 1824 3502 loco

2105 3417 2376 3515 ινᾶᾠυχον
2402 3445 2532 3517 ὓλην
2560 3417 2696 3500 εἶναι
2725 3447 2824 3518 τὴν
2854 3447 3337 3518 μεταϐεϐλημένην
3370 3417 3493 3517 (ﬁli),
3522 3447 3592 3496 ἐν-

376 3518 676 3587 rnyriadum
701 3520 909 3590 ingenia
930 3530 1515 3602 praestantissimasque
1541 3536 1736 3591 anima:
1758 3552 1863 3608 pari

2104 3536 2168 3588 ιδε
2197 3537 2254 3589 δέ
2281 3539 2386 3590 τῶν
2419 3538 2683 3591 τοσούτων
2708 3539 2978 3610 μυριάδων
3005 3539 3361 3593 δεδουλῶσθαι
3389 3540 3450 3592 τὰ
3484 3541 3591 3611 ήγε-

375 3607 698 3676 subjugarit.
731 3611 1413 3675 Cteterumobservandum
1441 3633 1524 3677 est
1555 3638 1780 3683 matrem
1810 3631 1862 3686 Je

2102 3627 2259 3680 ›νικά.
2306 3607 2722 3699 Παρατηρητέον
2758 3607 3022 3699 μέντοιγε,
3057 3620 3226 3682 ξτιέν
3277 3631 3375 3701 μὲν
3407 3630 3480 3699 τῷ
3502 3607 3589 3696 γά-

376 3696 481 3749 ‹Ιὶοί
511 3699 702 3753 adesse
741 3703 972 3772 nuptiis,
1015 3715 1370 3776 vocatumque
1411 3710 1577 3766 fuisse
1602 3712 1785 3770 Jesum
1815 3734 1863 3771 ει

2102 3721 2187 3790 μή
2222 3696 2406 3791 μήτηρ
2434 3696 2738 3790 τοῦ-Ἰησοῦ
2760 3696 2904 3774 εἶναι
2950 3696 3183 3790 λέγεται,
3231 3696 3518 3792 κεκλῆσθαι
3541 3720 3589 3772 δὲ

373 3787 656 3858 discipulis
690 3794 824 3858 suis,
855 3797 1123 3852 neminem
1149 3815 1277 3855 vero
1306 3813 1504 3870 praeter
1525 3801 1708 3860 Jesum
1743 3824 1860 3862 num

2103 3787 2314 3879 ’Ἰησοῦς
2345 3787 2441 3863 καὶ
2467 3810 2516 3861 οί
2563 3787 2801 3880 μαθηταὶ
2831 3787 3031 3864 αὐτοῦ.⁷
3057 3813 3150 3877 Εἰς
3177 3811 3233 3864 δὲ
3264 3813 3364 3883 τὴν
3385 3787 3588 3880 Καφαρ-

374 3882 486 3935 rari
544 3882 925 3953 Capharnaum
981 3888 1346 3952 descendisse.
1425 3895 1686 3951 Videntur
1755 3909 1860 3952 tam

2104 3899 2218 3968 ,οὺμ
2250 3897 2682 3969 καταϐεϐηκέναι
2719 3898 2828 3971 (61)
2861 3900 3035 3964 οὐδεὶς
3063 3900 3198 3972 πλὴν
3233 3882 3407 3972 Ἰησοῦ
3431 3897 3591 3953 κατεί-

369 3983 555 4042 postea
581 3976 828 4046 discipuli
863 3981 1135 4046 adfuisse,
1181 3986 1615 4056 quandoquidem
1663 3993 1851 4045 record

2101 4006 2242 4042 κται.
2283 3989 2562 4043 Φαίνονται
2589 3989 2634 4043 δ’
2665 3989 2886 4063 ὕστερον
2925 3993 3020 4045 κα)⁸
3065 3994 3113 4046 οἱ
3143 3993 3380 4066 μαθηταὶ
3408 3990 3588 4062 παρόν-

366 4073 495 4119 sunt
541 4068 800 4136 scriptum
840 4085 997 4125 esse:
1041 4091 1058 4122 ι
1087 4073 1246 4129 Zelus
1299 4080 1489 4134 domus
1542 4090 1645 4135 tua:
1697 4097 1852 4138 come

2101 4098 2145 4147 ς,
2178 4080 2319 4150 εἴγε
2365 4081 2735 4154 ἐμνήσθησαν,
2779 4084 2858 4136 ὄτι
2892 4103 2909 4136 ι
2933 4084 2990 4136 '0
3035 4084 3193 4154 ζῆλος
3218 4086 3315 4139 τοῦ
3339 4085 3480 4138 οἴκου
3508 4101 3587 4136 σου

370 4172 457 4210 me
487 4157 554 4213 ".
584 4176 602 4209 ι
640 4159 715 4213 Ac
743 4159 974 4216 fortasse
1003 4164 1055 4218 in
1081 4166 1305 4234 singulis
1325 4168 1603 4240 discipulis
1629 4183 1747 4228 erat
1775 4174 1857 4230 Jes

2099 4172 2408 4242 ιταφάγεταί
2445 4191 2531 4244 με.
2561 4193 2581 4226 ›
2642 4175 2750 4228 Καὶ
2796 4175 2934 4246 τάχα
2966 4177 3022 4228 ἐν
3049 4176 3264 4245 ἑκάστῳ
3290 4175 3396 4229 τῶν
3430 4175 3586 4246 μαθη-

366 4246 796 4320 Iiierosolymam
831 4256 1149 4322 ascendens,
1176 4261 1432 4327 quocirca
1453 4277 1558 4316 non
1584 4264 1788 4320 dictum
1812 4282 1853 4322 ea

2100 4269 2141 4319 iv
2171 4267 2198 4318 ὁ
2239 4266 2444 4338 Ἰησοῦς
2474 4267 2775 4321 ἀναϐαίνων
2808 4270 2885 4332 είς
2929 4268 3275 4340 Ἰεροσόλυμα
3301 4265 3389 4341 ἦν,
3418 4267 3587 4336 διόπερ

364 4342 623 4398 Ascendit
670 4341 829 4400 Jesus
886 4347 1335 4420 Hierosolymam,
1391 4362 1444 4408 et
1487 4355 1732 4428 discipuli
1784 4360 1851 4430 ejt

2100 4374 2132 4408 κ
2165 4356 2377 4428 εἴρηται
2405 4357 2464 4409 τό
2487 4374 2499 4386 ·
2546 4357 2735 4427 Ἀνέϐη
2771 4358 2974 4429 Ἰησοῦς
2997 4361 3076 4423 είς
3115 4360 3473 4431 Ἰεροσόλυμα,
3505 4358 3587 4410 καὶ

362 4435 846 4504 quemadmodum,
901 4455 920 4489 ι
953 4440 1240 4494 Descendit
1269 4444 1651 4512 Capharnaum
1693 4449 1806 4520 ipse
1827 4493 1843 4520 ,

2114 4445 2352 4518 μαθηταὶ
2379 4447 2564 4511 αὐτοῦ,
2593 4447 2800 4521 ὥσπερ,
2843 4469 2860 4500 ι
2885 4449 3102 4521 Κατέὸη
3128 4452 3204 4513 είς
3227 4450 3586 4522 Καφαρναοὺμ

363 4534 538 4582 mater
562 4528 699 4597 ejus,
725 4543 779 4584 et
809 4529 1006 4588 fratres
1058 4545 1112 4590 et
1144 4534 1390 4604 discipuli
1427 4535 1545 4606 ejus
1571 4539 1638 4594 ⁷⁸.
1665 4559 1683 4592 ι

2102 4537 2210 4599 τὸς,
2265 4538 2421 4608 καὶὴ
2475 4539 2655 4611 μήτηρ
2686 4541 2868 4604 αὐτοῦ,
2901 4542 2991 4594 καὶ
3023 4543 3072 4594 oi
3121 4541 3358 4612 ἀδελφοὶ,
3408 4543 3497 4596 καὶ
3541 4541 3584 4594 οἱ

2032 4628 2268 4698 μαθηταὶ
2297 4629 2478 4682 αὐτοῦ.
2508 4650 2527 4681 ι

432 4705 517 4760 l7.
563 4707 669 4762 Sed
707 4709 820 4778 jam
872 4722 1100 4784 cognata
1148 4712 1274 4769 huic
1308 4715 1428 4770 loco
1465 4715 1758 4787 (nimirum
1782 4721 1919 4788 quod

2098 4719 2183 4774 17.
2231 4721 2368 4790 Ἤδη
2412 4721 2466 4774 δὲ
2505 4723 2570 4776 τὰ
2617 4725 2852 4795 συγγενῆ
2903 4725 2980 4797 τῷ
3023 4727 3172 4798 τόπῳ
3215 4727 3581 4798 (ἐκϐεϐλῆσθαι

357 4795 518 4865 ejecti
567 4800 773 4855 fuerint
803 4819 833 4858 e
867 4807 1071 4876 templo
1098 4807 1193 4878 qui
1243 4808 1376 4864 illud
1423 4808 1668 4864 facerent
1702 4811 1844 4866 domi

2092 4811 2132 4864 τὸ
2156 4811 2247 4864 τοῦ
2283 4813 2427 4884 ἱεροῦ
2455 4816 2580 4878 τούς
2617 4817 2898 4881 ποιοῦντας
2937 4795 3097 4871 αὐτὸν
3130 4795 3276 4872 οἶκον
3309 4795 3579 4890 ἐμπορίου)

355 4892 658 4964 mercatus)
685 4896 823 4964 apud
851 4907 1071 4956 caeteros
1118 4901 1292 4968 posita
1343 4901 1734 4958 consideranda
1766 4919 1842 4959 sui

2094 4905 2171 4975 ιρὰ
2214 4909 2324 4968 τοῖς
2367 4905 2569 4970 λοιποῖς
2595 4909 2816 4978 κείμενα
2851 4910 3228 4981 κατανοητέον.
3291 4913 3400 4964 Καὶ
3448 4910 3581 4982 πρῶ-

354 4983 433 5037 Ae
460 4999 592 5040 sane
620 4986 898 5044 videamus
950 4991 1002 5045 in
1057 4994 1248 5062 primis
1274 5009 1394 5064 quae
1425 5006 1557 5050 sunt
1606 4999 1743 5066 apud
1773 4997 1841 5052 M2

2093 5015 2192 5067 θγε
2243 4999 2310 5051 τὰ
2342 4999 2491 5069 παρὰ
2538 4999 2615 5070 τῷ
2664 5001 2944 5073 Ματθαίῳ,
2997 5004 3056 5066 ὃς
3102 5021 3283 5074 φησιν,
3329 5003 3580 5057 εἰσελθόν-

355 5074 553 5127 ιιισιυιιι
575 5075 919 5145 dicentem",
944 5081 1192 5151 ingresso
1211 5085 1436 5142 Domino
1463 5087 1842 5162 Hierosolymal

2090 5109 2109 5155 ;
2153 5091 2246 5144 τοῦ
2294 5093 2500 5163 Κυρίου
2551 5096 2629 5157 είς
2675 5095 3037 5167 Ἱεροσόλυμα,
3091 5097 3362 5152 σεσεῖσθαι
3419 5099 3577 5150 πᾶσαν

423 5194 468 5226 ⁷⁸
490 5194 636 5251 Psal.
666 5213 842 5266 xxxii,
893 5199 982 5267 10,
1029 5203 1116 5258 Η.
1191 5207 1238 5237 ⁷⁷
1271 5205 1430 5264 Joan.
1483 5227 1544 5279 ιι,
1588 5214 1672 5280 17;
1708 5213 1850 5270 Psal.
1883 5230 1910 5268 ι

1800 5213 1850 5270 ιΙ,
1883 5229 2072 5279 vam,
2109 5212 2194 5267 10.
2267 5213 2313 5244 ⁷⁸
2345 5211 2500 5271 Joan.
2524 5230 2582 5280 Il,
2612 5213 2700 5273 12.
2773 5215 2818 5251 ’⁸
2843 5215 3034 5271 Matth.
3061 5235 3173 5283 ut,
3205 5218 3287 5272 l0.

423 5333 536 5425 (³57)
559 5331 807 5425 Ξὰηἵδια
839 5337 1041 5392 αὐτῶν
1085 5344 1376 5425 meum.
1413 5345 1503 5400 Sic
1555 5357 1717 5425 recte.
1750 5349 1910 5425 habet

2095 5353 2206 5422 (60)
2257 5353 2810 5424 Μεταϐεϐλημένην.
2869 5355 2942 5410 lta
2993 5359 3161 5412 codex
3225 5358 3570 5425 Bodleianus;

352 5401 525 5485 codex’
558 5401 907 5486 Bodleianns,
950 5423 1049 5476 pro
1070 5401 1268 5478 (ii-libus
1297 5431 1580 5486 perperam
1617 5401 1814 5488 legitur
1834 5401 1912 5473 in
2019 5401 2236 5493 Regius,

354 5471 675 5547 Iiegiol’d‘tov
701 5493 806 5547 των
826 5477 894 5529 τά
921 5480 1195 5547 χρήματα.
2087 5495 2200 5547 (61)
2260 5497 2364 5547 Elc
2462 5497 2492 5547 ὲ
2546 5497 2651 5547 τὴν

354 5471 678 5581 ¹¹θβεέξέιτὲ⁰νι
701 5471 1195 5581 τῶἴιτάοκῖλήμάτα·
1297 5471 1313 5485 ’
1395 5471 1411 5486 ’
1616 5557 1641 5569 -
1668 5471 1698 5488 ”
1792 5471 1800 5472 ί
2019 5471 2682 5581 “iit-tilia-153751;.
2709 5498 3122 5581 Καφαρναοὺμ
3191 5496 3572 5581 κςτταδεξηκέι

425 5542 536 5608 (58)
569 5543 749 5600 Codex
781 5542 1368 5620 liegiifsfperperam,
1405 5557 1703 5626 συνεργῶν.

425 5611 534 5651 ιΞῖΩὶ
564 5615 983 5651 Ωηηυϐιηίυφικν
1035 5619 1125 5651 ειη
1173 5623 1342 5651 ιηιΑη..
1396 5624 1748 5651 1),..ιι..;....--,..
1807 5630 1877 5651 n-

2114 5542 2167 5548 -_
2260 5542 2324 5548 _-
2429 5542 2486 5547 η
2719 5542 2804 5551 --η
2852 5542 2887 5550 ν.
2932 5542 3070 5552 mw
3191 5542 3545 5564 ........,.....,.--

2082 5542 2138 5617 ἦ.
2182 5542 2361 5618 ἏΙίιθῖ
2404 5542 2844 5651 ίςείεεθῖνίιίθριῗ
2877 5542 3196 5651 erra‘rius;
3234 5574 3312 5651 ita.
3347 5572 3569 5651 scilicet,

423 5611 1003 5710 εξθηίξτιέιίςρργξων.
1035 5611 1126 5676 Sic
1161 5611 1366 5680 'codex'
1395 5611 1751 5698 Bodleianus;
1805 5630 1910 5688 Re-

2086 5611 3209 5710 graiii'.ggais;gfa4.kzaaxsz.i“rem.
3230 5611 3573 5702 ἔιῖίιῆἷῖἶιῖὸῖ

353 5680 488 5748 gius.
524 5680 897 5753 θορυϐοῦντας,
1445 5680 1459 5683 -
1487 5680 1713 5698 γ-ν--ςη-μ-
1739 5680 1751 5697 ,
1805 5680 1840 5686 -,

2016 5680 2356 5776 Sardiniain
2378 5680 2708 5774 ascendisse,
2748 5728 2772 5761 ι
2810 5680 2901 5766 sed
2932 5709 3073 5765 nulla
3103 5680 3389 5766 sententia:
