3766 6142
206 341 303 396 553

1280 342 1637 398 COMMENT.
1680 340 1745 394 IN
1785 338 1978 396 JOAN.
2023 339 2258 395 TOMUS
2295 336 2361 392 X.

3323 341 3428 395 556

205 460 299 531 τήν
353 458 501 512 πόλιν
548 457 845 527 λέγουσανο
900 479 917 510 t
947 460 1040 524 Τίς
1091 461 1240 514 ἐστιν
1283 454 1469 528 οὗτοςς
1501 480 1519 511 ι
1573 461 1679 532 πρὸ
1721 459 1773 512 δὲ

1878 467 2205 513 commotam
2240 457 2407 512 fuisse
2432 455 2743 510 universam
2778 453 3053 510 civitatem
3082 493 3095 518 ,
3121 452 3390 510 dicentem
3418 474 3432 510 ;

203 550 401 603 τούτων
433 550 697 620 διηγεῖται
739 552 807 605 τὰ
852 553 976 624 περὶ
1007 553 1105 624 τὴν
1153 553 1272 606 δνον
1314 555 1405 606 καὶ
1444 553 1535 606 τὸν
1566 553 1762 615 πῶλον,

203 642 463 713 ληφθέντα
493 642 786 714 προστάξει
825 644 917 697 τοῦ
961 646 1184 717 Κυρίου,
1224 645 1328 699 ὑπὸ
1371 645 1464 699 δύο
1511 644 1765 716 μαθητῶν

204 732 608 786 ἀποσταλέντων
668 733 758 786 ὑπ’
811 733 976 786 αὑτοῦ
1027 734 1134 788 ἀπὸ
1190 734 1485 806 Βηθφαγῆς
1536 736 1616 796 εἰς
1668 733 1764 804 τὴν

206 824 479 876 κατέναντι
515 823 687 893 αὑτῆς
731 823 922 894 κώμην
949 825 1242 897 εὑρημένα,
1287 827 1419 878 ὅπου
1452 825 1546 878 καὶ
1580 824 1765 877 λύεται

205 916 300 968 ὑπὸ
336 916 448 967 τῶν
477 916 572 968 δύο
623 916 876 988 μαθητῶν
927 919 959 988 ἡ
1005 919 1266 990 πρότερον
1317 917 1571 990 δεδεμένη
1625 918 1763 981 ὄνος,

204 1005 611 1070 κελευσθέντων,
639 1007 733 1061 ἐάν
763 1025 846 1070 τις
878 1009 1062 1072 αὑτοῖς
1100 1008 1229 1083 εἴπῃ
1261 1026 1335 1074 τι,
1371 1009 1766 1081 ἀποκρίνασθαι

201 1094 270 1157 ὡς
300 1095 408 1165 ἄρα
441 1115 460 1147 ι
522 1097 580 1150 '0
627 1097 827 1170 Κύριος
873 1099 1050 1151 αὑτῶν
1082 1101 1270 1171 χρείαν
1304 1100 1436 1171 ἔχει,
1481 1102 1576 1154 καὶ
1608 1099 1768 1162 εὐθὺς

203 1187 388 1250 αὑτοὺς
413 1189 722 1242 ἀποστελεῖ.
761 1209 778 1240 ι
823 1189 1177 1259 Ἀπαγγέλλει
1201 1193 1256 1245 δὲ
1279 1192 1614 1265 πληροῦσθαι
1636 1209 1768 1262 προ-

205 1280 421 1350 φητείαν
467 1281 554 1335 διὰ
591 1281 792 1336 τούτων
831 1284 1202 1354 γεγενημένην
1237 1284 1348 1356 (62)
1392 1285 1491 1357 τὴν
1533 1287 1768 1354 φάσκου-

206 1387 297 1422 σαν
321 1387 334 1400 ·
373 1391 391 1422 t
450 1372 578 1425 Ἰδοὺ
613 1373 641 1424 6
671 1373 922 1444 βασιλεὺς
968 1375 1185 1447 ἔρχεται
1217 1376 1413 1447 πραῢς,
1459 1377 1548 1430 καὶ
1579 1376 1766 1429 ἐπιϐε-

205 1459 378 1529 ϐηκὼς
405 1461 502 1514 ἐπὶ
525 1461 664 1525 ὄνον,
697 1463 790 1516 καὶ
817 1463 992 1516 πῶλον
1027 1464 1140 1516 υἱὸν
1175 1463 1486 1532 ὑποζυγίου,
1532 1485 1550 1516 ι
1581 1467 1766 1535 ἥντινα

205 1552 346 1624 παρὰ
368 1553 452 1624 τῷ
479 1555 724 1626 Ζαχαρία
752 1554 980 1626 εὕρομεν
1000 1573 1012 1586 ⁸
1038 1557 1114 1620 ὡς
1139 1558 1195 1610 δὲ
1217 1557 1569 1628 πορευθέντες
1593 1559 1642 1610 οί
1668 1575 1769 1628 μα-

206 1644 374 1714 θηταὶ,
419 1645 520 1698 καὶ
553 1649 874 1717 ποιήσαντες
907 1648 982 1711 ὡς
1015 1648 1346 1719 προσέταξεν
1379 1649 1562 1712 αὑτοῖς
1590 1652 1618 1703 6
1662 1652 1766 1721 Ἰη-

207 1735 343 1798 σοῦς,
386 1737 597 1806 ἤγαγον
640 1738 729 1790 τὸν
775 1738 894 1790 δνον
945 1739 1037 1792 καὶ
1085 1739 1176 1791 τὸν
1210 1739 1408 1804 πῶλον,
1447 1741 1539 1793 καὶ
1573 1741 1766 1810 ἐπέθη-

1876 571 1893 600 ι
1917 551 2047 618 Quis
2067 560 2151 604 est
2171 549 2257 604 hic
2279 549 2302 602 ?
2325 567 2343 600 ι
2367 556 2787 615 narrantemque
2805 554 2930 598 ante
2950 545 3063 599 haec
3090 544 3137 577 ⁸⁸
3169 546 3234 600 de
3260 548 3432 610 asina,

1868 652 1921 697 et
1971 642 2136 712 pullo,
2197 641 2425 710 sumptis
2471 639 2620 705 jussu
2681 637 2889 691 Domini
2935 653 2963 690 a
3015 638 3224 692 duobus
3274 639 3434 692 dist-i-

1869 735 2005 805 pttlis
2032 739 2099 787 ab
2127 733 2246 802 ipso
2291 733 2470 786 missis
2519 747 2547 784 a
2595 730 2938 798 Bcthphage,
2989 738 3044 782 et
3101 728 3334 782 inventis
3382 727 3433 779 itt

1872 829 2030 898 187
2057 829 2175 881 vico
2207 841 2236 879 e
2265 824 2481 892 regione
2505 823 2672 892 ipsius
2700 822 3013 883 exsistente,
3039 820 3126 873 ubi
3164 831 3217 874 et
3245 836 3272 872 a
3301 820 3436 873 duo-

1871 920 1968 974 bus
1994 917 2275 986 discipulis
2313 916 2542 969 solvitur
2582 914 2730 967 asina
2760 923 2914 966 antea
2957 913 3170 984 alligata
3201 931 3216 980 ;
3245 911 3430 982 jussis,

1869 1013 1911 1066 si
1953 1011 2073 1079 quis
2093 1009 2223 1078 quid
2258 1009 2361 1062 illis
2401 1008 2647 1071 dixisset,
2697 1007 3022 1073 respondere
3059 1023 3073 1058 :
3113 1026 3131 1056 ι
3182 1005 3435 1059 Dominus

1871 1104 1954 1156 his
1979 1117 2112 1170 opus
2149 1102 2332 1161 habet,
2364 1109 2418 1153 et
2443 1098 2726 1150 confestim
2753 1094 3214 1150 dimitteteos“.)
3244 1095 3437 1148 Narrat

1868 1194 2029 1247 etiam
2059 1192 2344 1246 Mattbaeus
2363 1206 2458 1259 per
2480 1192 2591 1243 haec
2619 1188 2824 1257 impleri
2849 1187 3185 1256 prophetiam
3212 1185 3434 1252 factam,

1868 1283 2143 1338 dicentem
2182 1301 2195 1336 :
2238 1302 2255 1334 ι
2287 1283 2425 1335 Ecce
2455 1279 2567 1333 Rex
2608 1279 2754 1333 venit
2793 1289 3126 1341 mansuetus,
3151 1275 3209 1332 et
3243 1277 3436 1332 sedens

1869 1387 2031 1440 Super
2076 1375 2311 1436 asinam,
2353 1381 2408 1425 et
2453 1371 2652 1440 pullum
2703 1369 2870 1423 lilium
2919 1369 3179 1438 subjugis,
3221 1386 3240 1420 ι
3272 1383 3433 1436 quam

1868 1466 2007 1534 apud
2048 1465 2363 1518 Zachariam
2403 1464 2702 1516 invenimus
2717 1462 2793 1525 ⁸²;
2815 1471 2868 1514 et
2899 1461 3137 1530 inquit”
3163 1459 3435 1529 profectos

1868 1556 2184 1624 discipulos,
2222 1570 2342 1610 cum
2395 1555 2647 1608 fecissent
2678 1568 2796 1620 qua:
2824 1551 2928 1604 illis
2963 1550 3223 1618 iussisset
3255 1548 3433 1614 Jesus,

1868 1648 2075 1700 asinam
2119 1648 2425 1709 adduxisse,
2457 1654 2510 1698 et
2540 1644 2766 1713 pullum,
2802 1651 2965 1712 atque
2993 1641 3316 1710 imposuisse
3340 1653 3437 1694 su-

1867 1753 1964 1807 per
1993 1753 2084 1792 eos
2111 1738 2428 1792 vestimenta
2453 1751 2584 1798 sua;
2615 1735 3009 1803 Deminumque
3030 1733 3154 1796 illis,
3183 1732 3432 1786 nimirum

208 1842 300 1877 καν
329 1825 462 1895 (65),
509 1827 690 1897 φησὶν,
721 1827 806 1879 ἐπ’
841 1827 1020 1880 αὑτῶν
1063 1828 1131 1880 τὰ
1179 1830 1369 1900 ἱμάτια
1409 1829 1646 1893 ἑαυτῶν,
1674 1830 1768 1881 καὶ

1871 1831 2037 1883 asina:
2075 1838 2133 1882 et
2180 1827 2346 1898 pullo,
2379 1827 2662 1889 insedisse,
2719 1836 2830 1878 tum
2863 1826 3072 1878 scilicet
3121 1839 3243 1878 cum
3281 1821 3434 1876 turba

205 1919 526 1974 ἐτὲκάθισεν
555 1920 740 1973 ἐπάνω
773 1921 952 1974 αὑτῶν
983 1922 1011 1972 6
1037 1922 1271 1993 Κύριος,
1306 1921 1460 1992 δῆλον
1493 1923 1538 1974 δ’
1568 1922 1648 1974 ὅτι
1677 1921 1772 1974 καὶ

204 2011 295 2080 τῆς
334 2011 456 2063 δνου
502 2012 597 2064 καὶ
637 2011 730 2064 τοῦ
762 2011 960 2075 πώλου,
994 2013 1082 2065 ὅτε
1125 2014 1219 2066 καὶ
1249 2015 1278 2065 6
1325 2015 1572 2076 πλεῖστος
1619 2012 1772 2084 δχλος

206 2102 478 2172 ἔστρωσαν
529 2104 598 2156 τά
645 2105 834 2174 ἱμάτια
889 2107 946 2157 ὲν
985 2107 1052 2175 τῇ
1087 2105 1209 2175 ὁδῷ,
1245 2106 1392 2159 ἄλλοι
1437 2105 1493 2159 δὲ
1546 2105 1772 2159 ἔκοπτον

207 2193 424 2258 κλάδους
457 2194 570 2247 ἀπὸ
603 2195 710 2247 τῶν
743 2195 992 2266 δένδρων,
1034 2197 1127 2248 καὶ
1159 2197 1436 2268 ἔστρωσαν
1471 2199 1528 2250 ὲν
1559 2200 1624 2268 τῇ
1669 2196 1772 2267 ὁδῷ

207 2284 307 2337 τῶν
345 2288 720 2356 προαγόντων,
763 2287 854 2340 καὶ
889 2287 1320 2342 ἀκολουθούντων
1353 2289 1526 2359 ὄχλων
1568 2307 1772 2362 κεκρα-

206 2377 371 2444 γότων
390 2395 403 2406 ο
446 2397 467 2429 ι
523 2380 746 2432 Ὡσαννὰ
774 2379 851 2448 τῷ
876 2380 976 2450 υίῷ
1008 2380 1168 2432 Δαυῖδ
1186 2397 1199 2410 ο
1236 2381 1596 2452 εὐλογημένος
1625 2383 1653 2433 ὁ
1685 2383 1776 2451 έρ-

207 2469 425 2537 χόμενος
459 2470 522 2519 ὲν
565 2470 786 2540 ὀνόματι
829 2469 1065 2540 Κυρίου·
1111 2470 1338 2524 Ὡσαννὰ
1391 2473 1448 2523 ὲν
1482 2474 1594 2533 τοῖς
1647 2470 1774 2540 ὑψί-

210 2577 364 2624 στοις.
411 2580 429 2611 ι
482 2561 629 2632 Πλὴν
663 2562 737 2625 ὠς
780 2560 867 2614 διὰ
913 2561 1086 2615 ταῦτα
1122 2561 1450 2626 εἰσελθόντος
1491 2562 1654 2616 αὑτοῦ
1695 2565 1774 2628 είς

221 2651 588 2722 Ἰεροσόλυμα,
631 2670 648 2701 ι
693 2651 908 2722 ἐσείσθη
940 2653 1148 2723 πᾶσαή
1182 2652 1351 2716 πόλις,
1381 2652 1631 2720 λέγουσα·
1681 2653 1778 2718 Τίς

208 2742 347 2796 ἐστιν
388 2735 584 2806 oin-0;;
623 2743 687 2796 υἱ
732 2741 896 2812 ὄχλοι,
942 2762 959 2793 ι
1011 2743 1166 2814 δῆλον
1200 2745 1280 2797 ὅτι
1323 2744 1651 2814 προάγοντες
1683 2744 1777 2798 καὶ

209 2833 646 2896 ἀτολουθοῦντες,
697 2833 1061 2902 ἀπεκρίναντο
1106 2836 1218 2898 τοῖς
1264 2833 1508 2905 ἐρωτῶσι
1548 2833 1632 2898 τίς
1665 2835 1774 2906 εἴη,

207 2925 293 2978 τό’
335 2944 352 2975 ‹
389 2918 566 2988 Οὗτός
605 2927 750 2978 ἐστιν
789 2927 818 2978 6
860 2926 1145 2996 προφήτης
1204 2924 1430 2994 Ἰησοῦς,
1463 2925 1492 2976 6
1525 2925 1634 2978 ἀπὸ
1665 2926 1777 2980 Ναν-

209 3016 364 3088 ζαρὲτ
392 3018 498 3089 τῆς
523 3017 829 3080 Γαλιλαίας.
864 3018 970 3070 Καὶ
1000 3015 1243 3088 εἰσῆλθεν
1280 3017 1485 3087 Ἰησοῦς
1511 3020 1589 3081 είς
1616 3018 1677 3072 τὸ
1700 3020 1776 3072 ἱε-

211 3109 315 3179 ρὸν,
345 3110 439 3162 καὶ
473 3107 700 3174 ἐξέϐαλε
729 3107 934 3171 πάντας
961 3109 1087 3170 τοὺς
1122 3106 1428 3173 πωλοῦντας
1457 3109 1550 3161 καὶ
1578 3107 1778 3179 ἀγορά-

1873 1919 2064 1975 stravit
2097 1920 2421 1974 vestimenta
2459 1918 2510 1970 in
2544 1917 2653 1980 via,
2685 1926 2736 1970 et
2765 1915 2854 1970 alii
2880 1916 2947 1970 ab
2967 1915 3251 1970 arboribus
3286 1927 3436 1968 rese-

1872 2022 1990 2066 ctos
2018 2025 2198 2064 ramos
2229 2011 2280 2063 in
2321 2011 2402 2062 via
2429 2019 2757 2073 sternerent,
2805 2007 3235 2076 pra'cedentibus
3264 2021 3326 2060 ac
3352 2020 3443 2058 sc-

1873 2102 2167 2172 quentibus
2198 2101 2405 2166 turbis,
2431 2115 2550 2169 qua:
2596 2099 2924 2153 clamarent:
2960 2117 2977 2149 ε
3019 2097 3271 2152 llosanna
3327 2097 3440 2150 lilio

1873 2194 2041 2248 David
2070 2211 2085 2258 ;
2114 2193 2428 2248 benedictus
2480 2191 2570 2259 qui
2617 2191 2768 2245 venit
2811 2191 2862 2243 in
2907 2190 3122 2244 nomine
3172 2187 3435 2243 Domini:

1874 2285 2124 2340 Hosanna
2177 2286 2227 2338 in
2263 2284 2541 2339 altissimis
2568 2283 2644 2335 “i
2680 2300 2697 2333 ι
2736 2280 3117 2336 Verumtamen
3157 2289 3436 2349 postquam

1873 2379 2145 2448 ingressus
2159 2388 2244 2432 est
2265 2379 2455 2432 horum
2479 2380 2648 2447 gratia
2667 2375 3109 2446 Hierosolymam,
3134 2393 3152 2426 t
3173 2385 3438 2428 commota

1872 2481 1957 2526 est
2003 2471 2251 2525 universa
2307 2470 2524 2532 civitas,
2582 2470 2768 2523 dicens
2797 2485 2811 2521 :
2846 2468 2977 2535 Quis
3020 2478 3103 2522 est
3136 2467 3224 2522 hic
3245 2467 3290 2500 ⁸⁸
3322 2467 3346 2520 ?
3373 2468 3441 2520 Et

1877 2563 2064 2625 turbae,
2104 2581 2122 2614 ι
2153 2559 2398 2616 videlicet
2428 2577 2546 2630 qua:
2577 2561 2945 2629 praecedebant
2972 2569 3024 2615 et
3053 2559 3439 2629 sequebantur,

1875 2656 2268 2726 responderunt
2301 2654 2758 2722 interrogantibus
2790 2655 2912 2721 quis
2938 2662 3082 2707 esset
3113 2669 3126 2704 :
3168 2670 3188 2705 ι
3230 2651 3329 2707 Hic
3357 2661 3436 2707 est

1877 2747 1965 2800 ille
1991 2744 2150 2801 Jesus
2174 2747 2458 2816 propheta,
2493 2745 2581 2798 ille
2609 2761 2636 2798 a
2671 2744 2937 2798 Nazaretlt
2965 2742 3222 2798 Galilacaa.
3265 2743 3331 2796 Et
3359 2745 3444 2798 in-

1878 2838 2041 2891 travit
2065 2835 2222 2891 Jesus
2251 2837 2304 2890 in
2327 2835 2606 2904 templum,
2629 2845 2683 2889 et
2715 2835 2873 2904 ejecit
2903 2851 3092 2890 omnes
3121 2837 3440 2898 vendentes,

1875 2941 1930 2982 ct
1957 2937 2205 2981 ementes
2237 2929 2288 2981 in
2331 2927 2548 2995 templo.
2586 2942 2907 2996 mensasque
2949 2927 3364 2989 mensariorum,
3389 2935 3444 2979 et

1876 3020 2166 3076 cathedras
2201 3021 2546 3074 vendentium
2582 3019 2859 3074 columbas
2883 3019 3145 3075 subvertit
3183 3035 3197 3072 :
3231 3031 3288 3074 et
3313 3019 3446 3074 dicit

1879 3115 1997 3169 eis:
2036 3113 2308 3182 Scriptum
2346 3123 2426 3168 est
2453 3128 2468 3167 :
2503 3115 2702 3168 Domus
2733 3129 2871 3176 mea,
2899 3112 3091 3168 domus
3121 3113 3447 3182 precationis

210 3201 393 3264 ζοντας
427 3203 491 3252 ὲν
532 3199 611 3270 τῷ
651 3198 798 3271 ἱερῷ,
829 3199 924 3252 καὶ
969 3199 1066 3256 τὰς
1103 3198 1378 3271 τραπέζας
1426 3199 1534 3252 τῶν
1584 3198 1773 3252 κολλυ-

1879 3207 2210 3271 vocabitur;
2268 3217 2324 3260 at
2363 3221 2459 3260 vos
2503 3205 2680 3260 facitis
2727 3205 2870 3258 illam
2927 3204 3234 3273 speluncam
3283 3203 3444 3256 latru—

210 3292 402 3347 ειστῶν
434 3292 796 3363 κατέστρεψε,
839 3291 933 3345 καὶ
966 3291 1063 3353 τὰς
1105 3291 1370 3361 καθέδρας
1399 3290 1506 3343 τῶν
1538 3289 1779 3345 πωλούν-

209 3403 309 3440 των
343 3387 440 3451 τὰς
470 3385 834 3458 περιστεράς·
875 3385 967 3436 καὶ
999 3382 1147 3451 λέγει
1177 3383 1389 3446 αὐτοῖς·
1426 3381 1737 3452 Γέγραπται
1761 3396 1777 3412 ⁸

222 3479 277 3531 Ὁ
307 3473 452 3542 οἶκός
487 3495 594 3548 μου
627 3471 775 3536 οἶκος
809 3474 1113 3546 προσευχῆς
1144 3472 1473 3543 κληθήσεται
1492 3491 1506 3503 ο
1537 3474 1693 3543 ὑμεῖς
1723 3471 1780 3525 δὲ

209 3570 360 3623 αὑτὸν
385 3572 592 3622 ποιεῖτε
617 3567 876 3637 σπήλαιον
902 3564 1131 3635 λῃστῶν.
1169 3582 1186 3614 ι
1219 3563 1554 3634 Πευσώμεθα
1581 3563 1643 3635 δὴ
1671 3563 1779 3617 τῶν

211 3664 348 3735 πέρα
374 3663 474 3732 τῆς
508 3660 751 3731 ἱστορίας
788 3657 949 3728 μηδὲν
979 3655 1237 3725 οἰομένων
1262 3655 1614 3725 προσκεῖσθαι
1647 3655 1782 3725 γρά-

213 3771 357 3823 φοντι
394 3753 474 3822 τῷ
519 3750 785 3820 Ματθαίῳ
828 3748 888 3800 τὸ
936 3745 1300 3814 Εὑαγγέλιον,
1333 3744 1386 3796 τί
1418 3740 1485 3815 ἦν
1516 3745 1578 3797 τὸ
1616 3763 1778 3798 κατε-

210 3850 390 3915 πεῖγον
413 3845 527 3915 (64)
562 3842 872 3912 πεμφθῆναι
894 3839 1001 3892 τῶν
1026 3837 1281 3910 μαθητῶν
1305 3837 1398 3890 δύο
1427 3838 1507 3901 είς
1528 3837 1625 3908 τὴν
1650 3854 1782 3890 κατ-

210 3941 379 3993 έναντι
430 3939 537 4008 τῆς
576 3935 866 4005 Βηθφαγῆς
917 3934 1130 4003 κώμην,
1192 3933 1332 4000 ὑπὲρ
1377 3931 1471 3985 τοῦ
1523 3933 1781 4004 εὑρόντας

211 4030 402 4094 αὑτοὺς
438 4027 732 4097 δεδεμένην
773 4025 892 4078 δνον
924 4024 1017 4078 καὶ
1050 4023 1229 4077 πῶλον
1263 4025 1379 4094 μετ’
1399 4024 1567 4093 αὐτῆς
1599 4024 1778 4091 λῦσαι,

215 4125 300 4178 καὶ
339 4125 578 4192 ἀγαγεῖν
611 4119 778 4190 αὑτῷ.
827 4119 892 4172 Τί
924 4119 981 4171 δὲ
1012 4117 1159 4184 ἄξιον
1191 4118 1513 4189 ἀναγραφῆς
1539 4113 1605 4188 ἦν
1629 4119 1781 4185 γενό-

215 4231 367 4285 μενον
390 4213 469 4284 τῷ
502 4209 916 4264 ἐπικαθεσθέντι
962 4208 1069 4277 ὄνῳ
1095 4208 1188 4260 καὶ
1221 4207 1404 4277 πώλῳ,
1440 4208 1534 4261 καὶ
1573 4209 1782 4279 εἰσελη-

213 4305 385 4358 λυθότι
416 4305 499 4367 είς
545 4302 642 4372 τὴν
672 4301 856 4363 πόλιν;
899 4300 963 4352 Τί
995 4299 1050 4353 δὲ
1087 4298 1226 4370 μετὰ
1259 4300 1385 4371 περὶ
1415 4299 1510 4352 τοῦ
1544 4298 1778 4370 Χριστοῦ

215 4394 573 4467 προφητεύων
600 4395 629 4446 6
655 4391 927 4463 Ζαχαρίας
962 4393 1125 4462 φησί·
1175 4411 1192 4443 ‹
1234 4394 1403 4463 Χαῖρε
1431 4393 1654 4464 σφόδρα,
1685 4393 1780 4446 θύ-

214 4504 378 4559 γατερ
408 4486 581 4538 Σιώνο
633 4486 902 4555 κήρυσσε,
945 4483 1179 4554 θύγατερ
1221 4482 1599 4554 Ἰερουσαλήμ·
1649 4483 1778 4538 Ἰδοὺ

1879 3297 2528 3367 ηιιηιδθδιηιθιτοεειιιιιε
2550 3295 2711 3366 igitur
2737 3309 2829 3349 eos
2855 3295 2944 3363 qui
2971 3295 3257 3364 nihilultra
3279 3293 3446 3347 histo-

1877 3389 2014 3445 riam
2043 3391 2375 3457 propositum
2407 3387 2572 3440 fuisse
2601 3395 2785 3440 rentur
2815 3385 3066 3439 Matthaeo
3093 3383 3443 3454 Evangelium

1880 3480 2160 3540 scribenti,
2199 3479 2326 3547 quid
2355 3477 2488 3532 illttd
2515 3486 2631 3533 erat
2658 3491 2952 3547 perurgetts
2989 3475 3068 3529 uti
3099 3475 3446 3529 mitterentur

1881 3572 1986 3626 duo
2017 3570 2261 3640 discipuli
2287 3570 2338 3623 in
2367 3571 2542 3624 vicum
2570 3570 2660 3638 qui
2683 3577 2801 3623 erat
2821 3582 2850 3622 e
2869 3569 3083 3636 regione
3113 3565 3441 3637 Bethphage,

1879 3664 2084 3718 asinam
2107 3664 2377 3734 alligatam
2404 3671 2672 3732 repertam
2701 3671 2757 3716 et
2773 3660 2971 3728 pullum
2994 3676 3114 3714 cum
3131 3675 3192 3714 ea
3217 3659 3444 3715 soluturi

1879 3766 1934 3810 et
1969 3755 2251 3809 adducturi
2271 3756 2336 3808 ad
2365 3769 2510 3810 eum.
2537 3751 2675 3819 Quid
2701 3763 2878 3806 autem
2909 3752 3202 3821 scriptione
3222 3752 3444 3822 dignum

1881 3845 2181 3902 fecitJesus
2211 3846 2373 3899 asina:
2421 3844 2664 3898 insidens
2704 3853 2758 3899 et
2785 3845 2950 3912 pullo,
2978 3853 3033 3898 et
3071 3845 3343 3915 ingressus
3390 3846 3444 3898 in

1878 3937 2196 3992 civitatem?
2219 3937 2328 3991 Cur
2355 3946 2536 3990 autem
2566 3937 2894 4006 prophetans
2923 3936 3214 3990 Zacharias
3242 3953 3360 4005 quae
3383 3941 3449 3990 de

1880 4028 2096 4084 Christo
2117 4038 2303 4098 postea
2333 4027 2651 4092 evenerunt,
2684 4029 2762 4082 ait
2795 4045 2811 4082 :
2853 4047 2872 4079 ι
2907 4028 3092 4083 Gaude
3121 4027 3296 4093 valde,
3340 4029 3394 4082 ﬁl
3417 4046 3445 4081 ιι

1882 4120 2012 4175 Sion
2042 4138 2057 4187 ;
2083 4122 2362 4186 annuntia,
2395 4121 2502 4174 lilia
2531 4118 2825 4176 Jerusalem
2855 4137 2868 4172 :
2903 4135 3029 4176 ecce
3061 4119 3172 4175 Rex
3203 4129 3326 4175 tuus
3352 4135 3447 4175 ve-

1882 4214 1960 4268 nit
1993 4213 2308 4282 tibijustus,
2327 4223 2382 4267 et
2404 4228 2625 4268 servans
2657 4215 2789 4281 ipse,
2812 4222 3144 4277 mansuetus,
3175 4222 3230 4268 et
3259 4227 3452 4267 ascen-

1881 4305 2015 4358 dens
2049 4319 2211 4372 super
2242 4305 2551 4374 subjugum,
2581 4315 2636 4358 et
2665 4305 2869 4373 pullum
2908 4319 3104 4359 novum
3125 4304 3168 4337 "
3195 4305 3219 4358 τ
3260 4322 3280 4356 ι
3308 4305 3446 4358 Nam

1882 4395 1927 4450 si
1958 4395 2240 4465 prophetia
2264 4397 2396 4450 'ha-c
2431 4406 2636 4449 tantum
2675 4396 2919 4464 pra-dicit
2954 4396 3003 4451 id
3026 4395 3169 4464 quod
3209 4409 3448 4464 evange-

1880 4487 2017 4542 listte
2039 4486 2398 4555 corporaliter
2425 4496 2833 4555 reprmsentaut,
2850 4487 3289 4556 consequentiam
3321 4503 3449 4557 pro-

215 4549 243 4631 6
276 4549 527 4648 βασιλεύς
561 4593 654 4628 σου
687 4549 901 4645 ἔρχεταί
949 4549 1032 4626 σοι
1073 4549 1306 4636 δίπαιος,
1345 4574 1435 4626 καὶ
1470 4549 1654 4638 σώζων
1688 4574 1773 4627 αὑ-

1887 4579 2083 4649 phetia:
2109 4590 2328 4633 servent
2360 4579 2516 4633 nobis
2549 4579 2741 4635 litteras
2776 4580 3091 4634 insistentes
3119 4580 3198 4634 sic
3245 4581 3454 4636 haben-

217 4671 321 4735 τὸς,
355 4669 556 4740 πραῢς,
592 4668 684 4720 καὶ
719 4665 1062 4736 ἐπιϐεϐηκὼς
1091 4666 1181 4718 ἐπὶ
1218 4663 1506 4734 ὑποζύγιον
1543 4666 1634 4718 καὶ
1667 4665 1783 4718 πῶ-

217 4761 303 4817 λον
325 4762 481 4825 νέον;
527 4781 545 4812 ι
577 4762 638 4813 Εἰ
675 4760 782 4830 γὰρ
816 4761 850 4830 ἡ
892 4757 1197 4828 προφητεία
1229 4756 1367 4827 αὕτη
1398 4757 1458 4810 τὸ
1489 4757 1637 4828 παρὰ
1673 4762 1784 4822 τοῖς

219 4855 627 4924 εὑαγγελισταῖς
674 4852 998 4923 δηλούμενον
1039 4850 1349 4921 σωματικὸν
1393 4850 1552 4920 μόνον
1595 4851 1784 4922 προλέ-

219 4965 322 5016 γει,
345 4949 443 5020 τὴν
468 4945 791 5000 ἀκολουθίαν
818 4944 917 5014 τῆς
948 4944 1284 5015 προφητείας
1319 4942 1636 5007 σωζέτωσαν
1656 4945 1785 5013 ἡμῖν

218 5041 266 5092 οἱ
314 5039 404 5093 ἐπὶ
458 5039 554 5092 τοῦ
606 5037 927 5109 γράμματος
980 5035 1256 5104 ἱστάμενοι
1304 5034 1478 5098 οὕτως
1527 5034 1783 5104 ἔχουσανο

231 5151 248 5182 t
286 5133 395 5186 Καὶ
438 5130 808 5202 ὲξολοθρεύσει
843 5130 1062 5199 ἅρματα
1099 5127 1159 5194 ἐξ
1203 5125 1461 5198 Ἐφραῖμ,
1498 5130 1590 5181 καὶ
1624 5129 1786 5181 ἵππον

229 5223 284 5286 ἐξ
333 5222 709 5294 Ἰερουσαλὴμ,
753 5222 848 5275 καὶ
888 5218 1394 5295 ὲξολοθρευθήσεται
1446 5218 1595 5284 τόξον
1631 5219 1787 5272 πολε-

230 5314 402 5383 μικὸν,
433 5314 531 5367 καὶ
557 5313 776 5383 πλῆθος,
819 5312 911 5366 καὶ
941 5313 1130 5383 εἰρήνη
1159 5310 1218 5375 ἐξ
1243 5310 1432 5375 ἐθνῶν,
1465 5311 1557 5363 καὶ
1587 5312 1789 5382 κατάρ-

329 5455 373 5486 ⁸⁰
404 5453 596 5506 Matth.
652 5468 765 5515 ut,
819 5453 844 5506 l
899 5466 1052 5522 seqq.
1152 5451 1196 5522 ff
1223 5450 1356 5522 i_hid.
1384 5452 1436 5504 5.

228 5525 270 5562 ιι
297 5524 425 5578 una.
458 5525 547 5577 to.
621 5525 667 5558 οδ
699 5524 825 5576 ibid.
863 5523 922 5576 tt
957 5539 1072 5592 seq.

298 5640 407 5708 iii-2.)
441 5637 872 5708 Γεγενγυιένην.
931 5637 1007 5692 Ita
1061 5636 1232 5692 codex
1278 5635 1630 5701 Bodleianus;
1686 5635 1790 5692 Be-

237 5711 368 5777 gius.
390 5727 417 5777 γ
428 5709 786 5780 εγενημένων.

310 5774 415 5850 (65)
452 5774 900 5846 Kul'ézéonxar.
936 5777 1029 5832 Sic
1060 5777 1229 5832 codex
1272 5775 1626 5842 Bodleianus;
1681 5774 1787 5832 Re-

1541 5451 1586 5481 ⁸²
1622 5449 1870 5520 ibid.75;
1909 5447 2072 5502 Zach.
2125 5465 2202 5514 Ix,
2259 5449 2313 5505 9.
2390 5449 2434 5481 ⁸³
2461 5449 2650 5505 Matth.
2712 5466 2826 5519 nt,
2871 5451 2904 5504 6
2952 5465 3067 5520 seq.

1151 5517 1196 5549 ⁸⁷
1222 5519 1452 5574 Zachar.
1496 5535 1570 5584 lx,
1605 5521 1657 5575 9.
1732 5519 1778 5551 ⁸⁸
1809 5519 1937 5576 ibid.
1985 5520 2066 5573 10.

1891 4680 1997 4724 tcm
2033 4687 2047 4723 :
2084 4688 2103 4723 ι
2135 4669 2199 4724 Ει
2227 4671 2506 4725 exscindet
2559 4687 2754 4725 currus
2804 4669 2966 4740 188
2996 4685 3062 4726 ex
3090 4672 3368 4740 Ephraim,
3398 4683 3453 4727 et

1888 4775 2085 4829 equum
2117 4777 2183 4816 ex
2211 4761 2529 4829 Jerusalem,
2557 4773 2610 4816 et
2637 4765 2982 4819 exscintletnr
3013 4779 3170 4820 arcus
3201 4765 3452 4830 bellicus,

1892 4864 1948 4907 et
1977 4854 2282 4919 multitudo,
2315 4863 2368 4908 et
2387 4872 2486 4926 pax
2511 4871 2576 4910 ex
2605 4857 2875 4926 gentibus,
2899 4864 2953 4910 et
2981 4857 3265 4926 imperabit
3295 4857 3452 4926 aquis

1892 4960 2060 5016 usque
2090 4947 2154 5000 ad
2189 4962 2357 5014 mare,
2378 4961 2434 5001 et
2459 4946 2635 5001 ﬂuviis
2669 4962 2841 5016 usque
2865 4946 2931 5001 ad
2959 4947 3139 5004 exitus
3171 4958 3326 5004 terra:
3347 4949 3446 5016 ⁸⁸,ι

1891 5047 1948 5093 et
1994 5053 2114 5107 quae
2142 5050 2459 5109 sequuntur.
2497 5039 2784 5095 Sciendum
2824 5051 2907 5097 est
2949 5042 3111 5096 etiam
3144 5041 3453 5096 Matthaaum

1894 5145 1999 5184 non
2023 5131 2312 5199 protulisse
2342 5142 2544 5186 textum
2569 5141 2727 5202 prout
2746 5132 2892 5202 jacet
2923 5135 3063 5202 apud
3095 5134 3452 5204 prophetam;

1893 5236 1991 5291 pro
2025 5238 2088 5276 eo
2119 5236 2350 5291 namque
2382 5224 2522 5291 quod
2556 5235 2707 5278 erat:
2747 5243 2765 5276 ι
2813 5224 3034 5280 Exsulta
3080 5227 3454 5291 vehementer,

1897 5314 2004 5366 lilia
2049 5313 2212 5379 Sion;
2246 5315 2543 5382 annuntia,
2589 5316 2698 5372 lilia
2751 5317 3079 5382 Jerusalem,
3121 5334 3140 5368 ι
3187 5315 3453 5384 scripsit:

3142 5449 3190 5481 “
3215 5449 3348 5505 ibid.
3401 5449 3456 5506 9.

1897 5638 2017 5707 gius
2047 5639 2243 5692 omittit
2270 5639 2382 5694 καί.

1892 5778 1918 5830 ὲ
1969 5708 2079 5792 (94')
2111 5709 2492 5779 Κατεπεῐγυν.
2523 5709 2804 5767 Ιιειςοὼει
2842 5706 3194 5774 Bodleianus;
3235 5707 3455 5780 Regius,

1924 5795 2126 5830 πειγον.

1924 5795 2126 5847 πειγον.
