3702 6142
196 268 297 326 355

1688 279 2006 336 ORlGENIS

3341 285 3448 339 336

201 410 221 444 ι
252 391 426 447 Dicite
461 392 584 448 tiliae
634 392 808 464 Sion;
860 415 880 450 ι
919 399 1250 458 abbrevians
1289 402 1443 471 illud,
1465 403 1609 475 quod
1647 419 1736 474 pro

1993 402 2198 455 ὑδάτων
2240 400 2346 465 ἐως
2374 401 2672 474 θαλάσσης,
2700 401 2794 456 καὶ
2822 402 3078 474 ποταμῶν
3110 402 3178 455 δι’
3220 402 3451 468 ἐκϐολὰς

200 484 361 553 pheta
401 484 630 552 dixerat,
671 489 838 541 tacui’t
891 507 908 540 ι
939 488 1151 558 justus,
1186 503 1240 548 et
1290 509 1514 550 servans
1561 496 1707 564 ipse,
1751 514 1770 546 ι

197 583 254 629 et
291 575 468 643 dixit,
525 586 586 631 ut
631 580 863 647 positum
916 591 1028 650 est,
1062 601 1081 634 ι
1124 596 1456 650 mansuetus,
1498 596 1552 641 et
1583 601 1775 640 ascen-

202 667 367 730 dens;
395 687 415 720 ι
455 677 509 723 et
539 685 635 738 pro
673 685 739 725 eo
773 674 916 742 quod
943 685 1079 740 erat,
1118 695 1136 727 ι
1176 692 1337 746 super
1377 679 1693 750 Slllljllgllm,
1725 689 1780 733 et

202 753 406 830 pullum
457 776 677 827 novum,
715 781 734 814 ι
768 765 990 834 scripsit
1018 781 1033 819 :
1065 786 1083 818 ι
1118 783 1282 836 super
1305 771 1509 824 asinam
1535 813 1549 834 ,
1578 782 1632 826 et
1660 772 1778 840 pul-

203 851 313 906 lum
351 852 521 907 lilium
553 853 815 925 subjugis.
843 876 861 908 ι
897 856 1036 923 Quin
1053 857 1223 913 Judazi
1249 876 1462 931 quoque
1485 865 1778 934 prophetia:

203 943 397 998 seriem
424 960 545 998 cum
571 945 657 999 his
681 962 802 1015 quae
825 948 891 1002 de
920 947 1046 1003 Jesu
1077 951 1279 1020 scripta
1312 962 1458 1020 sunt,
1490 955 1777 1010 conferen-

206 1042 309 1098 tes,
343 1049 450 1088 non
497 1035 795 1106 vulgariter
841 1053 940 1093 nos
984 1050 1200 1110 urgent,
1229 1052 1478 1112 petentes
1508 1047 1779 1113 quomodo

203 1125 360 1178 Jcsus
403 1126 694 1181 exsciderit
737 1143 936 1185 currus
976 1147 1042 1186 ex
1094 1132 1349 1201 Ephraim
1392 1145 1446 1190 et
1477 1151 1674 1205 equum
1713 1153 1781 1192 ex

203 1214 530 1284 Jerusalem,
563 1221 964 1292 exscideritqne
1000 1239 1184 1279 arcum
1222 1226 1563 1292 bellicosum,
1606 1243 1670 1284 ac
1700 1227 1781 1282 fe-

204 1310 339 1363 cerit
363 1325 484 1383 qua;
515 1323 837 1382 sequuntur.
875 1313 980 1369 Sed
1012 1316 1279 1371 hactenus
1306 1319 1520 1386 quidem
1565 1321 1629 1376 de
1658 1335 1780 1390 pro-

204 1401 410 1472 phetia.
453 1403 604 1470 Quod
635 1407 679 1459 si
708 1406 1097 1476 longitudinem
1133 1409 1233 1463 via:
1258 1412 1614 1479 praetendent,
1645 1414 1780 1468 nihil

207 1493 426 1562 dignum
447 1495 783 1554 invenientes
805 1500 1103 1555 mconomia
1124 1500 1248 1554 Filii
1271 1501 1362 1556 Dei
1383 1503 1703 1559 in'sermoue
1715 1510 1782 1561 de

205 1587 360 1641 asina
379 1597 433 1642 et
455 1589 597 1658 pullo
616 1607 630 1655 ;
646 1591 878 1661 primum
902 1593 1141 1662 quidem,
1159 1595 1248 1665 qui
1265 1596 1572 1666 quindecim
1590 1597 1781 1653 stadiis

205 1689 429 1735 utuntur
445 1682 832 1738 exsistenlibus
852 1699 1016 1752 parva
1040 1687 1329 1755 distantia,
1354 1704 1459 1743 non
1490 1689 1777 1744 admodum

1879 497 2001 566 γῆς,
2057 515 2074 546 ι
2123 496 2216 548 καὶ
2245 494 2315 548 τά
2356 494 2502 566 ἐξῆς.
2554 495 2748 548 Ἰστέον
2797 496 3064 566 μέντοιγε,
3119 497 3201 548 ὅτι
3239 497 3334 566 οὐχ
3372 496 3451 560 ὡς

1878 590 2053 640 κεῖται
2089 586 2241 658 παρὰ
2285 583 2364 657 τῷ
2407 588 2718 659 προφήτῃή
2763 587 2924 654 λέξις,
2967 587 3180 652 ἐξέθετο
3210 587 3378 658 αὑτὴν
3419 589 3448 640 6

1877 677 2151 741 Ματθαῖος
2173 695 2184 707 ·
2217 679 2336 731 ἀντὶ
2374 678 2480 750 γὰρ
2515 678 2608 731 τοῦ
2631 696 2644 708 ·
2692 698 2711 730 ι
2747 680 2917 750 Χαῖρε
2952 679 3174 750 σφόδρα,
3211 678 3448 750 θύγατερ

1877 769 2046 822 Σιών·
2116 772 2397 842 κήρυσσε,
2470 769 2704 841 θύγατερ
2793 771 3178 843 Ἰερουσαλὴμ,

1879 861 2103 931 ποίηκεν
2124 878 2135 890 ·
2181 881 2198 912 ι
2236 862 2440 915 Εἴπατε
2466 865 2532 933 τῇ
2557 862 2785 934 θυγατρὶ
2811 862 2946 915 Σιών
2963 879 2977 893 ⁸
3010 882 3027 912 ι
3057 862 3451 932 ἐπιτεμόμενος

1877 951 1938 1005 τὸ
1966 953 2299 1024 προφητικὸν
2345 953 2758 1025 παρεσιώπησε,
2795 973 2812 1004 ι
2861 955 3099 1019 δίκαιος,
3132 953 3224 1007 καὶ
3263 953 3452 1019 σώζων

1880 1043 2061 1107 αὐτός’
2095 1062 2114 1095 ι
2154 1044 2248 1097 καὶ
2269 1045 2456 1111 εἰπὼν,
2484 1045 2558 1107 ὡς
2575 1048 2774 1108 κεῖται,
2806 1045 2866 1097 τό
2889 1062 2903 1076 ο
2938 1063 2956 1095 ι
2989 1045 3187 1116 πραῢς,
3212 1045 3305 1096 καὶ
3325 1045 3450 1094 ἐπι-

1879 1135 2160 1206 ϐεϐηκώς·
2211 1155 2231 1187 ι
2267 1136 2386 1188 ἀντὶ
2435 1136 2550 1197 τοῦ,
2594 1154 2613 1187 ι
2665 1136 2758 1188 ἐπὶ
2790 1135 3102 1204 ὑποζύγιον,
3136 1136 3228 1188 καὶ
3271 1133 3453 1188 πῶλον

1879 1228 2017 1292 νέον,
2045 1248 2063 1280 ι
2084 1228 2385 1300 ἀνέγραψεν
2404 1245 2419 1258 ο
2461 1246 2479 1278 ι
2520 1229 2613 1280 ἐπ).
2642 1229 2760 1281 ὄνον
2787 1229 2880 1280 καὶ
2908 1229 3082 1282 πῶλον
3109 1227 3222 1281 υἱὸν
3252 1226 3454 1291 ὑποζυ-

1881 1323 2020 1390 γίου.
2074 1342 2094 1374 ι
2145 1323 2252 1376 Καὶ
2297 1321 2537 1375 Ἰουδαῖοι
2589 1321 2677 1386 δὲ,
2722 1321 3162 1388 συνεξετάζοντες
3217 1321 3307 1374 τὸν
3351 1320 3454 1390 τῆς

1884 1413 2218 1487 προφητείας
2249 1413 2439 1485 εἱρμὸν
2471 1416 2586 1477 τοῖς
2628 1413 2755 1484 περὶ
2807 1413 2980 1486 Ἰησοῦ
3023 1414 3453 1484 ἀναγεγραμμέ-

1882 1521 1992 1568 νοις
2064 1505 2207 1575 (65),
2265 1505 2365 1558 οὑκ
2431 1505 2917 1576 εὐκαταφρονήτως
2977 1506 3125 1575 ἡμᾶς
3182 1503 3454 1556 θλίϐουσιν

1881 1595 2238 1659 ἀπαιτοῦντες
2273 1596 2388 1659 πῶς
2419 1597 2448 1648 ό
2486 1596 2693 1666 Ἰησοῦς
2720 1595 3110 1666 ἐξωλόθρευσεν
3145 1596 3366 1666 ἅρματα
3394 1592 3459 1656 ἐξ

1897 1686 2153 1758 Ἐφραῒμ,
2176 1687 2269 1740 καὶ
2289 1687 2454 1740 ἵππον
2483 1687 2541 1751 ἐξ
2577 1688 2738 1756 Ἱερον
2748 1685 2947 1757 σαλὴμ,
2971 1687 3064 1740 καὶ
3089 1685 3456 1757 ὲξωλόθρευσε

3253 789 3271 822 1
3349 788 3450 823 πε-

205 1783 629 1829 consentaneam
693 1775 1063 1832 defensionem
1117 1780 1218 1836 viae
1274 1779 1501 1836 silerent
1537 1798 1551 1847 ;
1587 1783 1736 1837 deind

1981 1797 2032 1832 ον
2063 1778 2373 1849 πολεμικὸν,
2411 1780 2504 1832 καὶ
2541 1779 2608 1832 τὰ.
2644 1777 2772 1846 ἑξῆς
2808 1777 3096 1848 πεποίηκε.
3139 1777 3246 1829 Καὶ
3279 1775 3455 1828 ταῦτα

202 1878 333 1920 vero
385 1879 605 1920 causam
654 1865 809 1921 nobis
856 1867 1037 1922 dicant
1085 1871 1354 1938 quomodo
1389 1872 1457 1925 ad
1485 1871 1628 1924 viam
1673 1882 1779 1925 tam

205 1957 421 2012 brevem
450 1957 663 2014 duobus
691 1957 953 2027 jutnentis
993 1974 1128 2029 opus
1169 1961 1416 2018 habeat:
1456 1980 1476 2013 ι
1518 1961 1722 2018 Insedit
1757 1982 1776 2015 ι

205 2051 371 2116 enim,
407 2051 603 2117 inquit,
649 2070 666 2101 ι
705 2051 830 2105 illis.
871 2069 890 2102 ι
924 2050 1192 2107 Praeterea
1241 2053 1368 2106 illud
1413 2055 1581 2109 etiam
1618 2072 1632 2108 :
1664 2075 1682 2108 ι
1723 2056 1780 2111 Si

206 2141 328 2209 quis
360 2140 513 2196 vobis
539 2141 738 2210 aliquid
763 2143 982 2209 dixerit,
1013 2144 1178 2199 dicite
1206 2147 1348 2215 quod
1400 2147 1660 2203 Dominus
1698 2148 1783 2204 his

206 2246 344 2301 Opus
369 2232 548 2296 habet,
591 2234 885 2302 statimque
925 2235 1158 2290 dimittet
1189 2251 1316 2301 eos,
1357 2255 1376 2288 ι
1406 2253 1510 2291 non
1547 2240 1785 2294 arbitror

207 2324 426 2393 dignum
459 2337 578 2378 esse
618 2325 1001 2393 magnitudinis
1025 2326 1241 2382 deitatis
1265 2328 1408 2394 Filii,
1444 2338 1500 2382 ut
1541 2330 1785 2384 dicamus

208 2417 300 2470 tali
331 2427 539 2471 natura;
573 2416 850 2471 fatendum
880 2433 1000 2472 esse
1036 2419 1138 2472 sibi
1184 2435 1321 2490 opus
1347 2436 1470 2476 esse
1497 2423 1649 2475 asina
1692 2436 1783 2476 so-

207 2507 316 2563 luta
346 2525 374 2562 a
407 2509 636 2563 vinculis
664 2519 720 2563 et
759 2509 904 2578 pullo
947 2526 1069 2564 cum
1094 2527 1154 2564 ea
1210 2513 1481 2568 veniente.
1535 2513 1785 2583 Magnum

206 2602 352 2656 enim
377 2617 540 2656 omne
570 2603 640 2655 sit
671 2612 885 2670 oportet
907 2604 1238 2673 dignumque
1262 2605 1499 2678 bonitate
1528 2605 1665 2674 ejus,
1680 2620 1786 2675 quo

208 2694 377 2750 Filius
404 2697 491 2750 Dei
519 2711 651 2764 opus
683 2697 900 2753 habeat.
947 2698 1027 2750 Ad
1070 2698 1182 2752 haec
1209 2714 1337 2753 vero
1369 2700 1595 2767 plurima
1627 2701 1785 2754 turba

211 2789 530 2844 vestimenta
555 2803 650 2841 sua
687 2797 936 2843 sternens
967 2791 1020 2844 in
1053 2790 1134 2843 via
1170 2789 1460 2862 (tolerante
1488 2793 1603 2847 haec
1635 2793 1784 2858 Jesu,

1884 1871 1981 1941 μὲν
2012 1871 2138 1942 περὶ
2166 1871 2264 1940 τῆς
2289 1869 2621 1943 προφητείας
2640 1887 2653 1900 ⁸
2696 1871 2791 1924 ἐὰν
2825 1869 2880 1921 δὲ
2910 1869 2968 1921 τὸ
3001 1869 3171 1940 μῆκος
3195 1867 3294 1936 τῆς
3328 1864 3454 1919 ὁδοῦ

1880 1961 2250 2023 αἰτιάσωνται,
2296 1961 2458 2033 μηδὲν
2485 1961 2633 2028 ἄξιον
2654 1962 2752 2032 τῆς
2787 1960 2879 2013 τοῦ
2919 1959 3049 2012 Υἱοῦ
3085 1959 3177 2011 τοῦ
3211 1957 3345 2010 Θεοῦ
3377 1957 3457 2008 oi—

1881 2055 2137 2125 κονομίας
2192 2055 2536 2125 εὑρίσκοντες
2591 2055 2672 2116 είς
2709 2054 2798 2106 τὸν
2857 2053 2985 2123 περ).
3034 2053 3134 2124 τῆς
3183 2051 3304 2103 ὄνου
3360 2050 3457 2102 καὶ

1883 2147 2062 2202 πώλου
2101 2147 2276 2215 λόγον,
2317 2145 2529 2216 πρῶτον
2561 2147 2656 2216 μὲν
2685 2147 2732 2198 οἱ
2765 2145 2827 2198 ιε’
2852 2145 3081 2204 σταδίοις
3119 2145 3306 2215 βραχεῖ
3340 2142 3459 2194 δια-

1884 2244 2120 2313 στήματι
2161 2237 2277 2293 οῦσι
2325 2237 2733 2310 προσχρώμενοι
2783 2237 2841 2290 οὑ
2888 2239 3026 2291 πάνυ
3069 2255 3119 2288 τι
3160 2233 3457 2300 ἀπολογίαν

1884 2334 2101 2402 εὔλογον
2147 2332 2397 2404 κομιοῦσι
2445 2333 2542 2402 τῆς
2593 2330 2748 2384 ὁδοῦ·
2796 2331 3048 2400 δεύτερον
3089 2328 3146 2380 δὲ
3203 2326 3316 2387 πῶς
3364 2323 3461 2376 δύο

1885 2422 2094 2494 κτηνῶν
2124 2423 2203 2484 εἰς
2228 2421 2325 2491 τὴν
2348 2420 2488 2472 οὕτω
2514 2419 2770 2492 βραχεῖαν
2793 2419 2960 2471 δεῖται
2986 2417 3122 2479 ὁδὸν,
3148 2417 3463 2484 λεγέτωσαν

1884 2517 2034 2585 ἡμῖν·
2078 2533 2097 2565 ι
2148 2513 2469 2566 Ἐπεκάθισε
2509 2533 2526 2563 ι
2555 2513 2683 2582 γὰρ,
2709 2511 2890 2581 φησὶν,
2929 2529 2946 2560 ι
2984 2509 3168 2561 ἐπάνω
3197 2507 3399 2560 αὑτῶν.
3433 2525 3455 2558 ι

1888 2604 2008 2659 Ἔτι
2034 2605 2091 2658 δὲ
2120 2605 2212 2658 καὶ
2234 2605 2322 2656 τόο
2373 2623 2390 2655 ι
2432 2604 2557 2657 Ἐάν
2582 2621 2664 2666 τις
2695 2605 2822 2673 ὑμῖν
2849 2602 2979 2673 εἴπῃ
3001 2601 3112 2669 (66)
3141 2617 3212 2662 τι,
3257 2600 3458 2669 ἐρεῖτε,

1885 2698 1968 2750 ὅτι
2006 2698 2034 2749 ὁ
2061 2700 2262 2770 Κύριος
2295 2696 2472 2749 αὐτῶν
2512 2696 2698 2767 χρείαν
2723 2695 2853 2764 ἔχει,
2879 2693 3039 2756 εὐθὺς
3072 2690 3128 2745 δὲ
3170 2690 3464 2745 ἀποστελεῖ

1888 2792 2103 2857 αὑτοὺς,
2129 2810 2146 2842 ι
2177 2792 2276 2844 οὐκ
2295 2787 2446 2861 οἶμαι
2475 2790 2621 2855 ἄξιον
2639 2785 2776 2842 εἶναι
2804 2789 2894 2840 τοῦ
2932 2785 3190 2858 μεγέθους
3220 2784 3328 2854 (67)
3360 2784 3463 2854 τῆς

211 2892 270 2937 et
303 2897 407 2936 non
458 2883 798 2951 increpante,
837 2892 898 2936 ut
943 2884 1288 2954 perspicuum
1319 2895 1400 2939 est
1435 2902 1498 2940 ex
1551 2887 1634 2941 his
1671 2902 1736 2955 qu

2010 2881 2138 2936 Υἱοῦ
2168 2883 2460 2952 θειότητος,
2489 2880 2630 2933 ὥστε
2667 2882 2838 2932 εἰπεῖν
2873 2877 2968 2948 τὴν
2999 2875 3330 2948 τηλικαύτην
3359 2873 3465 2941 φύ-

211 2971 302 3025 alii
347 2981 592 3035 narrant,
641 2971 941 3026 nimirum:
982 2991 1000 3023 ι
1033 2972 1086 3026 Si
1131 2974 1182 3027 hi
1233 2977 1523 3040 tacuerint,
1583 2976 1736 3044 lapidi

2005 2978 2190 3051 χρείαν
2222 2976 2500 3047 ὁμολογεῖν
2532 2975 2673 3044 ἔχειν
2706 2973 2826 3026 ὄνου
2874 2971 2980 3024 ἀπὸ
3009 2968 3230 3038 ’δεσμῶν
3263 2963 3462 3034 λυομέ-

212 3063 665 3134 (ιΙιιιηοιιιιηιθθι),
693 3063 835 3118 haud
872 3065 984 3118 scio
1003 3081 1069 3118 an
1098 3080 1201 3119 non
1227 3066 1512 3119 ostendant
1537 3065 1726 3119 stolida

1981 3087 2010 3132 :,
2051 3070 2142 3122 καὶ
2171 3067 2349 3121 πώλου
2383 3066 2480 3118 σὺν
2515 3065 2650 3134 αὐτῇ
2693 3062 3018 3134 ἐρχομένουο
3067 3058 3143 3110 δεῖ
3174 3056 3283 3127 γὰρ
3321 3055 3466 3125 μέγα

213 3169 432 3212 causam
467 3154 658 3222 ipsius,
685 3154 728 3208 si
781 3155 913 3208 nihil
945 3154 1088 3208 aliud
1116 3171 1182 3208 ex
1219 3157 1304 3209 his
1333 3157 1664 3214 declaratur.
1695 3159 1785 3226 qui

213 3246 286 3301 ob
313 3246 428 3300 haec
481 3245 710 3300 laetatur.
747 3244 863 3298 Jam
904 3261 1085 3301 ramos
1130 3248 1198 3302 ab
1255 3248 1541 3302 arboribus
1575 3249 1790 3305 excisos

215 3337 270 3394 in
330 3337 412 3388 via
469 3335 638 3389 sterni
673 3336 842 3390 asinis
893 3338 1422 3404 pertranseuntibus,
1468 3348 1521 3392 et
1563 3339 1784 3408 impedi-

218 3441 399 3483 menta
434 3430 710 3499 anteponi,
749 3428 943 3498 injuria
981 3431 1158 3498 potius
1187 3429 1470 3486 aﬂicientis
1501 3447 1660 3500 quam
1693 3448 1792 3486 ex-

217 3521 452 3590 cogitata
503 3520 619 3575 laus
666 3520 834 3575 videri
889 3530 1086 3586 potest.
1128 3521 1396 3574 Caeterum
1443 3523 1526 3576 bis
1571 3523 1788 3588 similia,

218 3613 284 3666 de
333 3613 528 3681 quibus
559 3610 924 3666 dubitavimus
949 3625 1138 3665 eorum
1165 3626 1349 3676 causa,
1382 3612 1473 3681 qni
1517 3627 1549 3666 e
1596 3613 1793 3683 templo

217 3704 374 3771 ejecti
413 3703 563 3757 fuere
592 3705 660 3757 ab
687 3703 824 3772 ipso,
849 3714 1012 3773 atque
1039 3704 1201 3756 etiam
1233 3703 1434 3770 majora
1466 3705 1566 3758 hoc
1591 3707 1642 3758 in
1674 3707 1794 3762 loco

219 3797 443 3850 dicenda
499 3805 642 3849 sunt.
682 3793 736 3846 In
789 3793 1079 3863 Evangelio
1118 3793 1259 3846 enim
1295 3793 1457 3864 189
1491 3794 1716 3851 Joannis
1747 3799 1792 3832 ⁹⁰

219 3897 463 3941 ementes
496 3886 662 3955 ejicit,
694 3885 908 3940 dicente
929 3885 1183 3939 Matthazo
1205 3885 1274 3950 “,
1307 3901 1495 3941 omnes
1527 3902 1652 3941 eum
1687 3889 1796 3958 eje-

222 3979 362 4034 cisse
390 3990 504 4034 tum
535 3979 852 4044 vendentes,
878 3987 985 4031 tum
1013 3985 1256 4032 ementes
1280 3978 1334 4032 in
1371 3978 1591 4046 templo.
1613 3978 1796 4049 Longe

225 4079 407 4124 autem
464 4068 662 4138 major,
709 4075 769 4121 ut
813 4067 1093 4136 probabile
1149 4077 1253 4133 est,
1303 4071 1595 4124 ementium
1628 4085 1794 4139 quam

223 4160 570 4217 vendentium
617 4169 736 4214 erat
774 4173 1052 4213 numerus.
1091 4158 1349 4216 Notemus
1375 4162 1564 4227 etiam,
1591 4177 1658 4216 an
1690 4180 1794 4218 non

223 4268 386 4323 supra
417 4251 730 4322 dignitatem
757 4248 882 4306 Jesu
915 4251 1157 4320 erat,qui
1189 4252 1476 4322 putabatur
1510 4253 1650 4310 illius
1679 4269 1798 4311 esse

225 4345 368 4401 fabri
420 4347 495 4410 ",
535 4359 723 4400 omnes
767 4343 966 4412 ejicere
1003 4345 1299 4399 vendentes
1349 4355 1404 4399 et
1451 4355 1693 4400 ementes
1743 4347 1796 4400 in

1891 3159 2028 3215 εἶναι
2065 3163 2190 3225 πᾶν,
2225 3155 2285 3213 οῦ
2311 3159 2500 3230 χρείαν
2525 3157 2637 3228 ἔχει
2668 3159 2696 3208 ὁ
2725 3156 2850 3217 Υἱὸς
2882 3152 2976 3206 τοῦ
3010 3150 3164 3214 Θεοῦ,
3190 3149 3286 3202 καὶ
3314 3146 3464 3210 ἄξιον

1889 3255 1986 3326 τῆς
2012 3253 2376 3324 χρηστότητος
2398 3248 2581 3302 αὑτοῦ.
2607 3248 2750 3319 Πρὸς
2782 3247 2838 3299 δὲ
2866 3245 3072 3300 τούτοις
3091 3244 3119 3295 6
3145 3238 3466 3312 στρωννύων

1891 3344 2054 3397 αὑτοῦ
2092 3342 2161 3394 τὰ
2218 3341 2406 3412 ἱμάτια
2445 3338 2691 3398 πλεῖστος
2720 3336 2874 3406 ὄχλος
2913 3336 2968 3386 ἐν
3020 3334 3084 3402 τῇ
3125 3329 3228 3400 ὁδῷ
3256 3329 3467 3398 (ἀνεχο-

1895 3435 2053 3506 μένου
2088 3432 2290 3485 τούτων
2328 3429 2422 3484 τοῦ
2469 3429 2666 3499 Ἰησοῦ,
2702 3429 2795 3481 καὶ
2843 3427 2916 3497 μὴ
2960 3417 3464 3506 ἐπιτιμῶ-ιτοςζὼς

1891 3501 2050 3595 δῆλον
2097 3526 2160 3577 ἐκ
2189 3522 2297 3574 τῶν
2335 3523 2462 3591 παρ’
2508 3519 2684 3582 ἄλλοις
2717 3517 3014 3587 κειμένων·
3067 3532 3085 3564 ι
3150 3512 3275 3564 Ἐάν
3317 3501 3463 3562 οὗτοι

1896 3615 2261 3685 σιωπήσωσιν,
2295 3613 2344 3664 οἱ
2375 3610 2510 3662 λίθοι
2537 3610 2826 3681 κράξουσιν
2858 3626 2876 3657 ›
2919 3601 3038 3672 [68]
3058 3604 3097 3672 ),
3127 3603 3227 3654 οὑκ
3263 3598 3383 3652 οῖδα
3415 3598 3465 3649 εἰ

1898 3704 1974 3777 μὴ
2005 3703 2260 3774 βλακείαν
2299 3701 2419 3754 τινὰ
2444 3699 2763 3770 ἐμφαίνουσι
2796 3695 2887 3748 τοῦ
2916 3694 3008 3746 ἐπὶ
3036 3695 3146 3755 τοῖς
3167 3689 3464 3752 τοιούτοις,

1895 3800 1944 3850 εἰ
1986 3797 2148 3868 μηδὲν
2181 3795 2308 3849 ἄλλο
2347 3795 2440 3846 ἀπ’
2481 3792 2659 3846 αὐτῶν
2701 3787 2975 3859 δηλοῦται,
3014 3781 3463 3855 εὑφραινομένου.

1896 3891 2006 3942 Καὶ
2039 3885 2408 3958 κοπτομένους
2451 3884 2676 3946 κλάδους
2716 3881 2823 3933 ἀπὸ
2849 3878 2955 3932 τῶν
2985 3876 3215 3947 δένδρων
3255 3870 3466 3943 στρών-

1896 3982 2087 4036 νυσθαι
2119 3983 2174 4034 ἐν
2206 3983 2270 4051 τῇ
2438 3977 2573 4031 ὄνων
2599 3973 2958 4045 διερχομένων
2989 3969 3223 4040 ἐμπόδια
3266 3964 3466 4036 μᾶλλον

1896 4071 2041 4135 δόξαι
2073 4070 2138 4124 ἂν
2186 4065 2324 4122 εἶναι
2378 4065 2472 4120 τοῦ
2532 4065 2855 4136 ὀχλουμένου
2906 4062 3050 4132 ἥπερ
3106 4056 3466 4126 λελογισμένη

1897 4162 2155 4232 ἀποδοχή.
2190 4162 2329 4212 Ὅσα
2373 4159 2430 4212 δὲ
2476 4157 2906 4226 ἐπηπορήσαμεν
2947 4155 3010 4205 ἐκ
3043 4149 3150 4204 τῶν
3183 4149 3278 4200 τοῦ
3321 4145 3468 4218 ἱεροῦ

1899 4257 1988 4309 ὑπ’
2039 4251 2202 4307 αὑτοῦ
2249 4252 2682 4321 ἐκϐαλλομένων,
2727 4247 2899 4300 ταῦτα
2941 4247 3035 4298 καὶ
3077 4244 3156 4296 ἔτι
3192 4242 3301 4313 (69)
3347 4240 3469 4311 μεί-

1899 4348 2026 4412 ζονα
2052 4346 2238 4400 ἐνθάδε
2265 4344 2500 4397 λεκτέον.
2546 4343 2632 4394 Ἐν
2663 4341 2758 4411 μὲν
2785 4340 2893 4409 γὰρ
2923 4337 3000 4408 τῷ
3027 4337 3167 4390 κατὰ
3211 4335 3466 4401 Ἰωάννην

227 4439 447 4507 templo,
482 4438 583 4493 nisi
628 4436 786 4502 forte,
824 4445 882 4491 ut
911 4437 1073 4493 etiam
1118 4437 1227 4491 illic
1265 4437 1519 4500 diximus,
1558 4446 1736 4506 potent

1981 4439 2150 4491 Ξάλλει
2188 4439 2315 4498 τοὺς
2365 4433 2765 4505 ἀγοράζοντας·
2825 4431 2853 4481 ὁ
2891 4429 2946 4482 δὲ
2984 4427 3259 4487 Ματθαῖός
3306 4438 3472 4494 φησιν

227 4531 492 4585 diviniore
521 4529 730 4598 subegit
780 4544 969 4584 omnes
998 4529 1090 4598 qui
1140 4529 1428 4584 acerbiora
1476 4530 1616 4597 apud
1661 4529 1795 4585 alios

227 4621 586 4691 evangelistas
635 4635 796 4689 quam
851 4621 992 4688 apud
1036 4617 1299 4674 Joannem
1356 4620 1602 4674 audiunt.
1660 4617 1793 4672 Nam

230 4723 486 4769 narrante
514 4713 720 4769 Joanne
752 4715 797 4745 ’³
822 4713 926 4768 illis
965 4713 1165 4767 dictum
1202 4713 1366 4768 fuisse
1395 4728 1423 4765 a
1452 4710 1580 4766 Jesu
1611 4730 1624 4766 :
1648 4731 1666 4763 ι
1693 4711 1796 4766 Νο-

229 4807 326 4861 lite
352 4806 528 4861 facere
562 4808 775 4860 domum
822 4803 1000 4859 Patris
1036 4805 1161 4868 mei,
1189 4805 1408 4858 domum
1444 4813 1732 4870 mercatus,
1773 4822 1793 4855 ι

229 4901 372 4971 apud
403 4899 536 4954 alios
564 4899 610 4931 ³³
646 4899 1038 4968 rcdarguuntur
1066 4897 1258 4952 fecisse
1289 4897 1504 4952 domum
1529 4899 1798 4966 precatio-

233 4993 321 5048 nis
375 4992 681 5061 speluncam
728 4991 998 5044 latronum
1029 5030 1046 5056 ,
1077 5000 1382 5058 uequeunte
1421 4990 1578 5044 domo
1622 4989 1797 5048 Patris

206 5141 209 5144 _
233 5083 351 5139 ﬁeri
379 5081 629 5152 spelunca
653 5081 943 5146 latronum,
971 5081 1068 5136 sed
1097 5095 1334 5150 eousque
1364 5096 1392 5134 a
1420 5083 1796 5150 peccatoribus

235 5175 488 5240 adducta,
526 5181 585 5226 ut
615 5173 729 5242 ipsa
778 5171 870 5226 ﬁat
901 5181 1169 5227 mercatus
1193 5171 1404 5226 domus.
1431 5171 1545 5227 Non
1587 5182 1791 5229 tantum

1896 4534 1977 4586 ὅτι
2007 4530 2225 4596 ἐξέϐαλε
2271 4527 2477 4590 πάντας
2515 4528 2640 4588 τοὺς
2668 4523 3000 4586 πωλοῦντας,
3036 4521 3129 4573 καὶ
3168 4517 3472 4589 ἀγοράζον-

1897 4643 1995 4688 τας
2016 4626 2073 4677 ἐν
2108 4621 2186 4693 τῷ
2211 4619 2358 4692 ίερῷ.
2388 4617 2574 4687 Πολλῷ
2611 4617 2687 4679 δὲ,
2725 4615 2800 4678 ὡς
2826 4613 2989 4676 εἰκὸς,
3028 4614 3056 4664 6
3083 4609 3316 4680 ἀριθμὸς
3357 4607 3468 4660 τῶν

1899 4715 2275 4788 ἀγοραζόντων
2315 4711 2515 4764 πλείων
2545 4705 2612 4780 ἦν
2643 4707 2796 4778 παρὰ
2831 4707 2955 4767 τοὺς
2991 4701 3322 4763 πωλοῦντας.
3358 4699 3472 4751 Καὶ

1899 4812 2280 4881 ἐπιστήσωμεν
2309 4810 2356 4860 εἰ
2389 4808 2462 4878 μὴ
2490 4806 2549 4858 τὸ
2578 4804 2785 4864 πάντας
2820 4799 3171 4854 ἐκϐάλλεσθαι
3200 4797 3328 4858 τοὺς
3358 4812 3472 4846 πω-

1901 4907 2124 4968 λοῦντας
2152 4905 2244 4957 καὶ
2271 4901 2636 4973 ἀγοράζοντας
2658 4899 2715 4950 ἐν
2740 4896 2816 4966 τῷ
2845 4893 2973 4966 ἱερῷ
2998 4891 3146 4963 παρὰ
3167 4892 3228 4942 τὸ
3253 4889 3472 4958 ἀξίωμα

1899 4996 1993 5050 τοῦ
2031 4994 2388 5066 νομιζομένου
2426 4989 2540 5043 υἱοῦ
2581 4988 2830 5048 τέκτονος
2878 4979 3016 5036 εἶναι
3060 4980 3378 5049 ἐτύγχανεν,
3419 4978 3468 5030 si

1903 5087 1977 5159 μὴ
2017 5086 2144 5160 ἄρα,
2185 5085 2260 5148 ὡς
2290 5085 2450 5137 κάκεῖ
2483 5080 2769 5149 ἐλέγομεν,
2803 5075 3049 5145 θειοτέρα
3087 5073 3312 5140 δυνάμει
3345 5069 3471 5131 τοὺς

1905 5178 2111 5240 πάντας
2157 5176 2464 5229 ὑπέτασσεν
2486 5212 2501 5239 ,
2531 5171 2708 5242 χαλεπ
2721 5169 2888 5241 Ξιτερα
2913 5168 3034 5221 ὅσον
3076 5165 3168 5216 ὲπί
3200 5164 3313 5225 τοῖς
3358 5161 3474 5212 λοι-

307 5341 352 5373 ao
388 5340 519 5395 Luc.
555 5354 668 5402 xix,
694 5337 782 5391 40.
820 5338 906 5410 “9°
937 5337 1220 5410 Joannatt.
1249 5336 1336 5410 ιζ».
1410 5337 1453 5368 ⁹¹
1484 5337 1675 5410 Matth.
1709 5357 1736 5396 ιι

2007 5341 2052 5372 θ’
2086 5336 2278 5392 Matth.
2307 5350 2429 5400 ιιιιι,
2459 5331 2568 5394 55;
2602 5329 2768 5385 Marc.
2807 5344 2878 5394 Vl,
2903 5327 2956 5382 5.
3031 5326 3077 5358 ’³
3105 5323 3262 5378 Joan.
3296 5337 3356 5390 ιι,
3384 5321 3470 5378 l6.

236 5412 283 5446 “
306 5411 493 5466 Matth.
548 5425 660 5475 xm,
694 5410 791 5475 13;
817 5407 983 5462 Marc.
1019 5423 1094 5472 ιιι,
1135 5409 1199 5461 l7
1230 5424 1245 5474 ;
1278 5405 1409 5462 Luc.
1437 5423 1548 5475 xix,
1582 5409 1671 5465 46.

446 5569 623 5650 godex
653 5567 1002 5650 lliodleianus,
1019 5567 1448 5650 γεγραμμένρις.

308 5639 416 5706 (66)
447 5639 624 5692 Codex
653 5638 850 5707 [legitis
882 5648 1088 5692 tantum
1125 5642 1281 5692 habet
1315 5638 1480 5706 εἴπῃ.-

307 5705 420 5775 (67)
449 5707 554 5760 Τοῦ
579 5705 887 5777 μεγέθους.
943 5710 1103 5765 Deest
1156 5709 1208 5762 in
1249 5705 1433 5763 codice
1487 5705 1801 5773 Bodleiano,

1907 5565 1961 5617 in
1987 5576 2092 5629 quo
2125 5574 2244 5614 mox
2279 5557 2472 5623 legitur
2500 5557 2597 5626 τῆς
2617 5553 2710 5607 τοῦ
2745 5553 2899 5629 Υίοῦμ
2913 5552 3001 5606 τοῦ
3027 5552 3156 5605 Θεοῦ
3177 5551 3470 5621 θειότητος.

2119 5631 2295 5706 podex
2333 5623 2668 5706 de!eiauus,
2697 5623 3068 5706 κεκράξονται.
3183 5692 3194 5706 1
3286 5694 3298 5705 .
3361 5689 3373 5706 ν

1980 5692 2091 5775 (69)
2119 5701 2258 5756 Idem
2283 5699 2475 5764 codex,
2507 5710 2671 5763 recte,
2694 5696 2774 5748 ἐτι
2793 5692 2815 5724 ’⁷
2840 5700 3057 5763 ιιυειιιδ,
3093 5692 3252 5757 male,
3282 5692 3373 5744 ἐπί
3400 5709 3471 5743 τι.
