3702 6142
222 276 333 331 557
1321 272 1678 332 COMMENT.

1998 317 2014 334 .
2049 233 2288 336 TOMU‘S
2327 278 2395 335 X.
3350 279 3455 336 553

217 391 342 454 ποῖς
367 389 780 458 εὐαγγελισταῖς
809 392 963 465 παρά
997 390 1090 445 τὸν
1139 390 1389 461 ἰωάννην
1410 391 1679 446 ’ἀκούσανπ

1989 408 2018 450 o
2050 396 2240 448 domus
2264 390 2615 463 precationis,
2643 390 2865 447 omnino
2895 390 3091 447 Patris
3116 392 3306 449 domus
3331 409 3451 449 cum

220 481 283 535 '0
316 481 412 552 μὲν
441 481 551 553 γὰρ
591 482 844 554 Ἰωάννης
875 482 1037 553 φησιν
1066 483 1247 545 αὐτοῖς
1274 481 1521 552 εἰρῆσθαι
1560 482 1665 536 ὑπὸ

2006 485 2244 554 neglecta
2277 485 2510 539 latrones
2529 483 2689 537 etiam
2717 484 2996 553 suscipiet,
3024 485 3215 540 domus
3247 485 3452 540 illorum

224 573 429 643 Ἰησοῦ·
471 593 490 625 ι
522 573 614 645 Μὴ
652 577 855 628 ποιεῖτε
880 575 971 628 τὸν
1010 570 1156 627 οἷκον
1182 572 1276 626 τοῦ
1315 573 1528 645 Πατρός
1568 591 1667 645 μου

1992 593 2001 629 ι
2056 576 2344 642 exsistens,
2376 575 2469 630 sed
2528 577 2692 629 etiam
2749 575 3004 641 spelunca
3051 575 3335 641 efﬁcietur,
3371 592 3454 630 res

210 681 308 717 κον
339 666 605 737 ἐμπορίου
625 683 640 696 ο
688 685 707 718 ι
737 667 865 720 οἶδὲ
892 666 1067 719 λοιποὶ
1102 664 1361 736 σπήλαιον
1396 665 1607 736 λῃστῶν
1632 666 1672 718 ὲ]

1993 667 2117 720 time
2153 666 2291 721 facta
2321 680 2349 720 a
2388 666 2660 737 diligentia
2695 667 3114 722 architectonica
3148 676 3204 722 et
3233 670 3455 723 rationis

209 772 401 825 χονται
433 758 794 828 πεποιηκότες
824 757 915 811 τὸν
938 753 1084 811 οἷκον
1107 756 1207 827 τῆς
1234 757 1559 828 προσευχῆς,
1587 758 1647 810 ού
1677 776 1785 829 χω-
1892 769 2160 827 compote.

212 852 436 924 ροῦντος
478 852 575 906 τοῦ
608 854 755 907 οῐκου
794 851 889 906 τοῦ
923 852 1154 925 Πατρὸς,
1196 850 1336 905 ὥστε
1376 851 1626 920 γενέσθαι
1666 853 1925 924 σπήλαιον
1978 854 2209 927 λῃστῶν,
2251 853 2386 908 ἀλλά
2427 852 2588 925 μέχρι
2642 850 2894 905 τοσούτου
2953 852 3057 905 ὑπὸ
3110 851 3217 904 τῶν
3272 836 3453 925 ἁμαρ-α

206 947 483 1000 τεινόντων
545 944 874 1016 φερομένου,
925 942 1001 1006 ὡς
1047 938 1194 997 οἶκον
1245 944 1507 1014 ἐμπορίου
1551 944 1711 998 αὐτὸν
1770 944 2044 1012 γενέσθαι.
2109 946 2183 999 Οὐ
2233 947 2391 1016 μόνον
2441 946 2498 999 δὲ
2558 945 2656 1015 τῆς
2703 941 3011 1015 προσευχῆς
3053 944 3082 995 ὀ
3128 937 3274 1007 οἶκος
3320 944 3457 998 πάν-

206 1059 318 1106 τως
369 1041 483 1112 (70)
530 1036 677 1103 οἶκος
711 1038 809 1092 τοῦ
849 1039 1059 1109 Πατρὸς
1091 1037 1165 1091 ὢν
1212 1038 1507 1110 ἀμεληθεὶς
1535 1040 1627 1092 καὶ
1679 1039 1882 1113 λῃστὰς
1914 1042 2280 1113 παραδέξηται
2314 1040 2445 1112 (71),
2485 1040 2546 1093 οὐ
2577 1038 2858 1109 γινόμενος
2898 1024 3074 1091 αὐτῶν
3116 1031 3280 1103 οῖκος,
3321 1035 3458 1092 ἀλλά

209 1135 506 1207 σπήλαιον,
542 1137 775 1207 πρᾶγμα
811 1134 909 1204 οὐχ
942 1133 1048 1187 ὑπὸ
1080 1134 1519 1206 ἀρχιτεκτονικῆς
1559 1136 1653 1189 καὶ
1696 1137 1917 1208 λογικῆς
1942 1138 2248 1209 ἐντρεχείας
2276 1136 2656 1207 γεγενημένον.

284 1232 373 1287 18.
412 1231 489 1285 Τὸ
531 1232 630 1303 μὲν
656 1226 750 1286 οῦν
785 1230 910 1283 ἰδεῖν
940 1229 1015 1293 ὡς
1050 1229 1160 1301 ἔχει
1186 1230 1359 1284 ταῦτα
1383 1230 1516 1302 (72),
1543 1234 1633 1285 νοῦ
1666 1232 1746 1286 ἀλι

1998 1234 2051 1290 8.
2100 1235 2277 1304 Atque
2305 1235 2417 1289 haec
2456 1234 2670 1303 quidem
2707 1230 2906 1295 videre,
2947 1229 3218 1300 quomodo
3267 1245 3325 1286 se
3358 1231 3455 1285 ha-

208 1323 339 1388 θοῦς
366 1322 465 1377 τοῦ
505 1322 747 1386 δοθέντος
779 1323 892 1384 τοῖς
934 1319 1182 1389 λέγουσιν
1201 1338 1214 1351 θ
1271 1340 1291 1373 ‹
1344 1322 1536 1392 Ἡμεῖς
1571 1323 1629 1377 δὲ
1663 1341 1670 1357 ε

1995 1338 2077 1392 ιιι,
2116 1336 2295 1381 mente
2341 1316 2502 1396 alque
2532 1324 2883 1394 intelligentia
2928 1339 3054 1377 vera
3086 1325 3206 1378 data
3241 1323 3327 1378 his
3359 1323 3450 1393 qui

208 1414 453 1485 Χριστοῦ
488 1415 701 1486 ἔχομεν,
736 1416 821 1469 ἵνα
852 1418 1047 1489 ἴδωμεν
1081 1416 1151 1469 τὰ
1185 1414 1288 1469 ὑπὸ
1316 1412 1410 1467 τοῦ
1454 1414 1589 1468 Θεοῦ
1633 1434 1670 1486 xi

1992 1428 2075 1473 ml
2110 1437 2124 1473 :
2157 1438 2174 1469 ι
2213 1416 2321 1472 Nos
2351 1427 2530 1471 autem
2556 1425 2788 1470 mentem
2820 1414 3023 1470 Christi
3072 1407 3363 1481 habemus,
3396 1426 3454 1471 ut

210 1505 412 1559 σθέντα
457 1508 610 1577 ἡμῖν,
644 1525 663 1557 ›
701 1507 882 1577 μεῖζον
916 1510 947 1579 ἢ
980 1508 1100 1562 καθ’
1124 1509 1270 1578 ἡμᾶς
1295 1503 1434 1559 εἶναι
1463 1508 1672 1580 πειθόμε

1990 1523 2167 1563 eamus
2202 1524 2321 1578 quae
2366 1523 2395 1562 a
2424 1506 2534 1562 Deo
2580 1508 2774 1561 donata
2823 1515 2948 1560 sunt
2989 1504 3142 1559 nobis
3167 1505 3236 1571 ³⁸,
3278 1524 3297 1557 ι
3330 1520 3452 1561 esse

208 1594 344 1649 Οὐδὲ
388 1596 498 1667 γὰρ
530 1596 796 1653 ἀθόλωτον
828 1600 984 1670 ήμῶν
1025 1602 1140 1653 ἐστι
1177 1598 1237 1652 τὸ
1271 1599 1624 1669 ἡγεμονικὸν,
1660 1619 1670 1651 ι

1987 1600 2159 1655 dimus
2186 1615 2345 1669 supra
2398 1609 2612 1670 captum
2663 1607 2925 1652 nostrum.
2965 1595 3150 1666 Neque
3194 1597 3339 1652 enim
3385 1610 3449 1653 ca

206 1688 258 1739 οῖ
286 1687 584 1759 ὀφθαλμοὶ,
622 1691 837 1755 ὁποίους
865 1692 946 1744 δεῖ
978 1689 1115 1747 εἶναι
1154 1695 1280 1758 τοὺς
1311 1694 1409 1765 τῆς
1439 1691 1608 1763 καλῆς
1645 1710 1668 1746 ν

1987 1708 2077 1747 mae
2105 1707 2234 1762 pars
2258 1693 2728 1762 praestantissima,
2757 1691 3116 1760 principatum
3156 1705 3315 1761 quam
3346 1704 3449 1747 voc

208 1790 316 1844 φης
344 1774 589 1844 Χριστοῦ
619 1775 946 1848 ὀφθαλμοὺς,
982 1779 1110 1851 περὶ
1137 1772 1212 1835 ὧν
1253 1796 1415 1851 φησιν
1449 1781 1477 1832 ὀ
1519 1779 1781 1850 νυμφίοςο

212 1883 231 1914 ε
285 1865 594 1937 ὀφθαλμοί
646 1884 739 1921 σου
782 1863 1183 1943 περιστεραὶ,’›
1218 1871 1359 1942 τάχα
1414 1872 1786 1942 αἰνισσόμενος

204 1954 305 2026 τὴν
333 1956 452 2009 τῶν
481 1958 863 2029 πνευματικῶν
890 1961 1283 2033 κατανοητικὴν
1323 1961 1571 2034 δύναμιν,
1601 1962 1689 2016 διά
1724 1962 1787 2016 τὸ

208 2044 305 2097 καὶ
331 2044 396 2097 τὸ
430 2044 655 2116 Πνεῦμα
694 2047 757 2099 τὸ
785 2047 939 2116 ἅγιον
984 2048 1060 2112 ὠς
1109 2049 1435 2121 περιστερὰν
1472 2050 1785 2121 ἐληλυθέναι

209 2143 303 2195 ἐπὶ
321 2142 419 2195 τὸν
444 2142 668 2216 Κύριον,
689 2143 782 2196 καὶ
808 2142 897 2196 τὸν
920 2145 977 2197 ἐν
1006 2144 1219 2215 ἑκάστῳ
1243 2143 1471 2216 Κύριον·
1502 2145 1614 2199 ἀλλ’
1637 2148 1787 2217 ὅμως

209 2235 303 2287 καὶ
357 2235 535 2299 οὕτως
579 2235 793 2305 ἔχοντες
834 2236 934 2289 οὐκ
976 2238 1377 2309 ἀποκνήσομεν,
1430 2238 1786 2310 ψηλαφῶντες

208 2326 336 2390 τοὺς
387 2327 716 2397 εἰρημένους
757 2329 856 2398 τῆς
898 2325 1041 2397 ζωῆς
1078 2327 1288 2397 λόγους,
1330 2329 1654 2400 πειραθῆναι
1687 2330 1786 2383 λα-

208 2416 403 2471 ϐέσθαι
435 2417 615 2472 αὐτῶν
640 2418 741 2488 τῆς
770 2418 1143 2491 ἀπορρεούσης
1166 2423 1245 2484 εἰς
1268 2421 1357 2473 τὸν
1390 2421 1525 2492 μετά
1551 2423 1787 2486 πίστεως

208 2506 495 2578 ἁψάμενον
526 2506 823 2578 δυνάμεως.
865 2508 1071 2581 Ἰησοῦς
1098 2511 1276 2564 τοίνυν
1308 2512 1453 2565 ἐστὶν
1476 2514 1504 2565 ὀ
1528 2512 1623 2566 τοῦ
1648 2513 1785 2567 Θεοῦ

208 2597 391 2666 λόγος,
422 2599 571 2664 ὅστις
591 2601 896 2672 εἰσέρχεται
920 2603 1000 2665 είς
1021 2602 1120 2674 τὴν
1157 2603 1494 2675 Ἰεροσόλυμα
1524 2605 1789 2676 καλουμέ-

209 2707 308 2762 νην
325 2691 533 2762 ψυχὴν,
558 2691 848 2762 ὀχούμενος
872 2695 939 2764 τῇ
964 2694 1068 2746 ὑπὸ
1094 2693 1202 2747 τῶν
1232 2693 1485 2766 μαθητῶν
1518 2695 1784 2769 λελυμένῃ

210 2782 318 2835 ἀπὺ
352 2784 467 2836 τῶν
499 2782 715 2854 δεσμῶν
748 2782 872 2854 ὄνῳ.
902 2783 1060 2853 Λέγω
1081 2785 1137 2838 δὲ
1163 2788 1275 2849 τοῖς
1303 2786 1522 2855 ἀφελέσι
1549 2787 1650 2856 τῆς
1676 2804 1784 2841 πα-

209 2871 372 2938 λαιᾶς
408 2872 685 2944 Διαθήκης
715 2874 1023 2945 γράμμασι,
1062 2876 1504 2948 σαφηνιζομένοις
1536 2878 1646 2951 (75)
1681 2880 1786 2934 ὑπὸ

210 2963 318 3016 τῶν
349 2964 592 3017 λυόντων
625 2964 766 3017 αὐτὰ
791 2964 1046 3037 μαθητῶν
1071 2966 1162 3020 δύο
1180 2983 1194 2996 ·
1228 2966 1323 3020 τοῦ
1348 2985 1406 3020 τε
1436 2969 1528 3022 ἐπὶ
1563 2971 1662 3041 τὴν
1693 2970 1783 3024 θε-

1887 1801 2092 1852 camus,
2121 1785 2174 1839 in
2206 1786 2360 1840 nobis
2385 1794 2466 1840 est
2490 1800 2621 1855 pura
2650 1803 2667 1852 ;
2708 1787 2800 1842 sed
2838 1802 2903 1842 ne
2937 1785 3078 1841 oculi
3109 1784 3321 1853 quidem
3348 1798 3449 1854 pu-

1887 1877 1932 1933 ri
1954 1886 2099 1941 sunt,
2132 1877 2321 1946 quales
2340 1885 2554 1946 oportet
2589 1890 2711 1932 esse
2758 1875 3206 1946 oculosrpulcbrte
3237 1887 3451 1944 sponsa

1885 1966 2110 2033 Christi,
2139 1967 2205 2021 de
2252 1967 2454 2036 quibus
2481 1967 2656 2037 inquit
2698 1980 2929 2036 sponsus
2961 1982 2976 2019 :
3011 1982 3031 2016 ι
3070 1962 3220 2020 Oculi
3249 1963 3323 2016 tui
3355 1977 3452 2017 co-

1885 2059 2079 2115 lumba:
2103 2059 2173 2123 ",
2219 2076 2239 2111 ι
2280 2057 2511 2114 fortasse
2535 2058 2764 2112 inuuens
2786 2056 2893 2110 vim
2938 2065 3111 2110 acutae
3144 2053 3451 2124 intelligen-

1888 2151 1977 2205 tiae
2007 2165 2167 2221 quam
2203 2150 2404 2205 habent
2436 2148 2763 2218 spirituales,
2793 2154 3079 2217 propterea
3104 2146 3245 2214 quod
3282 2144 3446 2199 etiam

1886 2256 2049 2310 super
2078 2240 2361 2305 Dominum
2389 2250 2550 2310 atque
2575 2254 2739 2309 super
2771 2236 3013 2306 singulos
3036 2236 3208 2306 ipsum
3242 2235 3451 2290 haben-

1887 2343 1988 2402 tes,
2014 2333 2246 2403 Spiritus
2264 2339 2482 2388 sanctus
2506 2330 2648 2385 sicut
2674 2328 2919 2384 columba
2943 2326 3192 2383 advenit:
3211 2335 3449 2380 attamen

1886 2424 1966 2480 sic
1995 2425 2159 2480 etiam
2192 2423 2369 2478 allecti
2410 2437 2515 2476 non
2555 2420 2888 2475 tardabimus
2919 2426 3323 2474 contractautes
3368 2415 3454 2471 di-

1886 2526 2007 2572 ctos
2037 2516 2163 2571 vitae
2213 2528 2527 2580 sermones,
2558 2511 2854 2583 periculum
2903 2509 3082 2564 facere
3117 2507 3449 2578 percipiendi

1884 2608 1993 2663 vim
2027 2606 2272 2677 ipsorum.
2303 2603 2633 2659 dimuentem
2666 2602 2716 2655 in
2756 2614 2878 2654 eum
2908 2600 2999 2668 qui
3038 2613 3160 2654 cum
3200 2597 3304 2652 ﬁde
3334 2595 3455 2651 teti-

1885 2698 2043 2768 gerit.
2078 2698 2173 2752 Est
2216 2696 2380 2765 igitur
2403 2694 2563 2750 Iesus
2599 2693 2689 2747 Dei
2721 2705 2921 2754 sermo,
2946 2690 3035 2760 qui
3062 2689 3362 2757 ingreditur
3392 2687 3450 2743 in

1886 2790 2121 2844 animam
2160 2804 2281 2857 qua:
2308 2795 2532 2843 vocatur
2575 2783 2943 2854 Hierosolyma
2992 2803 3003 2837 :
3037 2791 3225 2835 vectus
3272 2778 3449 2845 asina,

1885 2896 2047 2951 quam
2077 2880 2322 2949 discipuli
2346 2894 2377 2933 a
2395 2876 2623 2934 vinculis
2651 2878 3185 2940 solverunt;vectus,
3206 2873 3451 2941 inquam,

1886 2973 2058 3040 asina,
2094 2972 2198 3027 hoc
2233 2980 2321 3026 est
2348 2971 2546 3026 litteris
2577 2969 2784 3023 Veteris
2812 2965 3160 3022 lnstrurnenti
3189 2961 3452 3032 simplici-

211 3054 454 3124 ραπείαν
490 3055 589 3124 τῆς
617 3055 793 3126 ψυχῆς
834 3057 1123 3126 ἀνάγοντος
1161 3057 1231 3111 τά
1270 3060 1649 3130 γεγραμμένα,

1981 3074 2158 3131 t,quas
2177 3059 2553 3130 explanarunt,
2584 3058 2700 3112 illas
2721 3056 2996 3111 solventes
3026 3052 3273 3124 discipuli
3305 3053 3443 3115 duo;

212 3148 298 3199 ἐπ’
327 3146 509 3217 αὐτὴν
535 3146 676 3199 αὐτά
705 3146 1127 3220 ἀλληγοροῦντος
1145 3165 1158 3179 ·
1187 3149 1281 3202 καὶ
1306 3149 1401 3203 τοῦ
1429 3151 1499 3204 τά
1529 3150 1788 3221 μέλλοντα

212 3233 401 3304 ἀγαθά
429 3236 523 3290 καὶ
547 3236 774 3308 ἀληθινὰ
790 3238 877 3292 διά
900 3238 1007 3291 τῶν
1031 3241 1087 3292 ὲν
1112 3241 1177 3311 τῇ
1207 3242 1335 3309 σκιᾷ
1355 3240 1620 3311 κειμένων
1650 3238 1797 3314 παρὶ

214 3331 488 3393 ιστάντος.
532 3333 761 3402 Ὀχεῖται
809 3331 864 3385 δὲ
915 3333 1008 3385 καὶ
1044 3332 1121 3404 τῷ
1156 3334 1260 3405 νέῳ
1300 3333 1484 3405 πώλῳ,
1515 3336 1580 3406 τῇ
1624 3338 1784 3407 καινῇ

212 3423 496 3493 Διαθήκη·
546 3424 602 3475 ὲν
631 3423 965 3493 ἀμφοτέραις
1011 3424 1120 3495 γάρ
1174 3424 1318 3477 ἔστιν
1352 3426 1530 3496 εὑρεῖν
1567 3426 1657 3479 τὸν
1685 3443 1786 3479 κα-

212 3514 476 3586 θαίροντα
508 3517 654 3585 ἡμᾶς
683 3515 780 3585 τῆς
805 3515 1060 3586 ἀληθείας
1085 3515 1259 3585 λόγον,
1293 3517 1388 3570 καὶ
1416 3518 1786 3571 ἀπελαύνοντα

211 3609 336 3670 τοὺς
362 3606 678 3670 πωλοῦντας
718 3609 812 3661 καὶ
839 3608 1204 3679 ἀγοράζοντας
1237 3611 1294 3662 ὲν
1314 3610 1442 3680 ἡμῖν
1468 3609 1674 3675 πάντας
1700 3610 1786 3664 λο-

212 3698 474 3769 γισμούς.
519 3699 694 3764 Μόνος
739 3699 796 3754 δὲ
825 3701 906 3762 είς
938 3700 1040 3771 τὴν
1083 3700 1428 3772 Ἱεροσόλυμα
1464 3700 1641 3772 ψυχὴν
1685 3702 1785 3756 οὐκ

211 3788 460 3858 ἔρχεται,
487 3789 598 3842 ἀλλ’
631 3790 751 3843 οὐδὲ
781 3790 915 3860 μετά
946 3790 1138 3859 ὀλίγων
1166 3791 1344 3845 τινῶν·
1378 3790 1545 3845 πολλά
1582 3791 1687 3864 γάρ
1719 3791 1785 3845 τά

211 3881 532 3951 προάγοντα
574 3881 665 3933 τὸν
705 3881 1013 3936 τελειοῦντα
1055 3884 1200 3953 ἡμᾶς
1230 3881 1385 3952 λόγον
1427 3881 1560 3936 Θεοῦ
1607 3884 1689 3937 δεῖ
1726 3886 1784 3938 ὲν

212 3974 343 4043 ἡμῖν
384 3972 655 4042 γενέσθαι,
705 3975 798 4027 καὶ
835 3975 997 4047 ἔτερα
1028 3976 1253 4029 πλεῖστα
1293 3976 1391 4029 ὅσα
1432 3975 1503 4030 τά
1546 3977 1785 4048 ἑπόμενα

211 4066 393 4137 αὐτῷ·
434 4065 614 4119 πάντα
661 4067 910 4138 μέντοιγε
960 4068 1122 4121 αὐτὸν
1173 4068 1441 4140 ὑμνοῦντα
1484 4068 1580 4122 καὶ
1626 4067 1781 4133 δοξά-

212 4155 393 4222 ζοντα,
428 4156 528 4210 καὶ
556 4156 645 4210 τὸν
677 4157 807 4210 ἴδιον
829 4157 1029 4228 κόσμον
1055 4157 1148 4211 καὶ
1176 4157 1465 4231 περιϐολὴν
1487 4158 1634 4229 αὐτῷ
1660 4159 1785 4211 ὑπο-

211 4248 459 4312 τιθέντα,
512 4247 599 4301 ἵνα
645 4247 807 4301 αὐτοῦ
854 4249 921 4302 τὰ
967 4249 1217 4320 ὀχήματα
1265 4249 1339 4320 μὴ
1392 4249 1631 4320 ἅπτηται
1680 4248 1783 4319 γῆς

216 4337 410 4410 ἔχοντα
437 4339 531 4393 τὸν
557 4340 844 4412 οὐρανόθεν
872 4340 983 4409 (74)
1016 4339 1428 4411 καταϐεϐηκότα
1466 4342 1782 4395 ἐπαναπαυ-

217 4432 412 4502 όμενον
445 4432 645 4495 αὐτοῖς.
679 4433 795 4485 Ἵνα
821 4432 878 4485 δὲ
921 4432 1001 4486 ἔτι
1038 4431 1237 4504 μᾶλλον
1269 4432 1524 4504 ἀνωτέρω
1552 4431 1650 4502 τῆς
1678 4431 1783 4501 γῆς

215 4522 560 4593 τυγχάνωσιν
586 4524 637 4575 oi
663 4521 912 4593 ὀχοῦντες
943 4523 1102 4575 αὐτὸν
1131 4521 1347 4575 παλαιοὶ
1372 4522 1464 4573 καὶ
1493 4521 1667 4575 καινοὶ
1695 4520 1782 4573 λό-

216 4630 300 4681 γοι
336 4611 451 4665 τῶν
474 4612 515 4664 Γ
521 4612 703 4684 ραφῶν
721 4651 736 4676 ,
767 4612 1125 4665 ὲκκόπτεσθαι
1175 4612 1399 4675 κλάδους
1437 4610 1517 4664 δεῖ
1541 4610 1649 4664 ἀπὸ
1674 4611 1780 4665 τῶν

213 4703 469 4778 δένδρων,
503 4704 589 4757 ἵνα
627 4703 879 4774 βαίνωσιν
912 4703 1131 4758 ἐπὶτῶν
1161 4703 1396 4772 εὐλόγως
1423 4704 1775 4774 ἐκκειμένων.

213 4792 481 4847 Δύνανται
508 4791 566 4845 δὲ
595 4793 644 4845 oi
675 4791 1026 4864 προάγοντες,
1061 4792 1155 4845 καὶ
1184 4789 1599 4854 ἀκολουθοῦντες
1632 4791 1780 4862 αὐτῷ

214 4883 359 4954 ὀχλοι
381 4881 572 4953 δηλοῦν
594 4881 805 4945 καὶτὰς
824 4882 1118 4951 ἀγγελικάς
1140 4882 1477 4954 συνεργείας,
1500 4881 1651 4946 τινάς
1677 4882 1775 4954 μὲν

216 4975 306 5027 εὖτ
314 4992 373 5047 ρε
382 4973 640 5039 πιζούσας
658 4973 807 5046 αὐτῷ
825 4974 923 5044 τὴν
946 4973 1063 5029 ὁδὸν
1082 4975 1139 5027 ὲν
1160 4976 1279 5037 ταῖς
1301 4973 1498 5044 ψυχαῖς
1512 4975 1546 5045 ἡ
1553 4973 1688 5045 μῶν,
1709 4973 1776 5028 δι’

217 5059 290 5118 ὧν
346 5063 510 5118 αὑταὶ
561 5063 673 5136 (75)
725 5063 1124 5135 κεκόσμηνται⁵
1164 5062 1324 5118 τινῶν
1380 5062 1437 5116 δὲ
1477 5063 1779 5119 ἐπακολου-

220 5153 452 5207 θούντων
475 5155 544 5224 τῇ
570 5152 736 5207 αὐτοῦ
758 5154 817 5207 ὲν
848 5154 980 5225 ἡμῖν
1014 5153 1306 5226 παρουσίᾳ,
1336 5152 1465 5225 περὶ
1488 5147 1558 5225 ἦς
1584 5154 1782 5208 πολλά-

220 5260 306 5308 κις
326 5245 609 5315 εἰρηκότες
631 5244 726 5298 νῦν
763 5245 844 5308 είς
867 5245 1023 5299 τοῦτο
1041 5242 1369 5317 ’μαρτυριῶν
1397 5243 1457 5298 ού
1483 5244 1774 5317 χρῄζομεν.

287 5336 335 5368 ⁸⁸
363 5336 381 5389 l
406 5335 530 5391 Cor.
562 5351 623 5400 It,
655 5335 743 5400 l6,
779 5335 867 5391 12.
939 5336 988 5369 ⁸⁸
1010 5334 1169 5391 Cant.
1196 5350 1233 5397 ι,
1263 5334 1351 5391 15.

291 5424 411 5497 (Ἱοὶ
438 5428 520 5480 Οὐ
541 5427 733 5495 μόνον
756 5427 824 5481 δὲ
851 5425 963 5495 τῆς
984 5426 1332 5497 προσευχῆς
1360 5431 1394 5484 ὁ
1437 5428 1601 5493 οἶκος
1622 5409 1780 5483 ’πάν-

224 5511 352 5560 τως.
385 5494 485 5579 Sic
505 5494 676 5579 codex
703 5494 1046 5579 Burneianus.
1096 5494 1317 5570 Regius,
1357 5498 1515 5570 μόνον
1566 5497 1624 5551 δὲ
1676 5498 1779 5569 τῆς

224 5561 1227 5777 πρῗέῗῖὶξιῗιὲἱκὲςοέᾖίξῇᾨῗςδέξεται.

317 5704 404 5768 72)
435 5705 600 5762 Ἰδειν
616 5707 709 5772 ,ὡς
729 5708 856 5777 ἔχει
875 5722 1078 5764 ταυτα.
1098 5708 1190 5767 Sic
1218 5726 1227 5762 ι

317 5704 404 5775 72)
435 5705 709 5772 Ἰδεῖνὼς
729 5708 856 5777 ἔχει
875 5705 1078 5764 ταῦτα.
1098 5708 1190 5767 Sic
1218 5708 1384 5765 codex
1411 5707 1768 5776 Bodleianus;

1888 3152 2062 3207 altero
2095 3151 2160 3204 ad
2188 3151 2381 3204 animae
2412 3148 2677 3203 medelam
2711 3148 3000 3202 reducente
3043 3160 3130 3209 ea,
3159 3158 3280 3213 qua:
3313 3142 3451 3197 scri-

1887 3254 1976 3314 pta
2000 3242 2382 3310 sunt,ejusque
2410 3240 2586 3309 gratia
2611 3254 2705 3308 per
2727 3237 3013 3306 allegorias
3040 3235 3128 3290 illa
3151 3241 3446 3299 tractante;

1886 3336 2059 3390 altero
2091 3333 2268 3388 futura
2314 3346 2487 3403 eaque
2534 3345 2659 3385 vera
2712 3330 2848 3384 bona
2880 3343 2976 3398 per
3004 3342 3066 3382 ea
3091 3340 3210 3395 quae
3242 3325 3293 3378 in
3326 3340 3449 3379 utn-

1886 3428 1979 3481 bra
2010 3425 2182 3496 posita
2217 3432 2393 3487 erant,
2431 3422 2706 3478 edocente.
2738 3420 2843 3475 Sed
2874 3419 3087 3474 vehitur
3118 3419 3279 3472 etiam
3310 3429 3447 3471 novo

1884 3517 2052 3588 pullo,
2087 3517 2188 3571 hoc
2215 3525 2296 3570 est
2325 3514 2472 3570 Novo
2508 3514 2905 3569 Instrumeuto;
2940 3511 2990 3564 in
3034 3513 3273 3578 utrisque
3303 3511 3446 3564 enim

1887 3609 2131 3665 invenire
2154 3607 2283 3663 licet
2306 3606 2550 3661 veritatis
2580 3620 2884 3661 sermonem
2926 3617 3022 3657 nos
3047 3602 3445 3671 purilicautem,

1888 3700 2047 3771 19o
2092 3698 2553 3769 expellentemque
2586 3695 2946 3767 cogitationes
2988 3707 3176 3747 omnes
3208 3693 3258 3745 in
3291 3691 3447 3747 nobis

1883 3794 2172 3846 vendentes
2187 3799 2243 3846 et
2264 3797 2524 3845 ementes.
2540 3787 2698 3842 Solus
2717 3796 2896 3842 autem
2912 3784 2977 3840 ad
2996 3783 3443 3854 Hierosolymam.

1883 3884 2254 3950 animam,non
2271 3883 2436 3948 venit;
2455 3882 2549 3935 sed
2566 3893 2738 3949 neque
2754 3894 2875 3934 cum
2889 3877 3076 3947 paucis
3086 3875 3440 3946 quibusdam:

1882 3971 2050 4026 multa
2084 3974 2227 4026 enim
2264 3971 2375 4026 sint
2403 3971 2454 4024 in
2501 3970 2658 4025 nobis
2681 3977 2896 4038 oportet
2922 3967 3279 4037 praecedentia
3323 3980 3443 4021 ser-

1883 4076 2092 4117 monem
2113 4076 2209 4117 nos
2227 4061 2613 4132 perﬁcientem,
2633 4060 2844 4128 aliaque
2858 4057 3245 4129 quamplurima
3268 4057 3443 4127 ipsum

1881 4153 2183 4222 sequentia,
2217 4152 2470 4206 nimirum
2521 4151 2704 4207 omnia
2741 4152 2916 4220 ipsum
2953 4148 3222 4204 laudantia
3253 4160 3308 4201 ct
3327 4146 3445 4217 glo-

1883 4243 2166 4306 riﬁcantia,
2205 4244 2586 4312 propriumque
2618 4250 2993 4296 ornamentum
3020 4254 3086 4295 ac
3110 4248 3310 4294 vestem
3339 4238 3443 4308 ipsi

1884 4336 2261 4404 supponentia,
2296 4350 2407 4405 quo
2436 4334 2679 4391 vehicula
2717 4335 2885 4403 ipsius
2928 4344 3143 4390 terram'
3172 4349 3276 4388 non
3324 4345 3444 4388 tan—

1885 4437 2033 4497 gant,
2064 4426 2322 4482 habentia
2360 4442 2484 4482 eum
2513 4428 2604 4495 qui
2642 4440 2674 4481 e
2702 4426 2839 4481 caelo
2887 4426 3163 4481 descendit
3191 4425 3243 4478 in
3271 4437 3329 4479 se
3355 4439 3442 4478 re-

1884 4520 2269 4589 quiescentem.
2330 4520 2398 4576 Ut
2437 4529 2615 4575 autem
2654 4511 2823 4589 magis
2876 4520 2984 4575 sint
3028 4534 3188 4588 supra
3243 4528 3443 4571 terram

1887 4613 2057 4683 ipsum
2104 4613 2388 4678 vehentes,
2421 4614 2671 4669 nimirum
2718 4611 3116 4681 Scripturarum
3163 4622 3445 4666 sermones

1886 4705 2009 4759 novi
2060 4716 2111 4760 et
2158 4717 2387 4771 veteres,
2425 4704 2812 4762 exscindantur
2862 4706 2998 4757 rami
3051 4703 3119 4756 de
3156 4701 3445 4757 arboribus

1883 4803 2119 4864 oportet,
2151 4805 2211 4850 ut
2233 4797 2527 4852 ascendant
2560 4810 2722 4865 super
2756 4809 2818 4850 ea
2850 4808 2970 4865 quae
3010 4792 3208 4847 rationi
3249 4805 3444 4848 conve-

1880 4890 2091 4944 nienter
2119 4900 2243 4945 sunt
2285 4889 2840 4960 expositaxCaeterum
2874 4887 3238 4957 praecedentes
3264 4885 3440 4956 ipsum

1885 4995 1949 5036 ac
1973 4989 2257 5051 sequentes
2290 4982 2460 5037 turbae
2485 4981 2759 5038 declarare
2787 4986 3017 5050 possunt
3051 4976 3322 5048 angelicas
3349 4990 3441 5031 co-

1885 5068 2229 5134 operationes
2265 5082 2280 5120 :
2312 5068 2583 5137 aliquibus
2615 5068 2833 5139 quidem
2886 5065 3319 5137 pneparantibus
3359 5063 3438 5120 illi

1884 5155 2025 5210 viam
2062 5156 2116 5211 in
2143 5158 2426 5215 animabus
2451 5158 2675 5224 nostris,
2700 5157 2896 5229 quibus
2926 5157 3025 5227 ipsi
3055 5157 3434 5219 bonesteutur;

1884 5247 2151 5317 aliquibus
2179 5264 2307 5305 vero
2335 5251 2621 5306 adventum
2652 5252 2822 5321 ipsius
2865 5251 3007 5305 intra
3033 5264 3131 5304 uos
3169 5250 3442 5322 sequenti.

1883 5429 2103 5499 Regius,
2139 5429 2298 5496 male,
2331 5429 2456 5483 ἰδεῖν
2485 5426 2597 5498 ἔχει
2626 5427 2658 5499 ἢ
2694 5427 2806 5498 ἔχει
2831 5424 3018 5499 ταῦτα.

1953 5495 2064 5572 ('73)
2093 5495 2289 5556 Codex
2306 5495 2547 5572 Begius,
2571 5495 3023 5572 σαξρηνίζομένης,
3055 5495 3212 5572 male.

1971 5566 2061 5641 74)
2089 5573 2269 5626 Codex
2312 5566 2531 5640 Regius,
2557 5566 2783 5641 οὐρανὸν
2814 5566 2968 5641 ὅθεν,
2996 5566 3154 5623 male.

1971 5574 2061 5641 74)
2089 5574 2269 5626 Codex
2312 5574 2531 5640 Regius,
2560 5574 2783 5692 ούὲανὸν
2814 5574 2873 5621 ὅθ

1945 5574 2061 5713 ὶ75)
2094 5642 2237 5697 Idem
2283 5642 2474 5708 codex,
2508 5639 2611 5692 αὐτ
2642 5656 2690 5704 ν,
2722 5638 2879 5696 male.

2959 5816 2987 5845 ἢ
