3702 6142
333 332 436 386 559

1759 326 2080 384 ORIGENIS

3456 335 3548 390 560

332 448 462 501 bus.
489 445 605 512 Qua
647 444 794 499 dere
827 443 1024 512 smpius
1049 459 1171 498 cum
1210 444 1644 509 disseruerimus,
1674 460 1816 499 nunc
1835 446 1900 498 ad

2093 446 2113 498 ὶ
2142 445 2281 516 τάχα
2305 447 2404 499 οὐκ
2435 444 2642 514 ἀλόγως
2671 440 2776 516 ὄνῳ
2811 443 3006 498 εῐκασα
3038 445 3149 516 (76)
3174 445 3271 510 τάς
3303 450 3551 518 περιστά-

336 541 438 593 hoe
467 537 689 592 testibus
712 552 815 589 non
835 538 1168 604 egemus.Ac
1187 536 1415 591 fortasse
1431 552 1533 591 non
1562 537 1654 590 abs
1681 551 1736 590 re
1765 538 1902 590 assi-

335 627 516 680 milavi
543 625 706 679 asinae
727 639 886 678 voces
909 641 1028 692 qua:
1050 627 1522 681 circumsteterunt
1562 625 1901 689 Sermonem,

334 721 594 772 ducentes
629 717 800 786 ipsum
850 717 916 768 ad
969 717 1203 768 animam
1238 734 1251 770 :
1284 731 1407 769 nam
1455 727 1509 771 et
1543 716 1746 770 animal
1785 729 1904 770 esse

336 809 484 863 asina
517 823 681 863 onera
710 819 952 876 gestans,
983 817 1036 861 et
1087 808 1308 860 multum
1356 809 1609 876 ponderis
1658 823 1904 876 onusque

335 913 519 967 grave,
565 898 872 952 declaratur
909 913 974 950 ex
1030 893 1334 964 Scriptura,
1365 897 1662 966 praesertim
1693 897 1904 953 Veteris

337 989 706 1052 lnstrmnenti,
728 998 787 1042 ut
812 987 1153 1057 perspicuum
1184 999 1267 1041 est
1292 988 1596 1056 inspicienti
1619 1004 1737 1057 qua:
1762 987 1901 1056 apud

337 1078 550 1135 Jndreos
590 1080 742 1134 ﬁunt.
772 1079 876 1134 Sed
922 1095 1029 1134 non
1065 1079 1144 1133 sic
1191 1080 1382 1148 pullus,
1419 1092 1477 1132 ιιι
1521 1082 1691 1141 asina.
1731 1089 1904 1148 gesmt

337 1183 503 1222 onera
536 1183 549 1220 :
579 1170 824 1237 quamvis
855 1169 998 1222 enim
1037 1183 1200 1238 grave
1229 1173 1299 1223 sil
1328 1185 1488 1224 omne
1537 1185 1673 1224 onus
1705 1171 1902 1225 litterae

276 1313 286 1324 _
339 1276 442 1314 non
467 1261 767 1315 valentibus
800 1261 871 1323 id,
912 1260 1053 1328 quod
1083 1261 1305 1328 spiritus
1334 1263 1513 1329 habet,
1539 1279 1754 1316 sursum
1786 1273 1904 1318 ten-

337 1353 492 1417 dens,
533 1368 600 1404 ac
646 1352 974 1406 levissimum
1021 1366 1237 1418 capere,
1271 1354 1452 1408 minus
1495 1364 1675 1409 tamen
1725 1355 1905 1409 oneris

339 1445 499 1497 habet
547 1443 971 1498 lnstrumentum
1019 1443 1221 1498 Novum
1256 1462 1417 1516 quam
1455 1445 1637 1500 Vetus.
1676 1447 1906 1502 Proinde

337 1537 597 1606 quosdam
639 1536 782 1601 novi,
819 1535 910 1604 qui
955 1538 1163 1592 asinam
1215 1539 1429 1606 quidem
1464 1539 1734 1608 alligatam
1783 1555 1906 1595 csse

338 1629 825 1697 interpretarentur
875 1643 943 1683 ex
979 1630 1396 1684 circumcisione
1439 1633 1742 1696 credentes,
1774 1646 1906 1700 quos

337 1736 366 1774 a
399 1721 580 1774 multis
624 1721 857 1775 vinculis
909 1722 1200 1776 solvissent
1234 1723 1286 1776 bi
1322 1723 1413 1792 qui
1449 1723 1660 1778 sincere
1695 1740 1790 1794 per
1816 1724 1904 1778 Fi-

2006 555 2103 599 σας
2134 537 2316 606 φωνάς
2345 536 2436 589 τὸν
2465 537 2662 603 ἄγοντα
2701 536 2863 588 αὑτὸν
2892 535 3002 605 (77)
3031 539 3110 600 είς
3141 537 3238 607 τὴν
3279 536 3456 606 ψυχὴν
3479 537 3553 590 λό-

2002 642 2129 694 γον·
2163 626 2463 696 ἀχθοφόρον
2491 625 2598 695 γὰρ
2635 625 2694 677 τὸ
2725 625 2880 689 ζῶον,
2922 625 3054 678 πολὺ
3095 625 3153 677 δέ
3183 625 3240 678 τὸ
3279 626 3442 695 ἄχθος
3471 627 3554 678 καὶ

2003 718 2219 790 φορτίον
2253 718 2389 788 βαρὺ
2423 717 2669 789 δηλοῦται
2695 718 2801 771 ἀπὸ
2827 719 2924 788 τῆς
2957 716 3174 781 λέξεως,
3213 718 3310 770 καὶ
3337 717 3555 788 μάλιστα

2001 811 2102 880 τῆς
2143 809 2526 881 παλαιοτέρας,
2571 810 2646 873 ὡς
2678 811 2836 881 δῆλον
2879 811 2958 880 τῷ
3005 813 3282 880 ἐφιστάντι
3314 814 3426 872 τοῖς
3465 810 3558 862 ὑπὸ

2015 902 2281 955 Ἰουδαίων
2325 902 2645 972 γινομένοις.
2691 903 2801 972 Οὐχ
2837 902 3009 966 οὕτως
3045 902 3101 955 δὲ
3139 904 3167 955 ό
3201 902 3380 964 πῶλος
3409 901 3556 970 ἀχθο-

2003 994 2189 1065 φόρος,
2220 993 2295 1057 ὡς
2325 996 2357 1065 ἡ
2391 995 2538 1057 ὄνος·
2568 995 2616 1046 εί
2648 993 2753 1064 γὰρ
2779 995 2872 1047 καί
2902 994 3039 1065 βαρὺ
3062 997 3168 1047 πᾶν
3193 994 3254 1046 τὸ
3277 993 3374 1046 τοῦ
3396 993 3559 1063 γράμ-

2007 1100 2172 1154 ματος
2201 1085 2417 1154 φορτίον
2447 1085 2582 1148 ἐστὶ,
2613 1084 2674 1137 τὺ
2698 1083 2974 1157 ἀνώφορον
2997 1086 3089 1138 καὶ
3117 1084 3448 1153 κουφότατον
3474 1084 3557 1136 τοῦ

2003 1175 2310 1245 πνεύματος
2351 1178 2545 1246 χωρεῖν
2583 1174 2658 1246 μὴ
2694 1176 3042 1246 δυναμένοις,
3082 1175 3216 1228 ἀλλά
3253 1192 3320 1242 γε
3353 1175 3557 1228 ἔλαττον

2004 1263 2116 1335 ἔχει
2161 1265 2322 1335 βάρος
2365 1265 2427 1316 τὸ
2469 1265 2652 1318 καινὸν
2699 1266 2932 1337 γράμμα
2975 1266 3126 1337 παρά
3155 1266 3215 1318 τὸ
3265 1265 3557 1337 πρεσϐύτι-

2006 1375 2117 1430 ρον.
2167 1357 2295 1410 Οἶδα
2336 1357 2390 1409 δέ
2439 1374 2590 1421 τινας
2643 1358 2741 1429 τὴν
2790 1360 2887 1430 μὲν
2934 1358 3215 1430 δεδεμένην
3263 1359 3386 1412 ὄνον
3441 1359 3563 1423 ἐξει-

2005 1450 2243 1521 ληφότας
2295 1451 2420 1513 τοὺς
2465 1451 2528 1503 ἐκ
2582 1451 2887 1522 περιτομῆς
2932 1451 3320 1514 πιστεύοντας,
3367 1449 3560 1502 πολλῶν

2004 1541 2216 1612 δεσμῶν
2270 1540 2374 1594 ὑπὸ
2418 1541 2528 1594 τῶν
2578 1543 2814 1613 γνησίως
2866 1542 2944 1612 τῷ
2993 1543 3135 1612 λόγῳ
3189 1542 3563 1611 πνευματικῶς

2010 1631 2504 1703 μεμαθητευμένων
2548 1631 2978 1702 ἀπολυομένους,
3016 1632 3106 1685 τὸν
3135 1632 3192 1685 δὲ
3238 1631 3418 1684 πῶλον
3449 1632 3561 1694 τοὺς

2007 1723 2114 1776 ἀπὸ
2164 1722 2272 1774 τῶν
2324 1721 2524 1786 ἐθνῶν,
2579 1721 2799 1785 ἀνέτους
2852 1723 2978 1793 πρὶν
3028 1722 3436 1793 παραδέξωνται
3480 1721 3560 1775 τὸν

337 1813 467 1866 lium
523 1813 613 1867 Dei
664 1813 1020 1881 spiritualiter
1053 1816 1229 1869 edocti
1260 1816 1450 1880 fuere;
1495 1816 1698 1885 pullum
1753 1832 1900 1882 vero,

2102 1812 2193 1866 σοῦ
2231 1814 2405 1881 λόγον,
2459 1814 2552 1866 καὶ
2594 1812 2698 1876 ἔξω
2748 1813 2946 1876 παντὸς
2997 1814 3342 1883 ἐπικειμένου
3386 1813 3558 1882 ζυγοῦ,

337 1904 584 1972 gentiles,
615 1904 703 1968 qui
733 1913 1024 1972 antequam
1051 1903 1177 1959 Jesu
1205 1920 1507 1958 sermonem
1539 1906 1899 1975 susciperent,

337 2007 488 2050 extra
538 2011 696 2050 omne
746 1996 1058 2064 impositum
1098 1998 1287 2068 jngnm
1347 1999 1708 2061 exsistentes,
1761 1999 1903 2053 nullo

337 2086 728 2140 coercebantur
773 2084 950 2150 freno,
984 2087 1076 2139 sed
1123 2086 1284 2141 soluti
1324 2096 1482 2139 erant
1519 2101 1582 2140 ac
1615 2086 1903 2156 voluptatis

338 2187 603 2230 amantes.
623 2175 878 2244 Quamvis
899 2182 1077 2229 autem
1100 2176 1150 2230 hi
1178 2191 1283 2231 non
1307 2176 1658 2231 disseruerint
1678 2176 1742 2230 de
1767 2191 1904 2243 prae-

337 2267 652 2322 cedentibus
692 2277 744 2319 et
771 2267 1123 2336 sequentibus
1158 2267 1356 2332 turbis,
1401 2283 1508 2322 non
1545 2266 1902 2334 improbabile

339 2367 519 2413 tamen
580 2358 739 2413 fuerit
783 2358 964 2413 dicere
1002 2360 1367 2424 praecedentes
1421 2374 1542 2414 esse
1600 2357 1819 2430 Moysen
1849 2367 1904 2412 et

338 2451 631 2521 prophetas
659 2465 673 2514 ;
705 2458 992 2520 sequentes
1043 2465 1193 2515 vero,
1224 2461 1446 2505 sanctos
1496 2450 1805 2520 apostolos:
1836 2450 1902 2503 de

337 2544 532 2612 quibus
561 2543 833 2605 omnibus,
863 2556 1028 2610 quam
1057 2543 1423 2612 ingrediantur
1445 2541 1898 2612 Hierosolymam,

337 2643 394 2687 et
429 2633 481 2686 in
515 2648 674 2702 quam
707 2632 923 2686 domum
976 2632 1258 2686 habentem
1291 2633 1484 2688 multos
1530 2633 1820 2687 vendentes
1847 2641 1903 2686 et

337 2734 587 2781 ementes
615 2726 868 2795 expulsos
897 2742 924 2780 a
948 2725 1086 2780 Filio
1109 2726 1224 2790 Dei,
1245 2735 1504 2794 quantum
1531 2725 1596 2778 ad
1623 2727 1765 2778 hunc
1781 2739 1901 2779 ser-

342 2831 554 2871 monem
583 2825 814 2884 spectat,
833 2818 1185 2887 quaerendum
1205 2827 1307 2870 est.
1331 2816 1394 2870 Et
1424 2817 1653 2872 fortasse
1668 2831 1898 2886 superna

337 2907 638 2964 Jerusalem
660 2909 812 2979 191
836 2911 899 2963 ad
923 2926 1085 2979 quam
1112 2911 1369 2966 ascendet
1395 2910 1676 2974 Dominus,
1705 2909 1902 2978 aurigae

340 3004 512 3057 instar
537 3004 736 3058 ducens
769 3017 862 3056 eos
883 3002 976 3070 qui
1005 3018 1070 3056 ex
1099 3001 1512 3057 circumcisione
1541 3011 1595 3055 et
1629 3017 1693 3055 ex
1725 3001 1901 3070 genti-

339 3094 440 3150 bus
467 3096 728 3160 credunt;
763 3094 1194 3158 praecedentibus
1221 3073 1342 3147 eum
1373 3102 1426 3146 et
1443 3093 1789 3160 sequentibus
1818 3091 1899 3145 vel

340 3186 616 3255 prophetis
645 3194 699 3238 et
746 3183 1034 3254 apostolis,
1070 3183 1150 3237 vel
1190 3183 1628 3237 ministrantibus
1659 3183 1759 3250 ipsi
1807 3196 1899 3234 an-

339 3275 476 3346 gelis
514 3275 766 3343 (possunt
808 3277 1007 3344 quippe
1061 3274 1134 3327 ita
1185 3274 1380 3342 exponi
1410 3289 1474 3327 ex
1508 3273 1574 3326 iis
1602 3272 1693 3340 qui
1727 3272 1903 3340 ipsum

340 3367 650 3437 prazcedunt
694 3377 749 3421 et
791 3365 1152 3435 sequuntur);
1183 3379 1438 3433 superna,
1481 3365 1722 3431 inquam,
1749 3359 1906 3414 Jeru-

342 3461 508 3514 salem
546 3472 687 3514 nune
719 3461 826 3515 dici
857 3470 1032 3530 potest
1056 3473 1174 3528 quae
1223 3467 1350 3511 ante
1401 3457 1573 3526 ipsius
1608 3469 1895 3510 ascensum

341 3568 406 3608 ea
439 3553 754 3607 continebat
787 3567 907 3620 qua:
955 3551 1212 3604 dicuntur
1260 3566 1278 3599 ι
1321 3546 1622 3616 spiritualia
1657 3545 1908 3613 nequitia:

342 3647 398 3701 in
446 3643 760 3699 ccelestibns
818 3643 888 3708 ’⁷,
949 3659 968 3694 ι
1003 3640 1258 3694 nimirum
1309 3639 1390 3690 vel
1443 3639 1801 3698 Chananaeos,
1852 3645 1907 3689 et

341 3737 635 3802 Chettaeos,
669 3743 726 3788 et
755 3733 1125 3796 Amorrharos,
1158 3739 1211 3783 et
1263 3731 1445 3783 hostes
1474 3726 1681 3797 populi,
1707 3737 1762 3781 et
1790 3742 1908 3778 orn-

346 3827 478 3882 nino
505 3826 710 3880 alienos
737 3867 752 3891 ,
783 3839 908 3878 cum
941 3823 1050 3877 illic
1077 3823 1242 3877 etiam
1291 3819 1471 3886 aliquo
1505 3819 1663 3872 modo
1695 3815 1906 3883 impleri

348 3931 528 3991 posset
579 3919 859 3988 prophetia
897 3918 1128 3972 dicens-z
1169 3933 1186 3966 ι
1223 3914 1392 3967 'l‘erra
1430 3922 1604 3966 vestra
1655 3911 1864 3965 deserta
1891 3947 1908 3971 ,

343 4013 598 4068 civitates
655 4019 850 4064 vestrm
916 4009 1023 4076 igni
1096 4019 1368 4060 succensa:
1423 4021 1438 4057 :
1497 4003 1669 4072 ipsam
1722 4000 1910 4070 regio-

346 4119 470 4160 nem
513 4112 745 4157 vestram
810 4115 990 4154 coram
1045 4099 1193 4152 vobis
1247 4096 1409 4150 alieni
1452 4097 1718 4149 devorant
1763 4092 1831 4145 ’⁸.
1883 4109 1903 4142 ι

346 4197 413 4252 Hi
454 4196 597 4250 enim
651 4203 776 4248 sunt
830 4192 921 4261 qui
963 4189 1238 4246 emlestem
1292 4187 1472 4242 Patris
1524 4187 1766 4251 domum,
1821 4182 1912 4238 Je-

353 4287 592 4343 rusalem
663 4293 907 4341 sanctam
955 4322 970 4349 ,
1027 4283 1244 4337 domum
1313 4279 1643 4349 precationis
1717 4277 1912 4345 inqui-

347 4389 536 4434 nantes
574 4417 591 4442 ,
641 4375 956 4448 speluncam
1031 4373 1195 4428 etiam
1269 4371 1516 4427 iecerunt
1579 4371 1849 4424 latronum
1891 4409 1906 4435 ,

2009 1904 2147 1960 κατὰ
2184 1905 2246 1958 τὸ
2279 1905 2667 1974 ἀφηνιαστικὺν
2701 1905 2793 1956 καὶ
2839 1904 3114 1974 φιλήδονον
3151 1904 3558 1975 γεγενημένους.

2007 1997 2071 2049 Et
2111 1997 2204 2049 καὶ
2241 1996 2314 2066 μὴ
2357 1997 2607 2066 εἰρήκασι
2644 1995 2698 2048 δέ
2736 1989 2877 2048 οῦτοι
2922 1997 3046 2058 τοὺς
3094 1995 3434 2066 προάγοντας
3459 1995 3558 2065 (78)

2009 2088 2101 2140 καὶ
2170 2085 2591 2149 ἀκολουθοῦντας
2660 2085 2876 2155 ὄχλους,
2937 2086 3036 2138 οὐκ
3095 2083 3360 2138 ἀπίθανόν
3425 2087 3559 2137 ἐστιν

2008 2181 2311 2252 ἐφαρμόσαι
2364 2180 2490 2242 τοὺς
2542 2179 2639 2250 μὲν
2673 2178 3008 2249 προάγοντας
3047 2178 3270 2230 Μωῦσεῖ
3318 2177 3412 2229 καὶ
3457 2178 3558 2238 τοῖς

2010 2272 2346 2342 προφήταις,
2403 2271 2526 2333 τοὺς
2577 2269 2632 2322 δέ
2679 2266 3172 2330 ἐπακολουθοῦντας
3233 2269 3351 2330 τοῖς
3409 2267 3558 2336 ἱεροῖς

2009 2363 2320 2426 ἀποστόλοις
2343 2379 2357 2392 ·
2393 2363 2587 2426 οἵτινες
2631 2361 2865 2424 ἅπαντες
2919 2361 3250 2431 εἰσέρχονται
3299 2361 3378 2422 εἰς
3418 2358 3558 2410 ποίαν

2021 2454 2380 2526 Ἱεροσόλυμα,
2443 2455 2564 2507 ὅσον
2615 2453 2754 2506 κατὰ
2812 2449 2996 2506 τοῦτον
3051 2451 3140 2504 τὸν
3198 2451 3357 2519 λόγον
3409 2449 3559 2521 ζητη-

2008 2547 2146 2614 τέον,
2206 2549 2298 2600 καὶ
2354 2543 2498 2600 οἷκον
2551 2546 2642 2599 τὸν
2694 2545 2802 2616 (79)
2861 2544 3050 2616 ἔχοντα
3107 2543 3424 2606 πωλοῦντας
3475 2543 3557 2594 καὶ

2009 2638 2374 2712 ἀγοράζοντας
2441 2638 2666 2702 πολλοὺς
2753 2636 3201 2706 ἐξελαυνομένους
3291 2633 3396 2687 ὑπὸ
3473 2631 3556 2684 τοῦ

2009 2730 2138 2784 Υίοῦ
2195 2729 2287 2782 τοῦ
2348 2728 2504 2783 Θεοῦ.
2564 2729 2673 2781 Καὶ
2725 2729 2865 2798 τάχα
2937 2731 2970 2798 ἡ
3020 2728 3130 2782 ἀνω
3194 2724 3555 2796 Ἰερουσαλὴμ,

2009 2825 2088 2886 είς
2140 2821 2205 2894 ἢν
2255 2819 2638 2874 ἀναϐιϐάσεται
2691 2823 2720 2873 ὁ
2774 2821 2994 2890 Κύριος,
3052 2817 3277 2888 ἡνιοχῶν
3337 2817 3454 2878 τοὺς
3503 2816 3558 2866 ἐκ

2009 2907 2325 2978 περιτομῆς,
2344 2909 2437 2962 καί
2455 2907 2622 2961 ἐθνῶν
2645 2907 3012 2969 πιστεύοντας,
3027 2906 3378 2976 προαγόντων
3393 2903 3556 2966 αὑτὸν,

2009 2999 2101 3050 καὶ
2131 2996 2581 3064 ἀκολουθούντων,
2615 2997 2733 3068 ἦτοι
2762 2995 3073 3068 προφητῶν,
3109 2998 3200 3050 καὶ
3237 2995 3556 3054 ἀποστόλων,

2008 3087 2040 3158 ἢ
2091 3087 2198 3138 τῶν
2248 3087 2634 3141 διακονούντων
2677 3088 2825 3162 αύτῴ
2881 3088 3126 3156 ἀγγέλων
3151 3088 3262 3156 (80)
3303 3087 3560 3156 (δύνανται

2007 3178 2115 3249 γὰρ
2142 3180 2233 3233 καὶ
2265 3179 2405 3232 οὕτω
2448 3179 2736 3250 δηλοῦσθαι
2780 3180 2888 3234 ἀπὸ
2935 3181 3044 3234 τῶν
3077 3180 3446 3252 προαγόντων,
3478 3181 3561 3232 καὶ

2007 3269 2434 3327 ἀκολουθούντων
2471 3270 2672 3342 uocor
2721 3271 2934 3340 λέγεται
2977 3272 3071 3325 νῦν
3104 3273 3136 3342 ἢ
3171 3267 3283 3343 εἶχε
3330 3271 3435 3343 πρὸ
3473 3271 3560 3340 τῆς

2007 3363 2192 3416 ἀνόδου
2223 3361 2384 3416 αὐτοῦ
2431 3362 2498 3415 τὰ
2535 3362 2798 3432 λεγόμενα
2835 3383 2854 3415 ι
2883 3364 3227 3434 πνευματικὰ
3265 3363 3369 3433 τῆς
3409 3379 3561 3429 πονη-

2011 3454 2129 3522 ρίας
2166 3455 2222 3508 ἐν
2255 3455 2365 3516 τοῖς
2412 3454 2769 3524 ἐπουρανίοις,
2799 3474 2816 3507 ι
2841 3455 2876 3525 ἦ
2903 3455 3029 3518 τοὺς
3072 3456 3432 3517 Χαναναίους,
3478 3453 3561 3505 καὶ

2007 3545 2318 3608 Χετταίους,
2350 3547 2441 3600 καὶ
2479 3547 2856 3616 Ἀμορραίους,
2895 3546 2988 3599 καὶ
3023 3549 3147 3611 τοὺς
3172 3547 3395 3610 λοιποὺς
3419 3546 3562 3599 πολε-

2011 3637 2166 3707 μίους
2208 3636 2300 3688 τοῦ
2349 3635 2497 3700 λαοῦ,
2541 3637 2636 3689 καὶ
2679 3634 3011 3702 ἁπαξαπλῶς
3064 3638 3188 3700 τοὺς
3235 3635 3560 3706 ἀλλοτρίους,

2008 3730 2171 3781 κάκεῖ
2208 3744 2322 3790 πως
2355 3727 2656 3797 δυναμένης
2685 3709 2784 3797 τῆς
2818 3727 3152 3797 προφητείας
3184 3723 3560 3796 πεπληρῶσθαι

2009 3818 2302 3889 λεγούσης·
2341 3837 2359 3870 ι
2394 3819 2458 3871 Ἠ
2491 3819 2561 3888 γῆ
2609 3819 2761 3888 ὑμῶν
2808 3818 3032 3889 ἕρημος,
3083 3818 3139 3870 αἱ
3188 3817 3374 3879 πόλεις
3423 3815 3562 3886 ὑμῶν

2010 3909 2382 3980 πυρίκαυστοι,
2431 3910 2531 3978 τὴν
2584 3909 2763 3980 χώραν
2795 3907 2945 3978 ὑμῶν
2989 3908 3215 3961 ἐνώπιον
3241 3907 3397 3977 ὑμῶν
3427 3906 3563 3959 ἀλλό-

2009 4018 2149 4070 τριοι
2191 3999 2564 4054 κατεσθίουσιν
2600 4001 2786 4069 αὑτήν.
2816 4018 2834 4051 ι
2875 3991 3032 4052 Οῦτοι
3062 3999 3170 4069 γάρ
3213 4001 3354 4051 εἰσιν
3396 3999 3447 4050 οἱ
3483 3998 3563 4048 τὸν

2009 4091 2258 4162 οὐράνιον
2289 4091 2381 4144 τοῦ
2429 4090 2640 4160 Πατρὸς
2670 4086 2836 4154 οἷκον,
2871 4090 2967 4161 τὴν
3006 4090 3165 4158 ἀγίαν
3204 4087 3560 4159 Ἰερουσαλὴμ.

2010 4184 2100 4236 τὸν
2127 4179 2273 4236 οἶκον
2305 4182 2402 4254 τῆς
2446 4184 2752 4255 προσευχῆς
2800 4183 3132 4253 μολύνοντες,
3173 4183 3268 4234 καὶ
3315 4180 3563 4250 σπήλαιον

2011 4275 2223 4349 λῃστῶν
2270 4277 2610 4346 ποιήσαντες,
2655 4277 2752 4328 οὐκ
2795 4274 3024 4344 ἄλλωνῆ
3054 4273 3285 4336 ἑαυτῶν,
3319 4272 3564 4342 ἀργύριον

2012 4367 2223 4459 ἔχοντες
2251 4365 2525 4436 ἀδόκιμον,
2563 4366 2654 4418 καὶ
2689 4365 2917 4429 διδόντες
2946 4364 3184 4428 ὀϐολοὺς,
3216 4365 3311 4418 καὶ
3348 4361 3562 4415 κόλλυϐα

350 4487 455 4526 non
491 4470 722 4524 aliorum
749 4482 909 4537 quam
938 4467 1017 4520 sui
1069 4465 1326 4534 ipsorum,
1358 4464 1449 4532 qui
1497 4471 1781 4530 argentum
1810 4460 1911 4513 ba-

2093 4452 2489 4528 ξπροσιοῦσιν,
2537 4456 2726 4527 εὐτελῆ
2777 4457 2869 4508 καὶ
2907 4455 3356 4526 εὐκαταφρόνητα
3389 4452 3560 4524 νομίσ-

348 4563 477 4616 bent
505 4560 886 4622 adulteratum,
919 4557 1110 4610 dantes
1157 4553 1539 4607 accedentibus
1585 4550 1774 4605 obolos
1804 4590 1820 4615 ,
1856 4559 1909 4603 et

349 4653 581 4723 collyba,
613 4652 736 4704 vilia
765 4661 819 4704 et
851 4645 1275 4715 contemptibilia
1305 4645 1652 4696 mnnismata.
1691 4639 1754 4694 lli
1784 4647 1911 4692 sunt

348 4743 443 4812 qui
470 4744 595 4798 dum
625 4757 745 4795 cum
791 4741 1078 4794 animabus
1129 4740 1418 4799 luctantur,
1472 4731 1789 4800 pretiosiora
1843 4731 1910 4784 ab

351 4836 458 4890 illis
518 4832 766 4888 auferunt
831 4831 1318 4900 depraadanturqne
1373 4823 1789 4894 praestantiora,
1850 4829 1912 4873 ut

351 4932 482 4986 dent
511 4943 575 4982 ea
603 4941 722 4996 qua:
756 4924 959 4978 nullius
989 4932 1118 4977 sunt
1160 4920 1340 4990 pretii.
1375 4918 1629 4971 Attamen
1682 4914 1909 4982 protecti

350 5018 602 5089 discipuli
639 5017 918 5071 inveniunt
947 5016 1155 5070 asinam
1192 5013 1466 5081 alligatam
1497 5048 1512 5073 ,
1565 5017 1620 5062 et
1651 5022 1757 5061 non
1807 5007 1906 5060 ha-

354 5113 571 5168 bentem
601 5107 812 5172 Jesum,
846 5114 1064 5174 propter
1092 5104 1404 5170 impositum
1432 5099 1534 5169 legi
1563 5097 1828 5161 velamen,
1859 5104 1913 5151 et

352 5207 585 5265 solvunt.
616 5199 756 5268 Quin
783 5199 1055 5252 invenitur
1080 5206 1135 5250 et
1163 5194 1340 5263 pullus
1365 5207 1486 5248 cum
1521 5203 1583 5244 ea
1609 5206 1624 5244 ι
1653 5189 1908 5257 quoniam

353 5311 588 5368 utraque
617 5302 742 5348 ante
771 5291 955 5345 Jesum
978 5288 1255 5357 perierant
1283 5302 1298 5339 :
1325 5283 1450 5339 dico
1477 5292 1656 5336 autem
1685 5289 1793 5334 tam
1817 5295 1912 5334 eos

423 5415 468 5448 ”
505 5413 701 5483 Ephcs.
737 5424 812 5472 vt,
844 5405 930 5461 12.
1025 5404 1070 5435 ⁸⁸
1105 5403 1226 5458 lsai.
1258 5417 1298 5466 ι,
1328 5400 1382 5454 7.

445 5503 536 5574 ’76)
563 5503 743 5574 Codex
767 5497 987 5574 Regius,
1018 5495 1227 5574 είκασε,
1256 5491 1414 5546 male.

449 5567 1131 5646 ψιξιεεηνεὺτάςςιιιειιξ-
1309 5631 1319 5646 .
1550 5632 1605 5646 ..
1717 5631 1739 5646 ρ

428 5632 539 5710 (78)
565 5632 744 5696 Codex
773 5639 971 5708 Regius
989 5677 1005 5701 ,
1036 5635 1160 5696 τοὺς
1190 5632 1526 5710 προάγοντας
1550 5632 1755 5710 Μωσεῖ,
1782 5639 1913 5710 εις..

358 5700 543 5778 sicque
570 5710 734 5763 multa
761 5700 940 5764 omisit
972 5700 1093 5776 quae
1143 5719 1209 5759 ex
1237 5700 1559 5756 Bodleiano
1593 5702 1780 5755 codice
1829 5700 1917 5751 hic

362 5781 730 5835 restituuntur.

2020 4567 2181 4621 ματα.
2223 4545 2380 4602 Οὗτοί
2435 4550 2570 4602 εἰσιν
2607 4549 2656 4601 οἱ
2695 4547 3054 4618 λαμϐάνοντες
3092 4547 3197 4600 ἀπὸ
3241 4545 3346 4599 τῶν
3371 4544 3560 4614 ψυχῶν,

2015 4643 2073 4694 ἐν
2103 4641 2176 4712 τῷ
2203 4641 2449 4694 παλαίειν
2478 4641 2685 4703 αὐταῖς,
2719 4639 2786 4692 τά
2815 4637 3134 4708 τιμιώτερα,
3165 4637 3258 4690 καὶ
3293 4635 3481 4688 συλῶσι
3505 4632 3562 4684 τά

2017 4731 2316 4804 κρείττονα,
2331 4733 2416 4791 ἵνα
2431 4731 2560 4785 δῶσι
2575 4731 2642 4784 τὰ
2661 4729 2884 4802 μηδενὸς
2900 4728 3043 4792 ἀξια.
3063 4728 3206 4798 Πλὴν
3227 4726 3562 4800 πορευθέντες

2015 4825 2064 4876 οἱ
2090 4823 2326 4895 μαθηταὶ
2356 4823 2665 4893 εὑρίσκουσι
2684 4821 2780 4892 τὴν
2801 4820 3087 4891 δεδεμένην
3111 4820 3250 4882 ὄνον,
3280 4820 3372 4872 καί
3393 4816 3559 4871 λύουσι

2016 4915 2104 4968 διὰ
2147 4916 2209 4968 τὸ
2249 4917 2590 4986 ἐπικείμενον
2633 4914 2895 4984 κάλυμμα
2932 4911 3008 4982 τῷ
3046 4911 3194 4981 νόμῳ
3245 4909 3445 4981 Ἰησοῦν
3473 4907 3560 4958 οὐκ

2015 5006 2272 5076 ἔχουσαν·
2304 5008 2397 5060 καὶ
2447 5009 2475 5060 ὁ
2520 5005 2695 5068 πῶλος
2739 5003 2795 5056 δέ
2839 5001 2956 5072 μετ’
3005 5001 3174 5071 αὐτῆς
3228 4999 3552 5070 εὑρίσκεται·

2017 5098 2140 5151 ἐπεὶ
2167 5099 2452 5169 ἀμφότερα
2477 5097 2582 5169 πρὸ
2624 5095 2798 5166 Ἰησοῦ
2833 5094 2943 5165 (81)
2967 5089 3034 5164 ἦν
3071 5091 3406 5146 ἀπολωλότα·
3433 5086 3558 5153 λέγω

2017 5189 2074 5242 δὲ
2105 5192 2153 5243 oi
2191 5191 2256 5243 ἐκ
2289 5189 2607 5261 περιτομῆς,
2647 5188 2738 5241 καὶ
2771 5189 2819 5239 οἱ
2868 5185 2973 5239 ἀπὸ
3005 5184 3112 5237 τῶν
3144 5181 3309 5236 ἐθνῶν
3355 5179 3558 5246 ὕστερον

2020 5282 2425 5346 πιστεύσαντες.
2460 5283 2584 5345 Πῶς
2610 5280 2666 5335 δὲ
2696 5274 2838 5333 οῦτοι
2866 5277 3024 5340 εὐθὺς
3048 5275 3206 5330 πάλιν
3233 5269 3559 5328 ἀποστέλλονα

2093 5487 2205 5569 (Ἶθ)
2235 5485 2344 5540 Καὶ
2375 5481 2544 5538 οἷκον
2573 5484 2699 5536 τόν.
2746 5480 2868 5536 lla'c
2897 5479 3268 5534 desiderantur
3298 5475 3349 5528 in
3384 5469 3558 5526 codice

2025 5559 2208 5696 “8:38.85
2235 5627 2414 5682 Codex
2450 5624 2670 5694 Regius,
2703 5621 2795 5696 ἀπ’
2819 5618 3085 5696 ἀγγέλων,
3116 5615 3272 5696 male.

2096 5687 2208 5769 (8i)
2239 5697 2381 5751 Idem
2413 5687 2602 5762 code},
2639 5692 2773 5763 πρὸς
2819 5687 3043 5760 Ἰησοῦν,
3073 5687 3230 5740 male.
