3702 6142
117 371 214 426 501

1226 369 1579 426 COMMENT.
1628 367 1691 420 IN
1733 365 1922 422 JOAN.
1968 369 2205 425 TUMUS
2244 370 2312 425 Χ.
3273 372 3378 424 369

117 509 206 546 ται
239 491 372 557 μετά
401 491 464 545 τὺ
500 492 932 547 ἐπικαθεσθέντα
960 491 1052 547 τὸν
1097 491 1303 564 Ἰησοῦν
1325 494 1404 557 είς
1434 493 1501 546 τά
1542 493 1579 545 ’1

1935 508 2000 545 ex
2055 493 2479 548 circumcisione
2528 507 2688 563 qttam
2738 506 2831 546 eos
2864 499 2955 562 qui
3007 507 3071 547 cx
3129 493 3378 562 gentibus

118 584 324 654 σόλυμα
367 583 787 654 ἀναϐεϐηκέναι,
820 586 921 639 οὐκ
951 585 1233 640 ἀκίνδυνον
1274 587 1466 649 εἰπεῖν,
1509 603 1696 656 μυστι-

115 675 214 728 κδν
247 675 355 746 γὰρ
390 675 648 746 ἐχόμενον
677 676 777 747 τῆς
809 677 937 748 περὶ
970 676 1077 730 τῶν
1114 677 1284 746 ἁγίων
1318 678 1396 740 είς
1434 676 1696 746 ἀγγέλους

117 767 447 838 μεταϐολῆς,
475 767 1023 838 ἀποσταλησομένους
1058 768 1199 822 κατὰ
1221 769 1312 823 τὸν
1343 770 1478 840 μετά
1511 768 1696 823 τοῦτον

113 859 313 918 αἰῶνα.
347 858 748 931 παραπλησίως
779 860 893 922 τοῖς
921 861 1004 922 εἰς
1031 857 1302 913 διακονίαν
1328 859 1696 932 ἀποσταλησο-

115 950 304 1022 μένοις
323 949 721 1022 λειτουργικοῖς
745 949 1015 1021 πνεύμασι
1034 949 1122 1004 διὰ
1142 952 1268 1015 τοὺς
1289 951 1426 1006 κατά
1442 969 1505 1021 γε
1524 952 1696 1007 ταῦτα

114 1043 417 1114 μέλλοντας
433 1045 784 1116 κληρονομεῖν
809 1042 954 1114 ζωὴν
974 1042 1208 1099 αἰώνιον.
1228 1045 1290 1098 Εἰ
1312 1045 1369 1098 δὲ
1395 1047 1427 1116 ή
1459 1045 1578 1108 ὄνος
1605 1045 1698 1099 καὶ

109 1137 140 1188 6
174 1135 361 1199 πῶλος
390 1135 463 1189 τά
495 1135 698 1189 παλαιά
730 1135 822 1188 καὶ
852 1136 920 1190 τὰ
956 1136 1115 1190 καινὰ
1151 1136 1234 1208 εἴη
1263 1136 1586 1208 γράμματα,
1615 1131 1696 1200 οἷς

107 1229 138 1281 6
162 1227 344 1297 Λόγος
383 1229 588 1300 ὀχεῖται
617 1228 711 1282 τοῦ
741 1227 897 1294 Θεοῦ,
939 1231 1000 1283 ού
1045 1230 1184 1284 πάνυ
1213 1248 1263 1283 τι
1288 1230 1518 1301 χαλεπὸν
1546 1229 1696 1283 ἔσται

109 1319 474 1390 παραστῆσαι
509 1320 626 1383 πῶς
655 1320 1074 1375 ἀποστέλλονται
1103 1320 1196 1375 τοῦ
1220 1322 1394 1391 Λόγου
1429 1323 1487 1376 ἐν
1516 1325 1698 1386 αὐτοῖς

109 1413 403 1482 φανέντος,
438 1414 496 1466 οὐ
533 1412 600 1485 [Ῑ.
632 1413 775 1487 οὐδὲ]
820 1415 1036 1486 μένουσι
1066 1416 1205 1486 μετὰ
1239 1417 1299 1469 τὸ
1332 1416 1591 1470 εἰσελθεῖν
1618 1421 1698 1482 είς

121 1505 482 1577 Ἱεροσόλυμα
516 1507 606 1560 τὸν
638 1507 808 1576 Λόγον
837 1510 895 1562 έν
920 1512 1030 1574 τοῖς
1058 1510 1460 1582 ἀποϐεϐληκόσι
1490 1513 1697 1577 πάντας

109 1600 245 1663 τοὺς
279 1599 624 1664 πωλοῦντας,
661 1600 755 1653 καί
803 1601 1170 1672 ἀγοράζοντας
1207 1604 1515 1675 λογισμούς.
1557 1605 1698 1674 Ἐγὼ

107 1691 167 1744 δὲ
188 1685 352 1762 οἶμαι
382 1692 457 1763 μὴ
491 1693 666 1764 μάτην
697 1692 886 1766 κώμην
912 1711 970 1748 τε
1001 1691 1138 1748 εἶναι
1166 1696 1256 1748 τὸν
1287 1697 1448 1751 τόπον
1483 1697 1698 1764 τοῦτον,

108 1786 250 1838 ὅπου
291 1781 361 1856 ἦν
401 1787 435 1856 ὴ
478 1785 734 1857 δεδεμένη
779 1787 919 1850 ὄνος,
953 1788 1047 1842 καὶ
1081 1789 1109 1840 6
1157 1789 1354 1854 πῶλος,
1400 1791 1494 1844 καὶ
1541 1791 1699 1844 τοῦτο

108 1875 403 1947 ἀνώνυμον
424 1895 436 1906 ·
474 1877 633 1948 κώμη
658 1877 766 1950 γὰρ
792 1879 865 1942 ὡς
899 1879 1036 1951 πρὸς
1077 1880 1168 1933 τὸν
1198 1883 1255 1933 ὲν
1280 1882 1493 1954 οὐρανῷ
1525 1884 1700 1938 πάντα

110 1969 326 2041 κόσμον
369 1971 403 2042 ἡ
438 1971 588 2024 πᾶσά
630 1973 746 2025 ἐστι
787 1972 882 2043 γῆ,
929 1974 1060 2027 ὅπου
1112 1975 1279 2037 ἐστὶν,
1316 1977 1346 2046 ἡ
1382 1976 1698 2048 δεδεμένηή

107 2061 238 2125 δνος
282 2063 379 2115 καὶ
422 2065 451 2115 6
503 2061 710 2126 πῶλος”
754 2063 846 2114 καὶ
895 2063 928 2134 ὴ
983 2062 1141 2134 κώμη
1197 2065 1484 2134 αὐτάρκως
1533 2067 1700 2135 χωρὶς

108 2156 442 2228 προσθήκης
464 2158 646 2228 ἐτέρου
671 2157 930 2228 ὀνόματος
956 2157 1286 2229 καλουμένη.
1323 2159 1455 2211 Ἀπὸ
1484 2158 1701 2230 Βηθφα-

109 2251 226 2320 γῆς
252 2249 311 2304 δὲ
358 2251 386 2303 6
428 2249 702 2313 Ματθαίός
733 2267 894 2320 φησιν
929 2249 1347 2304 ἀποστέλλεσθαι
1373 2253 1498 2316 τοὺς
1525 2269 1702 2322 παρα-

108 2345 464 2418 ληψομένους
507 2343 606 2414 τὴν
636 2344 758 2397 ὄνον
792 2345 886 2397 καὶ
932 2344 1026 2398 τὸν
1068 2344 1263 2409 πῶλον,
1293 2345 1415 2416 ἥτις
1444 2345 1607 2409 τόπος
1632 2341 1700 2417 ἦν

109 2437 418 2510 ἱερατικδς,
502 2429 675 2500 Οἶκος
709 2436 1012 2504 σιαγόνων
1091 2436 1537 2508 ἑρμηνευόμενος.
1591 2439 1700 2493 Καὶ

109 2528 294 2582 ταῦτα
341 2528 440 2598 μὲν
469 2526 611 2581 κατὰ
653 2529 880 2598 δύναμιν
923 2529 1001 2591 εἰς
1047 2527 1115 2579 τὰ
1155 2527 1304 2597 παρὰ
1329 2525 1406 2597 τῷ
1437 2525 1699 2597 Ματθαίῳ

110 2623 362 2685 λεκτέον,
387 2621 482 2675 τοῦ
507 2621 799 2694 ὁλοκλήρου
827 2621 918 2674 καὶ
946 2619 1095 2690 παρά
1118 2619 1289 2673 ταῦτα
1310 2619 1698 2690 ἀκριϐεστέρου

109 2715 280 2782 λόγου
336 2714 749 2786 εὐκαιρότερον,
802 2715 930 2766 ὅταν
980 2713 1060 2776 είς
1112 2712 1172 2764 τὸ
1222 2710 1363 2764 κατά
1422 2711 1699 2765 Ματθαῖον

109 2809 254 2878 ἡμῖν
285 2806 464 2874 λέγειν
500 2805 646 2876 δοθῇ,
669 2805 1082 2877 λεχθησομένου.
1123 2805 1181 2858 '0
1213 2804 1269 2857 δὲ
1300 2804 1524 2878 Μάρκος
1551 2803 1645 2857 καὶ
1671 2804 1699 2854 6

110 2901 335 2962 Λουκᾶς
363 2898 538 2952 πῶλον
564 2898 863 2968 δεδεμένον,
890 2898 972 2966 ἐφ’
995 2897 1052 2952 ὃν
1079 2896 1252 2961 οὐδείς
1285 2915 1370 2949 πω
1401 2895 1699 2966 ἀνθρώπων

109 2988 398 3051 ἐκάθισεν,
443 2987 708 3058 εὑρῆσθαί
753 3005 884 3058 φησι
930 2987 1070 3041 κατὰ
1113 2987 1211 3060 τὴν
1261 2984 1554 3060 πρόσταξιν
1605 2985 1698 3038 τοῦ

107 3081 327 3152 Κυρίου
359 3082 464 3134 ὑπὸ
488 3080 598 3134 τῶν
641 3079 734 3133 δύο
766 3079 1040 3151 μαθητῶν,
1075 3080 1254 3133 ὅντινα
1285 3079 1541 3142 λύσαντες
1567 3079 1701 3148 ἠγα-

1802 593 1984 651 postea
2053 585 2428 640 crediderunt.
2493 582 2693 638 Verum
2755 586 3036 640 enimvero
3105 587 3380 655 quomodo

1803 690 1924 730 mox
1960 692 2146 731 rursus
2180 678 2232 732 hi
2274 678 2584 742 mittuntur,
2612 688 2889 747 postquam
2923 679 3159 734 insidens
3211 675 3383 732 asinae

1805 766 2070 822 Dominus
2117 766 2514 838 Jerosolymam
2565 771 2851 835 ascendit,
2887 771 2990 825 dici
3047 786 3150 825 non
3199 787 3380 847 potest

1802 863 1920 918 sine
1978 863 2244 932 periculo,
2297 878 2386 918 res
2423 864 2623 935 alioqui
2663 865 2887 936 mystica
2916 905 2931 930 ,
2985 874 3038 917 et
3083 864 3374 934 coniuncta

1804 954 2444 1018 mutationisanctorum
2480 957 2533 1010 in
2569 958 2794 1026 angelos
2843 955 3134 1011 mittendos
3184 957 3235 1009 in
3288 955 3373 1009 fu-

1805 1060 1926 1106 turo
1955 1050 2172 1114 saeculo,
2208 1050 2434 1120 perinde
2460 1057 2622 1120 atque
2654 1049 2730 1104 illi
2777 1047 3233 1103 adtniuistratorii
3266 1049 3377 1118 spi-

1805 1142 1943 1197 ritus
1969 1142 2038 1208 “,
2071 1143 2162 1212 qui
2214 1142 2502 1196 mittuntur
2549 1141 2601 1196 in
2639 1141 2996 1196 ministerium
3046 1154 3232 1194 eorum
3282 1142 3373 1208 qui

1804 1234 2176 1289 [nereditatem
2231 1234 2529 1289 sortientur
2559 1235 2681 1288 vitae
2715 1243 2932 1288 aeterna:
2965 1245 3186 1303 propter
3236 1235 3370 1289 htec.

1804 1323 1954 1389 Quod
2006 1325 2050 1378 si
2109 1324 2258 1376 asina
2315 1333 2369 1378 et
2429 1321 2603 1390 pullus
2657 1321 2851 1374 litterae
2883 1331 3100 1374 veteres
3134 1331 3188 1373 et
3220 1333 3374 1373 nova:

1804 1426 1971 1480 sunt,
2018 1416 2212 1485 quibus
2244 1414 2436 1469 Sermo
2466 1414 2553 1468 ille
2604 1414 2694 1468 Dei
2732 1414 2966 1476 vehitur,
3009 1413 3148 1466 haud
3183 1413 3374 1467 admo-

1805 1509 1929 1565 dum
1964 1508 2182 1564 diliicile
2220 1506 2380 1560 fuerit
2409 1507 2696 1560 ostendere
2720 1547 2734 1570 ,
2786 1516 3070 1576 postquam
3117 1505 3378 1560 insederit

1805 1616 1966 1670 super
1996 1601 2103 1654 illis
2144 1599 2358 1665 Sermo,
2385 1610 2439 1654 et
2468 1609 2751 1668 postquam
2788 1599 3064 1667 ingressus
3090 1597 3253 1652 fuerit
3280 1596 3375 1652 Je-

1807 1693 2156 1764 rosolymam,
2216 1693 2488 1760 quomodo
2541 1690 2888 1744 remittantur
2935 1705 3040 1744 non
3097 1702 3377 1743 manentes

1808 1789 1953 1842 inter
1988 1801 2082 1842 eos
2131 1785 2222 1857 qui
2271 1786 2546 1856 eiecerunt
2594 1799 2624 1838 a
2676 1799 2736 1838 se
2782 1783 3138 1853 cogitationes
3185 1797 3376 1838 omnes

1804 1880 2100 1934 vemlentes
2147 1889 2201 1931 et
2234 1886 2498 1933 ementes.
2533 1875 2788 1931 Arbitror
2825 1891 2954 1931 vero
2983 1889 3083 1944 ego
3111 1891 3217 1928 non
3256 1874 3372 1928 frn—

1803 1983 1912 2026 stra
1952 1973 2115 2027 etiam
2150 1971 2352 2036 vicum,
2381 1984 2611 2040 eumque
2636 1970 2755 2023 sine
2785 1971 3020 2029 nomine.
3053 1984 3171 2023 esse
3192 1969 3372 2023 locum

1803 2066 1972 2130 hunc,
2003 2064 2092 2118 ubi
2120 2063 2333 2132 alligata
2367 2064 2516 2117 asina
2561 2072 2679 2116 erat
2709 2071 2762 2114 et
2793 2061 2989 2130 pullus.
3030 2059 3193 2114 Vicus
3227 2061 3371 2115 enim

1803 2157 2212 2225 comparatione
2270 2157 2437 2210 totius
2467 2164 2716 2215 ornatus.
2748 2155 2838 2223 qui
2871 2162 2953 2207 est
2977 2153 3030 2206 in
3063 2152 3222 2214 coelo,
3256 2153 3376 2204 uni-

1803 2265 1959 2304 versa
1990 2263 2075 2304 e5t
2106 2258 2272 2314 terra,
2309 2247 2396 2302 ubi
2425 2256 2506 2303 est
2549 2246 2768 2316 alligata
2799 2247 2949 2300 asina
2979 2254 3033 2299 et
3065 2244 3240 2314 pullus
3275 2260 3290 2297 :
3323 2252 3379 2296 et

1803 2346 1956 2400 vicus
1990 2352 2284 2399 contentus
2316 2343 2499 2397 vocari
2549 2342 2753 2410 absque
2803 2340 3102 2408 adiectione
3147 2337 3376 2394 alterius

1803 2437 2062 2492 nominis.
2096 2437 2136 2489 Α
2170 2434 2482 2505 Bethphage
2507 2450 2636 2490 vero
2666 2433 2950 2488 Matthaeus
2972 2433 3148 2500 inquLt
3173 2430 3216 2462 ⁵⁷
3245 2430 3376 2484 mis-

1802 2543 1890 2583 sos
1921 2526 2076 2597 192
2111 2525 2297 2590 fuisse,
2328 2526 2418 2594 qui
2451 2531 2790 2579 assumereut
2821 2522 3027 2575 asinam
3060 2530 3113 2574 et
3147 2517 3373 2589 pullum.

1808 2620 1952 2676 Sane
1983 2621 2098 2675 haec
2129 2619 2440 2688 Bethphage
2491 2617 2643 2671 locus
2690 2625 2776 2671 est
2804 2612 3178 2679 sacerdotalis,
3211 2627 3372 2683 quem

1802 2712 1846 2766 si
1920 2711 2296 2780 interpreteris
2325 2750 2341 2775 ,
2394 2723 2592 2763 vocare
2635 2709 2813 2778 possis
2862 2707 3075 2760 domum
3123 2706 3375 2759 maxilla-

1803 2818 1940 2856 rum.
1977 2801 2043 2854 Et
2072 2801 2187 2855 haec
2209 2799 2426 2870 quidem
2461 2797 2768 2862 habuimus,
2819 2809 2940 2865 quae
2984 2793 3375 2848 dissereremus

1803 2912 1900 2966 pro
1930 2893 2072 2950 virili
2107 2894 2174 2947 de
2206 2893 2293 2948 his
2337 2907 2457 2962 quae
2487 2901 2613 2945 sunt
2665 2889 2806 2960 apud
2856 2874 3167 2940 Matthteum
3199 2901 3216 2950 ;
3255 2885 3374 2953 ple-

1802 2991 2009 3044 niorem
2061 2995 2225 3055 atque
2283 2983 2676 3038 accuratiorem
2733 2993 3042 3036 sermonem
3103 2974 3371 3039 habituri,

1803 3084 1946 3137 nacti
1966 3079 2389 3136 commodiorem
2409 3074 2755 3130 occasionem
2777 3070 3170 3142 interpretandi
3198 3070 3374 3124 Evan-

105 3192 217 3242 γον
253 3173 392 3245 πρὸς
422 3173 514 3226 τὸν
563 3172 786 3244 Κύριον.
842 3171 1172 3244 Προστίθησι
1201 3172 1256 3225 δὲ
1284 3173 1312 3224 6
1339 3173 1564 3244 Μάρκος

1911 3189 1997 3227 um
2023 3188 2052 3226 a
2085 3170 2337 3224 Mattha'o
2372 3168 2650 3222 traditum.
2681 3167 2755 3220 At
2784 3165 2998 3219 Marcus
3027 3173 3081 3218 et
3111 3162 3289 3217 Lucas
3322 3161 3367 3193 "

110 3264 280 3338 εὗρον
319 3267 413 3319 τὸν
453 3266 629 3319 πῶλον
656 3265 937 3336 δεδεμένον
967 3265 1104 3338 πρὸς
1131 3263 1299 3336 θύραν
1329 3264 1432 3330 ἔξω
1482 3266 1573 3319 ἐπὶ
1604 3265 1698 3319 τοῦ

109 3359 388 3429 ἀμεξόδου.
433 3359 529 3420 Τίς
579 3359 634 3412 δὲ
685 3358 819 3424 Egeo;
849 3360 898 3410 οἱ
933 3357 1040 3410 ἀπὸ
1084 3357 1192 3410 τῶν
1234 3357 1424 3421 ἐθνῶν,
1465 3359 1514 3411 οἳ
1559 3353 1700 3429 ἦσαν

116 3446 268 3512 ξένοι
302 3445 410 3498 τῶν
453 3447 758 3518 Διαθηκῶν,
792 3447 882 3500 καὶ
916 3447 1182 3518 ἀλλότριοι
1240 3448 1335 3517 τῆς
1368 3447 1700 3516 ἐπαγγελίας

109 3538 214 3591 τοῦ
240 3537 400 3599 Θεοῦ,
444 3538 536 3591 ἐπὶ
564 3538 658 3592 τοῦ
699 3541 964 3608 ἀμφόδου,
998 3541 1091 3593 καὶ
1123 3540 1243 3610 οὐχὶ
1289 3539 1392 3592 ὑπὸ
1435 3539 1632 3609 στέγην
1664 3539 1698 3610 ἦ

111 3630 303 3682 οἰκίαν
324 3630 744 3701 ἀναπαυόμενοι,
766 3631 1033 3702 δεδεμένοι
1060 3633 1181 3694 ταῖς
1207 3630 1362 3694 ίδίαις
1385 3630 1697 3702 ἁμαρτίαις,

116 3723 220 3776 καὶ
250 3723 498 3792 λυόμενοι
526 3724 628 3777 ὑπὸ
667 3725 766 3795 τῆς
809 3725 1211 3797 προειρημένης
1254 3724 1447 3794 διπλῆς
1481 3724 1702 3793 ἐπιστή-

121 3834 235 3887 μης
257 3815 366 3869 τῶν
411 3817 582 3880 Ἰησοῦ
609 3818 920 3890 γνωρίμων.
954 3818 1017 3871 Ol
1048 3817 1104 3870 δὲ
1135 3817 1325 3887 δεσμοὶ
1357 3815 1450 3870 τοῦ
1480 3816 1701 3887 δεδεμέ-

117 3927 215 3962 νου
248 3909 452 3977 πώλου,
483 3911 576 3964 καὶ
609 3913 664 3964 αί
711 3911 976 3984 ἁμαρτίαι
1020 3912 1147 3981 περὶ
1187 3911 1295 3980 (ὃὲ)
1324 3911 1412 3964 τὸν
1447 3910 1574 3980 ὐγιῆ
1608 3927 1699 3978 γε-

117 4003 421 4074 γενημέναι
448 4003 605 4073 λόγον
635 4003 986 4074 ἐλεγχόμεναι
1017 4005 1108 4057 ὑπ’
1136 4002 1325 4067 αὐτοῦ,
1357 4003 1527 4074 θύρας
1569 4021 1699 4072 τυγ-

119 4096 380 4164 χάνοντος
405 4093 568 4166 ζωῆς,
601 4096 735 4167 πρὸς
760 4096 974 4167 ἐκείνην
1005 4093 1147 4165 λέγω
1177 4095 1241 4166 δὴ
1271 4096 1370 4166 τῆς
1401 4094 1570 4166 θύρας
1588 4091 1695 4166 (85)

119 4183 265 4256 ἦσαν
295 4189 395 4241 οὐκ
421 4187 587 4250 ἔνδον,
617 4186 731 4240 ἀλλ’
760 4187 894 4252 ἔξωο
927 4188 1069 4258 τάχα
1095 4187 1202 4259 γὰρ
1234 4186 1378 4239 ἔνδον
1410 4187 1508 4257 τῆς
1531 4185 1698 4258 θύρας

121 4280 326 4351 δεσμὸς
350 4279 599 4348 γενέσθαι
639 4280 738 4350 τῆς
783 4281 979 4344 κακίας
1029 4281 1090 4333 οὐ
1125 4279 1366 4333 δύναται.
1407 4280 1698 4350 Ἐστήκασι

122 4373 182 4426 δέ
224 4391 370 4436 τινες
415 4374 565 4444 παρὰ
613 4373 692 4444 τῷ
746 4374 1010 4445 δεδεμένῳ
1058 4372 1242 4444 πώλῳ,
1284 4373 1360 4437 ὡς
1412 4375 1440 4425 6
1473 4372 1700 4444 Μάρκος

125 4469 326 4538 φησιν,
375 4463 548 4537 οἶμαι,
579 4468 659 4522 ὅτι
703 4469 750 4521 οἱ
800 4468 1059 4539 δήσαντες
1106 4468 1303 4530 αὐτὸν,
1361 4468 1436 4530 ὡς
1487 4469 1699 4532 Λουκᾶς

122 4561 458 4632 ἀναγράφει,
502 4557 662 4615 εἶπαν
709 4563 756 4615 οί
799 4560 976 4633 κύριοι
1018 4560 1111 4614 τοῦ
1161 4559 1340 4613 πώλου
1385 4561 1520 4632 πρὸς
1570 4561 1696 4626 τοὺς

127 4651 396 4723 μαθητάς·
449 4653 552 4706 «Τί
596 4653 751 4706 λύετε
796 4653 887 4706 τὸν
939 4653 1188 4720 πῶλονς»
1238 4652 1431 4724 Κύριοι
1480 4655 1589 4725 γὰρ
1644 4655 1694 4707 οἱ

123 4745 511 4810 ὐποτάξαντες,
543 4747 636 4798 καὶ
662 4745 923 4815 δήσαντες
949 4745 1040 4798 τὸν
1066 4746 1442 4817 ἡμαρτηκότα,
1469 4747 1698 4818 παράνο-

125 4856 239 4908 μοι.
258 4838 454 4902 οἵτινες
477 4838 538 4891 οὐ
569 4837 820 4892 δύνανται
840 4837 1153 4908 ἀντιϐλέψαι
1177 4837 1254 4909 τῷ
1279 4837 1490 4909 ἀληθῶς
1505 4839 1696 4910 Κυρίῳ

121 4925 416 4995 ἁφέλκοντι
463 4926 556 4980 τοῦ
607 4925 808 4998 δεσμοῦ
859 4926 1036 4980 αὐτῶν
1073 4927 1164 4980 τὸν
1205 4926 1400 4981 πῶλον.
1441 4929 1560 4981 ’Ότι
1604 4925 1697 4984 οὖν

122 5036 290 5088 φασιν
317 5022 366 5073 οί
401 5019 668 5091 μαθηταί·
707 5038 726 5070 ι
767 5019 823 5071 ’0
864 5021 1064 5091 Κύριος
1096 5017 1260 5072 αὐτοῦ
1305 5018 1492 5089 χρείαν
1517 5019 1648 5089 ἔχει,
1673 5039 1690 5071 ι

125 5111 294 5182 μηδὲν
313 5112 646 5183 δυνηθέντων
665 5111 772 5165 τῶν
790 5110 1039 5182 πονηρῶν
1061 5111 1264 5182 κυρίων
1284 5109 1692 5182 ἀποκρίνεσθαι,

119 5204 316 5269 ἄγουσι
361 5203 496 5274 πρὸς
537 5203 628 5256 τὸν
681 5200 887 5272 Ἰησοῦν
915 5202 1006 5255 τὸν
1053 5201 1228 5256 πῶλον
1268 5201 1493 5272 γυμνὸν,
1539 5205 1697 5276 ὲπιῤ-

121 5295 374 5364 ῥίπτουσι
410 5295 504 5348 τὸν
531 5295 657 5348 ίδιον
687 5294 910 5364 κόσμον,
939 5295 1025 5348 ἵνα
1061 5297 1173 5358 τοῖς
1217 5293 1556 5366 ὲπιϐληθεῖσι
1587 5297 1694 5349 τῶν

121 5385 383 5456 μαθητῶν
423 5388 656 5459 ἱματίοις
687 5387 1122 5456 ὲπικαθεσθεὶςεό
1147 5386 1349 5456 Κύριος
1377 5387 1693 5458 ἀναπαύση-

113 5493 228 5530 ται.
251 5477 336 5531 Τὰ
351 5479 408 5533 δὲ
426 5480 587 5534 λοιπά
610 5481 675 5533 ὲκ
701 5479 809 5533 τῶν
832 5479 1133 5551 εἰρημένων
1161 5478 1310 5551 παρά
1337 5477 1414 5549 τῷ
1429 5478 1690 5552 Ματθαίῳ

227 5574 275 5606 ⁸⁸
309 5575 472 5634 llebr.
523 5593 560 5641 ι,
598 5577 688 5630 Η.
775 5576 822 5614 ⁵⁷
853 5575 1040 5630 Matth.
1075 5590 1199 5640 XXI,
1237 5575 1288 5640 l,
1315 5574 1374 5628 2.

116 5645 164 5678 °°
192 5643 353 5701 Joan.
388 5665 439 5714 ε,
469 5651 522 5705 9.

190 5743 308 5810 (89.)
331 5744 508 5797 Codex
537 5743 877 5806 Bodleianns,
921 5740 1047 5809 περί
1074 5757 1086 5769 ο
1119 5737 1319 5805 Regius
1341 5780 1355 5800 .
1385 5737 1556 5810 παρά.

188 5804 312 5883 (ὅῦ)
348 5813 459 5881 Τῆς
487 5817 691 5882 θύρας.
755 5804 1110 5866 Scribendum
1168 5804 1399 5874 videtur,
1446 5804 1544 5878 τὴν
1596 5804 1786 5876 θύραν.

365 5906 633 5966 Parnm.
680 5905 724 5965 G
739 5923 797 5966 lt.
836 5901 1007 5963 XIV.

1459 5575 1505 5606 ⁵⁸
1529 5575 1697 5636 Mare.
1736 5597 1813 5648 xi,
1850 5579 1908 5646 9.,
1943 5577 1998 5644 4,
2033 5575 2105 5646 7;
2140 5572 2270 5628 Luc.
2303 5585 2416 5636 nux,
2443 5567 2535 5636 ‘50,
2574 5565 2666 5633 52,
2694 5564 2785 5620 55.

1801 3267 2005 3338 pullum
2034 3262 2310 3334 alligatum
2336 3302 2352 3329 ,
2383 3273 2544 3328 super
2588 3272 2748 3328 quem
2789 3256 2966 3311 nullus
2995 3269 3230 3324 unquam
3267 3255 3368 3306 ho-

1801 3360 2006 3413 minum
2059 3355 2333 3418 sedisset,
2395 3360 2672 3422 repertum
2725 3348 2916 3404 dicunt
2955 3347 3107 3416 iuxta
3157 3344 3368 3400 Domini

1794 3452 2097 3522 iussionem
2125 3464 2155 3502 a
2185 3447 2396 3502 duobus
2439 3442 2720 3511 discipulis
2742 3483 2758 3508 ,
2790 3453 2949 3510 quem
3003 3437 3241 3494 solutum
3296 3437 3365 3489 ad

1801 3544 2087 3598 Dominum
2125 3538 2395 3593 duxerint.
2433 3534 2597 3590 Addit
2628 3541 2808 3588 autem
2840 3531 3057 3585 Marcus
3096 3537 3369 3598 repertum

1802 3636 2007 3706 pullum
2045 3632 2326 3704 alligatum
2379 3630 2446 3684 ad
2492 3629 2719 3698 ianuam
2777 3625 2910 3680 foris
2948 3625 3000 3679 in
3059 3625 3225 3679 bivio.
3263 3620 3369 3677 Sed

1800 3731 1921 3800 quis
1955 3728 2086 3782 l‘oris
2114 3735 2256 3796 erat,
2294 3723 2395 3779 nisi
2421 3721 2670 3795 gentiles,
2702 3720 2948 3776 extranei
2979 3733 3009 3772 a
3051 3716 3372 3772 Testamen-

1802 3825 1892 3886 tis,
1925 3831 1979 3876 et
2015 3819 2177 3875 alieni
2235 3834 2263 3872 a
2308 3815 2676 3889 promissione
2713 3814 2803 3868 Dei
2835 3813 2913 3879 l";
2959 3812 3010 3865 in
3043 3811 3214 3875 bivio,
3264 3826 3366 3863 non

1798 3919 1898 3973 sub
1934 3926 2076 3971 tecto
2105 3917 2334 3969 domore
2367 3912 2785 3982 acquiescentcs
2810 3948 2826 3972 ,
2866 3905 3104 3976 propriis
3134 3907 3371 3971 peccatis

1796 4007 1983 4067 vincti,
2017 4017 2070 4060 et
2103 4003 2262 4060 soluti
2292 4018 2322 4056 a
2349 4002 2608 4073 praedicta
2644 3998 2846 4066 duplici
2873 3996 3099 4052 scientia
3130 3995 3369 4048 familiae

1800 4099 1939 4152 rium
1991 4095 2166 4150 Jesu?
2219 4092 2445 4150 Vincula
2479 4107 2611 4147 vero
2660 4089 2897 4161 alligata:
2941 4087 3130 4152 asinae,
3157 4095 3217 4142 et
3251 4102 3372 4156 pec-

1799 4199 1918 4246 cata
1957 4188 2094 4242 facta
2153 4187 2299 4242 circa
2355 4200 2541 4239 sanam
2598 4184 2900 4238 doctrinam
2950 4181 3240 4250 redarguta
3301 4181 3371 4233 ab

1801 4283 1938 4351 ipso,
1975 4281 2065 4349 qui
2101 4289 2221 4333 erat
2263 4275 2432 4346 ianua
2464 4275 2589 4330 vitae
2620 4275 2689 4338 °°,
2723 4282 2970 4344 reSpectu
3023 4271 3167 4326 illius
3189 4270 3371 4340 iamne

1803 4375 1946 4436 vitae,
1979 4389 2083 4426 non
2129 4379 2284 4426 erant
2318 4371 2458 4422 intra
2490 4365 2735 4436 ianuam,
2777 4365 2870 4420 sed
2903 4364 3054 4418 foris.
3086 4361 3221 4416 Nam
3260 4361 3370 4414 for-

1803 4466 1967 4522 tassis
1997 4466 2135 4518 intra
2166 4461 2388 4532 ianuam
2437 4459 2550 4514 ﬁeri
2595 4457 2787 4526 nequit
2827 4455 3100 4509 vinculum
3147 4453 3369 4509 vitiosi-

1726 4541 1774 4597 Ῑ)
1800 4561 1951 4612 tatis.
1985 4555 2271 4610 Steterunt
2302 4560 2502 4616 autem,
2553 4558 2611 4603 nt
2658 4547 2872 4602 Marcus
2903 4544 3115 4607 scribit,
3149 4545 3370 4614 quidam

1806 4649 1948 4718 apud
2000 4645 2279 4715 alligatum
2329 4642 2573 4712 pullum,
2623 4639 2882 4694 nimirum
2921 4637 3014 4706 qui
3066 4637 3373 4707 ligaverunt

1805 4744 2003 4814 ipsum,
2041 4739 2170 4809 pulli
2208 4735 2433 4802 domini,
2466 4743 2526 4788 ut
2561 4731 2736 4788 Lucas
2764 4730 2977 4796 scribit,
3013 4729 3373 4798 dixeruntque

1805 4837 1873 4891 ad
1889 4832 2184 4902 discipulos
2214 4850 2227 4884 :
2263 4849 2282 4881 ‹
2309 4827 2416 4884 Cur
2443 4825 2643 4896 pullum
2671 4821 2918 4878 solvitis?
2940 4840 2958 4872 ι
2985 4819 3197 4875 Domini
3225 4818 3369 4872 enim

1806 4932 1896 5002 qui
1927 4928 2272 4998 subiecerant
2301 4931 2357 4978 et
2377 4921 2682 4992 ligaverant
2709 4925 3075 4985 peccatorein,
3119 4911 3295 4980 iniqui
3317 4920 3372 4964 et

1804 5001 2022 5092 exleges
2056 5026 2203 5081 sunt,
2235 5013 2327 5084 qui
2350 5011 2630 5080 respicere
2659 5014 2936 5075 nequeunt
2965 5004 3020 5057 in
3043 5001 3372 5092 verumADo-

1804 5088 2010 5168 minam
2039 5108 2358 5162 liberantem
2389 5099 2590 5171 pullum
2627 5113 2656 5151 a
2683 5095 2918 5151 vinculis
2937 5093 3198 5163 ipsorum.
3232 5088 3372 5156 Quo-

1805 5206 1950 5261 niam
1984 5214 2115 5270 ergo
2148 5196 2400 5265 inquiunt
2431 5188 2682 5261 discipuli
2717 5206 2734 5242 :
2775 5205 2795 5239 ι
2825 5186 3088 5240 Dominus
3116 5181 3209 5236 illo
3237 5194 3370 5270 opus

1805 5294 1993 5360 habet,
2033 5269 2071 5344 »ί
2090 5287 2223 5343 nihil
2255 5283 2564 5340 valentibus
2605 5279 2789 5350 pravis
2811 5276 3044 5333 dominis
3076 5269 3370 5340 responde-

1800 5406 1883 5453 re,
1916 5389 2125 5442 ducunt
2175 5381 2241 5437 ad
2291 5378 2470 5434 Jesum
2503 5375 2704 5446 pullum
2741 5373 2970 5434 nudum,
3021 5377 3079 5424 et
3121 5365 3371 5420 subster-

1799 5492 1933 5538 nunt
1957 5477 2230 5551 proprium
2258 5481 2657 5535 ornamentum,
2680 5478 2739 5524 ut
2769 5469 2985 5540 iniectis
3036 5459 3373 5516 vestimentis

2889 5562 2936 5596 "
2971 5559 3169 5630 Ephes.
3193 5571 3250 5618 tt.
3283 5559 3370 5614 1‘2.
