3702 6142
361 334 463 388 563
1825 345 2152 403 ORIGENIS

3468 352 3555 408 36’.

359 444 742 522 discipulorum
768 454 1010 514 insidens
1031 457 1186 516 Jesus
1215 461 1479 531 quiescat.
1510 462 1717 524 Caetera
1749 479 1812 519 ex

2121 467 2261 520 πάνυ
2295 484 2347 520 τι
2379 467 2533 521 ἔσται
2563 466 2771 538 ἀσαφῆ,
2803 467 2925 520 τίνα
2960 467 3162 540 τρόπον
3203 484 3221 518 ι
3243 466 3474 539 ἔρχονται
3494 475 3558 535 εἰς

356 559 476 613 quae
510 546 653 601 dicta
690 557 817 604 sunt
872 552 1012 620 apud
1049 552 1364 623 Matthacum
1396 596 1412 622 ,
1470 571 1573 610 non
1627 558 1918 613 admodum

353 635 581 691 obscura
641 652 800 695 erunt
834 657 850 694 :
890 657 1085 710 nempe
1136 661 1374 714 quonam
1425 657 1583 718 pacto
1640 668 1658 701 ι
1700 650 1922 704 veniunt

351 725 743 799 Jerosolymam
771 730 839 796 “,
865 742 921 787 et
949 733 1225 803 ingressus
1262 739 1312 790 iu
1341 738 1595 808 templum
1629 741 1795 811 «epit
1825 739 1922 809 eji-

354 834 480 875 cere
533 822 834 879 vendentes
908 833 964 879 et
1017 838 1260 883 ementes
1304 829 1357 883 in
1395 829 1634 900 templo:
1680 849 1699 882 ι
1737 831 1817 886 vel
1851 830 1917 896 ⁶²,

352 930 377 963 ‹
422 923 481 967 ut
513 915 992 986 appropinquavit,
1033 917 1263 975 intuitus
1310 921 1611 989 civitatem,
1649 925 1799 979 ﬂevit
1826 940 1918 980 su-

350 1017 450 1073 per
496 1004 675 1072 illam;
712 1023 944 1077 cumque
998 1009 1279 1079 ingressus
1312 1024 1459 1069 esset
1509 1015 1562 1069 in
1612 998 1868 1085 templum
1900 1057 1917 1083 ,

351 1099 521 1169 cmpit
548 1099 750 1169 ejicere
772 1100 1088 1161 vendentes.
1133 1123 1151 1155 ι
1189 1103 1245 1158 lu
1280 1104 1551 1175 aliquibus
1594 1108 1793 1162 etenim
1820 1109 1914 1162 lia-

346 1192 602 1246 ‘bentibus
644 1192 698 1247 in
743 1207 802 1247 se
829 1193 1111 1264 templum,
1148 1196 1295 1262 ejicit
1325 1213 1515 1253 onmes
1542 1201 1834 1256 vendentes
1863 1210 1918 1256 ct

348 1296 593 1343 ementes
626 1288 682 1343 in
733 1289 968 1358 templo;
1007 1289 1060 1343 in
1104 1290 1226 1345 aliis
1279 1307 1410 1347 vero
1462 1309 1567 1348 non
1624 1294 1914 1349 admodum

348 1378 666 1448 parentibus
713 1380 951 1434 sermoni
1002 1379 1117 1444 Dei,
1156 1392 1362 1436 tantum
1395 1385 1525 1439 l'ncit
1560 1385 1771 1439 initium
1811 1384 1910 1453 eji-

341 1469 523 1524 ciendi
582 1469 879 1524 vendentes
926 1479 981 1525 et
1038 1482 1309 1529 ementes.
1360 1472 1565 1529 Praeter
1627 1475 1726 1530 hos
1784 1490 1913 1530 vero

343 1570 475 1616 sunt
511 1564 671 1617 etiam
717 1564 883 1626 tertii,
933 1567 985 1618 in
1032 1567 1229 1635 quibus
1279 1569 1442 1636 cmpit
1468 1567 1664 1638 ejicere
1700 1579 1910 1623 tantum

346 1655 665 1718 vendentes.
705 1655 861 1726 193
895 1672 1001 1711 non
1031 1660 1192 1713 etiam
1230 1670 1494 1715 ementes.
1538 1660 1738 1716 Verum
1768 1663 1910 1730 apud

341 1746 604 1804 Joannem
656 1748 703 1781 ⁸³
752 1748 941 1806 omnes
984 1748 1272 1818 ejiciuntur
1307 1750 1519 1822 ﬂagello
1544 1767 1609 1807 ex
1656 1751 1911 1810 funiculis

2038 559 2401 632 Ἱεροσόλυμα,
2435 560 2530 615 καὶ
2573 558 2830 614 εἰσελθὼν
2869 560 2950 624 είς
2987 559 3049 612 τὸ
3085 558 3227 629 ἱερὸν
3264 559 3455 631 ἠρξατο
3486 564 3559 615 ἐκ-

2022 653 2237 708 ϐάλλειν
2286 656 2414 718 τοὺς
2468 653 2781 717 πωλοῦντας
2853 652 2950 707 καὶ
3009 649 3371 724 ἀγοράζοντας
3406 654 3458 705 ἐν
3494 654 3558 725 τῷ

2025 747 2172 818 ἱερῷ,
2202 768 2220 798 ι
2244 747 2276 818 ἢ
2301 767 2319 798 ι
2349 747 2423 810 ὡς
2454 746 2700 817 ἤγγισεν,
2735 744 2857 799 ἰδὼν
2894 745 2993 816 τὴν
3022 744 3194 808 πόλιν,
3223 742 3465 798 ἔκλαυσεν
3487 746 3560 800 ἐπ’

2021 840 2210 911 αὐτὴν,
2240 840 2334 893 καὶ
2373 836 2626 891 εἰσελθὼν
2660 837 2741 900 είς
2771 835 2833 889 τὸ
2871 834 3036 907 ἱερὸν,
3073 834 3275 906 ἧρξατο
3311 833 3559 889 ἐκϐάλλειν

2020 930 2144 994 τοὺς
2174 927 2505 990 πωλοῦντας.
2530 947 2547 978 ι
2597 927 2685 980 Ἐν
2713 919 2794 989 οἷς
2824 924 2922 996 μὲν
2954 923 3064 995 γὰρ
3093 922 3202 976 τῶν
3237 921 3453 992 ἐχόντων
3467 922 3560 993 (8i)

2020 1023 2080 1077 τὸ
2108 1021 2249 1094 ἱερὸν
2275 1023 2333 1075 ἐν
2363 1021 2564 1085 αὐτοῖς,
2607 1016 2858 1073 ἐκϐάλλει
2888 1018 3095 1079 πάντας
3123 1016 3246 1078 τοὺς
3277 1013 3561 1078 πωλοῦντας

2019 1116 2114 1168 καὶ
2139 1110 2507 1185 ἀγοράζοντας
2533 1112 2589 1163 ἐν
2616 1109 2693 1180 τῷ
2725 1107 2856 1180 ἱερῷ
2874 1124 2890 1138 ⁸
2926 1108 2984 1160 ἐν
3027 1107 3236 1179 ἐτέροις
3267 1106 3324 1160 δέ
3359 1106 3427 1177 μὴ
3450 1105 3561 1175 σφό-

2017 1199 2118 1272 δρα
2144 1198 2482 1269 πειθομένοις
2515 1197 2591 1268 τῷ
2629 1197 2772 1268 λόγῳ
2800 1196 2893 1250 τοῦ
2935 1195 3069 1249 Θεοῦ
3107 1195 3264 1267 μόνον
3293 1195 3386 1267 τὴν
3414 1196 3561 1267 ἀρχὴν

2019 1293 2250 1344 ποιεῖται
2285 1289 2381 1342 τοῦ
2426 1287 2704 1342 ἐκϐάλλειν
2744 1286 2870 1350 τοὺς
2913 1285 3226 1350 πωλοῦντας
3257 1287 3351 1339 καὶ
3388 1286 3563 1359 ἀγορά-

2018 1379 2227 1445 ζοντας.
2261 1381 2443 1454 Τρίτοι
2481 1380 2537 1434 δέ
2580 1382 2685 1433 εἰσι
2722 1377 2873 1450 παρά
2898 1378 3145 1445 τούτους,
3187 1380 3244 1432 ἐν
3280 1372 3359 1443 οἷς
3389 1379 3564 1450 ἧρξατο

2017 1471 2297 1526 ἐκϐάλλειν
2327 1472 2520 1542 μόνους
2545 1473 2670 1535 τοὺς
2718 1470 3053 1534 πωλοῦντας,
3087 1469 3208 1540 οὐχὶ
3252 1470 3311 1524 δέ
3345 1471 3564 1536 καὶτοὺς

2016 1563 2401 1636 ἀγοράζοντας.
2453 1566 2516 1619 Οί
2555 1564 2611 1617 δέ
2643 1563 2793 1635 παρά
2835 1563 2914 1634 τῷ
2960 1563 3182 1636 Ἰωάννῃ
3220 1563 3417 1627 πάντες
3463 1563 3561 1635 ἅμα

2013 1661 2127 1724 τοῖς
2155 1658 2444 1731 προϐάτοις
2479 1657 2574 1711 καὶ
2605 1660 2714 1720 τοῖς
2748 1656 2902 1727 βουσὶ
2942 1654 3020 1726 τῷ
3052 1656 3311 1710 πλακέντι
3352 1657 3412 1709 ὲκ
3439 1673 3563 1728 σχοι-

2014 1752 2141 1806 νίων
2166 1752 2471 1823 φραγελλίῳ
2488 1749 2855 1805 ἐκϐάλλονται.
2882 1749 3201 1819 Ἐπίστησον
3221 1749 3279 1803 δὲ
3297 1749 3561 1821 ἐπιμελῶς,

341 1839 574 1907 plicato,
634 1855 740 1894 una
790 1855 912 1895 cum
960 1840 1153 1895 ovibus
1189 1849 1242 1895 et
1292 1841 1484 1897 bobus.
1524 1842 1735 1912 Inspice
1780 1859 1803 1896 ν

2099 1845 2311 1899 δυνατὸν
2350 1844 2426 1908 ὡς
2466 1843 2563 1908 τάς
2592 1859 2654 1911 γε
2677 1842 2967 1912 ἐναλλαγάς
3008 1842 3117 1896 τῶν
3163 1842 3561 1914 γεγραμμένων,

339 1929 630 2000 diligenter
661 1947 728 1985 an
753 1930 1108 1987 alteratioues
1154 1947 1334 1987 rerum
1375 1934 1701 2002 scriptarum
1735 1935 1907 1992 disso-

339 2021 647 2090 nautiaeqne
676 2021 895 2076 dissolvi
941 2021 1150 2091 possint
1194 2029 1350 2092 tropo
1382 2023 1681 2094 anagogico
1712 2037 1729 2077 :
1755 2023 1908 2079 nimi-

337 2126 454 2164 rum
504 2126 831 2181 unoquoque
875 2111 1328 2183 evangelistarum
1380 2113 1626 2170 diversas
1658 2115 1904 2171 actiones

336 2198 617 2257 Sermonis
645 2201 987 2259 describente
1035 2203 1087 2257 in
1119 2204 1351 2260 diversis
1391 2205 1702 2261 animarum
1731 2206 1900 2262 mori-

334 2293 464 2361 bus,
507 2309 611 2348 nou
642 2295 851 2362 eadem,
885 2294 979 2350 sed
1025 2295 1224 2351 similia
1256 2298 1502 2366 quaedam
1533 2298 1901 2369 perﬁcientes.

333 2384 473 2454 Quin
536 2384 843 2442 diﬂ‘ereutia
898 2388 1065 2442 etiam
1120 2387 1210 2443 illa
1266 2402 1389 2459 quae
1436 2389 1651 2446 videtur
1683 2406 1806 2447 esse
1837 2393 1905 2447 de

333 2477 746 2535 ascensionibus
798 2480 1013 2535 Domini
1047 2481 1114 2536 ad
1138 2479 1535 2554 Jerosolymam
1568 2483 1708 2553 apud
1736 2481 1902 2539 Joan-

334 2585 479 2632 nem,
510 2572 598 2640 qui
634 2571 1006 2642 Evangelium,
1042 2574 1189 2644 quod
1227 2574 1278 2629 in
1321 2575 1571 2630 manibus
1611 2576 1900 2642 habemus,

334 2661 495 2716 aliter
525 2677 685 2732 quam
721 2673 853 2729 tres,
882 2664 1117 2735 scripsit,
1151 2675 1209 2720 ut
1245 2667 1599 2735 exposuimus
1630 2667 1682 2721 in
1723 2669 1902 2724 verbis

330 2757 593 2826 ipsorum,
611 2755 689 2811 sic
713 2756 883 2810 solum
906 2757 1109 2810 servari
1135 2766 1333 2826 potest,
1354 2755 1566 2814 Joanne
1591 2759 1786 2815 similia
1812 2777 1897 2816 as-

325 2860 563 2912 serente.
595 2858 648 2905 et
681 2849 918 2913 dicente,
950 2862 1048 2918 pro
1068 2847 1269 2903 excisis
1292 2848 1360 2903 ab
1399 2850 1688 2907 arboribus
1708 2852 1896 2914 ramis,

316 2941 412 2996 «ei
447 2940 726 2996 frondibus
750 2956 815 2995 ex
854 2941 998 3010 agris
1025 2948 1079 2995 et
1105 2941 1291 2995 stratis
1338 2940 1391 2994 in
1431 2940 1540 3009 via,
1574 2957 1757 2998 ramos
1783 2943 1897 3013 pal-

326 3049 538 3089 marum
569 3034 792 3088 multam
835 3033 1072 3097 turbam,
1129 3047 1249 3100 qua:
1282 3042 1507 3087 venerat
1538 3035 1605 3088 ad
1640 3034 1780 3089 diem
1817 3035 1893 3091 fe-

323 3137 466 3182 stum
498 3126 564 3192 “,
625 3126 898 3194 accepisse
949 3133 1004 3180 et
1062 3124 1397 3194 processisse
1444 3125 1656 3179 obviam
1705 3127 1754 3181 ei
1789 3126 1897 3182 cla-

2009 1936 2103 1992 κα¹ι
2133 1935 2233 2000 τὰς
2264 1935 2559 2006 διαφωνίας
2591 1933 2901 1988 διαλύεσθαι
2943 1932 3093 2006 παρὰ
3122 1933 3214 1988 τὸν
3246 1934 3347 2004 τῆς
3376 1934 3563 2002 ἀναγω-

2007 2027 2112 2098 γῆς
2136 2027 2355 2098 τρόπον,
2386 2025 2616 2079 ἑκάστου
2646 2023 2752 2078 τῶν
2780 2023 3177 2093 εὐαγγελιστῶν
3197 2024 3562 2095 διαγράφοντος

2005 2118 2293 2190 διαφόρους
2327 2117 2420 2171 τοῦ
2458 2117 2629 2186 Λόγου
2676 2116 2955 2189 ἐνεργείας
3000 2116 3059 2170 ἐν
3104 2114 3381 2187 διαφόροις
3426 2113 3560 2187 ἡθεσι

2003 2210 2209 2282 ψυχῶν,
2249 2212 2310 2265 οὐ
2350 2211 2416 2264 τά
2453 2209 2613 2271 αὐτὰ,
2657 2209 2797 2263 ἀλλά
2828 2225 2951 2263 τινα
2995 2208 3359 2281 παραπλήσια
3402 2209 3560 2261 ἐπιτε-

2003 2301 2220 2366 λούσας.
2257 2302 2368 2356 Kal.
2404 2303 2438 2373 ἡ
2471 2300 2700 2354 δοκοῦσα
2737 2301 2795 2354 δέ
2820 2299 3054 2371 διακοπὴ
3098 2298 3208 2353 τῶν
3233 2300 3318 2364 είς
3358 2298 3560 2370 Ἰεροσό-

2002 2395 2147 2466 λυμα
2175 2394 2375 2448 ἀνόδων
2397 2392 2489 2448 τοῦ
2530 2391 2703 2465 Ἰησοῦ
2737 2391 2887 2465 παρά
2918 2390 2996 2462 τῷ
3026 2391 3086 2444 τὸ
3112 2392 3170 2444 ἐν
3196 2391 3385 2463 χερσὶν
3406 2390 3557 2460 Εὐαγ-

2001 2484 2180 2555 γέλιον
2224 2483 2597 2555 ἀναγράψαντι
2647 2482 2852 2553 ἑτέρως
2897 2480 3050 2552 παρά
3099 2481 3228 2544 τοὺς
3282 2483 3444 2552 τρεῖς,
3494 2480 3558 2543 ὡς

2000 2573 2298 2645 ἐξεθέμεθα
2338 2573 2438 2638 τὰς
2477 2573 2650 2639 λέξεις
2683 2572 2883 2636 αὐτῶν,
2909 2571 3052 2626 οὕτω
3102 2571 3283 2642 μόνως
3315 2570 3559 2636 σώζεσθαι

1998 2666 2217 2720 δύναται
2259 2668 2372 2728 τοῖς
2414 2664 2820 2736 παραπλησίοις
2858 2663 3177 2736 πράγμασιν
3226 2663 3559 2727 ἐπιπεσόντος

1997 2756 2091 2810 τοῦ
2138 2755 2403 2819 Ἰωάννου,
2432 2755 2552 2809 ἀντὶ
2571 2753 2680 2807 τῶν
2703 2755 3052 2825 κοπτομένων
3082 2753 3188 2807 ἀπὸ
3213 2753 3325 2809 τῶν
3350 2754 3558 2826 δένδρων

1998 2847 2227 2912 κλάδων,
2256 2847 2288 2918 ἢ
2320 2845 2579 2900 στιϐάδων
2615 2849 2679 2899 ἐκ
2710 2845 2819 2899 τῶν
2858 2844 3062 2917 ἀγρῶν,
3097 2847 3189 2900 καὶ
3229 2845 3559 2916 στρωννυμέ-

1996 2959 2102 2995 νων
2128 2943 2188 2993 ἐν
2216 2943 2282 3012 τῇ
2313 2939 2436 3010 ὀδῷ,
2469 2938 2597 3009 βάῖα
2629 2938 2738 2992 τῶν
2773 2940 3030 3009 φοινίκων
3062 2939 3367 3010 εἰληφέναι,
3394 2940 3557 3007 λέγον-

1994 3051 2084 3098 τος
2135 3034 2226 3086 τὸν
2272 3033 2436 3086 πολὺν
2484 3031 2862 3103 ἐξεληλυθέναι
2909 3033 2990 3094 εἰς
3033 3030 3130 3103 τὴν
3163 3030 3360 3103 ἑορτὴν
3401 3029 3556 3101 ὖχλον,

1996 3124 2090 3179 καὶ
2141 3122 2518 3197 ἐξεληλυθέναι
2574 3123 2654 3186 εἰς
2695 3122 2998 3193 ἀπάντησιν
3048 3121 3196 3192 αὐτῷ
3227 3120 3529 3193 κεκραγότα

323 3230 560 3274 utantem
591 3233 605 3272 :
642 3238 662 3270 ι
702 3218 1024 3272 Benedictus
1051 3217 1143 3285 qui
1189 3216 1334 3270 venit
1367 3216 1418 3270 in
1455 3217 1674 3273 nomine
1708 3219 1783 3274 Do

2089 3220 2247 3291 ὑλογη
2258 3218 2414 3290 μένος
2439 3220 2467 3271 ὁ
2495 3218 2786 3290 ἐρχόμενος
2803 3218 2859 3269 ὲν
2892 3216 3114 3286 ὀνόματι
3137 3215 3366 3287 Κυρίου,
3407 3234 3424 3264 ι
3451 3212 3551 3279 καὶ,

323 3313 401 3378 ni,
426 3330 446 3364 ι
467 3321 556 3367 et:
583 3329 602 3362 ι
620 3308 734 3364 Rex
758 3309 846 3363 ille
872 3308 1087 3364 lsraelis
1104 3308 1171 3362 ⁸⁸.
1202 3329 1223 3358 ι
1243 3307 1507 3363 Caeterum
1529 3309 1597 3363 ab
1628 3306 1785 3378 ipsoJ

2094 3310 2122 3364 Ο
2150 3308 2410 3372 Βασιλεὺς
2426 3307 2526 3379 τοῦ
2573 3308 2807 3380 Ἰσραήλ.
2834 3328 2851 3358 ι
2886 3306 3029 3378 Πλὴν
3059 3300 3210 3370 οὗτος
3262 3306 3358 3359 ὑπ’
3408 3303 3556 3357 αὐτοῦ

318 3404 498 3475 inquit
540 3402 781 3458 Joannes
840 3402 885 3433 “
928 3411 1202 3470 repertum
1251 3399 1498 3465 asellum,
1529 3415 1692 3470 super
1728 3418 1780 3472 ῳ

2093 3419 2123 3457 rt
2152 3402 2246 3457 τοῦ
2282 3400 2454 3474 Ἰησοῦ
2487 3400 2835 3474 εὑρίσκεσθαι
2868 3400 2930 3454 τὸ
2962 3400 3196 3472 ὀνάριον,
3254 3400 3344 3469 ἐφ’
3387 3399 3415 3452 ὃ
3439 3398 3555 3452 κ.0-

318 3498 459 3552 sedit
483 3496 764 3557 Christus;
798 3492 972 3561 majus
1005 3493 1260 3563 quiddam
1295 3490 1450 3545 nobis
1482 3494 1552 3549 ob
1588 3493 1774 3549 oculos

2095 3511 2171 3549 rat
2215 3496 2245 3548 ὁ
2276 3493 2529 3568 Χριστὸς,
2573 3493 2733 3549 πλέον
2768 3511 2820 3546 τι
2850 3494 2977 3564 περὶ
3022 3491 3212 3546 τούτου
3243 3491 3362 3561 (85)
3386 3506 3557 3562 τροπι-

319 3604 456 3645 nens
486 3603 579 3659 per
637 3588 781 3643 hunc
811 3584 1041 3642 asellum
1071 3585 1150 3640 sic
1200 3584 1405 3653 tropice
1435 3585 1638 3641 dictum
1669 3589 1762 3656 qui

2093 3604 2226 3659 τερον
2253 3586 2583 3658 δηλουμένου
2609 3584 2826 3656 ὁναρίου
2853 3582 3143 3657 παριστὰς,
3171 3583 3395 3654 μείζονα
3415 3582 3555 3652 εὐερ-

320 3682 571 3738 nelicium
607 3682 777 3750 majus
805 3680 1015 3751 accepit
1051 3696 1071 3730 ι
1110 3693 1218 3735 non
1250 3677 1319 3731 ab
1350 3677 1672 3746 hominibus,
1711 3694 1782 3735 ne

2092 3680 2174 3733 ίαν
2202 3680 2548 3752 χωρήσαντος
2568 3677 2669 3749 τὴν
2692 3696 2711 3727 ‹
2739 3677 2839 3730 οὐκ
2861 3676 2968 3730 ἀπὸ
2999 3675 3326 3748 ἀνθρώπων,
3350 3674 3468 3728 οὐδὲ
3492 3673 3553 3725 δι’

315 3791 414 3849 per
457 3775 702 3830 homines
730 3816 746 3842 ,
780 3775 873 3829 sed
905 3788 1001 3844 per
1047 3772 1232 3831 Jesum
1279 3775 1553 3832 Christum
1585 3773 1651 3826 ".
1690 3791 1709 3825 ι
1741 3771 1777 3841 ρ

2092 3770 2307 3843 ρώπων,
2344 3767 2479 3822 ἀλλά
2516 3767 2607 3825 διὰ
2659 3767 2835 3839 Ἰησοῦ
2864 3766 3122 3841 Χριστοῦ.
3147 3787 3164 3817 ι
3208 3767 3347 3821 Οὑδέ
3386 3765 3554 3819 Ἰωάν-

301 3886 388 3925 .ne
415 3868 650 3926 Joannes
676 3869 892 3939 quidem
923 3869 1040 3938 ipse
1066 3868 1293 3939 protulit
1317 3867 1659 3939 prophetiam
1691 3867 1763 3924 iis

2119 3861 2175 3914 δέ
2219 3860 2493 3927 αύτολεξεὶ
2535 3860 2597 3914 τὺ
2645 3861 2981 3931 προφητικὸν
3011 3859 3243 3925 ἐξέθετο,
3291 3858 3407 3912 ἀλλ’
3450 3859 3553 3912 ἀντ’

307 3960 518 4026 -verbis,
546 3960 641 4017 sed
673 3976 768 4030 pro
797 3975 859 4013 ea
890 3959 1028 4015 dixit
1059 3977 1075 4015 :
1113 3979 1133 4014 ι
1166 3960 1284 4016 Noli
1316 3961 1530 4026 timere,
1564 3958 1676 4014 ﬁlia
1706 3957 1763 4014 Si

2091 3952 2148 4007 οῦ
2186 3953 2273 4006 τό·
2313 3974 2330 4004 ι
2353 3954 2444 4025 Μὴ
2476 3953 2662 4022 φοϐοῦ,
2700 3953 2937 4026 θύγατερ
2970 3952 3128 4017 Σιὼν,
3176 3953 3289 4006 ἰδοὺ
3339 3956 3368 4006 ὁ
3413 3952 3553 4022 βασι-

311 4070 443 4113 ecce
473 4071 568 4111 rex
596 4063 720 4109 tuus
746 4055 894 4110 venit
922 4055 1118 4110 sedens
1139 4069 1301 4125 super
1329 4053 1532 4124 pullum
1566 4053 1734 4108 asinae
1760 4053 1773 4085 ε

2092 4063 2109 4109 ἶ
2141 4062 2234 4099 σου
2263 4045 2502 4116 ἔρχεται,
2534 4046 2864 4117 καθήμενος,
2891 4066 2908 4097 ι
2945 4045 3067 4100 ἀντὶ
3106 4044 3198 4098 τοῦ
3222 4061 3236 4075 ·
3283 4064 3303 4096 ‹
3350 4042 3554 4097 Ἐπιϐε-

296 4158 414 4215 .pro
453 4157 540 4207 eo.
570 4143 714 4210 quod
737 4151 864 4197 est:
894 4160 913 4193 ι
960 4142 1277 4198 Ascendens
1310 4157 1476 4215 super
1521 4142 1758 4214 subjugal

2092 4137 2167 4202 ὼς
2189 4138 2322 4209 (85‘)
2358 4137 2452 4190 ἐπὶ
2479 4137 2656 4191 πῶλον
2694 4138 2838 4205 ὄνου,
2885 4139 2980 4193 καὶ
3012 4138 3109 4191 ἐπὶ
3145 4137 3440 4206 ὑποζύγιον
3470 4137 3554 4189 καὶ

307 4245 368 4291 et
414 4235 618 4306 pullum
650 4249 849 4289 novum
881 4233 971 4288 ⁸⁸⁸.
1009 4254 1029 4286 ι
1065 4234 1198 4290 Illud
1226 4250 1391 4290 vero:
1432 4254 1451 4287 ι
1488 4234 1607 4290 Noli
1644 4238 1769 4291 time

2084 4238 2159 4285 ιον
2190 4231 2326 4285 νέον.
2354 4250 2373 4282 ι
2417 4231 2490 4284 Τὸ
2522 4230 2609 4285 δέ·
2663 4257 2682 4282 ι
2709 4232 2799 4301 Μὴ
2832 4230 3021 4300 φοϐοῦ,
3068 4229 3308 4299 θύγατερ
3345 4231 3499 4293 Σιὼν,
3532 4247 3546 4277 ι

309 4328 421 4382 tilia
471 4327 628 4394 Sion,
668 4346 687 4380 ι
726 4327 1140 4397 haudquaquam
1188 4327 1396 4382 dictum
1445 4338 1549 4384 est.
1593 4327 1771 4384 Verun

2117 4324 2254 4385 ὅλως
2304 4324 2536 4396 εἴρηται.
2581 4324 2725 4396 Πλὴν
2767 4319 2970 4395 ἴδωμεν
3010 4322 3115 4377 ὐπὸ
3151 4324 3373 4377 πάντων
3410 4325 3552 4376 ἐκτε-

308 4433 435 4474 men
467 4433 591 4473 cum
620 4418 975 4489 exposuerint
1019 4432 1211 4473 omnes
1259 4418 1638 4488 propheticum
1670 4434 1770 4475 ser:

2088 4433 2162 4480 τος
2192 4414 2288 4470 τοῦ
2322 4416 2661 4489 προφητικοῦ
2706 4416 2888 4485 λόγου,
2924 4418 2972 4470 εί
3004 4415 3079 4487 μὴ
3106 4416 3319 4487 χαίρειν
3354 4415 3550 4488 σφόδρα

305 4526 471 4577 nem,
516 4512 797 4567 videamus
824 4527 893 4566 an
922 4526 1028 4566 non
1062 4512 1375 4568 necessario
1427 4513 1767 4583 gaudendum

2089 4510 2250 4582 ατέρα
2270 4508 2408 4565 Σιὼν
2440 4511 2734 4578 ἀναγκαῖον
2753 4526 2767 4539 ο
2796 4508 2892 4580 τὴν
2931 4508 2990 4562 δὲ
3025 4509 3310 4581 κρείττονα
3358 4507 3551 4577 ταύτης

307 4602 433 4658 tiliae
465 4603 618 4671 Sion,
656 4614 818 4674 atque
862 4603 964 4659 hac
1005 4603 1375 4674 praestantiori
1416 4603 1539 4659 tiliae
1572 4602 1769 4659 Jerusal

2085 4603 2254 4675 ατέρα
2290 4602 2645 4674 Ἰερουσαλὴμ
2664 4603 2725 4655 οὺ
2752 4600 2911 4673 μόνον
2938 4602 3145 4672 χαίρειν
3173 4600 3402 4673 σφόδρα,
3423 4598 3547 4654 ἀλλά

307 4709 415 4750 non
465 4693 637 4750 solum
664 4694 822 4750 valde
847 4694 1091 4766 gaudere
1112 4733 1129 4758 ,
1160 4708 1350 4749 verum
1378 4694 1543 4750 etiam
1575 4695 1769 4764 praedic

2101 4694 2395 4767 κηρύσσειν
2424 4694 2504 4748 δεῖ
2525 4694 2617 4747 τοῦ
2654 4692 2915 4764 βασιλέως
2945 4693 3113 4765 αὐτῆς
3136 4694 3434 4766 ἐρχομένου
3460 4691 3544 4745 τοῦ

298 4800 528 4842 necesse
555 4787 835 4855 sitregem
882 4800 1039 4841 suum
1084 4785 1491 4850 advenientem,
1537 4784 1760 4856 justum,

2082 4786 2207 4851 ιίου,
2229 4787 2325 4840 καὶ
2351 4784 2633 4850 σώζοντος,
2657 4786 2750 4840 καὶ
2771 4785 2969 4857 πράου,
2992 4785 3078 4838 διὰ
3105 4785 3200 4838 τοῦ
3226 4785 3544 4855 ἐπιϐεϐηκέ-

299 4887 630 4945 servantem,
659 4888 715 4934 et
748 4888 1113 4943 mansuetum,
1146 4892 1212 4933 eo
1251 4877 1392 4948 quod
1422 4892 1586 4946 super
1617 4877 1761 4947 subju

2088 4878 2166 4950 τῷ
2191 4879 2468 4951 ὑποζυγίῳ
2496 4879 2589 4933 καὶ
2613 4877 2690 4946 τῷ
2716 4879 2819 4949 νέῳ
2842 4877 3025 4949 πώλῳ,
3053 4879 3167 4943 Πᾶς
3195 4878 3326 4948 γοῦν
3353 4880 3381 4931 ὁ

297 4969 406 5025 lem
449 4980 503 5025 et
549 4969 756 5040 pullum
806 4986 1002 5026 novum
1053 4970 1386 5027 ascenderit.
1419 4969 1677 5041 Quisquis
1707 4972 1758 5040 ig

2079 4989 2135 5034 ος
2159 4972 2318 5025 αὑτὸν
2342 4971 2524 5025 ούκέτι
2551 4971 2914 5042 φοϐηθήσεται
2938 4973 3063 5036 τοὺς
3093 4971 3200 5024 τῶν
3224 4970 3539 5041 ἑτεροδόξων

298 5062 474 5130 ipsum
526 5062 812 5130 receperit,
868 5077 973 5118 nou
1012 5062 1075 5116 in
1124 5072 1402 5130 posterum
1442 5062 1754 5118 formidabit

2076 5065 2347 5136 ttopévouc
2385 5068 2497 5128 τοῖς
2531 5067 2775 5129 πιθανοῖς
2812 5064 3009 5134 λόγοις,
3046 5063 3269 5136 ἅρματα
3306 5063 3538 5137 Ἐφρατιι

296 5169 471 5211 versae
500 5161 667 5228 sech
692 5152 940 5208 homines
984 5152 1311 5223 eloquentia:
1363 5153 1571 5209 viribus
1598 5168 1758 5209 arma

2074 5157 2258 5228 όμενα,
2300 5156 2404 5209 ὑπὸ
2432 5156 2526 5211 τοῦ
2565 5157 2767 5228 Κυρίου
2814 5155 3282 5227 ἐξολοθρευόμενα,
3305 5156 3429 5209 οὐδὲ
3454 5154 3536 5207 τὸν

295 5243 389 5315 qui
406 5240 896 5312 enrrusEphraim
928 5243 1206 5308 dicuntur,
1230 5253 1289 5299 et
1313 5259 1343 5296 a
1371 5244 1485 5300 Deo
1522 5245 1757 5300 exscindi

2075 5249 2139 5321 δῆ
2165 5251 2329 5305 ἵππον
2356 5252 2435 5314 εἰς
2472 5251 2764 5322 σωτηρίαν,
2799 5250 3077 5322 θηλυμανῆ
3111 5250 3406 5320 ἐπιθυμίαν
3429 5252 3534 5312 τοῖς

295 5337 501 5407 quique
545 5333 748 5389 multos
780 5332 978 5389 laedunt
1002 5375 1019 5401 ,
1058 5335 1360 5393 Jerusalem
1402 5337 1654 5394 habitare
1682 5349 1739 5394 et

2069 5341 2244 5412 θητοῖς
2267 5341 2643 5414 οἰκειωμένην,
2671 5342 2766 5396 καὶ
2795 5341 3022 5405 πολλοὺς
3045 5340 3154 5396 τῶν
3177 5343 3237 5397 ὲν
3270 5342 3531 5412 Ἰερουσα-

297 5429 517 5485 tendere
564 5426 805 5483 volentes
850 5441 996 5483 same
1041 5430 1303 5485 doctrinas
1348 5446 1364 5485 :
1400 5443 1506 5485 non
1546 5428 1759 5487 formid:

2065 5451 2079 5485 ι
2107 5434 2273 5486 οἰκεῖν
2303 5432 2585 5497 θελόντων,
2630 5434 2724 5490 καὶ
2751 5432 2828 5504 τῷ
2862 5434 3005 5502 ὑγιεῖ
3037 5432 3178 5503 λόγῳ
3224 5432 3527 5503 προσέχειν,

366 5551 408 5581 ⁸⁸
453 5550 621 5606 Marc.
654 5565 736 5616 an,
767 5551 853 5606 15.
944 5551 991 5584 ⁸⁸
1040 5547 1172 5603 Luc.
1209 5563 1321 5610 χιχ,
1346 5547 1434 5611 41,
1460 5545 1553 5604 45.
1632 5547 1677 5580 ⁸⁸
1710 5547 1828 5604 Joal

2059 5554 2088 5606 ἶ.
2186 5553 2231 5584 ⁸⁸
2260 5552 2417 5607 Joan.
2451 5569 2519 5606 XII
2546 5592 2562 5616 ,
2606 5552 2692 5607 12.
2784 5552 2829 5586 ⁸⁵
2868 5552 2998 5606 ibid.
3035 5552 3122 5606 15.
3199 5553 3244 5584 ⁶⁶
3281 5554 3410 5607 ibid.
3441 5555 3521 5609 14.

296 5621 339 5649 "
361 5620 534 5674 Galat.
560 5638 600 5687 I,
628 5622 684 5675 l.
758 5622 803 5654 ⁸⁸
831 5619 988 5677 Joan.
1023 5636 1122 5684 xu,
1150 5619 1237 5674 15.
1316 5618 1384 5649 ⁶⁸”
1414 5616 1580 5673 Zach.
1610 5621 1744 5685 m9.

785 5622 803 5654 ³
831 5619 988 5677 Joan.
1023 5619 1237 5684 3:11.15.
1316 5618 1384 5649 ⁶⁸”
1414 5616 1580 5673 Zach.
1610 5621 1744 5685 m9.
1837 5621 1880 5654 ⁸ο
1912 5624 2040 5678 ibid.
2074 5624 2160 5678 l0.
2237 5663 2247 5673 .

369 5730 480 5800 (3‘)
538 5733 858 5809 ’Exdrrwr._
898 5734 987 5789 Sic
1041 5735 1209 5791 codex
1268 5708 1625 5802 Bodleianus,
1675 5744 1818 5790 recte

2040 5737 2153 5807 (85)
2181 5737 2355 5792 Codex
2387 5736 2730 5809 Bodleianus.
2770 5737 2956 5792 τούτου
2980 5754 3011 5809 ’ξ
3030 5738 3247 5809 ltegius,
3275 5737 3451 5794 τοῦτο.

294 5799 515 5866 Regius,
544 5799 702 5870 mute,
728 5806 1014 5876 ἀρχόντων.
1611 5799 1618 5802 ﬁ

2061 5799 2172 5878 85‘)
2202 5809 2380 5865 Codex
2409 5808 2634 5878 Regius,
2673 5807 3076 5880 μεταϐεϐηκὼς.
3103 5799 3170 5850 ἷ-
3189 5799 3368 5866 Locus
3409 5821 3519 5864 tur-
