3702 6142
97 348 184 408 5ῧ5
1153 340 1510 398 COMMENT.
1548 339 1598 395 Il‘

1805 338 1843 392 ἰ.
1887 337 2122 394 ἸΟΜΗΞ
2161 337 2228 395 Χ.

3193 333 3296 390 366

91 479 360 550 βλάπτοντα
379 469 553 541 (85“).
578 469 736 524 Ἔστι
758 469 815 524 δὲ
838 466 1048 540 χαίρειν
1073 464 1222 530 ἄξιον
1245 465 1338 518 ἐπὶ
1358 463 1436 535 τῷ
1459 462 1598 529 egon

1805 463 1902 516 iam
1934 475 2132 529 equum
2171 457 2420 512 fallacem
2459 457 2524 511 ad
2558 455 2788 512 salutem
2815 454 2885 522 ",
2937 454 3040 508 hoc
3089 460 3174 507 est
3207 452 3300 507 dc-

89 567 342 642 θρεύεσθαι
379 563 482 618 ὑπὸ
519 562 615 616 τοῦ
648 561 941 634 ὀχουμένου
973 559 1052 630 τῷ
1081 557 1378 627 ὑποζυγίῳ,
1419 556 1514 609 κα)⁵
1547 552 1627 625 τῷ

88 663 174 732 νέῳ
203 658 354 728 πώλῳ
397 657 502 710 πᾶν
533 652 690 718 τόξον
720 651 1033 724 πολεμικὸν,
1077 650 1260 704 οὐκέτι
1293 647 1401 702 τῶν
1453 665 1628 701 πεπυ-

87 751 312 824 ρωμένων
340 745 506 820 βελῶν
532 745 628 800 τοῦ
661 744 856 817 ἐχθροῦ
883 741 1281 814 κατισχυόντων
1313 739 1408 794 τοῦ
1450 756 1627 811 παρα-

83 842 338 914 δεξαμένου
376 840 466 894 τδν
525 836 734 909 Ἰησοῦν
763 839 843 900 εὶς
870 836 930 889 τὸ
962 833 1158 888 ἑαυτοῦ
1191 832 1360 904 ἱερόνο
1391 831 1540 885 ἔσται
1569 830 1626 884 δὲ

81 937 158 990 καὶ
184 934 373 1005 πλῆθος
399 931 537 1003 μετὰ
560 931 782 1002 εἰρήνης
807 928 916 983 ἀπὸ
935 927 1042 981 τῶν
1060 925 1228 980 ἐθνῶν
1251 926 1308 980 ὲν
1329 927 1395 996 τῇ
1433 924 1628 996 Ἰερου-

85 1026 236 1097 σαλὴμ
260 1023 351 1076 τοῦ
385 1021 633 1092 Σωτῆρος
663 1019 946 1090 ἐπιδημίᾳ,
966 1017 1224 1088 ἄρχοντος
1255 1015 1362 1068 τῶν
1394 1014 1623 1077 ὑδάτων,

79 1117 151 1170 ἵνα
185 1111 434 1185 συντρίψῃ
477 1110 577 1174 τὰς
628 1107 870 1178 κεφαλὰς
910 1106 1018 1160 τῶν
1056 1105 1362 1174 δρακόντων
1405 1103 1495 1156 ἐπὶ
1527 1102 1623 1157 τοῦ

79 1209 260 1272 ὓδατος,
308 1207 404 1260 καὶ
447 1205 779 1275 πατήσωμεν
816 1200 885 1254 τὰ
921 1199 1140 1270 κύματα
1186 1197 1286 1268 τῆς
1328 1196 1620 1268 Θαλάσσης,

79 1300 336 1369 φθάνοντες
379 1298 486 1362 ἕως
518 1296 628 1351 τῶν
666 1291 955 1347 διεκδολῶν
1003 1289 1219 1343 πάντων
1246 1289 1352 1342 τῶν
1391 1287 1484 1341 ἐπὶ
1523 1288 1624 1359 γῆς

79 1389 327 1461 ποταμῶν.
359 1390 425 1442 ⁸0
462 1388 709 1459 μέντοιγε
731 1386 957 1462 Μάρκος
981 1381 1109 1453 περὶ
1132 1382 1228 1452 τῆς
1251 1381 1371 1434 ὅνου
1398 1379 1623 1451 γράφων

78 1481 217 1552 φησὶν
243 1479 346 1551 (86)
371 1478 627 1550 εἰρῆσθαι
657 1476 760 1530 ὑπὸ
780 1475 873 1528 τοῦ
904 1473 1129 1546 Κυρίου,
1161 1492 1180 1525 ι
1215 1473 1328 1542 Ἐφ’
1358 1471 1416 1525 ὃν
1453 1471 1624 1535 οὐδεὶς

75 1572 205 1624 οὔπω
231 1569 530 1641 ἀνθρώπων
562 1569 803 1631 ἐκάθισε,
831 1586 849 1618 ι
898 1567 1047 1620 δοκεῖ
1077 1582 1165 1636 μοι
1206 1561 1536 1617 αἰνίττεσθαι
1562 1561 1624 1615 τὸ

79 1645 272 1736 μηδέπω
311 1663 444 1715 ποτὲ
489 1660 630 1731 λόγῳ
681 1657 1072 1729 ὑποτεταχέναι
1116 1656 1340 1718 ἑαυτοὺς
1378 1654 1484 1725 πρὸ
1525 1654 1623 1726 τῆς

86 1757 234 1829 Ἰησοῦ
269 1757 376 1828 (87)
424 1758 484 1810 ὲν
526 1755 710 1817 αὐτοῖς
754 1751 1050 1823 ἐπιδημίας
1092 1749 1216 1812 τοὺς
1257 1748 1478 1820 ὕστερον
1526 1763 1625 1799 πε-

75 1853 425 1914 πιστευκότας.
465 1850 618 1920 Τάχα
655 1847 764 1919 γὰρ
803 1842 1106 1916 ἀνθρώπων
1152 1840 1252 1912 μὲν
1305 1839 1480 1903 οὐδείς
1533 1856 1620 1891 πω

74 1946 273 2008 καθίσας
297 1945 388 1998 ἐπὶ
409 1944 501 1998 τὸν
526 1941 700 1996 πῶλον
715 1936 804 2011 ἦν,
828 1937 1033 2009 θηρίων
1057 1934 1112 1987 δὲ
1140 1933 1172 2003 ἢ
1201 1931 1306 1985 τῶν
1329 1931 1622 2003 ἀλλοτρίων

75 2038 148 2092 τοῦ
171 2038 317 2106 λόγου
342 2033 629 2106 δυνάμεων
649 2048 794 2094 τινες
813 2027 1171 2082 ὲπεκόιθισανο
1200 2024 1322 2077 ἐπεὶ
1343 2025 1370 2076 ὁ
1396 2021 1623 2085 πλοῦτος

72 2132 163 2183 τῶν
191 2129 580 2201 ἀντικειμένων
612 2125 894 2195 δυνάμεων
927 2121 1020 2174 καὶ
1060 2117 1209 2190 παρὰ
1250 2116 1330 2188 τῷ
1369 2116 1622 2188 προφήτῃ

84 2226 256 2296 Ἡσαΐᾳ
284 2224 375 2277 ἐπὶ
407 2222 548 2275 ὄνων
585 2216 847 2290 φέρεσθαι
880 2215 973 2268 καὶ
1005 2211 1263 2284 καμήλων
1295 2208 1507 2278 λέγεται
1536 2206 1623 2260 διὰ

73 2316 282 2369 ’τούτων⁹
320 2332 338 2366 ι
361 2315 456 2366 Ἐν
486 2314 552 2383 τῇ
588 2308 763 2379 θλίψει
798 2308 891 2362 καὶ
923 2308 988 2377 τῇ
1022 2302 1352 2374 στενοχωρίᾳ
1369 2300 1504 2353 λέων
1529 2297 1624 2351 καὶ

74 2409 282 2478 σκύμνος
305 2445 320 2471 ,
390 2403 602 2458 ἐκεῖθεν
660 2401 752 2454 καὶ
820 2399 1016 2467 ἔκγονα
1074 2394 1316 2449 ἀσπίδων
1392 2390 1622 2462 πετομέ-

73 2521 180 2565 νων,
195 2504 240 2556 οἶ
261 2501 452 2572 ἔφερον
473 2496 569 2549 ἐπὶ
588 2494 722 2547 ὄνων
750 2492 844 2544 καὶ
868 2489 1128 2561 καμήλων
1157 2487 1248 2540 τὸν
1281 2485 1507 2540 πλοῦτον
1529 2485 1626 2538 at)-

73 2595 176 2648 τῶν.
192 2592 450 2646 »Πυστέον
466 2589 525 2642 δὲ
540 2586 701 2640 πάλιν
716 2584 823 2639 τῶν
839 2582 968 2653 ψιλῇ
985 2583 1050 2652 τῇ
1069 2578 1210 2644 λέξει
1231 2579 1622 2652 προσεχόντων,

75 2690 114 2739 εἰ
143 2687 208 2758 μὴ
236 2687 352 2739 κατ’
389 2683 589 2744 αὐτοὺς
631 2677 874 2750 ματαίως
915 2675 980 2728 ἂν
1014 2673 1162 2739 δόξαι
1197 2668 1502 2742 γεγράφθαι
1530 2669 1620 2722 τό·

78 2799 95 2830 ι
114 2779 213 2848 Ἐφ’
245 2778 301 2831 ὃν
339 2775 520 2837 οὐδεὶς
551 2771 703 2825 οὔπω
733 2765 1033 2840 ἀνθρώπων
1073 2762 1346 2819 eximes.»
1393 2762 1488 2825 Τίς
1518 2761 1627 2832 γὰρ

74 2870 202 2942 παρὰ
243 2868 531 2940 ἄνθρωπον
580 2861 868 2927 καθέζεται
919 2859 1012 2912 ἐπὶ
1065 2856 1274 2922 πῶλον;
1302 2856 1412 2910 Καὶ
1457 2853 1630 2908 ταῦτα

76 2962 158 3032 μὲν
187 2962 250 3016 τὰ
275 2963 307 3032 ὴ
318 2960 442 3031 μέτε
455 2975 544 3029 ρα.

1730 556 1993 610 sidetium
2028 556 2275 609 insanum
2313 561 2364 606 et
2403 553 2562 606 rebus
2587 551 2685 604 sub
2730 564 2948 605 sensum
2981 549 3299 604 cadentibus

1732 647 2024 702 familiare.
2061 646 2143 700 Ad
2172 645 2285 698 haec
2315 643 2551 713 gaudere
2581 643 2802 710 dignum
2833 650 2938 703 est,
2969 654 3033 693 eo
3059 640 3204 708 quod
3231 640 3298 692 ab

1729 756 1794 796 eo
1821 738 2185 795 exscindatur
2215 752 2374 791 arcus
2404 735 2628 790 bellicus
2659 735 2726 800 ⁷³,
2762 734 2854 804 qui
2887 732 3104 786 vehitur
3139 745 3298 799 super

1731 832 2096 901 subjugalem,
2125 838 2180 882 et
2210 827 2412 898 pullum
2459 840 2680 888 novum,
2718 839 2821 877 non
2851 822 3151 878 valentibus
3185 836 3300 873 ain-

1727 925 1866 994 plius
1895 922 2100 976 inimici
2132 920 2319 989 ignitis
2353 919 2567 989 sagittis
2600 917 2863 972 adversus
2897 930 3040 975 eum,
3078 914 3168 980 qui
3210 927 3298 968 re-

1726 1013 1934 1083 ceperit
1975 1011 2134 1083 194
2165 1009 2351 1066 Jcsum
2380 1011 2431 1065 in
2465 1025 2620 1065 suum
2655 1007 2934 1077 templum.
2965 1006 3087 1059 Erit
3112 1013 3294 1058 autem

1726 1104 1780 1160 in
1828 1103 2131 1160 Jerusalem
2177 1102 2469 1157 multitudo
2515 1117 2579 1157 ex
2626 1100 2879 1171 gentibus
2913 1113 3036 1152 cum
3068 1111 3199 1166 pace
3223 1096 3296 1161 ⁷³,

1729 1195 2041 1252 Servatoris
2067 1196 2330 1259 adventu,
2363 1192 2681 1264 imperantis
2712 1191 2868 1261 aquis
2893 1229 2908 1255 ,
2962 1199 3020 1242 ut
3047 1197 3298 1243 conterat

1732 1290 1909 1359 capita
1944 1291 2239 1344 draconum
2275 1288 2326 1342 in
2357 1301 2495 1354 aqua
2527 1284 2593 1350 ⁷³,
2625 1291 2680 1338 et
2728 1291 2786 1336 ut
2818 1281 3098 1336 calcentur
3139 1280 3298 1332 undae

1727 1382 1893 1437 maris
1922 1395 1952 1434 a
1999 1381 2159 1436 nobis
2203 1376 2642 1449 pervenientibus
2676 1388 2846 1443 usque
2877 1374 2941 1427 ad
2989 1373 3169 1428 exitus
3196 1369 3298 1424 llu-

1727 1475 1936 1530 viorum
1990 1474 2232 1546 omnium
2271 1472 2364 1543 qui
2395 1480 2521 1526 sunt
2551 1484 2715 1538 super
2771 1478 2994 1523 terram.
3026 1465 3295 1522 Caeterum

1725 1567 1867 1636 quod
1897 1566 2112 1621 Marcus
2138 1565 2208 1620 de
2242 1564 2387 1636 pullo
2435 1562 2685 1619 scribens
2733 1576 2762 1615 a
2812 1559 3042 1613 Domino
3092 1556 3294 1611 dictum

1725 1655 1898 1713 fuisse
1936 1656 2114 1726 inquit
2147 1674 2160 1710 :
2195 1674 2214 1707 ι
2253 1656 2428 1725 Super
2461 1668 2622 1724 quem
2655 1666 2816 1705 nemo
2847 1663 3082 1718 unquam
3118 1646 3297 1701 homi-

1727 1767 1857 1806 num
1907 1749 2045 1805 sedit
2072 1740 2138 1815 7‘,
2181 1768 2200 1802 ι
2233 1749 2462 1803 innuere
2498 1743 2631 1799 mihi
2676 1743 2889 1798 videtur
2918 1741 3061 1810 quod
3095 1739 3152 1794 hi
3203 1737 3296 1807 qui

1723 1853 1907 1912 postea
1934 1843 2308 1904 crediderunt,
2340 1853 2616 1908 nunquam
2645 1836 2848 1893 rationi
2895 1845 3058 1888 antea
3085 1831 3296 1900 seipsos

1724 1931 2096 1986 subdidissent
2119 1945 2280 2001 quam
2305 1928 2462 1985 Jesus
2492 1930 2632 1983 inter
2665 1928 2808 1998 ipsos
2833 1924 3133 1979 adveniret.
3157 1920 3294 1976 Nam

1725 2022 1978 2076 fortassis
2035 2022 2317 2076 hominum
2370 2032 2529 2073 nemo
2559 2032 2796 2086 unquam
2829 2015 3101 2071 insederat
3125 2013 3292 2084 pullo,

1722 2127 1842 2168 cum
1873 2113 2075 2182 alioqui
2107 2128 2176 2167 ex
2225 2111 2360 2166 feris
2393 2110 2478 2166 vel
2505 2125 2570 2165 ex
2612 2110 2696 2164 his
2727 2107 3084 2177 potesmtibus
3115 2121 3235 2176 quae
3263 2120 3295 2161 a

1726 2205 1939 2260 ratione
1973 2205 2164 2260 alienae
2193 2211 2373 2270 erant,
2405 2203 2598 2272 aliquae
2646 2201 2974 2256 insedissent
3008 2216 3023 2256 :
3052 2199 3299 2270 quando-

1722 2297 1942 2368 quidem
1987 2296 2191 2351 divitiaa
2238 2295 2675 2350 adversariarum
2725 2294 3090 2363 potentiarum
3132 2289 3296 2345 etiam

1723 2386 1864 2457 apud
1889 2385 2083 2442 Isaiam
2107 2385 2428 2456 prophetam
2453 2400 2616 2454 super
2642 2385 2825 2439 asinos
2845 2393 2899 2438 et
2915 2382 3148 2438 caelos
3166 2380 3298 2435 ferri

1725 2479 1978 2534 dicantur
2008 2479 2093 2533 his
2128 2478 2312 2533 verbis
2351 2495 2364 2530 :
2403 2497 2422 2528 ι
2464 2477 2520 2530 In
2559 2476 2928 2543 tribulatione,
2962 2483 3015 2530 et
3047 2478 3297 2544 angustia

1729 2570 1835 2633 leo.
1855 2580 1908 2626 et
1929 2571 2349 2637 catulusleonis,
2371 2569 2496 2624 inde
2517 2569 2678 2623 etiam
2705 2569 2978 2638 genimina
3002 2567 3295 2621 volantium

1724 2663 1994 2732 aspidum,
2017 2661 2306 2717 ferentium
2332 2675 2496 2730 super
2524 2661 2704 2714 asinos
2731 2670 2787 2715 et
2820 2658 3057 2714 camelos
3080 2657 3298 2712 divitias

1725 2753 1932 2809 suas".
1961 2773 1980 2806 ι
2009 2752 2248 2808 Proinde
2270 2769 2482 2808 rursum
2506 2751 2871 2822 interrogandi
2894 2751 3125 2819 suntqui
3145 2750 3300 2822 nuda:

1730 2846 1920 2900 littera:
1945 2857 2073 2900 sunt
2096 2845 2314 2912 intenti,
2342 2861 2411 2900 an
2443 2862 2547 2901 non
2571 2845 2782 2914 judicio
2809 2859 2907 2900 suo
2929 2843 3130 2898 frustra
3163 2843 3301 2897 scri-

1729 2949 1879 3010 ptum
1931 2938 2098 2994 fuisse
2149 2940 2447 2994 videatur:
2491 2956 2509 2990 ‹
2569 2936 2740 3008 Super
2778 2951 2941 3006 quem
2991 2949 3150 2990 nemo
3197 2950 3301 2988 un-

72 3030 210 3124 quam
238 3030 519 3109 hominum
569 3049 730 3104 sedit.
777 3065 795 3099 ι
827 3045 957 3113 Quis
987 3043 1152 3109 enim,
1183 3051 1381 3114 praeter
1412 3038 1709 3105 hominem,
1746 3050 1908 3104 super
1944 3035 2120 3106 pullos
2159 3036 2436 3090 asinorum
2467 3033 2662 3089 sedet?
2696 3033 2764 3087 Et
2796 3046 2894 3086 nos
2936 3031 3150 3100 quidem
3196 3030 3301 3085 sic.

134 3153 210 3207 I9.
236 3151 462 3221 Ἰδωμεν
485 3149 543 3201 δὲ
565 3147 658 3200 καὶ
679 3144 747 3198 τὰ
773 3141 1164 3215 Ἡρακλέωνος,
1185 3141 1244 3203 ὅς
1263 3154 1396 3208 φησι
1421 3136 1520 3207 τὴν
1551 3135 1630 3198 είς
1657 3141 1700 3198 C

81 3244 402 3316 Ἰεροσόλυμα
426 3239 541 3313 (88)
574 3237 755 3292 ἄνοδον
790 3233 1072 3306 σημαίνειν
1102 3231 1213 3302 (89)
1240 3229 1336 3301 τὴν
1377 3227 1485 3282 ἀπὸ
1520 3224 1629 3279 τῶν

72 3337 247 3392 ὐλικῶν
277 3338 354 3399 εἰς
377 3334 474 3388 τὸν
496 3330 724 3402 ψυχικὸν
749 3329 932 3393 τόπον,
962 3325 1301 3396 τυγχάνοντα
1324 3321 1508 3375 εἰκόνα
1531 3319 1630 3388 τῆς

82 3428 431 3499 Ἰερουσαλὴμ,
483 3422 745 3476 ἀνάϐασιν
783 3419 877 3472 τοῦ
925 3417 1154 3489 Κυρίου.
1181 3414 1254 3468 Τὸ
1281 3414 1371 3468 δέ·
1413 3433 1431 3464 ι
1457 3407 1630 3481 Εὗρεν

74 3525 121 3576 ἐν
141 3523 210 3594 τῷ
234 3521 380 3592 ἱερῷ,
404 3540 423 3572 ›
461 3519 558 3572 καὶ
582 3516 702 3586 οὐχὶ
728 3515 836 3567 τῶν
863 3513 975 3567 ἄνω
1000 3511 1169 3565 οἴεται
1195 3507 1463 3581 εἰρῆσθαι,
1491 3505 1631 3577 ὑπὲρ

75 3613 153 3665 τοῦ
283 3614 382 3682 τὴν
426 3609 625 3679 κλῆσιν
657 3606 824 3678 μόνην
854 3602 1111 3674 νοηθῆναι
1139 3598 1234 3670 τὴν
1266 3597 1434 3668 χωρἰς
1461 3593 1631 3647 Πνεύ-

78 3723 225 3774 ματος
267 3701 582 3776 βοηθεῖσθαι
625 3699 730 3752 om
775 3696 865 3750 τοῦ
907 3693 1133 3765 Κυρίου·
1167 3692 1380 3763 ἡγεῖται
1419 3686 1527 3759 γὰρ
1562 3685 1633 3740 τὰ

77 3797 161 3865 μὲν
188 3798 347 3864 Ἅγια
383 3795 501 3848 τῶν
536 3791 704 3860 ἁγίων
737 3785 875 3842 εἶναι
914 3786 974 3840 τὸ
1022 3784 1186 3856 ἱερὸν,
1227 3783 1306 3846 εἰς
1337 3779 1373 3834 ἃ
1409 3780 1566 3851 μόνος
1603 3779 1632 3832 ό

72 3887 338 3959 ἀρχιερεὺς
361 3884 563 3956 εἰσῄει,
589 3881 714 3936 ἔνθα
736 3881 916 3950 οἴομαι
940 3876 1101 3932 αὐτὸν
1124 3873 1302 3940 λέγειν
1332 3873 1458 3934 τοὺς
1479 3886 1634 3923 πνευ-

77 3982 313 4048 ματικοὺς
352 3980 574 4050 χωρείνο
608 3974 676 4028 τὰ
717 3973 773 4026 δὲ
821 3970 912 4025 τοῦ
966 3968 1225 4042 προνάου,
1271 3967 1403 4018 ὅπου
1446 3963 1539 4016 καὶ
1581 3961 1630 4014 oi

73 4067 290 4137 Λευῖται,
328 4068 601 4142 σύμϐολον
651 4061 790 4120 εἶναι
834 4063 940 4118 τῶν
989 4061 1095 4128 ἔξω
1139 4057 1233 4113 τοῦ
1262 4053 1632 4128 Πληρώαατος

72 4163 296 4236 ψυχικῶν
322 4163 459 4234 (90),
500 4156 902 4231 εὑρισκομένων
944 4153 1003 4206 ὲν
1043 4149 1312 4222 σωτηρίᾳο
1348 4147 1483 4219 πρὸς
1512 4144 1633 4198 τού-

72 4273 171 4319 τοις
193 4256 312 4320 τοὺς
333 4251 761 4327 εὑρισκομένους
785 4251 842 4302 ὲν
860 4245 939 4318 τῷ
961 4243 1111 4317 ἱερῷ,
1139 4241 1452 4304 πωλοῦντας
1482 4239 1628 4310 βόας,

73 4350 156 4402 καὶ
195 4349 463 4422 πρόϐατα,
498 4345 592 4399 καὶ
621 4338 972 4414 περιστερὰς,
1007 4336 1102 4390 καὶ
1127 4337 1254 4398 τοὺς
1292 4331 1633 4405 καθημένους

72 4441 458 4517 κερματιστὰς,
513 4436 789 4506 ἐξεδέξατο
829 4429 1082 4501 λέγεσθαι
1138 4427 1257 4482 ἀντὶ
1309 4425 1417 4479 τῶν
1466 4423 1631 4496 μηδὲν

1807 3131 1898 3187 19.
1922 3133 2210 3186 Videamus
2228 3145 2360 3185 vero
2383 3144 2504 3198 quae
2533 3127 2830 3183 IIcracleon
2854 3125 3016 3188 dicat,
3052 3124 3304 3194 inquiens

1732 3224 1946 3279 Domini
1965 3237 2252 3278 ascensum
2274 3224 2340 3276 ad
2355 3218 2752 3293 Jerosolymam
2776 3217 3087 3288 significare
3113 3231 3304 3271 ascen-

1732 3329 1848 3370 sum
1879 3332 1908 3368 a
1940 3313 2313 3368 materialibus
2344 3313 2412 3366 ad
2435 3311 2724 3365 animalem
2770 3309 2970 3375 locum,
3009 3307 3302 3378 imaginem

1734 3408 2091 3463 exsistentem
2123 3404 2472 3476 Jerosoiyma:
2499 3421 2514 3458 :
2547 3403 2676 3458 illud
2708 3404 2870 3458 etiam
2909 3418 2924 3458 :
2961 3420 2980 3454 ι
3009 3401 3217 3456 Invenit
3248 3401 3305 3455 in

1735 3499 1933 3569 templo
1961 3498 2031 3564 ⁷⁸,
2072 3517 2091 3550 ι
2125 3512 2229 3552 nun
2260 3497 2460 3552 dictum
2492 3495 2660 3551 fuisse
2703 3495 3023 3550 existimans
3068 3494 3134 3548 de
3170 3494 3306 3549 locis

1733 3591 2002 3660 supernis,
2035 3603 2108 3644 ne
2141 3587 2564 3658 intelligeremus
2602 3586 2936 3641 vocationem
2967 3585 3163 3652 solam,
3187 3583 3308 3639 sine

1733 3683 1967 3752 Spiritus
1997 3697 2120 3752 ope,
2152 3679 2397 3749 adjuvari
2441 3695 2469 3733 a
2524 3679 2778 3733 Domino.
2828 3677 3118 3732 Existimat
3159 3675 3306 3730 enim

1735 3773 1995 3843 templum
2024 3788 2148 3828 esse
2175 3770 2376 3827 Sancta
2401 3780 2732 3834 sanctorum,
2761 3772 2814 3824 in
2837 3785 2958 3840 quae
2987 3769 3138 3825 solus
3161 3781 3308 3823 sum-

1732 3885 1855 3924 mus
1902 3867 2147 3939 pontifex
2191 3865 2619 3935 ingrediebatur,
2665 3878 2773 3935 quo
2820 3866 2986 3919 etiam
3033 3859 3308 3933 proﬁcisci

1733 3960 2042 4028 spiritualcs
2067 3958 2309 4014 arbitror
2338 3957 2488 4010 illum
2521 3957 2736 4024 dicere;
2788 3955 3112 4011 vestibulum
3142 3957 3306 4024 (vero,

1732 4053 1824 4108 ubi
1857 4052 2020 4106 etiam
2052 4050 2253 4106 Levitae
2281 4060 2458 4116 erant,
2491 4050 2798 4104 arbitratur
2846 4058 3032 4104 notam
3067 4060 3188 4102 esse
3217 4043 3310 4100 ea-

1733 4161 1852 4200 rum
1877 4144 2182 4200 animarum
2207 4158 2332 4214 quae
2361 4143 2712 4198 inveniuntur
2735 4142 2791 4196 in
2819 4143 2998 4196 salute
3019 4151 3173 4195 extra
3196 4137 3310 4193 Ple-

1733 4252 1906 4293 roma.
1948 4237 2030 4291 Ad
2059 4237 2174 4292 haec
2207 4237 2454 4291 inventos
2480 4236 2532 4290 in
2567 4235 2766 4304 templo
2794 4237 3093 4290 vendentes
3119 4233 3306 4296 boves,

1733 4341 1787 4385 et
1805 4343 1961 4396 oves,
1991 4342 2047 4385 et
2082 4329 2383 4396 columbas,
2429 4338 2485 4384 et
2531 4330 2789 4385 sedentes
2823 4327 3128 4382 mensarios
3152 4366 3168 4390 ,
3205 4327 3309 4380 dici

1734 4422 1987 4492 exposuit
2015 4437 2112 4492 pro
2144 4423 2229 4477 his
2254 4423 2348 4493 qui
2381 4421 2512 4476 nihil
2544 4422 2731 4493 gratia:
2760 4421 3026 4484 tribuunt,
3051 4419 3142 4474 sed
3168 4432 3311 4471 mer-

72 4505 235 4607 χάριτι
257 4533 534 4593 διδόντων,
582 4526 698 4582 ἀλλ’
748 4521 1016 4594 ἐμπορίαν
1047 4519 1144 4572 καὶ
1172 4515 1362 4589 κέρδος
1387 4514 1486 4607 τὴν
1522 4513 1598 4566 τῶ

1805 4525 1977 4569 turam
2023 4524 2216 4584 putant
2253 4523 2308 4569 et
2340 4513 2550 4568 lucrum
2589 4514 2894 4583 ingressum
2923 4523 3310 4568 extraneorum

74 4605 222 4694 ξένων
247 4628 325 4690 εἰς
346 4623 408 4678 τὸ
440 4621 591 4696 ἱερὸν
616 4618 816 4673 εἴσοδον
837 4613 1187 4686 νομιζόντων,
1214 4607 1307 4663 τοῦ
1335 4605 1462 4660 ἰδίου
1503 4605 1632 4677 κέρ-

75 4719 182 4783 δους
217 4720 308 4772 καὶ
344 4713 714 4788 φιλαργυρίας
742 4711 946 4774 ένεκεν,
992 4704 1089 4768 τὰς
1130 4704 1209 4766 είς
1239 4701 1338 4770 τὴν
1380 4699 1632 4788 λατρείαν

75 4810 158 4863 τοῦ
192 4809 323 4864 Θεοῦ
360 4786 556 4868 θυσίας
593 4799 969 4876 χορηγούντων
987 4813 1001 4826 ·
1027 4794 1123 4849 καὶ
1147 4792 1208 4844 τὸ
1231 4787 1554 4862 φραγέλλιον
1578 4786 1637 4840 δὲ

136 4932 180 4962 το
210 4929 348 4984 Psal.
384 4940 566 4990 nam,
597 4921 684 4978 Π.
759 4921 803 4952 τί
833 4919 998 4974 Zach.
1028 4931 1105 4981 Ix,
1137 4911 1225 4966 10.
1320 4911 1366 4942 ⁷³
1407 4909 1534 4964 ibid.

79 5002 118 5033 "
138 5001 286 5057 Joan.
319 5016 382 5064 ll,
413 4997 507 5050 M.

79 5099 245 5160 hatus.
275 5108 333 5151 ut
357 5096 596 5155 videtur,
623 5104 796 5160 coque
822 5086 983 5160 modo
1002 5082 1379 5160 restituendus
1401 5091 1510 5160 quo
1549 5075 1631 5130 1e-

81 5150 473 5237 git—in'terpres,
513 5150 867 5237 neinpeﬁc:
911 5157 1057 5237 «Mi;
1103 5151 1362 5237 (po-608....
1389 5150 1634 5237 ’,ἔρχεται

82 5218 370 5308 Ξείθῆέὶἐᾶ
392 5218 488 5289 ea
513 5218 855 5308 ταζιλόν-ξνου,
883 5248 910 5308 _.
941 5218 1060 5308 ἀνῄ
1091 5218 1260 5308 «έοῦιμ
1292 5218 1638 5296 ἐπιϐεϐηκὼς

83 5312 166 5364 ἐπὶ
191 5283 484 5375 δῖοξξγιον
512 5304 613 5375 κα).
636 5301 814 5375 πῶλον
839 5283 974 5353 ζέον.
1013 5299 1167 5375 Enn.
1196 5283 1440 5375 'PAInoL.

145 5362 412 5450 (85⁸⁸)θτῷ
448 5373 627 5450 Δὑγιεῖ
653 5373 814 5450 ῒλόγῳ
844 5367 1214 5450 ιπροσέχςιγ,
1255 5362 1635 5450 βλάπτον-τα.

84 5431 297 5506 1ιέὶῖκῇ
327 5431 760 5514 Βὸόι.;ἰἶεείυέ,
781 5431 793 5434 ’
809 5431 1096 5507 τδν”ὑγιῆ”
1115 5437 1271 5504 λόγον
1321 5431 1632 5505 προσέχειν,

87 5520 508 5671 (ἵησιν.
536 5586 698 5640 Deest
725 5583 779 5636 in
812 5579 1001 5636 codice
1022 5577 1208 5647 Regio,
1234 5575 1327 5630 sed
1369 5580 1549 5628 exstat
1579 5570 1636 5625 in

86 5660 386 5714 Bodleiano.
1399 5677 1406 5680 -

89 5801 112 5803 _
154 5731 261 5803 (81-)
295 5725 512 5796 Ἰησοῦ.
559 5723 912 5780 Desideratur
973 5720 1026 5772 in
1091 5716 1282 5789 Regio,
1336 5713 1531 5784 legitur
1581 5711 1634 5766 in

89 5801 394 5938 Boil§§iaiéié
436 5866 827 5938 Ἱεροσόλυμα.
854 5861 1015 5920 Deest
1035 5863 1113 5925 εις
1147 5859 1202 5916 in
1225 5856 1411 5916 codice
1436 5852 1625 5923 Regio.

1633 4909 1680 4942 ⁷³
1710 4908 1855 4966 Psal.
1889 4926 2083 4976 Lxxm,
2117 4911 2204 4966 15.

1738 4604 1792 4659 in
1846 4605 2126 4677 templum,
2174 4605 2463 4670 victimas,
2511 4605 2716 4675 proprii
2775 4603 2908 4659 lucri
2966 4613 3023 4657 et
3071 4600 3312 4656 avaritiae

1739 4711 1929 4763 causa,
1963 4699 2028 4754 ad
2073 4698 2275 4754 cultum
2322 4698 2419 4753 Dei
2463 4698 2890 4770 suppeditantes.
2951 4695 3089 4764 Quin
3146 4695 3310 4768 etiam

1743 4787 1928 4844 Jesum
1980 4806 2012 4845 e
2061 4789 2313 4846 funiculis
2368 4789 2563 4846 fecisse
2605 4789 2897 4861 flagellum,
2951 4803 3057 4842 non
3093 4788 3162 4842 ab
3207 4786 3314 4840 alio

2312 4910 2360 4942 ⁷⁸
2400 4909 2567 4965 Marc.
2595 4925 2668 4976 XI,
2705 4907 2760 4962 2.
2865 4905 2911 4937 ’⁷⁸
2946 4904 3051 4960 Isa.
3081 4916 3217 4967 xxx,
3257 4900 3310 4957 6.

1807 5069 1921 5138 (89)
1956 5070 2136 5124 Codex
2167 5069 2383 5137 Regius,
2413 5067 2574 5138 male,
2608 5067 2882 5137 σημαίνει.

1804 5135 1915 5213 (90)
1947 5139 2068 5195 Τῶν
2095 5139 2221 5213 ἐξιιξ
2233 5135 2338 5213 τοῦ
2365 5135 2753 5213 Πλτιρώμᾳτος
2788 5135 3083 5206 ψυχικῶν.
3121 5136 3315 5213 Defu-

1738 5207 2166 5267 lentinianornm
2191 5207 2512 5273 Pleromate,
2535 5221 2588 5263 et
2620 5211 2684 5260 iis
2710 5226 2828 5276 quae
2849 5220 2974 5262 sunt
3005 5217 3156 5260 extra
3193 5207 3313 5260 Plc-

1739 5298 1890 5338 roma
1922 5281 2139 5335 disserit
2181 5281 2515 5348 Epiphanius
2542 5279 2852 5340 εχιτ-ουτοι),
2905 5280 3095 5331 han'es.
3158 5295 3309 5341 xxxi,

1741 5370 1863 5421 cap.
1889 5351 1988 5417 I6;
2026 5351 2400 5405 Tertullianns
2442 5349 2864 5405 Universitatem
2900 5349 3152 5421 appellat,
3173 5349 3308 5421 adv.

1757 5417 2040 5485 Valerium,
2063 5423 2237 5492 deque
2263 5436 2322 5474 ea
2348 5422 2457 5489 agit
2477 5436 2607 5492 cum
2642 5421 2763 5482 hoc,
2791 5435 2952 5488 quem
2980 5417 3307 5492 dico,__l.ihrp,

1737 5505 1849 5548 tum
1872 5495 2034 5547 etiam
2060 5485 2162 5545 lib:
2179 5491 2249 5543 De
2270 5485 2564 5558 pra'scripl.
2588 5493 2792 5542 advers.
2810 5485 3021 5552 lueret,
3044 5497 3098 5539 et
3238 5486 3312 5538 De

1738 5565 1902 5618 anim.
1927 5563 2228 5616 Ilmnanum
2253 5555 2428 5614 autem
2455 5555 2624 5628 genus
2652 5561 2703 5612 in
2736 5570 2844 5614 tres
2869 5559 3088 5611 ordines
3116 5555 3312 5610 Valen-

1741 5635 1929 5689 tiniani
1958 5634 2346 5687 distribuebant
2376 5646 2389 5682 :
2419 5630 2844 5700 πνευματικούς.
2875 5631 2923 5680 in
2948 5643 3178 5700 quorum
3215 5644 3314 5700 nn-

1740 5721 1948 5760 merum
1989 5719 2046 5757 se
2078 5703 2175 5770 ipsi
2211 5717 2274 5755 ac
2315 5697 2602 5756 Gnosticos
2649 5701 2990 5770 referebant;
3023 5697 3306 5768 ψυχικούς,

1745 5780 1811 5830 de
1833 5777 2026 5844 quibus
2055 5769 2142 5827 hic
2167 5772 2487 5844 Hieracleon;
2514 5783 2566 5824 et
2587 5769 2904 5844 σαρκικούς.
2931 5769 3162 5844 Censnle
3189 5769 3313 5832 lipi—

1734 5839 1992 5921 phanium
2027 5843 2219 5902 haeresi
2251 5859 2403 5916 uxr,
2432 5857 2551 5912 cap.
2584 5843 2613 5894 ’1
2646 5839 2702 5900 et
2733 5843 2797 5898 l9
2819 5852 3018 5921 etseq.
3048 5839 3307 5896 HUETIUS.
