3702 6142
358 307 455 362 571

1808 290 2129 350 ORIGENIS

3486 293 3575 354 5‘72

361 430 502 484 facta
557 443 578 478 ι
636 425 828 482 domus
895 423 1194 492 spiritualis
1255 422 1310 476 in
1369 409 1738 476 sacerdotium
1808 433 1823 474 ε

2113 416 2335 490 δάτευμα
2366 421 2519 488 ἅγιον
2546 440 2564 471 ι
2591 420 2900 492 γινομένην,
2926 418 3438 491 έποικοδομωμένην
3467 423 3575 476 «ἐπὶ

360 531 506 577 ctum
543 517 591 551 “
626 535 649 578 ·;
687 535 706 569 ι
745 516 1180 588 ευροταιάἱίίοσια
1238 533 1259 566 ι
1306 528 1466 585 supra
1516 513 1932 568 fundamentum

360 611 729 683 apostolorum
765 622 820 665 et
859 610 1274 679 prophetarum,
1317 621 1531 663 summo
1570 605 1817 676 angulari
1852 604 1936 658 la-

360 703 488 774 pide
519 703 744 758 ChriSto
790 700 916 757 Jesu
936 701 1004 766 ⁸⁸,
1041 719 1061 754 ι
1101 715 1292 757 revera
1329 699 1585 768 templum
1615 697 1934 753 exsistente.

361 795 456 849 Sin
490 808 620 849 vero
648 805 872 864 propter
905 792 1075 846 illud:
1124 810 1144 843 ι
1198 791 1302 847 Vos
1331 792 1510 846 autem
1564 792 1698 846 estis
1737 803 1937 859 corpus

359 883 588 951 Christi,
618 895 671 938 et
701 883 944 938 membra
977 896 1042 936 ex
1073 893 1229 952 parte
1259 882 1328 946 ⁸⁸,
1367 900 1386 934 ι
1410 881 1656 935 videatur
1681 877 1934 946 iunctura

359 985 415 1032 et
441 976 819 1032 convenientia
851 974 1090 1044 lapidum
1141 974 1325 1044 templi
1367 972 1600 1035 destrui,
1647 971 1934 1039 dissipari-

361 1082 488 1138 que,
516 1077 574 1122 ut
601 1067 653 1122 in
680 1066 855 1136 primo
872 1076 926 1120 et
945 1065 1207 1121 vicesimo
1232 1067 1497 1134 scriptum
1521 1075 1608 1119 est
1633 1063 1843 1134 psalmo
1863 1064 1932 1131 ⁸⁷,

360 1159 544 1215 omnia
571 1159 772 1215 Christi
809 1173 930 1213 ossa
970 1155 1040 1210 ab
1067 1157 1280 1212 insidiis
1304 1172 1423 1226 quae
1448 1166 1574 1212 sunt
1601 1157 1654 1209 in
1685 1171 1934 1226 persecu-

367 1251 610 1306 tionibus
642 1261 698 1306 et
737 1250 1201 1316 tribulationibus,
1247 1258 1302 1304 et
1356 1249 1424 1305 ab
1471 1249 1556 1304 his
1595 1250 1687 1318 qui
1737 1249 1934 1303 bellum

349 1344 607 1400 inferunt
640 1343 836 1399 unitati
885 1343 1069 1412 templi
1114 1345 1183 1398 ob
1229 1345 1664 1412 persecutiones,
1700 1342 1939 1411 erigetur

368 1435 661 1505 templum,
709 1447 765 1491 et
817 1433 1174 1491 suscitabitur
1221 1447 1420 1502 corpus
1475 1434 1634 1487 tertia
1679 1432 1766 1486 die
1817 1440 1937 1500 post

362 1526 506 1579 diem
557 1525 780 1580 malitiae
823 1526 876 1579 in
915 1526 1032 1595 ipso
1063 1524 1376 1590 instantem,
1428 1533 1590 1592 atque
1634 1531 1756 1592 post
1794 1522 1936 1576 diem

362 1618 853 1672 consummationis
905 1619 1008 1673 hac
1042 1618 1400 1687 posteriorem
1449 1617 1515 1672 ⁸⁵⁸.
1560 1615 1742 1670 Tertia
1790 1617 1934 1671 enim

362 1709 419 1765 in
445 1711 584 1766 caelo
617 1726 781 1772 novo,
813 1721 868 1766 et
899 1721 1047 1766 terra
1101 1726 1235 1766 nova
1284 1711 1511 1766 instabit
1550 1710 1684 1772 dies,
1717 1709 1935 1778 quando

363 1817 485 1856 ossa
512 1805 627 1856 haac
652 1802 718 1866 3°,
755 1817 948 1871 nempe
997 1801 1176 1856 omnis
1209 1803 1402 1857 domus
1430 1801 1617 1867 lsracl,
1651 1801 1705 1854 in
1741 1814 1934 1869 magna
1969 1777 2009 1831 Β

361 1893 639 1949 Dominica
692 1895 1099 1958 excitabuntur,
1157 1905 1331 1949 morte
1378 1894 1630 1958 devicta,
1691 1894 1825 1948 adeo
1879 1901 1937 1946 ut

360 1987 503 2042 facta
551 1986 883 2042 resurrectio
917 1985 1119 2040 Christi
1166 2001 1194 2039 a
1241 1987 1425 2042 crucis
1465 1986 1734 2054 passione,
1761 1983 1938 2038 conti-

365 2087 490 2132 neat
572 2081 891 2147 mysterium
957 2077 1379 2133 resurrectionis
1449 2078 1621 2131 totius
1687 2075 1935 2146 corporis

359 2171 586 2226 Christi.
621 2169 690 2226 Ut
735 2181 914 2225 autem
966 2185 1166 2241 corpus
1213 2170 1343 2224 illud
1377 2168 1529 2234 Jesu,
1557 2171 1809 2225 sensibus
1840 2169 1936 2223 ob-

359 2264 607 2330 noxium,
636 2264 782 2318 cruci
813 2261 1028 2317 aﬂixum
1075 2273 1162 2318 est
1209 2262 1606 2332 sepultumque,
1649 2270 1704 2318 et
1747 2275 1934 2333 postea

363 2358 620 2421 excitum,
653 2357 731 2413 sic
773 2366 943 2412 totum
979 2366 1297 2411 sanctorum
1329 2356 1536 2411 Christi
1568 2372 1765 2427 corpus
1810 2374 1934 2413 cum

359 2449 581 2504 Christo
609 2451 754 2504 cruci
785 2449 998 2504 allixum
1035 2459 1120 2504 est
1165 2459 1220 2504 et
1271 2465 1413 2503 nunc
1451 2465 1557 2504 non
1589 2450 1820 2520 amplius
1854 2452 1932 2506 vi-

359 2546 457 2598 vit.
490 2544 869 2614 Unusquisque
896 2544 1041 2599 enim
1077 2544 1313 2607 illorum,
1343 2544 1565 2611 perinde
1599 2553 1760 2614 atque
1794 2544 1934 2598 Pau-

359 2633 467 2698 lus,
507 2635 558 2687 in
595 2635 740 2688 nulla
769 2651 826 2690 re
855 2637 956 2688 alia
988 2635 1252 2705 gloriatur
1279 2644 1648 2704 przeterquam
1681 2637 1732 2690 in
1771 2651 1936 2692 cruce

362 2727 573 2781 Domini
608 2727 776 2781 nostri
807 2726 934 2782 Jesu
963 2728 1187 2792 Christi,
1240 2743 1336 2796 per
1377 2742 1537 2798 quem
1571 2729 1685 2796 ipse
1734 2731 1935 2783 mundo

360 2819 652 2874 crucitixus
700 2829 785 2874 est
821 2831 874 2874 et
920 2820 1153 2874 mundus
1199 2820 1272 2873 illi
1311 2820 1376 2873 9°.
1411 2819 1780 2886 Quamobrem
1827 2837 1932 2875 non

359 2923 572 2968 tantum
599 2928 704 2967 una
729 2928 851 2968 cum
873 2912 1089 2969 Christo
1117 2913 1266 2968 cruci
1302 2913 1402 2967 fuit
1429 2912 1934 2984 allixusunusquis-

361 3021 471 3075 que
521 3021 582 3061 ac
625 3006 843 3072 mundo,
887 3007 982 3062 sed
1030 3007 1192 3062 etiam
1225 3022 1330 3062 una
1366 3021 1487 3061 cum
1524 3005 1742 3061 Christo
1775 3021 1932 3075 sepe-

2037 507 2116 578 τῷ
2143 507 2378 581 θεμελίῳ
2414 509 2522 564 τῶν
2569 511 2883 565 ἀποστόλων
2903 550 2920 574 ,
2976 511 3071 564 καὶ
3101 511 3388 582 προφητῶν
3406 551 3419 575 ,
3449 512 3577 580 ὀντος

2039 601 2433 670 ἀκρογωνιαίου
2461 604 2698 674 Χριστοῦ
2715 602 2912 674 Ἰησοῦ,
2945 623 2962 655 ι
3000 602 3432 674 χρηματίζουσαν
3453 606 3575 661 ναόν.

2036 690 2136 744 Διά
2160 691 2217 744 δὲ
2246 690 2358 745 τοῦ·
2392 711 2411 744 t
2447 693 2636 764 Ὑμεῖς
2659 693 2717 747 δέ
2744 695 2867 747 ὲστε
2891 693 3052 764 σῶμα
3073 693 3332 765 Χριστοῦ,
3358 695 3442 747 κα).
3463 696 3576 768 μέλη

2036 781 2101 836 ὲκ
2138 782 2368 852 μέρους,
2408 802 2426 833 ι
2475 783 2576 836 κᾶν
2599 783 2821 837 λύεσθαι
2863 784 2978 856 δὲή
3015 783 3125 839 τῶν
3149 783 3307 837 λίθων
3343 784 3430 837 τοῦ
3467 785 3576 838 ναοῦ

2037 874 2272 945 ἁρμονία
2295 873 2423 946 δοκῇ
2451 877 2544 930 καὶ
2568 876 3048 949 διασκορπίξεσθαι
3069 917 3084 942 ,
3113 878 3188 941 ὡς
3219 878 3277 930 ὲν
3300 884 3381 930 xa.’
3407 877 3581 950 ψαλμῷ

2036 964 2367 1035 γέγραπται,
2416 965 2594 1020 πάντα
2639 967 2708 1020 τά
2749 969 2881 1021 ὀστᾶ
2929 968 3024 1021 τοῦ
3064 967 3299 1041 Χριστοῦ
3349 969 3445 1022 ὑπὸ
3490 969 3580 1022 τῶν

2037 1059 2094 1110 ἐν
2123 1057 2383 1128 διωγμοῖς
2409 1059 2503 1113 καὶ
2543 1059 2785 1130 θλίψεσιν
2813 1060 3140 1126 ἐπιϐουλῶν,
3170 1062 3277 1116 ἀπὸ
3305 1061 3406 1115 τῶν
3437 1079 3582 1135 προσ-

2037 1149 2415 1222 πολεμούντων
2466 1155 2530 1222 τῇ
2594 1152 2809 1222 ένότητι
2871 1153 2965 1207 τοῦ
3023 1153 3152 1207 ναοῦ
3220 1155 3278 1206 ἐν
3327 1155 3579 1226 διωγμοῖς,

2037 1243 2396 1316 ἐγερθήσεται
2439 1247 2469 1298 ὀ
2509 1245 2668 1310 ναὸς,
2723 1247 2814 1299 καὶ
2865 1247 3228 1317 ἀναστήσεται
3263 1248 3320 1300 τὸ
3351 1248 3499 1319 σῶμα
3526 1253 3581 1322 τῇ

2035 1337 2194 1410 τρίτῃ
2225 1337 2410 1410 ἡμέρα
2441 1338 2579 1409 μετά
2600 1337 2696 1409 τὴν
2742 1340 3096 1409 ἐνεστηκυῖαν
3139 1340 3196 1392 ἐν
3241 1339 3386 1410 αὐτῷ
3412 1342 3587 1405 κακίας

2037 1430 2274 1502 ἡμέραν,
2308 1433 2401 1484 καὶ
2433 1431 2530 1502 τὴν
2567 1431 2705 1502 μετὰ
2732 1432 2935 1504 ταύτην
2962 1433 3058 1504 τῆς
3089 1432 3420 1497 συντελείαςο
3449 1434 3586 1505 τρίτη

2037 1522 2146 1594 γὰρ
2181 1525 2240 1578 ἐν
2278 1523 2356 1594 τῷ
2391 1523 2562 1595 καινῷ
2603 1524 2817 1596 οὐρανῷ
2845 1526 2936 1578 καὶ
2969 1527 3127 1595 καινῇ
3162 1527 3233 1596 γῇ
3270 1525 3585 1595 ἐνστήσεται,

2037 1619 2124 1674 ὅτε
2154 1617 2222 1671 τά
2250 1620 2384 1673 ὀστᾶ.
2409 1618 2599 1683 ταῦτα,
2638 1619 2744 1682 πᾶς
2775 1615 2920 1682 οἶκος
2966 1617 3179 1690 Ἰσραήλ
3206 1621 3262 1671 ὲν
3301 1621 3366 1689 τῇ
3400 1619 3586 1689 μεγάλη

2039 1713 2272 1783 κυριακῇ
2343 1711 2730 1782 ἐγερθήσεται,
2793 1709 2888 1764 τοῦ
2937 1709 3168 1764 θανάτου
3236 1710 3586 1780 νενικημένου,

2037 1801 2176 1856 ὥστε
2210 1805 2302 1856 καὶ
2331 1803 2427 1874 τὴν
2456 1803 2753 1874 γενομένην
2780 1802 3074 1856 ἀνάστασιν
3107 1801 3202 1855 τοῦ
3241 1800 3471 1874 Χριστοῦ
3499 1802 3588 1855 ἀπὸ

2036 1896 2128 1948 τοῦ
2165 1896 2304 1949 κατά
2352 1896 2440 1949 τὸν
2467 1895 2697 1968 σταυρὸν
2748 1894 2952 1958 πάθους
2996 1895 3265 1968 περιέχειν
3322 1898 3589 1966 μυστήριον

2037 1987 2134 2057 τῆς
2191 1987 2540 2050 ἀναστάσεως
2603 1985 2696 2039 τοῦ
2773 1986 2973 2048 παντὸς
3032 1983 3270 2056 Χριστοῦ
3343 1981 3586 2054 σώματος.

2041 2080 2248 2151 ’Ὠσπερ
2275 2081 2329 2133 δὲ
2355 2081 2528 2134 ἐκεῖνο
2556 2079 2617 2132 τὸ
2647 2078 2900 2148 αἰσθητὸν
2929 2077 3020 2131 τοῦ
3078 2077 3253 2149 Ἰησοῦ
3287 2076 3444 2148 σῶμα
3469 2078 3586 2148 Χρι-

2039 2170 2147 2240 στῷ
2172 2171 2308 2242 (8-9)
2336 2171 2697 2242 ἐσταύρωται,
2734 2170 2824 2224 καὶ
2852 2167 3137 2236 τέθαπται,
3169 2169 3261 2223 καὶ
3295 2167 3431 2240 μετά
3453 2166 3590 2221 τοῦτο

2038 2261 2354 2331 ἐγήγερται,
2384 2259 2556 2323 οὕτως
2601 2259 2660 2312 τὸ
2697 2259 2813 2313 ὅλον
2843 2260 2950 2312 τῶν
2985 2259 3156 2328 ἀγίων
3188 2259 3430 2330 Χριστοῦ
3451 2257 3588 2328 σῶμα

2039 2353 2510 2425 συνεσταύρωται,
2573 2354 2666 2407 καὶ
2721 2353 2816 2407 νῦν
2863 2353 3046 2406 οὐκέτι
3096 2352 3194 2424 ζῇ’
3241 2353 3468 2416 ἕκαστος
3497 2352 3589 2423 γὰρ

2037 2448 2143 2502 τῶν
2173 2448 2307 2519 (10},
2328 2448 2402 2512 ὡς
2425 2447 2650 2511 Παῦλος,
2679 2450 2737 2500 ὲν
2760 2447 2933 2500 οὐδενὶ
2966 2446 3108 2516 ἄλλῳ
3155 2447 3427 2517 καυχᾶται
3467 2446 3498 2517 ἢ
3541 2446 3589 2496 ἐν

2037 2537 2113 2610 τῷ
2136 2539 2351 2610 σταυρῷ
2379 2539 2472 2592 τοῦ
2496 2539 2700 2611 Κυρίου
2725 2537 2879 2610 ήμῶν
2905 2537 3140 2609 Χριστοῦ
3184 2537 3361 2608 Ἰησοῦ
3382 2579 3396 2602 ,
3433 2537 3495 2590 δι’
3539 2529 3590 2589 οὗ

2037 2630 2198 2690 αὐτὸς
2223 2631 2410 2702 κόσμῳ
2432 2629 2790 2701 ἐσταύρωται,
2823 2629 2916 2682 καὶ
2959 2630 3160 2700 κόσμος
3192 2628 3365 2699 αὐτῷ.
3400 2629 3470 2681 Οὐ
3512 2629 3591 2698 μό-

2038 2740 2127 2777 νον
2160 2719 2251 2776 οῦν
2284 2722 2502 2794 Χριστῷ
2528 2721 2964 2793 συνεσταύρωται
2993 2722 3087 2774 καὶ
3121 2722 3312 2791 κόσμῳ
3342 2721 3592 2792 ἐσταύρω-

2036 2833 2146 2879 ται,
2176 2815 2313 2870 ἀλλά
2344 2817 2436 2869 καὶ
2473 2815 2691 2886 Χριστῷ
2725 2815 3120 2870 συνθάπτεται’
3162 2835 3181 2868 ι
3226 2817 3592 2886 Συνετάφημεν

2037 2907 2164 2978 γὰρ,
2201 2909 2354 2980 φησὶ,
2391 2907 2483 2979 τῷ
2512 2907 2750 2980 Χριστῷ,
2791 2929 2808 2959 ι
2846 2912 2874 2962 ὀ
2907 2908 3142 2973 Παῦλοςο
3196 2891 3316 2972 καὶ,
3375 2907 3592 2979 ὡσπερεὶ

2039 3003 2094 3056 ἐν
2119 3021 2225 3056 τινι
2257 3002 2536 3076 apparatum
2577 3004 2924 3068 ἀναστάσεως
2969 3004 3293 3076 γενόμενος,
3327 3003 3471 3074 λέγει
3511 3003 3591 3055 τό’

359 3098 538 3152 litur:
589 3117 609 3151 ‹
649 3099 957 3168 Conscpulti
1010 3100 1158 3154 enim
1213 3114 1400 3154 sumus
1449 3113 1573 3153 cum
1627 3097 1821 3154 ϐὴτίευ

2131 3095 2512 3166 ἒυνανέστημεν
2563 3094 2740 3165 αὐτῷ·
2782 3115 2799 3147 r
2854 3095 2976 3148 ἐπεὶ
3027 3097 3083 3149 ὲν
3145 3097 3426 3170 καινότητι
3468 3096 3593 3166 ζωῆς

357 3190 538 3260 inquit
567 3191 766 3248 Paulus
790 3193 860 3254 9‘,
896 3193 1098 3246 addens
1122 3191 1308 3255 etiam,
1338 3190 1497 3244 veluti
1527 3189 1592 3244 ad
1624 3191 1932 3261 quempiam

359 3286 777 3340 resurrectionis
869 3285 1228 3338 arrhabonem
1311 3283 1696 3354 pervenisset,
1771 3300 1792 3335 ι
1867 3283 1935 3338 Et

361 3393 484 3433 cum
532 3379 646 3448 ipso
702 3379 1146 3433 consurreximus
1188 3379 1234 3410 ⁹²
1270 3394 1286 3442 ;
1327 3395 1346 3429 ι
1388 3387 1573 3447 postea
1611 3379 1663 3430 in
1699 3379 1931 3448 quadam

360 3473 599 3526 novitate
646 3473 768 3525 vita:
821 3471 1086 3535 ambulat,
1135 3479 1394 3539 tanquam
1426 3471 1516 3539 qui
1566 3471 1723 3525 beata
1759 3471 1846 3524 illa
1879 3481 1934 3527 et

361 3564 599 3632 perfecta
624 3565 1019 3618 resurrectione
1049 3565 1285 3618 nondum
1320 3563 1698 3619 resurrexerit.
1723 3562 1814 3618 Vel
1834 3564 1934 3634 igi-

359 3662 449 3707 tur
485 3671 626 3709 nnnc
665 3655 882 3724 quidem
930 3657 1226 3710 cruciﬁxus
1255 3654 1376 3715 fuit,
1406 3664 1588 3723 postea
1621 3670 1748 3710 vero
1774 3668 1931 3724 sepe-

360 3747 526 3814 litur;
580 3749 660 3802 vel
706 3765 847 3801 nunc
892 3749 1150 3815 sepelitur
1175 3749 1415 3803 sublatus
1452 3750 1616 3802 etiam
1667 3766 1698 3803 e
1746 3763 1929 3814 cruce,

359 3839 672 3907 aliquando,
721 3850 990 3908 quatenus
1034 3839 1277 3909 sepultus
1307 3856 1448 3894 nunc
1482 3840 1603 3907 fuit,
1637 3844 1931 3896 resuscita-

363 3942 536 3983 turus.
584 3929 850 3985 Caeterum
885 3947 1140 4000 magnum
1169 3942 1252 3985 est
1283 3932 1702 3986 resurrectionis
1733 3943 1931 3988 nostrae

360 4023 677 4093 mysterium
721 4039 1051 4093 prorsnsque
1093 4025 1456 4095 contemplatu
1483 4025 1734 4092 dillicile;
1785 4027 1930 4096 quod

358 4131 482 4168 cum
515 4116 568 4168 in
598 4115 720 4170 aliis
770 4116 952 4170 multis
1000 4118 1404 4187 Scripturarum
1451 4117 1606 4184 locis,
1651 4125 1764 4171 tum
1801 4135 1930 4175 vero

358 4210 521 4265 etiam
555 4211 695 4277 apud
732 4208 1069 4264 Ezechielcm
1105 4211 1188 4265 his
1225 4210 1406 4265 verbis
1445 4212 1796 4265 annuntiatur
1833 4212 1924 4268 ’δε

363 4323 381 4354 ι
418 4302 483 4356 Ει
511 4301 652 4356 facta
689 4312 772 4355 est
809 4316 973 4369 super
1013 4317 1098 4356 me
1148 4319 1337 4357 manus
1364 4302 1604 4368 Domini,
1647 4312 1702 4357 et
1741 4303 1928 4358 eduxit

359 4410 445 4450 me
477 4395 527 4448 in
557 4395 761 4464 Spiritu
805 4393 1038 4456 Domini,
1062 4403 1116 4448 et
1138 4395 1316 4464 posuit
1343 4411 1426 4449 me
1452 4396 1504 4450 in
1525 4396 1700 4450 medio
1724 4395 1923 4464 campi,

2035 3205 2143 3241 τινι
2189 3190 2496 3259 περιπατεῖ,
2528 3189 2601 3251 ὡς
2646 3188 2786 3243 κατά
2809 3189 2906 3260 τὴν
2929 3189 3288 3261 ἐλπιζομένην
3318 3193 3592 3262 μακαρίαν,

2036 3281 2131 3334 καὶ
2159 3281 2364 3336 τελείαν
2394 3283 2686 3337 ἀνάστασιν
2713 3283 2938 3355 μηδέπω
2955 3284 3212 3347 ἀναστάς.
3231 3285 3394 3337 Ἤτοι
3414 3279 3500 3338 οὖν
3515 3283 3595 3336 νῦν

2039 3374 2138 3446 μὲν
2187 3374 2560 3447 ἐσταύρωται,
2617 3376 2754 3447 μετά
2799 3375 2854 3429 δὲ
2890 3375 3064 3430 ταῦτα
3097 3376 3396 3430 θάπτεταιο
3447 3376 3479 3448 ἢ
3515 3375 3596 3429 νῦν

2035 3467 2300 3522 θάπτεται
2324 3469 2417 3522 καὶ
2443 3469 2630 3541 ἀρθεὶς
2661 3469 2770 3522 ἀπὸ
2801 3469 2892 3523 τοῦ
2929 3469 3184 3543 σταυροῦ,
3221 3471 3354 3524 ποτὲ
3377 3471 3455 3534 δὲ,
3482 3469 3597 3522 καθὸ

2035 3561 2128 3614 νῦν
2173 3561 2474 3626 τέθαπται,
2527 3563 2910 3633 ἀναστήσεται.
2955 3563 3113 3632 Μέγα
3161 3563 3216 3616 δέ
3254 3565 3374 3616 ἐστι
3419 3564 3478 3617 τὸ
3514 3563 3597 3632 τῆς

2035 3654 2404 3718 ἀναστάσεως,
2460 3654 2553 3708 καὶ
2601 3654 2972 3727 δυσθεώρητον
3026 3659 3139 3721 τοῖς
3186 3657 3407 3721 πολλοῖς
3458 3657 3596 3729 ήμῶν

2035 3749 2358 3819 μυστήριον,
2393 3749 2530 3819 ὅπερ
2564 3750 2658 3802 καὶ
2681 3751 2737 3801 ἐν
2765 3750 2946 3814 ἄλλοις
2986 3751 3199 3814 πολλοῖς
3245 3751 3466 3818 λέγεται
3501 3750 3596 3802 τῶν

2033 3838 2072 3890 Γ
2080 3838 2267 3908 ραφῶν
2297 3839 2479 3902 τόποις
2503 3878 2516 3901 ,
2552 3840 2648 3910 οὐχ
2695 3836 2856 3912 ἦττον
2895 3842 2989 3896 καὶ⁹
3029 3845 3086 3895 ὲν
3117 3841 3195 3912 τῷ
3244 3842 3496 3913 Ἐζεκιὴλ
3521 3841 3596 3894 διὰ

2030 3933 2236 3986 τούτων
2269 3932 2702 4000 ἀπαγγέλλεται·
2744 3952 2762 3984 ι
2805 3934 2916 3987 Καὶ
2954 3935 3169 4004 ἐγένετο
3211 3937 3298 3987 ἐπ’
3349 3936 3450 4006 ἐμὲ
3490 3938 3597 4005 χεὶρ

2032 4027 2240 4097 Κυρίου
2263 4067 2277 4090 ,
2326 4029 2420 4082 καὶ
2466 4026 2700 4098 ἐξήγαγέ
2732 4045 2799 4098 με
2846 4029 2904 4080 ὲν
2935 4027 3205 4099 πνεύματι
3240 4030 3448 4102 Κυρίου
3469 4069 3482 4090 ,
3515 4027 3598 4081 καὶ

2032 4118 2200 4189 ἔθηκέ
2225 4135 2293 4189 με
2328 4121 2386 4171 ἐν
2417 4118 2569 4189 μέσῳ
2599 4117 2691 4170 τοῦ
2723 4118 2928 4182 πεδίου,
2976 4119 3073 4172 καὶ
3117 4119 3270 4174 τοῦτο
3317 4117 3386 4193 ἦν
3417 4120 3597 4192 μεστὸν

2031 4209 2202 4264 ὀστῶν
2235 4209 2607 4282 ἀνθρωπίνων·
2641 4210 2736 4263 καὶ
2765 4211 3068 4281 περιήγαγέ
3100 4229 3166 4282 με
3213 4212 3301 4266 ἐπ’
3336 4214 3476 4268 αὐτά
3514 4229 3597 4266 κυ-

2031 4301 2219 4354 κλόθεν
2251 4301 2457 4373 κύκλῳ,
2493 4302 2589 4355 καὶ
2625 4301 2734 4355 ἰδοὺ
2766 4300 2935 4354 πολλὰ
2957 4303 3161 4374 σφόδρα
3191 4304 3284 4356 ἐπὶ
3315 4305 3596 4375 προσώπου

2029 4395 2124 4448 τοῦ
2153 4395 2362 4459 πεδίου,
2391 4394 2486 4449 καὶ
2517 4395 2622 4449 ἰδοὺ
2646 4394 2788 4467 ξηρά
2810 4395 3011 4468 σφόδρα
3029 4412 3042 4425 ·
3073 4397 3168 4448 καὶ⁵
3197 4391 3322 4449 εἷπε
3343 4397 3480 4470 πρὸς
3507 4395 3592 4466 μέ·

357 4497 413 4540 ct
446 4487 532 4540 hic
569 4495 689 4541 erat
726 4486 916 4556 plenus
962 4488 1176 4542 ossibus
1221 4487 1498 4542 hominum
1551 4509 1562 4542 :
1599 4498 1654 4542 et
1685 4489 1819 4542 circt

2161 4483 2465 4557 ἀνθρώπου,
2497 4487 2546 4539 εί
2581 4486 2801 4557 ζήσεται
2830 4487 2898 4540 τά
2925 4487 3058 4540 ὀστᾶ
3086 4485 3290 4553 ταῦτα;
3319 4488 3431 4542 Καὶ
3458 4484 3592 4542 εἶπα·

357 4579 511 4631 duxit
546 4594 629 4632 me
656 4595 755 4645 per
781 4593 842 4632 ea
883 4578 933 4631 in
969 4594 1180 4648 gyrum,
1217 4589 1272 4633 et
1299 4593 1426 4635 ecce
1459 4580 1622 4634 multa
1655 4580 1812 4634 valde
1836 4596 1927 4635 su-

355 4686 454 4740 per
495 4670 683 4724 faciem
725 4670 926 4738 campi,
964 4671 1220 4738 siccaque
1251 4671 1599 4724 vehementer
1645 4690 1658 4724 :
1701 4681 1756 4725 et
1791 4671 1928 4726 dixit

356 4762 421 4814 ad
453 4777 535 4815 me
563 4779 576 4815 :
611 4759 630 4832 [
654 4760 752 4813 Fili
787 4761 1044 4827 hominis,
1075 4762 1118 4816 si
1150 4763 1331 4816 vivent
1353 4778 1472 4816 ossa
1502 4762 1658 4816 haec?
1684 4762 1747 4816 Ει
1774 4763 1882 4817 dixi
1911 4784 1923 4818 :

355 4853 611 4915 Domine,
674 4853 834 4923 198
895 4855 1138 4920 Domine,
1188 4865 1241 4908 tu
1301 4854 1410 4908 scis
1463 4854 1600 4908 hmo.
1662 4854 1728 4909 Et
1787 4856 1926 4911 dixit

353 4944 488 4998 mihi
515 4942 578 5015 :]
619 4944 920 4998 Vaticinare
969 4945 1036 4998 de
1076 4946 1292 5000 ossibus
1343 4946 1484 5010 istis,
1527 4953 1582 5000 et
1613 4947 1762 5002 dices
1793 4950 1872 5004 eis
1907 4969 1919 5003 :

352 5034 489 5090 Ossa
538 5033 725 5099 arida,
783 5035 966 5088 audite
1015 5037 1237 5091 verbum
1287 5037 1496 5090 Domini
1539 5053 1555 5101 ;
1614 5056 1635 5090 ι
1692 5049 1746 5092 et
1800 5050 1922 5108 post

351 5140 524 5196 pauca
554 5124 601 5157 ’δ
635 5143 648 5180 :
681 5143 700 5176 ι
737 5123 803 5178 Ει
829 5125 1041 5180 locutus
1065 5136 1152 5180 est
1180 5127 1246 5180 ad
1279 5141 1362 5180 me
1391 5129 1668 5195 Dominus,
1697 5129 1919 5187 dicens:

351 5218 455 5273 Fili
499 5217 759 5283 hominis,
785 5231 908 5270 ossa
940 5217 1074 5283 haec,
1100 5219 1294 5272 domus
1325 5231 1409 5272 est
1437 5223 1688 5276 universa
1723 5223 1916 5280 Israel:

349 5322 404 5364 et
436 5313 532 5372 Ipsi
566 5311 795 5366 dicunt:
827 5310 1103 5364 Aruerunt
1148 5325 1272 5366 ossa
1329 5321 1534 5375 nostra.
1580 5314 1740 5379 periit
1793 5332 1915 5375 sues

420 5452 465 5482 ⁸⁸
498 5451 512 5502 l
543 5451 688 5532 Pc-tr.
721 5449 875 5532 155;
922 5451 987 5532 _""
1019 5452 1216 5532 Ephes:
1246 5453 1427 5532 ll.__'29,
1455 5454 1575 5513 21..
1621 5455 1667 5486 ⁸⁸
1738 5457 1864 5532 Cor.

1039 5452 1216 5532 iphes:
1246 5453 1427 5532 ll.__'29,
1455 5454 1575 5513 2L-
1621 5455 1712 5532 “l
1738 5457 1864 5532 Cor.
1895 5465 2097 5532 xn,‘27.
2174 5463 2218 5495 ⁸⁷
2241 5478 2387 5518 vers.
2416 5461 2501 5515 15.

354 5535 558 5586 xxxvii,
604 5522 688 5574 ll.
766 5519 811 5552 '°
837 5520 1015 5575 Galat.
1044 5537 1117 5588 vt,
1150 5523 1237 5576 l4.
1300 5524 1344 5555 ⁹¹
1371 5524 1528 5578 Rom.
1561 5541 1634 5590 vt,
1673 5528 1729 5582 4.

356 5707 369 5759 i
425 5641 568 5762 (iii-9|)|
604 5642 854 5722 Χριστῷ.
886 5644 1045 5697 Deest
1086 5643 1138 5697 in
1173 5644 1358 5699 codice
1391 5643 1578 5715 Regio,
1613 5646 1707 5702 sed
1737 5657 1917 5705 exstat

379 5726 406 5760 II
487 5731 532 5760 (Il
576 5729 753 5762 ClllIIO.

379 5726 406 5760 Il
447 5726 753 5768 lilitllClllllOo

427 5779 536 5832 (tot
555 5812 560 5818 ι
580 5780 718 5853 Τῶν.
737 5784 1116 5855 ___Scribendum
1147 5782 1391 5839 τούτων.⁶

2027 4574 2221 4644 Κύριε,
2255 4575 2446 4647 Κύριε,
2483 4575 2548 4628 σὺ
2579 4575 2778 4646 ἐπίστῃ
2804 4575 2998 4629 ταῦτα.
3028 4576 3136 4629 Καὶ
3165 4574 3285 4630 εἷπε
3317 4578 3456 4650 πρὸς
3496 4577 3557 4649 μέ
3578 4593 3590 4605 ·

2027 4668 2409 4739 Προφήτευσον
2438 4669 2532 4722 ἐπὶ
2561 4668 2631 4722 τά
2655 4669 2789 4723 ὀστᾶ
2810 4669 2986 4725 ταῦτα
3007 4709 3022 4735 ,
3071 4671 3164 4724 καὶ
3206 4673 3355 4742 ὲρεῖς
3385 4673 3560 4733 αὐτοῖς
3578 4687 3591 4700 °

2026 4761 2108 4814 Τά
2152 4763 2287 4815 ὀστᾶ
2334 4761 2494 4834 ξηρὰ,
2556 4763 2828 4817 ἀκούσατε
2859 4763 3015 4833 λόγον
3048 4765 3273 4837 Κυρίου·
3305 4786 3325 4818 ι
3347 4767 3445 4820 καὶ
3491 4764 3591 4837 μετ’

2025 4854 2212 4922 ὀλίγαο
2249 4874 2267 4904 σ
2308 4855 2417 4908 Καὶ
2454 4854 2685 4926 ὲλάλησε
2714 4855 2916 4926 Κύριος
2952 4857 3088 4926 πρὸς
3124 4858 3226 4928 μὲ,
3256 4858 3466 4926 λέγων·
3508 4856 3592 4910 Υἱὲ

2024 4944 2336 5018 ἀνθρώπου,
2389 4945 2457 4999 τὰ
2503 4947 2639 5000 ὀστᾶ
2663 4946 2836 5000 ταῦτα
2881 4949 2990 5012 πᾶς
3014 4947 3157 5015 οἶκος
3203 4950 3423 5022 Ἰσραήλ
3447 4951 3586 5002 ἐστι·

2022 5039 2117 5090 καὶ
2149 5039 2302 5092 αὐτοὶ
2327 5038 2546 5108 λέγουσι
2563 5056 2575 5069 ·
2606 5038 2760 5112 Ξηρά
2773 5039 2965 5109 γέγονε
2988 5039 3058 5094 τά
3079 5043 3212 5096 ὀστᾶ
3236 5041 3416 5113 ἡμῶν,
3447 5041 3591 5096 ἀπόλ-

2020 5131 2156 5185 ωλεν
2191 5133 2225 5202 ή
2261 5131 2416 5196 ἐλπὶς
2438 5131 2616 5205 ήμῶν,
2655 5120 3175 5206 ἅαπεφωνήκαμεν.
3218 5155 3236 5187 ι
3281 5137 3466 5199 Ποίοις
3491 5134 3588 5208 (lli

2020 5225 2130 5298 γὰρ
2178 5225 2355 5288 ὀστοῖς
2399 5224 2645 5293 λέγεται·
2708 5245 2726 5278 ι
2775 5226 3071 5282 Ἀκούσατε
3123 5228 3281 5298 λόγον
3312 5229 3536 5302 Κυρίου,
3569 5247 3586 5280 ι

2023 5320 2100 5383 ὡς
2129 5317 2541 5390 αἰσθανομένοις
2581 5319 2740 5388 λόγου
2773 5320 2978 5392 Κυρίου
3002 5362 3017 5387 ,
3069 5321 3164 5376 ἀτε
3197 5319 3345 5378 οὖσιν
3381 5325 3441 5378 ὲν
3470 5323 3590 5393 οἴκῳ

2596 5460 2642 5492 ⁸⁸
2671 5459 3252 5525 llPetr.ttt.5,lO,‘l3.
3322 5462 3367 5494 ⁸⁹
3399 5460 3585 5515 Ezech.

1803 5531 1848 5562 "
1876 5533 2006 5590 ibid.
2085 5535 2130 5568 ⁸³
2178 5534 2378 5588 Ezech.
2417 5548 2622 5598 xxxv",
2669 5536 2688 5586 -l
2729 5547 2845 5600 seq.
2920 5533 2968 5564 °"
3013 5532 3144 5588 ibid.
3196 5533 3281 5586 ll.

2099 5653 2209 5723 (ll)
2252 5651 2469 5717 Ποίοις.
2538 5650 2630 5705 Sit:
2701 5649 2871 5705 codex
2943 5649 3302 5714 Bodleianus;
3357 5645 3582 5718 Regius,

2025 5724 2174 5788 οἵοις.
