3702 6142
169 226 270 285 5T5

1268 218 1616 280 COMMENT.
1658 218 1724 275 IN
1763 217 1957 276 ΙΟᾹΝ.
2000 217 2241 275 TOMUS
2278 216 2346 272 Χ.

3302 212 3410 268 οτι

179 339 405 415 Ἰσραὴλ,
458 338 600 411 ήτῷ
649 337 887 413 Χριστοῦ
933 337 1182 409 σώματι,
1232 341 1361 411 περὶ
1407 332 1468 394 οὗ
1497 339 1711 409 ἕλεγεν‹

1890 346 2044 403 )stra,
2078 336 2299 390 abscissi
2328 349 2537 388 smnus.
2575 352 2593 385 ι
2628 331 2836 400 Quibus
2861 330 3006 385 enim
3034 329 3248 386 ossibus
3274 332 3411 386 dici-

168 434 360 506 Κύριος
383 450 396 463 ·
430 452 449 485 ι
486 431 887 506 Διεσκορπίσθη
926 433 1100 486 πάντα
1131 432 1200 486 τὰ
1229 432 1363 486 ὀστᾶ
1392 450 1492 504 μου
1514 432 1535 498 ,’
1567 452 1585 484 ι
1629 432 1737 486 τῶν

170 522 487 595 σωματικῶν
518 524 722 578 ὀστέων
749 524 913 579 αὐτοῦ
951 524 1025 597 μὴ
1057 524 1570 590 διασκεδασθέντων,
1603 525 1739 580 ἁλλὰ

172 615 294 688 μηδὲ
327 616 704 690 συντριϐέντος
741 616 886 679 τινὸς
920 616 981 682 ἐξ
1027 615 1207 670 αὐτῶν
1233 633 1248 684 ;
1275 616 1407 672 "Ore
1435 617 1492 672 δὲ
1518 618 1728 688 γίνεται

167 707 292 778 αὐτὴ
320 708 676 778 ήὰνὰστασις
698 707 793 762 τοῦ
822 707 1077 780 ἀληθινοῦ
1108 710 1201 763 καὶ
1231 709 1570 781 τελειοτέρου
1603 711 1738 783 Χρι-

170 799 285 854 στοῦ
319 798 612 870 σώματος,
654 799 779 853 τότε
829 800 898 853 τὰ
944 799 1084 872 μέλη
1123 799 1217 854 τοῦ
1244 799 1481 872 Χριστοῦ
1514 800 1583 854 τὰ
1617 801 1733 866 νῦν,

168 892 236 955 ὡς
264 890 397 962 πρὸς
420 891 483 944 τὸ
515 890 731 961 μέλλον,
761 889 903 963 ξηρὰ
930 892 1065 947 ὀστᾶ
1096 891 1515 964 συναχθήσεται,
1545 892 1734 947 ὀστοῦν

169 982 295 1053 πρὸς
324 981 553 1048 ὀστοῦν,
594 982 691 1037 καὶ
721 982 957 1054 ἁρμονία
1001 984 1138 1054 πρὸς
1180 982 1480 1054 ἁρμονίαν,
1523 981 1735 1047 οὐδενὸς

168 1074 265 1129 τῶν
312 1074 702 1147 ἐστερημένων
741 1074 1006 1146 ἁρμονίας
1054 1076 1484 1147 καταντήσοντος
1527 1055 1609 1139 είς
1648 1073 1736 1127 τέ-

168 1178 293 1222 Αειον
323 1165 514 1237 ἄνδρα,
550 1185 569 1217 ι
596 1167 677 1230 εἰς
703 1165 765 1219 τὸ
794 1166 992 1238 μέτρον
1018 1165 1120 1236 τῆς
1150 1166 1363 1238 ήλικίας
1396 1164 1490 1219 τοῦ
1525 1163 1738 1236 πληρώ⁶

168 1274 320 1329 ματος
344 1256 437 1311 τοῦ
488 1256 741 1329 σώματος
779 1257 873 1313 τοῦ
911 1257 1148 1330 Χριστοῦ
1173 1275 1186 1288 ’
1226 1277 1244 1311 ι
1274 1257 1369 1312 καὶ
1412 1258 1534 1313 τότε
1565 1257 1735 1312 πολλὰ

169 1349 292 1422 μέλη
315 1349 374 1403 τὸ
404 1349 463 1402 ἐν
498 1348 656 1403 ἔσται
690 1348 849 1421 σῶμα
869 1391 884 1415 ,
938 1351 1157 1404 πάντων
1196 1349 1291 1404 τοῦ
1341 1349 1592 1422 σώματος
1641 1368 1735 1423 με-

166 1440 262 1495 λῶν
292 1440 499 1495 πολλῶν
531 1442 706 1496 ὄντων
737 1441 1036 1513 γινομένων
1069 1442 1187 1506 ἐνὸς
1218 1441 1498 1514 σώματος’
1541 1445 1645 1516 τὴν
1677 1443 1735 1497 δὲ

167 1533 334 1605 κρίσιν
362 1535 527 1599 ποδὸς
549 1575 565 1599 ,
597 1535 691 1588 καὶ
720 1535 903 1607 χειρὸς
922 1575 938 1599 ,
974 1536 1069 1589 καὶ
1092 1535 1393 1607 ὀφθαλμοῦ,
1422 1536 1518 1590 καὶ
1539 1537 1731 1607 ἀκοῆς,

167 1627 250 1679 καὶ
282 1626 604 1698 ὀσφρήσεως
633 1626 741 1681 τῶν
768 1626 1231 1699 συμπληρούντων
1266 1627 1372 1700 ἰδίᾳ
1401 1626 1499 1698 μὲν
1520 1627 1619 1700 τὴν
1643 1645 1735 1681 κε-

167 1718 346 1790 φαλὴν,
384 1718 492 1790 ίδίᾳ
519 1719 580 1773 δέ
607 1721 733 1784 τοὺς
760 1720 948 1785 πόδας,
979 1722 1072 1775 καὶ
1103 1720 1174 1775 τὰ
1200 1720 1361 1775 λοιπὰ
1388 1721 1497 1775 τῶν
1530 1722 1729 1793 μελῶν,
1764 1704 1808 1763 Β

165 1812 226 1865 τά
254 1828 307 1865 τε
332 1811 724 1885 ἀσθενέστερα,
759 1816 854 1867 καὶ
882 1815 1239 1887 ταπεινότερα
1259 1857 1273 1881 ,
1307 1817 1400 1869 καὶ
1425 1816 1727 1887 ἀσχήμονα.

165 1902 249 1956 καὶ
297 1903 643 1975 εὐσχήμονα,
702 1905 866 1975 μόνου
917 1905 1050 1960 Θεοῦ
1098 1908 1213 1959 ἐστι
1261 1906 1625 1977 ποιήσασθαι,
1670 1907 1731 1971 ὃς

167 1994 479 2068 συγκεράσει
513 1995 578 2049 τὸ
628 1997 789 2068 σῶμα
809 2013 823 2027 ο
866 1998 958 2051 καὶ
995 1997 1117 2052 τότε
1158 1997 1360 2070 μᾶλλον
1389 1998 1483 2052 τοῦ
1517 1997 1612 2052 νῦν
1651 1998 1729 2070 τῷ

169 2084 467 2158 ὑστεροῦντι
500 2088 897 2161 περισσοτέραν
916 2089 1094 2153 διδοὺς
1128 2090 1315 2161 τιμὴν,
1351 2090 1439 2143 ἴνα
1471 2090 1733 2162 μηδαμῶς

166 2173 196 2252 ᾗ
220 2180 416 2250 σχίσμα
443 2181 503 2233 ἐν
534 2179 616 2252 τῷ
643 2180 885 2252 σώματι,
914 2181 1050 2237 ἀλλὰ
1076 2182 1138 2237 τὸ
1166 2183 1298 2236 αὐτὸ
1328 2183 1469 2256 ὑπὲρ
1499 2183 1613 2255 (lii
1640 2184 1734 2237 ἀλ-

166 2267 325 2341 λήλων
370 2271 681 2342 μεριμνῶσι
726 2270 800 2325 τὰ
838 2270 1010 2343 μέλη,
1045 2272 1140 2326 καὶ
1172 2271 1228 2325 εἴ
1270 2289 1392 2325 τινα
1435 2270 1732 2327 εὐπάθειαν

166 2362 269 2432 ἔχει
309 2362 503 2432 μέλος,
548 2363 937 2437 συνευπαθήσῃ
968 2365 1146 2420 πάντα
1186 2365 1255 2421 τὰ
1289 2365 1423 2438 μέλη
1446 2405 1461 2429 ,
1507 2364 1619 2420 εἴτε
1646 2365 1731 2419 δο-

168 2451 371 2518 ξάζεται
390 2494 405 2516 ,
452 2455 728 2529 συγχαίρῃ
760 2455 828 2509 τὰ
853 2458 1051 2511 πάντα.

1841 440 1929 486 tur
1969 448 1981 483 :
2020 447 2037 478 ι
2074 427 2271 482 Audite
2319 428 2544 480 verbum
2609 424 2840 491 Domini,
2901 443 2918 476 ι
2976 433 3233 493 tanquam
3288 439 3411 494 qua:

1840 520 2076 574 sentiant
2119 517 2344 592 'vcrbum
2394 515 2626 578 Domini,
2662 526 3023 584 tanquamqne
3063 530 3185 583 quae
3212 514 3320 568 sint
3354 515 3406 568 in
3453 535 3459 565 ι

1839 613 1998 668 domo
2030 611 2216 677 Israel,
2263 611 2364 666 nisi
2406 600 2606 666 Christi
2660 610 2893 679 corpori,
2939 610 3006 663 de
3056 625 3164 679 quo
3195 609 3412 665 dicebat

1837 704 2099 760 Dominus
2143 704 2189 736 ⁸⁸
2237 722 2254 759 :
2307 722 2325 754 ι
2365 703 2628 771 Dissipata
2660 713 2787 757 sunt
2818 702 2999 756 omnia
3035 716 3156 756 ossa
3194 716 3338 764 mea,
3384 719 3404 753 ο

1837 814 1958 855 cum
2010 799 2210 868 alioqui
2266 813 2387 853 ossa
2439 798 2606 865 ipsius
2659 795 2963 866 corporalia
3010 778 3268 863 dissipata
3299 808 3406 848 non

1836 893 2062 957 fuerint,
2090 893 2184 950 sed
2236 907 2303 947 ne
2357 907 2520 944 unum
2547 889 2765 959 quidem
2805 904 2871 943 ex
2907 887 3036 958 ipsis
3065 877 3410 941 contritum'?

1836 983 2070 1040 Proinde
2095 1000 2218 1039 cum
2250 983 2486 1039 efficitur
2517 981 2846 1037 resurrectio
2881 982 2995 1035 haec
3031 979 3147 1033 veri
3185 987 3240 1031 et
3284 991 3410 1046 per-

1837 1075 2080 1131 fectioris
2122 1077 2372 1144 corporis
2420 1073 2648 1138 Christi,
2701 1083 2829 1127 tttnc
2884 1070 3124 1125 membra
3180 1067 3404 1132 Christi,

1838 1167 2091 1222 nimirum
2124 1181 2248 1220 ossa
2279 1182 2341 1221 ea
2376 1181 2496 1236 qum
2545 1169 2599 1220 in
2638 1163 2948 1235 prsesentia,
2982 1161 3147 1216 futuri
3187 1175 3410 1229 compa-

1839 1260 2071 1324 ratione,
2102 1268 2228 1313 sunt
2263 1260 2439 1324 arida,
2471 1258 2887 1327 conjungentur,
2918 1270 2981 1310 os
3009 1253 3216 1309 scilicet
3249 1253 3317 1307 ad
3346 1266 3409 1307 os

1835 1368 2015 1419 suum,
2048 1362 2105 1408 et
2136 1352 2388 1423 junctura
2417 1353 2484 1407 ad
2506 1351 2817 1418 juncturam
2843 1348 2962 1382 ’θ’θ’
2995 1366 3011 1404 :
3043 1348 3282 1412 nemine,
3314 1347 3405 1417 qui

1837 1446 2076 1516 privatus
2110 1445 2181 1499 sit
2223 1444 2505 1512 jnnctura,
2551 1457 2850 1499 occursuro
2891 1441 2944 1496 in
3003 1441 3180 1495 virum
3229 1437 3407 1510 perle-

1835 1546 2003 1603 ctum,
2042 1554 2060 1588 ι
2104 1537 2156 1590 in
2205 1552 2511 1591 mensuram
2545 1535 2722 1590 artatis
2756 1532 3108 1604 plenitudinis
3159 1531 3408 1602 corporis

1835 1627 2036 1682 Christi
2054 1626 2177 1686 ¹·⁸⁷;
2202 1646 2220 1679 ι
2242 1636 2295 1681 et
2321 1636 2446 1681 tunc
2469 1627 2706 1681 membra
2731 1624 2895 1679 multa
2921 1640 3083 1679 unum
3105 1631 3266 1678 erunt
3286 1637 3408 1678 eor-

1835 1732 1955 1789 pus,
2016 1733 2139 1772 cum
2193 1719 2374 1771 omnia
2433 1718 2679 1787 corporis
2726 1716 3008 1783 membra,
3065 1731 3188 1787 quae
3238 1719 3406 1769 multa

1837 1820 1984 1875 sunt,
2021 1812 2150 1866 tient
2194 1813 2357 1866 unius
2387 1812 2630 1879 corporis
2677 1811 2745 1864 ³⁸.
2794 1812 2864 1865 Αι
2912 1796 3206 1867 discrimen
3255 1808 3408 1879 pedis

1836 1916 2155 1971 manusque,
2185 1910 2349 1972 atque
2400 1902 2565 1968 oculi,
2599 1916 2663 1957 ac
2687 1901 2918 1972 denique
2941 1902 3158 1958 auditus
3179 1910 3235 1958 et
3262 1900 3405 1957 oll'a-

1834 2003 1980 2059 ctus,
2006 1993 2203 2063 quibus
2228 1994 2571 2063 complentur
2616 1993 2926 2062 singulatim
2955 1995 3174 2064 quidem
3215 2002 3406 2064 caput,

1835 2081 2145 2152 singulatim
2208 2097 2337 2138 vero
2384 2084 2551 2151 pedes
2596 2093 2653 2138 et
2706 2094 2904 2137 caetera
2957 2083 3238 2149 membra,
3291 2092 3405 2138 tum

1836 2173 2213 2237 imbecilliora,
2266 2185 2374 2229 tum
2410 2176 2724 2247 abjectiora,
2784 2190 2847 2230 ac
2884 2190 2945 2231 ea
2977 2191 3097 2246 quae
3146 2186 3408 2245 putantur

1832 2268 2110 2334 indecora,
2142 2276 2197 2324 et
2219 2268 2443 2334 decora,
2468 2269 2637 2326 solius
2666 2270 2756 2326 Dei
2786 2280 2867 2325 est
2892 2270 3098 2335 facere,
3125 2270 3216 2338 qui
3242 2270 3407 2325 simul

1834 2360 2159 2431 temperabit
2186 2376 2408 2432 corpus,
2440 2362 2603 2417 etiam
2645 2362 2818 2433 magis
2849 2377 3014 2432 quam
3045 2377 3190 2417 nunc
3217 2361 3405 2430 copio-

1835 2460 2037 2516 siorem
2073 2462 2339 2516 honorem
2376 2460 2582 2516 addens
2609 2460 2658 2515 ei
2686 2460 2752 2526 ",
2785 2459 2871 2514 cui
2908 2457 3105 2524 deerit,
3147 2472 3216 2513 ne
3246 2457 3409 2513 dissi-

166 2549 298 2601 dunn
326 2551 395 2603 sit
425 2551 477 2604 in
510 2565 761 2620 corpore,
792 2551 886 2606 sed
939 2550 1168 2607 invicem
1218 2552 1323 2605 alia
1372 2568 1470 2622 pro
1514 2552 1635 2609 aliis
1683 2552 2101 2612 sollicitudinem
2158 2557 2403 2612 eamdem
2451 2564 2641 2626 gerant
2672 2556 2911 2611 membra
2940 2572 2957 2622 ;
2989 2563 3044 2610 et
3073 2556 3117 2611 si
3148 2554 3275 2627 quid
3310 2570 3408 2625 pa-

169 2644 287 2698 titur
335 2661 499 2700 unum
557 2647 907 2710 membrum,
966 2647 1128 2702 simul
1191 2648 1465 2718 patientur
1531 2651 1712 2706 omnia
1753 2654 2014 2718 membra,
2083 2654 2197 2709 sive
2235 2653 2568 2725 gloriﬁcatur
2623 2667 2788 2706 unum
2831 2652 3179 2717 membrum,
3246 2648 3407 2705 simul

169 2743 378 2808 gautlebt
402 2751 465 2797 nt
497 2743 682 2798 omnia
724 2743 988 2801 membra.

227 2835 310 2890 2|.
345 2838 531 2894 Ταῦτὰ
564 2855 659 2910 μοι
683 2840 783 2893 οὐκ
811 2839 1106 2912 ἀλλοτρίως
1142 2838 1237 2894 τοῦ
1271 2840 1452 2913 ίεροῦ,
1499 2841 1594 2895 καὶ
1619 2840 1711 2897 τῶι

1899 2841 1992 2896 2i.
2031 2839 2156 2895 Haec
2187 2848 2313 2893 sunt
2338 2852 2366 2891 a
2396 2852 2479 2891 me
2507 2836 2672 2902 dicta,
2705 2848 2803 2889 nec
2849 2843 3046 2904 praeter
3068 2832 3402 2898 institutum,

164 2927 249 2980 ἀπ’
285 2926 446 2981 αὐτοῦ
494 2927 968 2999 ἐξελαυνομένων,
1002 2928 1130 3000 περὶ
1176 2922 1237 2982 οὖ
1270 2929 1415 2998 λέγει
1448 2930 1476 2982 ὁ
1505 2929 1723 3002 Σωτήρ’

172 3038 188 3069 ι
226 3018 279 3072 '0
307 3018 463 3089 ζῆλος
485 3018 590 3072 τοῦ
627 3018 779 3072 οἴκου
812 3035 906 3073 σου
939 3019 1313 3089 καταφάγεταί
1362 3037 1430 3090 με
1452 3059 1467 3085 ,
1509 3039 1527 3072 ι
1576 3020 1727 3094 εἴρη-

164 3122 275 3169 ται,
320 3105 426 3159 τῶν
476 3123 538 3160 τε
571 3104 868 3160 αἰτούντων
913 3110 1140 3180 σημεῖον
1222 3108 1493 3162 Ἰουδαίων
1539 3110 1726 3174 αὐτοῖς

164 3196 451 3270 δειχθῆναι,
481 3199 579 3251 καὶ
604 3198 703 3269 τῆς
734 3196 830 3252 τοῦ
861 3199 1068 3271 Κυρίου
1100 3200 1236 3271 πρὸς
1267 3200 1465 3264 αὐτοὺς
1496 3201 1728 3274 ἀποκρί-

165 3308 323 3358 σεως,
354 3295 717 3358 συνάπτοντος
746 3292 837 3347 τὸν
879 3293 973 3347 τοῦ
1013 3293 1142 3348 ναοῦ
1183 3293 1338 3364 λόγον
1373 3294 1452 3367 τῷ
1487 3295 1581 3350 τοῦ
1613 3295 1724 3368 (15)

170 3381 284 3436 ἰδίου
322 3382 596 3456 σώματος,
650 3384 744 3438 καὶ
776 3385 1078 3455 φάσκοντος
1100 3402 1113 3415 ·
1141 3405 1161 3438 ι
1201 3387 1414 3440 Λύσατε
1461 3386 1553 3440 τὸν
1597 3386 1727 3444 ναὸν

164 3473 363 3539 τοῦτον,
425 3477 521 3530 καὶ
588 3476 765 3547 τρισὶν
831 3477 1066 3550 ἡμέραις
1133 3475 1309 3549 ἐγερῶ
1372 3476 1553 3531 αὐτόν.
1595 3477 1727 3531 Ἀπὸ

166 3567 262 3637 γὰρ
311 3568 497 3622 τούτου
553 3568 650 3622 τοῦ
712 3568 842 3622 ναοῦ
865 3608 880 3634 ,
953 3569 1105 3635 ὄντος
1152 3568 1403 3641 σώματος
1461 3569 1723 3642 Χριστοῦ,

170 3659 240 3713 δεῖ
278 3661 674 3716 ἁπλαύνεσθαι
704 3663 875 3718 ταῦτα
902 3661 1031 3715 ὄντα
1082 3662 1192 3733 (14)
1239 3662 1408 3732 ἄλογα
1428 3703 1443 3727 ,
1476 3664 1569 3716 καὶ
1624 3666 1725 3735 ἐμ-

169 3752 381 3824 πορικὰ,
421 3755 506 3809 ἵνα
541 3754 743 3826 μηκέτι
780 3747 928 3818 οἶκος
971 3753 1236 3826 ἐμπορίου
1380 3754 1491 3808 Καὶ
1539 3754 1725 3808 τοῦτον

94 3858 99 3859 ⁷
164 3844 246 3897 τὸν
280 3846 401 3902 ναὸν
450 3847 682 3919 λυθῆναι
731 3848 815 3902 δεῖ
860 3846 965 3901 ὑπὸ
1015 3846 1123 3901 τῶν
1159 3846 1615 3902 ἐπιϐουλευόντων
1646 3847 1725 3919 τῷ

166 3934 293 4009 λόγῳ
329 3939 421 3993 τοῦ
466 3939 605 3993 Θεοῦ
630 3982 644 4007 ,
695 3941 789 3995 καὶ
847 3939 987 4011 μετὰ
1032 3939 1095 3993 τὸ
1148 3939 1377 4010 λυθῆναι
1411 3941 1478 4011 τῇ
1534 3956 1722 4012 προει-

170 4028 364 4103 ρημένῃ
415 4032 548 4103 ἡμῖν
603 4032 759 4103 τρίτῃ
815 4030 999 4103 ἡμέρᾳ
1065 4030 1178 4103 (15)
1236 4030 1564 4102 ἐγερθῆναι·
1633 4032 1724 4086 ὅτε

168 4120 250 4172 καὶ
271 4122 317 4173 οί
346 4122 603 4194 μαθηταὶ,
647 4124 728 4177 ὅτι
766 4122 917 4193 ἔλεγε
947 4125 1074 4195 πρὶν
1101 4122 1327 4194 λυθῆναι
1348 4122 1438 4177 τὸν
1471 4122 1597 4178 ναὸν
1626 4123 1723 4177 τοῦ

1830 2935 1898 2988 de
1928 2932 2150 3000 templo,
2176 2931 2350 3000 deque
2381 2944 2445 2984 ex
2479 2928 2595 2998 ipso
2617 2927 2880 2998 expulsis,
2909 2926 2977 2982 de
3005 2941 3112 2996 quo
3141 2926 3405 2981 Sci-valor

1829 3025 1959 3079 dicit
1990 3042 2003 3079 :
2038 3042 2057 3075 ι
2092 3022 2253 3077 Zelus
2288 3021 2480 3093 domus
2512 3029 2617 3074 tuae
2649 3019 2882 3073 comedit
2928 3034 3015 3074 me
3060 3017 3107 3049 ⁸⁸
3135 3034 3152 3080 ς
3186 3036 3206 3070 ι
3237 3025 3404 3086 atque

1827 3116 1991 3170 etiam
2025 3115 2091 3169 de
2111 3112 2313 3169 Judzeis
2345 3111 2655 3182 petentibus
2689 3110 2904 3180 signum
2933 3109 3039 3165 sibi
3069 3109 3310 3174 ostendi,
3338 3123 3404 3164 ac

1827 3209 2061 3278 denique
2092 3208 2159 3262 de
2187 3206 2397 3262 Domini
2430 3205 2497 3260 ad
2546 3205 2695 3274 ipsos
2744 3202 3121 3274 responsione,
3173 3201 3404 3271 conjun-

1826 3300 2006 3370 gentis
2044 3313 2352 3355 sermonem
2390 3297 2574 3367 templi
2626 3296 2862 3352 sermoni
2892 3297 3097 3367 proprii
3127 3296 3400 3367 corporis,

1827 3401 1882 3447 et
1918 3391 2148 3446 dicentis
2179 3408 2192 3444 :
2234 3407 2255 3440 ι
2302 3390 2575 3445 Destruite
2604 3389 2858 3458 templum
2905 3390 3033 3453 hoc,
3067 3397 3119 3443 et
3143 3387 3194 3441 in
3229 3387 3402 3442 tribus

1828 3483 2018 3537 diebus
2063 3485 2270 3553 erigam
2320 3483 2452 3537 illud
2506 3482 2574 3537 ιι.
2631 3501 2650 3534 ι
2703 3482 2785 3535 Ab
2827 3483 2927 3536 hoc
2976 3481 3122 3535 enim
3178 3480 3398 3549 templo,

1826 3574 1970 3645 quod
2004 3584 2091 3630 est
2134 3590 2332 3643 corpus
2376 3572 2602 3638 Christi,
2633 3573 2972 3642 expellantur
3021 3572 3136 3625 haec
3186 3579 3404 3639 oportet

1827 3684 1945 3739 qua:
1985 3669 2215 3723 rationis
2239 3667 2460 3735 capacia
2492 3683 2597 3723 non
2635 3675 2762 3723 sunt
2799 3680 2853 3722 et
2886 3683 3006 3738 quae
3034 3674 3397 3720 mercaturam

1825 3771 2103 3829 exercent,
2125 3772 2313 3817 utnon
2340 3763 2393 3816 in
2423 3773 2696 3832 posterum
2725 3763 2798 3817 sit
2818 3765 3008 3816 domus
3036 3769 3397 3815 mercaturam

1826 3854 2222 3911 exercentium.
2248 3854 2461 3910 Destrui
2492 3854 2655 3908 etiam
2685 3855 2788 3909 hoc
2817 3852 3072 3922 templum
3098 3853 3165 3907 ab
3190 3851 3276 3906 his
3300 3852 3393 3920 qui

1826 3947 2151 4002 insidiantur
2168 3947 2407 4002 sermoni
2433 3946 2523 4001 Dei
2542 3960 2763 4002 necesse
2779 3956 2883 4013 est,
2903 3960 3135 4014 cumque
3158 3944 3397 3999 dirutum

1826 4038 2012 4103 fuerit,
2034 4039 2218 4105 tertia,
2242 4054 2402 4109 quam
2422 4040 2790 4109 pradiximus,
2810 4024 2895 4093 die
2908 4036 3158 4105 excitari;
3177 4035 3397 4106 quando

1829 4128 1988 4199 199
2017 4129 2181 4183 etiam
2230 4128 2479 4199 discipuli
2520 4129 2640 4200 ejus
2669 4129 3105 4184 recordabuntur
3137 4127 3279 4194 quorI
3312 4126 3395 4181 di-

170 4209 287 4263 θεοῦ
312 4214 339 4265 ό
367 4214 556 4283 Λόγος,
579 4214 746 4268 αὐτοῦ
779 4214 1177 4286 μνησθήσονται
1209 4209 1270 4269 οὗ
1304 4214 1477 4282 ἔλεγε,
1505 4214 1602 4269 καὶ
1634 4232 1711 4268 πι-

1890 4221 1966 4273 ιιὶι
1991 4219 2159 4275 Filius
2188 4220 2323 4285 Dei,
2357 4230 2650 4292 antequam
2684 4214 3064 4275 destrueretur
3108 4218 3393 4288 templum,

171 4303 429 4359 στεύσουσι
456 4306 592 4379 (16),
632 4307 1012 4378 τελειουμένης
1054 4306 1231 4360 αὐτῶν
1273 4307 1395 4360 τότε
1441 4306 1580 4376 μετὰ
1620 4305 1722 4377 τῆς

170 4396 398 4464 γνώσεως
429 4402 522 4455 καὶ
544 4404 645 4473 τῆς
667 4403 921 4467 πίστεως,
954 4402 1087 4457 ἀλλὰ
1112 4404 1203 4456 καὶ
1225 4402 1303 4474 τῷ
1319 4402 1461 4473 λόγῳ
1483 4402 1541 4456 ὃν
1569 4398 1721 4457 εἶπεν

170 4488 195 4539 ὁ
229 4490 441 4560 Ἰησοῦς.
473 4495 584 4547 Καὶ
608 4482 835 4558 ἕκαστος
858 4494 916 4547 δὲ
948 4493 1056 4547 τῶν
1076 4492 1317 4556 τοιῶνδε,
1361 4493 1537 4565 Ἰησοῦ
1559 4495 1720 4548 αὐτὸν

171 4579 515 4652 καθαίροντος,
548 4584 880 4656 ἀποθέμενος
906 4585 976 4641 τὰ
999 4585 1166 4654 ἄλογα
1195 4586 1287 4639 καὶ
1318 4585 1385 4639 τὰ
1417 4585 1720 4652 πωλοῦντα,

171 4670 247 4724 διὰ
271 4673 355 4728 τὸν
375 4676 466 4729 τοῦ
493 4679 552 4730 ἐν
564 4679 746 4742 αὐτοῖς
764 4678 937 4748 Λόγου
965 4678 1121 4749 ζῆλον
1147 4677 1599 4750 καταλυθήσεται,
1630 4680 1724 4733 ἐπὶ

172 4760 240 4829 τῷ
266 4761 362 4817 ὑπὸ
411 4767 584 4840 Ἰησοῦ
631 4769 942 4841 ἐγερθῆναι,
972 4772 1033 4825 οὐ
1065 4774 1131 4843 τῇ
1168 4772 1329 4845 τρίτη
1359 4773 1564 4845 ἡμέρᾳ,
1597 4777 1723 4830 ὅσον

173 4852 255 4905 ἐπὶ
286 4858 345 4926 τῇ
386 4861 714 4932 προκειμένῃ
754 4860 917 4928 λέξει*
957 4863 1017 4916 οὐ
1057 4865 1165 4932 γὰρ
1192 4864 1522 4936 γέγραπται·
1565 4886 1585 4917 ι
1620 4867 1724 4921 Λύ-

175 4957 287 4996 σατε
329 4947 415 5000 τὸν
449 4950 575 5004 ναὸν
620 4951 841 5017 τοῦτον,
879 4955 981 5009 καὶ
1009 4952 1084 5024 τῇ
1104 4955 1269 5025 τρίτῃ
1299 4958 1486 5028 ἡμέρᾳ
1542 4959 1720 5029 ἐγερῶ

174 5031 338 5103 αὐτὸν,
377 5058 394 5090 ι
419 5040 531 5093 ἀλλ’
572 5042 642 5096 ἐν
681 5044 882 5112 τρισὶν
910 5045 1178 5115 ἡμέραις.
1226 5046 1523 5119 Ἐγείρεται
1554 5047 1662 5122 γὰρ
1685 5051 1720 5122 ἡ

236 5219 280 5306 ξς
326 5222 458 5306 (³8³1.
510 5228 734 5306 “1,35.
763 5229 927 5306 __'f°”
975 5229 1161 5306 Ezech
1197 5247 1403 5300 xxxvu,
1430 5234 1481 5288 7.
1561 5234 1652 5269 ¹ο³²
1685 5235 1711 5290 Ε

1922 5249 1998 5298 ιν,
2028 5232 2116 5289 15.
2194 5233 2242 5267 ³⁸
2285 5234 2304 5289 l
2338 5235 2467 5290 Cor.
2499 5252 2596 5300 ιιι,
2640 5236 2724 5300 12.
2752 5250 2868 5305 seq.
2945 5234 2991 5267 ³⁸
3016 5235 3147 5289 ibid.
3175 5233 3246 5288 ει
3274 5247 3390 5303 seq.
3433 5219 3451 5282 ξ

178 5284 221 5323 ⁸⁸
244 5290 374 5350 Psal.
394 5312 577 5358 ωινιιι.
602 5284 686 5354 ίο.
760 5299 805 5333 ’⁵⁸
826 5299 981 5355 Joan.
1016 5284 1192 5365 ll,

183 5385 343 5509 61:61.2)
389 5391 568 5462 Ὑπέρ.
605 5394 679 5450 Ita
711 5395 851 5452 idem
891 5399 1062 5453 codex
1104 5398 1460 5465 Bodleianus;
1491 5399 1714 5471 Regius,

184 5528 465 5653 τ
509 5533 633 5588 τοῦ.
691 5535 784 5592 Sic
832 5540 1012 5611 codex
1064 5537 1427 5608 Bodleianus;
1483 5540 1712 5610 Regius,

249 5667 348 5734 ιιι)
392 5673 574 5729 “Orta.
606 5678 692 5732 Sir
726 5678 891 5735 codex
923 5679 1276 5752 Bodleianus;
1309 5679 1530 5753 Regius,
1554 5683 1641 5739 τά.
1701 5738 1707 5749 ,

1826 4310 2067 4379 perfecta
2090 4319 2216 4365 tunc
2242 4326 2364 4365 cum
2409 4311 2719 4378 cognitione
2748 4310 2852 4366 ﬁde
2905 4311 3069 4365 etiam
3107 4310 3395 4382 ipsorum,

1826 4415 1879 4457 et
1905 4404 2131 4458 credent
2165 4404 2425 4467 sermoni,
2452 4418 2613 4472 quem
2640 4404 2838 4457 dixerit
2859 4400 3035 4458 Jesus.
3070 4402 3208 4470 Quin
3239 4419 3399 4458 unus-

1827 4495 2063 4565 quisque
2085 4496 2177 4563 qui
2212 4495 2322 4550 erit
2358 4494 2694 4566 hujusmodi,
2720 4493 2848 4550 Jesu
2874 4493 3026 4548 illum
3053 4495 3394 4564 puriﬁcante,

1827 4601 1950 4640 cum
1981 4587 2284 4656 deposuerit
2313 4598 2433 4656 qdae
2464 4586 2643 4641 aliena
2677 4596 2807 4641 sunt
2836 4601 2867 4641 a
2893 4588 3125 4655 ratione,
3163 4603 3228 4642 ac
3261 4603 3396 4643 ven-

1827 4680 2031 4744 dentia,
2057 4690 2277 4749 propter
2312 4680 2673 4735 inhabitantis
2707 4680 2761 4734 in
2792 4695 2853 4736 se
2877 4680 2999 4736 Filii
3051 4682 3144 4737 Dei
3192 4682 3394 4751 zelum,

1826 4771 2154 4838 destruetur,
2185 4781 2243 4828 ut
2274 4788 2304 4827 ο
2339 4772 2467 4830 Jesu
2492 4773 2731 4844 erigatur
2760 4791 2776 4829 :
2804 4789 2911 4830 non
2939 4776 3093 4831 tertia
3117 4776 3227 4843 die,
3252 4778 3396 4846 quod

1824 4865 1893 4919 ad
1925 4866 2254 4934 propositam
2301 4865 2588 4921 lectionem
2636 4865 2873 4931 attinet;
2918 4881 3019 4922 nec
3064 4868 3208 4923 enim
3267 4868 3398 4923 scri-

1826 4965 1974 5024 ptum
1997 4966 2123 5013 est:
2160 4976 2178 5009 ι
2211 4957 2480 5013 Destruite
2525 4959 2780 5027 templum
2818 4958 2943 5020 hoc,
2996 4968 3054 5012 et
3107 4959 3265 5014 tertia
3306 4959 3394 5013 die

1820 5044 1952 5122 illud
1996 5047 2286 5120 erigam,i-
2323 5052 2418 5111 sed
2441 5086 2458 5115 ,
2525 5072 2544 5105 ι
2569 5053 2622 5109 in
2651 5054 2822 5109 tribus
2858 5052 3073 5110 diebus.
3102 5072 3124 5106 ι
3156 5055 3395 5125 Erigitur

3430 5182 3443 5255 l

1891 5401 2007 5466 (15)
2047 5401 2273 5471 Ἡμέρᾳ.
2302 5401 2374 5456 Ita
2409 5402 2549 5457 idem
2577 5405 2744 5458 codex
2772 5403 3122 5468 Bodleianus;
3162 5399 3388 5470 Regius,

1819 5487 2100 5542 perperam
2122 5516 2136 5534 ,
2172 5473 2328 5541 μετά.

1890 5539 2003 5613 (t6)
2042 5539 2466 5613 Πισξεύσουσι.
2514 5543 2607 5598 Sic
2657 5545 2829 5599 codex
2876 5540 3237 5605 Bodleianus;
3281 5539 3390 5596 Re-

1824 5610 1964 5683 gius,
1988 5610 2330 5666 πιστεύουσι.
