3702 6142
74 362 159 414 37':
1131 346 1492 408 COMMENT.
1533 344 1600 402 IN
1639 342 1834 405 JOAN.
1873 340 2114 401 TOMUS
2157 339 2229 399 Χ.

3184 327 3291 381 578

72 473 268 534 ἰνταῦθα
313 470 572 544 είρημένα
612 469 852 539 ἔφασκον
891 465 1343 539 κατηγοροῦντεςο
1388 480 1407 514 ι
1447 457 1614 527 Οὗτος

1813 477 1976 535 ,(ιιιω
2002 461 2090 515 hic
2118 458 2261 514 dicta
2302 462 2459 515 sunt,
2513 450 2770 505 dixerunt
2815 453 3139 501 accusantes
3190 443 3236 476 ⁵³
3269 461 3286 497 :

71 572 169 640 ἔθη·
188 565 412 636 Δύναμαι
450 560 755 616 καταλῦσαι
787 560 878 614 τὸν
915 558 1043 615 ναὸν
1064 556 1158 611 τοῦ
1185 553 1343 622 Θεοῦ,
1372 548 1468 610 καὶ
1523 553 1612 608 διὰ

71 658 207 732 τριιῖιν
236 654 445 729 ἡμερῶν
474 654 639 709 αὐτὸν
682 651 1056 724 οἰκοδομῆσαι·
1097 668 1116 702 ι
1144 650 1178 721 ἢ
1202 648 1278 713 ὡς
1310 649 1338 701 ὁ
1363 647 1610 719 Μάρκος·

76 772 90 803 ι
114 749 281 820 Ἡμεῖς
306 745 619 816 ἠκούσαμεν
645 742 811 798 αὑτοῦ
829 743 1104 812 λέγοντος,
1137 740 1243 801 ὅτι,
1277 736 1420 807 Ἐγὼ
1442 751 1613 790 κατα-

72 841 191 895 λύσω
216 838 301 892 τὸν
318 837 443 892 ναὸν
474 835 663 905 τοῦτον
690 835 781 891 τὸν
804 832 1199 906 χειροποίητον,
1222 831 1317 885 καὶ
1334 828 1424 883 διὰ
1444 826 1612 900 τριῶν

73 931 261 1005 ἡμερῶν
285 929 438 985 ἄλλον
457 927 868 1002 ἀχειροποίητον
890 923 1297 994 ἀνοικοδομήσω
1321 920 1454 993 (25)*
1484 936 1504 971 ι
1524 918 1615 972 ὅτε

74 1021 193 1074 καἱὸ
221 1017 499 1092 ἀρχιερεὺς
539 1014 781 1080 ἀναστάς
823 1010 977 1068 εἷπεν
1010 1012 1179 1084 αὐτῷ·
1219 1030 1236 1063 ι
1285 1010 1451 1064 Οὐδὲν
1482 1010 1617 1063 ἀπο-

72 1110 239 1183 κρίνη;
271 1107 322 1160 τί
350 1102 495 1162 οὗτοί
534 1124 627 1160 σου
661 1102 1203 1177 καταμαρτυροῦσιν;
1232 1102 1292 1155 '0
1329 1100 1386 1154 δέ
1411 1097 1618 1170 Ἰησοῦς

71 1202 266 1257 ἐσιώπαο
302 1220 321 1253 ι
351 1202 384 1274 ἢ
413 1201 489 1265 ὡς
517 1202 546 1255 ὁ
574 1201 785 1262 Λουκᾶς
809 1197 919 1269 (24)
947 1196 1101 1268 φησί·
1129 1214 1148 1247 ι
1193 1193 1303 1248 Καὶ
1324 1191 1562 1256 ἀναστὰς
1589 1192 1618 1244 ὁ

70 1295 322 1367 ἀρχιερεὺς
359 1294 443 1356 είς
480 1290 668 1362 μέσον,
704 1286 1031 1360 ἐπηρώτησε
1052 1287 1145 1342 τὸν
1176 1287 1384 1359 Ἰησοῦν
1416 1285 1613 1355 λέγων·

72 1387 163 1439 Οὐκ
183 1383 438 1456 ἀποκρίνῃ
470 1381 623 1435 οὐδέν
642 1397 658 1447 ;
680 1379 734 1433 τί
765 1375 909 1433 οὗτοί
944 1396 1038 1433 σου
1065 1375 1615 1451 καταμαρτυροῦσιν;

79 1480 128 1531 '0
158 1477 207 1530 δὲ
236 1475 462 1538 ἐσιώπα,
486 1474 580 1529 καὶ
619 1472 719 1526 οὐκ
751 1472 1085 1544 ἁπεκρίνατο
1112 1471 1286 1525 οὐδέν.
1330 1489 1349 1523 ι
1396 1467 1621 1539 Νομίζω

71 1570 108 1621 δ’
134 1569 427 1639 ἀναγκαίως
444 1569 538 1621 καὶ
569 1565 743 1620 ταῦτα
770 1563 1196 1638 παρατεθεῖσθαι
1223 1562 1320 1635 τὴν
1341 1558 1621 1634 ἀναφορὰν

72 1660 233 1730 ἔχοντα
257 1658 364 1732 (25)
389 1659 486 1712 ἐπὶ
517 1657 579 1712 τὸ
600 1660 657 1712 ἐν
680 1658 836 1730 χερσὶ
873 1655 1056 1728 ῥητόν.

1719 574 1739 607 ι
1771 534 2041 610 llicdixit
2078 569 2093 607 :
2121 548 2347 604 Possum
2379 543 2667 599 destruere
2692 537 2947 607 templum
2975 534 3089 603 Del,
3120 544 3174 590 et
3195 549 3292 602 per

1717 656 1828 700 tres
1854 644 1972 699 dies
2000 641 2132 698 illud
2158 637 2431 695 aediﬁcare
2464 651 2479 688 :
2525 651 2549 686 ι
2580 630 2667 687 vel
2688 644 2747 686 ut
2775 630 2990 685 Marcus
3012 628 3058 662 ⁸⁸
3090 645 3106 687 ι
3135 645 3154 679 ι
3181 625 3305 681 Nos

1714 738 2021 794 audivimus
2079 735 2223 790 hunc
2283 726 2723 796 dicentem:Ego
2764 724 2975 779 diruam
3031 719 3288 790 templum

1717 834 1820 887 hoc
1853 845 2014 886 manu
2050 827 2281 889 factum,
2313 832 2369 879 et
2397 836 2494 893 per
2519 831 2632 876 tres
2657 820 2773 875 dies
2794 815 2939 872 aliud
2983 828 3089 869 non
3126 826 3293 867 manu

1719 924 1921 979 factum
1960 917 2328 981 reaedilicaho,
2356 935 2376 968 ι
2417 913 2638 984 quando
2659 920 2715 967 et
2749 920 2994 964 summus
3032 904 3287 961 sacerdos

1717 1031 1953 1085 surgens
2007 1012 2150 1069 dixit
2204 1010 2330 1066 illi:
2370 1006 2564 1062 «Nihil
2619 1000 2959 1073 respondes?
3030 1013 3128 1054 cur
3195 997 3286 1052 isti

1717 1105 2004 1159 adversum
2048 1112 2100 1157 te
2155 1095 2562 1171 testificantur?
2591 1094 2661 1149 At
2706 1089 2866 1147 Jesus
2892 1089 3107 1146 tacebat
3156 1087 3238 1150 “;
3264 1104 3285 1140 ι

1718 1195 1802 1251 vel
1856 1203 1916 1248 ut
1974 1192 2190 1248 Marcus
2252 1189 2429 1260 inquit
2474 1187 2523 1222 σι
2558 1202 2575 1239 :
2615 1184 2727 1238 «Et
2775 1197 3002 1255 surgens
3051 1194 3295 1235 summus

1719 1287 1973 1342 sacerdos
2014 1286 2066 1338 in
2099 1282 2335 1338 medium
2364 1321 2381 1347 ,
2440 1277 2809 1346 interrogabat
2845 1272 3029 1329 Jesum
3060 1272 3292 1328 dicens:

1720 1377 1837 1433 Non
1883 1374 2174 1446 respondes
2232 1370 2580 1444 quidquam?
2637 1384 2735 1425 cur
2776 1366 2864 1422 isti
2899 1365 3188 1419 adversum
3242 1370 3298 1415 te

1721 1469 1906 1524 dicunt
1931 1465 2265 1522 testimonia?
2296 1465 2364 1519 At
2386 1463 2477 1517 ille
2512 1462 2747 1525 tacebat,
2781 1470 2957 1528 neque
2997 1454 3293 1525 quidquam

1723 1559 2107 1630 respondebat.
2131 1576 2151 1609 ι
2181 1556 2435 1611 Arbitror
2462 1566 2591 1608 vero
2619 1541 2934 1606 necessario
2970 1547 3139 1602 etiam
3181 1546 3301 1598 hac

1723 1652 1886 1707 citata
1923 1649 2087 1706 fuisse
2121 1648 2438 1704 relationem
2483 1643 2743 1700 habentia
2795 1640 2864 1696 ad
2918 1654 3045 1695 eum
3088 1646 3295 1692 textum

1724 1742 1815 1810 qui
1841 1750 1930 1794 est
1957 1756 2069 1811 prae
2095 1738 2365 1793 manibus.

126 1838 204 1894 22.
230 1859 247 1891 ι
284 1835 457 1893 Εἶπαν
483 1832 579 1891 οὖν
608 1836 659 1890 οἱ
696 1833 959 1890 Ἰουδαῖον
991 1830 1415 1904 Τεσσαράκοντα
1440 1826 1535 1883 καὶ
1561 1826 1623 1893 ’ἐξ

1813 1832 1886 1887 22.
1929 1807 1974 1885 ι’
1994 1832 2262 1886 Dixerunt
2290 1842 2422 1899 ergo
2465 1824 2636 1882 Judmi
2670 1842 2686 1881 :
2719 1824 3090 1894 Quadraginta
3115 1829 3171 1876 et
3201 1835 3295 1875 sex

72 1931 216 1984 ἔτεσιν
235 1930 553 2003 ᾠκοδομήθη
573 1930 602 1983 ὁ
626 1928 753 1992 ναὸς
794 1919 967 1990 οὗτος.
990 1926 1085 1980 καὶ
1120 1926 1185 1978 σὺ
1214 1926 1271 1978 ἐν
1290 1923 1468 1996 τρισὶν
1490 1920 1625 1993 ὴμέ-

74 2037 173 2092 ραις
196 2021 401 2092 ἐγερεῖς
417 2018 619 2084 αὐτόν;
660 2037 679 2069 ι
718 2015 842 2080 Πῶς
860 2014 1269 2085 τεσσαράκοντα
1297 2011 1392 2065 καὶ
1420 2009 1479 2076 ἓξ
1504 2008 1624 2061 ἕτε-

73 2130 141 2165 σιν
166 2110 533 2183 ᾠκοδομῆσθαι
557 2127 691 2180 φασι
721 2109 811 2162 τὸν
831 2107 956 2161 ναὸν
977 2109 1026 2161 οἱ
1057 2105 1298 2159 Ἰουδαῖοι
1324 2102 1504 2171 λέγειν
1525 2101 1626 2155 οὐκ

72 2198 256 2277 ἔχομεν,
299 2208 347 2261 εἱ
388 2209 457 2279 τῇ
509 2204 720 2277 ἱστορίᾳ.
763 2201 1339 2274 κατακολουθήσαιμεν
1365 2198 1498 2269 (26).
1530 2198 1628 2251 Γέ-

72 2313 282 2367 γραπται
303 2296 410 2368 γὰρ
440 2298 501 2350 ἐν
529 2299 597 2368 τῇ
624 2290 1323 2369 τρίτῃτῶνΒασιλειῶν,ὼς
1346 2308 1367 2342 ι
1394 2290 1626 2362 ἡτοίμα-

77 2403 158 2439 σαν
205 2388 326 2452 τοὺς
375 2386 581 2451 λίθους,
630 2389 727 2441 καὶ
770 2385 839 2438 τὰ
874 2384 1005 2450 ξύλα
1058 2383 1236 2455 τρισὶν
1273 2380 1469 2434 ἔτεσιν.
1537 2380 1626 2433 Ἐν

70 2479 201 2550 δὲτῷ
224 2480 465 2551 τετάρτῳ
500 2479 632 2544 ἔτει,
672 2477 802 2551 μηνὶ
836 2476 1090 2548 δευτέρῳ,
1133 2472 1509 2545 βασιλεύοντος
1533 2469 1625 2526 τοῦ

72 2569 300 2640 βασιλέως
325 2571 673 2643 Σολομῶντος
704 2569 798 2623 ἐπὶ
825 2567 1059 2641 Ἰσραὴλ,
1090 2564 1391 2621 ἐνετείλατο
1418 2566 1447 2618 ὁ
1475 2564 1625 2636 βασι-

71 2661 191 2727 λεὺς,
212 2661 298 2714 καὶ
324 2660 545 2733 αἴρουσι
584 2659 764 2724 λίθους
798 2657 1065 2730 μεγάλους
1096 2655 1314 2727 τιμίους
1344 2656 1424 2719 εἱς
1451 2653 1512 2708 τὺ
1538 2653 1627 2708 θε-

73 2737 226 2824 μέλιον
253 2754 346 2807 τοῦ
365 2749 542 2817 ιῐκου,
568 2754 661 2807 καὶ
684 2751 862 2815 λίθους
896 2749 1281 2822 ἀπελεκήτους·
1314 2748 1411 2802 καὶ
1438 2747 1600 2802 ἐπελὲ

70 2857 219 2910 κησαν
263 2844 310 2895 οἱ
349 2842 459 2895 υἱοὶ
519 2840 879 2912 Σολομῶντος,
918 2840 1013 2892 καὶ
1039 2840 1088 2892 οἱ
1127 2838 1242 2891 υἱοὶ
1265 2838 1499 2910 Χειράμ·
1535 2837 1630 2891 καὶ

69 2932 235 2987 ἓΰαλον
261 2934 457 2999 αὐτοὺς
486 2936 546 2988 ἐν
572 2932 647 3005 τῷ
673 2933 919 3002 τετάρτῳ
948 2929 1080 2992 ἔτει,
1125 2930 1221 2983 καὶ
1263 2929 1630 3002 ἐθεμελίωσαν

66 3027 143 3079 τὸν
169 3021 305 3080 οἷκον
335 3026 548 3100 Κυρίου
575 3028 634 3079 ἐν
672 3026 802 3097 μηνὶ
820 3021 1023 3077 Νεισὰν
1050 3022 1186 3093 (ΞἸ),
1209 3022 1304 3077 καὶ
1332 3022 1411 3093 τῷ
1449 3022 1632 3077 δευτέ-

70 3134 134 3189 ρῳ
177 3119 317 3190 μηνὶο
346 3118 627 3189 ἑνδεκάτῳ
656 3115 907 3186 ἐνιαυτῷ,
936 3115 1066 3186 μηνὶ
1114 3113 1284 3178 Βαὰλ,
1329 3114 1390 3179 ὃς
1414 3109 1483 3187 ἦν
1522 3113 1631 3186 μὴν

65 3208 246 3277 ὄγδοος,
279 3208 636 3280 συνετελέσθη
678 3211 707 3263 ὁ
738 3204 885 3273 οἶκος
912 3211 993 3274 εἱς
1031 3208 1209 3263 πάντα
1249 3209 1406 3279 λόγον
1444 3208 1629 3275 αὑτοῦ,

69 3306 149 3358 καὶ
193 3306 269 3370 εἱς
319 3308 505 3360 πᾶσαν
540 3304 783 3371 διάταξιν
831 3305 1016 3360 αὑτοῦ.
1057 3326 1077 3360 ι
1120 3307 1239 3359 Ἵνα
1280 3301 1374 3361 οὖν
1403 3306 1500 3360 καὶ
1531 3307 1631 3378 τὴν

66 3397 359 3468 ἐτοιμασίαν
377 3398 549 3452 αὑτοῦ
577 3396 1074 3470 ωγκατατάξωμεν
1102 3397 1214 3470 (28)
1234 3398 1314 3470 τῷ
1328 3398 1507 3471 χρόνῳ
1533 3398 1633 3469 τῆς

65 3489 349 3562 οἰκοδομῆς,
376 3490 575 3544 ἕνδεκα
602 3489 696 3561 ἔτη
722 3489 792 3543 τὰ
821 3490 997 3544 πάντα
1023 3491 1085 3544 οὐ
1110 3488 1522 3563 συμπληροῦται
1554 3491 1635 3554 εἱς

68 3581 152 3653 τὴν
175 3583 457 3655 οἱκοδομὴν
470 3582 572 3636 τοῦ
597 3580 746 3636 ναοῦ.
765 3580 891 3645 Πῶς
918 3578 1012 3635 οὖν
1043 3584 1093 3635 οἱ
1133 3581 1371 3636 Ἰουδαῖοι
1390 3581 1630 3651 λέγουσι’

75 3694 90 3725 ι
99 3674 506 3745 Τεσσαράκοντα
518 3674 614 3728 καὶ
624 3673 683 3741 ἒξ
698 3674 873 3728 ἔτεσιν
892 3672 1215 3746 ᾠκοδομήθη
1228 3674 1258 3727 ὁ
1272 3673 1400 3738 ναὸς
1414 3668 1566 3737 οὗτος
1581 3690 1595 3740 ;
1609 3693 1627 3726 ι

69 3770 111 3820 εἱ
139 3769 207 3839 μὴ
236 3768 341 3840 ἄρα
371 3785 460 3832 τις
491 3766 823 3839 βιασάμενος
867 3764 1287 3837 φιλοτιμήσηται
1316 3765 1426 3837 (29)
1458 3781 1636 3836 παρα-

70 3861 244 3933 στῆσαι
283 3861 394 3915 τῶν
438 3858 855 3931 τεσσαράκοντα
901 3859 997 3912 ιιοιὶ⁵
1040 3856 1100 3922 ἐξ
1138 3858 1276 3911 ἐτῶν
1324 3856 1637 3930 πληρούμε-

68 3968 144 4003 νον
173 3953 278 4022 (30)
302 3953 517 4025 χρόνον,
547 3952 642 4022 ἀφ’
674 3945 735 4006 οὗ
758 3953 788 4005 ὁ
808 3950 971 4005 Δαυῖδ
1005 3967 1136 4021 φησι
1166 3948 1303 4021 πρὸς
1332 3949 1521 4006 Νάθαν
1544 3948 1637 4003 τὸν

69 4047 351 4118 προφήτην,
411 4044 847 4116 βουλευσάμενος
894 4043 1024 4116 περ).
1059 4043 1160 4113 τῆς
1205 4041 1498 4113 οἱκοδομῆς
1539 4040 1634 4096 τοῦ

67 4137 197 4190 ναοῦ·
247 4157 265 4190 ι
317 4139 455 4192 Ἰδοὺ
502 4136 619 4206 ἐγὼ
650 4135 887 4191 κατοικῶ
930 4138 989 4190 ἐν
1030 4134 1166 4206 οἴκῳ
1195 4134 1445 4205 κεδρίνῳ,
1473 4133 1570 4188 καὶ¹
1600 4135 1635 4205 ἡ

68 4227 274 4294 κιϐωτὸς
301 4229 397 4283 τοῦ
418 4227 564 4283 Θεοῦ
593 4228 828 4300 κάθηται
864 4227 923 4280 ἐν
951 4226 1100 4297 μέσῳ
1128 4225 1227 4297 τῆς
1262 4224 1488 4297 σκηνῆς·
1529 4243 1549 4275 ι
1587 4224 1637 4277 εἱ

66 4320 160 4389 γὰρ
185 4321 510 4382 κεκώλυται,
532 4320 610 4383 ὡς
635 4319 774 4391 ἀνὴρ
801 4318 1049 4389 αἱμάτων
1080 4316 1430 4388 οἰκοδομῆσαι
1452 4315 1635 4383 αὑτὸν,

66 4408 191 4463 ἔοικέ
220 4429 283 4482 γε
331 4414 442 4484 (51)
496 4410 834 4482 ἠσχολῆσθαι
866 4409 996 4479 περὶ
1039 4407 1138 4479 τὴν
1166 4406 1490 4475 συναγωγὴν
1535 4404 1638 4476 τῆς

1726 1926 1884 1981 annis
1913 1923 2239 1979 aediﬁcatum
2262 1934 2345 1977 est
2385 1921 2642 1991 templum
2669 1920 2795 1984 hoc,
2839 1929 2897 1973 et
2938 1928 2993 1971 tu
3032 1916 3084 1970 in
3118 1914 3298 1970 tribus

1726 2015 1920 2071 diebus
1947 2014 2126 2084 erigas
2154 2011 2284 2066 illud
2315 2011 2402 2064 5’?
2436 2029 2454 2062 ι
2498 2009 2781 2077 Quomodo
2835 2005 3197 2076 quadraginta
3240 2009 3301 2057 et

1727 2122 1821 2163 sex
1846 2105 2007 2161 annis
2034 2110 2372 2159 exstructum
2397 2100 2567 2156 fuisse
2599 2098 2769 2155 Judaei
2815 2098 3002 2151 dicant
3043 2092 3299 2163 templum

1729 2202 1853 2266 hoc,
1881 2197 1925 2252 si
1956 2196 2243 2251 historiam
2275 2207 2593 2263 sequamur,
2624 2190 2808 2244 dicere
2838 2204 2944 2243 non
2987 2198 3298 2254 possumus.

1727 2291 1859 2345 Nam
1891 2289 1947 2343 in
1976 2287 2135 2342 tertio
2153 2285 2352 2356 Regum
2373 2285 2631 2353 scriptum
2650 2291 2734 2336 est
2759 2280 2832 2346 ⁸³,
2857 2279 3001 2349 quod
3033 2294 3053 2328 ι
3089 2289 3299 2346 praepa-

1740 2381 1984 2438 raverint
2031 2379 2235 2450 lapides
2272 2386 2330 2432 et
2373 2377 2516 2446 ligna
2547 2375 2723 2429 tribus
2755 2372 2942 2428 anuis.
2999 2371 3055 2425 In
3101 2375 3302 2437 quarto

1726 2486 1906 2529 autem
1938 2487 2105 2535 anno,
2136 2486 2322 2525 mense
2351 2469 2613 2534 secundo,
2659 2474 2919 2538 regnante
2965 2476 3091 2533 rege
3143 2458 3301 2514 Salo-

1728 2581 1886 2623 mone
1908 2580 2072 2635 super
2096 2563 2287 2625 lsrael,
2312 2561 2591 2616 mandavit
2622 2575 2717 2613 rex
2743 2599 2756 2620 .
2785 2567 2841 2612 et
2880 2557 3071 2610 tollunt
3096 2551 3303 2623 lapides

1727 2658 1981 2730 grandes,
2009 2655 2217 2725 lapides
2248 2655 2517 2722 pretiosos
2565 2667 2661 2722 pro
2699 2649 3050 2707 fundamento
3085 2647 3301 2706 domus.

1727 2728 1891 2820 atque
1951 2747 2158 2817 lapides
2206 2746 2484 2814 impolitos
2513 2760 2529 2810 ;
2562 2753 2616 2797 et
2667 2742 3011 2807 sculpserunt
3056 2752 3154 2793 eos
3207 2728 3322 2790 [Ilii

1731 2839 2064 2903 Salomonis,
2125 2846 2180 2892 et
2222 2836 2316 2891 lilii
2373 2836 2594 2892 Chiram
2625 2834 3016 2901 ,jereruutqne
3065 2844 3159 2884 eos
3204 2842 3304 2895 pro

1729 2932 2048 2989 fundatione
2081 2930 2135 2983 in
2171 2938 2369 2998 quarto
2399 2943 2567 2990 anno.
2605 2938 2660 2980 et
2694 2925 3059 2978 fundaveruut
3085 2921 3302 2975 domum

1730 3023 1942 3080 Domini
1972 3025 2023 3077 in
2058 3036 2243 3076 mense
2278 3019 2442 3075 Nisan
2485 3019 2555 3091 (is
2595 3028 2680 3073 est
2722 3015 2997 3071 secumlus
3040 3012 3300 3079 ntensis);

1733 3115 2018 3170 undecimo
2065 3121 2246 3167 autem
2294 3125 2475 3174 anno,
2527 3110 2580 3164 in
2633 3122 2819 3162 mense
2868 3105 3014 3169 Baal,
3068 3101 3161 3172 qui
3215 3110 3300 3155 est

1736 3206 1936 3261 mensis
2000 3203 2156 3273 201
2227 3211 2474 3263 octavus.
2536 3198 2775 3269 perfecta
2828 3206 2911 3251 est
2963 3197 3155 3249 domus
3209 3206 3306 3261 per

1733 3309 1924 3350 omnes
1946 3305 2129 3364 partes
2159 3306 2310 3355 suas,
2348 3288 2574 3358 eljuxta
2605 3295 2865 3342 cunctam
2890 3279 3304 3352 dispositionem

1735 3402 1891 3441 suam
1923 3386 1990 3442 ⁸⁸.
2021 3405 2042 3439 ι
2081 3382 2152 3439 Ut
2181 3397 2313 3452 ergo
2341 3380 2507 3436 etiam
2546 3375 3000 3449 prwparationeut
3028 3373 3149 3442 ejus
3177 3387 3302 3425 cum
3360 3424 3371 3429 ,

1739 3488 1978 3545 tempore
2008 3485 2297 3530 structurae
2326 3482 2772 3531 annumeremus,
2832 3464 3078 3520 undecim
3130 3475 3306 3515 anno-

1738 3584 1856 3622 rum
1891 3580 2150 3621 numerus
2179 3581 2285 3619 non
2320 3561 2623 3628 completur
2651 3556 2717 3611 ad
2746 3565 3074 3611 structuram
3102 3550 3305 3619 templi.

1736 3656 2378 3727 Quamobremquomodo
2394 3651 2786 3712 Iuda-idicem,
2818 3666 2836 3698 ι
2869 3645 3226 3716 quadraginta
3255 3650 3311 3696 et

1735 3765 1833 3805 sex
1875 3749 2033 3802 annis
2058 3748 2386 3802 aediﬁcatum
2424 3742 2594 3796 fuisse
2649 3739 2904 3806 templum
2960 3734 3103 3789 hoc?
3147 3752 3165 3785 ι
3194 3731 3306 3786 Nisi

1736 3840 1877 3896 forte
1916 3839 2062 3910 quis,
2112 3839 2207 3908 qui
2248 3843 2558 3906 urgeretur,
2607 3832 2966 3885 contenderet
3020 3827 3311 3881 ostendere

1737 3945 1950 4004 tempus
1975 3932 2330 4003 quadraginta
2361 3939 2415 3984 et
2439 3942 2530 3983 sex
2568 3938 2834 3980 annorum
2860 3918 3119 3989 compleri
3147 3920 3216 3972 ab
3247 3932 3315 3975 eo

1739 4037 1979 4096 tempore
2007 4040 2116 4095 quo
2147 4023 2313 4078 David
2356 4018 2530 4090 inquit
2588 4018 2658 4081 ad
2700 4015 2916 4070 Nathan
2969 4011 3319 4083 prophetam,

1739 4118 2028 4175 consulens
2059 4119 2126 4172 de
2148 4114 2523 4171 aediﬁcatione
2552 4110 2737 4180 templi
2779 4129 2791 4164 :
2829 4126 2849 4160 ι
2874 4107 2954 4162 Ειι
2989 4121 3093 4176 ego
3130 4106 3318 4162 habito

1738 4217 1791 4273 in
1822 4216 1988 4271 domo
2023 4211 2272 4276 cedrina,
2308 4220 2363 4266 et
2388 4223 2513 4264 arca
2544 4207 2643 4262 Dei
2688 4210 2872 4260 manet
2902 4204 2954 4257 in
2986 4204 3163 4261 medio
3196 4212 3319 4257 teu-

1741 4308 1959 4365 θοι-ἥδ’.
1988 4326 2007 4359 ι
2056 4303 2191 4360 Nam
2223 4305 2391 4359 etiam
2443 4301 2490 4358 si
2544 4298 2855 4371 prohibitus
2889 4297 3011 4365 fuit,
3075 4312 3175 4352 ceu
3231 4295 3317 4349 vir

1738 4400 2083 4471 sanguinum,
2112 4398 2286 4467 ipsqu
2317 4393 2628 4457 aediﬁcare,
2666 4400 2724 4446 at
2762 4392 2956 4447 saltem
2994 4389 3205 4445 videtur
3256 4401 3318 4441 se

67 4501 183 4574 ῦλης
210 4479 302 4559 τοῦ
326 4479 482 4561 ναοῦ.
692 4479 823 4572 γοῦν
866 4503 927 4554 ἐν
956 4505 1020 4574 τῇ
1064 4499 1257 4575 πριίιτῃ
1287 4500 1408 4553 ,τῶν
1454 4500 1625 4571 [lapa-

1813 4492 2048 4549 ercuisse
2106 4492 2254 4545 circa
2319 4486 2682 4558 colligendam
2753 4484 3037 4539 materiam
3094 4479 3319 4575 'templi.

407 4556 419 4559 v
705 4556 718 4572 ⁸
737 4556 1020 4666 βασιλεὺς..
1034 4556 1185 4667 πάσῃ
1329 4556 1596 4663 ἐκκλησίᾳ
1615 4608 1625 4622 ·

1813 4586 1922 4657 quit
1958 4599 2087 4655 ergo
2119 4583 2174 4638 in
2203 4583 2399 4667 primo.
2426 4577 2881 4647 Paralipomenon
2941 4556 3105 4630 libro'
3129 4573 3178 4606 '°
3222 4588 3319 4628 rex

72 4707 88 4737 ι
111 4690 346 4762 Σολομὼν
368 4694 399 4745 ὁ
440 4692 561 4775 υἱός
590 4707 713 4761 μου,
743 4690 824 4752 είς
853 4687 914 4742 ὃν
946 4686 1200 4759 ᾑρέτικεν
1221 4685 1384 4739 αὑτὸν
1409 4684 1633 4755 Κύριος,

66 4781 169 4846 νέος
203 4785 295 4837 καὶ
318 4784 553 4846 ἁπαλὸς,
577 4783 672 4835 καὶ
701 4781 762 4834 τὸ
790 4780 950 4853 ἔργον
974 4778 1138 4851 μέγα,
1170 4778 1255 4831 ὅτι
1282 4778 1383 4831 οὐκ
1421 4775 1637 4849 ἀνθρὼ-

70 4890 145 4945 πιρ
166 4876 431 4947 οἰκοδομεῖ
456 4876 594 4945 (52),
629 4873 766 4929 ἀλλὰ
792 4872 982 4944 Κυρίῳ
1004 4869 1137 4942 Θεῷ·
1175 4869 1315 4924 κατὰ
1343 4869 1523 4923 πᾶσαν
1537 4868 1637 4940 τὴν

133 4988 174 5020 ⁸⁸
204 4990 391 5045 Matth.
428 5007 584 5048 xsvu.
613 4991 703 5045 6i.
797 4990 843 5023 ⁸⁹
874 4988 1040 5043 Marc.
1072 5004 1185 5049 xw,
1222 4987 1313 5042 58.

1423 4986 1470 5018 "
1503 4984 1692 5039 Matth.
1720 4999 1871 5049 χχιιι,
1902 4983 1993 5039 62.

1744 4680 1912 4737 David
1941 4688 2152 4735 cuncta
2171 4674 2580 4746 congregationi
2609 4688 2626 4728 :
2655 4672 2944 4727 «Salomon
2971 4670 3112 4724 [ilius
3142 4683 3319 4732 meus,

1742 4775 1796 4829 in
1830 4788 1991 4844 quem
2038 4770 2368 4842 complacuit
2414 4770 2517 4826 sibi
2551 4766 2837 4829 Dominus,
2879 4766 3100 4834 juvenis
3131 4769 3215 4817 est
3264 4767 3322 4815 et

1742 4866 2047 4932 delicatus;
2082 4878 2331 4935 cpusque
2383 4877 2638 4935 magnum
2686 4870 2815 4927 est,
2899 4859 3157 4930 quoniam
3211 4869 3319 4909 non

2099 4982 2143 5015 “
2182 4981 2347 5036 Marc.
2382 4996 2493 5041 xiv.
2520 4979 2611 5043 60,
2640 4980 2729 5033 6|.
2828 4976 2876 5009 “
2917 4973 3073 5031 Joan.
3116 4989 3175 5036 ιι,
3225 4970 3317 5025 20.

66 5058 111 5091 “
144 5060 201 5115 ιιι
247 5063 380 5131 Reg.
434 5079 493 5126 ν,
527 5063 741 5129 17,18;
777 5077 852 5125 tu,
889 5061 943 5116 1.
1014 5059 1064 5092 ⁸⁴
1096 5059 1159 5113 ιιι
1176 5048 1321 5128 Reg.
1346 5072 1427 5123 vt,
1456 5057 1550 5113 38.

1813 5048 1919 5125 leg.
1978 5067 2077 5121 vn,
2138 5053 2194 5107 2.
2234 5051 2316 5095 μ⁸⁶
2362 5050 2381 5105 l
2431 5050 2669 5120 Paralip.
2704 5064 2857 5113 χχιι,
2905 5048 2931 5101 ί
2985 5061 3140 5116 seqq.

103 5175 238 5257 .(25)
262 5175 788 5257 βΑτοιπςοδομήσω.
819 5175 912 5231 Sic
938 5174 1107 5231 codex
1138 5174 1498 5242 Bodleianus;
1531 5170 1639 5228 Re-

85 5248 595 5327 tie-.PWOMW;

138 5316 243 5382 (9.4)
278 5315 547 5383 Λουκᾶς.
579 5317 935 5372 Scribendum
969 5315 1217 5387 Μάρκος.

79 5387 577 5526 ἔχὲξῖἐςῗεχοντα.
644 5388 740 5443 Sic
787 5389 955 5443 codex
1005 5383 1370 5452 Bodleiauus;
1410 5383 1634 5457 Regius,

141 5528 261 5599 (‘3'th
287 5527 468 5582 Codex
517 5527 735 5599 Regius,
763 5527 1129 5599 ὀἰκοδομῆσαί
1185 5543 1318 5599 φασι
1369 5525 1462 5599 τδν
1507 5522 1636 5580 ναὸν

82 5596 125 5650 οἱ
156 5598 386 5670 Ἰουδαῖοι
415 5596 694 5668 λέγονται·
729 5600 831 5653 οὐκ
862 5596 1059 5670 ἔχομεν
1085 5601 1134 5652 εἱ
1160 5601 1226 5669 τῇ
1263 5596 1475 5668 ἱστορίᾳ
1508 5613 1641 5650 κατ-

81 5667 532 5741 ακολουθήσομεν’
567 5677 658 5725 scd
702 5675 870 5725 codex
892 5667 1238 5725 'BOdleianus
1268 5679 1325 5721 ut
1356 5667 1408 5722 in
1452 5667 1639 5722 nostro

88 5747 257 5880 ιω(ἓῆ
306 5811 405 5865 Ἐν
433 5810 582 5880 μηνὶ
617 5811 857 5867 Il'stc'dr.
916 5808 1056 5883 Lege
1088 5808 1234 5875 Ζιοῦ,
1269 5809 1371 5865 boc
1403 5815 1485 5864 est
1530 5804 1637 5862 lle-

1739 5172 1926 5262 l‘traice
1948 5178 2024 5262 η,
2069 5171 2270 5262 veteris
2309 5168 2516 5262 me‘nsis
2548 5164 2798 5262 Illehralici
2832 5162 3176 5262 nantemqqui
3212 5159 3320 5228 ljar

1737 5236 2330 5365 uinigo'regpoudet.
2383 5238 2518 5292 Vide
2550 5236 2752 5306 .lusepL
2814 5238 2994 5305 Antig.
3030 5236 3127 5289 lib.
3184 5247 3314 5297 \‘Ill,

1770 5329 1780 5343 ·
1858 5352 1872 5365 .
1943 5353 1958 5365 .
1992 5328 2047 5365 ιι.
2113 5349 2127 5364 .

1750 5328 1872 5377 cap.
1901 5328 1958 5377 κ,
1992 5328 2047 5367 ιι.
2073 5328 2127 5365 o.

2185 5376 2743 5454 συγπατᾳτᾴξωμεν.
2769 5377 2844 5432 Ita
2872 5375 3040 5430 codex
3072 5370 3319 5426 Bodleia-

1739 5448 2145 5541 nt'égglissie:
2171 5448 2690 5541 σλδτξεςιῖαλάδωμξν·

1819 5521 1932 5590 (29)
1969 5517 2150 5579 Codex
2182 5517 2523 5590 Bodleiauus,
2561 5517 2999 5590 φιλοτιμήσαιτο.

1817 5588 1931 5663 (50)
1969 5595 2147 5649 Codex
2190 5592 2411 5663 Regius,
2438 5588 2852 5663 πληρουμένων.

1817 5651 1929 5737 (si)
1966 5664 2149 5737 Codex
2188 5651 2757 5737 poiitcianuts,"goésv,
2788 5655 2901 5711 ἀλλ’
2928 5651 3022 5709 οὖν
3055 5651 3200 5708 ἔοικέ
3227 5666 3314 5726 γε.

1816 5728 1931 5808 (ὅῖ)
1969 5736 2165 5793 Codex
2187 5734 2408 5804 Regius,
2435 5728 2714 5802 οἰκοδομή.
