3702 6142
371 264 482 322 379
494 278 497 281 '

1839 271 1895 327 Ol

2039 268 2158 326 ΞΝιὸ
3458 278 3555 334 ·58θ

370 383 601 449 homini,
641 383 735 440 sed
777 383 1004 442 Domino
1062 385 1171 443 Deo
1213 387 1462 445 aediﬁcat.
1509 386 1818 459 Praeparavi
1862 388 1895 443 il

2041 386 2269 459 δύναμιν
2295 386 2571 460 ἡτοίμακα
2598 388 2679 453 είς
2709 381 2858 442 οἶκον
2886 386 3021 442 Θεοῦ
3049 402 3152 459 μου
3176 388 3401 460 χρυσίον,
3425 393 3557 466 ἀργύ.

370 491 468 546 pro
504 476 711 532 viribus
737 477 872 534 meis
906 479 972 535 ad
993 477 1215 535 domum
1247 479 1340 536 Dei
1369 481 1472 536 mei
1493 481 1937 544 construendum,

368 583 589 636 aurum,
619 582 931 642 argentum,
985 587 1060 628 aes
1088 581 1145 627 et
1176 571 1404 638 ferrum,
1441 573 1645 643 lignum
1667 614 1685 641 ,
1735 572 1941 642 lapides

367 661 558 731 150cm,
589 673 648 720 et
668 663 1043 734 plenitudinis,
1089 664 1404 735 lapidesque
1451 674 1836 735 sumptuosos,
1885 673 1941 721 et

366 757 573 824 varios,
610 767 667 815 et
697 772 915 814 omnem
937 756 1175 828 lapidem
1204 758 1505 829 pretiosum
1538 798 1557 826 ,
1617 765 1672 812 et
1714 757 1936 812 Parium

368 848 618 907 multum.
664 849 858 906 Adhuc
903 851 1096 916 etiam,
1155 859 1216 907 ut
1267 851 1667 921 complacerem
1694 851 1746 905 in
1778 851 1939 906 domo

369 941 465 996 Dei
513 941 642 1004 mei,
705 951 792 998 est
842 942 997 1008 mihi,
1048 943 1196 1012 quod
1260 943 1571 1014 acquisivi,
1617 958 1811 999 aurum
1883 952 1939 999 et

366 1042 649 1105 argentum
680 1051 697 1090 :
726 1043 781 1090 et
809 1049 939 1090 ecce
973 1034 1093 1090 dedi
1126 1035 1178 1089 in
1202 1034 1424 1089 domum
1458 1034 1550 1089 Dei
1589 1034 1692 1088 mei
1729 1034 1781 1087 in
1812 1033 1938 1088 alti-

368 1124 614 1179 tudinem
646 1141 662 1180 :
692 1140 760 1180 ex
801 1132 881 1179 tot
906 1124 1204 1194 praeparavi
1258 1123 1311 1178 in
1358 1126 1577 1179 domum
1624 1133 1936 1179 sanctorum

367 1217 469 1273 tria
503 1216 673 1273 millia
704 1216 1030 1272 talentorum
1061 1216 1182 1271 auri
1229 1231 1299 1273 ex
1351 1216 1580 1288 Supbir,
1626 1226 1681 1271 et
1727 1227 1933 1288 septem

366 1314 534 1368 millia
580 1312 905 1368 talentorum
947 1312 1159 1383 argenti
1194 1312 1449 1384 probati,
1498 1319 1557 1366 ut
1602 1312 1936 1367 incrustetur

362 1420 428 1458 ex
461 1405 593 1475 ipsis
624 1404 816 1460 domus
846 1403 938 1459 Dei
960 1386 1073 1475 'per
1102 1419 1302 1459 manus
1328 1404 1626 1459 artiﬁcum.
1659 1424 1680 1459 ι
1717 1404 1933 1478 Regna-

360 1497 439 1550 vit
489 1497 634 1552 enim
677 1495 845 1551 David
885 1496 1044 1552 annis
1080 1505 1287 1565 septem
1335 1496 1388 1551 in
1445 1496 1684 1563 Hebron,
1723 1508 1779 1554 et
1831 1501 1931 1555 tria

360 1602 522 1658 supra
551 1588 770 1657 triginta
798 1588 850 1642 in
881 1586 1184 1643 Jerusalem
1208 1586 1274 1640 ⁸⁷.
1300 1585 1482 1654 Quare
1510 1588 1555 1643 si
1585 1589 1783 1658 poterit
1808 1590 1932 1659 quis

357 1677 648 1732 ostendere
694 1677 1021 1748 principium
1055 1678 1465 1748 prmparationis
1509 1678 1691 1748 templi
1727 1678 1927 1744 fuisse,

2044 494 2179 549 ριον,
2219 476 2436 548 χαλκὸν,
2480 480 2573 533 καὶ
2616 478 2858 550 σίδηρον,
2900 477 3078 545 ξύλον,
3115 477 3290 543 λίθους
3318 481 3460 553 Σοδμ,
3485 488 3556 541 καὶ

2042 567 2395 640 πληρώσεως,
2435 570 2531 624 καὶ
2561 569 2743 634 λίθους
2773 568 3087 633 πολυτελεῖς
3137 569 3266 639 (55),
3310 571 3394 623 καὶ
3418 576 3558 629 ποικί-

2038 660 2181 726 λους,
2214 662 2309 715 καὶ
2336 661 2512 716 πάντα
2537 661 2683 716 λίθον
2710 662 2910 733 τίμιον,
2945 661 3042 715 καὶ
3069 659 3266 733 Πάριον
3295 661 3430 716 πολύ.
3463 666 3558 720 Ἔτι

2029 754 2096 819 ,ὲν
2119 751 2198 825 τῷ
2225 753 2511 827 εὐδοκῆσαί
2537 772 2604 826 με
2635 756 2694 809 ὲν
2722 754 2857 826 οἴκῳ
2886 751 3022 807 Θεοῦ
3058 770 3181 824 μου,
3209 752 3316 806 ἐστι
3341 755 3462 825 μοιὸ
3485 774 3555 809 πε-

2039 846 2401 918 ριπεποίημαι
2434 847 2674 919 χρυσίον,
2707 847 2803 901 καὶ
2834 845 3115 919 ἀργύριον·
3151 845 3244 899 καὶ
3267 845 3366 899 ἰδοὺ
3396 846 3560 901 δέδωκα

2036 938 2116 1001 είς
2132 933 2286 992 οἷκον
2309 938 2514 1010 Κυρίου
2534 956 2635 1010 μου
2656 941 2736 1004 είς
2759 938 2910 1009 ὕψος·
2940 941 3006 1013 ὲκ
3020 937 3193 992 τόσων
3218 934 3558 1009 ἡτοίμασαβῦ

2036 1030 2116 1093 είς
2135 1030 2224 1084 τὸν
2245 1047 2272 1083 ο
2298 1047 2391 1084 κον
2410 1032 2520 1084 τῶν
2540 1031 2710 1100 ἁγίων
2726 1030 2997 1102 τρισχίλια
3009 1030 3246 1083 τάλαντα
3271 1029 3469 1101 χρυσίου
3484 1031 3559 1085 τοῦ

2034 1122 2100 1175 ὲκ
2134 1122 2384 1195 Σουφεὶρ,
2419 1123 2513 1178 καὶ
2551 1123 2934 1194 ἑπτακισχίλια
2965 1122 3201 1176 τάλαντα
3238 1123 3474 1193 ἀργυρίου
3496 1123 3563 1177 δο-

2033 1215 2217 1286 κίμου,
2240 1216 2596 1287 ὲπαλειφῆναι
2624 1216 2681 1270 ἐν
2702 1216 2884 1279 αὐτοῖς
2895 1217 3021 1279 τοὺς
3043 1214 3225 1277 οἴκους
3245 1213 3333 1267 τοῦ
3355 1212 3474 1267 Θεοῦ
3494 1214 3563 1269 διὰ

2032 1301 2211 1373 χειρὸς
2227 1304 2501 1373 τεχνιτῶν.
2532 1324 2551 1356 ι
2601 1303 2945 1358 Ἐϐασίλευσε
2971 1304 3080 1377 γάρ
3102 1306 3130 1358 ὁ
3159 1302 3317 1357 Δαυῒδ
3345 1303 3466 1357 ἑπτά
3487 1304 3561 1376 ἐτη

2031 1393 2089 1445 ὲν
2120 1393 2367 1465 Χεϐρὼν,
2397 1395 2491 1448 καὶ
2512 1394 2591 1465 λγ¹
2613 1397 2671 1449 ἐν
2705 1395 3078 1468 Ἰερουσαλήμ.
3132 1393 3256 1448 Ἐἀν
3279 1389 3365 1448 οὖν
3393 1393 3560 1466 δυνηθῇ

2031 1484 2310 1550 ἀποδεῖξαι
2338 1484 2434 1557 τὴν
2480 1486 2651 1559 ἀρχὴν
2692 1486 2794 1557 τῆς
2832 1486 3078 1559 περὶτοῦ
3114 1484 3244 1540 ναοῦ
3267 1486 3561 1557 κατασκευῆς

2029 1577 2307 1646 γεγονέναι
2338 1578 2658 1648 συνάγοντος
2687 1578 2850 1635 αὐτοῦ
2879 1579 2977 1652 τὴν
3003 1580 3308 1652 ἐπιτήδειον
3339 1577 3457 1649 ὓλην
3479 1579 3563 1632 ἀπὸ

2028 1668 2121 1723 τοῦ
2144 1675 2183 1722 ε’
2214 1670 2403 1741 χρόνου
2426 1672 2523 1742 τῆς
2556 1672 2832 1743 βασιλείας
2860 1672 3046 1738 αὐτοῦ,
3086 1673 3369 1745 δυνήσεται
3409 1672 3565 1743 βιασάο

357 1768 642 1840 eolligente
672 1785 738 1827 eo
788 1771 1074 1826 materiam
1125 1771 1539 1826 convenientem
1595 1787 1627 1826 a
1685 1781 1895 1842 tempor

2039 1779 2192 1833 μενος
2244 1764 2372 1834 περὶ
2413 1762 2523 1834 (55)
2552 1762 2660 1815 τῶν
2692 1769 2788 1834 μς¹
2812 1762 2947 1816 ἑτῶν
2975 1760 3171 1818 εἰπεῖν.
3219 1763 3402 1827 ’Δλλος
3428 1763 3479 1817 δέ
3498 1781 3563 1827 τις

354 1860 529 1930 quinti
583 1860 712 1916 anui
758 1861 912 1931 regni
956 1861 1066 1926 sui,
1097 1860 1318 1930 poterit.
1361 1862 1405 1917 si
1438 1872 1712 1931 urgeatur,
1747 1864 1931 1920 dicere

353 1954 423 2008 de
465 1953 827 2023 quadraginta
884 1968 978 2008 sev
1031 1954 1212 2008 annis.
1273 1954 1426 2009 Alius
1473 1969 1602 2010 vero
1657 1957 1925 2025 quispiam

361 2045 509 2100 dicet
534 2045 794 2115 templum
851 2044 994 2112 quod
1049 2046 1372 2112 ostenditur,
1414 2061 1519 2102 non
1573 2062 1693 2103 esse
1732 2048 1861 2103 illud
1894 2065 1926 2103 a

354 2136 648 2193 Salomone
685 2146 1046 2204 exstructum,
1088 2153 1211 2192 nam
1249 2148 1501 2195 eversum
1543 2139 1644 2194 fuit
1680 2157 1711 2196 e
1752 2142 1928 2210 capti-

349 2229 533 2284 vitatis
587 2229 925 2300 temporibus
975 2229 1045 2296 ”,
1099 2232 1194 2286 sed
1255 2232 1399 2301 quod
1450 2232 1648 2287 Esdras
1685 2234 1924 2289 aediﬁca-

350 2322 493 2376 verit
520 2322 564 2357 ⁵⁹
600 2339 617 2386 ;
654 2323 722 2378 de
763 2337 872 2392 quo
906 2336 1013 2378 non
1070 2338 1356 2393 possumus
1407 2334 1591 2394 aperte
1638 2327 1923 2383 ostendere

346 2414 644 2470 orationem
686 2429 817 2471 vera
866 2428 1180 2473 narrantem
1215 2417 1284 2472 de
1324 2418 1681 2487 quadraginta
1735 2428 1790 2473 et
1827 2434 1921 2474 sex

347 2507 527 2563 annis.
558 2507 800 2576 Apparet
826 2509 992 2564 etiam
1025 2508 1167 2579 apud
1198 2508 1544 2563 Machahaica
1597 2509 1643 2542 ⁸ο
1694 2510 1918 2565 multam

346 2597 796 2668 inconstantiam,
859 2610 919 2656 et
975 2600 1352 2657 confusionem
1397 2599 1566 2657 fuisse
1600 2602 1750 2659 circa
1786 2615 1921 2660 tem-

343 2688 512 2759 plum,
565 2701 621 2745 et
674 2691 819 2748 circa
870 2692 1160 2763 populum;
1211 2704 1263 2749 et
1313 2694 1456 2748 haud
1487 2694 1620 2759 scio,
1669 2711 1736 2750 an
1792 2706 1919 2753 tunc

342 2782 730 2839 retediﬁcatum
778 2785 944 2841 fuerit
1002 2796 1082 2843 tot
1139 2786 1320 2843 annis.
1388 2786 1534 2843 Sane
1591 2787 1914 2858 Hcracleon,

340 2873 503 2943 202
558 2889 629 2928 ne
674 2874 922 2944 inspecta
978 2875 1193 2945 quidem
1240 2876 1512 2942 historia,
1569 2876 1914 2933 Salomonem

340 2966 519 3035 inquit
539 2966 898 3037 quadraginta
928 2977 983 3022 et
1002 2983 1099 3023 sex
1126 2968 1283 3022 annis
1303 2968 1604 3024 aediﬁcasse
1628 2969 1912 3039 templum,

338 3061 484 3128 quod
518 3068 641 3114 erat
670 3059 847 3131 imago
872 3057 1179 3116 Servatoris
1209 3080 1222 3116 :
1253 3076 1317 3117 ac
1365 3077 1462 3118 sex
1514 3077 1799 3118 numerum
1843 3063 1911 3117 ad

340 3151 628 3208 materiam
656 3192 672 3217 ,
704 3153 753 3206 id
789 3163 876 3207 est
922 3154 989 3207 ad
1039 3153 1379 3212 elfectionem
1433 3154 1636 3221 refert;
1671 3155 1912 3225 quadra-

336 3245 483 3313 ginta
517 3253 699 3299 autem
733 3260 1044 3313 numerum,
1091 3248 1185 3317 qui
1217 3258 1323 3312 est,
1369 3248 1577 3317 inquit,
1626 3250 1914 3319 quaternio

335 3336 576 3407 copulari
611 3337 846 3403 nescius,
874 3338 942 3392 ad
972 3338 1390 3395 insuﬂlationetn
1423 3354 1719 3410 semenque
1743 3339 1913 3395 insuf-

334 3428 594 3485 ﬂationis.
630 3429 710 3485 Tu
767 3443 898 3485 vero
947 3430 1243 3487 vide'num
1291 3433 1467 3502 possis
1521 3433 1773 3504 accipere
1816 3448 1913 3502 per

332 3521 825 3592 quadragenarium
850 3538 1132 3578 numerum
1151 3536 1385 3594 quatuor
1403 3524 1670 3581 elementa
1700 3526 1907 3594 mundi,

331 3629 455 3683 quae
520 3624 797 3684 ponuntur
850 3614 903 3669 in
963 3616 1178 3686 angulis
1204 3617 1418 3686 templi;
1472 3632 1571 3688 per
1630 3619 1907 3674 senarium

332 3720 482 3771 vero,
516 3707 791 3762 hominem
815 3720 971 3763 sexta
1005 3709 1093 3764 die
1117 3707 1345 3764 factum.

402 3797 497 3852 25.
534 3817 553 3849 ‹
584 3798 654 3852 At
682 3799 773 3853 ille
801 3797 1020 3855 dicebat
1046 3800 1114 3855 de
1147 3799 1347 3869 templo
1370 3801 1614 3869 corporis
1643 3802 1747 3857 sui.
1772 3801 1906 3858 Cum

328 3903 462 3961 ergo
493 3892 733 3945 surrexit
779 3906 810 3946 e
847 3893 1113 3958 mortuis,
1160 3893 1430 3948 recordati
1477 3903 1606 3949 sunt
1653 3894 1905 3965 discipuli

326 3979 450 4051 ejus
480 3981 626 4050 quod
670 3981 777 4037 hoc
822 3982 1067 4047 dixisset,
1109 3993 1164 4037 et
1207 3983 1555 4039 crediderunt
1584 3984 1903 4055 Scriptum,

329 4081 386 4126 et
413 4073 649 4126 sermoni
676 4087 835 4142 quem
872 4073 1084 4129 dixerat
1113 4073 1272 4130 Jesus
1299 4074 1368 4142 ⁸¹,
1397 4095 1417 4127 ι
1467 4091 1659 4147 nempe
1708 4092 1904 4147 corpus

330 4162 454 4218 Filii
487 4165 671 4220 vocari
711 4162 971 4236 templum
1000 4167 1139 4237 ejus.
1185 4168 1423 4235 Quaesitu
1457 4176 1642 4224 autem
1674 4170 1901 4239 dignum

328 4264 413 4310 est
440 4254 834 4325 simpliciterne
874 4257 972 4312 hoc
1005 4259 1384 4328 accipiendum
1432 4260 1523 4324 sit,
1561 4275 1627 4313 an
1674 4270 1903 4315 conten-

328 4346 560 4401 dendum
614 4347 689 4402 sit
740 4347 955 4419 singula
1016 4365 1136 4420 quae
1189 4351 1256 4407 de
1308 4351 1512 4418 templo
1568 4351 1898 4418 scribuntur,

2029 1855 2146 1922 ἐρεῖ
2168 1853 2261 1907 τὸν
2288 1853 2637 1924 δεικνύμενον
2672 1853 2746 1925 μὴ
2776 1853 2868 1908 τὸν
2901 1854 3006 1908 ὑπὸ
3040 1852 3376 1928 Σολομῶντος
3404 1854 3568 1924 ᾠκοδο-

2032 1946 2273 2016 μημένον
2306 1940 2466 2007 εἶναι,
2508 1947 2716 1999 ἐκεῖνον
2748 1944 2856 2018 γὰρ
2887 1944 3292 2018 κατεστράφθαι
3330 1945 3430 2016 (56)
3453 1944 3565 1999 κατά

2025 2036 2153 2099 τοὺς
2175 2036 2275 2107 τῆς
2302 2036 2679 2107 αἰχμαλωσίας
2705 2037 2950 2109 χρόνους,
2984 2036 3117 2091 ἀλλά
3157 2036 3251 2090 τὸν
3285 2038 3372 2088 ἐπὶ
3396 2035 3567 2107 Ἐσδρᾳ⁸

2024 2127 2461 2200 οἰκοδομηθέντα·
2509 2131 2636 2201 περὶ
2664 2121 2724 2183 οὗ
2755 2130 2855 2183 οὐκ
2906 2129 3101 2200 ἔχομεν
3130 2128 3342 2201 τρανῶς
3366 2128 3447 2180 τὸν
3464 2126 3566 2191 ,τῶν

2023 2221 2428 2293 τεσσαράκοντα
2467 2223 2562 2276 καὶ
2592 2221 2652 2287 ἒξ
2698 2222 2835 2277 ἐτῶν
2880 2222 3160 2289 ἀποδεῖξαι
3211 2221 3568 2293 ἀληθευόμενον

2022 2310 2195 2380 λόγον.
2228 2313 2410 2365 Ἐοικε
2432 2312 2487 2365 δὲ
2517 2314 2610 2367 καὶ
2643 2313 2785 2368 κατὰ
2822 2313 2890 2367 τὰ
2920 2312 3297 2367 Μακκαϐαῖκά
3322 2312 3474 2381 πολλή
3502 2328 3567 2374 τις

2021 2404 2398 2457 ἀκαταστασία
2441 2405 2719 2473 γεγονέναι
2764 2406 2893 2476 περὶ
2930 2405 3021 2459 τὸν
3043 2405 3170 2458 λαὸν
3212 2405 3306 2458 καὶ
3335 2404 3420 2457 τὸν
3446 2403 3565 2456 ναόν·

2020 2495 2116 2548 καὶ
2146 2496 2247 2550 οὐκ
2273 2491 2389 2549 οἴδα
2414 2495 2466 2550 el
2489 2514 2621 2550 ποτε
2648 2497 3040 2570 ἀνῳκοδομήθη
3068 2498 3344 2562 τοσούτοις
3375 2498 3569 2550 ἔτεσινὸ

2020 2588 2165 2652 ναός.
2217 2589 2275 2644 Ὁ
2325 2589 2575 2660 μέντοιγε
2633 2590 2964 2661 Ἡρακλέων,
3013 2590 3147 2662 μηδὲ
3198 2591 3486 2662 ἐπιστήσας
3515 2592 3567 2659 τῇ

2020 2677 2252 2751 ἱστορίᾳ,
2287 2680 2420 2750 φησι
2463 2679 2554 2733 τὸν
2603 2678 2925 2751 Σολομῶντα
2951 2681 3364 2753 τεσσαράκοντα
3404 2683 3490 2737 καὶ
3523 2681 3571 2747 ἒξ

2015 2768 2160 2822 ἔτεσι
2184 2769 2645 2823 κατεσκευακέναι
2660 2770 2750 2823 τὸν
2776 2770 2921 2834 ναὸν,
2942 2769 3123 2823 εἰκόνα
3149 2772 3476 2842 τυγχάνοντα
3495 2770 3570 2824 τοῦ

2016 2858 2289 2932 Σωτῆρος·
2327 2861 2422 2914 καὶ
2450 2860 2540 2915 τὸν
2576 2860 2631 2926 ς’
2673 2861 2904 2932 ἀριθμὸν
2931 2863 3011 2925 είς
3043 2861 3140 2934 τὴν
3176 2861 3335 2934 ὓλην,
3357 2863 3570 2916 τουτέστι

2012 2951 2074 3005 τὸ
2103 2951 2326 3023 πλάσμα
2372 2952 2651 3026 ἀναφέρει·
2683 2954 2831 3008 τόνδε
2858 2954 2967 3008 τῶν
2997 2955 3426 3025 τεσσαράκοντα,
3452 2954 3479 3008 ὃ
3502 2971 3573 3008 το-

2015 3045 2150 3118 τράς
2175 3046 2311 3111 ἐστι,
2346 3046 2529 3118 φησιν,
2561 3049 2595 3118 ἡ
2645 3045 3043 3120 ἀπρόσπλοκος,
3073 3049 3153 3111 είς
3184 3047 3245 3101 τὸ
3275 3047 3568 3119 ἐμφύσημα,

2017 3135 2190 3189 καὶτὸ
2221 3138 2279 3190 ὲν
2310 3134 2386 3206 τῷ
2413 3137 2628 3207 ὲμφυσή
2639 3153 2766 3208 ματι
2788 3136 3034 3208 σπέρμα.
3055 3138 3196 3209 ’Ὀρα
3217 3138 3275 3190 δὲ
3301 3140 3349 3190 εί
3376 3136 3570 3191 δυνατὸν

2014 3226 2105 3281 τὸν
2137 3228 2235 3298 μὲν
2271 3233 2321 3298 μ’
2360 3227 2449 3280 διὰ
2497 3227 2566 3281 τὰ
2596 3229 2843 3300 τέσσαρα
2880 3227 2973 3282 τοῦ
3020 3229 3227 3300 κόσμου
3257 3231 3491 3301 στοιχεῖα
3525 3228 3571 3279 ὲν

2013 3321 2123 3381 τοῖς
2144 3319 2537 3390 ἠγωνισμένοις
2563 3317 2673 3389 (57)
2696 3321 2774 3382 είς
2808 3319 2898 3371 τὸν
2925 3319 3050 3371 ναὸν
3073 3318 3572 3389 ὲγκατατασσόμενα

2011 3410 2329 3482 λαμϐάνειν·
2349 3411 2441 3464 τὸν
2475 3411 2532 3465 δὲ
2563 3419 2615 3477 ς’
2642 3411 2730 3466 διὰ
2755 3412 2816 3464 τὸ
2840 3413 2904 3483 τῇ
2937 3412 3072 3484 ἕκτῃ
3096 3410 3284 3484 ἡμέρᾳ
3319 3408 3570 3482 γεγονέναι

2010 3504 2103 3558 τὸν
2135 3503 2444 3577 ἄνθρωπον.

2074 3812 2165 3866 25.
2203 3829 2222 3863 ι
2268 3812 2503 3876 Ἐκεῖνος
2527 3811 2584 3865 δὲ
2612 3811 2764 3882 ἔλεγε
2800 3812 3039 3884 περὶτοῦ
3067 3813 3195 3869 ναοῦ
3222 3815 3318 3868 τοῦ
3341 3812 3570 3884 σώματος

2005 3901 2191 3957 αὑτοῦ.
2218 3905 2345 3956 Ὅτε
2382 3899 2475 3957 οὖν
2516 3890 2721 3976 ἠγέρθη
2769 3908 2834 3959 ὲκ
2874 3904 3103 3971 νεκοῶν,
3139 3906 3485 3978 ἐμνήσθησαν
3526 3904 3568 3957 οί

2008 3994 2249 4065 μαθηταὶ
2282 3993 2471 4060 αὑτοῦ,
2508 3995 2591 4048 ὅτι
2614 3994 2770 4050 τοῦτο
2816 3992 2989 4065 ἔλεγε,
3024 4010 3118 4049 και
3156 3997 3482 4051 ἐπίστευσαν
3510 3997 3570 4066 τῇ

2002 4088 2214 4160 Γραφῇ,
2243 4089 2336 4142 καὶ
2358 4087 2437 4158 τῷ
2477 4087 2640 4160 λόγῳ,
2671 4089 2730 4142 ὃν
2754 4085 2905 4145 εἶπεν
2936 4094 2965 4145 ὁ
3007 4090 3212 4163 Ἰησοῦς
3250 4111 3270 4143 ι
3311 4092 3392 4154 είς
3425 4089 3484 4143 τὸ
3504 4090 3572 4142 ὅτι

2001 4179 2062 4232 τὸ
2093 4179 2250 4251 σῶμα
2291 4180 2402 4252 (38)
2431 4180 2525 4249 τοῦ
2571 4181 2702 4235 Υίοῦ
2729 4182 2859 4246 ναὸς
2891 4183 3056 4237 αὑτοῦ
3081 4184 3317 4256 εἴρηται.
3349 4182 3572 4254 Ζητῆσαι

2000 4271 2056 4325 δὲ
2082 4271 2230 4338 ἄξιον
2259 4274 2485 4346 πότερον
2507 4274 2871 4345 ἁπλούστερον
2899 4276 3057 4330 τοῦτο
3072 4277 3374 4348 ὲκληπτέον
3392 4275 3519 4347 (59),
3541 4272 3570 4345 ἢ

2001 4363 2228 4418 ἕκαστον
2248 4365 2357 4419 τῶν
2380 4366 2880 4438 ἀναγεγραμμένων
2906 4368 3142 4442 περὶτοῦ
3164 4368 3293 4422 ναοῦ
3312 4369 3574 4438 φιλοτιμη-

329 4435 534 4493 referre
574 4439 642 4492 ad
689 4453 995 4495 sermonem
1050 4442 1116 4496 de
1168 4456 1400 4511 corpore
1428 4440 1591 4510 Jesu,
1647 4443 1895 4499 videlicet

2039 4459 2124 4512 έον
2147 4459 2368 4528 ἀνάγειν
2391 4462 2470 4524 εἰς
2492 4435 2736 4534 τὸν-περὶ
2766 4461 2860 4514 τοῦ
2882 4435 3145 4533 ’σώματος
3187 4435 3365 4534 Ἰησυῦ
3410 4435 3571 4530 λόγον,

326 4531 468 4598 quod
497 4531 615 4601 ipse
639 4547 706 4586 ex
747 4530 967 4603 Virgine
1011 4535 1264 4604 sumpsit,
1316 4534 1404 4589 vel
1453 4537 1522 4590 ad
1572 4534 1892 4602 Ecclesium,

325 4634 448 4691 quae
471 4620 588 4691 ipsa
613 4622 777 4677 etiam
811 4638 1010 4694 corpus
1037 4623 1241 4680 Christi
1282 4625 1505 4693 dicitur,
1538 4634 1594 4681 et
1623 4627 1692 4681 ob
1734 4642 1898 4696 quam

327 4730 426 4770 nos
446 4716 610 4769 etiam
634 4716 877 4772 membra
905 4717 1077 4787 ipsius
1105 4716 1312 4772 Christi
1343 4719 1485 4789 apud
1509 4720 1833 4789 Apostolum
1852 4727 1898 4759 θ’

328 4806 691 4863 nominamur.
732 4806 912 4878 Atque
938 4809 1205 4863 molestiis
1233 4810 1455 4877 quidem
1487 4812 1725 4883 seipsnm
1759 4816 1897 4874 libe-

328 4913 457 4955 rans
486 4897 705 4970 aliquis,
736 4909 793 4955 et
819 4901 1158 4969 desperando
1186 4900 1399 4973 singula
1431 4902 1638 4959 referre
1659 4921 1719 4962 se
1740 4923 1898 4977 posse

325 5007 446 5062 quae
472 4993 542 5049 de
572 4995 773 5063 templo
812 4994 1068 5050 dicuntur
1095 4994 1165 5050 ad
1200 5010 1421 5067 corpus,
1451 4998 1710 5056 utrolibet
1737 5007 1896 5065 modo

396 5105 758 5203 I'Lmnngg.
787 5124 881 5203 οξ,
928 5110 1045 5203 ΔΞ...
1076 5110 1138 5203 :3
1190 5109 1236 5164 ιι
1286 5112 1520 5203 Pariilip.
1575 5130 1764 5186 xxxvr,
1798 5124 1886 5181 l9.

2045 5128 2119 5183 ἸΙΙ
2170 5130 2327 5186 Esdr.
2364 5148 2437 5197 vr,
2473 5133 2496 5188 ί
2526 5147 2683 5203 seqq.

322 5181 366 5215 "
394 5177 552 5236 Joan.
578 5193 640 5247 ll,
668 5179 760 5245 21,
787 5180 880 5235 22.
958 5180 1045 5236 9']
1075 5180 1200 5238 Cor.
1240 5198 1337 5248 χιι,
1380 5177 1470 5241 27.

389 5296 508 5433 (35%
542 5297 688 5377 Idem
715 5299 884 5356 codex
911 5299 1137 5371 Regius.
1164 5304 1534 5371 πολυτελείας.

390 5370 486 5433 (54
543 5370 728 5427 Codex
761 5371 985 5433 Regius.
1012 5374 1168 5433 ὲκτδς
1193 5369 1268 5430 ὧν
1296 5377 1534 5433 ἡτοίμασ

543 5370 728 5450 Codex
761 5369 1168 5450 Ιξεςξυείὲκτδς
1193 5369 1268 5430 ὧν
1296 5369 1591 5450 ἡτοίμασα.

390 5439 507 5578 (35;
546 5440 731 5498 Codex
766 5439 991 5513 Regius,
1024 5461 1109 5509 τις
1142 5462 1238 5514 pro
1272 5439 1420 5520 περί.

413 5511 483 5566 56
542 5511 722 5568 Codex
763 5513 989 5578 Regius,
1011 5515 1420 5578 ιξικοδομημιένωΙ

413 5511 506 5581 56)
542 5511 722 5590 Codex
762 5511 989 5590 liegius,
1011 5511 1430 5590 ᾠκοδομημένον
1461 5516 1600 5574 εἶναι
1630 5517 1723 5576 τὸν
1752 5522 1893 5576 ἐκεῖ·

324 5583 868 5656 Μὶκατεστρέφθαι.

362 5651 508 5731 ,(57)
530 5651 1030 5731 ,Ἠγὶωὲισμένοιςί
1065 5656 1158 5714 Sic
1184 5659 1356 5731 codex
1385 5658 1710 5716 Bodleianns
1729 5701 1746 5727 ,
1783 5662 1887 5717 Re-

322 5723 476 5791 gius,
519 5723 928 5798 ἀγωνισμένοις.
978 5723 1265 5788 Ferrarius
1315 5731 1525 5788 videtur
1584 5723 1778 5804 legisse
1825 5734 1882 5788 ὲν

2003 4552 2123 4622 ἦτοι
2151 4547 2212 4606 οὗ
2238 4552 2459 4623 εἴληφεν
2494 4555 2559 4607 ἐκ
2590 4553 2690 4624 τῆς
2727 4554 3027 4626 Παρθένου,
3059 4554 3091 4626 ἢ
3119 4554 3219 4626 τῆς
3258 4552 3572 4624 Ἐκκλησίας

1996 4639 2246 4712 σώματος
2290 4642 2453 4696 αὐτοῦ
2499 4642 2797 4714 λεγομένης
2836 4639 2998 4707 εἶναι,
3030 4643 3105 4708 ὡς
3138 4643 3231 4697 καὶ
3266 4645 3420 4714 ἡμᾶς
3448 4639 3570 4713 μέλη

1992 4734 2087 4788 τοῦ
2119 4734 2368 4805 σώματος
2387 4736 2553 4789 αὐτοῦ
2572 4736 2723 4808 παρά
2749 4737 2829 4808 τῷ
2871 4738 3178 4807 Ἀποστόλῳ
3198 4733 3567 4808 ὀνομάζεσθαι.

2014 4828 2073 4880 '0
2111 4828 2209 4899 μὲν
2232 4824 2325 4882 οὖν
2365 4847 2471 4894 τις,
2509 4830 2849 4901 πραγμάτων
2897 4832 3061 4885 αὑτὸν
3096 4829 3455 4885 ἀπαλλάττων
3503 4825 3572 4897 τῷ

2003 4919 2401 4990 ἀπογινώσκειν
2455 4922 2685 4977 ἕκαστον
2721 4923 2978 4977 δύνασθαι
3009 4923 3118 4977 τῶν
3149 4921 3294 4977 κατά
3326 4923 3418 4975 τὸν
3457 4920 3570 4975 ναὸν

2001 5014 2293 5087 ἀναφέρειν
2331 5015 2425 5068 ἐπὶ
2472 5015 2535 5068 τὸ
2583 5015 2770 5088 σῶμα,
2798 5016 3075 5090 ὁποτέρως
3114 5014 3183 5070 ἂν
3225 5015 3349 5087 ἔχῃ,
3395 5014 3488 5068 ἐπὶ
3518 5013 3572 5067 τὸ

2785 5134 2830 5166 ⁶⁰
2873 5131 2895 5186 l
2932 5133 3178 5189 Machab.
3217 5147 3255 5199 ι,
3302 5131 3378 5185 22
3424 5145 3568 5202 seqq.

1991 5317 2119 5391 ταῖς
2132 5317 2391 5391 γωνίαις,
2415 5317 2514 5391 vel
2536 5319 2996 5391 γεγωνιωμένοις.

2069 5388 2180 5456 (58)
2220 5390 2325 5454 Εις
2368 5387 2432 5441 τὸ
2481 5387 2572 5443 ὅτι
2612 5387 2677 5443 τὸ
2708 5387 2899 5460 σῶμα,
2942 5401 3049 5447 etc.
3082 5390 3174 5446 Sic
3210 5404 3361 5449 recte
3416 5392 3572 5449 habet

1993 5459 2549 5537 coilex.l59tlleiattus;
2576 5460 2721 5537 male
2749 5459 2929 5537 autem
2960 5460 3290 5537 ngills,_§lc
3317 5464 3383 5518 τὸ
3416 5462 3567 5536 σῶμα

1992 5526 2412 5603 τοῦ-ἷξού-ναὸς
2439 5529 2605 5603 αὐτού
2628 5532 2865 5603 εἴρηται,
2897 5526 3131 5603 ζητῆσαι
3163 5526 3333 5599 ἄξιον.

1999 5597 2625 5725 ἑκὲἒὲζὲἆκληπτέον.
2653 5597 2748 5659 Sic
2767 5597 3308 5677 eodex'Bodleiauus;
3347 5604 3568 5678 Regius,

2030 5685 2305 5727 κΛεκτεον.
