3702 6142
99 365 182 424 581
1150 341 1511 404 COMMENT.
1551 339 1619 396 IN

1803 336 1848 394 ί.
1885 331 2126 392 TOMUS
2154 329 2226 389 Χ.

3202 302 3311 370 332

95 475 427 546 ἁπλούστερον
458 465 876 539 καταφεύξεται,
931 461 1105 531 λέγων
1144 459 1233 513 διὰ
1277 457 1433 546 τοῦτο
1477 453 1630 524 σῶμα

1841 451 2062 514 habeat,
2123 447 2192 502 ad
2245 438 2657 512 intelligentiam
2689 433 3072 507 simpliciorem
3117 435 3314 489 contu-

97 544 348 634 ἑκατέρως
364 557 643 630 νοούμενον
667 556 760 610 τὸν
797 553 925 608 ναὸν
950 548 1284 622 ὠνομάσθαι,
1307 545 1430 600 ἐπεὶ
1447 544 1635 614 ὥσπερ

95 655 247 718 ὸναὸς
276 652 425 719 δόξαν
456 646 567 720 εἶχε
600 646 735 700 Θεοῦ
774 641 1223 714 κατασκηνοῦσαν
1256 641 1314 693 ὲν
1342 635 1509 708 αύτῷ,
1543 633 1638 687 οὓ-

95 765 185 811 τως
204 745 374 798 εἰκόνα
396 742 490 797 καὶ
513 740 668 807 δόξαν
684 735 818 791 Θεοῦ
845 737 1156 808 ὑπάρχοντα
1177 732 1268 786 τὸν
1291 729 1637 803 Πρωτότοκον

97 840 252 908 πάσης
293 835 539 898 κτίσεως,
577 832 639 885 τὺ
672 830 850 902 σῶμα,
887 829 921 900 ἢ
959 827 1057 899 τὴν
1105 823 1430 895 Ἐκκλησίαν
1472 819 1638 890 ἀγαλ-

99 927 472 1000 ματοιροροῦντα
500 925 627 979 ναὸν
648 922 883 991 εὐλόγως
906 918 1156 992 εἰρῆσθαι
1186 913 1342 969 Θεοῦ’
1368 913 1530 984 ἡμεῖς
1555 909 1634 972 δὲ,

92 1020 142 1074 τὸ
165 1021 251 1092 μὲν
271 1019 395 1090 περὶ
421 1017 651 1071 ἑκάστου
679 1014 786 1069 τῶν
812 1016 868 1067 ὲν
893 1015 960 1084 τῇ
987 1011 1145 1083 τρίτῃ
1185 1007 1294 1062 τῶν
1341 1002 1636 1059 Βασιλειῶν

93 1114 203 1185 mp‘t
234 1111 321 1164 τοῦ
350 1109 476 1165 ναοῦ
507 1111 681 1164 εἰπεῖν
713 1106 1067 1177 δυσδιήγητον
1097 1100 1352 1172 ὁρῶντες,
1388 1096 1483 1151 καὶ
1510 1095 1638 1148 πολ-

91 1207 156 1278 λῷ
177 1206 265 1276 τῆς
293 1204 486 1270 λέξεως
511 1201 668 1274 ἡμῶν
701 1199 902 1271 μεῖξον,
931 1195 1106 1257 ἄλλως
1153 1210 1213 1246 τε
1250 1192 1345 1244 καὶ
1389 1190 1451 1243 οὐ
1495 1185 1636 1242 κατά

90 1300 174 1370 τὴν
204 1294 471 1366 παροῦσαν
501 1291 739 1363 γραφὴν,
779 1284 1204 1362 ὑπερτιθέμεθα.
1249 1282 1396 1354 Πλὴν
1428 1282 1488 1334 ὲν
1524 1279 1637 1370 τοῖς

89 1365 338 1450 τοιούτοις,
384 1384 616 1456 μάλιστα
638 1382 726 1436 διὰ
750 1381 810 1435 τὸ
839 1381 978 1452 ὑπὲρ
1001 1379 1099 1450 τὴν
1133 1375 1476 1448 ἀνθρωπίνην
1497 1365 1636 1424 εἶναι

89 1481 247 1551 φύσιν,
293 1478 385 1531 καὶ
439 1476 583 1530 κατὰ
627 1473 725 1545 τὴν
771 1471 868 1526 τοῦ
921 1469 1056 1524 Θεοῦ
1107 1467 1326 1538 σοφίαν,
1383 1463 1444 1517 τὸ
1499 1463 1636 1520 ῑδιον

89 1573 172 1640 τῆς
211 1568 560 1624 θεοπνεύστου
617 1565 840 1636 Γραφῆς
882 1559 1238 1634 ἐμφαίνεσθαι
1301 1557 1634 1627 πειθόμενοι,

90 1663 256 1730 σοφίαν
310 1662 367 1713 ἐν
415 1657 701 1730 μυστηρίῳ
739 1655 836 1726 τὴν
885 1649 1414 1722 ἀποκεκρυμμένην,
1449 1647 1515 1717 ἢν
1547 1645 1639 1698 ού-

87 1756 179 1818 δεὶς
207 1755 305 1808 τῶν
331 1754 607 1826 ἀρχόντων
637 1751 729 1804 τοῦ
763 1749 957 1812 αἰῶνος
991 1746 1178 1800 τούτου
1205 1745 1430 1812 ἔγνωκε,
1467 1755 1634 1810 παρι-

1736 545 1870 616 giet,
1900 541 2088 600 dicens
2128 539 2334 594 idcirco
2372 548 2574 604 corpus
2625 541 2855 600 utroque
2886 527 3047 586 modo
3094 527 3309 582 intelle-

1736 644 1906 699 ctum,
1949 629 2209 700 templum
2265 630 2633 695 nuncupatum
2687 620 2875 684 fuisse,
2927 621 3072 688 quod
3120 632 3310 686 quem-

1736 725 2026 781 admodum
2088 719 2350 790 templum
2400 716 2530 772 illud
2568 713 2796 785 gloriam
2835 712 2928 768 Dei
2971 709 3203 766 habebat
3252 711 3306 763 in

1735 817 1914 885 seipso
1940 813 2300 876 habitantem,
2326 809 2399 864 ita
2431 809 2632 877 imago,
2662 814 2717 861 et
2743 803 2910 874 gloria
2928 800 3023 856 Dei
3041 801 3309 856 exsistens

1736 901 2136 970 Primogenitus
2160 899 2342 954 omnis
2381 907 2643 952 creatura:
2669 894 2716 927 ⁸³
2743 901 3140 963 repraesentans
3183 905 3310 943 cor-

1735 1011 1835 1067 pus
1863 1008 2020 1050 suum
2053 992 2134 1048 vel
2160 990 2480 1054 Ecclesiam,
2515 987 2769 1057 templum
2795 985 2888 1039 Dei
2917 980 3310 1038 rationabiliter

1738 1085 2157 1142 fueritdictum.
2209 1082 2320 1138 Nos
2353 1095 2504 1147 vero,
2538 1079 2782 1135 videntes
2828 1075 3048 1147 quidem
3092 1071 3309 1128 diliicile

1737 1192 1858 1236 esse
1904 1179 1970 1233 de
2017 1175 2244 1246 singulis
2291 1175 2458 1230 rebus
2503 1169 2687 1240 templi
2747 1169 3017 1224 disserere
3072 1180 3192 1234 qua;
3254 1166 3306 1219 in

1736 1274 1944 1344 Regum
1975 1278 2138 1328 tertio
2168 1271 2214 1303 “
2237 1271 2515 1330 dicuntur,
2559 1265 2823 1335 longeque
2862 1261 3034 1332 majus
3058 1259 3309 1316 oratione

1737 1377 1948 1430 nostra,
1999 1363 2199 1433 alioqui
2248 1361 2411 1416 etiam
2469 1357 2533 1411 ad
2569 1364 2892 1425 praesentem
2951 1351 3305 1421 scriptionem

1736 1473 1844 1513 non
1875 1457 2174 1527 pertinens,
2209 1451 2530 1508 dill'erimus.
2575 1447 2847 1504 Caeterum
2897 1446 2948 1500 in
2997 1441 3308 1514 hujusmndi

1737 1550 1898 1605 rebus
1933 1563 2251 1618 persuasum
2276 1547 2542 1601 habentes
2565 1543 2630 1596 ad
2655 1541 2746 1595 Dei
2782 1538 3108 1608 sapientiam
3141 1535 3309 1606 perti~

1737 1654 1868 1696 nere
1935 1639 2298 1710 prOprietates
2353 1635 2628 1705 explicare
2689 1629 2955 1686 divinitus
3028 1628 3307 1697 inspirata:

1740 1733 2076 1802 Scriptura,
2147 1743 2268 1800 qua)
2321 1726 2639 1797 sapientiam
2698 1725 2856 1777 docet
2927 1722 2978 1774 in
3051 1719 3308 1791 mysterio

55 1809 304 1916 ’στάτης,
537 1809 1045 1912 καταλαμϐάνοντες
1123 1809 1403 1904 ἐξαιρέτου
1463 1809 1630 1884 Πνεύ-

1803 1824 2070 1878 conditam
2096 1863 2112 1890 ,
2157 1835 2316 1891 quam
2352 1819 2530 1873 nullus
2581 1815 2884 1887 principum
2935 1810 3116 1867 saeculi
3150 1809 3310 1879 hujus

89 1955 232 2010 ματος
278 1936 468 2006 σοφίας
517 1935 742 1996 ἑαυτοὺς
775 1932 1082 2002 δεομένους,
1119 1927 1256 1997 πρὸς
1292 1923 1440 1977 τὸτὰ
1484 1921 1635 1991 τηλι-

86 2033 236 2085 καῦτα
260 2027 600 2102 ἱεροπρεπῶς
632 2026 840 2097 νοῆσαι,
871 2024 946 2088 ὡς
967 2023 1044 2076 ἔνι
1076 2021 1310 2094 μάλιστα
1347 2017 1414 2071 δι’
1438 2015 1634 2084 ὀλίγων

84 2123 167 2194 τὴν
191 2122 463 2196 ¹’περίνοιαν
495 2119 603 2172 τῶν
629 2117 770 2170 κατὰ
813 2115 903 2168 τὸν
934 2115 1096 2167 τόπον
1120 2107 1413 2182 διαγράψαι
1436 2122 1632 2178 πειρα-

86 2193 285 2284 σόμεθα,
334 2211 496 2281 σῶμα
537 2208 646 2281 (40)
677 2206 774 2278 τὴν
817 2204 1159 2274 Ἐκκλησίαν,
1196 2201 1289 2255 καὶ
1317 2195 1464 2252 οἷκον
1496 2193 1631 2250 Θεοῦ

85 2305 139 2357 ὲκ
161 2304 310 2356 λίθων
344 2302 564 2366 ζώντων
586 2295 1051 2368 οἰκοδομούμενον,
1083 2290 1227 2348 οἷκον
1267 2288 1634 2360 πνευματικὸν

86 2400 149 2460 εἰς
186 2396 474 2466 ἱεράτευμα
529 2394 680 2460 ἀγιον
721 2387 1077 2460 μανθάνοντες
1125 2385 1234 2438 ἀπὸ
1280 2382 1373 2436 τοῦ
1427 2381 1632 2451 Πέτρου

85 2489 342 2558 τυγχάνον,
375 2487 452 2550 ὼς
486 2486 578 2538 τὸν
616 2478 997 2550 οἰκοδομοῦντα
1041 2477 1132 2530 τὸν
1163 2475 1288 2529 ναὸν
1329 2472 1440 2527 υἱὸν
1473 2471 1632 2525 Δαυῒδ

83 2581 204 2634 κατὰ
232 2579 386 2633 τοῦτο
434 2575 674 2646 Χριστοῦ
718 2569 856 2627 εἶναι
896 2571 1082 2634 τύπον,
1127 2567 1265 2639 μετὰ
1308 2567 1434 2629 τοὺς
1477 2563 1635 2617 πολέ-

87 2690 218 2743 μους,
243 2673 464 2743 εἰρήνης
496 2669 796 2740 βαθυτάτης
831 2662 1218 2734 γεγενημένης,
1251 2657 1632 2728 οἰκοδομοῦντα

83 2766 149 2827 τίς
169 2765 314 2831 δόξαν
338 2762 434 2817 τοῦ
478 2760 614 2816 Θεοῦ
652 2760 742 2813 τὸν
773 2757 895 2812 ναὸν
936 2757 994 2808 ὲν
1020 2757 1084 2826 τῇ
1116 2752 1338 2822 ὲπιγείῳ
1370 2753 1635 2822 Ἰερουσα-

83 2854 196 2926 λὴμ,
212 2857 293 2908 ἵνα
312 2855 512 2926 μηκέτι
534 2852 683 2923 παρά
707 2846 1047 2923 μετακινητῷ
1069 2845 1351 2917 πράγματι
1373 2847 1437 2914 τῇ
1461 2845 1630 2915 σκηνῇ

82 2945 282 3017 λατρεία
306 2945 646 3015 ἐπιτελῆται,
666 2942 894 2996 ἕκαστον
909 2939 1014 2992 τῶν
1038 2937 1178 2990 κατά
1191 2935 1281 2989 τὸν
1293 2935 1416 2990 ναὸν
1433 2936 1512 2998 εἰς
1537 2934 1634 3006 τὴν

93 3037 392 3108 Ἐκκλησίαν
425 3037 544 3107 (Al)
580 3035 799 3104 ἀνάγειν
815 3029 1200 3104 πειρασόμεθα.
1220 3029 1370 3098 Τάχα
1395 3026 1502 3099 γὰρ
1539 3026 1632 3080 ἐὰν

1734 1914 1984 1983 cognovit
2027 1912 2112 1978 ‘5;
2169 1927 2292 1965 cum
2342 1909 2393 1964 id
2447 1907 2750 1979 praesertim
2805 1913 3015 1959 natura:
3059 1903 3308 1956 humanae

1734 2017 1948 2078 captum
2028 2011 2285 2072 superet;
2362 2000 2827 2070 deprehendentes
2918 1997 3137 2065 insuper
3210 2008 3310 2048 nos

1734 2101 1881 2171 ipsos
1929 2098 2108 2154 eximii
2148 2095 2381 2165 Spiritus
2429 2091 2694 2162 sapientia
2750 2103 2933 2161 egere,
2982 2089 3048 2142 ad
3103 2086 3307 2140 intelli-

1733 2191 1964 2262 gendum
2027 2187 2199 2250 talia,
2286 2191 2345 2238 ut
2419 2179 2767 2236 sacerdotem
2860 2179 3053 2239 decet;
3145 2190 3309 2244 quam

1732 2281 2070 2353 paucissimis
2091 2277 2406 2348 poterimus,
2432 2273 2743 2328 describere
2774 2271 2935 2338 hujus
2970 2269 3072 2323 loci
3110 2267 3312 2321 intelli-

1733 2377 1970 2446 gentiam
2039 2370 2413 2434 tentabimus,
2475 2365 2652 2422 edocti
2723 2380 2752 2418 a
2809 2362 2969 2417 Petro
3021 2361 3068 2392 ⁶⁶
3121 2358 3311 2414 Eccle-

1733 2471 1866 2525 siam
1930 2479 2126 2534 corpus
2181 2477 2300 2518 esse
2349 2470 2402 2516 et
2466 2462 2684 2516 domum
2754 2458 2850 2512 Dei
2901 2473 2966 2511 ex
3043 2455 3312 2526 lapidibus

1733 2558 2034 2615 viventibus
2072 2556 2416 2615 aediﬁcatam,
2470 2554 2685 2608 domum
2746 2549 3081 2620 spiritualem
3148 2547 3311 2618 203

1734 2653 1788 2707 in
1843 2649 2202 2706 sacerdotium
2257 2656 2537 2708 sanctum,
2588 2644 2661 2698 ita
2696 2651 2754 2697 ut
2793 2641 3012 2696 Davidis
3044 2640 3184 2694 lilius
3239 2640 3312 2693 sit

1733 2742 1872 2796 hanc
1899 2741 1968 2795 ob
1990 2752 2207 2792 causam
2240 2734 2440 2790 Christi
2469 2733 2661 2803 ﬁgura,
2690 2732 2964 2786 mdiﬁcans
3012 2730 3265 2798 templum
3290 2747 3308 2798 ;

1732 2834 1823 2903 qui
1884 2841 2004 2902 post
2046 2828 2219 2892 bella,
2275 2841 2407 2896 pace
2466 2826 2728 2881 altissima
2765 2823 2936 2887 facta,
2978 2822 3207 2876 mdilicat
3240 2823 3307 2875 ad

1734 2925 1960 2997 gloriam
1990 2923 2080 2976 Dei
2112 2919 2364 2989 templum
2391 2920 2443 2973 in
2469 2919 2712 2972 terrestri
2738 2916 3036 2974 Jerusalem
3055 2916 3122 2981 ⁸⁷,
3154 2928 3220 2968 ne
3253 2914 3306 2968 in

1733 3026 2007 3086 posterum
2055 3012 2230 3068 cultus
2265 3012 2356 3065 Dei
2390 3010 2702 3079 perﬁciatur
2730 3010 2782 3063 in
2813 3009 3048 3062 tentorio
3080 3005 3309 3061 subinde

81 3129 256 3194 πάντες
275 3131 320 3184 oi
343 3129 535 3202 ἐχθροὶ
568 3127 855 3182 ὑποπόδιον
872 3125 1132 3193 γένωνται
1147 3120 1255 3174 τῶν
1287 3098 1520 3192 Χριστοῦ
1537 3137 1630 3174 πο-

1803 3109 2002 3172 utabili,
2037 3105 2276 3176 singulas
2324 3119 2410 3158 res
2454 3103 2637 3174 templi
2669 3104 2734 3156 ad
2778 3102 3072 3156 Ecclesiam
3104 3098 3310 3154 referre

79 3219 188 3283 δῶν,
209 3222 297 3273 καὶ
330 3223 359 3273 ὁ
391 3221 622 3290 ἔσχατος
653 3216 843 3289 ἐχθρὸς
875 3213 1098 3275 θάνατος
1128 3210 1475 3282 καταργηθῇ,
1499 3212 1532 3282 ἡ
1558 3227 1636 3264 τε-

81 3308 302 3383 λειοτάτη
350 3313 546 3383 εἰρήνη
603 3309 755 3363 ἔσται
787 3312 874 3363 ὅτε
907 3310 1142 3378 Χριστὸς
1174 3308 1328 3360 ἔσται
1361 3304 1632 3375 Σολομὼν,

80 3403 198 3476 ὅπερ
230 3404 613 3475 ἑρμηνεύεται,
636 3403 948 3472 εἰρηνικὸς,
980 3399 1356 3474 πληρουμένης
1385 3398 1482 3467 τῆς
1511 3413 1637 3468 προ-

81 3497 284 3563 φητείας
308 3498 388 3559 εἰς
424 3495 593 3550 αὐτὸν
622 3495 918 3566 λεγούσης·
953 3516 972 3547 ι
1012 3495 1166 3550 Μετὰ
1195 3493 1302 3546 τῶν
1338 3490 1636 3562 μισούντων

81 3586 164 3655 τὴν
191 3589 406 3658 εἰρήνην
434 3589 586 3660 ἥμην
615 3587 904 3658 εἰρηνικός.
938 3607 956 3638 ι
977 3587 1088 3640 Καὶ
1120 3585 1238 3639 τότε
1271 3585 1497 3646 ἕκαστος
1529 3582 1635 3635 τῶν

82 3677 273 3742 ζώντων
325 3680 511 3746 λίθων,
555 3683 695 3735 κατά
733 3681 830 3754 τὴν
874 3680 1030 3746 ἀξίαν
1071 3676 1166 3732 τοῦ
1219 3676 1449 3731 ἐνταῦθα
1495 3675 1634 3746 βίου,

79 3771 213 3826 ἔσται
241 3773 333 3827 τοῦ
367 3773 501 3828 ναοῦ
533 3774 710 3837 λίθος·
741 3777 768 3828 ό
797 3774 894 3845 μέν
926 3791 1010 3837 τις
1039 3774 1096 3827 ἐν
1123 3772 1198 3844 τῷ
1234 3770 1466 3842 θεμελίῳ
1499 3768 1635 3822 ἀπό-

81 3865 264 3928 στολος,
305 3865 338 3937 ἢ
382 3867 672 3938 προφήτης
721 3865 1003 3935 βαστάζων
1052 3865 1178 3927 τοὺς
1225 3861 1631 3932 ἐπικειμένους·

80 3953 106 4018 ὁ
129 3954 180 4007 δέ
204 3973 285 4018 τις
325 3957 464 4026 μετὰ
488 3957 616 4019 τοὺς
656 3957 712 4008 ὲν
735 3954 810 4025 τῷ
832 3953 1063 4025 θεμελίῳ
1096 3953 1200 4008 ὑπὸ
1234 3953 1331 4024 μὲν
1367 3951 1474 4004 τῶν
1500 3951 1635 4003 ἀπο-

82 4048 262 4103 στόλων
295 4049 718 4120 βασταζόμενος,
754 4051 846 4102 καὶ
877 4049 1035 4113 αὐτὸς
1068 4049 1163 4101 σὺν
1189 4049 1300 4110 τοῖς
1323 4044 1638 4106 ἀποστόλοις

81 4141 458 4210 συμϐαστάζων
508 4141 637 4201 τοὺς
685 4139 1134 4212 ὑποδεεστέρουςο
1189 4137 1285 4190 καὶ
1337 4137 1366 4189 ὁ
1410 4135 1507 4206 μέν
1555 4150 1638 4196 τις

76 4225 211 4283 ἔσται
243 4230 385 4294 λίθος
425 4230 540 4284 τῶν
583 4226 898 4294 ένδγτάτων,
939 4229 1065 4284 ἔνθα
1103 4231 1136 4301 ἡ
1166 4227 1413 4290 κιϐωτὸς,
1443 4226 1537 4278 καὶ
1569 4224 1636 4276 τά

76 4324 341 4394 χερουϐὶμ,
383 4325 483 4377 καὶ
510 4322 570 4376 τὸ
603 4322 934 4393 ἱλαστήριον⁸
969 4320 1152 4391 ἕτερος
1188 4319 1244 4372 δὲ
1285 4316 1376 4371 τοῦ
1422 4315 1639 4387 περιϐό-

75 4411 177 4478 λου,
213 4417 303 4468 καὶ
334 4417 498 4480 ἄλλος
541 4415 619 4468 ἔτι
667 4415 771 4479 ἔξω
803 4415 894 4468 τοῦ
930 4411 1213 4485 περιϐόλου
1250 4411 1356 4465 τῶν
1399 4408 1638 4463 Λευιτῶν

1740 3200 2081 3256 tentabimus.
2127 3196 2394 3252 Fortassis
2430 3195 2572 3249 enim
2615 3196 2660 3248 si
2695 3194 2896 3248 inimici
2955 3207 3146 3247 omnes
3179 3190 3309 3244 sub-

1737 3292 1945 3348 sellium
1993 3289 2124 3344 ﬁant
2160 3289 2355 3359 pedum
2396 3287 2621 3353 Christi,
2674 3295 2729 3339 et
2779 3285 2999 3339 ultimus
3039 3285 3307 3348 inimicus,

1735 3399 1928 3453 nempe
1969 3398 2135 3446 mors,
2169 3381 2445 3436 aboleatur
2473 3381 2550 3444 “;
2595 3377 2995 3449 perfectissima
3039 3392 3143 3445 pax
3181 3375 3306 3442 erit,

1735 3477 1949 3546 quando
1980 3474 2228 3528 Christus
2263 3472 2370 3526 erit
2413 3471 2690 3532 Salomon,
2717 3483 2876 3538 quem
2904 3469 2947 3522 si
2985 3467 3307 3536 interprete-

1736 3568 1833 3628 ris,
1853 3575 1937 3621 est
1967 3566 2221 3634 paciﬁcus
2244 3565 2324 3629 ‘9;
2357 3561 2575 3630 impleta
2598 3561 2650 3613 in
2673 3561 2846 3629 ipsum
2880 3559 3158 3630 prophetia
3189 3572 3312 3628 quae

1736 3659 1866 3714 dicit
1887 3659 1966 3712 "°:
2007 3677 2026 3710 ι
2063 3658 2195 3713 Cum
2225 3656 2311 3712 his
2340 3654 2432 3725 qui
2464 3654 2592 3709 odio
2621 3653 2886 3708 habebant
2918 3667 3126 3722 pacem,
3158 3666 3307 3705 eram

1735 3752 2016 3822 paciﬁcus.
2065 3770 2085 3803 ι
2127 3750 2205 3804 Ac
2236 3759 2363 3802 tunc
2403 3747 2772 3815 unusquisque
2818 3746 3004 3800 vivens
3040 3743 3176 3812 lapis
3214 3759 3312 3812 pro

1737 3843 2000 3913 dignitate
2048 3840 2328 3912 prarsentis
2369 3839 2492 3893 vita:
2546 3838 2653 3892 erit
2703 3835 2885 3907 templi
2940 3837 3076 3904 lapis
3123 3835 3312 3889 :alter

1735 3935 1952 4004 quidem
1996 3933 2050 3987 in
2094 3931 2440 3986 fundamento
2472 3930 2746 3999 apostolus
2777 3929 2860 3983 vel
2899 3929 3155 3998 prOpheta
3184 3944 3311 3998 por-

1737 4036 1860 4082 tans
1903 4027 2388 4096 superimpositos;
2419 4025 2556 4078 alter
2590 4038 2718 4078 vero
2761 4033 2880 4091 post
2925 4038 3019 4076 eos
3051 4022 3142 4090 qui
3184 4032 3311 4075 sunt

1736 4122 1790 4176 in
1835 4120 2201 4183 fundamento,
2231 4128 2473 4188 portatus
2506 4116 2721 4186 quidem
2751 4127 2804 4168 et
2837 4116 2950 4183 ipse
2979 4115 3045 4167 ab
3091 4124 3308 4183 aposto-

1737 4212 1823 4275 lis,
1843 4210 1978 4265 alios
1995 4211 2088 4265 sed
2117 4211 2231 4279 ipse
2251 4210 2412 4264 etiam
2438 4217 2658 4278 portans
2679 4205 3007 4261 inﬁrmiores
3033 4220 3154 4258 cum
3177 4220 3309 4273 apo-

1736 4305 1889 4385 stolis
1917 4319 1933 4368 ;
1966 4311 2130 4370 atque
2161 4301 2325 4355 etiam
2365 4299 2500 4354 alter
2531 4299 2746 4369 quidem
2780 4299 2915 4366 lapis
2940 4297 3046 4352 erit
3089 4296 3311 4364 penitis-

1737 4397 1927 4460 simus,
1954 4395 2044 4448 ubi
2078 4409 2204 4448 arca
2228 4402 2283 4447 et
2305 4392 2584 4446 cherubim
2626 4400 2729 4451 est,
2761 4402 2817 4444 et
2839 4387 3268 4457 propitiatorium
3293 4405 3306 4451 ;

77 4505 158 4557 καί
183 4508 389 4579 ἱερέων,
420 4479 574 4570 λίθος
606 4506 700 4559 τοῦ
746 4479 1126 4576 θυσιαστηρίου
1171 4503 1276 4557 τῶν
1319 4501 1630 4572 ὁλοκαρπω-

1803 4502 1872 4540 .er
1905 4500 2032 4538 vero
2068 4484 2208 4555 lapis
2256 4482 2527 4546 vestibuli,
2550 4490 2604 4534 et
2652 4480 2792 4534 alius
2831 4479 3004 4532 adhuc
3035 4486 3188 4531 extra
3213 4491 3308 4530 ve-

78 4590 265 4658 μάτων.
295 4594 407 4666 Τὴν
451 4594 512 4648 δὲ
552 4594 677 4665 περί
705 4593 906 4647 τούτων
933 4592 1240 4662 οἰκονομίαν
1276 4591 1367 4645 καὶ
1398 4589 1640 4661 λειτουρ-

75 4680 186 4744 γίαν
213 4683 716 4755 ὲγχειρισθήσονται
741 4684 892 4751 ἇγιαι
921 4683 1194 4754 δυνάμεις,
1229 4679 1448 4750 ἄγγελοι
1479 4677 1635 4744 Θεοῦ,

76 4774 124 4825 αἰ
151 4775 242 4844 μέν
272 4793 415 4838 τινες
447 4771 607 4829 οὖσαι
645 4776 977 4848 κυριότητες,
1014 4773 1268 4846 ἢθρόνοι,
1305 4773 1338 4843 ἢ
1371 4773 1556 4844 ἀρχαὶ,
1600 4771 1634 4842 ἢ

73 4864 308 4930 ἐξουσίαν
328 4868 452 4920 αἰδὲ
468 4866 678 4930 τούτοις
695 4865 1146 4938 ὑποτεταγμέναι,
1163 4859 1238 4919 ὧν
1253 4864 1411 4918 τύποι
1427 4865 1475 4916 οἰ
1493 4879 1638 4934 τρισ-

74 4956 321 5025 χίλιοικαί
346 4958 620 5023 ἑξακόσιοι
645 4957 899 5028 ἄρχοντες
918 4955 1224 5021 ἐπιστάται,
1248 4951 1634 5023 καθεσταμένοι

74 5048 266 5101 ἐπὶτῶν
282 5050 465 5121 ἔργων
484 5049 594 5102 τῶν
620 5047 887 5119 Σολομὼν,
910 5048 1002 5101 καὶ
1022 5047 1386 5118 ἑϐδομήκοντα
1403 5043 1635 5115 χιλιάδες

73 5159 168 5193 νων
191 5143 454 5212 αἰρόντων
479 5143 656 5213 άρσιν,
695 5142 788 5196 καὶ
814 5142 870 5195 αἰ
895 5141 1004 5194 τῶν
1038 5140 1286 5211 λατόμων
1309 5137 1636 5209 ὀγδοήκοντα

74 5229 290 5298 χιλιάδες
322 5235 383 5285 ὲν
415 5233 498 5304 τῷ
525 5233 659 5304 ὄρει,
683 5235 731 5286 οἱ
761 5232 1037 5296 ποιοῦντες
1065 5231 1136 5285 τὰ
1174 5231 1332 5302 ἔργα,
1362 5228 1459 5282 καὶ
1489 5228 1630 5281 ἑτοι-

74 5320 323 5388 μάξοντες
345 5325 459 5398 (42)
489 5328 616 5390 τοὺς
648 5324 828 5391 λίθους
865 5325 961 5380 καὶ
999 5323 1068 5378 τὰ
1108 5323 1258 5390 ξύλα.
1302 5323 1631 5393 Παρατηρη-

171 5461 218 5494 ⁸⁸
236 5462 444 5518 Coloss.
479 5479 518 5523 I.
553 5463 636 5518 l5.
748 5464 796 5495 “
834 5461 898 5516 lll
931 5462 1064 5524 Reg.
1092 5477 1164 5524 vt,
1196 5476 1292 5520 vlt.
1344 5475 1461 5512 vm.

1573 5455 1618 5488 "
1662 5453 1681 5506 l
1718 5452 1842 5508 Cor.
1871 5467 1928 5515 ιι,
1961 5451 2014 5516 7,
2055 5449 2111 5506 8.

1737 4577 1989 4631 stibulum
2019 4575 2334 4630 chitarum
2363 4583 2418 4628 et
2440 4572 2804 4634 sacerdotum,
2846 4570 2983 4639 lapis
3012 4569 3218 4633 altaris,
3254 4569 3310 4622 iu

1739 4683 1845 4738 quo
1887 4666 2191 4723 oll‘eruntur
2239 4666 2512 4722 fructuum
2563 4663 2887 4720 oblationes.
2917 4662 3086 4717 Porro
3113 4661 3308 4716 harum

1739 4774 1919 4814 rerum
1957 4758 2256 4814 mconomia
2305 4767 2356 4812 et
2403 4755 2764 4812 ministerium
2798 4754 3153 4810 concredetur
3178 4767 3307 4806 san-

1737 4851 1842 4907 ctis
1868 4851 2156 4905 virtutibus
2178 4890 2194 4915 ,
2225 4865 2420 4919 nempe
2469 4849 2674 4921 angelis
2716 4847 2832 4912 Dei,
2861 4862 3089 4917 quarum
3118 4845 3310 4914 aliquae

1735 4944 1952 5015 quidem
1991 4953 2116 4998 sum
2151 4943 2548 4998 dominationes
2570 4982 2585 5007 ,
2617 4941 2698 4995 vel
2740 4940 2941 5006 throni,
2971 4938 3054 4993 vel
3102 4937 3308 5009 princi-

1735 5044 1913 5104 patus,
1965 5031 2050 5087 vel
2083 5041 2412 5102 potestates;
2457 5033 2650 5102 aliqua:
2705 5047 2833 5087 vero
2874 5032 2958 5086 his
3005 5031 3303 5101 subiectat;

1735 5141 1961 5196 quarum
1991 5125 2216 5194 ﬁguram
2255 5134 2449 5196 gerunt
2479 5125 2716 5182 sexcenti
2753 5125 2828 5180 illi
2864 5137 3023 5194 supra
3049 5124 3150 5178 tria
3190 5122 3310 5176 mil-

1739 5220 1808 5274 lia
1855 5217 2134 5288 przefecti,
2188 5216 2426 5287 praefecti
2492 5219 2763 5288 principes
2819 5217 3096 5273 constituti
3145 5227 3310 5283 super

1737 5328 1898 5386 Opera
1929 5309 2280 5377 Salomonis;
2326 5320 2381 5366 et
2421 5312 2759 5383 septuaginta
2789 5309 3050 5366 chiliades
3089 5315 3306 5376 gestau-

2218 5449 2264 5480 ⁶⁶
2290 5445 2312 5500 1
2339 5444 2485 5504 Petr.
2517 5462 2578 5515 ιι,
2611 5445 2668 5502 5.
2779 5445 2824 5478 ⁸⁷
2849 5444 2915 5500 111
2937 5446 3070 5516 Reg.
3097 5458 3152 5515 ν,
3184 5445 3309 5502 3-5.

83 5524 159 5584 ⁸⁸1
188 5532 310 5588 Cor.
339 5549 433 5600 xv,
465 5533 560 5600 25,
590 5534 683 5588 9.6.
757 5534 802 5569 ⁸⁸
829 5535 845 5587 l
875 5523 1106 5600 Paralip.
1138 5523 1271 5596 xxtt,
1302 5529 1357 5585 9.
1431 5528 1477 5561 '"’
1509 5527 1626 5582 l'sal

1806 5565 1823 5590 ,
1854 5523 1940 5577 75.

124 5649 251 5732 ,(49)
288 5653 872 5732 Σῶρμ.ηῐ)βείάει“ειιιιι“
906 5652 960 5707 in
993 5652 1180 5707 codice
1209 5650 1398 5722 Regio,
1427 5649 1520 5706 sed
1553 5663 1632 5703 re-

75 5723 303 5775 stituitur
330 5739 361 5775 e
396 5723 710 5780 Bmlleiauo.

137 5792 247 5859 (ll)
285 5794 388 5858 Είς
416 5792 531 5860 τὴν
569 5793 947 5860 Ἐκκλησίαν.
971 5793 1047 5851 lta
1074 5791 1242 5850 codex
1271 5791 1626 5854 Bodleiauus;

1735 5645 1959 5713 Regius,
1991 5643 2086 5697 καὶ
2119 5641 2600 5714 τὴνηΈκκλησίαν.

1803 5707 1915 5783 (Η)
1967 5707 2558 5783 Ἐτοιμᾱζὶγντεςδὸιο
2592 5709 2760 5768 codex
2798 5707 3152 5777 Bodleianus;
3201 5709 3311 5766 Re.

1734 5789 1874 5856 gius,
1913 5785 2320 5856 ἑτοιμάσαντες.
