  <div class='ocr_page' id='page_1' title='image "/cluster/home/n/w/nwhite01/storage/ocr_20150623/14/mdp.39015052831362/212.png"; bbox 0 0 3702 6142; ppageno 0'>
   <div class='ocr_carea' id='block_1_1' title="bbox 88 350 177 406">
    <p class='ocr_par' dir='ltr' id='par_1_1' title="bbox 88 350 177 406">
     <span class='ocr_line' id='line_1_1' title="bbox 88 350 177 406; baseline 0 0"><span class='ocrx_word' id='word_1_1' title='bbox 88 350 177 406; x_wconf 73' lang='lat'><strong>585</strong></span> 
     </span>
    </p>
   </div>
   <div class='ocr_carea' id='block_1_2' title="bbox 1144 343 2212 405">
    <p class='ocr_par' dir='ltr' id='par_1_2' title="bbox 1144 343 2212 405">
     <span class='ocr_line' id='line_1_2' title="bbox 1144 343 2212 405; baseline 0.004 -5"><span class='ocrx_word' id='word_1_2' title='bbox 1144 344 1498 402; x_wconf 83' lang='lat' dir='ltr'><strong>COMMENT.</strong></span> <span class='ocrx_word' id='word_1_3' title='bbox 1539 343 1606 400; x_wconf 86' lang='lat' dir='ltr'><strong>IN</strong></span> <span class='ocrx_word' id='word_1_4' title='bbox 1638 345 1830 402; x_wconf 81' lang='lat' dir='ltr'><strong>JOAN.</strong></span> <span class='ocrx_word' id='word_1_5' title='bbox 1873 346 2114 405; x_wconf 84' lang='lat' dir='ltr'><strong>TOMUS</strong></span> <span class='ocrx_word' id='word_1_6' title='bbox 2143 348 2212 404; x_wconf 79' lang='grc' dir='ltr'><strong>Χ.</strong></span> 
     </span>
    </p>
   </div>
   <div class='ocr_carea' id='block_1_3' title="bbox 3208 353 3311 410">
    <p class='ocr_par' dir='ltr' id='par_1_3' title="bbox 3208 353 3311 410">
     <span class='ocr_line' id='line_1_3' title="bbox 3208 353 3311 410; baseline 0 -1"><span class='ocrx_word' id='word_1_7' title='bbox 3208 353 3311 410; x_wconf 63' lang='lat' dir='ltr'><strong>3S6</strong></span> 
     </span>
    </p>
   </div>
   <div class='ocr_carea' id='block_1_4' title="bbox 87 454 1633 535">
    <p class='ocr_par' dir='ltr' id='par_1_4' title="bbox 87 454 1632 535">
     <span class='ocr_line' id='line_1_4' title="bbox 87 454 1632 535; baseline -0.003 -20"><span class='ocrx_word' id='word_1_8' title='bbox 87 459 373 535; x_wconf 74' lang='grc' dir='ltr'><strong>θεμελίωσιν</strong></span> <span class='ocrx_word' id='word_1_9' title='bbox 403 457 496 512; x_wconf 91' lang='grc' dir='ltr'><strong>τοῦ</strong></span> <span class='ocrx_word' id='word_1_10' title='bbox 524 456 674 510; x_wconf 83' lang='grc' dir='ltr'>οῐκου</span> <span class='ocrx_word' id='word_1_11' title='bbox 707 454 803 511; x_wconf 79' lang='grc' dir='ltr'><strong>τοῦ</strong></span> <span class='ocrx_word' id='word_1_12' title='bbox 834 455 1062 529; x_wconf 81' lang='grc' dir='ltr'>Κυρίου.</span> <span class='ocrx_word' id='word_1_13' title='bbox 1111 457 1353 526; x_wconf 84' lang='grc' dir='ltr'>Ὀγδοάδι</span> <span class='ocrx_word' id='word_1_14' title='bbox 1380 459 1632 530; x_wconf 83' lang='grc' dir='ltr'><strong>μέντοιγε</strong></span> 
     </span>
    </p>
   </div>
   <div class='ocr_carea' id='block_1_5' title="bbox 1797 454 3312 535">
    <p class='ocr_par' dir='ltr' id='par_1_5' title="bbox 1797 461 3312 532">
     <span class='ocr_line' id='line_1_5' title="bbox 1797 461 3312 532; baseline 0.006 -21"><span class='ocrx_word' id='word_1_15' title='bbox 1797 468 1865 515; x_wconf 57' lang='lat' dir='ltr'><strong>int</strong></span> <span class='ocrx_word' id='word_1_16' title='bbox 1904 462 2137 530; x_wconf 79' lang='lat' dir='ltr'><strong>grandes</strong></span> <span class='ocrx_word' id='word_1_17' title='bbox 2171 469 2224 516; x_wconf 91' lang='lat' dir='ltr'><strong>et</strong></span> <span class='ocrx_word' id='word_1_18' title='bbox 2276 461 2545 532; x_wconf 86' lang='lat' dir='ltr'><strong>pretiosos</strong></span> <span class='ocrx_word' id='word_1_19' title='bbox 2598 461 2804 532; x_wconf 88' lang='lat' dir='ltr'><strong>lapides</strong></span> <span class='ocrx_word' id='word_1_20' title='bbox 2856 473 3059 519; x_wconf 71' lang='lat' dir='ltr'><strong>saneta:</strong></span> <span class='ocrx_word' id='word_1_21' title='bbox 3096 464 3312 522; x_wconf 66' lang='lat' dir='ltr'><strong>dontuav</strong></span> 
     </span>
    </p>
   </div>
   <div class='ocr_carea' id='block_1_6' title="bbox 85 542 1634 622">
    <p class='ocr_par' dir='ltr' id='par_1_6' title="bbox 85 542 1634 622">
     <span class='ocr_line' id='line_1_6' title="bbox 85 542 1634 622; baseline -0.005 -15"><span class='ocrx_word' id='word_1_22' title='bbox 85 553 200 607; x_wconf 83' lang='grc' dir='ltr'>ἐτῶν</span> <span class='ocrx_word' id='word_1_23' title='bbox 221 550 323 622; x_wconf 73' lang='grc'>(46)</span> <span class='ocrx_word' id='word_1_24' title='bbox 365 547 690 603; x_wconf 80' lang='grc' dir='ltr'><strong>συντελεῖται</strong></span> <span class='ocrx_word' id='word_1_25' title='bbox 736 549 766 601; x_wconf 86' lang='grc' dir='ltr'><strong>ό</strong></span> <span class='ocrx_word' id='word_1_26' title='bbox 809 542 959 610; x_wconf 73' lang='grc' dir='ltr'>οἶκος</span> <span class='ocrx_word' id='word_1_27' title='bbox 999 545 1078 617; x_wconf 77' lang='grc' dir='ltr'>τῷ</span> <span class='ocrx_word' id='word_1_28' title='bbox 1127 547 1302 622; x_wconf 75' lang='grc' dir='ltr'>ὀγδόῳ</span> <span class='ocrx_word' id='word_1_29' title='bbox 1357 547 1489 620; x_wconf 75' lang='grc' dir='ltr'>μηνὶ</span> <span class='ocrx_word' id='word_1_30' title='bbox 1539 545 1634 604; x_wconf 84' lang='grc' dir='ltr'><strong>τοῦ</strong></span> 
     </span>
    </p>
   </div>
   <div class='ocr_carea' id='block_1_7' title="bbox 84 638 1133 714">
    <p class='ocr_par' dir='ltr' id='par_1_7' title="bbox 84 638 1133 714">
     <span class='ocr_line' id='line_1_7' title="bbox 84 638 1133 714; baseline -0.003 -16"><span class='ocrx_word' id='word_1_31' title='bbox 84 643 244 714; x_wconf 77' lang='grc' dir='ltr'>ὀγδόου</span> <span class='ocrx_word' id='word_1_32' title='bbox 280 641 431 704; x_wconf 70' lang='grc' dir='ltr'>ἔτους</span> <span class='ocrx_word' id='word_1_33' title='bbox 453 639 562 694; x_wconf 79' lang='grc' dir='ltr'>ἀπὸ</span> <span class='ocrx_word' id='word_1_34' title='bbox 593 640 696 711; x_wconf 83' lang='grc' dir='ltr'>τῆς</span> <span class='ocrx_word' id='word_1_35' title='bbox 732 638 1133 712; x_wconf 81' lang='grc' dir='ltr'>θεμελιώσεως.</span> 
     </span>
    </p>
   </div>
   <div class='ocr_carea' id='block_1_8' title="bbox 141 918 1634 994">
    <p class='ocr_par' dir='ltr' id='par_1_8' title="bbox 141 918 1634 994">
     <span class='ocr_line' id='line_1_8' title="bbox 141 918 1634 994; baseline 0.001 -19"><span class='ocrx_word' id='word_1_36' title='bbox 141 921 217 976; x_wconf 72' lang='grc'><strong>24.</strong></span> <span class='ocrx_word' id='word_1_37' title='bbox 254 919 414 974; x_wconf 75' lang='grc' dir='ltr'>οὐδὲν</span> <span class='ocrx_word' id='word_1_38' title='bbox 454 918 511 972; x_wconf 78' lang='grc' dir='ltr'>δὲ</span> <span class='ocrx_word' id='word_1_39' title='bbox 543 918 744 973; x_wconf 74' lang='grc' dir='ltr'>ἄτοπον</span> <span class='ocrx_word' id='word_1_40' title='bbox 786 920 944 974; x_wconf 70' lang='grc' dir='ltr'>ἔσται</span> <span class='ocrx_word' id='word_1_41' title='bbox 985 919 1076 974; x_wconf 81' lang='grc' dir='ltr'>διὰ</span> <span class='ocrx_word' id='word_1_42' title='bbox 1117 919 1284 992; x_wconf 84' lang='grc' dir='ltr'>μέσου</span> <span class='ocrx_word' id='word_1_43' title='bbox 1319 921 1434 985; x_wconf 84' lang='grc' dir='ltr'>τοῖς</span> <span class='ocrx_word' id='word_1_44' title='bbox 1465 921 1634 994; x_wconf 85' lang='grc' dir='ltr'>μηδὲν</span> 
     </span>
    </p>
   </div>
   <div class='ocr_carea' id='block_1_9' title="bbox 85 1007 1635 1085">
    <p class='ocr_par' dir='ltr' id='par_1_9' title="bbox 85 1007 1635 1085">
     <span class='ocr_line' id='line_1_9' title="bbox 85 1007 1635 1085; baseline 0.001 -19"><span class='ocrx_word' id='word_1_45' title='bbox 85 1014 204 1083; x_wconf 79' lang='grc' dir='ltr'>πέρα</span> <span class='ocrx_word' id='word_1_46' title='bbox 237 1013 331 1082; x_wconf 83' lang='grc' dir='ltr'>τῆς</span> <span class='ocrx_word' id='word_1_47' title='bbox 377 1011 614 1084; x_wconf 77' lang='grc' dir='ltr'>ἱστορίας</span> <span class='ocrx_word' id='word_1_48' title='bbox 655 1012 921 1083; x_wconf 77' lang='grc' dir='ltr'>οἰομένοις</span> <span class='ocrx_word' id='word_1_49' title='bbox 959 1007 1049 1066; x_wconf 82' lang='grc' dir='ltr'><strong>διὰ</strong></span> <span class='ocrx_word' id='word_1_50' title='bbox 1096 1013 1300 1067; x_wconf 85' lang='grc' dir='ltr'>τούτων</span> <span class='ocrx_word' id='word_1_51' title='bbox 1344 1011 1635 1085; x_wconf 78' lang='grc' dir='ltr'><strong>δηλοῦσθαι</strong></span> 
     </span>
    </p>
   </div>
   <div class='ocr_carea' id='block_1_10' title="bbox 84 1104 1635 1177">
    <p class='ocr_par' dir='ltr' id='par_1_10' title="bbox 84 1104 1635 1177">
     <span class='ocr_line' id='line_1_10' title="bbox 84 1104 1635 1177; baseline 0.001 -19"><span class='ocrx_word' id='word_1_52' title='bbox 84 1105 456 1174; x_wconf 75' lang='grc' dir='ltr'>δυσωπητικοὺς</span> <span class='ocrx_word' id='word_1_53' title='bbox 488 1104 678 1174; x_wconf 81' lang='grc' dir='ltr'>λόγους</span> <span class='ocrx_word' id='word_1_54' title='bbox 706 1107 1075 1177; x_wconf 80' lang='grc' dir='ltr'>προσαγαγεῖν</span> <span class='ocrx_word' id='word_1_55' title='bbox 1107 1105 1242 1177; x_wconf 82' lang='grc' dir='ltr'>πρὸς</span> <span class='ocrx_word' id='word_1_56' title='bbox 1273 1106 1334 1160; x_wconf 80' lang='grc' dir='ltr'>τὸ</span> <span class='ocrx_word' id='word_1_57' title='bbox 1363 1107 1439 1170; x_wconf 82' lang='grc' dir='ltr'>ὡς</span> <span class='ocrx_word' id='word_1_58' title='bbox 1464 1106 1635 1160; x_wconf 87' lang='grc' dir='ltr'>Πνεύ-</span> 
     </span>
    </p>
   </div>
   <div class='ocr_carea' id='block_1_11' title="bbox 87 1195 1634 1269">
    <p class='ocr_par' dir='ltr' id='par_1_11' title="bbox 87 1195 1634 1269">
     <span class='ocr_line' id='line_1_11' title="bbox 87 1195 1634 1269; baseline 0.001 -21"><span class='ocrx_word' id='word_1_59' title='bbox 87 1213 230 1268; x_wconf 80' lang='grc' dir='ltr'>ματος</span> <span class='ocrx_word' id='word_1_60' title='bbox 259 1195 593 1267; x_wconf 81' lang='grc' dir='ltr'>γραμμάτων</span> <span class='ocrx_word' id='word_1_61' title='bbox 639 1197 872 1268; x_wconf 80' lang='grc' dir='ltr'>ζητῆσαι</span> <span class='ocrx_word' id='word_1_62' title='bbox 921 1197 1014 1252; x_wconf 88' lang='grc' dir='ltr'><strong>τοῦ</strong></span> <span class='ocrx_word' id='word_1_63' title='bbox 1059 1197 1378 1269; x_wconf 83' lang='grc' dir='ltr'>Πνεύματος</span> <span class='ocrx_word' id='word_1_64' title='bbox 1417 1196 1542 1252; x_wconf 83' lang='grc' dir='ltr'>νοῦν</span> <span class='ocrx_word' id='word_1_65' title='bbox 1574 1199 1634 1250; x_wconf 84' lang='grc' dir='ltr'>ὲν</span> 
     </span>
    </p>
   </div>
   <div class='ocr_carea' id='block_1_12' title="bbox 83 1284 1633 1362">
    <p class='ocr_par' dir='ltr' id='par_1_12' title="bbox 83 1284 1633 1362">
     <span class='ocr_line' id='line_1_12' title="bbox 83 1284 1633 1362; baseline 0.001 -20"><span class='ocrx_word' id='word_1_66' title='bbox 83 1290 262 1352; x_wconf 79' lang='grc' dir='ltr'>τούτοις</span> <span class='ocrx_word' id='word_1_67' title='bbox 299 1287 463 1353; x_wconf 80' lang='grc' dir='ltr'>ἀξιον.</span> <span class='ocrx_word' id='word_1_68' title='bbox 500 1284 646 1359; x_wconf 75' lang='grc' dir='ltr'><strong>τΑρα</strong></span> <span class='ocrx_word' id='word_1_69' title='bbox 679 1289 788 1362; x_wconf 83' lang='grc' dir='ltr'><strong>γὰρ</strong></span> <span class='ocrx_word' id='word_1_70' title='bbox 836 1291 887 1343; x_wconf 89' lang='grc' dir='ltr'>οἱ</span> <span class='ocrx_word' id='word_1_71' title='bbox 926 1291 1035 1344; x_wconf 85' lang='grc' dir='ltr'>τῶν</span> <span class='ocrx_word' id='word_1_72' title='bbox 1079 1290 1343 1361; x_wconf 84' lang='grc' dir='ltr'>βασιλέων</span> <span class='ocrx_word' id='word_1_73' title='bbox 1383 1291 1491 1345; x_wconf 77' lang='lat' dir='ltr'><strong>oiol</strong></span> <span class='ocrx_word' id='word_1_74' title='bbox 1519 1290 1633 1360; x_wconf 69' lang='lat'><strong>(47)</strong></span> 
     </span>
    </p>
   </div>
   <div class='ocr_carea' id='block_1_13' title="bbox 83 1381 1634 1456">
    <p class='ocr_par' dir='ltr' id='par_1_13' title="bbox 83 1381 1634 1456">
     <span class='ocr_line' id='line_1_13' title="bbox 83 1381 1634 1456; baseline 0.003 -23"><span class='ocrx_word' id='word_1_75' title='bbox 83 1381 336 1453; x_wconf 76' lang='grc' dir='ltr'>ἐσχόλαζον</span> <span class='ocrx_word' id='word_1_76' title='bbox 365 1385 430 1452; x_wconf 79' lang='grc' dir='ltr'><strong>τῇ</strong></span> <span class='ocrx_word' id='word_1_77' title='bbox 459 1382 752 1453; x_wconf 80' lang='grc' dir='ltr'>πελεκὴσει</span> <span class='ocrx_word' id='word_1_78' title='bbox 780 1383 888 1438; x_wconf 85' lang='grc' dir='ltr'>τῶν</span> <span class='ocrx_word' id='word_1_79' title='bbox 925 1385 1173 1454; x_wconf 80' lang='grc' dir='ltr'>μεγάλων</span> <span class='ocrx_word' id='word_1_80' title='bbox 1208 1385 1301 1437; x_wconf 78' lang='grc' dir='ltr'>καὶ</span> <span class='ocrx_word' id='word_1_81' title='bbox 1327 1385 1524 1456; x_wconf 87' lang='grc' dir='ltr'>τιμίων</span> <span class='ocrx_word' id='word_1_82' title='bbox 1553 1384 1634 1437; x_wconf 70' lang='grc' dir='ltr'>λίο</span> 
     </span>
    </p>
   </div>
   <div class='ocr_carea' id='block_1_14' title="bbox 83 1474 1634 1547">
    <p class='ocr_par' dir='ltr' id='par_1_14' title="bbox 83 1474 1634 1547">
     <span class='ocr_line' id='line_1_14' title="bbox 83 1474 1634 1547; baseline 0.002 -20"><span class='ocrx_word' id='word_1_83' title='bbox 83 1475 188 1537; x_wconf 84' lang='grc' dir='ltr'>θων,</span> <span class='ocrx_word' id='word_1_84' title='bbox 235 1474 700 1545; x_wconf 83' lang='grc' dir='ltr'>ἀναλαμϐάνοντες</span> <span class='ocrx_word' id='word_1_85' title='bbox 761 1476 957 1547; x_wconf 77' lang='grc' dir='ltr'>τέχνην</span> <span class='ocrx_word' id='word_1_86' title='bbox 1025 1475 1306 1547; x_wconf 85' lang='grc' dir='ltr'>βασιλικῆς</span> <span class='ocrx_word' id='word_1_87' title='bbox 1355 1476 1634 1546; x_wconf 80' lang='grc' dir='ltr'>εὐγενείας</span> 
     </span>
    </p>
   </div>
   <div class='ocr_carea' id='block_1_15' title="bbox 83 1566 1634 1641">
    <p class='ocr_par' dir='ltr' id='par_1_15' title="bbox 83 1566 1634 1641">
     <span class='ocr_line' id='line_1_15' title="bbox 83 1566 1634 1641; baseline 0.002 -22"><span class='ocrx_word' id='word_1_88' title='bbox 83 1566 360 1636; x_wconf 84' lang='grc' dir='ltr'>ἀλλοτρίαν;</span> <span class='ocrx_word' id='word_1_89' title='bbox 393 1567 504 1619; x_wconf 81' lang='lat' dir='ltr'><strong><em>Kal</em></strong></span> <span class='ocrx_word' id='word_1_90' title='bbox 527 1569 556 1620; x_wconf 86' lang='grc' dir='ltr'>ὁ</span> <span class='ocrx_word' id='word_1_91' title='bbox 583 1568 812 1638; x_wconf 82' lang='grc' dir='ltr'>ἀριθμὸς</span> <span class='ocrx_word' id='word_1_92' title='bbox 848 1568 955 1621; x_wconf 84' lang='grc' dir='ltr'><strong>τῶν</strong></span> <span class='ocrx_word' id='word_1_93' title='bbox 981 1571 1318 1641; x_wconf 69' lang='grc' dir='ltr'>νωτοφόρων,</span> <span class='ocrx_word' id='word_1_94' title='bbox 1349 1571 1446 1623; x_wconf 78' lang='grc' dir='ltr'>καὶ</span> <span class='ocrx_word' id='word_1_95' title='bbox 1472 1569 1634 1622; x_wconf 63' lang='grc' dir='ltr'>λατόα</span> 
     </span>
    </p>
   </div>
   <div class='ocr_carea' id='block_1_16' title="bbox 85 1656 1634 1733">
    <p class='ocr_par' dir='ltr' id='par_1_16' title="bbox 85 1656 1634 1733">
     <span class='ocr_line' id='line_1_16' title="bbox 85 1656 1634 1733; baseline 0.004 -23"><span class='ocrx_word' id='word_1_96' title='bbox 85 1676 198 1728; x_wconf 86' lang='grc' dir='ltr'>μων,</span> <span class='ocrx_word' id='word_1_97' title='bbox 224 1656 310 1714; x_wconf 58' lang='grc' dir='ltr'>καὶ</span> <span class='ocrx_word' id='word_1_98' title='bbox 345 1661 676 1728; x_wconf 73' lang='grc' dir='ltr'>ἐπιστατῶν,</span> <span class='ocrx_word' id='word_1_99' title='bbox 708 1661 802 1714; x_wconf 86' lang='grc' dir='ltr'><strong>τοῦ</strong></span> <span class='ocrx_word' id='word_1_100' title='bbox 851 1679 914 1730; x_wconf 90' lang='grc' dir='ltr'><strong>γε</strong></span> <span class='ocrx_word' id='word_1_101' title='bbox 957 1663 1149 1732; x_wconf 86' lang='grc' dir='ltr'>χρόνου</span> <span class='ocrx_word' id='word_1_102' title='bbox 1182 1663 1279 1733; x_wconf 85' lang='grc' dir='ltr'>τῆς</span> <span class='ocrx_word' id='word_1_103' title='bbox 1319 1663 1634 1732; x_wconf 79' lang='grc' dir='ltr'>ἑτοιμασίας</span> 
     </span>
    </p>
   </div>
   <div class='ocr_carea' id='block_1_17' title="bbox 83 1749 1634 1826">
    <p class='ocr_par' dir='ltr' id='par_1_17' title="bbox 83 1749 1634 1826">
     <span class='ocr_line' id='line_1_17' title="bbox 83 1749 1634 1826; baseline 0.003 -23"><span class='ocrx_word' id='word_1_104' title='bbox 83 1749 170 1803; x_wconf 79' lang='grc' dir='ltr'>τῶν</span> <span class='ocrx_word' id='word_1_105' title='bbox 197 1751 366 1816; x_wconf 87' lang='grc' dir='ltr'>λίθων,</span> <span class='ocrx_word' id='word_1_106' title='bbox 402 1754 497 1805; x_wconf 76' lang='grc' dir='ltr'>καὶ</span> <span class='ocrx_word' id='word_1_107' title='bbox 528 1753 628 1824; x_wconf 81' lang='grc' dir='ltr'>τῆς</span> <span class='ocrx_word' id='word_1_108' title='bbox 667 1752 1116 1824; x_wconf 81' lang='grc' dir='ltr'>ὲπισημειὼσεως</span> <span class='ocrx_word' id='word_1_109' title='bbox 1143 1754 1253 1824; x_wconf 73' lang='grc'>(48)</span> <span class='ocrx_word' id='word_1_110' title='bbox 1278 1754 1387 1807; x_wconf 81' lang='grc' dir='ltr'>τῶν</span> <span class='ocrx_word' id='word_1_111' title='bbox 1427 1756 1634 1826; x_wconf 76' lang='grc' dir='ltr'>ὁμοίων</span> 
     </span>
    </p>
   </div>
   <div class='ocr_carea' id='block_1_18' title="bbox 81 1814 1706 1918">
    <p class='ocr_par' dir='ltr' id='par_1_18' title="bbox 81 1814 1706 1918">
     <span class='ocr_line' id='line_1_18' title="bbox 81 1814 1706 1918; baseline 0.006 -25"><span class='ocrx_word' id='word_1_112' title='bbox 81 1841 141 1904; x_wconf 83' lang='grc' dir='ltr'><strong>ὡς</strong></span> <span class='ocrx_word' id='word_1_113' title='bbox 168 1814 781 1916; x_wconf 74' lang='grc' dir='ltr'>ἐτυχενάναγὲγραπται</span> <span class='ocrx_word' id='word_1_114' title='bbox 801 1814 1049 1918; x_wconf 55' lang='grc' dir='ltr'>ςΠἘχρῆν</span> <span class='ocrx_word' id='word_1_115' title='bbox 1081 1814 1252 1900; x_wconf 80' lang='grc' dir='ltr'>δὲ</span> <span class='ocrx_word' id='word_1_116' title='bbox 1285 1846 1438 1915; x_wconf 71' lang='grc' dir='ltr'>ἅγιον</span> <span class='ocrx_word' id='word_1_117' title='bbox 1465 1814 1524 1902; x_wconf 57' lang='grc' dir='ltr'><strong>εν</strong></span> <span class='ocrx_word' id='word_1_118' title='bbox 1555 1849 1632 1902; x_wconf 81' lang='grc' dir='ltr'>εί-</span> <span class='ocrx_word' id='word_1_119' title='bbox 1663 1814 1706 1870; x_wconf 67' lang='grc' dir='ltr'><strong>Β</strong></span> 
     </span>
    </p>
   </div>
   <div class='ocr_carea' id='block_1_19' title="bbox 84 1933 1631 2013">
    <p class='ocr_par' dir='ltr' id='par_1_19' title="bbox 84 1933 1631 2013">
     <span class='ocr_line' id='line_1_19' title="bbox 84 1933 1631 2013; baseline 0.006 -28"><span class='ocrx_word' id='word_1_120' title='bbox 84 1933 196 2004; x_wconf 73' lang='grc' dir='ltr'>ρήνῃ</span> <span class='ocrx_word' id='word_1_121' title='bbox 222 1936 762 2009; x_wconf 74' lang='grc' dir='ltr'>κατασκευαζόμενον</span> <span class='ocrx_word' id='word_1_122' title='bbox 794 1933 942 1992; x_wconf 80' lang='grc' dir='ltr'>οἷκον</span> <span class='ocrx_word' id='word_1_123' title='bbox 981 1939 1058 2010; x_wconf 79' lang='grc' dir='ltr'>τῷ</span> <span class='ocrx_word' id='word_1_124' title='bbox 1090 1939 1210 2010; x_wconf 85' lang='grc' dir='ltr'><strong>Θεῴ</strong></span> <span class='ocrx_word' id='word_1_125' title='bbox 1249 1939 1631 2013; x_wconf 79' lang='grc' dir='ltr'>ᾠκοδομῆσθαι</span> 
     </span>
    </p>
   </div>
   <div class='ocr_carea' id='block_1_20' title="bbox 81 2028 1629 2105">
    <p class='ocr_par' dir='ltr' id='par_1_20' title="bbox 81 2028 1629 2105">
     <span class='ocr_line' id='line_1_20' title="bbox 81 2028 1629 2105; baseline 0.003 -23"><span class='ocrx_word' id='word_1_126' title='bbox 81 2028 222 2098; x_wconf 80' lang='grc' dir='ltr'>χωρὶς</span> <span class='ocrx_word' id='word_1_127' title='bbox 252 2029 478 2101; x_wconf 80' lang='grc' dir='ltr'>σφύρας,</span> <span class='ocrx_word' id='word_1_128' title='bbox 529 2030 625 2084; x_wconf 76' lang='grc' dir='ltr'>καὶ</span> <span class='ocrx_word' id='word_1_129' title='bbox 675 2030 970 2096; x_wconf 80' lang='grc' dir='ltr'>πελέκεως,</span> <span class='ocrx_word' id='word_1_130' title='bbox 1012 2033 1106 2086; x_wconf 84' lang='grc' dir='ltr'>καὶ</span> <span class='ocrx_word' id='word_1_131' title='bbox 1157 2034 1362 2095; x_wconf 73' lang='grc' dir='ltr'>παντὸς</span> <span class='ocrx_word' id='word_1_132' title='bbox 1409 2032 1629 2105; x_wconf 81' lang='grc' dir='ltr'>σιδηροῦ</span> 
     </span>
    </p>
   </div>
   <div class='ocr_carea' id='block_1_21' title="bbox 81 2119 1632 2196">
    <p class='ocr_par' dir='ltr' id='par_1_21' title="bbox 81 2119 1632 2196">
     <span class='ocr_line' id='line_1_21' title="bbox 81 2119 1632 2196; baseline 0.005 -24"><span class='ocrx_word' id='word_1_133' title='bbox 81 2119 298 2185; x_wconf 85' lang='grc' dir='ltr'>σκεύους,</span> <span class='ocrx_word' id='word_1_134' title='bbox 328 2122 413 2175; x_wconf 81' lang='grc' dir='ltr'>ἵνα</span> <span class='ocrx_word' id='word_1_135' title='bbox 448 2122 618 2193; x_wconf 77' lang='grc' dir='ltr'>μηδὲν</span> <span class='ocrx_word' id='word_1_136' title='bbox 657 2123 923 2196; x_wconf 83' lang='grc' dir='ltr'>ἀκολουθῇ</span> <span class='ocrx_word' id='word_1_137' title='bbox 973 2122 1274 2196; x_wconf 81' lang='grc' dir='ltr'>θορυϐῶδες</span> <span class='ocrx_word' id='word_1_138' title='bbox 1314 2127 1371 2179; x_wconf 84' lang='grc' dir='ltr'>ὲν</span> <span class='ocrx_word' id='word_1_139' title='bbox 1410 2125 1488 2196; x_wconf 82' lang='grc' dir='ltr'><strong>τῷ</strong></span> <span class='ocrx_word' id='word_1_140' title='bbox 1517 2125 1632 2196; x_wconf 82' lang='grc' dir='ltr'><strong>ναῷ</strong></span> 
     </span>
    </p>
   </div>
   <div class='ocr_carea' id='block_1_22' title="bbox 79 2207 1630 2286">
    <p class='ocr_par' dir='ltr' id='par_1_22' title="bbox 79 2207 1630 2286">
     <span class='ocr_line' id='line_1_22' title="bbox 79 2207 1630 2286; baseline 0.006 -27"><span class='ocrx_word' id='word_1_141' title='bbox 79 2207 154 2260; x_wconf 82' lang='grc' dir='ltr'><strong>τοῦ</strong></span> <span class='ocrx_word' id='word_1_142' title='bbox 182 2208 324 2263; x_wconf 83' lang='grc' dir='ltr'>Θεοῦ.</span> <span class='ocrx_word' id='word_1_143' title='bbox 356 2210 527 2265; x_wconf 87' lang='grc' dir='ltr'>Πάλιν</span> <span class='ocrx_word' id='word_1_144' title='bbox 571 2211 630 2263; x_wconf 78' lang='grc' dir='ltr'>δὲ</span> <span class='ocrx_word' id='word_1_145' title='bbox 677 2212 868 2283; x_wconf 86' lang='grc' dir='ltr'>ἀπορῶ</span> <span class='ocrx_word' id='word_1_146' title='bbox 907 2213 1045 2284; x_wconf 80' lang='grc' dir='ltr'>πρὸς</span> <span class='ocrx_word' id='word_1_147' title='bbox 1079 2216 1206 2278; x_wconf 82' lang='grc' dir='ltr'>τοὺς</span> <span class='ocrx_word' id='word_1_148' title='bbox 1235 2217 1302 2286; x_wconf 83' lang='grc' dir='ltr'>τῇ</span> <span class='ocrx_word' id='word_1_149' title='bbox 1345 2215 1484 2280; x_wconf 80' lang='grc' dir='ltr'>λέξει</span> <span class='ocrx_word' id='word_1_150' title='bbox 1509 2215 1630 2268; x_wconf 77' lang='grc' dir='ltr'>δου-</span> 
     </span>
    </p>
   </div>
   <div class='ocr_carea' id='block_1_23' title="bbox 79 2300 1634 2377">
    <p class='ocr_par' dir='ltr' id='par_1_23' title="bbox 79 2300 1634 2377">
     <span class='ocr_line' id='line_1_23' title="bbox 79 2300 1634 2377; baseline 0.008 -26"><span class='ocrx_word' id='word_1_151' title='bbox 79 2300 317 2366; x_wconf 78' lang='grc' dir='ltr'>λεύοντας,</span> <span class='ocrx_word' id='word_1_152' title='bbox 349 2303 467 2366; x_wconf 85' lang='grc' dir='ltr'><strong>πῶς</strong></span> <span class='ocrx_word' id='word_1_153' title='bbox 515 2303 759 2370; x_wconf 87' lang='grc' dir='ltr'>δυνατὸν,</span> <span class='ocrx_word' id='word_1_154' title='bbox 803 2305 1130 2376; x_wconf 86' lang='grc' dir='ltr'>ὀγδοήκοντα</span> <span class='ocrx_word' id='word_1_155' title='bbox 1179 2307 1430 2377; x_wconf 74' lang='grc' dir='ltr'>χιλιάδων</span> <span class='ocrx_word' id='word_1_156' title='bbox 1477 2308 1634 2362; x_wconf 81' lang='grc' dir='ltr'>λατό-</span> 
     </span>
    </p>
   </div>
   <div class='ocr_carea' id='block_1_24' title="bbox 83 2394 1633 2470">
    <p class='ocr_par' dir='ltr' id='par_1_24' title="bbox 83 2394 1633 2470">
     <span class='ocr_line' id='line_1_24' title="bbox 83 2394 1633 2470; baseline 0.007 -28"><span class='ocrx_word' id='word_1_157' title='bbox 83 2408 175 2458; x_wconf 84' lang='grc' dir='ltr'><strong>μων</strong></span> <span class='ocrx_word' id='word_1_158' title='bbox 198 2394 572 2463; x_wconf 73' lang='grc' dir='ltr'>τυγχανουσῶν</span> <span class='ocrx_word' id='word_1_159' title='bbox 597 2395 706 2465; x_wconf 71' lang='grc'>(49)</span> <span class='ocrx_word' id='word_1_160' title='bbox 732 2395 899 2460; x_wconf 81' lang='grc' dir='ltr'>λίθοις</span> <span class='ocrx_word' id='word_1_161' title='bbox 925 2398 1250 2469; x_wconf 71' lang='grc' dir='ltr'>ἀκροτόμοις</span> <span class='ocrx_word' id='word_1_162' title='bbox 1283 2400 1471 2470; x_wconf 81' lang='grc' dir='ltr'>ἀργοῖς</span> <span class='ocrx_word' id='word_1_163' title='bbox 1495 2400 1633 2470; x_wconf 78' lang='grc' dir='ltr'>ᾠκο-</span> 
     </span>
    </p>
   </div>
   <div class='ocr_carea' id='block_1_25' title="bbox 79 2479 1628 2559">
    <p class='ocr_par' dir='ltr' id='par_1_25' title="bbox 79 2479 1628 2559">
     <span class='ocr_line' id='line_1_25' title="bbox 79 2479 1628 2559; baseline 0.008 -27"><span class='ocrx_word' id='word_1_164' title='bbox 79 2479 311 2550; x_wconf 65' lang='grc' dir='ltr'>δομῆσθαι</span> <span class='ocrx_word' id='word_1_165' title='bbox 336 2485 426 2538; x_wconf 86' lang='grc' dir='ltr'><strong>τὸν</strong></span> <span class='ocrx_word' id='word_1_166' title='bbox 457 2480 610 2538; x_wconf 81' lang='grc' dir='ltr'>οἷκον</span> <span class='ocrx_word' id='word_1_167' title='bbox 646 2487 740 2539; x_wconf 84' lang='grc' dir='ltr'><strong>τοῦ</strong></span> <span class='ocrx_word' id='word_1_168' title='bbox 777 2487 935 2550; x_wconf 84' lang='grc' dir='ltr'>Θεοῦ,</span> <span class='ocrx_word' id='word_1_169' title='bbox 973 2489 1183 2559; x_wconf 76' lang='grc' dir='ltr'>σφύρας</span> <span class='ocrx_word' id='word_1_170' title='bbox 1212 2490 1306 2542; x_wconf 79' lang='grc' dir='ltr'>καὶ</span> <span class='ocrx_word' id='word_1_171' title='bbox 1336 2489 1628 2553; x_wconf 81' lang='grc' dir='ltr'>πελέκεως,</span> 
     </span>
    </p>
   </div>
   <div class='ocr_carea' id='block_1_26' title="bbox 80 2575 1631 2653">
    <p class='ocr_par' dir='ltr' id='par_1_26' title="bbox 80 2575 1631 2653">
     <span class='ocr_line' id='line_1_26' title="bbox 80 2575 1631 2653; baseline 0.006 -27"><span class='ocrx_word' id='word_1_172' title='bbox 80 2575 156 2626; x_wconf 81' lang='grc' dir='ltr'>καὶ</span> <span class='ocrx_word' id='word_1_173' title='bbox 191 2576 375 2642; x_wconf 73' lang='grc' dir='ltr'>παντὸς</span> <span class='ocrx_word' id='word_1_174' title='bbox 425 2578 657 2641; x_wconf 82' lang='grc' dir='ltr'>σκεύους</span> <span class='ocrx_word' id='word_1_175' title='bbox 696 2578 917 2651; x_wconf 84' lang='grc' dir='ltr'>σιδηροῦ</span> <span class='ocrx_word' id='word_1_176' title='bbox 946 2582 1045 2634; x_wconf 87' lang='grc' dir='ltr'><strong>ούκ</strong></span> <span class='ocrx_word' id='word_1_177' title='bbox 1079 2580 1435 2644; x_wconf 81' lang='grc' dir='ltr'>ἀκουσθέντος</span> <span class='ocrx_word' id='word_1_178' title='bbox 1467 2583 1524 2636; x_wconf 83' lang='grc' dir='ltr'>ὲν</span> <span class='ocrx_word' id='word_1_179' title='bbox 1555 2581 1631 2653; x_wconf 82' lang='grc' dir='ltr'>τῷ</span> 
     </span>
    </p>
   </div>
   <div class='ocr_carea' id='block_1_27' title="bbox 80 2667 1630 2746">
    <p class='ocr_par' dir='ltr' id='par_1_27' title="bbox 80 2667 1630 2746">
     <span class='ocr_line' id='line_1_27' title="bbox 80 2667 1630 2746; baseline 0.01 -29"><span class='ocrx_word' id='word_1_180' title='bbox 80 2667 189 2737; x_wconf 78' lang='grc' dir='ltr'>οἴκῳ</span> <span class='ocrx_word' id='word_1_181' title='bbox 213 2669 388 2733; x_wconf 84' lang='grc' dir='ltr'>αὑτοῦ,</span> <span class='ocrx_word' id='word_1_182' title='bbox 434 2673 493 2724; x_wconf 80' lang='grc' dir='ltr'>ἐν</span> <span class='ocrx_word' id='word_1_183' title='bbox 533 2670 614 2742; x_wconf 80' lang='grc' dir='ltr'>τῷ</span> <span class='ocrx_word' id='word_1_184' title='bbox 653 2672 1047 2742; x_wconf 68' lang='grc' dir='ltr'>οίκώομείσθαι</span> <span class='ocrx_word' id='word_1_185' title='bbox 1087 2673 1279 2737; x_wconf 82' lang='grc' dir='ltr'>αύτόν;</span> <span class='ocrx_word' id='word_1_186' title='bbox 1325 2674 1482 2727; x_wconf 82' lang='grc' dir='ltr'>Ἀλλά</span> <span class='ocrx_word' id='word_1_187' title='bbox 1523 2676 1630 2746; x_wconf 86' lang='grc' dir='ltr'><strong>μή·</strong></span> 
     </span>
    </p>
   </div>
   <div class='ocr_carea' id='block_1_28' title="bbox 81 2760 1633 2836">
    <p class='ocr_par' dir='ltr' id='par_1_28' title="bbox 81 2760 1633 2836">
     <span class='ocr_line' id='line_1_28' title="bbox 81 2760 1633 2836; baseline 0.005 -24"><span class='ocrx_word' id='word_1_188' title='bbox 81 2775 185 2812; x_wconf 81' lang='grc' dir='ltr'>ποτε</span> <span class='ocrx_word' id='word_1_189' title='bbox 214 2762 258 2812; x_wconf 78' lang='grc' dir='ltr'>οὶ</span> <span class='ocrx_word' id='word_1_190' title='bbox 285 2760 682 2833; x_wconf 82' lang='grc' dir='ltr'>λατομούμενοι</span> <span class='ocrx_word' id='word_1_191' title='bbox 709 2763 845 2817; x_wconf 80' lang='grc' dir='ltr'>λίθοι</span> <span class='ocrx_word' id='word_1_192' title='bbox 871 2763 1072 2827; x_wconf 78' lang='grc' dir='ltr'>ζῶντες</span> <span class='ocrx_word' id='word_1_193' title='bbox 1104 2766 1344 2836; x_wconf 53' lang='grc' dir='ltr'>ἀψοφητὶ</span> <span class='ocrx_word' id='word_1_194' title='bbox 1371 2765 1463 2819; x_wconf 76' lang='grc' dir='ltr'><strong>καὶ</strong></span> <span class='ocrx_word' id='word_1_195' title='bbox 1499 2768 1633 2820; x_wconf 83' lang='grc' dir='ltr'>ἀτα-</span> 
     </span>
    </p>
   </div>
   <div class='ocr_carea' id='block_1_29' title="bbox 86 2851 1630 2928">
    <p class='ocr_par' dir='ltr' id='par_1_29' title="bbox 86 2851 1630 2928">
     <span class='ocr_line' id='line_1_29' title="bbox 86 2851 1630 2928; baseline 0.006 -25"><span class='ocrx_word' id='word_1_196' title='bbox 86 2851 236 2922; x_wconf 76' lang='grc' dir='ltr'>ράχως</span> <span class='ocrx_word' id='word_1_197' title='bbox 259 2853 616 2925; x_wconf 84' lang='grc' dir='ltr'>λατομοῦνται</span> <span class='ocrx_word' id='word_1_198' title='bbox 643 2854 747 2921; x_wconf 72' lang='grc' dir='ltr'><strong>ἔξω</strong></span> <span class='ocrx_word' id='word_1_199' title='bbox 790 2873 892 2908; x_wconf 81' lang='grc' dir='ltr'><strong>που</strong></span> <span class='ocrx_word' id='word_1_200' title='bbox 921 2856 1064 2909; x_wconf 85' lang='grc' dir='ltr'><strong>κατά</strong></span> <span class='ocrx_word' id='word_1_201' title='bbox 1241 2857 1331 2911; x_wconf 84' lang='grc' dir='ltr'><strong>τὸν</strong></span> <span class='ocrx_word' id='word_1_202' title='bbox 1365 2857 1511 2923; x_wconf 80' lang='grc' dir='ltr'>ναὸν,</span> <span class='ocrx_word' id='word_1_203' title='bbox 1545 2860 1630 2912; x_wconf 79' lang='grc' dir='ltr'>ἵνα</span> 
     </span>
    </p>
   </div>
   <div class='ocr_carea' id='block_1_30' title="bbox 81 2941 1631 3020">
    <p class='ocr_par' dir='ltr' id='par_1_30' title="bbox 81 2941 1631 3020">
     <span class='ocr_line' id='line_1_30' title="bbox 81 2941 1631 3020; baseline 0.007 -26"><span class='ocrx_word' id='word_1_204' title='bbox 81 2941 256 3014; x_wconf 75' lang='grc' dir='ltr'>ἕτοιμοι</span> <span class='ocrx_word' id='word_1_205' title='bbox 295 2945 519 2999; x_wconf 74' lang='grc' dir='ltr'>ἔλθωσιν</span> <span class='ocrx_word' id='word_1_206' title='bbox 564 2948 656 2999; x_wconf 72' lang='grc' dir='ltr'><strong>ἐπὶ</strong></span> <span class='ocrx_word' id='word_1_207' title='bbox 696 2946 757 3000; x_wconf 76' lang='grc' dir='ltr'>τὸ</span> <span class='ocrx_word' id='word_1_208' title='bbox 792 2948 1031 3020; x_wconf 74' lang='grc' dir='ltr'>ἁρμόζον</span> <span class='ocrx_word' id='word_1_209' title='bbox 1065 2949 1246 3014; x_wconf 74' lang='grc' dir='ltr'>αὐτοῖς</span> <span class='ocrx_word' id='word_1_210' title='bbox 1287 2951 1388 3020; x_wconf 77' lang='grc' dir='ltr'>τῆς</span> <span class='ocrx_word' id='word_1_211' title='bbox 1427 2952 1631 3005; x_wconf 76' lang='grc' dir='ltr'>οἰκοδο-</span> 
     </span>
    </p>
   </div>
   <div class='ocr_carea' id='block_1_31' title="bbox 83 3036 1629 3114">
    <p class='ocr_par' dir='ltr' id='par_1_31' title="bbox 83 3036 1629 3114">
     <span class='ocr_line' id='line_1_31' title="bbox 83 3036 1629 3114; baseline 0.007 -27"><span class='ocrx_word' id='word_1_212' title='bbox 83 3036 171 3104; x_wconf 81' lang='grc' dir='ltr'>μῆς</span> <span class='ocrx_word' id='word_1_213' title='bbox 197 3038 400 3108; x_wconf 80' lang='grc' dir='ltr'>χωρίον.</span> <span class='ocrx_word' id='word_1_214' title='bbox 438 3040 550 3092; x_wconf 80' lang='grc' dir='ltr'><strong>Καὶ</strong></span> <span class='ocrx_word' id='word_1_215' title='bbox 581 3039 842 3103; x_wconf 79' lang='grc' dir='ltr'>ἀνάϐασις</span> <span class='ocrx_word' id='word_1_216' title='bbox 874 3039 930 3092; x_wconf 78' lang='grc' dir='ltr'>δέ</span> <span class='ocrx_word' id='word_1_217' title='bbox 953 3058 1034 3105; x_wconf 84' lang='grc' dir='ltr'><strong>τις</strong></span> <span class='ocrx_word' id='word_1_218' title='bbox 1055 3041 1182 3114; x_wconf 77' lang='grc' dir='ltr'>περὶ</span> <span class='ocrx_word' id='word_1_219' title='bbox 1212 3043 1301 3097; x_wconf 79' lang='grc' dir='ltr'>τὸν</span> <span class='ocrx_word' id='word_1_220' title='bbox 1349 3039 1496 3098; x_wconf 85' lang='grc' dir='ltr'>οἷκον</span> <span class='ocrx_word' id='word_1_221' title='bbox 1534 3044 1629 3098; x_wconf 83' lang='grc' dir='ltr'><strong>τοῦ</strong></span> 
     </span>
    </p>
   </div>
   <div class='ocr_carea' id='block_1_32' title="bbox 80 3126 1628 3206">
    <p class='ocr_par' dir='ltr' id='par_1_32' title="bbox 80 3126 1628 3206">
     <span class='ocr_line' id='line_1_32' title="bbox 80 3126 1628 3206; baseline 0.008 -28"><span class='ocrx_word' id='word_1_222' title='bbox 80 3126 189 3180; x_wconf 76' lang='grc' dir='ltr'>Θεοῦ</span> <span class='ocrx_word' id='word_1_223' title='bbox 222 3130 289 3202; x_wconf 82' lang='grc' dir='ltr'>μὴ</span> <span class='ocrx_word' id='word_1_224' title='bbox 329 3133 742 3205; x_wconf 83' lang='grc' dir='ltr'>γεγωνιωμένη,</span> <span class='ocrx_word' id='word_1_225' title='bbox 778 3133 1103 3198; x_wconf 84' lang='grc' dir='ltr'>ἀνακλάσεις</span> <span class='ocrx_word' id='word_1_226' title='bbox 1144 3134 1367 3188; x_wconf 83' lang='grc' dir='ltr'>εὐθειῶν</span> <span class='ocrx_word' id='word_1_227' title='bbox 1411 3135 1628 3206; x_wconf 78' lang='grc' dir='ltr'>ἔχουσα.</span> 
     </span>
    </p>
   </div>
   <div class='ocr_carea' id='block_1_33' title="bbox 81 3217 1632 3297">
    <p class='ocr_par' dir='ltr' id='par_1_33' title="bbox 81 3217 1632 3297">
     <span class='ocr_line' id='line_1_33' title="bbox 81 3217 1632 3297; baseline 0.007 -27"><span class='ocrx_word' id='word_1_228' title='bbox 81 3217 358 3291; x_wconf 75' lang='grc' dir='ltr'>Γέγραπται</span> <span class='ocrx_word' id='word_1_229' title='bbox 396 3225 537 3296; x_wconf 75' lang='grc' dir='ltr'>γάρ’</span> <span class='ocrx_word' id='word_1_230' title='bbox 581 3245 598 3275; x_wconf 83' lang='grc' dir='ltr'><strong>ι</strong></span> <span class='ocrx_word' id='word_1_231' title='bbox 641 3226 750 3278; x_wconf 80' lang='lat' dir='ltr'><strong><em>Kal</em></strong></span> <span class='ocrx_word' id='word_1_232' title='bbox 795 3225 978 3297; x_wconf 82' lang='grc' dir='ltr'>ἑλικτὴ</span> <span class='ocrx_word' id='word_1_233' title='bbox 1026 3226 1291 3290; x_wconf 83' lang='grc' dir='ltr'>ἀνάϐασις</span> <span class='ocrx_word' id='word_1_234' title='bbox 1320 3227 1404 3289; x_wconf 82' lang='grc' dir='ltr'><strong>είς</strong></span> <span class='ocrx_word' id='word_1_235' title='bbox 1440 3227 1502 3280; x_wconf 83' lang='grc' dir='ltr'>τὸ</span> <span class='ocrx_word' id='word_1_236' title='bbox 1537 3227 1632 3297; x_wconf 79' lang='grc' dir='ltr'><strong>μέ-</strong></span> 
     </span>
    </p>
   </div>
   <div class='ocr_carea' id='block_1_34' title="bbox 82 3315 1631 3391">
    <p class='ocr_par' dir='ltr' id='par_1_34' title="bbox 82 3315 1631 3391">
     <span class='ocr_line' id='line_1_34' title="bbox 82 3315 1631 3391; baseline 0.006 -28"><span class='ocrx_word' id='word_1_237' title='bbox 82 3327 176 3374; x_wconf 82' lang='grc' dir='ltr'>σον,</span> <span class='ocrx_word' id='word_1_238' title='bbox 209 3315 295 3368; x_wconf 79' lang='grc' dir='ltr'>καὶ</span> <span class='ocrx_word' id='word_1_239' title='bbox 320 3316 384 3369; x_wconf 75' lang='grc' dir='ltr'>ὲκ</span> <span class='ocrx_word' id='word_1_240' title='bbox 420 3316 519 3388; x_wconf 73' lang='grc' dir='ltr'>τῆς</span> <span class='ocrx_word' id='word_1_241' title='bbox 553 3318 730 3388; x_wconf 80' lang='grc' dir='ltr'>μέσης</span> <span class='ocrx_word' id='word_1_242' title='bbox 758 3318 852 3370; x_wconf 77' lang='grc' dir='ltr'><strong>ἐπὶ</strong></span> <span class='ocrx_word' id='word_1_243' title='bbox 884 3319 951 3371; x_wconf 80' lang='grc' dir='ltr'>τὰ</span> <span class='ocrx_word' id='word_1_244' title='bbox 983 3319 1270 3391; x_wconf 79' lang='grc' dir='ltr'>τριόροφα·</span> <span class='ocrx_word' id='word_1_245' title='bbox 1312 3337 1331 3370; x_wconf 80' lang='lat' dir='ltr'><strong>r</strong></span> <span class='ocrx_word' id='word_1_246' title='bbox 1368 3317 1631 3390; x_wconf 69' lang='grc' dir='ltr'>ἑλικοειδῆ</span> 
     </span>
    </p>
   </div>
   <div class='ocr_carea' id='block_1_35' title="bbox 81 3402 1634 3481">
    <p class='ocr_par' dir='ltr' id='par_1_35' title="bbox 81 3402 1634 3481">
     <span class='ocr_line' id='line_1_35' title="bbox 81 3402 1634 3481; baseline 0.006 -27"><span class='ocrx_word' id='word_1_247' title='bbox 81 3402 170 3474; x_wconf 75' lang='grc' dir='ltr'>γὰρ</span> <span class='ocrx_word' id='word_1_248' title='bbox 209 3407 369 3477; x_wconf 75' lang='grc' dir='ltr'>ἐχρῆν</span> <span class='ocrx_word' id='word_1_249' title='bbox 399 3404 538 3462; x_wconf 83' lang='grc' dir='ltr'>εἶναι</span> <span class='ocrx_word' id='word_1_250' title='bbox 594 3408 694 3481; x_wconf 75' lang='grc' dir='ltr'>τὴν</span> <span class='ocrx_word' id='word_1_251' title='bbox 735 3411 793 3461; x_wconf 82' lang='grc' dir='ltr'>ὲν</span> <span class='ocrx_word' id='word_1_252' title='bbox 843 3408 920 3480; x_wconf 80' lang='grc' dir='ltr'>τῷ</span> <span class='ocrx_word' id='word_1_253' title='bbox 967 3409 1078 3480; x_wconf 80' lang='grc' dir='ltr'>ναῷ</span> <span class='ocrx_word' id='word_1_254' title='bbox 1119 3410 1213 3463; x_wconf 87' lang='grc' dir='ltr'><strong>τοῦ</strong></span> <span class='ocrx_word' id='word_1_255' title='bbox 1260 3409 1394 3463; x_wconf 78' lang='grc' dir='ltr'>Θεοῦ</span> <span class='ocrx_word' id='word_1_256' title='bbox 1447 3409 1634 3464; x_wconf 71' lang='grc' dir='ltr'>ἄνοδον</span> 
     </span>
    </p>
   </div>
   <div class='ocr_carea' id='block_1_36' title="bbox 81 3497 1636 3577">
    <p class='ocr_par' dir='ltr' id='par_1_36' title="bbox 81 3497 1636 3577">
     <span class='ocr_line' id='line_1_36' title="bbox 81 3497 1636 3577; baseline 0.005 -26"><span class='ocrx_word' id='word_1_257' title='bbox 81 3497 162 3568; x_wconf 82' lang='grc' dir='ltr'>τῆς</span> <span class='ocrx_word' id='word_1_258' title='bbox 208 3500 376 3566; x_wconf 80' lang='grc' dir='ltr'>ἕλικος</span> <span class='ocrx_word' id='word_1_259' title='bbox 415 3503 682 3557; x_wconf 85' lang='grc' dir='ltr'>ἀναϐάσει</span> <span class='ocrx_word' id='word_1_260' title='bbox 716 3503 807 3556; x_wconf 79' lang='grc' dir='ltr'>τὸν</span> <span class='ocrx_word' id='word_1_261' title='bbox 843 3505 1114 3558; x_wconf 83' lang='grc' dir='ltr'>ίσαίτατον</span> <span class='ocrx_word' id='word_1_262' title='bbox 1139 3506 1336 3560; x_wconf 87' lang='grc' dir='ltr'>κύκλον</span> <span class='ocrx_word' id='word_1_263' title='bbox 1369 3507 1636 3577; x_wconf 82' lang='grc' dir='ltr'>μιμουμέ-</span> 
     </span>
    </p>
   </div>
   <div class='ocr_carea' id='block_1_37' title="bbox 81 3590 1632 3671">
    <p class='ocr_par' dir='ltr' id='par_1_37' title="bbox 81 3590 1632 3671">
     <span class='ocr_line' id='line_1_37' title="bbox 81 3590 1632 3671; baseline 0.005 -28"><span class='ocrx_word' id='word_1_264' title='bbox 81 3607 180 3660; x_wconf 78' lang='grc' dir='ltr'>νης.</span> <span class='ocrx_word' id='word_1_265' title='bbox 207 3594 313 3662; x_wconf 73' lang='grc' dir='ltr'>Ἵνα</span> <span class='ocrx_word' id='word_1_266' title='bbox 343 3595 398 3648; x_wconf 76' lang='grc' dir='ltr'>δὲ</span> <span class='ocrx_word' id='word_1_267' title='bbox 439 3590 595 3659; x_wconf 76' lang='grc' dir='ltr'>οὗτος</span> <span class='ocrx_word' id='word_1_268' title='bbox 642 3598 670 3650; x_wconf 85' lang='grc' dir='ltr'><strong>ὁ</strong></span> <span class='ocrx_word' id='word_1_269' title='bbox 707 3593 853 3662; x_wconf 79' lang='grc' dir='ltr'>οἶκος</span> <span class='ocrx_word' id='word_1_270' title='bbox 884 3597 1096 3668; x_wconf 80' lang='grc' dir='ltr'>βέϐαιος</span> <span class='ocrx_word' id='word_1_271' title='bbox 1125 3593 1182 3671; x_wconf 82' lang='grc' dir='ltr'>ᾖ,</span> <span class='ocrx_word' id='word_1_272' title='bbox 1215 3598 1290 3660; x_wconf 83' lang='grc' dir='ltr'>ὡς</span> <span class='ocrx_word' id='word_1_273' title='bbox 1333 3597 1413 3651; x_wconf 76' lang='grc' dir='ltr'>ἔνι</span> <span class='ocrx_word' id='word_1_274' title='bbox 1447 3598 1632 3651; x_wconf 87' lang='grc' dir='ltr'>κάλλι-</span> 
     </span>
    </p>
   </div>
   <div class='ocr_carea' id='block_1_38' title="bbox 83 3682 1632 3760">
    <p class='ocr_par' dir='ltr' id='par_1_38' title="bbox 83 3682 1632 3760">
     <span class='ocr_line' id='line_1_38' title="bbox 83 3682 1632 3760; baseline 0.006 -27"><span class='ocrx_word' id='word_1_275' title='bbox 83 3697 167 3734; x_wconf 80' lang='grc' dir='ltr'><strong>στα</strong></span> <span class='ocrx_word' id='word_1_276' title='bbox 196 3682 317 3752; x_wconf 78' lang='grc'>(51),</span> <span class='ocrx_word' id='word_1_277' title='bbox 350 3685 760 3756; x_wconf 81' lang='grc' dir='ltr'>οίκοδομοῦνται</span> <span class='ocrx_word' id='word_1_278' title='bbox 803 3687 993 3758; x_wconf 75' lang='grc' dir='ltr'>δεσμοὶ</span> <span class='ocrx_word' id='word_1_279' title='bbox 1041 3687 1153 3759; x_wconf 70' lang='grc'>(52)</span> <span class='ocrx_word' id='word_1_280' title='bbox 1199 3688 1349 3760; x_wconf 85' lang='grc' dir='ltr'><strong>αύτῷ</strong></span> <span class='ocrx_word' id='word_1_281' title='bbox 1396 3686 1464 3744; x_wconf 83' lang='grc' dir='ltr'><strong>δι’</strong></span> <span class='ocrx_word' id='word_1_282' title='bbox 1510 3689 1632 3743; x_wconf 82' lang='grc' dir='ltr'>ὅλου</span> 
     </span>
    </p>
   </div>
   <div class='ocr_carea' id='block_1_39' title="bbox 81 3777 1633 3852">
    <p class='ocr_par' dir='ltr' id='par_1_39' title="bbox 81 3777 1633 3852">
     <span class='ocr_line' id='line_1_39' title="bbox 81 3777 1633 3852; baseline 0.005 -26"><span class='ocrx_word' id='word_1_283' title='bbox 81 3777 208 3828; x_wconf 62' lang='grc' dir='ltr'>οἴκου</span> <span class='ocrx_word' id='word_1_284' title='bbox 233 3777 384 3831; x_wconf 87' lang='grc' dir='ltr'>πέντε</span> <span class='ocrx_word' id='word_1_285' title='bbox 413 3779 470 3832; x_wconf 84' lang='grc' dir='ltr'>ὲν</span> <span class='ocrx_word' id='word_1_286' title='bbox 505 3781 674 3850; x_wconf 73' lang='grc' dir='ltr'>πήχει</span> <span class='ocrx_word' id='word_1_287' title='bbox 702 3779 763 3834; x_wconf 82' lang='grc' dir='ltr'>τὸ</span> <span class='ocrx_word' id='word_1_288' title='bbox 791 3779 943 3849; x_wconf 70' lang='grc' dir='ltr'>ὕψος,</span> <span class='ocrx_word' id='word_1_289' title='bbox 983 3781 1069 3834; x_wconf 83' lang='grc' dir='ltr'>ἵνα</span> <span class='ocrx_word' id='word_1_290' title='bbox 1094 3781 1126 3851; x_wconf 85' lang='grc' dir='ltr'>ἡ</span> <span class='ocrx_word' id='word_1_291' title='bbox 1151 3780 1258 3833; x_wconf 85' lang='grc' dir='ltr'><strong>ἀπὸ</strong></span> <span class='ocrx_word' id='word_1_292' title='bbox 1293 3780 1402 3833; x_wconf 83' lang='grc' dir='ltr'>τῶν</span> <span class='ocrx_word' id='word_1_293' title='bbox 1438 3780 1633 3852; x_wconf 79' lang='grc' dir='ltr'>αἰσθη-</span> 
     </span>
    </p>
   </div>
   <div class='ocr_carea' id='block_1_40' title="bbox 81 3866 1635 3944">
    <p class='ocr_par' dir='ltr' id='par_1_40' title="bbox 81 3866 1635 3944">
     <span class='ocr_line' id='line_1_40' title="bbox 81 3866 1635 3944; baseline 0.014 -27"><span class='ocrx_word' id='word_1_294' title='bbox 81 3866 172 3920; x_wconf 84' lang='grc' dir='ltr'>τῶν</span> <span class='ocrx_word' id='word_1_295' title='bbox 195 3869 280 3922; x_wconf 73' lang='grc' dir='ltr'><strong>ἐπὶ</strong></span> <span class='ocrx_word' id='word_1_296' title='bbox 299 3870 396 3934; x_wconf 77' lang='grc' dir='ltr'>τὰς</span> <span class='ocrx_word' id='word_1_297' title='bbox 424 3871 772 3942; x_wconf 82' lang='grc' dir='ltr'>καλουμένας</span> <span class='ocrx_word' id='word_1_298' title='bbox 812 3872 961 3936; x_wconf 87' lang='grc' dir='ltr'>θείας</span> <span class='ocrx_word' id='word_1_299' title='bbox 1003 3871 1286 3944; x_wconf 75' lang='grc' dir='ltr'>αἰσθήσεις</span> <span class='ocrx_word' id='word_1_300' title='bbox 1325 3873 1508 3936; x_wconf 79' lang='grc' dir='ltr'>ἄνοδος</span> <span class='ocrx_word' id='word_1_301' title='bbox 1542 3873 1635 3944; x_wconf 85' lang='grc' dir='ltr'><strong>δη-</strong></span> 
     </span>
    </p>
   </div>
   <div class='ocr_carea' id='block_1_41' title="bbox 83 3957 1636 4038">
    <p class='ocr_par' dir='ltr' id='par_1_41' title="bbox 83 3957 1636 4038">
     <span class='ocr_line' id='line_1_41' title="bbox 83 3957 1636 4038; baseline 0.006 -28"><span class='ocrx_word' id='word_1_302' title='bbox 83 3957 203 4030; x_wconf 79' lang='grc' dir='ltr'>λωθῇ</span> <span class='ocrx_word' id='word_1_303' title='bbox 229 3963 282 4013; x_wconf 85' lang='grc' dir='ltr'>ὲν</span> <span class='ocrx_word' id='word_1_304' title='bbox 305 3960 427 4032; x_wconf 69' lang='grc' dir='ltr'>ὕψει</span> <span class='ocrx_word' id='word_1_305' title='bbox 453 3963 819 4032; x_wconf 85' lang='grc' dir='ltr'>τυγχάνουσα,</span> <span class='ocrx_word' id='word_1_306' title='bbox 854 3964 987 4035; x_wconf 77' lang='grc' dir='ltr'>πρὸς</span> <span class='ocrx_word' id='word_1_307' title='bbox 1024 3965 1349 4034; x_wconf 84' lang='grc' dir='ltr'>κατανόησιν</span> <span class='ocrx_word' id='word_1_308' title='bbox 1375 3965 1482 4019; x_wconf 74' lang='grc' dir='ltr'><strong>τῶν</strong></span> <span class='ocrx_word' id='word_1_309' title='bbox 1517 3983 1636 4038; x_wconf 78' lang='grc' dir='ltr'>νοη-</span> 
     </span>
    </p>
   </div>
   <div class='ocr_carea' id='block_1_42' title="bbox 82 4049 1635 4125">
    <p class='ocr_par' dir='ltr' id='par_1_42' title="bbox 82 4049 1635 4125">
     <span class='ocr_line' id='line_1_42' title="bbox 82 4049 1635 4125; baseline 0.006 -25"><span class='ocrx_word' id='word_1_310' title='bbox 82 4049 188 4102; x_wconf 82' lang='grc' dir='ltr'>τῶν.</span> <span class='ocrx_word' id='word_1_311' title='bbox 209 4051 649 4125; x_wconf 83' lang='grc' dir='ltr'>Μακαριωτέρων</span> <span class='ocrx_word' id='word_1_312' title='bbox 684 4053 741 4106; x_wconf 85' lang='grc' dir='ltr'>δὲ</span> <span class='ocrx_word' id='word_1_313' title='bbox 770 4053 933 4107; x_wconf 88' lang='grc' dir='ltr'>λίθων</span> <span class='ocrx_word' id='word_1_314' title='bbox 983 4056 1180 4125; x_wconf 87' lang='grc' dir='ltr'>χωρίον</span> <span class='ocrx_word' id='word_1_315' title='bbox 1205 4055 1380 4109; x_wconf 76' lang='grc' dir='ltr'>ἔοικεν</span> <span class='ocrx_word' id='word_1_316' title='bbox 1412 4052 1549 4111; x_wconf 84' lang='grc' dir='ltr'>εἶναι</span> <span class='ocrx_word' id='word_1_317' title='bbox 1573 4058 1635 4112; x_wconf 82' lang='grc' dir='ltr'>τὸ</span> 
     </span>
    </p>
   </div>
   <div class='ocr_carea' id='block_1_43' title="bbox 85 4145 1635 4225">
    <p class='ocr_par' dir='ltr' id='par_1_43' title="bbox 85 4145 1635 4225">
     <span class='ocr_line' id='line_1_43' title="bbox 85 4145 1635 4225; baseline 0.007 -31"><span class='ocrx_word' id='word_1_318' title='bbox 85 4145 379 4216; x_wconf 69' lang='grc' dir='ltr'>καλούμενον</span> <span class='ocrx_word' id='word_1_319' title='bbox 437 4149 676 4220; x_wconf 70' lang='grc' dir='ltr'>Δαϐεὶρ,</span> <span class='ocrx_word' id='word_1_320' title='bbox 716 4148 842 4202; x_wconf 78' lang='grc' dir='ltr'>ἔνθα</span> <span class='ocrx_word' id='word_1_321' title='bbox 879 4151 911 4220; x_wconf 85' lang='grc' dir='ltr'><strong>ἡ</strong></span> <span class='ocrx_word' id='word_1_322' title='bbox 953 4149 1183 4214; x_wconf 83' lang='grc' dir='ltr'>κιϐωτὸς</span> <span class='ocrx_word' id='word_1_323' title='bbox 1221 4152 1318 4223; x_wconf 71' lang='grc' dir='ltr'>τῆς</span> <span class='ocrx_word' id='word_1_324' title='bbox 1359 4151 1635 4225; x_wconf 78' lang='grc' dir='ltr'>Διαθήκης</span> 
     </span>
    </p>
   </div>
   <div class='ocr_carea' id='block_1_44' title="bbox 81 4235 1635 4314">
    <p class='ocr_par' dir='ltr' id='par_1_44' title="bbox 81 4235 1635 4314">
     <span class='ocr_line' id='line_1_44' title="bbox 81 4235 1635 4314; baseline 0.006 -27"><span class='ocrx_word' id='word_1_325' title='bbox 81 4235 158 4288; x_wconf 62' lang='grc' dir='ltr'><strong>τοῦ</strong></span> <span class='ocrx_word' id='word_1_326' title='bbox 179 4239 364 4310; x_wconf 82' lang='grc' dir='ltr'>Κυρίου</span> <span class='ocrx_word' id='word_1_327' title='bbox 385 4235 473 4311; x_wconf 77' lang='grc' dir='ltr'>ἦν,</span> <span class='ocrx_word' id='word_1_328' title='bbox 507 4240 574 4293; x_wconf 82' lang='grc' dir='ltr'><strong>ἵν’</strong></span> <span class='ocrx_word' id='word_1_329' title='bbox 597 4238 771 4303; x_wconf 77' lang='grc' dir='ltr'>οὕτως</span> <span class='ocrx_word' id='word_1_330' title='bbox 805 4240 964 4304; x_wconf 75' lang='grc' dir='ltr'>εἴπω,</span> <span class='ocrx_word' id='word_1_331' title='bbox 995 4244 1055 4295; x_wconf 86' lang='grc' dir='ltr'>τὸ</span> <span class='ocrx_word' id='word_1_332' title='bbox 1085 4243 1445 4314; x_wconf 81' lang='grc' dir='ltr'>χειρόγραφον</span> <span class='ocrx_word' id='word_1_333' title='bbox 1477 4243 1635 4312; x_wconf 81' lang='grc' dir='ltr'>ἐτύγ-</span> 
     </span>
    </p>
   </div>
   <div class='ocr_carea' id='block_1_45' title="bbox 85 4332 1634 4407">
    <p class='ocr_par' dir='ltr' id='par_1_45' title="bbox 85 4332 1634 4407">
     <span class='ocr_line' id='line_1_45' title="bbox 85 4332 1634 4407; baseline 0.006 -27"><span class='ocrx_word' id='word_1_334' title='bbox 85 4346 192 4396; x_wconf 84' lang='grc' dir='ltr'>χανε</span> <span class='ocrx_word' id='word_1_335' title='bbox 232 4332 320 4385; x_wconf 86' lang='grc' dir='ltr'><strong>τοῦ</strong></span> <span class='ocrx_word' id='word_1_336' title='bbox 358 4333 517 4399; x_wconf 85' lang='grc' dir='ltr'>Θεοῦ,</span> <span class='ocrx_word' id='word_1_337' title='bbox 553 4337 614 4388; x_wconf 88' lang='grc' dir='ltr'>αἱ</span> <span class='ocrx_word' id='word_1_338' title='bbox 657 4335 864 4398; x_wconf 84' lang='grc' dir='ltr'>πλάκες</span> <span class='ocrx_word' id='word_1_339' title='bbox 887 4335 1264 4406; x_wconf 86' lang='grc' dir='ltr'>γεγραμμέναι</span> <span class='ocrx_word' id='word_1_340' title='bbox 1285 4334 1365 4405; x_wconf 83' lang='grc' dir='ltr'>τῷ</span> <span class='ocrx_word' id='word_1_341' title='bbox 1389 4335 1634 4407; x_wconf 86' lang='grc' dir='ltr'>δακτύλῳ</span> 
     </span>
    </p>
   </div>
   <div class='ocr_carea' id='block_1_46' title="bbox 85 4421 1631 4502">
    <p class='ocr_par' dir='ltr' id='par_1_46' title="bbox 85 4421 1631 4502">
     <span class='ocr_line' id='line_1_46' title="bbox 85 4421 1631 4502; baseline 0.006 -30"><span class='ocrx_word' id='word_1_342' title='bbox 85 4421 245 4477; x_wconf 74' lang='grc' dir='ltr'>αὐτοῦ.</span> <span class='ocrx_word' id='word_1_343' title='bbox 279 4425 334 4478; x_wconf 90' lang='lat'><strong>&#39;0</strong></span> <span class='ocrx_word' id='word_1_344' title='bbox 373 4426 430 4480; x_wconf 84' lang='grc' dir='ltr'>δὲ</span> <span class='ocrx_word' id='word_1_345' title='bbox 489 4423 639 4492; x_wconf 78' lang='grc' dir='ltr'>οἶκος</span> <span class='ocrx_word' id='word_1_346' title='bbox 679 4427 798 4490; x_wconf 80' lang='grc' dir='ltr'>ὅλος</span> <span class='ocrx_word' id='word_1_347' title='bbox 849 4427 1175 4499; x_wconf 86' lang='grc' dir='ltr'>χρυσοῦται·</span> <span class='ocrx_word' id='word_1_348' title='bbox 1223 4446 1242 4480; x_wconf 80' lang='grc' dir='ltr'><strong>ι</strong></span> <span class='ocrx_word' id='word_1_349' title='bbox 1296 4428 1453 4483; x_wconf 89' lang='grc' dir='ltr'>Ὅλον</span> <span class='ocrx_word' id='word_1_350' title='bbox 1503 4427 1631 4502; x_wconf 86' lang='grc' dir='ltr'>γὰρ,</span> 
     </span>
    </p>
   </div>
   <div class='ocr_carea' id='block_1_47' title="bbox 1736 551 3317 622">
    <p class='ocr_par' dir='ltr' id='par_1_47' title="bbox 1736 551 3317 622">
     <span class='ocr_line' id='line_1_47' title="bbox 1736 551 3317 622; baseline 0.002 -15"><span class='ocrx_word' id='word_1_351' title='bbox 1736 551 1903 607; x_wconf 86' lang='lat' dir='ltr'><strong>etiam</strong></span> <span class='ocrx_word' id='word_1_352' title='bbox 1935 551 1988 606; x_wconf 91' lang='lat' dir='ltr'><strong>in</strong></span> <span class='ocrx_word' id='word_1_353' title='bbox 2019 560 2214 622; x_wconf 86' lang='lat' dir='ltr'><strong>quarto</strong></span> <span class='ocrx_word' id='word_1_354' title='bbox 2245 563 2410 618; x_wconf 87' lang='lat' dir='ltr'><strong>anno,</strong></span> <span class='ocrx_word' id='word_1_355' title='bbox 2438 551 2692 608; x_wconf 78' lang='lat' dir='ltr'><strong>sedentes</strong></span> <span class='ocrx_word' id='word_1_356' title='bbox 2730 553 2796 608; x_wconf 88' lang='lat' dir='ltr'><strong>ad</strong></span> <span class='ocrx_word' id='word_1_357' title='bbox 2820 552 3190 611; x_wconf 78' lang='lat' dir='ltr'><strong>fundationem</strong></span> <span class='ocrx_word' id='word_1_358' title='bbox 3222 558 3317 610; x_wconf 85' lang='lat' dir='ltr'><strong>do-</strong></span> 
     </span>
    </p>
   </div>
   <div class='ocr_carea' id='block_1_48' title="bbox 1735 640 3316 701">
    <p class='ocr_par' dir='ltr' id='par_1_48' title="bbox 1735 640 3316 701">
     <span class='ocr_line' id='line_1_48' title="bbox 1735 640 3316 701; baseline 0.002 -5"><span class='ocrx_word' id='word_1_359' title='bbox 1735 654 1858 696; x_wconf 88' lang='lat' dir='ltr'><strong>mus</strong></span> <span class='ocrx_word' id='word_1_360' title='bbox 1913 640 2030 696; x_wconf 86' lang='lat' dir='ltr'><strong>Dei.</strong></span> <span class='ocrx_word' id='word_1_361' title='bbox 2085 640 2354 697; x_wconf 74' lang='lat' dir='ltr'><strong>Caeterum</strong></span> <span class='ocrx_word' id='word_1_362' title='bbox 2409 642 2693 698; x_wconf 87' lang='lat' dir='ltr'><strong>octonario</strong></span> <span class='ocrx_word' id='word_1_363' title='bbox 2749 656 2979 700; x_wconf 90' lang='lat' dir='ltr'><strong>numero</strong></span> <span class='ocrx_word' id='word_1_364' title='bbox 3047 660 3316 701; x_wconf 86' lang='lat' dir='ltr'><strong>annorum</strong></span> 
     </span>
    </p>
   </div>
   <div class='ocr_carea' id='block_1_49' title="bbox 1733 730 3317 803">
    <p class='ocr_par' dir='ltr' id='par_1_49' title="bbox 1733 730 3317 803">
     <span class='ocr_line' id='line_1_49' title="bbox 1733 730 3317 803; baseline 0.004 -17"><span class='ocrx_word' id='word_1_365' title='bbox 1733 730 2038 803; x_wconf 70' lang='lat' dir='ltr'><strong>completur</strong></span> <span class='ocrx_word' id='word_1_366' title='bbox 2061 731 2277 800; x_wconf 89' lang='lat' dir='ltr'><strong>domus,</strong></span> <span class='ocrx_word' id='word_1_367' title='bbox 2307 742 2504 789; x_wconf 89' lang='lat' dir='ltr'><strong>octavo</strong></span> <span class='ocrx_word' id='word_1_368' title='bbox 2541 746 2726 790; x_wconf 81' lang='lat' dir='ltr'><strong>mense</strong></span> <span class='ocrx_word' id='word_1_369' title='bbox 2762 735 2939 790; x_wconf 78' lang='lat' dir='ltr'><strong>octavi</strong></span> <span class='ocrx_word' id='word_1_370' title='bbox 2971 736 3096 791; x_wconf 88' lang='lat' dir='ltr'><strong>anni</strong></span> <span class='ocrx_word' id='word_1_371' title='bbox 3129 751 3161 791; x_wconf 87' lang='lat' dir='ltr'><strong>a</strong></span> <span class='ocrx_word' id='word_1_372' title='bbox 3193 737 3317 792; x_wconf 75' lang='lat' dir='ltr'><strong>fun~</strong></span> 
     </span>
    </p>
   </div>
   <div class='ocr_carea' id='block_1_50' title="bbox 1737 822 2055 879">
    <p class='ocr_par' dir='ltr' id='par_1_50' title="bbox 1737 822 2055 879">
     <span class='ocr_line' id='line_1_50' title="bbox 1737 822 2055 879; baseline -0.006 -1"><span class='ocrx_word' id='word_1_373' title='bbox 1737 822 1958 879; x_wconf 89' lang='lat' dir='ltr'><strong>datione</strong></span> <span class='ocrx_word' id='word_1_374' title='bbox 1986 822 2055 876; x_wconf 78' lang='grc'><strong>⁷⁸.</strong></span> 
     </span>
    </p>
   </div>
   <div class='ocr_carea' id='block_1_51' title="bbox 1801 911 3316 990">
    <p class='ocr_par' dir='ltr' id='par_1_51' title="bbox 1801 911 3316 990">
     <span class='ocr_line' id='line_1_51' title="bbox 1801 911 3316 990; baseline 0.003 -20"><span class='ocrx_word' id='word_1_375' title='bbox 1801 915 1894 970; x_wconf 69' lang='grc'><strong>24.</strong></span> <span class='ocrx_word' id='word_1_376' title='bbox 1926 914 2070 971; x_wconf 72' lang='lat' dir='ltr'><strong>Nihil</strong></span> <span class='ocrx_word' id='word_1_377' title='bbox 2109 923 2288 971; x_wconf 85' lang='lat' dir='ltr'><strong>autem</strong></span> <span class='ocrx_word' id='word_1_378' title='bbox 2320 911 2538 971; x_wconf 82' lang='lat' dir='ltr'><strong>abstirdi</strong></span> <span class='ocrx_word' id='word_1_379' title='bbox 2573 916 2678 973; x_wconf 89' lang='lat' dir='ltr'><strong>erit</strong></span> <span class='ocrx_word' id='word_1_380' title='bbox 2702 917 3141 975; x_wconf 78' lang='lat' dir='ltr'><strong>existimantibus</strong></span> <span class='ocrx_word' id='word_1_381' title='bbox 3175 934 3316 990; x_wconf 71' lang='lat' dir='ltr'><strong>prm-</strong></span> 
     </span>
    </p>
   </div>
   <div class='ocr_carea' id='block_1_52' title="bbox 1733 1002 3314 1075">
    <p class='ocr_par' dir='ltr' id='par_1_52' title="bbox 1733 1002 3314 1075">
     <span class='ocr_line' id='line_1_52' title="bbox 1733 1002 3314 1075; baseline 0.001 -14"><span class='ocrx_word' id='word_1_382' title='bbox 1733 1015 1819 1062; x_wconf 90' lang='lat' dir='ltr'><strong>ter</strong></span> <span class='ocrx_word' id='word_1_383' title='bbox 1842 1002 2124 1061; x_wconf 79' lang='lat' dir='ltr'><strong>historiam</strong></span> <span class='ocrx_word' id='word_1_384' title='bbox 2172 1005 2436 1061; x_wconf 85' lang='lat' dir='ltr'><strong>declarari</strong></span> <span class='ocrx_word' id='word_1_385' title='bbox 2472 1019 2569 1075; x_wconf 89' lang='lat' dir='ltr'><strong>per</strong></span> <span class='ocrx_word' id='word_1_386' title='bbox 2597 1008 2710 1062; x_wconf 69' lang='lat' dir='ltr'><strong>haec</strong></span> <span class='ocrx_word' id='word_1_387' title='bbox 2739 1008 2886 1062; x_wconf 84' lang='lat' dir='ltr'><strong>aliud</strong></span> <span class='ocrx_word' id='word_1_388' title='bbox 2929 1007 3084 1074; x_wconf 81' lang='lat' dir='ltr'><strong>nihil,</strong></span> <span class='ocrx_word' id='word_1_389' title='bbox 3113 1009 3165 1062; x_wconf 91' lang='lat' dir='ltr'><strong>in</strong></span> <span class='ocrx_word' id='word_1_390' title='bbox 3198 1022 3314 1063; x_wconf 90' lang='lat' dir='ltr'><strong>me-</strong></span> 
     </span>
    </p>
   </div>
   <div class='ocr_carea' id='block_1_53' title="bbox 1733 1095 3315 1172">
    <p class='ocr_par' dir='ltr' id='par_1_53' title="bbox 1733 1095 3315 1172">
     <span class='ocr_line' id='line_1_53' title="bbox 1733 1095 3315 1172; baseline 0.001 -18"><span class='ocrx_word' id='word_1_391' title='bbox 1733 1099 1824 1154; x_wconf 89' lang='lat' dir='ltr'><strong>dio</strong></span> <span class='ocrx_word' id='word_1_392' title='bbox 1851 1115 2102 1155; x_wconf 87' lang='lat' dir='ltr'><strong>sermone</strong></span> <span class='ocrx_word' id='word_1_393' title='bbox 2132 1100 2294 1155; x_wconf 86' lang='lat' dir='ltr'><strong>verba</strong></span> <span class='ocrx_word' id='word_1_394' title='bbox 2329 1095 2606 1164; x_wconf 84' lang='lat' dir='ltr'><strong>adhibere,</strong></span> <span class='ocrx_word' id='word_1_395' title='bbox 2629 1101 2828 1170; x_wconf 80' lang='lat' dir='ltr'><strong>quibus</strong></span> <span class='ocrx_word' id='word_1_396' title='bbox 2858 1104 3062 1170; x_wconf 90' lang='lat' dir='ltr'><strong>pudore</strong></span> <span class='ocrx_word' id='word_1_397' title='bbox 3096 1100 3315 1172; x_wconf 78' lang='lat' dir='ltr'><strong>perfun-</strong></span> 
     </span>
    </p>
   </div>
   <div class='ocr_carea' id='block_1_54' title="bbox 1734 1190 3315 1262">
    <p class='ocr_par' dir='ltr' id='par_1_54' title="bbox 1734 1190 3315 1262">
     <span class='ocr_line' id='line_1_54' title="bbox 1734 1190 3315 1262; baseline 0.001 -16"><span class='ocrx_word' id='word_1_398' title='bbox 1734 1191 1947 1255; x_wconf 84' lang='lat' dir='ltr'><strong>dantur,</strong></span> <span class='ocrx_word' id='word_1_399' title='bbox 1971 1201 2025 1247; x_wconf 91' lang='lat' dir='ltr'><strong>et</strong></span> <span class='ocrx_word' id='word_1_400' title='bbox 2053 1190 2340 1246; x_wconf 80' lang='lat' dir='ltr'><strong>ﬂectantur</strong></span> <span class='ocrx_word' id='word_1_401' title='bbox 2377 1192 2444 1245; x_wconf 92' lang='lat' dir='ltr'><strong>ad</strong></span> <span class='ocrx_word' id='word_1_402' title='bbox 2471 1194 2820 1262; x_wconf 61' lang='lat' dir='ltr'><strong>quaerendum</strong></span> <span class='ocrx_word' id='word_1_403' title='bbox 2866 1196 2918 1248; x_wconf 85' lang='lat' dir='ltr'><strong>in</strong></span> <span class='ocrx_word' id='word_1_404' title='bbox 2953 1195 3057 1259; x_wconf 88' lang='lat' dir='ltr'><strong>his,</strong></span> <span class='ocrx_word' id='word_1_405' title='bbox 3094 1207 3192 1248; x_wconf 86' lang='lat' dir='ltr'><strong>ceu</strong></span> <span class='ocrx_word' id='word_1_406' title='bbox 3225 1194 3315 1248; x_wconf 86' lang='lat' dir='ltr'><strong>lit-</strong></span> 
     </span>
    </p>
   </div>
   <div class='ocr_carea' id='block_1_55' title="bbox 1735 1277 3314 1356">
    <p class='ocr_par' dir='ltr' id='par_1_55' title="bbox 1735 1277 3314 1356">
     <span class='ocr_line' id='line_1_55' title="bbox 1735 1277 3314 1356; baseline -0.001 -17"><span class='ocrx_word' id='word_1_407' title='bbox 1735 1286 1864 1339; x_wconf 84' lang='lat' dir='ltr'><strong>teris</strong></span> <span class='ocrx_word' id='word_1_408' title='bbox 1906 1283 2177 1353; x_wconf 87' lang='lat' dir='ltr'><strong>Spiritus,</strong></span> <span class='ocrx_word' id='word_1_409' title='bbox 2223 1296 2441 1340; x_wconf 85' lang='lat' dir='ltr'><strong>sensum</strong></span> <span class='ocrx_word' id='word_1_410' title='bbox 2497 1277 2705 1354; x_wconf 81' lang='lat' dir='ltr'><strong>Spiritn</strong></span> <span class='ocrx_word' id='word_1_411' title='bbox 2748 1285 2990 1356; x_wconf 84' lang='lat' dir='ltr'><strong>dignum.</strong></span> <span class='ocrx_word' id='word_1_412' title='bbox 3017 1291 3096 1339; x_wconf 84' lang='lat' dir='ltr'><strong>An</strong></span> <span class='ocrx_word' id='word_1_413' title='bbox 3129 1301 3314 1355; x_wconf 81' lang='lat' dir='ltr'><strong>regum</strong></span> 
     </span>
    </p>
   </div>
   <div class='ocr_carea' id='block_1_56' title="bbox 1735 1375 3313 1448">
    <p class='ocr_par' dir='ltr' id='par_1_56' title="bbox 1735 1375 3313 1448">
     <span class='ocr_line' id='line_1_56' title="bbox 1735 1375 3313 1448; baseline 0.001 -19"><span class='ocrx_word' id='word_1_414' title='bbox 1735 1375 1826 1429; x_wconf 79' lang='lat' dir='ltr'><strong>lilii</strong></span> <span class='ocrx_word' id='word_1_415' title='bbox 1864 1377 2130 1432; x_wconf 80' lang='lat' dir='ltr'><strong>vacabant</strong></span> <span class='ocrx_word' id='word_1_416' title='bbox 2181 1377 2468 1446; x_wconf 86' lang='lat' dir='ltr'><strong>scalptioni</strong></span> <span class='ocrx_word' id='word_1_417' title='bbox 2520 1379 2809 1448; x_wconf 80' lang='lat' dir='ltr'><strong>grandiutn</strong></span> <span class='ocrx_word' id='word_1_418' title='bbox 2851 1387 2907 1431; x_wconf 88' lang='lat' dir='ltr'><strong>et</strong></span> <span class='ocrx_word' id='word_1_419' title='bbox 2955 1378 3313 1446; x_wconf 72' lang='lat' dir='ltr'><strong>pretioSorum</strong></span> 
     </span>
    </p>
   </div>
   <div class='ocr_carea' id='block_1_57' title="bbox 1734 1467 3313 1539">
    <p class='ocr_par' dir='ltr' id='par_1_57' title="bbox 1734 1467 3313 1539">
     <span class='ocr_line' id='line_1_57' title="bbox 1734 1467 3313 1539; baseline 0.001 -18"><span class='ocrx_word' id='word_1_420' title='bbox 1734 1467 1999 1538; x_wconf 83' lang='lat' dir='ltr'><strong>lapidum,</strong></span> <span class='ocrx_word' id='word_1_421' title='bbox 2032 1478 2244 1538; x_wconf 85' lang='lat' dir='ltr'><strong>sumpta</strong></span> <span class='ocrx_word' id='word_1_422' title='bbox 2270 1479 2388 1524; x_wconf 83' lang='lat' dir='ltr'><strong>arte</strong></span> <span class='ocrx_word' id='word_1_423' title='bbox 2419 1484 2450 1524; x_wconf 81' lang='lat' dir='ltr'><strong>tt</strong></span> <span class='ocrx_word' id='word_1_424' title='bbox 2481 1471 2629 1538; x_wconf 82' lang='lat' dir='ltr'><strong>regia</strong></span> <span class='ocrx_word' id='word_1_425' title='bbox 2659 1470 3025 1539; x_wconf 83' lang='lat' dir='ltr'><strong>generositate</strong></span> <span class='ocrx_word' id='word_1_426' title='bbox 3045 1476 3099 1524; x_wconf 82' lang='lat' dir='ltr'><strong>et</strong></span> <span class='ocrx_word' id='word_1_427' title='bbox 3122 1467 3313 1524; x_wconf 84' lang='lat' dir='ltr'><strong>nobili-</strong></span> 
     </span>
    </p>
   </div>
   <div class='ocr_carea' id='block_1_58' title="bbox 1735 1556 3318 1630">
    <p class='ocr_par' dir='ltr' id='par_1_58' title="bbox 1735 1556 3318 1630">
     <span class='ocr_line' id='line_1_58' title="bbox 1735 1556 3318 1630; baseline 0.004 -20"><span class='ocrx_word' id='word_1_428' title='bbox 1735 1567 1846 1613; x_wconf 80' lang='lat' dir='ltr'><strong>tate</strong></span> <span class='ocrx_word' id='word_1_429' title='bbox 1896 1556 2128 1613; x_wconf 81' lang='lat' dir='ltr'><strong>aliena?</strong></span> <span class='ocrx_word' id='word_1_430' title='bbox 2178 1562 2260 1613; x_wconf 86' lang='lat' dir='ltr'><strong>An</strong></span> <span class='ocrx_word' id='word_1_431' title='bbox 2318 1561 2481 1614; x_wconf 82' lang='lat' dir='ltr'><strong>etiam</strong></span> <span class='ocrx_word' id='word_1_432' title='bbox 2540 1577 2799 1616; x_wconf 85' lang='lat' dir='ltr'><strong>numerus</strong></span> <span class='ocrx_word' id='word_1_433' title='bbox 2853 1559 3014 1630; x_wconf 78' lang='lat'><strong>205</strong></span> <span class='ocrx_word' id='word_1_434' title='bbox 3074 1560 3318 1616; x_wconf 77' lang='lat' dir='ltr'><strong>humeris</strong></span> 
     </span>
    </p>
   </div>
   <div class='ocr_carea' id='block_1_59' title="bbox 1732 1653 3312 1724">
    <p class='ocr_par' dir='ltr' id='par_1_59' title="bbox 1732 1653 3312 1724">
     <span class='ocr_line' id='line_1_59' title="bbox 1732 1653 3312 1724; baseline 0.001 -18"><span class='ocrx_word' id='word_1_435' title='bbox 1732 1663 1896 1707; x_wconf 83' lang='lat' dir='ltr'><strong>onera</strong></span> <span class='ocrx_word' id='word_1_436' title='bbox 1925 1653 2284 1724; x_wconf 78' lang='lat' dir='ltr'><strong>gestantium,</strong></span> <span class='ocrx_word' id='word_1_437' title='bbox 2303 1665 2358 1709; x_wconf 90' lang='lat' dir='ltr'><strong>et</strong></span> <span class='ocrx_word' id='word_1_438' title='bbox 2390 1655 2766 1723; x_wconf 83' lang='lat' dir='ltr'><strong>lapicidartnn,</strong></span> <span class='ocrx_word' id='word_1_439' title='bbox 2810 1665 2866 1709; x_wconf 88' lang='lat' dir='ltr'><strong>et</strong></span> <span class='ocrx_word' id='word_1_440' title='bbox 2911 1654 3312 1723; x_wconf 78' lang='lat' dir='ltr'><strong>praefectorum,</strong></span> 
     </span>
    </p>
   </div>
   <div class='ocr_carea' id='block_1_60' title="bbox 1734 1745 3317 1816">
    <p class='ocr_par' dir='ltr' id='par_1_60' title="bbox 1734 1745 3317 1816">
     <span class='ocr_line' id='line_1_60' title="bbox 1734 1745 3317 1816; baseline 0 -19"><span class='ocrx_word' id='word_1_441' title='bbox 1734 1758 1799 1798; x_wconf 91' lang='lat' dir='ltr'><strong>ac</strong></span> <span class='ocrx_word' id='word_1_442' title='bbox 1821 1757 2094 1814; x_wconf 86' lang='lat' dir='ltr'><strong>postremo</strong></span> <span class='ocrx_word' id='word_1_443' title='bbox 2120 1747 2378 1815; x_wconf 86' lang='lat' dir='ltr'><strong>temporis</strong></span> <span class='ocrx_word' id='word_1_444' title='bbox 2409 1747 2823 1816; x_wconf 66' lang='lat' dir='ltr'><strong>praeparationis</strong></span> <span class='ocrx_word' id='word_1_445' title='bbox 2845 1745 3077 1815; x_wconf 83' lang='lat' dir='ltr'><strong>lapidum</strong></span> <span class='ocrx_word' id='word_1_446' title='bbox 3104 1761 3317 1801; x_wconf 79' lang='lat' dir='ltr'><strong>rerum-</strong></span> 
     </span>
    </p>
   </div>
   <div class='ocr_carea' id='block_1_61' title="bbox 1731 1840 3316 1913">
    <p class='ocr_par' dir='ltr' id='par_1_61' title="bbox 1731 1840 3316 1913">
     <span class='ocr_line' id='line_1_61' title="bbox 1731 1840 3316 1913; baseline 0.001 -22"><span class='ocrx_word' id='word_1_447' title='bbox 1731 1855 1837 1910; x_wconf 85' lang='lat' dir='ltr'><strong>qne</strong></span> <span class='ocrx_word' id='word_1_448' title='bbox 1869 1840 2127 1895; x_wconf 88' lang='lat' dir='ltr'><strong>similium</strong></span> <span class='ocrx_word' id='word_1_449' title='bbox 2165 1842 2462 1913; x_wconf 84' lang='lat' dir='ltr'><strong>vulgariter</strong></span> <span class='ocrx_word' id='word_1_450' title='bbox 2489 1840 2787 1912; x_wconf 87' lang='lat' dir='ltr'><strong>inscriptus</strong></span> <span class='ocrx_word' id='word_1_451' title='bbox 2808 1842 2937 1898; x_wconf 86' lang='lat' dir='ltr'><strong>est?</strong></span> <span class='ocrx_word' id='word_1_452' title='bbox 2963 1841 3181 1897; x_wconf 79' lang='lat' dir='ltr'><strong>Scilicet</strong></span> <span class='ocrx_word' id='word_1_453' title='bbox 3207 1841 3316 1894; x_wconf 79' lang='lat' dir='ltr'><strong>Deo</strong></span> 
     </span>
    </p>
   </div>
   <div class='ocr_carea' id='block_1_62' title="bbox 1732 1935 3316 2005">
    <p class='ocr_par' dir='ltr' id='par_1_62' title="bbox 1732 1935 3316 2005">
     <span class='ocr_line' id='line_1_62' title="bbox 1732 1935 3316 2005; baseline 0.001 -17"><span class='ocrx_word' id='word_1_454' title='bbox 1732 1935 1987 1988; x_wconf 63' lang='lat' dir='ltr'><strong>aediﬁcari</strong></span> <span class='ocrx_word' id='word_1_455' title='bbox 2018 1949 2245 1990; x_wconf 85' lang='lat' dir='ltr'><strong>necesse</strong></span> <span class='ocrx_word' id='word_1_456' title='bbox 2269 1945 2388 1990; x_wconf 89' lang='lat' dir='ltr'><strong>erat</strong></span> <span class='ocrx_word' id='word_1_457' title='bbox 2411 1937 2626 1990; x_wconf 86' lang='lat' dir='ltr'><strong>domum</strong></span> <span class='ocrx_word' id='word_1_458' title='bbox 2655 1944 2921 1995; x_wconf 86' lang='lat' dir='ltr'><strong>sanctam.</strong></span> <span class='ocrx_word' id='word_1_459' title='bbox 2947 1951 3066 2005; x_wconf 74' lang='lat' dir='ltr'><strong>quae</strong></span> <span class='ocrx_word' id='word_1_460' title='bbox 3096 1935 3146 1988; x_wconf 92' lang='lat' dir='ltr'><strong>in</strong></span> <span class='ocrx_word' id='word_1_461' title='bbox 3184 1950 3316 2004; x_wconf 72' lang='lat' dir='ltr'><strong>pare</strong></span> 
     </span>
    </p>
   </div>
   <div class='ocr_carea' id='block_1_63' title="bbox 1733 2021 3301 2097">
    <p class='ocr_par' dir='ltr' id='par_1_63' title="bbox 1733 2021 3301 2097">
     <span class='ocr_line' id='line_1_63' title="bbox 1733 2021 3301 2097; baseline 0.006 -23"><span class='ocrx_word' id='word_1_462' title='bbox 1733 2021 2168 2085; x_wconf 82' lang='lat' dir='ltr'><strong>construebatur,</strong></span> <span class='ocrx_word' id='word_1_463' title='bbox 2197 2021 2315 2077; x_wconf 90' lang='lat' dir='ltr'><strong>sine</strong></span> <span class='ocrx_word' id='word_1_464' title='bbox 2341 2023 2534 2078; x_wconf 84' lang='lat' dir='ltr'><strong>malleo</strong></span> <span class='ocrx_word' id='word_1_465' title='bbox 2562 2031 2618 2078; x_wconf 86' lang='lat' dir='ltr'><strong>et</strong></span> <span class='ocrx_word' id='word_1_466' title='bbox 2653 2025 2828 2079; x_wconf 88' lang='lat' dir='ltr'><strong>securi</strong></span> <span class='ocrx_word' id='word_1_467' title='bbox 2857 2035 2912 2081; x_wconf 88' lang='lat' dir='ltr'><strong>et</strong></span> <span class='ocrx_word' id='word_1_468' title='bbox 2952 2027 3142 2097; x_wconf 90' lang='lat' dir='ltr'><strong>quovis</strong></span> <span class='ocrx_word' id='word_1_469' title='bbox 3175 2029 3301 2084; x_wconf 86' lang='lat' dir='ltr'><strong>ferri</strong></span> 
     </span>
    </p>
   </div>
   <div class='ocr_carea' id='block_1_64' title="bbox 1733 2111 3298 2190">
    <p class='ocr_par' dir='ltr' id='par_1_64' title="bbox 1733 2111 3298 2190">
     <span class='ocr_line' id='line_1_64' title="bbox 1733 2111 3298 2190; baseline 0.007 -23"><span class='ocrx_word' id='word_1_470' title='bbox 1733 2111 2131 2180; x_wconf 80' lang='lat' dir='ltr'><strong>instrumento,</strong></span> <span class='ocrx_word' id='word_1_471' title='bbox 2183 2122 2244 2170; x_wconf 88' lang='lat' dir='ltr'><strong>ut</strong></span> <span class='ocrx_word' id='word_1_472' title='bbox 2290 2117 2660 2171; x_wconf 87' lang='lat' dir='ltr'><strong>turbulentum</strong></span> <span class='ocrx_word' id='word_1_473' title='bbox 2706 2116 2843 2174; x_wconf 89' lang='lat' dir='ltr'><strong>nihil</strong></span> <span class='ocrx_word' id='word_1_474' title='bbox 2891 2130 3208 2190; x_wconf 83' lang='lat' dir='ltr'><strong>sequeretur</strong></span> <span class='ocrx_word' id='word_1_475' title='bbox 3247 2125 3298 2178; x_wconf 91' lang='lat' dir='ltr'><strong>in</strong></span> 
     </span>
    </p>
   </div>
   <div class='ocr_carea' id='block_1_65' title="bbox 1733 2205 3300 2282">
    <p class='ocr_par' dir='ltr' id='par_1_65' title="bbox 1733 2205 3300 2282">
     <span class='ocr_line' id='line_1_65' title="bbox 1733 2205 3300 2282; baseline 0.007 -22"><span class='ocrx_word' id='word_1_476' title='bbox 1733 2208 1934 2277; x_wconf 85' lang='lat' dir='ltr'><strong>templo</strong></span> <span class='ocrx_word' id='word_1_477' title='bbox 1961 2205 2076 2263; x_wconf 86' lang='lat' dir='ltr'><strong>Dei.</strong></span> <span class='ocrx_word' id='word_1_478' title='bbox 2113 2209 2344 2264; x_wconf 85' lang='lat' dir='ltr'><strong>Proinde</strong></span> <span class='ocrx_word' id='word_1_479' title='bbox 2384 2223 2573 2266; x_wconf 83' lang='lat' dir='ltr'><strong>rursus</strong></span> <span class='ocrx_word' id='word_1_480' title='bbox 2612 2220 2795 2266; x_wconf 87' lang='lat' dir='ltr'><strong>contra</strong></span> <span class='ocrx_word' id='word_1_481' title='bbox 2826 2213 2926 2267; x_wconf 90' lang='lat' dir='ltr'><strong>hos</strong></span> <span class='ocrx_word' id='word_1_482' title='bbox 2969 2215 3060 2282; x_wconf 87' lang='lat' dir='ltr'><strong>qui</strong></span> <span class='ocrx_word' id='word_1_483' title='bbox 3110 2215 3300 2271; x_wconf 72' lang='lat' dir='ltr'><strong>litterae</strong></span> 
     </span>
    </p>
   </div>
   <div class='ocr_carea' id='block_1_66' title="bbox 1733 2298 3315 2370">
    <p class='ocr_par' dir='ltr' id='par_1_66' title="bbox 1733 2298 3315 2370">
     <span class='ocr_line' id='line_1_66' title="bbox 1733 2298 3315 2370; baseline -0.002 -15"><span class='ocrx_word' id='word_1_484' title='bbox 1733 2299 1996 2364; x_wconf 83' lang='lat' dir='ltr'><strong>serviunt,</strong></span> <span class='ocrx_word' id='word_1_485' title='bbox 2037 2300 2390 2368; x_wconf 70' lang='lat' dir='ltr'><strong>quaestionem</strong></span> <span class='ocrx_word' id='word_1_486' title='bbox 2423 2310 2615 2354; x_wconf 80' lang='lat' dir='ltr'><strong>moveo</strong></span> <span class='ocrx_word' id='word_1_487' title='bbox 2646 2315 2659 2350; x_wconf 90' lang='lat'><strong>:</strong></span> <span class='ocrx_word' id='word_1_488' title='bbox 2692 2298 2794 2367; x_wconf 86' lang='lat' dir='ltr'><strong>Qui</strong></span> <span class='ocrx_word' id='word_1_489' title='bbox 2841 2299 2960 2355; x_wconf 81' lang='lat' dir='ltr'><strong>ﬁeri</strong></span> <span class='ocrx_word' id='word_1_490' title='bbox 3009 2310 3225 2370; x_wconf 78' lang='lat' dir='ltr'><strong>poterat</strong></span> <span class='ocrx_word' id='word_1_491' title='bbox 3257 2311 3315 2352; x_wconf 79' lang='grc' dir='ltr'><strong>ιιι</strong></span> 
     </span>
    </p>
   </div>
   <div class='ocr_carea' id='block_1_67' title="bbox 1733 2389 3314 2460">
    <p class='ocr_par' dir='ltr' id='par_1_67' title="bbox 1733 2389 3314 2460">
     <span class='ocr_line' id='line_1_67' title="bbox 1733 2389 3314 2460; baseline -0.001 -13"><span class='ocrx_word' id='word_1_492' title='bbox 1733 2391 1997 2447; x_wconf 85' lang='lat' dir='ltr'><strong>chiliades</strong></span> <span class='ocrx_word' id='word_1_493' title='bbox 2029 2392 2306 2460; x_wconf 75' lang='lat' dir='ltr'><strong>octoginta</strong></span> <span class='ocrx_word' id='word_1_494' title='bbox 2354 2389 2708 2460; x_wconf 87' lang='lat' dir='ltr'><strong>lapicidarum</strong></span> <span class='ocrx_word' id='word_1_495' title='bbox 2739 2405 2860 2446; x_wconf 88' lang='lat' dir='ltr'><strong>cum</strong></span> <span class='ocrx_word' id='word_1_496' title='bbox 2889 2401 3100 2456; x_wconf 87' lang='lat' dir='ltr'><strong>essent,</strong></span> <span class='ocrx_word' id='word_1_497' title='bbox 3142 2393 3314 2446; x_wconf 66' lang='lat' dir='ltr'><strong>aedili-</strong></span> 
     </span>
    </p>
   </div>
   <div class='ocr_carea' id='block_1_68' title="bbox 1734 2479 3316 2554">
    <p class='ocr_par' dir='ltr' id='par_1_68' title="bbox 1734 2479 3316 2554">
     <span class='ocr_line' id='line_1_68' title="bbox 1734 2479 3316 2554; baseline 0.001 -18"><span class='ocrx_word' id='word_1_498' title='bbox 1734 2493 1955 2537; x_wconf 86' lang='lat' dir='ltr'><strong>c-aretur</strong></span> <span class='ocrx_word' id='word_1_499' title='bbox 1983 2482 2175 2535; x_wconf 85' lang='lat' dir='ltr'><strong>domus</strong></span> <span class='ocrx_word' id='word_1_500' title='bbox 2202 2479 2298 2535; x_wconf 80' lang='lat' dir='ltr'><strong>Dei</strong></span> <span class='ocrx_word' id='word_1_501' title='bbox 2339 2481 2607 2552; x_wconf 84' lang='lat' dir='ltr'><strong>lapidibus</strong></span> <span class='ocrx_word' id='word_1_502' title='bbox 2635 2482 2808 2546; x_wconf 88' lang='lat' dir='ltr'><strong>duris,</strong></span> <span class='ocrx_word' id='word_1_503' title='bbox 2850 2483 3116 2552; x_wconf 86' lang='lat' dir='ltr'><strong>candidis,</strong></span> <span class='ocrx_word' id='word_1_504' title='bbox 3143 2498 3316 2554; x_wconf 84' lang='lat' dir='ltr'><strong>neque</strong></span> 
     </span>
    </p>
   </div>
   <div class='ocr_carea' id='block_1_69' title="bbox 1736 2575 3315 2646">
    <p class='ocr_par' dir='ltr' id='par_1_69' title="bbox 1736 2575 3315 2646">
     <span class='ocr_line' id='line_1_69' title="bbox 1736 2575 3315 2646; baseline -0.001 -16"><span class='ocrx_word' id='word_1_505' title='bbox 1736 2576 1948 2640; x_wconf 79' lang='lat' dir='ltr'><strong>malleo,</strong></span> <span class='ocrx_word' id='word_1_506' title='bbox 1988 2588 2163 2644; x_wconf 81' lang='lat' dir='ltr'><strong>neque</strong></span> <span class='ocrx_word' id='word_1_507' title='bbox 2195 2577 2395 2640; x_wconf 85' lang='lat' dir='ltr'><strong>securi,</strong></span> <span class='ocrx_word' id='word_1_508' title='bbox 2427 2589 2522 2630; x_wconf 89' lang='lat' dir='ltr'><strong>seu</strong></span> <span class='ocrx_word' id='word_1_509' title='bbox 2556 2575 2738 2646; x_wconf 79' lang='lat' dir='ltr'><strong>aliquo</strong></span> <span class='ocrx_word' id='word_1_510' title='bbox 2785 2576 2915 2631; x_wconf 78' lang='lat' dir='ltr'><strong>ferri</strong></span> <span class='ocrx_word' id='word_1_511' title='bbox 2948 2577 3315 2632; x_wconf 85' lang='lat' dir='ltr'><strong>instrumento</strong></span> 
     </span>
    </p>
   </div>
   <div class='ocr_carea' id='block_1_70' title="bbox 1734 2666 3315 2735">
    <p class='ocr_par' dir='ltr' id='par_1_70' title="bbox 1734 2666 3315 2735">
     <span class='ocr_line' id='line_1_70' title="bbox 1734 2666 3315 2735; baseline 0.001 -13"><span class='ocrx_word' id='word_1_512' title='bbox 1734 2667 1924 2723; x_wconf 86' lang='lat' dir='ltr'><strong>audito</strong></span> <span class='ocrx_word' id='word_1_513' title='bbox 1957 2667 2012 2720; x_wconf 89' lang='lat' dir='ltr'><strong>in</strong></span> <span class='ocrx_word' id='word_1_514' title='bbox 2041 2669 2200 2722; x_wconf 91' lang='lat' dir='ltr'><strong>domo</strong></span> <span class='ocrx_word' id='word_1_515' title='bbox 2240 2667 2433 2734; x_wconf 82' lang='lat' dir='ltr'><strong>ipsius,</strong></span> <span class='ocrx_word' id='word_1_516' title='bbox 2461 2666 2589 2722; x_wconf 86' lang='lat' dir='ltr'><strong>dum</strong></span> <span class='ocrx_word' id='word_1_517' title='bbox 2621 2668 2735 2735; x_wconf 85' lang='lat' dir='ltr'><strong>ipsa</strong></span> <span class='ocrx_word' id='word_1_518' title='bbox 2760 2667 3162 2724; x_wconf 67' lang='lat' dir='ltr'><strong>aediﬁcaretur?</strong></span> <span class='ocrx_word' id='word_1_519' title='bbox 3181 2669 3315 2723; x_wconf 82' lang='lat' dir='ltr'><strong>Vide</strong></span> 
     </span>
    </p>
   </div>
   <div class='ocr_carea' id='block_1_71' title="bbox 1734 2757 3312 2829">
    <p class='ocr_par' dir='ltr' id='par_1_71' title="bbox 1734 2757 3312 2829">
     <span class='ocr_line' id='line_1_71' title="bbox 1734 2757 3312 2829; baseline 0.001 -15"><span class='ocrx_word' id='word_1_520' title='bbox 1734 2776 1890 2826; x_wconf 88' lang='lat' dir='ltr'><strong>vero,</strong></span> <span class='ocrx_word' id='word_1_521' title='bbox 1923 2776 1993 2816; x_wconf 91' lang='lat' dir='ltr'><strong>ne</strong></span> <span class='ocrx_word' id='word_1_522' title='bbox 2015 2759 2160 2814; x_wconf 80' lang='lat' dir='ltr'><strong>forte</strong></span> <span class='ocrx_word' id='word_1_523' title='bbox 2193 2759 2440 2814; x_wconf 83' lang='lat' dir='ltr'><strong>viventes</strong></span> <span class='ocrx_word' id='word_1_524' title='bbox 2471 2757 2724 2827; x_wconf 84' lang='lat' dir='ltr'><strong>lapicidis</strong></span> <span class='ocrx_word' id='word_1_525' title='bbox 2761 2757 2990 2829; x_wconf 87' lang='lat' dir='ltr'><strong>lapides,</strong></span> <span class='ocrx_word' id='word_1_526' title='bbox 3022 2761 3138 2816; x_wconf 82' lang='lat' dir='ltr'><strong>sine</strong></span> <span class='ocrx_word' id='word_1_527' title='bbox 3167 2771 3312 2816; x_wconf 89' lang='lat' dir='ltr'><strong>stre-</strong></span> 
     </span>
    </p>
   </div>
   <div class='ocr_carea' id='block_1_72' title="bbox 1734 2853 3310 2924">
    <p class='ocr_par' dir='ltr' id='par_1_72' title="bbox 1734 2853 3310 2924">
     <span class='ocr_line' id='line_1_72' title="bbox 1734 2853 3310 2924; baseline 0 -14"><span class='ocrx_word' id='word_1_528' title='bbox 1734 2857 1846 2924; x_wconf 85' lang='lat' dir='ltr'><strong>pitu</strong></span> <span class='ocrx_word' id='word_1_529' title='bbox 1894 2856 2031 2912; x_wconf 81' lang='lat' dir='ltr'><strong>secti</strong></span> <span class='ocrx_word' id='word_1_530' title='bbox 2085 2863 2140 2909; x_wconf 87' lang='lat' dir='ltr'><strong>et</strong></span> <span class='ocrx_word' id='word_1_531' title='bbox 2186 2854 2441 2916; x_wconf 87' lang='lat' dir='ltr'><strong>tumultu,</strong></span> <span class='ocrx_word' id='word_1_532' title='bbox 2483 2853 2878 2908; x_wconf 80' lang='lat' dir='ltr'><strong>exscindanlur</strong></span> <span class='ocrx_word' id='word_1_533' title='bbox 2910 2854 3110 2909; x_wconf 90' lang='lat' dir='ltr'><strong>alicubi</strong></span> <span class='ocrx_word' id='word_1_534' title='bbox 3157 2864 3310 2910; x_wconf 84' lang='lat' dir='ltr'><strong>extra</strong></span> 
     </span>
    </p>
   </div>
   <div class='ocr_carea' id='block_1_73' title="bbox 1736 2944 3311 3016">
    <p class='ocr_par' dir='ltr' id='par_1_73' title="bbox 1736 2944 3311 3016">
     <span class='ocr_line' id='line_1_73' title="bbox 1736 2944 3311 3016; baseline -0.001 -17"><span class='ocrx_word' id='word_1_535' title='bbox 1736 2946 2022 3016; x_wconf 85' lang='lat' dir='ltr'><strong>templum,</strong></span> <span class='ocrx_word' id='word_1_536' title='bbox 2056 2956 2117 3000; x_wconf 89' lang='lat' dir='ltr'><strong>ut</strong></span> <span class='ocrx_word' id='word_1_537' title='bbox 2170 2946 2342 3016; x_wconf 77' lang='lat' dir='ltr'><strong>parati</strong></span> <span class='ocrx_word' id='word_1_538' title='bbox 2400 2944 2619 2998; x_wconf 78' lang='lat' dir='ltr'><strong>veniant</strong></span> <span class='ocrx_word' id='word_1_539' title='bbox 2668 2944 2737 2997; x_wconf 86' lang='lat' dir='ltr'><strong>ad</strong></span> <span class='ocrx_word' id='word_1_540' title='bbox 2792 2953 3082 3000; x_wconf 76' lang='lat' dir='ltr'><strong>structurae</strong></span> <span class='ocrx_word' id='word_1_541' title='bbox 3137 2945 3311 3000; x_wconf 90' lang='lat' dir='ltr'><strong>locum</strong></span> 
     </span>
    </p>
   </div>
   <div class='ocr_carea' id='block_1_74' title="bbox 1733 3035 3313 3107">
    <p class='ocr_par' dir='ltr' id='par_1_74' title="bbox 1733 3035 3313 3107">
     <span class='ocr_line' id='line_1_74' title="bbox 1733 3035 3313 3107; baseline -0.001 -12"><span class='ocrx_word' id='word_1_542' title='bbox 1733 3039 2166 3095; x_wconf 88' lang='lat' dir='ltr'><strong>convenientem.</strong></span> <span class='ocrx_word' id='word_1_543' title='bbox 2208 3041 2345 3107; x_wconf 80' lang='lat' dir='ltr'><strong>Quin</strong></span> <span class='ocrx_word' id='word_1_544' title='bbox 2378 3051 2638 3093; x_wconf 88' lang='lat' dir='ltr'><strong>ascensus</strong></span> <span class='ocrx_word' id='word_1_545' title='bbox 2667 3037 2884 3107; x_wconf 85' lang='lat' dir='ltr'><strong>quidam</strong></span> <span class='ocrx_word' id='word_1_546' title='bbox 2923 3046 3007 3092; x_wconf 86' lang='lat' dir='ltr'><strong>est</strong></span> <span class='ocrx_word' id='word_1_547' title='bbox 3048 3035 3193 3092; x_wconf 82' lang='lat' dir='ltr'><strong>circa</strong></span> <span class='ocrx_word' id='word_1_548' title='bbox 3219 3039 3313 3093; x_wconf 93' lang='lat' dir='ltr'><strong>do-</strong></span> 
     </span>
    </p>
   </div>
   <div class='ocr_carea' id='block_1_75' title="bbox 1738 3127 3314 3199">
    <p class='ocr_par' dir='ltr' id='par_1_75' title="bbox 1738 3127 3314 3199">
     <span class='ocr_line' id='line_1_75' title="bbox 1738 3127 3314 3199; baseline 0 -17"><span class='ocrx_word' id='word_1_549' title='bbox 1738 3145 1882 3183; x_wconf 88' lang='lat' dir='ltr'><strong>mum</strong></span> <span class='ocrx_word' id='word_1_550' title='bbox 1921 3129 2014 3185; x_wconf 86' lang='lat' dir='ltr'><strong>Dei</strong></span> <span class='ocrx_word' id='word_1_551' title='bbox 2045 3145 2148 3184; x_wconf 91' lang='lat' dir='ltr'><strong>non</strong></span> <span class='ocrx_word' id='word_1_552' title='bbox 2181 3130 2388 3184; x_wconf 86' lang='lat' dir='ltr'><strong>habens</strong></span> <span class='ocrx_word' id='word_1_553' title='bbox 2419 3127 2670 3199; x_wconf 79' lang='lat' dir='ltr'><strong>angulos,</strong></span> <span class='ocrx_word' id='word_1_554' title='bbox 2703 3129 2797 3183; x_wconf 89' lang='lat' dir='ltr'><strong>sed</strong></span> <span class='ocrx_word' id='word_1_555' title='bbox 2839 3127 3099 3184; x_wconf 84' lang='lat' dir='ltr'><strong>ﬂexiones</strong></span> <span class='ocrx_word' id='word_1_556' title='bbox 3138 3139 3314 3184; x_wconf 87' lang='lat' dir='ltr'><strong>recta-</strong></span> 
     </span>
    </p>
   </div>
   <div class='ocr_carea' id='block_1_76' title="bbox 1737 3217 3314 3288">
    <p class='ocr_par' dir='ltr' id='par_1_76' title="bbox 1737 3217 3314 3288">
     <span class='ocr_line' id='line_1_76' title="bbox 1737 3217 3314 3288; baseline -0.003 -12"><span class='ocrx_word' id='word_1_557' title='bbox 1737 3235 1852 3277; x_wconf 88' lang='lat' dir='ltr'><strong>rum</strong></span> <span class='ocrx_word' id='word_1_558' title='bbox 1887 3224 2173 3277; x_wconf 81' lang='lat' dir='ltr'><strong>linearum.</strong></span> <span class='ocrx_word' id='word_1_559' title='bbox 2226 3219 2502 3288; x_wconf 82' lang='lat' dir='ltr'><strong>Scriptum</strong></span> <span class='ocrx_word' id='word_1_560' title='bbox 2540 3229 2630 3275; x_wconf 86' lang='lat' dir='ltr'><strong>est</strong></span> <span class='ocrx_word' id='word_1_561' title='bbox 2669 3220 2814 3274; x_wconf 89' lang='lat' dir='ltr'><strong>enim</strong></span> <span class='ocrx_word' id='word_1_562' title='bbox 2847 3235 2861 3273; x_wconf 89' lang='lat'><strong>:</strong></span> <span class='ocrx_word' id='word_1_563' title='bbox 2898 3236 2918 3270; x_wconf 77' lang='grc' dir='ltr'><strong>ι</strong></span> <span class='ocrx_word' id='word_1_564' title='bbox 2947 3217 3014 3273; x_wconf 87' lang='lat' dir='ltr'><strong>Et</strong></span> <span class='ocrx_word' id='word_1_565' title='bbox 3057 3234 3314 3274; x_wconf 85' lang='lat' dir='ltr'><strong>ascensus</strong></span> 
     </span>
    </p>
   </div>
   <div class='ocr_carea' id='block_1_77' title="bbox 1732 3307 3314 3374">
    <p class='ocr_par' dir='ltr' id='par_1_77' title="bbox 1732 3307 3314 3374">
     <span class='ocr_line' id='line_1_77' title="bbox 1732 3307 3314 3374; baseline -0.003 -5"><span class='ocrx_word' id='word_1_566' title='bbox 1732 3316 2004 3369; x_wconf 80' lang='lat' dir='ltr'><strong>ﬂexuosus</strong></span> <span class='ocrx_word' id='word_1_567' title='bbox 2037 3323 2156 3366; x_wconf 85' lang='lat' dir='ltr'><strong>erat</strong></span> <span class='ocrx_word' id='word_1_568' title='bbox 2200 3313 2270 3366; x_wconf 88' lang='lat' dir='ltr'><strong>ad</strong></span> <span class='ocrx_word' id='word_1_569' title='bbox 2319 3310 2554 3364; x_wconf 82' lang='lat' dir='ltr'><strong>medium</strong></span> <span class='ocrx_word' id='word_1_570' title='bbox 2605 3307 2902 3364; x_wconf 84' lang='lat' dir='ltr'><strong>thalamum</strong></span> <span class='ocrx_word' id='word_1_571' title='bbox 2940 3324 2955 3374; x_wconf 92' lang='lat'><strong>;</strong></span> <span class='ocrx_word' id='word_1_572' title='bbox 2987 3318 3042 3364; x_wconf 91' lang='lat' dir='ltr'><strong>et</strong></span> <span class='ocrx_word' id='word_1_573' title='bbox 3071 3323 3101 3362; x_wconf 89' lang='lat' dir='ltr'><strong>a</strong></span> <span class='ocrx_word' id='word_1_574' title='bbox 3136 3309 3314 3365; x_wconf 90' lang='lat' dir='ltr'><strong>medio</strong></span> 
     </span>
    </p>
   </div>
   <div class='ocr_carea' id='block_1_78' title="bbox 1734 3399 3312 3476">
    <p class='ocr_par' dir='ltr' id='par_1_78' title="bbox 1734 3399 3312 3476">
     <span class='ocr_line' id='line_1_78' title="bbox 1734 3399 3312 3476; baseline -0.004 -16"><span class='ocrx_word' id='word_1_575' title='bbox 1734 3420 1904 3476; x_wconf 77' lang='lat' dir='ltr'><strong>usque</strong></span> <span class='ocrx_word' id='word_1_576' title='bbox 1953 3404 2020 3458; x_wconf 85' lang='lat' dir='ltr'><strong>ad</strong></span> <span class='ocrx_word' id='word_1_577' title='bbox 2079 3405 2297 3458; x_wconf 87' lang='lat' dir='ltr'><strong>tertium</strong></span> <span class='ocrx_word' id='word_1_578' title='bbox 2331 3402 2590 3470; x_wconf 83' lang='lat' dir='ltr'><strong>Iaqueare</strong></span> <span class='ocrx_word' id='word_1_579' title='bbox 2617 3401 2685 3456; x_wconf 74' lang='grc' dir='ltr'><strong>τ’.</strong></span> <span class='ocrx_word' id='word_1_580' title='bbox 2727 3419 2746 3453; x_wconf 72' lang='grc' dir='ltr'><strong>ι</strong></span> <span class='ocrx_word' id='word_1_581' title='bbox 2780 3399 3110 3454; x_wconf 77' lang='lat' dir='ltr'><strong>Flexuosum</strong></span> <span class='ocrx_word' id='word_1_582' title='bbox 3168 3401 3312 3455; x_wconf 85' lang='lat' dir='ltr'><strong>enim</strong></span> 
     </span>
    </p>
   </div>
   <div class='ocr_carea' id='block_1_79' title="bbox 1734 3492 3309 3564">
    <p class='ocr_par' dir='ltr' id='par_1_79' title="bbox 1734 3492 3309 3564">
     <span class='ocr_line' id='line_1_79' title="bbox 1734 3492 3309 3564; baseline -0.004 -11"><span class='ocrx_word' id='word_1_583' title='bbox 1734 3513 1853 3553; x_wconf 85' lang='lat' dir='ltr'><strong>esse</strong></span> <span class='ocrx_word' id='word_1_584' title='bbox 1881 3512 2104 3553; x_wconf 82' lang='lat' dir='ltr'><strong>necesse</strong></span> <span class='ocrx_word' id='word_1_585' title='bbox 2133 3497 2330 3551; x_wconf 81' lang='lat' dir='ltr'><strong>eratin</strong></span> <span class='ocrx_word' id='word_1_586' title='bbox 2381 3494 2475 3548; x_wconf 88' lang='lat' dir='ltr'><strong>Dei</strong></span> <span class='ocrx_word' id='word_1_587' title='bbox 2523 3493 2724 3564; x_wconf 88' lang='lat' dir='ltr'><strong>templo</strong></span> <span class='ocrx_word' id='word_1_588' title='bbox 2769 3507 3054 3549; x_wconf 80' lang='lat' dir='ltr'><strong>ascensum</strong></span> <span class='ocrx_word' id='word_1_589' title='bbox 3088 3492 3263 3564; x_wconf 85' lang='lat' dir='ltr'><strong>ipsum</strong></span> <span class='ocrx_word' id='word_1_590' title='bbox 3292 3509 3309 3560; x_wconf 90' lang='lat'><strong>;</strong></span> 
     </span>
    </p>
   </div>
   <div class='ocr_carea' id='block_1_80' title="bbox 1735 3585 3315 3659">
    <p class='ocr_par' dir='ltr' id='par_1_80' title="bbox 1735 3585 3315 3659">
     <span class='ocr_line' id='line_1_80' title="bbox 1735 3585 3315 3659; baseline -0.003 -16"><span class='ocrx_word' id='word_1_591' title='bbox 1735 3590 1874 3643; x_wconf 79' lang='lat' dir='ltr'><strong>linea</strong></span> <span class='ocrx_word' id='word_1_592' title='bbox 1897 3589 2116 3659; x_wconf 84' lang='lat' dir='ltr'><strong>obliqua</strong></span> <span class='ocrx_word' id='word_1_593' title='bbox 2143 3603 2376 3643; x_wconf 87' lang='lat' dir='ltr'><strong>ascensu</strong></span> <span class='ocrx_word' id='word_1_594' title='bbox 2405 3587 2522 3656; x_wconf 80' lang='lat' dir='ltr'><strong>ipso</strong></span> <span class='ocrx_word' id='word_1_595' title='bbox 2554 3587 2802 3640; x_wconf 88' lang='lat' dir='ltr'><strong>imitante</strong></span> <span class='ocrx_word' id='word_1_596' title='bbox 2825 3585 3088 3640; x_wconf 87' lang='lat' dir='ltr'><strong>circulum</strong></span> <span class='ocrx_word' id='word_1_597' title='bbox 3114 3587 3315 3654; x_wconf 66' lang='lat' dir='ltr'><strong>aquis-</strong></span> 
     </span>
    </p>
   </div>
   <div class='ocr_carea' id='block_1_81' title="bbox 1735 3679 3317 3743">
    <p class='ocr_par' dir='ltr' id='par_1_81' title="bbox 1735 3679 3317 3743">
     <span class='ocr_line' id='line_1_81' title="bbox 1735 3679 3317 3743; baseline -0.001 -7"><span class='ocrx_word' id='word_1_598' title='bbox 1735 3680 2088 3737; x_wconf 75' lang='lat' dir='ltr'><strong>simumJam</strong></span> <span class='ocrx_word' id='word_1_599' title='bbox 2118 3689 2246 3734; x_wconf 72' lang='lat' dir='ltr'><strong>Vero</strong></span> <span class='ocrx_word' id='word_1_600' title='bbox 2265 3690 2326 3734; x_wconf 88' lang='lat' dir='ltr'><strong>ut</strong></span> <span class='ocrx_word' id='word_1_601' title='bbox 2361 3681 2557 3734; x_wconf 84' lang='lat' dir='ltr'><strong>domus</strong></span> <span class='ocrx_word' id='word_1_602' title='bbox 2585 3679 2698 3734; x_wconf 55' lang='lat' dir='ltr'><strong>haec</strong></span> <span class='ocrx_word' id='word_1_603' title='bbox 2728 3679 2800 3733; x_wconf 91' lang='lat' dir='ltr'><strong>sit</strong></span> <span class='ocrx_word' id='word_1_604' title='bbox 2832 3680 3013 3743; x_wconf 85' lang='lat' dir='ltr'><strong>llnna,</strong></span> <span class='ocrx_word' id='word_1_605' title='bbox 3040 3679 3317 3735; x_wconf 54' lang='lat' dir='ltr'><strong>aediﬁcand-</strong></span> 
     </span>
    </p>
   </div>
   <div class='ocr_carea' id='block_1_82' title="bbox 1737 3769 3315 3843">
    <p class='ocr_par' dir='ltr' id='par_1_82' title="bbox 1737 3769 3315 3843">
     <span class='ocr_line' id='line_1_82' title="bbox 1737 3769 3315 3843; baseline -0.003 -14"><span class='ocrx_word' id='word_1_606' title='bbox 1737 3775 1921 3829; x_wconf 90' lang='lat' dir='ltr'><strong>turilli</strong></span> <span class='ocrx_word' id='word_1_607' title='bbox 1949 3789 2110 3843; x_wconf 89' lang='lat' dir='ltr'><strong>quam</strong></span> <span class='ocrx_word' id='word_1_608' title='bbox 2165 3771 2528 3842; x_wconf 85' lang='lat' dir='ltr'><strong>pulcherrime</strong></span> <span class='ocrx_word' id='word_1_609' title='bbox 2578 3769 2791 3824; x_wconf 84' lang='lat' dir='ltr'><strong>vincula</strong></span> <span class='ocrx_word' id='word_1_610' title='bbox 2822 3771 3066 3842; x_wconf 80' lang='lat' dir='ltr'><strong>quinque</strong></span> <span class='ocrx_word' id='word_1_611' title='bbox 3088 3783 3188 3842; x_wconf 83' lang='lat' dir='ltr'><strong>per</strong></span> <span class='ocrx_word' id='word_1_612' title='bbox 3225 3780 3315 3826; x_wconf 83' lang='lat' dir='ltr'><strong>to-</strong></span> 
     </span>
    </p>
   </div>
   <div class='ocr_carea' id='block_1_83' title="bbox 1736 3865 3318 3932">
    <p class='ocr_par' dir='ltr' id='par_1_83' title="bbox 1736 3865 3318 3932">
     <span class='ocr_line' id='line_1_83' title="bbox 1736 3865 3318 3932; baseline -0.001 -10"><span class='ocrx_word' id='word_1_613' title='bbox 1736 3877 1843 3922; x_wconf 89' lang='lat' dir='ltr'><strong>tam</strong></span> <span class='ocrx_word' id='word_1_614' title='bbox 1878 3868 2094 3922; x_wconf 88' lang='lat' dir='ltr'><strong>domum</strong></span> <span class='ocrx_word' id='word_1_615' title='bbox 2134 3866 2294 3920; x_wconf 91' lang='lat' dir='ltr'><strong>unius</strong></span> <span class='ocrx_word' id='word_1_616' title='bbox 2323 3866 2489 3920; x_wconf 87' lang='lat' dir='ltr'><strong>cubiti</strong></span> <span class='ocrx_word' id='word_1_617' title='bbox 2513 3865 2799 3920; x_wconf 88' lang='lat' dir='ltr'><strong>altitudine</strong></span> <span class='ocrx_word' id='word_1_618' title='bbox 2824 3865 2912 3932; x_wconf 70' lang='lat'><strong>7&quot;;</strong></span> <span class='ocrx_word' id='word_1_619' title='bbox 2962 3877 3022 3922; x_wconf 92' lang='lat' dir='ltr'><strong>ut</strong></span> <span class='ocrx_word' id='word_1_620' title='bbox 3063 3866 3318 3921; x_wconf 90' lang='lat' dir='ltr'><strong>innuatur</strong></span> 
     </span>
    </p>
   </div>
   <div class='ocr_carea' id='block_1_84' title="bbox 1733 3957 3315 4015">
    <p class='ocr_par' dir='ltr' id='par_1_84' title="bbox 1733 3957 3315 4015">
     <span class='ocr_line' id='line_1_84' title="bbox 1733 3957 3315 4015; baseline -0.002 0"><span class='ocrx_word' id='word_1_621' title='bbox 1733 3960 1930 4015; x_wconf 88' lang='lat' dir='ltr'><strong>debere</strong></span> <span class='ocrx_word' id='word_1_622' title='bbox 1957 3972 2056 4013; x_wconf 85' lang='lat' dir='ltr'><strong>nos</strong></span> <span class='ocrx_word' id='word_1_623' title='bbox 2083 3959 2377 4013; x_wconf 81' lang='lat' dir='ltr'><strong>ascendere</strong></span> <span class='ocrx_word' id='word_1_624' title='bbox 2406 3958 2460 4012; x_wconf 92' lang='lat' dir='ltr'><strong>in</strong></span> <span class='ocrx_word' id='word_1_625' title='bbox 2499 3957 2732 4013; x_wconf 88' lang='lat' dir='ltr'><strong>sublime</strong></span> <span class='ocrx_word' id='word_1_626' title='bbox 2766 3973 2796 4011; x_wconf 90' lang='lat' dir='ltr'><strong>a</strong></span> <span class='ocrx_word' id='word_1_627' title='bbox 2829 3959 2994 4013; x_wconf 88' lang='lat' dir='ltr'><strong>rebus</strong></span> <span class='ocrx_word' id='word_1_628' title='bbox 3037 3958 3315 4014; x_wconf 83' lang='lat' dir='ltr'><strong>sensibili-</strong></span> 
     </span>
    </p>
   </div>
   <div class='ocr_carea' id='block_1_85' title="bbox 1734 4051 3313 4119">
    <p class='ocr_par' dir='ltr' id='par_1_85' title="bbox 1734 4051 3313 4119">
     <span class='ocr_line' id='line_1_85' title="bbox 1734 4051 3313 4119; baseline -0.002 -12"><span class='ocrx_word' id='word_1_629' title='bbox 1734 4051 1836 4107; x_wconf 84' lang='lat' dir='ltr'><strong>bus</strong></span> <span class='ocrx_word' id='word_1_630' title='bbox 1867 4052 1934 4106; x_wconf 87' lang='lat' dir='ltr'><strong>ad</strong></span> <span class='ocrx_word' id='word_1_631' title='bbox 1962 4065 2055 4106; x_wconf 86' lang='lat' dir='ltr'><strong>eos</strong></span> <span class='ocrx_word' id='word_1_632' title='bbox 2081 4064 2275 4105; x_wconf 83' lang='lat' dir='ltr'><strong>sensus</strong></span> <span class='ocrx_word' id='word_1_633' title='bbox 2298 4064 2436 4119; x_wconf 87' lang='lat' dir='ltr'><strong>quos</strong></span> <span class='ocrx_word' id='word_1_634' title='bbox 2471 4051 2686 4105; x_wconf 88' lang='lat' dir='ltr'><strong>divinos</strong></span> <span class='ocrx_word' id='word_1_635' title='bbox 2727 4057 2946 4113; x_wconf 82' lang='lat' dir='ltr'><strong>vocant,</strong></span> <span class='ocrx_word' id='word_1_636' title='bbox 2999 4052 3313 4115; x_wconf 80' lang='lat' dir='ltr'><strong>coittuendi,</strong></span> 
     </span>
    </p>
   </div>
   <div class='ocr_carea' id='block_1_86' title="bbox 1734 4143 3316 4213">
    <p class='ocr_par' dir='ltr' id='par_1_86' title="bbox 1734 4143 3316 4213">
     <span class='ocr_line' id='line_1_86' title="bbox 1734 4143 3316 4213; baseline -0.002 -13"><span class='ocrx_word' id='word_1_637' title='bbox 1734 4160 1798 4200; x_wconf 88' lang='lat' dir='ltr'><strong>ac</strong></span> <span class='ocrx_word' id='word_1_638' title='bbox 1829 4143 2227 4213; x_wconf 78' lang='lat' dir='ltr'><strong>conterriplandi</strong></span> <span class='ocrx_word' id='word_1_639' title='bbox 2259 4155 2425 4198; x_wconf 85' lang='lat' dir='ltr'><strong>causa</strong></span> <span class='ocrx_word' id='word_1_640' title='bbox 2467 4157 2553 4198; x_wconf 88' lang='lat' dir='ltr'><strong>res</strong></span> <span class='ocrx_word' id='word_1_641' title='bbox 2590 4158 2684 4199; x_wconf 87' lang='lat' dir='ltr'><strong>eas</strong></span> <span class='ocrx_word' id='word_1_642' title='bbox 2714 4157 2834 4212; x_wconf 76' lang='lat' dir='ltr'><strong>qua:</strong></span> <span class='ocrx_word' id='word_1_643' title='bbox 2872 4144 3056 4197; x_wconf 88' lang='lat' dir='ltr'><strong>animo</strong></span> <span class='ocrx_word' id='word_1_644' title='bbox 3084 4157 3316 4198; x_wconf 88' lang='lat' dir='ltr'><strong>cernun-</strong></span> 
     </span>
    </p>
   </div>
   <div class='ocr_carea' id='block_1_87' title="bbox 1738 4234 3307 4304">
    <p class='ocr_par' dir='ltr' id='par_1_87' title="bbox 1738 4234 3307 4304">
     <span class='ocr_line' id='line_1_87' title="bbox 1738 4234 3307 4304; baseline -0.001 -11"><span class='ocrx_word' id='word_1_645' title='bbox 1738 4249 1844 4293; x_wconf 85' lang='lat' dir='ltr'><strong>tur.</strong></span> <span class='ocrx_word' id='word_1_646' title='bbox 1873 4237 2043 4292; x_wconf 83' lang='lat' dir='ltr'><strong>Porro</strong></span> <span class='ocrx_word' id='word_1_647' title='bbox 2075 4236 2377 4290; x_wconf 88' lang='lat' dir='ltr'><strong>beatiorum</strong></span> <span class='ocrx_word' id='word_1_648' title='bbox 2422 4234 2659 4304; x_wconf 90' lang='lat' dir='ltr'><strong>lapidum</strong></span> <span class='ocrx_word' id='word_1_649' title='bbox 2693 4235 2849 4291; x_wconf 82' lang='lat' dir='ltr'><strong>locus</strong></span> <span class='ocrx_word' id='word_1_650' title='bbox 2885 4235 2975 4290; x_wconf 91' lang='lat' dir='ltr'><strong>ille</strong></span> <span class='ocrx_word' id='word_1_651' title='bbox 3007 4249 3128 4292; x_wconf 89' lang='lat' dir='ltr'><strong>esse</strong></span> <span class='ocrx_word' id='word_1_652' title='bbox 3159 4236 3307 4291; x_wconf 86' lang='lat' dir='ltr'><strong>vide-</strong></span> 
     </span>
    </p>
   </div>
   <div class='ocr_carea' id='block_1_88' title="bbox 1738 4326 3317 4400">
    <p class='ocr_par' dir='ltr' id='par_1_88' title="bbox 1738 4326 3317 4400">
     <span class='ocr_line' id='line_1_88' title="bbox 1738 4326 3317 4400; baseline -0.002 -14"><span class='ocrx_word' id='word_1_653' title='bbox 1738 4339 1824 4386; x_wconf 82' lang='lat' dir='ltr'><strong>tur</strong></span> <span class='ocrx_word' id='word_1_654' title='bbox 1848 4330 1942 4400; x_wconf 86' lang='lat' dir='ltr'><strong>qui</strong></span> <span class='ocrx_word' id='word_1_655' title='bbox 1968 4336 2194 4382; x_wconf 83' lang='lat' dir='ltr'><strong>vocatur</strong></span> <span class='ocrx_word' id='word_1_656' title='bbox 2226 4326 2389 4382; x_wconf 85' lang='lat' dir='ltr'><strong>Dabir</strong></span> <span class='ocrx_word' id='word_1_657' title='bbox 2415 4328 2499 4394; x_wconf 73' lang='lat'><strong>7°;</strong></span> <span class='ocrx_word' id='word_1_658' title='bbox 2531 4329 2621 4383; x_wconf 93' lang='lat' dir='ltr'><strong>ubi</strong></span> <span class='ocrx_word' id='word_1_659' title='bbox 2668 4343 2794 4383; x_wconf 89' lang='lat' dir='ltr'><strong>arca</strong></span> <span class='ocrx_word' id='word_1_660' title='bbox 2827 4327 3164 4383; x_wconf 86' lang='lat' dir='ltr'><strong>Testamenti</strong></span> <span class='ocrx_word' id='word_1_661' title='bbox 3209 4326 3317 4383; x_wconf 91' lang='lat' dir='ltr'><strong>Do-</strong></span> 
     </span>
    </p>
   </div>
   <div class='ocr_carea' id='block_1_89' title="bbox 1737 4417 3316 4490">
    <p class='ocr_par' dir='ltr' id='par_1_89' title="bbox 1737 4417 3316 4490">
     <span class='ocr_line' id='line_1_89' title="bbox 1737 4417 3316 4490; baseline 0.001 -17"><span class='ocrx_word' id='word_1_662' title='bbox 1737 4419 1866 4473; x_wconf 88' lang='lat' dir='ltr'><strong>mini</strong></span> <span class='ocrx_word' id='word_1_663' title='bbox 1919 4427 2160 4482; x_wconf 85' lang='lat' dir='ltr'><strong>erat,et</strong></span> <span class='ocrx_word' id='word_1_664' title='bbox 2211 4418 2662 4490; x_wconf 83' lang='lat' dir='ltr'><strong>chirographum,</strong></span> <span class='ocrx_word' id='word_1_665' title='bbox 2716 4431 2777 4475; x_wconf 91' lang='lat' dir='ltr'><strong>ut</strong></span> <span class='ocrx_word' id='word_1_666' title='bbox 2830 4423 2904 4475; x_wconf 87' lang='lat' dir='ltr'><strong>ita</strong></span> <span class='ocrx_word' id='word_1_667' title='bbox 2967 4417 3170 4486; x_wconf 88' lang='lat' dir='ltr'><strong>dicam,</strong></span> <span class='ocrx_word' id='word_1_668' title='bbox 3202 4419 3316 4483; x_wconf 90' lang='lat' dir='ltr'><strong>Dei,</strong></span> 
     </span>
    </p>
   </div>
   <div class='ocr_carea' id='block_1_90' title="bbox 87 4509 1633 4593">
    <p class='ocr_par' dir='ltr' id='par_1_90' title="bbox 87 4516 1633 4593">
     <span class='ocr_line' id='line_1_90' title="bbox 87 4516 1633 4593; baseline 0.005 -26"><span class='ocrx_word' id='word_1_669' title='bbox 87 4517 218 4582; x_wconf 70' lang='grc' dir='ltr'>φησὶ,</span> <span class='ocrx_word' id='word_1_670' title='bbox 263 4518 348 4572; x_wconf 73' lang='grc' dir='ltr'><strong>τὸν</strong></span> <span class='ocrx_word' id='word_1_671' title='bbox 389 4516 538 4573; x_wconf 76' lang='grc' dir='ltr'>οἷκον</span> <span class='ocrx_word' id='word_1_672' title='bbox 579 4523 894 4593; x_wconf 85' lang='grc' dir='ltr'>περιέχρισε</span> <span class='ocrx_word' id='word_1_673' title='bbox 923 4522 1150 4592; x_wconf 86' lang='grc' dir='ltr'>χρυσίῳ,</span> <span class='ocrx_word' id='word_1_674' title='bbox 1185 4522 1288 4585; x_wconf 77' lang='grc' dir='ltr'>ἕως</span> <span class='ocrx_word' id='word_1_675' title='bbox 1329 4521 1633 4586; x_wconf 86' lang='grc' dir='ltr'>συντελείας</span> 
     </span>
    </p>
   </div>
   <div class='ocr_carea' id='block_1_91' title="bbox 1797 4509 3317 4593">
    <p class='ocr_par' dir='ltr' id='par_1_91' title="bbox 1797 4509 3317 4582">
     <span class='ocr_line' id='line_1_91' title="bbox 1797 4509 3317 4582; baseline 0.003 -17"><span class='ocrx_word' id='word_1_676' title='bbox 1797 4523 1935 4579; x_wconf 72' lang='lat' dir='ltr'><strong>:mpc</strong></span> <span class='ocrx_word' id='word_1_677' title='bbox 1981 4509 2178 4564; x_wconf 76' lang='lat' dir='ltr'><strong>tabulae</strong></span> <span class='ocrx_word' id='word_1_678' title='bbox 2201 4509 2418 4578; x_wconf 77' lang='lat' dir='ltr'><strong>scriptae</strong></span> <span class='ocrx_word' id='word_1_679' title='bbox 2451 4511 2618 4579; x_wconf 86' lang='lat' dir='ltr'><strong>digito</strong></span> <span class='ocrx_word' id='word_1_680' title='bbox 2653 4513 2824 4582; x_wconf 85' lang='lat' dir='ltr'><strong>ipsius</strong></span> <span class='ocrx_word' id='word_1_681' title='bbox 2852 4511 2922 4566; x_wconf 79' lang='grc'><strong>⁸⁸.</strong></span> <span class='ocrx_word' id='word_1_682' title='bbox 2966 4513 3039 4568; x_wconf 80' lang='lat' dir='ltr'><strong>At</strong></span> <span class='ocrx_word' id='word_1_683' title='bbox 3076 4523 3188 4569; x_wconf 82' lang='lat' dir='ltr'><strong>tota</strong></span> <span class='ocrx_word' id='word_1_684' title='bbox 3219 4518 3317 4569; x_wconf 83' lang='lat' dir='ltr'><strong>do-</strong></span> 
     </span>
    </p>
   </div>
   <div class='ocr_carea' id='block_1_92' title="bbox 87 4609 1630 4686">
    <p class='ocr_par' dir='ltr' id='par_1_92' title="bbox 87 4609 1630 4686">
     <span class='ocr_line' id='line_1_92' title="bbox 87 4609 1630 4686; baseline 0.008 -30"><span class='ocrx_word' id='word_1_685' title='bbox 87 4609 258 4673; x_wconf 79' lang='grc' dir='ltr'>παντὸς</span> <span class='ocrx_word' id='word_1_686' title='bbox 284 4611 373 4665; x_wconf 89' lang='grc' dir='ltr'><strong>τοῦ</strong></span> <span class='ocrx_word' id='word_1_687' title='bbox 399 4613 572 4668; x_wconf 75' lang='grc' dir='ltr'>οἴκου.</span> <span class='ocrx_word' id='word_1_688' title='bbox 601 4633 620 4664; x_wconf 78' lang='grc' dir='ltr'><strong>ι</strong></span> <span class='ocrx_word' id='word_1_689' title='bbox 642 4615 722 4668; x_wconf 89' lang='grc' dir='ltr'><strong>Τά</strong></span> <span class='ocrx_word' id='word_1_690' title='bbox 747 4615 928 4686; x_wconf 84' lang='grc' dir='ltr'>μέντοι</span> <span class='ocrx_word' id='word_1_691' title='bbox 953 4615 1045 4668; x_wconf 92' lang='grc' dir='ltr'><strong>δύο</strong></span> <span class='ocrx_word' id='word_1_692' title='bbox 1066 4614 1328 4686; x_wconf 80' lang='grc' dir='ltr'>χερουϐὶμ</span> <span class='ocrx_word' id='word_1_693' title='bbox 1349 4618 1408 4669; x_wconf 80' lang='grc' dir='ltr'>ἐν</span> <span class='ocrx_word' id='word_1_694' title='bbox 1428 4615 1506 4686; x_wconf 82' lang='grc' dir='ltr'>τῷ</span> <span class='ocrx_word' id='word_1_695' title='bbox 1523 4617 1630 4669; x_wconf 88' lang='grc' dir='ltr'><strong>Δα-</strong></span> 
     </span>
    </p>
   </div>
   <div class='ocr_carea' id='block_1_93' title="bbox 87 4696 1632 4781">
    <p class='ocr_par' dir='ltr' id='par_1_93' title="bbox 87 4696 1632 4781">
     <span class='ocr_line' id='line_1_93' title="bbox 87 4696 1632 4781; baseline 0.01 -34"><span class='ocrx_word' id='word_1_696' title='bbox 87 4696 189 4769; x_wconf 78' lang='grc' dir='ltr'>ϐεὶρ</span> <span class='ocrx_word' id='word_1_697' title='bbox 222 4699 304 4773; x_wconf 82' lang='grc' dir='ltr'>ἢν,</span> <span class='ocrx_word' id='word_1_698' title='bbox 334 4705 470 4776; x_wconf 83' lang='grc' dir='ltr'>ὅπερ</span> <span class='ocrx_word' id='word_1_699' title='bbox 514 4706 578 4759; x_wconf 84' lang='grc' dir='ltr'>οὐ</span> <span class='ocrx_word' id='word_1_700' title='bbox 625 4706 936 4778; x_wconf 87' lang='grc' dir='ltr'>δεδύνηνται</span> <span class='ocrx_word' id='word_1_701' title='bbox 977 4708 1308 4779; x_wconf 81' lang='grc' dir='ltr'>ἑρμηνεῦσαι</span> <span class='ocrx_word' id='word_1_702' title='bbox 1351 4710 1555 4781; x_wconf 87' lang='grc' dir='ltr'>κυρίως</span> <span class='ocrx_word' id='word_1_703' title='bbox 1582 4711 1632 4763; x_wconf 77' lang='grc' dir='ltr'>οἱ</span> 
     </span>
    </p>
   </div>
   <div class='ocr_carea' id='block_1_94' title="bbox 91 4793 1634 4873">
    <p class='ocr_par' dir='ltr' id='par_1_94' title="bbox 91 4793 1634 4873">
     <span class='ocr_line' id='line_1_94' title="bbox 91 4793 1634 4873; baseline 0.008 -30"><span class='ocrx_word' id='word_1_704' title='bbox 91 4793 562 4866; x_wconf 81' lang='grc' dir='ltr'>μεταλαμϐάνοντες</span> <span class='ocrx_word' id='word_1_705' title='bbox 600 4801 680 4863; x_wconf 82' lang='grc' dir='ltr'>εις</span> <span class='ocrx_word' id='word_1_706' title='bbox 711 4798 1058 4872; x_wconf 78' lang='grc' dir='ltr'>Ἐλληνισμὸν</span> <span class='ocrx_word' id='word_1_707' title='bbox 1098 4800 1166 4854; x_wconf 83' lang='grc' dir='ltr'>τὰ</span> <span class='ocrx_word' id='word_1_708' title='bbox 1205 4802 1488 4873; x_wconf 77' lang='grc' dir='ltr'>Ἐϐραίων.</span> <span class='ocrx_word' id='word_1_709' title='bbox 1520 4804 1634 4856; x_wconf 84' lang='grc' dir='ltr'><strong>Κα-</strong></span> 
     </span>
    </p>
   </div>
   <div class='ocr_carea' id='block_1_95' title="bbox 89 4889 1632 4965">
    <p class='ocr_par' dir='ltr' id='par_1_95' title="bbox 89 4889 1632 4965">
     <span class='ocr_line' id='line_1_95' title="bbox 89 4889 1632 4965; baseline 0.005 -26"><span class='ocrx_word' id='word_1_710' title='bbox 89 4889 566 4964; x_wconf 73' lang='grc' dir='ltr'>τιχρηστικώτερον</span> <span class='ocrx_word' id='word_1_711' title='bbox 597 4891 655 4944; x_wconf 80' lang='grc' dir='ltr'>δέ</span> <span class='ocrx_word' id='word_1_712' title='bbox 685 4909 829 4956; x_wconf 88' lang='grc' dir='ltr'>τινες</span> <span class='ocrx_word' id='word_1_713' title='bbox 873 4892 998 4946; x_wconf 81' lang='grc' dir='ltr'>ναὸν</span> <span class='ocrx_word' id='word_1_714' title='bbox 1039 4892 1202 4948; x_wconf 84' lang='grc' dir='ltr'>αὐτὸν</span> <span class='ocrx_word' id='word_1_715' title='bbox 1238 4893 1494 4965; x_wconf 74' lang='grc' dir='ltr'>εἰρήκασι</span> <span class='ocrx_word' id='word_1_716' title='bbox 1537 4893 1632 4947; x_wconf 91' lang='grc' dir='ltr'><strong>τοῦ</strong></span> 
     </span>
    </p>
   </div>
   <div class='ocr_carea' id='block_1_96' title="bbox 149 5005 1634 5078">
    <p class='ocr_par' dir='ltr' id='par_1_96' title="bbox 149 5005 1634 5078">
     <span class='ocr_line' id='line_1_96' title="bbox 149 5005 1634 5078; baseline 0.005 -17"><span class='ocrx_word' id='word_1_717' title='bbox 149 5005 270 5078; x_wconf 54' lang='grc' dir='ltr'>ἐιμι</span> <span class='ocrx_word' id='word_1_718' title='bbox 296 5008 428 5078; x_wconf 78' lang='lat' dir='ltr'><strong>Reg.</strong></span> <span class='ocrx_word' id='word_1_719' title='bbox 450 5025 526 5074; x_wconf 74' lang='lat' dir='ltr'><strong>Vl,</strong></span> <span class='ocrx_word' id='word_1_720' title='bbox 560 5013 612 5077; x_wconf 78' lang='lat' dir='ltr'><strong>l,</strong></span> <span class='ocrx_word' id='word_1_721' title='bbox 641 5011 730 5076; x_wconf 76' lang='grc'><strong>57,</strong></span> <span class='ocrx_word' id='word_1_722' title='bbox 753 5011 842 5070; x_wconf 77' lang='lat'><strong>58.</strong></span> <span class='ocrx_word' id='word_1_723' title='bbox 939 5011 987 5044; x_wconf 84' lang='lat'>&quot;</span> <span class='ocrx_word' id='word_1_724' title='bbox 1014 5012 1145 5068; x_wconf 84' lang='lat' dir='ltr'><strong>ibid.</strong></span> <span class='ocrx_word' id='word_1_725' title='bbox 1174 5010 1229 5068; x_wconf 76' lang='lat'><strong>2.</strong></span> <span class='ocrx_word' id='word_1_726' title='bbox 1325 5012 1374 5045; x_wconf 75' lang='grc'>’⁸</span> <span class='ocrx_word' id='word_1_727' title='bbox 1393 5011 1520 5068; x_wconf 85' lang='lat' dir='ltr'><strong>ibid.</strong></span> <span class='ocrx_word' id='word_1_728' title='bbox 1544 5012 1634 5070; x_wconf 81' lang='grc'><strong>10.</strong></span> 
     </span>
    </p>
   </div>
   <div class='ocr_carea' id='block_1_97' title="bbox 90 5071 978 5148">
    <p class='ocr_par' dir='ltr' id='par_1_97' title="bbox 90 5071 978 5148">
     <span class='ocr_line' id='line_1_97' title="bbox 90 5071 978 5148; baseline 0.012 -21"><span class='ocrx_word' id='word_1_729' title='bbox 90 5071 126 5104; x_wconf 73' lang='grc' dir='ltr'><strong>ιι</strong></span> <span class='ocrx_word' id='word_1_730' title='bbox 153 5076 208 5130; x_wconf 88' lang='lat' dir='ltr'><strong>lll</strong></span> <span class='ocrx_word' id='word_1_731' title='bbox 229 5077 353 5148; x_wconf 81' lang='lat' dir='ltr'><strong>Reg.</strong></span> <span class='ocrx_word' id='word_1_732' title='bbox 376 5071 454 5145; x_wconf 68' lang='lat' dir='ltr'><strong>in,</strong></span> <span class='ocrx_word' id='word_1_733' title='bbox 485 5071 609 5137; x_wconf 76' lang='lat'><strong>2&#39;1.’</strong></span> <span class='ocrx_word' id='word_1_734' title='bbox 650 5083 696 5115; x_wconf 68' lang='grc' dir='ltr'><strong>δ’</strong></span> <span class='ocrx_word' id='word_1_735' title='bbox 717 5071 858 5138; x_wconf 77' lang='lat' dir='ltr'><strong>ibid.</strong></span> <span class='ocrx_word' id='word_1_736' title='bbox 885 5082 978 5139; x_wconf 67' lang='grc' dir='ltr'><strong>εδ.</strong></span> 
     </span>
    </p>
   </div>
   <div class='ocr_carea' id='block_1_98' title="bbox 99 5192 1630 5278">
    <p class='ocr_par' dir='ltr' id='par_1_98' title="bbox 99 5192 1630 5278">
     <span class='ocr_line' id='line_1_98' title="bbox 99 5192 1630 5278; baseline 0.007 -37"><span class='ocrx_word' id='word_1_737' title='bbox 99 5192 293 5278; x_wconf 76' lang='lat' dir='ltr'><strong>llnetins</strong></span> <span class='ocrx_word' id='word_1_738' title='bbox 335 5197 682 5253; x_wconf 87' lang='lat' dir='ltr'><strong>scribendum</strong></span> <span class='ocrx_word' id='word_1_739' title='bbox 728 5200 978 5262; x_wconf 85' lang='lat' dir='ltr'><strong>censuit,</strong></span> <span class='ocrx_word' id='word_1_740' title='bbox 1017 5198 1096 5270; x_wconf 83' lang='grc' dir='ltr'>τῷ</span> <span class='ocrx_word' id='word_1_741' title='bbox 1131 5199 1270 5270; x_wconf 81' lang='grc' dir='ltr'>ἁγίῳ</span> <span class='ocrx_word' id='word_1_742' title='bbox 1301 5197 1412 5270; x_wconf 79' lang='grc' dir='ltr'><strong>ναῷ</strong></span> <span class='ocrx_word' id='word_1_743' title='bbox 1453 5199 1514 5252; x_wconf 79' lang='grc' dir='ltr'>ἐν</span> <span class='ocrx_word' id='word_1_744' title='bbox 1551 5195 1630 5270; x_wconf 83' lang='grc' dir='ltr'>τῷ</span> 
     </span>
    </p>
   </div>
   <div class='ocr_carea' id='block_1_99' title="bbox 95 5277 459 5335">
    <p class='ocr_par' dir='ltr' id='par_1_99' title="bbox 95 5277 459 5335">
     <span class='ocr_line' id='line_1_99' title="bbox 95 5277 459 5335; baseline 0.025 -24"><span class='ocrx_word' id='word_1_745' title='bbox 95 5277 326 5335; x_wconf 81' lang='grc' dir='ltr'>τεταρτῳ.</span> <span class='ocrx_word' id='word_1_746' title='bbox 353 5279 459 5322; x_wconf 89' lang='lat' dir='ltr'><strong>etc.</strong></span> 
     </span>
    </p>
   </div>
   <div class='ocr_carea' id='block_1_100' title="bbox 158 5336 1632 5410">
    <p class='ocr_par' dir='ltr' id='par_1_100' title="bbox 158 5336 1632 5410">
     <span class='ocr_line' id='line_1_100' title="bbox 158 5336 1632 5410; baseline 0.002 -21"><span class='ocrx_word' id='word_1_747' title='bbox 158 5336 568 5410; x_wconf 13' lang='lat' dir='ltr'><strong>(46)7‘07€od6t</strong></span> <span class='ocrx_word' id='word_1_748' title='bbox 613 5339 891 5410; x_wconf 74' lang='grc' dir='ltr'>μέντοιγε</span> <span class='ocrx_word' id='word_1_749' title='bbox 938 5340 1117 5408; x_wconf 70' lang='grc' dir='ltr'>ἐτῶν,</span> <span class='ocrx_word' id='word_1_750' title='bbox 1167 5352 1274 5394; x_wconf 85' lang='lat' dir='ltr'><strong>elc.</strong></span> <span class='ocrx_word' id='word_1_751' title='bbox 1336 5339 1632 5394; x_wconf 87' lang='lat' dir='ltr'><strong>Undecimo</strong></span> 
     </span>
    </p>
   </div>
   <div class='ocr_carea' id='block_1_101' title="bbox 99 5409 1648 5481">
    <p class='ocr_par' dir='ltr' id='par_1_101' title="bbox 99 5409 1648 5481">
     <span class='ocr_line' id='line_1_101' title="bbox 99 5409 1648 5481; baseline 0.006 -28"><span class='ocrx_word' id='word_1_752' title='bbox 99 5409 620 5481; x_wconf 66' lang='lat' dir='ltr'><strong>annoabanspicato</strong></span> <span class='ocrx_word' id='word_1_753' title='bbox 647 5409 950 5466; x_wconf 84' lang='lat' dir='ltr'><strong>Salomonis</strong></span> <span class='ocrx_word' id='word_1_754' title='bbox 978 5427 1161 5481; x_wconf 84' lang='lat' dir='ltr'><strong>regno,</strong></span> <span class='ocrx_word' id='word_1_755' title='bbox 1193 5419 1384 5465; x_wconf 82' lang='lat' dir='ltr'><strong>octavo</strong></span> <span class='ocrx_word' id='word_1_756' title='bbox 1413 5426 1440 5464; x_wconf 90' lang='lat' dir='ltr'><strong>a</strong></span> <span class='ocrx_word' id='word_1_757' title='bbox 1469 5411 1648 5481; x_wconf 78' lang='lat' dir='ltr'><strong>jaetis-</strong></span> 
     </span>
    </p>
   </div>
   <div class='ocr_carea' id='block_1_102' title="bbox 101 5477 1631 5550">
    <p class='ocr_par' dir='ltr' id='par_1_102' title="bbox 101 5477 1631 5550">
     <span class='ocr_line' id='line_1_102' title="bbox 101 5477 1631 5550; baseline -0.001 -16"><span class='ocrx_word' id='word_1_758' title='bbox 101 5477 264 5550; x_wconf 47' lang='lat' dir='ltr'><strong>“futtili</strong></span> <span class='ocrx_word' id='word_1_759' title='bbox 311 5478 714 5534; x_wconf 77' lang='lat' dir='ltr'><strong>fundamentis:</strong></span> <span class='ocrx_word' id='word_1_760' title='bbox 747 5477 1265 5550; x_wconf 58' lang='lat' dir='ltr'><strong>septentrio&#39;qnippe</strong></span> <span class='ocrx_word' id='word_1_761' title='bbox 1312 5477 1500 5548; x_wconf 74' lang='lat' dir='ltr'><strong>ingens</strong></span> <span class='ocrx_word' id='word_1_762' title='bbox 1546 5480 1631 5533; x_wconf 82' lang='lat' dir='ltr'><strong>illa</strong></span> 
     </span>
    </p>
   </div>
   <div class='ocr_carea' id='block_1_103' title="bbox 99 5548 1631 5627">
    <p class='ocr_par' dir='ltr' id='par_1_103' title="bbox 99 5548 1631 5627">
     <span class='ocr_line' id='line_1_103' title="bbox 99 5548 1631 5627; baseline 0.007 -35"><span class='ocrx_word' id='word_1_763' title='bbox 99 5548 287 5627; x_wconf 64' lang='lat' dir='ltr'><strong>aedilicii</strong></span> <span class='ocrx_word' id='word_1_764' title='bbox 319 5551 484 5627; x_wconf 79' lang='lat' dir='ltr'><strong>moles</strong></span> <span class='ocrx_word' id='word_1_765' title='bbox 516 5551 763 5627; x_wconf 71' lang='lat' dir='ltr'><strong>absoluta</strong></span> <span class='ocrx_word' id='word_1_766' title='bbox 794 5548 898 5606; x_wconf 79' lang='lat' dir='ltr'><strong>est.</strong></span> <span class='ocrx_word' id='word_1_767' title='bbox 929 5548 1272 5623; x_wconf 48' lang='lat' dir='ltr'><strong>Josephflib.</strong></span> <span class='ocrx_word' id='word_1_768' title='bbox 1301 5566 1396 5606; x_wconf 80' lang='lat' dir='ltr'><strong>vtit</strong></span> <span class='ocrx_word' id='word_1_769' title='bbox 1425 5551 1631 5627; x_wconf 49' lang='lat' dir='ltr'><strong>Arnim,</strong></span> 
     </span>
    </p>
   </div>
   <div class='ocr_carea' id='block_1_104' title="bbox 100 5617 878 5682">
    <p class='ocr_par' dir='ltr' id='par_1_104' title="bbox 100 5617 878 5682">
     <span class='ocr_line' id='line_1_104' title="bbox 100 5617 878 5682; baseline 0.019 -21"><span class='ocrx_word' id='word_1_770' title='bbox 100 5631 203 5679; x_wconf 73' lang='lat' dir='ltr'><strong>cup.</strong></span> <span class='ocrx_word' id='word_1_771' title='bbox 229 5617 282 5682; x_wconf 76' lang='grc'>2,</span> <span class='ocrx_word' id='word_1_772' title='bbox 306 5636 355 5673; x_wconf 91' lang='lat' dir='ltr'><strong>n.</strong></span> <span class='ocrx_word' id='word_1_773' title='bbox 383 5625 417 5674; x_wconf 71' lang='grc'>4</span> <span class='ocrx_word' id='word_1_774' title='bbox 442 5631 498 5675; x_wconf 90' lang='lat' dir='ltr'><strong>et</strong></span> <span class='ocrx_word' id='word_1_775' title='bbox 528 5621 580 5675; x_wconf 80' lang='grc'><strong>5.</strong></span> <span class='ocrx_word' id='word_1_776' title='bbox 623 5622 878 5678; x_wconf 79' lang='lat' dir='ltr'><strong>HUETIUS.</strong></span> 
     </span>
    </p>
   </div>
   <div class='ocr_carea' id='block_1_105' title="bbox 162 5684 1634 5764">
    <p class='ocr_par' dir='ltr' id='par_1_105' title="bbox 162 5684 1634 5764">
     <span class='ocr_line' id='line_1_105' title="bbox 162 5684 1634 5764; baseline -0.008 -9"><span class='ocrx_word' id='word_1_777' title='bbox 162 5684 262 5764; x_wconf 68' lang='lat' dir='ltr'><strong>lt“)</strong></span> <span class='ocrx_word' id='word_1_778' title='bbox 297 5684 436 5759; x_wconf 77' lang='grc' dir='ltr'>Ἆρα</span> <span class='ocrx_word' id='word_1_779' title='bbox 466 5690 576 5761; x_wconf 76' lang='grc' dir='ltr'>γὰρ</span> <span class='ocrx_word' id='word_1_780' title='bbox 607 5697 658 5747; x_wconf 72' lang='grc' dir='ltr'>οἱ</span> <span class='ocrx_word' id='word_1_781' title='bbox 701 5693 820 5746; x_wconf 80' lang='grc' dir='ltr'>τῶν</span> <span class='ocrx_word' id='word_1_782' title='bbox 851 5693 1163 5764; x_wconf 73' lang='grc' dir='ltr'>,βασιλέων</span> <span class='ocrx_word' id='word_1_783' title='bbox 1190 5691 1330 5764; x_wconf 73' lang='grc' dir='ltr'>υἱοί.</span> <span class='ocrx_word' id='word_1_784' title='bbox 1358 5698 1462 5764; x_wconf 79' lang='lat' dir='ltr'><strong>etc.</strong></span> <span class='ocrx_word' id='word_1_785' title='bbox 1492 5690 1634 5764; x_wconf 82' lang='lat' dir='ltr'><strong>LXX</strong></span> 
     </span>
    </p>
   </div>
   <div class='ocr_carea' id='block_1_106' title="bbox 103 5760 1634 5835">
    <p class='ocr_par' dir='ltr' id='par_1_106' title="bbox 103 5760 1634 5835">
     <span class='ocr_line' id='line_1_106' title="bbox 103 5760 1634 5835; baseline -0.003 -17"><span class='ocrx_word' id='word_1_786' title='bbox 103 5760 936 5835; x_wconf 35' lang='grc' dir='ltr'>εἶἰἱιξςβτιιιιι,καὶηὲπελέκησαν</span> <span class='ocrx_word' id='word_1_787' title='bbox 980 5766 1029 5817; x_wconf 90' lang='grc' dir='ltr'>οἱ</span> <span class='ocrx_word' id='word_1_788' title='bbox 1071 5763 1175 5816; x_wconf 72' lang='grc' dir='ltr'>υἱοὶ</span> <span class='ocrx_word' id='word_1_789' title='bbox 1212 5760 1494 5835; x_wconf 63' lang='grc' dir='ltr'>Σαλομὼν,</span> <span class='ocrx_word' id='word_1_790' title='bbox 1540 5763 1634 5815; x_wconf 76' lang='grc' dir='ltr'>καὶ</span> 
     </span>
    </p>
   </div>
   <div class='ocr_carea' id='block_1_107' title="bbox 105 5825 1640 5904">
    <p class='ocr_par' dir='ltr' id='par_1_107' title="bbox 105 5825 1640 5904">
     <span class='ocr_line' id='line_1_107' title="bbox 105 5825 1640 5904; baseline 0.003 -27"><span class='ocrx_word' id='word_1_791' title='bbox 105 5825 146 5874; x_wconf 73' lang='grc' dir='ltr'>οἱ</span> <span class='ocrx_word' id='word_1_792' title='bbox 179 5828 275 5880; x_wconf 72' lang='grc' dir='ltr'>υἱοὶ</span> <span class='ocrx_word' id='word_1_793' title='bbox 308 5831 533 5904; x_wconf 75' lang='grc' dir='ltr'>Χειράμ.</span> <span class='ocrx_word' id='word_1_794' title='bbox 570 5834 777 5891; x_wconf 74' lang='lat' dir='ltr'><strong>Fcl&#39;cllit</strong></span> <span class='ocrx_word' id='word_1_795' title='bbox 815 5825 908 5890; x_wconf 69' lang='lat' dir='ltr'><strong>eos</strong></span> <span class='ocrx_word' id='word_1_796' title='bbox 943 5851 1040 5891; x_wconf 74' lang='lat' dir='ltr'><strong>vox</strong></span> <span class='ocrx_word' id='word_1_797' title='bbox 1071 5842 1184 5899; x_wconf 69' lang='lat'><strong>913,</strong></span> <span class='ocrx_word' id='word_1_798' title='bbox 1227 5825 1365 5904; x_wconf 44' lang='lat' dir='ltr'><strong>qua:-</strong></span> <span class='ocrx_word' id='word_1_799' title='bbox 1410 5832 1640 5888; x_wconf 77' lang='lat' dir='ltr'><strong>habetur</strong></span> 
     </span>
    </p>
   </div>
   <div class='ocr_carea' id='block_1_108' title="bbox 1742 4605 3314 4681">
    <p class='ocr_par' dir='ltr' id='par_1_108' title="bbox 1742 4605 3314 4681">
     <span class='ocr_line' id='line_1_108' title="bbox 1742 4605 3314 4681; baseline 0.002 -17"><span class='ocrx_word' id='word_1_800' title='bbox 1742 4624 1862 4664; x_wconf 87' lang='lat' dir='ltr'><strong>mus</strong></span> <span class='ocrx_word' id='word_1_801' title='bbox 1901 4608 2185 4662; x_wconf 88' lang='lat' dir='ltr'><strong>inauratur</strong></span> <span class='ocrx_word' id='word_1_802' title='bbox 2218 4625 2234 4663; x_wconf 88' lang='lat'><strong>:</strong></span> <span class='ocrx_word' id='word_1_803' title='bbox 2274 4625 2294 4660; x_wconf 79' lang='grc' dir='ltr'><strong>ι</strong></span> <span class='ocrx_word' id='word_1_804' title='bbox 2333 4605 2529 4663; x_wconf 87' lang='lat' dir='ltr'><strong>Totam</strong></span> <span class='ocrx_word' id='word_1_805' title='bbox 2589 4609 2732 4664; x_wconf 90' lang='lat' dir='ltr'><strong>enim</strong></span> <span class='ocrx_word' id='word_1_806' title='bbox 2757 4653 2771 4678; x_wconf 92' lang='lat'><strong>,</strong></span> <span class='ocrx_word' id='word_1_807' title='bbox 2833 4609 3045 4681; x_wconf 87' lang='lat' dir='ltr'><strong>inquit,</strong></span> <span class='ocrx_word' id='word_1_808' title='bbox 3095 4610 3314 4667; x_wconf 89' lang='lat' dir='ltr'><strong>domum</strong></span> 
     </span>
    </p>
   </div>
   <div class='ocr_carea' id='block_1_109' title="bbox 1741 4701 3315 4773">
    <p class='ocr_par' dir='ltr' id='par_1_109' title="bbox 1741 4701 3315 4773">
     <span class='ocr_line' id='line_1_109' title="bbox 1741 4701 3315 4773; baseline 0.003 -18"><span class='ocrx_word' id='word_1_809' title='bbox 1741 4717 1876 4756; x_wconf 88' lang='lat' dir='ltr'><strong>auro</strong></span> <span class='ocrx_word' id='word_1_810' title='bbox 1915 4703 2344 4770; x_wconf 86' lang='lat' dir='ltr'><strong>circumquaque</strong></span> <span class='ocrx_word' id='word_1_811' title='bbox 2375 4701 2592 4754; x_wconf 88' lang='lat' dir='ltr'><strong>auravit</strong></span> <span class='ocrx_word' id='word_1_812' title='bbox 2633 4716 2808 4770; x_wconf 88' lang='lat' dir='ltr'><strong>usque</strong></span> <span class='ocrx_word' id='word_1_813' title='bbox 2832 4703 2900 4757; x_wconf 88' lang='lat' dir='ltr'><strong>ad</strong></span> <span class='ocrx_word' id='word_1_814' title='bbox 2928 4703 3315 4773; x_wconf 79' lang='lat' dir='ltr'><strong>perfectionem</strong></span> 
     </span>
    </p>
   </div>
   <div class='ocr_carea' id='block_1_110' title="bbox 1743 4793 3313 4854">
    <p class='ocr_par' dir='ltr' id='par_1_110' title="bbox 1743 4793 3313 4854">
     <span class='ocr_line' id='line_1_110' title="bbox 1743 4793 3313 4854; baseline 0.003 -6"><span class='ocrx_word' id='word_1_815' title='bbox 1743 4797 2005 4850; x_wconf 74' lang='lat' dir='ltr'><strong>universae</strong></span> <span class='ocrx_word' id='word_1_816' title='bbox 2037 4795 2228 4849; x_wconf 88' lang='lat' dir='ltr'><strong>domus</strong></span> <span class='ocrx_word' id='word_1_817' title='bbox 2250 4793 2314 4849; x_wconf 66' lang='grc' dir='ltr'><strong>δι.</strong></span> <span class='ocrx_word' id='word_1_818' title='bbox 2341 4812 2361 4846; x_wconf 78' lang='lat' dir='ltr'><strong>r</strong></span> <span class='ocrx_word' id='word_1_819' title='bbox 2391 4793 2657 4850; x_wconf 76' lang='lat' dir='ltr'><strong>Praeterea</strong></span> <span class='ocrx_word' id='word_1_820' title='bbox 2687 4795 2793 4852; x_wconf 90' lang='lat' dir='ltr'><strong>duo</strong></span> <span class='ocrx_word' id='word_1_821' title='bbox 2822 4797 3101 4854; x_wconf 88' lang='lat' dir='ltr'><strong>cherubim</strong></span> <span class='ocrx_word' id='word_1_822' title='bbox 3125 4799 3178 4853; x_wconf 92' lang='lat' dir='ltr'><strong>in</strong></span> <span class='ocrx_word' id='word_1_823' title='bbox 3214 4799 3313 4852; x_wconf 81' lang='lat' dir='ltr'><strong>Da-</strong></span> 
     </span>
    </p>
   </div>
   <div class='ocr_carea' id='block_1_111' title="bbox 1743 4887 3314 4960">
    <p class='ocr_par' dir='ltr' id='par_1_111' title="bbox 1743 4887 3314 4960">
     <span class='ocr_line' id='line_1_111' title="bbox 1743 4887 3314 4960; baseline 0.001 -15"><span class='ocrx_word' id='word_1_824' title='bbox 1743 4892 1829 4947; x_wconf 91' lang='lat' dir='ltr'><strong>bir</strong></span> <span class='ocrx_word' id='word_1_825' title='bbox 1850 4897 2005 4944; x_wconf 89' lang='lat' dir='ltr'><strong>erant</strong></span> <span class='ocrx_word' id='word_1_826' title='bbox 2031 4888 2099 4954; x_wconf 81' lang='grc'><strong>⁸¹,</strong></span> <span class='ocrx_word' id='word_1_827' title='bbox 2148 4888 2292 4958; x_wconf 90' lang='lat' dir='ltr'><strong>quod</strong></span> <span class='ocrx_word' id='word_1_828' title='bbox 2324 4887 2542 4958; x_wconf 86' lang='lat' dir='ltr'><strong>proprie</strong></span> <span class='ocrx_word' id='word_1_829' title='bbox 2590 4887 2935 4959; x_wconf 86' lang='lat' dir='ltr'><strong>interpretari</strong></span> <span class='ocrx_word' id='word_1_830' title='bbox 2978 4903 3084 4947; x_wconf 88' lang='lat' dir='ltr'><strong>non</strong></span> <span class='ocrx_word' id='word_1_831' title='bbox 3121 4900 3314 4960; x_wconf 88' lang='lat' dir='ltr'><strong>potue-</strong></span> 
     </span>
    </p>
   </div>
   <div class='ocr_carea' id='block_1_112' title="bbox 1734 5005 3312 5080">
    <p class='ocr_par' dir='ltr' id='par_1_112' title="bbox 1734 5005 3312 5080">
     <span class='ocr_line' id='line_1_112' title="bbox 1734 5005 3312 5080; baseline 0 -12"><span class='ocrx_word' id='word_1_832' title='bbox 1734 5012 1939 5070; x_wconf 85' lang='lat' dir='ltr'><strong>&quot;ibid.</strong></span> <span class='ocrx_word' id='word_1_833' title='bbox 1973 5007 2057 5077; x_wconf 71' lang='grc'>16,</span> <span class='ocrx_word' id='word_1_834' title='bbox 2097 5009 2186 5065; x_wconf 79' lang='grc'><strong>19.</strong></span> <span class='ocrx_word' id='word_1_835' title='bbox 2288 5005 2336 5038; x_wconf 80' lang='grc'><strong>⁸⁰</strong></span> <span class='ocrx_word' id='word_1_836' title='bbox 2378 5006 2548 5065; x_wconf 83' lang='lat' dir='ltr'><strong>Exod.</strong></span> <span class='ocrx_word' id='word_1_837' title='bbox 2585 5024 2741 5077; x_wconf 76' lang='lat' dir='ltr'><strong>mn,</strong></span> <span class='ocrx_word' id='word_1_838' title='bbox 2777 5007 2877 5076; x_wconf 73' lang='lat'><strong>18;</strong></span> <span class='ocrx_word' id='word_1_839' title='bbox 2927 5007 3084 5064; x_wconf 89' lang='lat' dir='ltr'><strong>Deut.</strong></span> <span class='ocrx_word' id='word_1_840' title='bbox 3113 5027 3192 5080; x_wconf 70' lang='grc' dir='ltr'><strong>ιι,</strong></span> <span class='ocrx_word' id='word_1_841' title='bbox 3223 5009 3312 5068; x_wconf 80' lang='grc'><strong>10.</strong></span> 
     </span>
    </p>
   </div>
   <div class='ocr_carea' id='block_1_113' title="bbox 1733 5191 3310 5264">
    <p class='ocr_par' dir='ltr' id='par_1_113' title="bbox 1733 5191 3310 5264">
     <span class='ocr_line' id='line_1_113' title="bbox 1733 5191 3310 5264; baseline -0.001 -13"><span class='ocrx_word' id='word_1_842' title='bbox 1733 5194 1798 5251; x_wconf 85' lang='lat' dir='ltr'><strong>lll</strong></span> <span class='ocrx_word' id='word_1_843' title='bbox 1845 5193 1980 5264; x_wconf 80' lang='lat' dir='ltr'><strong>Reg.</strong></span> <span class='ocrx_word' id='word_1_844' title='bbox 2009 5209 2065 5257; x_wconf 84' lang='lat' dir='ltr'><strong>v.</strong></span> <span class='ocrx_word' id='word_1_845' title='bbox 2091 5193 2182 5259; x_wconf 72' lang='lat'><strong>18,</strong></span> <span class='ocrx_word' id='word_1_846' title='bbox 2217 5193 2360 5248; x_wconf 90' lang='lat' dir='ltr'><strong>unde</strong></span> <span class='ocrx_word' id='word_1_847' title='bbox 2394 5192 2557 5264; x_wconf 77' lang='lat' dir='ltr'><strong>locus</strong></span> <span class='ocrx_word' id='word_1_848' title='bbox 2586 5191 2681 5247; x_wconf 87' lang='lat' dir='ltr'><strong>ille</strong></span> <span class='ocrx_word' id='word_1_849' title='bbox 2723 5192 2832 5247; x_wconf 85' lang='grc' dir='ltr'><strong>τῶν</strong></span> <span class='ocrx_word' id='word_1_850' title='bbox 2863 5194 2921 5246; x_wconf 89' lang='lat'><strong>0&#39;</strong></span> <span class='ocrx_word' id='word_1_851' title='bbox 2957 5194 3310 5264; x_wconf 82' lang='lat' dir='ltr'><strong>deprompttts</strong></span> 
     </span>
    </p>
   </div>
   <div class='ocr_carea' id='block_1_114' title="bbox 1736 5261 3313 5333">
    <p class='ocr_par' dir='ltr' id='par_1_114' title="bbox 1736 5261 3313 5333">
     <span class='ocr_line' id='line_1_114' title="bbox 1736 5261 3313 5333; baseline -0.002 -13"><span class='ocrx_word' id='word_1_852' title='bbox 1736 5275 1852 5330; x_wconf 87' lang='lat' dir='ltr'><strong>est;</strong></span> <span class='ocrx_word' id='word_1_853' title='bbox 1894 5261 2216 5319; x_wconf 75' lang='lat' dir='ltr'><strong>vocabulum</strong></span> <span class='ocrx_word' id='word_1_854' title='bbox 2254 5268 2455 5333; x_wconf 83' lang='lat' dir='ltr'><strong>quippe</strong></span> <span class='ocrx_word' id='word_1_855' title='bbox 2505 5261 2633 5333; x_wconf 75' lang='lat' dir='ltr'><strong>illud</strong></span> <span class='ocrx_word' id='word_1_856' title='bbox 2683 5279 2782 5332; x_wconf 88' lang='lat' dir='ltr'><strong>pro</strong></span> <span class='ocrx_word' id='word_1_857' title='bbox 2847 5261 3313 5333; x_wconf 27' lang='lat' dir='ltr'><strong>pttnctornm‘va-</strong></span> 
     </span>
    </p>
   </div>
   <div class='ocr_carea' id='block_1_115' title="bbox 1741 5332 3150 5403">
    <p class='ocr_par' dir='ltr' id='par_1_115' title="bbox 1741 5332 3150 5403">
     <span class='ocr_line' id='line_1_115' title="bbox 1741 5332 3150 5403; baseline -0.002 -13"><span class='ocrx_word' id='word_1_858' title='bbox 1741 5337 1935 5390; x_wconf 81' lang='lat' dir='ltr'><strong>rictnle</strong></span> <span class='ocrx_word' id='word_1_859' title='bbox 1961 5335 2044 5387; x_wconf 81' lang='lat' dir='ltr'><strong>vel</strong></span> <span class='ocrx_word' id='word_1_860' title='bbox 2079 5335 2220 5401; x_wconf 75' lang='lat' dir='ltr'><strong>ﬁlios</strong></span> <span class='ocrx_word' id='word_1_861' title='bbox 2253 5335 2334 5386; x_wconf 80' lang='lat' dir='ltr'><strong>ve!</strong></span> <span class='ocrx_word' id='word_1_862' title='bbox 2370 5332 2717 5403; x_wconf 65' lang='lat' dir='ltr'><strong>ardiﬁcalores</strong></span> <span class='ocrx_word' id='word_1_863' title='bbox 2747 5335 3038 5403; x_wconf 73' lang='lat' dir='ltr'><strong>signiﬁcat.</strong></span> <span class='ocrx_word' id='word_1_864' title='bbox 3075 5333 3150 5387; x_wconf 85' lang='lat' dir='ltr'><strong>lo.</strong></span> 
     </span>
    </p>
   </div>
   <div class='ocr_carea' id='block_1_116' title="bbox 1811 5402 3316 5478">
    <p class='ocr_par' dir='ltr' id='par_1_116' title="bbox 1811 5402 3316 5478">
     <span class='ocr_line' id='line_1_116' title="bbox 1811 5402 3316 5478; baseline 0 -18"><span class='ocrx_word' id='word_1_865' title='bbox 1811 5406 1934 5478; x_wconf 31' lang='lat'><strong>(1’98)</strong></span> <span class='ocrx_word' id='word_1_866' title='bbox 1985 5403 2514 5474; x_wconf 81' lang='grc' dir='ltr'>Ἐπισημειὼσεως.</span> <span class='ocrx_word' id='word_1_867' title='bbox 2580 5402 2933 5458; x_wconf 66' lang='lat' dir='ltr'><strong>Desiderantur</strong></span> <span class='ocrx_word' id='word_1_868' title='bbox 2993 5403 3046 5457; x_wconf 87' lang='lat' dir='ltr'><strong>iu</strong></span> <span class='ocrx_word' id='word_1_869' title='bbox 3123 5405 3316 5461; x_wconf 81' lang='lat' dir='ltr'><strong>codice</strong></span> 
     </span>
    </p>
   </div>
   <div class='ocr_carea' id='block_1_117' title="bbox 1741 5477 2052 5530">
    <p class='ocr_par' dir='ltr' id='par_1_117' title="bbox 1741 5477 2052 5530">
     <span class='ocr_line' id='line_1_117' title="bbox 1741 5477 2052 5530; baseline -0.003 0"><span class='ocrx_word' id='word_1_870' title='bbox 1741 5477 2052 5530; x_wconf 86' lang='lat' dir='ltr'><strong>Bodleiano.</strong></span> 
     </span>
    </p>
   </div>
   <div class='ocr_carea' id='block_1_118' title="bbox 1813 5544 2953 5616">
    <p class='ocr_par' dir='ltr' id='par_1_118' title="bbox 1813 5544 2953 5616">
     <span class='ocr_line' id='line_1_118' title="bbox 1813 5544 2953 5616; baseline 0 -18"><span class='ocrx_word' id='word_1_871' title='bbox 1813 5544 1925 5616; x_wconf 72' lang='grc'>(49)</span> <span class='ocrx_word' id='word_1_872' title='bbox 1965 5547 2143 5600; x_wconf 75' lang='lat' dir='ltr'><strong>Culex</strong></span> <span class='ocrx_word' id='word_1_873' title='bbox 2181 5544 2522 5616; x_wconf 11' lang='lat' dir='ltr'><strong>Bodleiann‘s.</strong></span> <span class='ocrx_word' id='word_1_874' title='bbox 2553 5545 2953 5616; x_wconf 75' lang='grc' dir='ltr'>τυγχανόντων.</span> 
     </span>
    </p>
   </div>
   <div class='ocr_carea' id='block_1_119' title="bbox 1813 5614 2853 5691">
    <p class='ocr_par' dir='ltr' id='par_1_119' title="bbox 1813 5614 2853 5691">
     <span class='ocr_line' id='line_1_119' title="bbox 1813 5614 2853 5691; baseline -0.022 -1"><span class='ocrx_word' id='word_1_875' title='bbox 1813 5614 1926 5691; x_wconf 55' lang='grc' dir='ltr'><strong>(δι’)</strong></span> <span class='ocrx_word' id='word_1_876' title='bbox 1967 5617 2143 5691; x_wconf 58' lang='grc' dir='ltr'><strong>βυάνι</strong></span> <span class='ocrx_word' id='word_1_877' title='bbox 2178 5616 2396 5691; x_wconf 61' lang='lat' dir='ltr'><strong>lit-gius,</strong></span> <span class='ocrx_word' id='word_1_878' title='bbox 2433 5614 2536 5691; x_wconf 74' lang='grc' dir='ltr'><strong>ἔξω</strong></span> <span class='ocrx_word' id='word_1_879' title='bbox 2569 5615 2662 5668; x_wconf 86' lang='grc' dir='ltr'><strong>τοῦ</strong></span> <span class='ocrx_word' id='word_1_880' title='bbox 2693 5615 2853 5668; x_wconf 86' lang='grc' dir='ltr'>κατά.</span> 
     </span>
    </p>
   </div>
   <div class='ocr_carea' id='block_1_120' title="bbox 1837 5684 2690 5756">
    <p class='ocr_par' dir='ltr' id='par_1_120' title="bbox 1837 5684 2690 5756">
     <span class='ocr_line' id='line_1_120' title="bbox 1837 5684 2690 5756; baseline 0 -16"><span class='ocrx_word' id='word_1_881' title='bbox 1837 5684 1926 5756; x_wconf 77' lang='lat' dir='ltr'><strong>Si)</strong></span> <span class='ocrx_word' id='word_1_882' title='bbox 1965 5688 2142 5742; x_wconf 74' lang='lat' dir='ltr'><strong>Codex</strong></span> <span class='ocrx_word' id='word_1_883' title='bbox 2178 5685 2399 5754; x_wconf 75' lang='lat' dir='ltr'><strong>Regius,</strong></span> <span class='ocrx_word' id='word_1_884' title='bbox 2438 5684 2690 5756; x_wconf 84' lang='grc' dir='ltr'>μάλιστα.</span> 
     </span>
    </p>
   </div>
   <div class='ocr_carea' id='block_1_121' title="bbox 1838 5755 3313 5829">
    <p class='ocr_par' dir='ltr' id='par_1_121' title="bbox 1838 5755 3313 5829">
     <span class='ocr_line' id='line_1_121' title="bbox 1838 5755 3313 5829; baseline 0.001 -17"><span class='ocrx_word' id='word_1_885' title='bbox 1838 5755 1926 5829; x_wconf 72' lang='lat'><strong>5?.)</strong></span> <span class='ocrx_word' id='word_1_886' title='bbox 1965 5758 2200 5827; x_wconf 81' lang='grc' dir='ltr'>Δεσμοί.</span> <span class='ocrx_word' id='word_1_887' title='bbox 2246 5759 2336 5812; x_wconf 77' lang='lat' dir='ltr'><strong>Sic</strong></span> <span class='ocrx_word' id='word_1_888' title='bbox 2369 5755 2532 5812; x_wconf 61' lang='lat' dir='ltr'><strong>codex</strong></span> <span class='ocrx_word' id='word_1_889' title='bbox 2572 5757 2928 5824; x_wconf 78' lang='lat' dir='ltr'><strong>Bodleianus;</strong></span> <span class='ocrx_word' id='word_1_890' title='bbox 2962 5755 3186 5829; x_wconf 67' lang='lat' dir='ltr'><strong>Regius,</strong></span> <span class='ocrx_word' id='word_1_891' title='bbox 3227 5757 3313 5815; x_wconf 75' lang='grc' dir='ltr'><strong>ἐν-</strong></span> 
     </span>
    </p>
   </div>
   <div class='ocr_carea' id='block_1_122' title="bbox 1741 5830 1950 5902">
    <p class='ocr_par' dir='ltr' id='par_1_122' title="bbox 1741 5830 1950 5902">
     <span class='ocr_line' id='line_1_122' title="bbox 1741 5830 1950 5902; baseline -0.01 -18"><span class='ocrx_word' id='word_1_892' title='bbox 1741 5830 1950 5902; x_wconf 84' lang='grc' dir='ltr'>δεσμοι.</span> 
     </span>
    </p>
   </div>
  </div>
