3702 6142
329 250 432 306 381

1793 237 2117 296 οιιιοΕΝιε

3507 245 3612 302 588

327 381 475 432 runt,
510 366 602 438 qhi
648 379 738 423 res
778 364 1078 422 Hebraicas
1124 363 1179 418 in
1209 361 1457 417 Graecum
1491 357 1882 415 transtulerunt

2084 356 2161 422 οῦ,
2195 357 2519 428 τιμιώτερον
2568 355 2903 428 τυγχάνοντα
2953 355 3085 426 (55).
3121 358 3309 414 Πάντα
3357 357 3616 430 μέντοιγε

324 461 562 515 Alnisive
594 469 775 514 autem
809 459 1030 526 quidam
1072 457 1215 511 hunc
1246 455 1424 511 locum
1470 454 1726 509 dixerunt
1772 460 1915 506 tem-

326 555 470 621 plum
497 553 642 622 quod
683 551 1057 608 honorabilius
1082 550 1282 620 templo
1313 547 1620 604 exsisteret.
1647 543 1915 620 Caeterum

325 658 444 713 qua:
469 645 523 698 in
550 644 707 698 domo
725 642 931 707 sunt“,
959 640 1094 695 fiunt.
1118 648 1232 696 tota
1254 654 1438 704 aurea,
1463 637 1516 691 in
1540 636 1750 706 signum
1773 633 1919 704 quod

329 755 485 796 mens
512 739 736 796 omnino
766 736 1010 808 perfecta
1039 742 1352 790 accuratam
1388 729 1779 786 discretionem
1813 728 1915 782 ha-

328 833 456 888 beat
501 847 682 887 rerum
740 845 863 902 quae
918 837 1098 884 mente
1158 824 1569 896 percipiuntur;
1615 834 1737 891 quae
1793 833 1922 888 quo-

328 927 474 980 niam
503 925 727 981 omnino
770 923 955 994 pervia
987 929 1044 976 et
1085 916 1478 990 cognoscibilia
1507 928 1614 969 non
1656 920 1804 977 sunt,
1839 908 1922 964 fa-

2023 448 2222 520 χρυσὸς
2262 447 2329 501 τά
2383 448 2523 502 κατά
2563 448 2654 502 τὸν
2696 444 2844 503 οἶκον
2887 450 3192 521 γεγένηται,
3224 453 3308 514 είς
3341 451 3616 522 σύμϐολον

2022 540 2117 595 τοῦ
2157 539 2534 612 τελειουμένου
2576 540 2793 607 πάντως
2828 542 2920 596 νοῦ
2956 543 3092 616 πρὸς
3127 545 3227 616 τὴν
3259 544 3373 598 τῶν
3406 544 3616 613 νοητῶν

2024 633 2228 706 ἀκριϐῆ
2257 633 2519 701 ἀπόταξιν
2558 634 2666 704 (54)
2688 651 2703 666 ο
2739 636 2861 688 ἐπεὶ
2903 635 2960 689 δὲ
2993 638 3338 691 παντάπασιν
3365 636 3477 690 οὐκ
3502 636 3617 689 ἔστι

2027 726 2162 798 βατά
2185 727 2280 780 καὶ
2311 725 2547 796 γνωστὰ,
2577 727 2934 798 οἰκοδομεῖται
2965 731 3368 801 καταπέτασμα
3387 728 3494 800 τῆς
3525 727 3617 780 αῦ-

2023 819 2140 890 λῆς,
2174 821 2287 882 τοῖς
2330 817 2544 882 πολλοῖς
2571 817 2678 874 τῶν
2711 819 2901 892 ἱερέων
2930 821 3023 875 καὶ
3065 821 3311 876 Λευιτῶν
3340 820 3449 875 οὐκ
3488 820 3618 874 ἀπο-

2028 910 2452 983 καλυπτομένων
2472 911 2581 964 τῶν
2614 911 2899 966 ἐνδοτάτω.

329 1019 573 1075 bricatur
623 1015 866 1071 velamen
916 1012 1083 1079 aulae,
1133 1008 1485 1080 penitissimis
1535 1021 1642 1061 non
1695 1003 1914 1060 retectis
1946 1003 2254 1059 Levitarum
2284 1013 2339 1058 et
2370 1002 2716 1058 sacerdotum
2750 1004 3143 1074 compluribus.

324 1146 330 1172 ι
397 1113 564 1186 206
601 1113 692 1168 25.
737 1113 980 1180 Quaesitu
1011 1122 1190 1167 autem
1240 1110 1461 1180 dignum
1510 1115 1595 1163 est
1648 1105 1917 1175 quomodo

332 1215 587 1278 tanquam
634 1220 730 1261 rex
774 1207 988 1261 dicatur
1023 1203 1278 1259 Salomon
1311 1200 1582 1256 aediﬁcare
1626 1197 1912 1268 templum,

330 1308 386 1355 et
415 1298 636 1354 Chiram
684 1307 944 1366 tanquam
989 1295 1321 1349 architectus
1347 1292 1394 1324 ⁸⁸
1429 1308 1443 1343 :
1487 1305 1648 1362 quem
1678 1289 1915 1343 accitum

331 1391 534 1461 recepit
557 1387 814 1446 Salomon
847 1388 1018 1442 filium
1061 1385 1306 1457 conjugis
1347 1385 1524 1440 viduae
1555 1398 1620 1437 ex
1652 1382 1796 1453 Tyro
1819 1421 1832 1445 ,
1862 1389 1918 1435 et

330 1492 486 1550 patre
525 1479 709 1551 Tyrio,
751 1489 804 1533 et
832 1492 864 1533 e
894 1477 1038 1533 tribu
1080 1474 1641 1546 Nephtbalim;faber
1667 1473 1914 1538 a2rarins,

330 1581 386 1627 et
414 1571 600 1642 plenus
636 1569 899 1640 sapientia
935 1579 990 1624 et
1015 1568 1291 1640 agnitione
1316 1571 1385 1621 ad
1418 1565 1722 1621 faciendum
1753 1578 1916 1619 omne

331 1675 465 1730 Opus
501 1676 569 1716 ex
603 1675 740 1727 acre;
771 1660 863 1730 qui
913 1674 1038 1714 cum
1071 1658 1336 1712 adductus
1371 1654 1564 1711 fuisset
1613 1654 1680 1709 ad
1734 1667 1914 1724 regem

2090 1103 2182 1156 25.
2222 1100 2404 1166 ’Ἄξιον
2431 1100 2488 1154 δὲ
2521 1100 2752 1172 ζητῆσαι
2788 1100 2903 1164 πῶς
2934 1101 3009 1165 ὡς
3041 1103 3139 1174 μὲν
3170 1102 3428 1174 βασιλεὺς
3458 1104 3620 1158 Σολο-

2023 1195 2141 1268 μὼν
2187 1196 2282 1249 καὶ
2321 1193 2620 1265 οἰκοδομεῖν
2651 1195 2740 1247 τὸν
2772 1195 2898 1248 ναὸν
2940 1195 3173 1263 λέγεται,
3206 1198 3283 1261 ὡς
3311 1198 3360 1250 δ2
3391 1200 3619 1271 ἀρχιτέ-

2019 1305 2163 1342 κτων
2209 1288 2266 1341 ὃν
2314 1287 2501 1342 ἔλαϐεν
2550 1286 2873 1351 ἀποστείλας
2918 1289 2947 1340 6
2986 1287 3236 1359 Σολομὼν
3279 1292 3512 1362 Χειρὰμ
3554 1294 3618 1344 ὲκ

2021 1382 2220 1454 Τύρου,
2257 1381 2368 1434 υἱὸν
2397 1380 2652 1450 γυναικὸς
2685 1382 2877 1451 χήρας,
2908 1381 3002 1434 καὶ
3032 1377 3183 1446 οὗτος
3213 1383 3323 1436 ἀπὸ
3365 1383 3471 1454 τῆς
3518 1403 3616 1453 quo

2021 1477 2118 1547 λῆς
2151 1473 2488 1544 Νεφθαλείμ,
2535 1473 2628 1527 καὶ
2667 1475 2695 1526 6
2739 1474 2918 1545 πατὴρ
2947 1475 3108 1528 αὐτοῦ
3143 1475 3363 1547 Τύριος,
3401 1477 3614 1530 τέκτων

2022 1567 2246 1640 χαλκοῦ,
2275 1568 2370 1620 καὶ
2402 1564 2828 1638 πεπληρωμένος
2853 1567 2950 1637 τῆς
2974 1567 3238 1631 συνέσεως
3260 1570 3356 1621 καὶ
3379 1567 3613 1636 ἐπιγνώ-

2023 1676 2180 1723 σεως,
2219 1656 2312 1711 τοῦ
2363 1658 2537 1710 ποιεῖν
2586 1657 2694 1710 πᾶν
2742 1659 2898 1728 ἔργον
2941 1659 2998 1710 ὲν
3051 1657 3255 1729 χαλκῷ,
3283 1659 3342 1722 ὃς
3377 1660 3607 1730 εἰσήχθη

331 1751 695 1816 Salomouem,
740 1751 871 1808 fecit
918 1751 1101 1806 omnia
1135 1763 1321 1819 opera.
1367 1747 1606 1802 Proinde
1649 1745 1882 1816 inspicite

2084 1749 2150 1812 >6;
2177 1749 2267 1802 τὸν
2305 1748 2526 1818 βασιλέα
2560 1748 2834 1819 Σολομὼν,
2890 1749 2984 1802 καὶ
3035 1751 3259 1822 ἐποίησε
3305 1751 3490 1806 πάντα
3541 1752 3610 1805 τὰ

329 1861 399 1901 an
428 1845 567 1900 forte
589 1846 844 1901 Salomon
871 1845 1040 1915 accipi
1066 1843 1236 1912 possit
1262 1841 1315 1896 in
1344 1840 1770 1908 Primogenitum
1793 1855 1912 1893 om-

331 1943 417 1997 nis
445 1952 710 1998 creaturae
733 1941 802 2008 ⁸⁵,
823 1940 1044 1996 Chiram
1073 1953 1204 1992 vero
1236 1937 1290 1991 in
1329 1936 1602 1990 hominem
1632 1947 1791 2005 quem
1823 1932 1914 1988 hic

329 2034 730 2105 Primogcnilus
760 2030 1052 2100 assumpsit
1085 2031 1152 2086 ab
1184 2029 1464 2084 hominum
1495 2027 1912 2098 congregatione

329 2131 512 2198 (sonat
531 2127 673 2182 enim
706 2125 878 2196 Tyrii,
903 2125 948 2178 si
978 2138 1075 2178 eos
1094 2122 1538 2193 interpretemur,
1561 2119 1907 2179 continentes)

331 2219 603 2273 hominem
654 2228 846 2271 natura
889 2230 1061 2286 genus
1103 2216 1496 2279 continentem,
1527 2213 1620 2281 qui
1658 2212 1913 2282 impletus

330 2309 480 2364 onmi
524 2318 662 2372 arte,
701 2317 756 2362 et
791 2307 1039 2372 scientia,
1071 2316 1126 2361 et
1164 2306 1461 2376 agnitione,
1498 2307 1760 2360 adductus
1807 2313 1934 2372 est,

331 2416 633 2472 cooperans
664 2399 1030 2471 Primogenito
1068 2400 1248 2454 omnis
1274 2407 1560 2464 creaturae,
1595 2405 1655 2452 ut
1683 2397 1914 2451 mdilicet

335 2493 598 2565 templum
632 2494 685 2547 in
718 2508 827 2562 quo
863 2501 1150 2547 struuntur
1191 2491 1354 2545 etiam
1377 2489 1645 2559 ;fenestrze
1689 2488 1914 2550 occultae

337 2587 555 2657 oblique
578 2601 642 2641 ex
673 2586 782 2640 allo
814 2584 1251 2655 intrOSpicientes
1276 2583 1343 2648 ³⁸,
1369 2591 1428 2636 ιιι
1447 2582 1760 2653 splendores
1779 2580 1914 2634 lucis

333 2679 430 2734 Dei
461 2678 578 2748 capi
614 2677 844 2747 possint,
871 2689 925 2732 et
953 2685 1014 2732 ut
1048 2676 1290 2732 Ecclesia
1329 2676 1480 2746 (quid
1523 2675 1665 2728 enim
1699 2679 1915 2743 oportet

333 2786 420 2826 me
452 2769 656 2840 singula
687 2783 972 2824 recensere
993 2769 1059 2838 ?),
1090 2769 1352 2836 rationem
1387 2765 1592 2820 habens
1617 2762 1913 2834 spiritualis

334 2863 528 2918 domus
549 2870 605 2917 et
630 2860 810 2930 templi
847 2861 961 2926 Dei,
1004 2860 1311 2914 inveniatur
1346 2872 1543 2928 corpus
1583 2855 1804 2910 Christi.
1842 2853 1914 2910 Ut

331 2954 476 3008 enim
509 2953 752 3024 prrcdixi,
780 2952 1047 3022 sapientia
1073 2964 1296 3022 egemus
1325 2965 1386 3004 ea
1419 2964 1538 3018 quae
1565 2948 1616 3003 in
1653 2947 1913 3017 mysterio

334 3057 420 3102 est
451 3043 726 3100 recondita
753 3043 822 3109 ⁸⁷,
843 3054 896 3097 et
922 3058 1043 3113 quae
1066 3042 1164 3096 soli
1195 3040 1269 3094 illi
1301 3051 1382 3095 est
1418 3039 1790 3110 perceptibilis
1818 3036 1912 3109 qui

333 3141 518 3196 dicere
547 3149 723 3209 potest
751 3153 767 3190 :
805 3155 834 3204 ι,
866 3136 975 3193 Nos
1007 3148 1186 3191 autem
1224 3143 1457 3189 mentem
1503 3132 1703 3188 Christi
1749 3131 1914 3186 habe-
1940 3114 1983 3172 (ἶ

333 3249 456 3288 mus
480 3230 548 3299 ⁸⁸,
585 3249 605 3284 ι
632 3241 689 3286 ιιι
721 3229 929 3300 singula
958 3244 1076 3298 qure
1105 3229 1252 3284 dicta
1285 3237 1409 3282 sunt
1444 3226 1799 3296 spiritualiter
1830 3223 1915 3277 in-

333 3332 694 3394 terpretemur
716 3321 870 3392 juxta
902 3321 1046 3375 illius
1083 3320 1412 3375 voluntatem
1436 3317 1528 3387 qui
1557 3315 1825 3385 disposuit
1857 3321 1916 3368 ut

333 3417 452 3472 hzeo
475 3415 866 3472 scriberentur.
899 3412 1117 3482 Alioqui
1147 3412 1310 3467 etiam
1357 3409 1565 3478 singula
1604 3408 1721 3462 haec
1745 3421 1914 3475 expo-

333 3525 466 3566 nere
484 3525 591 3564 non
619 3516 701 3564 est
742 3506 1026 3577 prasentis
1069 3505 1334 3560 lectionis.
1371 3500 1733 3570 Quamobrem
1767 3496 1914 3553 suill-

335 3603 484 3658 ciant
519 3604 635 3656 litec
661 3600 728 3655 ad
777 3599 1064 3654 videndum
1097 3596 1371 3667 quomodo
1409 3613 1429 3648 ι
1469 3594 1560 3649 ille
1602 3593 1816 3649 dicebat
1849 3593 1914 3648 de

335 3693 534 3764 templo
561 3691 806 3764 corporis
835 3692 917 3746 sui
944 3689 1013 3746 ⁸³.
1055 3707 1075 3742 ο

403 3880 494 3934 26.
523 3878 789 3934 Caeterum
821 3877 1042 3948 dignum
1069 3884 1153 3932 est
1186 3883 1245 3930 ut
1273 3874 1531 3946 posthaec
1560 3872 1912 3942 inspiciamus

335 3983 404 4023 an
444 3966 605 4022 facile
651 3966 796 4021 factu
839 3967 931 4032 sit,
982 3975 1038 4019 ut
1078 3966 1193 4020 haec
1219 3981 1338 4035 quae
1364 3965 1591 4020 historia
1627 3963 1794 4020 refert
1827 3963 1918 4018 fa-

335 4069 421 4112 cta
447 4057 612 4112 fuisse
651 4057 703 4111 in
737 4055 956 4126 templo,
995 4057 1274 4111 evenerint
1302 4055 1596 4126 aliquando
1621 4070 1715 4110 seu
1751 4069 1916 4110 even-

337 4160 458 4205 tura
505 4149 616 4204 sint
670 4147 822 4202 circa
871 4147 1088 4201 domum
1142 4146 1497 4216 spiritualem.
1525 4143 1752 4200 Videtur
1781 4161 1912 4202 vero

335 4258 440 4300 nos
486 4242 738 4311 utrinque
776 4253 969 4309 urgere
1004 4239 1177 4302 ratio;
1210 4254 1330 4292 nam
1373 4239 1488 4294 sive
1522 4239 1764 4294 dicamus
1796 4239 1910 4294 fieri

335 4349 498 4406 posse
526 4342 585 4388 ut
621 4333 738 4388 haec
769 4333 924 4395 fiant,
949 4331 1035 4386 vel
1065 4334 1296 4401 quadam
1324 4334 1536 4388 ratione
1578 4331 1718 4388 facta
1744 4332 1912 4389 fuisse

2011 1843 2168 1914 ἔργα.
2219 1841 2509 1912 Ἐφίστημι
2552 1840 2610 1894 δὲ
2646 1841 2721 1912 μή
2740 1844 2858 1894 τοτε
2888 1842 2917 1893 ὁ
2951 1842 3048 1912 μὲν
3091 1842 3344 1913 Σολομὼν
3395 1845 3475 1908 είς
3517 1844 3608 1898 τὸν

2011 1935 2361 2008 Πρωτότοκον
2400 1934 2580 2005 πάσης
2613 1934 3246 2006 κτίσεωςλαμϐἀνεσθαι
3293 1937 3539 2004 δύναται,
3578 1940 3606 1992 6

2011 2028 2068 2082 δὲ
2100 2029 2339 2100 Χειράμ,
2373 2029 2453 2092 είς
2499 2028 2558 2082 ὃν
2603 2027 2894 2099 ἀνείληφεν
2939 2021 3113 2095 οὗτος,
3160 2029 3450 2101 ἄνθρωπον
3495 2031 3605 2085 ἀπὸ

2010 2119 2113 2190 τῆς
2143 2119 2252 2174 τῶν
2294 2119 2596 2192 ἀνθρώπων
2637 2119 2867 2189 συνοχῆς
2895 2119 3105 2191 (Τύριοι
3136 2119 3245 2192 γὰρ
3280 2121 3606 2192 ἑρμηνεύον-

2011 2229 2100 2265 ται
2117 2213 2484 2282 συνέχοντες
2506 2210 2666 2284 [55]),
2693 2214 2759 2283 τῇ
2784 2211 2940 2281 φύσει
2967 2212 3028 2266 τὸ
3047 2212 3203 2280 γένος
3218 2213 3431 2282 ἔχοντα,
3457 2214 3603 2278 ὅστις

2013 2305 2440 2376 πεπληρωμένος
2493 2305 2674 2376 πάσης
2724 2304 2940 2374 τέχνης,
2999 2305 3093 2358 καὶ
3148 2305 3455 2372 συνέσεως,
3507 2306 3604 2360 καὶ

2013 2393 2379 2463 ἐπιγνώσεως,
2416 2396 2663 2466 εἰσήχθη,
2711 2395 2983 2468 συνεργῶν
3015 2395 3092 2466 τῷ
3131 2397 3473 2469 Πρωτοτὸκῳ
3500 2398 3604 2454 πά-

2015 2505 2116 2560 σης
2145 2490 2394 2554 κτίσεως,
2423 2489 2510 2543 ἵνα
2538 2489 2865 2562 οἰκοδομήσῃ
2892 2490 2985 2544 τὸν
3015 2490 3159 2558 ναὸν,
3193 2493 3251 2544 ὲν
3368 2494 3466 2546 καὶ
3508 2491 3601 2544 θυ-

2018 2582 2157 2654 ρίδες
2214 2583 2701 2653 παρακυπτόμεναι
2765 2585 3003 2653 κρυπταὶ
3061 2584 3596 2648 κατασκευάζονται,

2015 2674 2150 2746 πρὸς
2184 2675 2281 2739 τὰς
2305 2674 2600 2745 ὲλλάμψεις
2644 2674 2737 2728 τοῦ
2785 2675 2960 2745 φωτὸς
3001 2671 3098 2728 τοῦ
3142 2675 3278 2728 Θεοῦ
3316 2678 3601 2748 σωτηρίως

2012 2766 2304 2838 δυνηθῆναι
2329 2768 2721 2838 χωρῆσαι,(καὶ
2740 2767 2792 2820 τί
2819 2786 2886 2839 με
2910 2769 2991 2822 δεῖ
3010 2768 3186 2837 λέγειν
3206 2769 3310 2823 καθ
3320 2769 3542 2825 έιαστον
3560 2769 3599 2843 ς)

2015 2859 2102 2914 ἵνα
2129 2860 2324 2931 εὑρεθῇ
2355 2862 2414 2912 τὸ
2452 2859 2610 2931 σῶμα
2656 2861 2893 2931 Χριστοῦ
2922 2863 2955 2932 ὴ
3002 2862 3296 2933 Ἐκκλησία
3327 2862 3419 2916 τὸν
3448 2863 3599 2931 λόγον

2014 2952 2212 3024 ἔχουσα
2242 2953 2334 3006 τοῦ
2368 2953 2734 3024 πνευματικοῦ
2788 2955 2940 3007 οῐκου
2989 2956 3084 3008 καὶ
3124 2954 3252 3009 ναοῦ
3299 2954 3396 3008 τοῦ
3442 2954 3596 3008 Θεοῦ.

2025 3046 2116 3110 Ὠς
2142 3046 2250 3116 γὰρ
2284 3049 2563 3118 προεῖπον,
2596 3046 2694 3117 τῆς
2740 3048 2798 3099 έν
2842 3047 3128 3119 μυστηρίῳ
3172 3048 3600 3120 ἀποκεκρυμμέ-

2016 3156 2114 3212 νης
2144 3139 2375 3210 δεόμεθα
2395 3139 2526 3211 (56),
2549 3140 2740 3209 σοφίας
2770 3141 3025 3212 χωρητῆς
3052 3141 3428 3212 τυγχανούσης
3455 3141 3598 3213 μόνῳ

2015 3232 2094 3304 τῷ
2118 3233 2395 3303 δυναμένῳ
2419 3235 2623 3286 εἰπεῖν’
2665 3252 2682 3284 ι
2735 3233 2924 3303 Ἡμεῖς
2963 3233 3020 3286 δὲ
3059 3233 3180 3287 νοῦν
3205 3234 3443 3306 Χριστοῦ
3477 3234 3597 3307 ἐχο-

2019 3343 2138 3398 μεν,
2167 3346 2184 3377 ι
2211 3327 2296 3380 ἵνα
2321 3325 2463 3380 κατά
2483 3325 2544 3378 τὸ
2567 3325 2811 3398 βούλημα
2833 3328 2926 3381 τοῦ
2955 3330 3208 3400 οἰκονομή
3218 3346 3411 3392 σαντος
3429 3329 3597 3384 ταῦτα

2015 3418 2292 3492 γραφῆναι
2320 3419 2703 3490 πνευματικῶς
2723 3420 3041 3492 ὲκλάϐωμεν
3068 3421 3297 3475 ἕκαστον
3326 3421 3434 3476 τῶν
3459 3423 3599 3493 είρη-

2019 3510 2215 3582 μένων.
2249 3509 2456 3574 Ἀλλως
2484 3510 2540 3563 δὲ
2574 3511 2668 3564 καὶ
2698 3511 2757 3563 οὐ
2789 3511 2929 3564 κατὰ
2976 3513 3035 3565 τὸ
3071 3513 3243 3585 παρόν
3286 3515 3438 3566 ἐστιν
3465 3513 3595 3567 ἀνά-

2015 3613 2244 3668 γνωσμα
2270 3596 2497 3650 ’ἑκαστον
2534 3599 2736 3652 τούτων
2766 3600 3100 3654 ἀναπλῶσαι.
3151 3603 3258 3656 Καὶ
3300 3603 3474 3657 ταῦτα
3507 3600 3594 3657 οὖν

2015 3688 2262 3760 αὐτάρκη
2313 3689 2450 3760 πρὸς
2501 3690 2560 3743 τὸ
2615 3691 2741 3743 ἰδεῖν
2788 3691 2906 3755 πῶς
2964 3710 2984 3743 ι
3035 3694 3239 3758 ἐκεῖνος
3304 3695 3363 3748 δὲ
3416 3695 3594 3765 ἔλεγεν

2015 3782 2144 3854 περὶ
2173 3782 2267 3835 τοῦ
2298 3782 2428 3836 ναοῦ
2457 3782 2552 3836 τοῦ
2587 3782 2837 3854 σώματος
2863 3784 3050 3840 αὑτοῦ.
3094 3805 3113 3838 ι

2083 3874 2173 3930 26.
2207 3874 2386 3941 Ἀξιον
2412 3875 2469 3928 δὲ
2499 3875 2636 3947 μετά
2659 3875 2830 3930 ταῦτα
2861 3877 2989 3931 ἰδεῖν
3019 3881 3067 3932 εί
3109 3879 3333 3932 δυνατὸν
3361 3879 3428 3933 τά
3458 3881 3594 3933 ἱστο-

2015 3965 2252 4038 ρούμενα
2271 3967 2551 4037 γεγονέναι
2577 3969 2716 4022 κατὰ
2743 3969 2833 4022 τὸν
2861 3970 2986 4023 ναὸν
3014 3970 3419 4042 συμϐεϐηκέναι
3445 3970 3588 4036 ποτὲ,

2013 4059 2046 4130 ἢ
2084 4059 2457 4131 συμϐήσεσθαι
2486 4060 2615 4129 περὶ
2645 4059 2736 4113 τὸν
2769 4063 3136 4132 πνευματικὸν
3169 4059 3336 4116 οἷκον.
3368 4063 3519 4130 Δόξει
3539 4063 3592 4118 δὲ

2012 4153 2041 4205 6
2077 4151 2233 4220 λόγος
2261 4151 2462 4205 θλίϐειν
2501 4151 2840 4223 ἑκατέρωθεν
2859 4169 2874 4184 ο
2911 4153 2966 4206 εἴ
2992 4171 3052 4206 τε
3089 4153 3196 4225 γὰρ
3225 4155 3460 4226 ἐροῦμεν
3489 4151 3592 4210 οἷόν

2011 4263 2072 4300 τε
2093 4245 2366 4316 γενέσθαι,
2391 4245 2425 4318 ἢ
2451 4244 2730 4314 γεγονέναι
2758 4245 2878 4300 τινὰ
2891 4245 3048 4316 λόγον
3063 4250 3177 4311 τοῖς
3195 4249 3334 4302 κατὰ
3359 4249 3457 4321 τὴν
3483 4249 3589 4320 (57)

2014 4339 2253 4410 ἱστορίαν
2282 4338 2412 4410 περ).
2454 4337 2546 4390 τὸν
2593 4336 2742 4401 ναὸν,
2807 4337 3077 4403 δυσόκνως
3110 4341 3459 4412 μετάπτωσιν
3487 4339 3591 4396 τῶν

338 4427 391 4482 in
419 4428 584 4488 domo
611 4425 900 4498 spirituali,
945 4436 1166 4497 gravate
1197 4426 1504 4491 admittent,
1544 4427 1634 4497 qui
1661 4428 1882 4482 audiunt

2084 4429 2344 4483 λικούτων
2413 4428 2634 4496 ἀγαθῶν
2703 4428 3093 4502 παραδέξονται
3119 4433 3199 4485 .οί
3267 4432 3586 4498 ἀκούοντες·

337 4517 523 4573 talium
546 4519 808 4574 bonorum
839 4517 1379 4584 transmutationem;
1405 4518 1636 4588 primum
1667 4520 1905 4589 quidem,

335 4613 460 4680 quia
492 4611 597 4666 illis
626 4613 703 4668 sic
731 4628 834 4667 non
864 4611 1080 4676 lubeat,
1108 4612 1303 4667 deinde
1331 4613 1474 4682 quod
1501 4612 1905 4667 dissentanenm

333 4705 406 4759 sit
431 4705 694 4760 bonorum
721 4710 1228 4762 transmutationem
1257 4704 1492 4759 futuram
1517 4719 1658 4760 esse.
1695 4703 1788 4757 Sin
1823 4719 1914 4758 ve—

2016 4522 2226 4596 πριῖνιον
2262 4523 2360 4593 μὲν
2392 4523 2481 4576 διὰ
2507 4523 2567 4574 τὸ
2599 4521 2672 4592 μὴ
2703 4519 3005 4590 βούλεσθαι,
3033 4523 3282 4595 δεύτερον
3318 4525 3376 4578 δὲ
3413 4525 3501 4580 διὰ
3534 4538 3589 4578 το

2011 4615 2377 4686 άπεμφαίνειν
2392 4615 2608 4686 ’τροπὴν
2634 4613 2741 4668 τῶν
2766 4615 2984 4683 ἀγαθῶν
3012 4615 3245 4671 ἔσεσθαι.
3280 4619 3343 4671 El
3372 4618 3452 4684 δὲ,
3484 4619 3590 4689 βου-

2010 4708 2222 4780 λόμενοι
2253 4708 2498 4781 ἄτρεπτα
2529 4712 2716 4780 τηρεῖν
2749 4710 2817 4763 τὰ
2851 4708 2997 4774 ἆπαξ
3023 4709 3242 4764 δοθέντα
3277 4715 3391 4775 τοῖς
3424 4713 3589 4781 ἁγίοις

335 4812 398 4850 ro
415 4799 657 4854 volentes
686 4801 1044 4857 immutabilia
1073 4811 1316 4863 servare,
1350 4811 1470 4865 qua:
1507 4795 1671 4850 semel
1707 4795 1878 4849 sancti

2084 4800 2206 4866 αθά,
2249 4802 2351 4854 οὐκ
2397 4799 2781 4872 ὲφαρμόσομεν
2827 4801 2896 4855 τὰ
2931 4801 3032 4872 τῆς
3081 4804 3341 4875 ἱστορίας,
3370 4805 3587 4875 δόξομεν

334 4889 460 4945 data
482 4891 699 4947 fuerunt
725 4894 889 4960 bona,
915 4909 1020 4948 non
1045 4889 1578 4948 accommodabimus
1595 4903 1713 4958 quae
1739 4889 1882 4942 histo

2084 4893 2183 4948 atév
2210 4911 2263 4946 τι
2289 4895 2403 4957 τοῖς
2430 4892 2539 4946 ἀπὸ
2566 4892 2674 4946 τῶν
2695 4891 2806 4963 (58)
2828 4894 3093 4965 αἱρέσεων
3117 4895 3174 4949 ὲν
3197 4894 3373 4966 τούτῳ
3397 4899 3584 4960 ποιεῖν,

337 4985 418 5040 ria
473 4994 694 5051 narrat;
742 4987 994 5055 quiddam
1048 4985 1318 5040 haereticis
1373 4981 1550 5038 simile
1601 4981 1882 5036 videbimul

2084 5002 2098 5039 ι
2149 4986 2468 5058 συμφωνίαν
2501 4985 2602 5057 τῆς
2643 4985 2950 5057 διηγήσεως
2991 4986 3116 5056 σιῷν¹
3142 4987 3376 5058 Γραφῶν
3421 4989 3583 5060 ἀρχῆ-

407 5099 453 5176 3f
472 5098 535 5153 ιιι
567 5097 806 5176 Βοεκνι,
837 5099 930 5154 22.
1002 5098 1051 5132 ⁸⁸
1080 5098 1145 5154 Ill
1168 5098 1301 5170 lleg.
1327 5113 1423 5162 vn,
1456 5095 1546 5162 15,
1572 5095 1659 5152 14.
1735 5096 1782 5128 ⁸⁸
1801 5095 1882 5152 (Σο.

2099 5101 2185 5158 l5.
2264 5102 2310 5134 ⁸⁸
2330 5101 2396 5158 ΠΙ
2415 5103 2549 5176 Reg.
2567 5119 2639 5170 Vt,
2665 5105 2718 5160 4.
2792 5108 2838 5139 ⁸⁷
2864 5105 2883 5160 Ι
2905 5105 3027 5161 Cor.
3063 5121 3122 5171 ιι,
3145 5106 3198 5162 7.
3272 5104 3320 5136 ⁸⁸
3347 5103 3478 5159 ibid.
3504 5102 3579 5159 16.

336 5172 383 5205 ⁸³
413 5169 566 5226 Joan.
615 5186 677 5231 ιι.
705 5170 798 5224 21.

408 5293 521 5363 (55)
563 5291 794 5378 Regius,
806 5289 1089 5378 τυγχάνον.
1111 5289 1315 5345 Ibidem
1347 5288 1689 5353 Bodleianus,
1718 5289 1903 5343 Πάντα

338 5364 585 5437 μέντοιγε
619 5364 797 5435 χρυσᾶ
832 5364 920 5426 τά,
947 5373 1051 5415 etc.

408 5435 521 5500 (54)
573 5433 901 5499 Ἀπόταξιν.
941 5430 1100 5484 Forte
1134 5430 1476 5484 scribendum
1504 5428 1795 5500 διάκρισιν.

446 5500 545 5572 55)
625 5507 817 5572 Τύριοι
881 5503 992 5582 γὰρ
1055 5502 1490 5582 ἑρμηνεύονται
1567 5500 1900 5580 συνέχοντες.

339 5571 473 5646 Vide
528 5571 642 5628 not.
692 5571 996 5646 isnpra'ad
1051 5571 1301 5642 Origenis
1352 5572 1800 5626 Commentartum
1847 5572 1904 5623 in

347 5645 534 5700 Matth.
561 5661 649 5706 xv,
678 5645 785 5698 Ἦ(
1580 5668 1586 5674 ‘

412 5714 522 5782 (56)
563 5716 741 5770 Codex
767 5715 984 5787 Regius,
1008 5712 1511 5786 ἀποκεκρυμμένης
1542 5707 1608 5784 ἦς
1639 5711 1902 5784 δεόμεθα,

2011 5291 2102 5358 sed
2137 5283 2205 5356 ἦς
2237 5303 2339 5342 non
2367 5297 2645 5357 comparet
2671 5287 2724 5341 in
2756 5287 3073 5344 Bodleiano.

2081 5355 2194 5430 (57)
2233 5362 2429 5430 Λόγον
2457 5355 2582 5425 τοῖς
2625 5359 2774 5430 κατὰ
2817 5360 2950 5428 τήν,
2978 5371 3082 5414 etc.
3143 5358 3236 5430 Sic
3269 5359 3439 5413 codex
3484 5355 3572 5430 Bo;

2011 5425 2283 5506 dleianus;
2310 5425 2508 5506 Regius
2538 5430 2697 5506 habet
2718 5425 3004 5506 λόγονςτοῖς
3027 5429 3179 5506 παρά
3198 5431 3319 5500 τήν,
3339 5440 3468 5491 etc.,
3489 5425 3568 5481 sed

2014 5500 2325 5564 in'ntroque
2355 5502 2544 5571 codice
2575 5500 2790 5571 videtur
2819 5502 3022 5571 aliquid
3056 5500 3264 5555 deesse.

2082 5573 2192 5638 (£18)
2246 5572 2378 5641 Ἀπὸ
2427 5568 2562 5624 τῶν.
2603 5567 2695 5625 Sic
2729 5567 3309 5636 codex—Bodleianus;
3366 5571 3560 5641 Reg-ius,

2012 5643 2169 5708 male,
2199 5640 2304 5694 ὑπὸ
2335 5641 2462 5698 τῶν.
