3702 6142
107 337 196 391 389
1167 341 1528 402 (IOMMEN'I‘.
1562 346 1629 401 lN
1668 345 1864 406 JOAN.
1902 345 2137 402 TOMUS
2175 345 2237 400 Χ.
3232 349 3342 411 390

106 461 182 505 θεν
204 452 352 525 μέχρι
372 453 551 517 τέλους
579 455 653 526 μὴ
675 454 1052 524 φυλάττοντες.
1082 458 1144 511 Εἰ
1170 460 1416 530 μέντοιγε
1441 461 1516 532 μὴ
1541 479 1568 531 μ

1919 461 1968 513 in
2028 475 2083 513 re
2130 459 2328 521 facere,
2357 451 2723 513 enarrationis
2773 455 3182 525 Scripturarum
3207 478 3342 518 con-

105 547 242 616 λομεν
264 545 515 616 γραωδῶς
535 547 630 600 καὶ
663 548 970 614 Ἰουδαϊκῶς
996 549 1094 614 τὰς
1126 551 1278 623 παρά
1309 555 1422 616 τοῖς
1443 570 1567 624 προς

1881 551 2069 606 ιηιίιιιιι
2147 569 2252 605 non
2330 552 2672 606 servantibus
2739 565 2772 605 a
2835 553 3102 622 principio
3173 569 3343 625 usque

102 653 218 700 ταις,
243 637 468 708 μάλιστα
486 638 540 691 δὲ
570 638 650 709 τῷ
677 639 877 712 Ἡσαΐᾳ
905 642 1404 715 ἀναγεγραμμένας
1427 645 1564 714 ἐπαγ

1904 641 2086 696 ﬁnem.
2150 641 2264 696 Nisi
2333 642 2551 696 aniliter
2617 651 2838 710 tamen,
2899 653 3062 713 atque
3131 643 3319 700 Julia»

105 731 208 793 λίας
232 732 384 786 νοεῖν.
415 729 490 791 ὡς
511 731 902 804 ἐσομένας(59)
932 737 1060 807 περὶ
1088 734 1184 807 τὴν
1216 737 1308 790 ἐπὶ
1336 737 1440 807 γῆς
1461 738 1565 810 Ἰερ

1851 749 1884 788 n
1962 748 2156 801 more,
2219 733 2608 802 promissiones
2672 748 2766 789 eas
2825 749 2944 803 quae
3008 737 3147 806 apud
3215 753 3313 806 pro

103 822 276 893 σαλήμ,
306 822 517 894 ἀνάγκη
539 823 640 890 ἔτι,
668 827 716 878 εἰ
750 826 886 895 μετά
906 826 1005 897 τὴν
1035 829 1410 900 αἰχμαλωσίαν
1434 831 1529 884 καὶ
1559 849 1565 864 ι

1873 836 1954 882 tas
2005 835 2056 882 et
2119 827 2422 897 prmsertitn
2495 826 2689 882 Isaiam
2724 828 2943 898 scriptae
2993 841 3140 896 sunt,
3177 829 3332 900 207

101 915 448 998 καταστροφὴν
496 912 589 969 τοῦ
617 918 744 971 ναοῦ
777 918 994 988 λέγεταί
1043 939 1162 976 τινα
1205 923 1392 988 ἔνδοξα
1452 943 1562 996 συμ

1875 934 2019 987 luam
2079 928 2370 973 eventuras
2427 925 2656 973 terrente
2727 917 3068 986 Jerusalem,
3127 921 3337 976 intelle-

98 1007 268 1075 δῆσθαι
298 1008 375 1070 εἰς
398 1009 684 1080 οἰκοδομὴν
713 1010 808 1064 τοῦ
835 1012 986 1077 ναοῦ,
1017 1014 1112 1067 καὶ
1144 1014 1240 1086 τὴν
1269 1017 1560 1071 ἀποκατάσ

1874 1012 1898 1065 ’ἰ
1925 1025 2136 1077 sumus,
2167 1009 2304 1082 [(60)
2341 1011 2384 1065 si
2419 1019 2540 1078 post
2566 1011 2938 1080 captivitatem
2965 1013 3336 1069 eversionem-

102 1117 171 1152 σιν
200 1099 284 1152 τοῦ
315 1099 444 1154 λαού
480 1102 587 1154 ἀπὸ
615 1104 714 1175 τῆς
747 1105 1147 1175 αἰχμαλωσίας,
1181 1107 1358 1176 λέγειν
1381 1111 1529 1180 ἡμᾶς
1558 1128 1564 1139 ε

1916 1103 2102 1173 trmpli
2155 1103 2411 1158 nonnulla
2463 1103 2718 1172 praeclara
2777 1104 3025 1158 evenisse
3080 1105 3147 1159 ad
3198 1115 3334 1160 tem-

98 1192 282 1259 γονὲναι
333 1192 422 1245 τὸν
469 1194 596 1247 ναὸν
626 1235 640 1259 ,
695 1197 790 1249 καὶ
849 1198 1300 1268 ᾐχμαλωτεῢσθαι
1343 1200 1435 1254 τὸν
1473 1201 1560 1255 λαὶ

1879 1194 2300 1249 aediﬁcationem
2354 1194 2645 1264 populique
2673 1205 2871 1248 statum
2901 1205 2956 1249 et
2990 1197 3335 1251 constitutio-

98 1283 518 1339 ἐπανελεύσεσθαι
550 1287 608 1340 δὲ
642 1288 734 1340 ἐπὶ
758 1288 858 1360 τὴν
882 1291 1166 1356 Ἰουδαίαν,
1192 1294 1286 1346 καί⁵
1315 1292 1414 1364 τὴν
1441 1294 1560 1366 ’ῐερι

1869 1305 1875 1340 ι
1935 1301 1964 1340 a
2015 1287 2336 1356 captivitate
2386 1287 2687 1350 dicantur,
2743 1285 2948 1358 dicere]
3004 1303 3103 1342 nos
3163 1287 3331 1344 fuisse

99 1379 250 1450 σαλήμ
279 1419 292 1441 ,
348 1381 441 1434 καὶ
491 1383 1010 1456 οἰκοδομηθήσεσθαι
1063 1389 1173 1450 τοῖς
1207 1387 1446 1458 ἐντίμοις
1477 1388 1558 1441 λίθ

1867 1378 2006 1447 plttm
2065 1393 2290 1434 necesse
2340 1388 2446 1441 est,
2499 1387 2554 1431 et
2585 1379 2916 1448 captivatum
2969 1378 3137 1436 fuisse
3160 1395 3329 1450 popn~

98 1469 177 1540 τὴν
213 1470 572 1544 Ἰερουσαλήμ.
633 1477 746 1529 Οὐκ
805 1474 922 1531 οἴδα
974 1479 1029 1532 δέ
1078 1481 1126 1532 εἰ
1164 1484 1402 1552 μακραῖς
1435 1483 1560 1554 χρόν

1865 1510 1880 1535 ,
1909 1471 2002 1525 sed
2037 1472 2338 1526 rediturum
2369 1472 2436 1526 ad
2457 1470 2695 1525 Judzeam
2727 1479 2783 1524 et
2809 1468 3136 1538 Jerusalem,
3165 1483 3327 1543 atque

99 1562 329 1632 περιόδοις
371 1565 870 1639 ἀνακυκλουμέναις
939 1570 1008 1624 τά
1065 1573 1424 1645 παραπλήσια
1479 1575 1561 1629 πά

1862 1563 2015 1618 dibus
2043 1565 2294 1634 pretiosis
2344 1563 2650 1620 Jerusalem
2701 1566 2872 1636 ipsam
2928 1567 3324 1622 aediﬁcandam.

95 1654 284 1708 δυνατὸν
325 1657 598 1724 γενέσθαι,
643 1660 718 1724 ὡς
757 1662 848 1715 ἐπὶ
895 1662 954 1716 τὸ
1013 1667 1213 1734 χεῖρον.
1253 1667 1405 1736 Ἔχει
1456 1668 1513 1720 δὲ

1859 1657 1898 1711 κά
1932 1659 2044 1712 scio
2077 1667 2257 1712 autem
2291 1674 2359 1713 an
2399 1669 2704 1729 temporum
2734 1659 2972 1728 periodis
3002 1660 3176 1729 longis
3233 1675 3321 1715 re-

96 1743 182 1794 τῶν
211 1746 539 1813 ἐπαγγελιῶν
599 1749 656 1802 ἐν
706 1749 787 1820 τῷ
840 1750 1038 1824 Ἦσαῖᾳ
1077 1753 1282 1818 οὕτως’
1326 1774 1344 1805 ι
1369 1755 1558 1810 Ἰδοὺέ

1856 1749 1941 1804 Itis
1987 1750 2192 1806 similia
2225 1751 2340 1808 ﬁeri
2370 1753 2603 1821 possint,
2636 1751 2807 1807 veluti
2859 1754 2912 1807 in
2967 1754 3147 1825 pejus.
3210 1753 3318 1810 Ha-

95 1839 328 1909 ἑτοιμάζω
358 1857 437 1892 σοι
465 1839 714 1913 ἄνθρακα
746 1843 837 1896 τὸν
864 1842 1010 1897 λίθον
1045 1862 1158 1908 σου,
1210 1847 1303 1900 καὶ
1351 1847 1422 1901 τὰ
1477 1847 1557 1920 θεε

1855 1851 1870 1895 ι
1907 1851 2087 1896 autem
2121 1844 2514 1911 promissioues
2543 1844 2685 1914 apud
2712 1842 2905 1899 Isaiam
2939 1846 3082 1901 hunc
3113 1849 3164 1900 in
3199 1862 3317 1900 mo-

94 1931 164 1982 λιά
202 1947 286 1984 σου
349 1932 684 2004 σάπφειρον·
725 1933 819 1988 καὶ
875 1934 1025 2007 θήσω
1081 1936 1180 2000 τὰς
1236 1937 1488 2003 ἐπάλξεις
1545 1957 1556 1991 ‹

1856 1947 1866 1984 I
1903 1931 1989 1986 ’σε
2029 1951 2048 1984 ι
2086 1932 2162 1988 Ειι
2197 1949 2299 2004 ego
2349 1950 2590 2004 prmparo
2619 1934 2716 1990 tibi
2748 1937 3133 1993 carbunculum
3183 1939 3318 2009 lapi-

96 2024 276 2087 ίασπιν,
319 2024 539 2089 καὶτὰς
577 2025 751 2090 πύλας
784 2043 881 2080 σου
922 2027 1102 2093 λίθους
1144 2031 1498 2099 κρυστάλλου.
1544 2050 1558 2086 ι

1852 2041 1859 2077 ι
1891 2035 2064 2091 tuum,
2087 2035 2141 2080 et
2164 2026 2511 2082 fundamenta
2546 2040 2635 2082 tua
2667 2028 2983 2098 sapphirum
3005 2048 3019 2084 :
3041 2042 3096 2085 et
3121 2046 3314 2099 ponam

92 2115 165 2168 τὸν
192 2117 457 2188 περίϐολὸν
493 2136 588 2172 σου
616 2119 794 2184 λίθους
822 2120 1130 2187 ἐκλεκτοὺς,
1160 2125 1254 2178 καὶ
1280 2125 1486 2189 πάντας
1511 2143 1554 2178 τι

1854 2117 2142 2187 )ngnacula
2191 2129 2280 2173 tua
2326 2118 2552 2187 jaspin,
2602 2128 2658 2174 et
2699 2131 2888 2189 portas
2945 2132 3066 2176 tuas
3110 2121 3316 2190 lapides

93 2206 214 2270 υἱούς
239 2225 322 2260 σου
351 2209 634 2272 διδακτοὺς
667 2211 803 2264 Θεοῦ
824 2227 839 2241 ·
873 2213 968 2265 καὶ
1017 2212 1074 2265 ἐν
1131 2213 1297 2284 πολλῇ
1347 2214 1538 2286 εἰρήνῃ

1853 2205 2008 2269 stalli,
2040 2215 2094 2260 et
2124 2204 2350 2261 loricam
2385 2222 2667 2262 murorum
2716 2217 2931 2262 tuorum
2975 2210 3181 2277 lapides
3205 2212 3315 2265 ele-

91 2299 234 2353 τέκνα
270 2318 390 2364 σου,
431 2302 526 2356 καὶ
559 2305 619 2354 ἐν
659 2303 974 2377 δικαιοσύνῃ
1007 2305 1425 2378 οἰκοδομηθήσῃ.
1468 2325 1485 2356 ι
1527 2308 1553 2359 lt

1852 2334 1874 2364 ι,
1907 2308 1961 2354 et
1985 2313 2178 2356 omnes
2226 2300 2365 2356 ﬁlios
2394 2311 2514 2356 tuos
2541 2318 2570 2356 a
2615 2301 2722 2356 Deo
2754 2301 2946 2357 doctos
2976 2321 2988 2357 :
3018 2312 3072 2356 et
3100 2303 3152 2357 in
3178 2318 3314 2369 pace.

95 2393 188 2462 μετ’
213 2393 356 2460 ὀλίγα
402 2395 539 2466 πρὸς
585 2395 683 2466 τὴν
728 2396 898 2467 αὐτὴν
945 2396 1320 2468 Ἰερουσαλήμ·
1389 2416 1406 2447 ι
1441 2398 1549 2451 Kal

1859 2402 1907 2444 ta
1938 2390 2031 2445 lilii
2062 2391 2159 2458 tui,
2191 2401 2246 2446 et
2279 2393 2334 2446 in
2360 2391 2567 2459 justitia
2600 2393 2980 2449 aedificaberis.
3013 2412 3031 2446 ι
3065 2394 3128 2447 Ει
3152 2395 3315 2464 paulo

89 2483 190 2547 δόξα
213 2485 298 2537 τοῦ
327 2486 556 2539 Λιϐάνου
609 2487 745 2557 πρὸς
781 2487 840 2540 σὲ
881 2487 1000 2558 ἡξει
1053 2489 1109 2541 ἐν
1157 2490 1502 2561 κυπαρίσσῳ,
1535 2509 1551 2543 3

1849 2491 1858 2534 ι
1889 2482 1956 2534 ad
2010 2483 2178 2551 ipsam
2203 2482 2501 2538 Jerusalem
2529 2483 2572 2515 "
2614 2501 2630 2540 :
2667 2502 2685 2536 ι
2719 2485 2786 2539 Εῑ
2815 2485 2987 2555 gloria
3020 2484 3208 2540 Libani
3245 2487 3311 2540 ad

92 2576 257 2647 πεύκῃ,
293 2577 383 2630 καὶ
441 2578 624 2650 κέδρῳ
673 2579 789 2650 ἅμα
837 2579 1121 2644 δοξάσουσι
1158 2581 1252 2634 τὸν
1284 2581 1447 2635 τόπον
1479 2581 1550 2651 ἆγ

1845 2576 2014 2630 reniet
2058 2577 2111 2632 in
2164 2579 2465 2648 cyparisso,
2498 2587 2553 2632 et
2584 2579 2730 2647 piuo,
2767 2589 2821 2634 et
2854 2581 3021 2635 cedro
3049 2597 3151 2634 una
3185 2597 3307 2636 cum

93 2683 194 2735 μου.
222 2669 322 2722 Kal
353 2670 710 2741 πορεύσονται
737 2671 875 2742 πρὸς
902 2672 961 2723 σὲ
987 2671 1282 2735 δεδοικότες
1311 2673 1416 2725 υἱοί
1442 2690 1555 2726 ταπ

1847 2667 2170 2729 ’ἰῐίρθηιίὺυε
2198 2668 2376 2723 locum
2420 2680 2672 2725 sanctum
2725 2686 2926 2726 meum.
2965 2673 3029 2726 Et
3056 2673 3212 2727 ibunt
3240 2674 3309 2728 ad

89 2761 336 2814 νωσάντων
363 2764 454 2815 καὶ
498 2763 919 2833 παροξυνάντων
944 2780 1002 2816 σε
1028 2781 1041 2794 ·
1073 2764 1166 2817 καὶ
1204 2763 1449 2837 κληθήσῃ
1482 2766 1549 2818 πό

1901 2759 2204 2816 nenteslilii
2227 2776 2442 2827 eorum,
2473 2762 2564 2831 qui
2600 2773 2649 2817 te
2685 2763 3128 2828 humiliaverunt,
3155 2775 3210 2820 et
3232 2767 3309 2821 ir~
3345 2802 3363 2821 ι

90 2849 260 2920 Κυρίου
312 2853 444 2907 Σιὼν
483 2855 642 2923 ἀγίου
690 2855 906 2927 Ἰσραὴλ
930 2895 944 2918 ,
977 2854 1064 2908 διὰ
1098 2854 1158 2907 τὸ
1192 2855 1518 2926 γεγενῆσθαί

1842 2862 2036 2906 verunt
2087 2863 2266 2908 tezet
2322 2855 2611 2909 vocaberis
2661 2855 2857 2911 civitas
2903 2855 3118 2910 Domini
3171 2855 3303 2913 Sion

89 2939 639 3014 ἑγκαταλελειμμένην,
677 2945 769 2996 καὶ
803 2945 1204 3016 μεμισημένην,
1240 2946 1332 2998 καὶ
1360 2947 1460 2998 οὐκ
1489 2941 1551 3018 ἦν

1845 2947 1908 2998 eti
1945 2944 2203 3009 lsraelis,
2251 2960 2349 3014 pro
2400 2959 2466 2999 eo
2500 2947 2646 3016 quod
2695 2946 2868 3003 fueris
2916 2947 3200 3013 derelicta,
3252 2959 3307 3004 et

89 3030 282 3102 βοηθῶν.
329 3035 434 3088 Καὶ
470 3035 624 3107 θήσω
667 3054 727 3090 σε
784 3037 1096 3107 ἀγαλλίαμα
1143 3036 1392 3103 αἰώνιον,
1430 3038 1551 3111 εύφε

1843 3051 1857 3090 ›
1914 3036 2120 3102 habita,
2173 3052 2273 3090 nec
2309 3045 2494 3103 esset,
2549 3037 2639 3107 qui
2696 3039 2789 3093 tibi
2827 3054 2982 3110 opem
3018 3038 3207 3095 ferret.
3239 3040 3305 3096 Et

88 3123 224 3196 σύνην
269 3127 461 3196 γενεῶν
511 3131 762 3197 γενεαῖς·
796 3129 890 3181 καὶ
924 3129 1179 3200 θηλάσεις
1224 3129 1366 3198 γάλα
1411 3130 1548 3184 ἐθνῶ

1841 3143 1926 3180 am
1958 3136 2010 3182 te
2037 3129 2453 3192 exsultationem
2473 3130 3299 3199 sempiternam,jucunditatem

87 3218 163 3269 καὶ
186 3217 395 3272 πλοῦτον
423 3219 692 3290 βασιλέων
720 3221 976 3290 φάγεσαι,
1013 3223 1106 3275 καὶ
1148 3223 1333 3294 γνώσῃ
1355 3263 1368 3288 ,
1402 3223 1484 3276 ὅτι
1516 3225 1549 3276 ἐι

1838 3220 2137 3275 erationum
2187 3219 2678 3291 generationibus:
2711 3231 2767 3275 et
2817 3237 2980 3290 suges
3031 3217 3132 3277 lac‘
3165 3239 3300 3295 gen-

87 3307 256 3379 Κύριος
297 3313 324 3364 ὁ
377 3311 568 3377 σώζων
623 3330 681 3365 σε
707 3352 723 3376 ,
795 3313 888 3366 καὶ
951 3310 1334 3385 ἐξαιρούμενός
1386 3330 1445 3366 σε
1495 3313 1549 3366 Θε

1839 3324 1885 3372 u,
1915 3319 1970 3362 et
2002 3325 2188 3380 regum
2214 3310 2432 3364 divitias
2457 3310 2732 3373 comedes,
2756 3321 2809 3366 et
2840 3325 3136 3382 cognosces
3157 3313 3301 3383 quod

97 3388 294 3474 Ἰσραήλ.
328 3406 434 3458 Καὶ
465 3407 587 3458 ἀντὶ
635 3404 836 3475 χαλκοῦ
864 3403 994 3458 οἴσω
1025 3421 1106 3458 σοι
1139 3405 1383 3475 χρυσίον,
1414 3405 1537 3459 ἀντὶ

1860 3397 2123 3454 Dominus
2167 3416 2396 3455 servans
2426 3411 2504 3466 te,
2536 3409 2591 3455 et
2620 3416 2820 3458 eruens
2863 3412 2914 3458 te
2941 3404 3080 3458 Deus
3110 3403 3296 3464 Israel.

90 3492 272 3565 σιδήρου
315 3495 440 3549 οἴσω
468 3513 548 3549 σοι
579 3495 871 3568 ἀργύριον·
914 3496 1038 3550 ἀντὶ
1081 3495 1137 3548 δὲ
1182 3495 1354 3560 ξύλων
1382 3497 1512 3550 οἴσω
1542 3516 1552 3549 ‹

1839 3507 1924 3546 πο
1953 3508 2060 3547 mre
2086 3492 2311 3560 aﬁ‘eram
2343 3493 2439 3548 tibi
2477 3507 2691 3562 aurum,
2733 3505 2786 3550 et
2819 3511 2916 3567 pro
2953 3496 3098 3552 ferro
3131 3498 3301 3552 addu-

89 3585 273 3654 χαλκὸν,
304 3589 418 3642 ἀντὶ
461 3589 518 3642 δὲ
557 3589 722 3643 λίθων
763 3588 1012 3660 σίδηρον·
1049 3587 1144 3641 καὶ
1176 3587 1332 3640 δώσω
1370 3588 1497 3652 τοὺς
1528 3590 1551 3642 ό

1833 3599 1844 3634 ι
1878 3583 1970 3637 tibi
2003 3595 2288 3654 argentum
2323 3603 2338 3644 :
2369 3602 2466 3656 pro
2507 3587 2667 3658 lignis
2713 3599 2892 3643 autem
2942 3586 3166 3643 afferam
3199 3589 3295 3646 tibi

88 3679 244 3745 χονιάς
270 3697 353 3733 σου
374 3682 428 3734 ἐν
461 3682 677 3752 εἰρήνῃ,
732 3680 826 3734 καί¹
882 3680 1009 3744 τοὺς
1057 3679 1387 3744 ἐπισκόπους
1440 3697 1530 3732 σου

1851 3686 1906 3729 et
1954 3691 2054 3745 pro
2106 3677 2376 3747 lapidibus
2428 3679 2678 3736 ferrum:
2713 3690 2770 3735 et
2823 3680 2964 3736 dabo
3019 3681 3292 3752 principes

86 3766 355 3843 δικαιοσύνῃ
376 3789 390 3802 ·
423 3774 516 3826 καὶ
555 3773 659 3826 ούκ
689 3770 1088 3842 ἀκουσθήσεται
1125 3771 1203 3824 ἔτι
1243 3771 1424 3826 ἀδικία
1458 3773 1514 3825 ἐν

1826 3766 1926 3822 sin
1957 3781 2112 3836 pace,
2160 3778 2214 3822 et
2241 3769 2528 3840 episcopos
2560 3780 2682 3826 tuos
2730 3771 2781 3825 in
2813 3771 3066 3841 iustitia:
3099 3782 3156 3828 et
3181 3773 3288 3829 ini-

87 3860 142 3928 γῇ
163 3861 387 3924 σου,ούδέ
417 3862 733 3934 σύντριμμα
753 3862 848 3915 καὶ
872 3861 1215 3933 ταλαιπωρία
1245 3863 1300 3914 ἐν
1314 3863 1426 3925 τοῖς
1451 3863 1549 3932 όρί‹

1830 3873 1899 3913 .as
1930 3873 2034 3912 non
2065 3859 2315 3915 audietur
2345 3861 2486 3916 ultra
2520 3863 2571 3916 in
2603 3872 2747 3918 terra
2782 3874 2869 3918 tua
2892 3903 2908 3930 ,
2943 3880 3116 3934 neque
3154 3880 3292 3921 con-

91 3965 168 4002 σου
191 3968 203 3982 ·
249 3954 373 4007 ἀλλὰ
418 3955 750 4026 κληθήσεται
804 3955 1066 4026 σωτήριον
1132 3953 1201 4006 τὰ
1261 3953 1412 4024 τείχη
1488 3971 1553 4006 σοε

1838 3966 1890 4014 o,
1919 3960 1974 4005 et
2010 3951 2230 4006 miseria
2267 3952 2318 4006 in
2352 3954 2604 4009 terminis
2633 3954 2738 4010 tuis
2767 3971 2782 4011 :
2817 3956 2914 4010 sed
2949 3957 3293 4012 vocabuntur

88 4043 165 4096 καὶ
195 4048 244 4098 αἱ
276 4047 431 4102 πύλαι
477 4066 570 4102 σου
607 4048 856 4118 γλύμμα.
897 4047 1002 4101 Καὶ
1047 4046 1147 4100 οὐκ
1179 4045 1329 4099 ἔσται
1363 4063 1444 4099 σοι
1476 4045 1550 4099 ἔτι

1841 4053 1956 4099 tare
2007 4044 2150 4098 muri
2191 4045 2264 4098 tui
2291 4085 2306 4110 ,
2342 4053 2396 4100 et
2427 4056 2602 4116 portae
2652 4060 2758 4103 tum
2787 4047 3086 4118 sculptura.
3114 4048 3181 4103 Et
3210 4048 3293 4106 sol

85 4133 208 4203 ἥλιος
236 4140 306 4203 εἰς
333 4140 444 4209 φῶς
469 4141 706 4212 ἡμέρας,
737 4140 857 4192 οὐδὲ
890 4138 1120 4210 ἀνατολὴ
1153 4137 1380 4209 σελήνης
1428 4155 1541 4206 qur:

1851 4137 1958 4190 erit
1993 4135 2085 4190 tibi
2131 4135 2270 4191 ultra
2300 4137 2353 4191 in
2383 4137 2555 4192 lucem
2587 4139 2717 4204 diei,
2765 4155 2942 4210 neque
2968 4148 3118 4195 ortus
3151 4139 3289 4194 luna:

88 4241 152 4278 σοι
178 4228 262 4299 τήν
299 4231 459 4285 νύκτα
478 4251 490 4262 ·
524 4232 640 4285 ἀλλ’
681 4231 831 4284 ἐσται
863 4248 945 4283 σοι
971 4230 1204 4301 Χριστὸς
1231 4229 1344 4299 φῶς
1375 4228 1550 4283 αἱώνιι

1825 4245 1898 4283 :en
1946 4228 2206 4298 praebebit
2252 4230 2350 4284 tibi
2387 4241 2550 4287 noctu
2583 4233 2716 4288 :sed
2748 4233 2855 4288 erit
2889 4233 2986 4288 tibi
3037 4233 3287 4288 Christus

87 4319 164 4369 καὶ
189 4323 213 4373 ό
241 4322 369 4386 Θεὸς,
388 4324 512 4390 δόξα
547 4341 630 4376 σοι
651 4341 664 4353 ·
689 4324 752 4376 ού
777 4323 884 4394 γάρ
909 4322 1124 4376 δύσεταί
1154 4340 1237 4376 σοι
1263 4324 1292 4375 ό
1319 4322 1488 4392 ἥλιος,
1518 4339 1549 4376 κ

1839 4321 2193 4390 sempiterna,
2229 4330 2286 4377 et
2331 4321 2472 4376 Deus
2497 4321 2670 4394 gloria
2709 4332 2800 4378 tua
2835 4338 2987 4378 :non
3013 4322 3157 4376 enim
3188 4335 3274 4374 oc-

85 4411 310 4487 ήσελήνη
344 4434 422 4471 σοι
463 4418 564 4472 οὑκ
597 4416 866 4486 ἐκλείψει·
918 4415 1069 4469 ἔσται
1125 4415 1234 4487 γάρ
1274 4414 1477 4487 Κύριός
1529 4431 1547 4467 c

1823 4421 1858 4466 ιι
1888 4411 1986 4466 tibi
2037 4409 2159 4476 sol,
2189 4419 2244 4466 et
2290 4412 2418 4468 luna
2455 4422 2546 4468 tua
2578 4428 2685 4468 non
2721 4413 2942 4468 deﬁciet
2971 4429 2984 4467 :
3012 4413 3117 4467 erit
3141 4412 3285 4466 enim

87 4501 181 4568 φῶς
224 4506 420 4561 αἰώνιον
453 4548 468 4572 ,
515 4509 612 4563 καὶ
672 4507 1122 4579 πληρωθήσονται
1163 4508 1221 4561 αἱ
1271 4507 1477 4579 ἡμέραι
1516 4523 1548 4559 τ

1824 4501 1980 4556 uinus
2010 4501 2106 4557 tibi
2142 4501 2230 4556 lux
2257 4503 2610 4570 sempiterna,
2651 4512 2705 4558 et
2728 4502 3146 4572 complcbuntnr
3169 4500 3286 4556 dies

87 4592 277 4661 πένθους
304 4615 443 4654 σου.»
472 4601 656 4655 Ταῦτα
683 4600 793 4672 γὰρ
826 4598 1008 4668 σαφῶς
1042 4599 1172 4670 περὶ
1201 4598 1296 4651 τοῦ
1334 4597 1549 4669 μέλλοντ

1822 4609 1892 4648 ,us
1921 4595 2018 4648 tui.
2078 4611 2098 4646 ι
2134 4593 2260 4649 Haec
2305 4595 2450 4650 enim
2501 4603 2691 4666 aperte
2733 4595 2800 4650 de
2842 4593 3025 4649 futuro
3085 4591 3284 4655 stnequ

86 4683 248 4751 αἰῶνος
274 4693 663 4763 προφητεύεται
693 4695 806 4755 τοῖς
833 4694 891 4745 ἐν
931 4690 1273 4762 αἰχμαλωσίᾳ
1303 4685 1451 4744 οὖσιν
1481 4691 1548 4743 ult

1821 4685 2005 4752 phetat
2033 4682 2159 4739 ﬁliis
2199 4684 2364 4738 Israel
2401 4684 2453 4738 in
2490 4684 2808 4754 captivitate
2837 4683 3188 4755 degentibus,
3214 4684 3283 4738 ad

96 4771 301 4849 Ἰσραὴλ,
336 4782 414 4850 ἐφ’
444 4782 538 4848 οὒς
580 4779 743 4854 ἦλθεν
786 4780 897 4853 (6|)
947 4780 1272 4843 ἀποσταλεὶς
1314 4781 1343 4832 ὁ
1399 4779 1558 4848 λέγωι

1821 4788 1849 4829 s
1878 4774 2078 4828 missus
2107 4774 2263 4830 venit
2305 4773 2398 4828 ille
2452 4776 2543 4844 qui
2596 4775 2809 4830 dicebat
2838 4775 2883 4806 θ’
2913 4789 2930 4829 :
2974 4791 2993 4826 ι
3033 4774 3144 4844 Ego
3176 4787 3283 4828 non

92 4881 108 4914 t
137 4867 233 4923 Οὐκ
257 4873 552 4946 ἀπεστάλην
585 4877 632 4928 εἰ
670 4873 745 4945 μὴ
796 4874 876 4937 εἰς
917 4871 988 4926 τὰ
1038 4871 1286 4943 πρόϐατα
1309 4871 1378 4924 τά
1401 4871 1554 4924 ἀπολι

1815 4882 1832 4919 ι
1866 4866 2088 4931 missus,
2135 4867 2241 4922 nisi
2271 4866 2338 4921 ad
2374 4881 2505 4922 oves
2536 4866 2782 4937 perditas
2812 4867 3004 4921 domus
3037 4865 3221 4921 Israel.
3255 4883 3277 4919 ο

86 4955 191 5011 λότα
211 4959 347 5016 οἴκου
385 4963 618 5036 Ἰσραήλ.
654 4983 673 5016 ›
705 4962 850 5017 Εἰδέ
887 4959 1222 5031 αἰχμάλωτοι
1254 4960 1405 5023 ὄντες
1439 4959 1548 5012 ταῦι

1821 4959 1868 5012 ιὰ
1899 4957 1944 5012 si
1977 4957 2179 5028 captivi
2209 4959 2538 5014 exsistentes
2581 4959 2696 5014 haec
2729 4958 2782 5012 in
2807 4958 2985 5028 patria
3011 4973 3106 5013 sua
3144 4958 3283 5013 reci-

87 5045 134 5098 ιν
174 5051 231 5120 τῇ
270 5052 471 5123 πατρίδι
516 5052 693 5106 αὐτῶν
727 5051 1117 5122 ἀπολήψονται,
1166 5049 1253 5102 ὅτε
1283 5047 1379 5101 καὶ
1409 5064 1549 5118 προσ

1821 5059 1884 5113 ιι,
1913 5049 2132 5118 quando
2165 5050 2329 5103 etiam
2356 5047 2618 5119 proselyti
2647 5047 2714 5102 ad
2749 5047 2896 5118 ipsos
2921 5047 3145 5102 venient
3181 5060 3283 5114 per

87 5135 206 5193 λυτοι
241 5145 673 5214 προσελεύσονται
718 5145 906 5206 αὐτοῖς
959 5142 1049 5196 διὰ
1092 5140 1186 5194 τοῦ
1219 5139 1486 5211 Χριστοῦ,
1517 5157 1549 5193 κ

1817 5140 2014 5202 'istum,
2066 5147 2122 5193 et
2148 5138 2216 5192 ad
2250 5137 2398 5208 ipsos
2429 5138 2594 5209 208
2637 5135 2937 5208 diffugient,
2983 5135 3279 5192 secundum

92 5227 157 5280 ἐπ’
193 5234 367 5298 αὐτοὺς
389 5236 808 5307 καταφεύξονται
840 5233 982 5289 κατά
1012 5233 1072 5286 τὸ
1103 5232 1409 5303 λεγόμενον·
1439 5250 1458 5284 t
1482 5230 1554 5284 Ίδι

1817 5231 1856 5286 μό
1888 5230 2086 5285 dicitur
2113 5229 2160 5262 ”
2189 5247 2205 5285 :
2239 5247 2258 5282 ι
2295 5229 2434 5285 Ecce
2462 5229 2720 5301 proselyti
2749 5229 2816 5283 ad
2852 5239 2904 5284 te
2931 5227 3151 5283 venient
3182 5241 3279 5294 per

95 5322 368 5394 προσήλυτοι
394 5326 841 5400 προσελεύσονταί
872 5342 955 5379 σοι
980 5324 1046 5378 δι’
1085 5321 1247 5395 ἐμοῦ,
1295 5322 1390 5376 καὶ
1426 5322 1520 5375 ἐπὶ⁵
1547 5339 1557 5374 ι

1824 5358 1840 5385 ,
1874 5327 1929 5372 et
1975 5318 2043 5373 ad
2095 5327 2147 5373 te
2197 5317 2519 5390 dill‘ugient,
2560 5338 2580 5371 ι
2633 5319 2978 5390 perspicuum
3013 5316 3274 5386 estquod

97 5415 486 5486 καταφεύξονται,
505 5439 523 5471 ι
549 5419 704 5490 δῆλον
722 5459 736 5483 ,
772 5419 856 5472 ὃτι
890 5417 1018 5489 περὶ⁴
1045 5416 1136 5469 τὸν
1163 5414 1288 5469 ναὸν
1310 5404 1559 5484 τυγχάνοι

1813 5412 1907 5466 tivi
1943 5411 2035 5481 qui
2087 5411 2142 5466 in
2197 5411 2399 5482 templo
2436 5410 2588 5466 fuere
2635 5411 2948 5481 aliquando,
2991 5408 3157 5462 etiam
3205 5407 3273 5460 ad

96 5498 165 5562 ιές
212 5521 326 5560 ποτε
375 5511 421 5564 οἰ
473 5509 1038 5583 αἰχμαλωτευθέντες,
1085 5509 1180 5562 καὶ
1215 5506 1378 5562 πάλιν
1425 5507 1558 5558 ἐκεῖ(

1813 5505 1846 5560 d
1881 5519 2072 5560 rursus
2124 5504 2374 5559 redibunt
2433 5504 2831 5569 retedilicandi,
2885 5497 3271 5573 pretiosissimi

153 5594 299 5652 “lsa.
326 5616 428 5663 ιιι.
459 5607 516 5659 ll
549 5620 662 5675 seq.
757 5605 800 5638 ⁹¹
827 5604 925 5659 lsa.
963 5618 1054 5668 ιχ,
1087 5603 1155 5657 l5
1189 5616 1306 5669 seq.
1399 5600 1445 5631 "
1477 5598 1608 5654 Matt

969 5618 1054 5668 Lx,
1087 5603 1155 5657 l5
1189 5616 1306 5669 seq.
1399 5600 1445 5631 "
1477 5598 1672 5656 Matth.
1703 5613 1796 5664 xv,
1819 5596 1914 5654 ει.
1987 5597 2035 5630 ⁸³
2059 5595 2164 5655 lsa.
2197 5612 2306 5660 Liv,
2344 5597 2431 5652 15.

149 5686 244 5754 (59)
288 5693 604 5769 ἐσομένας.
641 5697 732 5752 Sic
760 5698 927 5754 codex
964 5693 1326 5759 Bodleianus;
1368 5690 1591 5763 Regius,

1927 5688 2450 5769 ﬂmc‘supplevimtts
2473 5705 2536 5743 ex
2577 5687 2846 5769 Perionio.
2901 5756 2937 5769 __
2995 5755 3028 5769 η
3070 5753 3082 5768 ο

93 5771 360 5829 perperam,
390 5755 708 5839 ἇεσωμένας.
1312 5755 1321 5759 ⁷
1453 5755 1480 5763 ⁷
1576 5755 1585 5758 ’
1773 5755 1887 5834 (6|)
1927 5755 2557 5826 'lMUer.Desiderantur
2598 5762 2648 5814 iu
2683 5759 2870 5813 codice
2901 5755 3220 5813 Bodleiano.
