3702 6142
405 320 503 379 591

1895 312 2218 370 ORIGENIS

3541 291 3623 346 592

407 440 616 509 lapides
645 436 795 491 facti.
830 434 962 490 Nam
1003 435 1224 489 vincens
1269 433 1537 503 quispiam
1582 433 1633 487 in
1657 434 1949 503 Apocalyps

2102 431 2536 488 ιπανελεύσονται
2559 433 3200 508 ἀνοικοδομηθησόμενοι,
3229 438 3529 508 τιμιώτατοι
3545 456 3596 511 γε

407 533 546 602 apud
571 529 836 587 Joannem
863 531 930 595 9⁵,
966 528 1381 597 promissionem
1434 529 1600 582 habet
1643 538 1700 581 ut
1743 527 1812 581 sit
1840 527 1982 581 colu-

403 639 532 678 mna
576 623 627 676 in
665 621 759 675 Dei
813 621 1032 691 templo,
1067 631 1225 676 extra
1252 635 1364 674 non
1418 621 1680 673 exiturus.
1713 619 1979 674 Caeterum

401 716 522 770 luec
547 714 728 768 omnia
751 730 778 765 a
815 728 900 766 me
929 714 1070 767 dicta
1110 719 1259 776 sunt,
1289 723 1368 779 ut,
1402 713 1623 768 brevem
1674 712 1862 767 saltem
1892 713 1979 766 in—

405 807 764 876 telligentiam
817 807 1115 860 habeamus
1166 821 1348 860 rerum
1403 806 1626 874 templi,
1681 816 1740 860 et
1786 807 1981 860 domus

403 900 522 964 Dei,
556 909 612 952 et
648 897 940 960 Ecclesiae,
973 907 1029 950 et
1056 894 1387 960 Jerusalem,
1413 898 1478 951 de
1507 898 1706 966 quibus
1735 897 1980 966 singula-

405 993 500 1046 tim
536 991 718 1046 dicere
750 1005 856 1044 non
893 998 978 1043 est
1017 989 1302 1058 praesentis
1335 988 1610 1057 temporis.
1644 988 1712 1042 At
1748 1004 1974 1042 accura-

405 1086 668 1138 tissimam
706 1082 1130 1150 diligentemque
1173 1080 1255 1134 vel
1285 1081 1349 1134 ad
1379 1079 1658 1150 vulgarem
1691 1095 1861 1150 usque
1894 1081 1978 1133 iu-

399 1170 748 1241 quisitionem
781 1171 927 1223 circa
959 1169 1075 1222 haec
1128 1168 1331 1222 faciant
1369 1169 1424 1222 hi
1483 1184 1706 1225 necesse
1749 1179 1836 1224 est
1884 1170 1975 1238 qui

399 1279 506 1318 non
544 1262 914 1331 defatigantur
937 1260 1161 1330 legendo
1189 1261 1500 1330 prophetias
1533 1274 1775 1330 quaerere
1810 1262 1860 1315 iu
1896 1261 1977 1316 eis

397 1355 738 1426 spiritualem
795 1370 1035 1410 sensum.
1087 1354 1196 1408 Sed
1259 1353 1524 1410 hactenus
1576 1371 1596 1406 ι
1655 1355 1722 1410 de
1773 1355 1975 1424 templo

401 1451 652 1519 corporis
685 1448 768 1504 sui
798 1449 866 1503 ⁸⁵.
895 1467 915 1500 ι

477 1626 565 1678 27.
589 1623 786 1676 Verum
812 1621 1088 1674 enimvero
1109 1621 1360 1690 quoniam
1389 1641 1406 1672 ι
1433 1621 1591 1675 s’mul
1611 1630 1771 1692 atque
1792 1639 1965 1679 surre-

407 1714 486 1771 xit
509 1729 538 1767 e
565 1713 806 1776 mortuis,
836 1711 1098 1765 recordati
1125 1721 1252 1766 sunt
1275 1711 1521 1782 discipuli
1547 1713 1663 1782 ejus
1688 1715 1830 1783 quod
1865 1715 1965 1770 hoc

2086 526 2376 595 γενημένοι
2392 526 2572 580 λίθων·
2593 529 2759 582 νικῶν
2791 529 2898 600 γάρ
2930 547 3014 592 τις
3040 531 3134 582 καὶ
3155 530 3306 602 παρὰ
3323 531 3398 601 τῷ
3437 534 3620 607 Ἰωάννῃ

2083 615 2141 668 ἐν
2177 619 2242 687 τῇ
2283 618 2645 689 Ἀποκαλύψει
2677 620 3010 689 ἐπαγγελίαν
3054 619 3165 690 ἔχει
3210 619 3398 683 στῦλος
3439 621 3622 680 ἔσεσθαι

2081 710 2140 761 ἐν
2171 708 2250 780 τῷ
2283 709 2397 780 ναῷ
2429 710 2523 764 τοῦ
2567 710 2725 774 Θεοῦ,
2763 711 2837 782 μὴ
2870 711 3282 782 ἐξελευσόμενος
3320 711 3438 779 ἔξω.
3471 716 3621 772 Ταῦτα

2079 799 2136 853 δέ
2172 818 2262 871 μοι
2294 801 2471 856 πάντα
2501 802 2713 875 εἴρηται
2748 803 2888 875 ὑπὲρ
2921 803 3015 856 τοῦ
3049 803 3152 856 κᾶν
3185 805 3242 856 ὲν
3287 805 3506 878 βραχείᾳ
3547 827 3619 860 πε-

2081 891 2256 963 ρινοίᾳ
2283 892 2532 961 γενέσθαι
2562 895 2710 965 ἡμᾶς
2743 894 2852 947 τῶν
2892 894 3035 949 κατά
3078 894 3169 948 τὸν
3223 896 3375 958 ναὸν,
3427 899 3511 951 καὶ
3550 901 3622 953 τὸν

2078 979 2223 1036 οἷκον
2251 983 2345 1039 τοῦ
2371 985 2526 1051 Θεοῦ,
2555 985 2649 1040 καί.
2679 986 2777 1057 τὴν
2818 987 3142 1058 Ἐκκλησίαν
3162 1027 3178 1054 ,
3211 991 3306 1044 καὶ
3332 990 3430 1062 τὴν
3463 992 3622 1066 Ἰερου-

2080 1075 2260 1148 σαλὴμ
2288 1078 2650 1148 πραγμάτων,
2684 1079 2813 1150 περὶ
2840 1073 2914 1132 ὧν
2939 1080 3039 1132 οὐκ
3064 1079 3180 1133 ἐστι
3200 1080 3294 1134 νῦν
3318 1081 3490 1151 λέγειν
3511 1090 3622 1140 κατὰ

2080 1167 2263 1238 μέρος.
2301 1170 2410 1241 Τὴν
2445 1170 2502 1223 δὲ
2539 1171 2938 1242 ἀκριϐεστάτην
2968 1172 3063 1225 καί¹
3093 1173 3254 1245 μέχρι
3283 1174 3378 1227 τοῦ
3407 1177 3622 1245 τυχόντος

2077 1260 2206 1330 περὶ
2227 1261 2396 1314 ταῦτα
2418 1263 2653 1335 ἐπιμελῆ
2683 1263 2925 1331 ἐξέτασιν
2953 1268 3205 1338 ποιητέον
3233 1272 3348 1333 τοῖς
3381 1270 3451 1342 μὴ
3473 1273 3620 1327 ἀπαυ-

2076 1351 2208 1405 δῶσι
2238 1353 2374 1424 πρὸς
2396 1355 2523 1418 τοὺς
2551 1357 2609 1407 ἐν
2641 1355 2720 1426 τῷ
2758 1357 3105 1428 ἐντυγχάνειν
3144 1363 3264 1423 ταῖς
3299 1365 3621 1432 προφητείαις

2073 1444 2256 1515 ζητεῖν
2295 1445 2386 1498 τὸν
2425 1447 2482 1499 ἐν
2519 1448 2710 1510 αὐταῖς
2768 1449 3136 1518 πνευματικὸν
3178 1450 3304 1503 νοῦν
3355 1453 3618 1522 καμάτους.

2072 1535 2182 1588 Καὶ
2205 1535 2377 1588 ταῦτα
2403 1535 2502 1606 μὲν
2525 1557 2542 1587 ‹
2574 1537 2702 1608 περί
2733 1537 2827 1592 τοῦ
2857 1537 2987 1592 ναοῦ
3015 1537 3109 1592 τοῦ
3147 1540 3401 1610 σώματος
3429 1544 3615 1596 αὑτοῦ.»

2141 1625 2233 1679 27.
2276 1627 2430 1679 Ἐπεὶ
2461 1626 2517 1679 δὲ
2551 1645 2570 1678 ι
2599 1628 2688 1680 ὅτε
2713 1627 2921 1699 ἠγέρθη
2951 1630 3014 1682 ἐκ
3044 1631 3276 1701 νεκρῶν,
3309 1633 3618 1704 ἐμνήσθησαν

2069 1716 2117 1767 οἰ
2149 1714 2388 1786 μαθηταὶ
2421 1715 2585 1768 αὐτοῦ
2607 1755 2621 1775 ,
2655 1715 2737 1768 ὅτι
2784 1715 2942 1768 τοῦτο
2976 1716 3125 1784 ἔλεγε
3149 1758 3163 1778 ,
3201 1719 3299 1770 καὶ
3331 1719 3619 1772 ἐπίστευσαν

409 1805 621 1868 dixerit,
659 1813 714 1857 et
745 1803 1089 1857 crediderunt
1113 1781 1426 1873 Scripturze,
1452 1815 1506 1859 et
1536 1781 1772 1861 sermoni
1805 1821 1949 1874 quen

2105 1781 2161 1878 ᾗ-
2186 1781 2375 1879 Γραφῇ
2402 1845 2418 1865 ,
2459 1808 2553 1861 καὶ
2598 1807 2675 1878 τῷ
2716 1807 2878 1878 λόγῳ,
2907 1807 2965 1861 ὃν
2991 1781 3144 1862 εἶπεν
3173 1811 3201 1863 ὁ
3242 1810 3469 1880 Ἰησοῦς,
3499 1831 3514 1862 ι
3545 1815 3617 1864 ὲκ-

408 1897 542 1950 dixit
570 1896 725 1950 Jesus
758 1896 824 1958 ³⁸,
868 1913 885 1944 ι
921 1895 1324 1965 intelligendum
1358 1904 1467 1958 est,
1495 1897 1635 1965 quod
1665 1897 1732 1952 ad
1765 1906 1964 1952 textum

409 1988 618 2050 attinet,
651 1986 959 2055 discipulos,
991 1995 1272 2055 postquam
1303 1985 1562 2040 Dominus
1585 2001 1614 2040 e
1645 1989 1868 2041 mortuis
1893 2004 1968 2041 re-

408 2077 809 2157 resurrexisset,
830 2074 1157 2129 intellexisse
1173 2089 1291 2144 quae
1302 2074 1367 2128 de
1381 2074 1578 2144 templo
1595 2075 1734 2130 dicta
1756 2076 1968 2132 fuerant

397 2183 597 2237 ‘refcrri
643 2183 708 2236 ad
737 2182 1040 2250 passionem
1071 2183 1188 2249 eius
1215 2191 1272 2236 et
1302 2182 1773 2245 resurrectionem,
1805 2198 1962 2252 repe-

405 2282 580 2327 tentes
608 2274 749 2342 quod
797 2273 960 2327 verba
1004 2273 1089 2326 illa
1123 2291 1134 2326 :
1171 2293 1188 2324 ε
1223 2273 1281 2326 In
1329 2273 1499 2327 tribus
1535 2273 1724 2327 diebus
1765 2273 1963 2343 erigam

405 2363 534 2416 illud
555 2364 620 2426 9",
655 2381 672 2414 ι
695 2364 1139 2418 resurrectionem
1160 2365 1502 2432 declarabant
1530 2383 1542 2419 :
1569 2367 1781 2435 quando
1802 2365 1963 2420 etiam

404 2454 752 2509 crediderunt
778 2454 1067 2524 Scriptura:
1093 2463 1148 2508 et
1182 2455 1415 2509 sermoni
1454 2471 1612 2524 quem
1639 2455 1846 2509 dixerat
1872 2454 1964 2508 .le-

403 2560 515 2609 sus,
538 2561 658 2600 cum
683 2555 839 2599 antea
862 2546 988 2599 dicti
1014 2562 1122 2600 non
1144 2545 1346 2600 fuerint
1366 2546 1656 2600 credidisse
1678 2545 1966 2614 Scripturae

402 2655 459 2699 et
485 2647 744 2708 sermoni,
775 2664 934 2717 quem
962 2649 1094 2704 dixit
1114 2650 1288 2705 Iesus.
1319 2651 1453 2705 Nam
1489 2652 1622 2706 ﬁdes
1653 2654 1869 2723 preprie
1902 2654 1964 2706 il-

403 2736 507 2789 lius
534 2745 616 2790 est
645 2737 738 2806 qui
767 2747 874 2792 tota
902 2739 1080 2796 anima
1113 2741 1345 2796 admittit
1385 2743 1514 2796 illud
1542 2745 1684 2812 quod
1725 2745 1963 2799 creditur

404 2827 459 2880 in
487 2828 776 2897 baptismo.
807 2828 960 2894 Quod
998 2839 1179 2886 autem
1208 2834 1272 2885 ad
1301 2832 1632 2901 superiorem
1664 2834 1964 2905 intelligen-

403 2917 530 2972 tiam
553 2920 762 2984 attinet,
788 2921 1038 2989 quoniam
1066 2923 1317 2990 praedicta
1342 2923 1441 2976 fuit
1466 2923 1618 2977 nobis
1643 2925 1964 2980 resurrectio

405 3011 567 3064 totius
601 3012 841 3080 corporis
887 3012 1093 3066 Domini
1140 3030 1169 3067 e
1201 3015 1449 3072 mortuis.
1488 3016 1720 3068 sciamus
1751 3026 1964 3084 oportet

402 3101 545 3168 quod
587 3101 846 3156 admoniti
891 3105 1140 3173 discipuli
1195 3121 1294 3174 per
1343 3106 1568 3160 eﬂcctus
1626 3106 1958 3177 Scriptura},
1987 3135 2030 3196 α

402 3206 563 3259 quam
599 3203 778 3257 antea,
811 3195 1028 3262 quando
1077 3205 1232 3249 erant
1281 3195 1336 3249 in
1383 3197 1510 3261 vita,
1553 3207 1804 3252 accurate
1851 3213 1960 3252 non

404 3281 800 3350 intelligebant.
834 3283 935 3336 sub
976 3292 1250 3351 aSpcctum
1293 3284 1446 3339 facte
1486 3295 1539 3339 et
1584 3287 1958 3353 manifestata,

402 3372 769 3442 admonitique
816 3390 1045 3443 quorum
1093 3377 1390 3430 caelestium
1433 3379 1673 3448 exempla
1719 3390 1961 3436 erantet

404 3463 591 3517 umbra
621 3464 687 3529 ⁸⁸,
713 3465 874 3519 rebus
916 3465 1019 3518 illis
1062 3467 1408 3522 crediderunt
1439 3469 1631 3536 quibus
1654 3481 1808 3524 antea
1848 3487 1956 3524 non

396 3557 757 3624 crediderant,
789 3569 950 3629 atque
990 3563 1222 3617 sermoni
1247 3563 1402 3628 Jesu,
1433 3580 1592 3634 quem
1625 3575 1750 3622 ante
1777 3582 1958 3623 resur-

400 3650 715 3715 rectionem,
741 3652 819 3708 sic
846 3653 1060 3708 volente
1086 3654 1177 3708 illo
1199 3655 1289 3724 qui
1315 3656 1650 3726 loquebatur,
1673 3675 1782 3713 non
1806 3660 1958 3714 intel-

398 3738 663 3795 lexerunt.
696 3742 798 3808 Qui
835 3743 978 3797 enim
1011 3744 1126 3799 ﬁeri
1152 3745 1339 3816 |potest
1363 3756 1422 3800 ut
1451 3749 1664 3818 proprie
1694 3751 1814 3818 quis
1835 3765 1957 3806 cre-

397 3831 525 3884 dere
546 3830 836 3902 Scriptura:
857 3835 1067 3891 dicatur
1087 3853 1196 3892 non
1215 3840 1583 3908 contemplans
1603 3856 1820 3897 sensum
1841 3842 1956 3912 Spi-

398 3919 531 3973 ritus
555 3923 727 3976 sancti
755 3922 846 3992 qui
870 3923 923 3977 in
953 3925 1064 3994 ipsa
1092 3936 1191 3990 est,
1218 3943 1377 3996 quem
1409 3929 1550 3983 credi
1577 3931 1782 3985 mavult
1811 3933 1953 3986 Deus

397 4018 556 4074 quam
587 4008 778 4063 littera:
803 4012 1165 4067 voluntatem?
1191 4013 1348 4068 Juxta
1379 4016 1519 4071 hanc
1546 4017 1950 4090 intelligentiam

397 4097 578 4151 nullus
598 4113 665 4152 ex
691 4099 775 4153 his
801 4101 891 4169 qui
921 4104 1217 4157 secundum
1247 4120 1462 4159 carnem
1504 4108 1799 4174 ambulant,
1832 4126 1952 4165 cre-

395 4188 523 4242 dere
550 4188 810 4245 dicendus
839 4201 919 4246 est
944 4194 1105 4247 rebus
1129 4193 1498 4264 spiritualibus
1538 4198 1691 4270 legis,
1717 4215 1947 4270 quarum

397 4277 715 4348 principium
774 4296 844 4334 ne
900 4281 1217 4352 imaginatur
1266 4287 1501 4355 quidem.
1549 4288 1739 4343 Verum
1792 4293 1954 4363 209

396 4368 662 4424 beatiores
689 4371 776 4440 qui
813 4387 920 4425 non
957 4372 1208 4426 viderunt
1236 4384 1290 4429 et
1322 4378 1701 4440 crediderunt,
1735 4381 1819 4434 his
1860 4383 1949 4452 qui

2071 1901 2288 1954 δεκτέον
2311 1941 2326 1965 ,
2355 1901 2430 1964 ὼς
2465 1900 2606 1954 κατὰ
2635 1900 2733 1970 τὴν
2760 1900 2924 1965 λέξιν,
2956 1902 3040 1954 ὅτι
3072 1903 3121 1954 οἰ
3154 1901 3399 1973 μαθηταὶ
3430 1905 3552 1972 μετᾶ
3573 1905 3617 1956 τὸ

2066 1991 2371 2064 ἐγηγέρθαι
2407 1995 2470 2046 ἐκ
2506 1993 2715 2066 νεκρῶν
2748 1992 2839 2045 τὸν
2873 1993 3094 2064 Κύριον,
3130 1994 3374 2064 συνῆκαν
3419 1994 3481 2048 τά
3515 1998 3617 2067 περὶ

2069 2083 2162 2136 τοῦ
2193 2083 2320 2138 ναοῦ
2347 2083 2613 2156 εἰρημένα
2642 2084 3008 2152 ἀναφέρεσθαι
3036 2087 3114 2148 εἰς
3139 2084 3198 2138 τὸ
3232 2085 3406 2149 πάθος
3440 2086 3580 2139 αὑτοῦ
3602 2126 3614 2148 ,

2070 2160 2164 2232 καί
2191 2176 2286 2248 τὴν
2319 2176 2633 2236 ἀνάστασιν,
2671 2175 3109 2246 ὑπομνησθέντες
3139 2175 3275 2246 (62).
3305 2177 3388 2230 ὅτι
3409 2177 3480 2229 τό·
3511 2198 3526 2228 ι
3547 2179 3615 2230 Ἑν

2069 2265 2244 2336 τρισὶν
2279 2266 2515 2336 ἡμέραις
2549 2264 2724 2338 ἐγερῶ
2763 2265 2958 2330 αὐτὸν,
2995 2285 3012 2315 ι
3059 2267 3158 2337 τὴν
3191 2267 3487 2320 ἀνάστασιν
3514 2269 3612 2338 ἐδή-

2067 2359 2159 2412 λου
2183 2377 2196 2389 ⁸
2228 2360 2318 2412 ὅτε
2349 2360 2440 2411 καὶ
2469 2358 2794 2411 ἐπίστευσαν
2834 2360 2898 2430 τῇ
2932 2358 3145 2428 Γραφῇ,
3179 2360 3273 2412 καὶ
3318 2359 3395 2430 τῷ
3422 2359 3547 2430 λόγῳ
3570 2361 3615 2413 ὃν

2067 2447 2218 2504 εἶπεν
2260 2453 2288 2504 ὁ
2332 2450 2567 2522 Ἰησοῦς,
2602 2443 2866 2522 πρότερον
2911 2451 2972 2503 οὐ
3020 2452 3501 2522 μεμαρτυρημένα
3540 2471 3616 2504 πε-

2067 2543 2417 2597 πιστευκέναι
2453 2546 2518 2614 τῇ
2551 2544 2738 2614 Γραφῇ
2767 2583 2780 2607 ,
2829 2543 2949 2596 οὐδὲ
2979 2543 3056 2614 τῷ
3084 2543 3227 2614 λόγῳ
3257 2544 3437 2615 τούτῳ
3468 2545 3520 2599 ὃν
3558 2541 3616 2598 εἷ-

2066 2653 2168 2689 πεν
2213 2637 2242 2689 ὁ
2309 2636 2548 2705 Ἰησοῦς·
2586 2636 2792 2708 κυρίως
2839 2635 2946 2707 γὰρ
2990 2637 3171 2698 πίστις
3219 2638 3344 2690 ἐστί
3390 2638 3523 2690 κατὰ
3568 2638 3618 2689 τὸ

2063 2726 2348 2798 βάπτισμα
2376 2727 2469 2779 τοῦ
2501 2726 2598 2800 ὅλῃ
2625 2726 2768 2798 ψυχῇ
2804 2726 3243 2798 παραδεχομένου
3289 2727 3353 2781 τὸ
3401 2729 3618 2782 πιστευό-

2067 2836 2224 2890 μενον
2245 2836 2258 2848 ·
2291 2819 2367 2881 ὼς
2399 2819 2456 2871 δὲ
2502 2818 2638 2889 πρὸς
2672 2820 2768 2889 τὴν
2799 2818 3118 2890 ἀναγωγὴν,
3161 2820 3285 2872 ἐπεὶ
3321 2820 3616 2892 προείρηται

2061 2915 2194 2984 ἡμῖν
2222 2913 2255 2984 ἡ
2281 2915 2348 2966 ἐκ
2372 2911 2581 2983 νεκρῶν
2623 2910 2917 2974 ἀνάστασις
2957 2911 3049 2964 τοῦ
3080 2911 3281 2975 παντὸς
3309 2913 3406 2965 τοῦ
3437 2913 3616 2984 Κυρίου

2064 3003 2336 3076 σώματος,
2367 3003 2564 3057 εἰδέναι
2599 3003 2725 3076 χρὴ,
2754 3003 2906 3056 ὅτιοὶ
2940 3003 3179 3074 μαθηταὶ
3206 3004 3618 3075 ὑπομνησθέντες

2061 3096 2151 3151 διὰ
2201 3095 2308 3149 τῶν
2360 3095 2816 3164 ἀποτελεσμάτων
2859 3094 2990 3163 τῆς,
3019 3094 3105 3146 ὅτε
3134 3089 3274 3165 ἦσαν
3323 3097 3382 3147 ἐν
3411 3093 3484 3165 τῷ
3514 3093 3614 3165 βίῳ,

2064 3187 2140 3258 μὴ
2173 3184 2559 3258 ὴκριϐωμένης
2599 3185 2784 3248 αὐτοῖς
2818 3183 2926 3254 (65)
2957 3183 3198 3254 Γραφῆς,
3232 3184 3338 3237 ὑπὸ
3390 3183 3507 3255 ὄψιν
3545 3201 3615 3252 για

2059 3277 2290 3348 νομένης
2316 3315 2331 3339 ,
2389 3276 2482 3330 καὶ
2514 3276 2956 3347 φανερουμένης,
3007 3275 3166 3327 τίνων
3206 3292 3267 3328 τε
3302 3276 3616 3348 ἐπουρανίων

2061 3368 2366 3439 ὑπόδειγμα
2392 3369 2485 3422 καὶ
2516 3368 2642 3423 σκιά
2675 3369 2958 3440 ἐτύγχανε,
2986 3368 3335 3422 πιστεύουσιν
3366 3369 3415 3421 οἳ
3450 3369 3616 3440 πρότε-

2061 3476 2151 3531 ρον
2177 3459 2278 3512 οὐκ
2307 3460 2593 3512 ἐπίστευον
2611 3497 2624 3522 ,
2657 3458 2751 3512 καὶ
2781 3457 2858 3529 τῷ
2884 3457 3027 3528 λόγῳ
3054 3458 3145 3510 τοῦ
3183 3455 3385 3528 Ἰησοῦ,
3431 3456 3487 3510 ὃν
3529 3456 3616 3528 πρὸ

2055 3551 2154 3621 τῆς
2183 3551 2556 3614 ἀναστάσεως,
2591 3550 2667 3614 ὡς
2701 3549 2951 3604 ἐϐούλετο
2983 3552 3010 3602 ό
3043 3548 3235 3617 λέγων,
3262 3549 3323 3601 οὐ
3365 3550 3611 3603 συνίεσαν.

2057 3642 2182 3706 Πῶς
2209 3643 2318 3714 γὰρ
2349 3643 2570 3696 δύναταί
2595 3661 2678 3706 τις
2712 3643 2986 3696 πιστεύειν
3035 3643 3234 3715 κυρίως
3274 3642 3526 3712 λέγεσθαι
3561 3644 3612 3712 τῇ

2058 3731 2097 3784 Γ
2105 3734 2246 3803 οαφῇ
2269 3773 2284 3796 ,
2317 3732 2408 3785 τὸν
2438 3733 2495 3784 ἐν
2529 3733 2667 3804 αὐτῇ
2702 3733 2810 3804 (6.1)
2840 3733 2934 3786 τοῦ
2977 3733 3131 3802 ἁγίου
3167 3733 3481 3804 Πνεύματος
3509 3733 3613 3786 νοῦν

2061 3825 2137 3898 μὴ
2169 3824 2408 3896 θεωρῶν,
2444 3825 2502 3878 ὃν
2529 3825 2879 3878 πιστεύεσθαι
2920 3825 3119 3896 μᾶλλον
3150 3828 3177 3880 ό
3202 3827 3336 3890 Θεὸς
3367 3826 3610 3896 βούλεται,

2055 3921 2089 3992 ἢ
2124 3921 2185 3976 τὸ
2213 3921 2306 3974 τοῦ
2322 3919 2648 3992 γράμματος
2673 3918 2902 3989 θέλημα;
2929 3917 3086 3971 Κατὰ
3105 3917 3263 3971 τοῦτο
3281 3919 3501 3972 λεκτέον
3527 3936 3613 3987 μην

2055 4013 2182 4067 δένα
2214 4012 2323 4067 τῶν
2355 4011 2497 4066 κατά
2521 4011 2701 4083 σάρκα
2731 4009 3173 4084 περιπατούντων
3209 4009 3487 4062 πιστεύειν
3519 4011 3612 4068 τοῖς

2055 4107 2444 4176 πνευματικοῖς
2474 4104 2569 4158 τοῦ
2599 4103 2788 4174 νόμου,
2829 4098 2909 4168 οἷς
2943 4105 3078 4176 μηδὲ
3108 4106 3205 4178 τὴν
3234 4105 3407 4178 ἀρχὴν
3435 4105 3614 4175 φαντά-

2055 4196 2229 4262 ζεται.
2296 4196 2468 4268 Πλὴν,
2507 4198 2640 4267 φασὶ
2698 4198 3142 4269 μακαριωτέρους
3196 4194 3334 4252 εἶναι
3389 4199 3510 4261 τοὺς
3550 4196 3611 4266 μὴ

2059 4290 2266 4355 ἰδόντας
2312 4289 2406 4343 καὶ
2457 4289 2856 4353 πιστεύσαντας
2883 4291 2992 4343 τῶν
3024 4291 3346 4362 ἑωρακότων
3390 4291 3484 4344 καὶ
3526 4308 3608 4341 πε-

2057 4381 2427 4434 πιστευκότων
2455 4420 2469 4444 ,
2521 4381 2980 4452 παρεκδεξάμενοι
3003 4383 3064 4434 τὸ
3085 4384 3143 4435 ἐν
3168 4381 3245 4453 τῷ
3273 4384 3416 4437 κατά
3455 4382 3611 4436 Ἰωάν-

395 4459 645 4514 viderunt
707 4473 762 4515 et
813 4461 1196 4524 crediderunt,
1240 4463 1525 4534 inquiunt;
1568 4469 1623 4522 bi
1665 4485 1945 4539 perperan;

2102 4494 2150 4546 qv
2181 4475 2273 4529 ἐπὶ
2317 4475 2461 4528 τέλει
2513 4474 2802 4545 εἰρημένον
2844 4472 2980 4544 πρὸς
3011 4472 3101 4525 τὸν
3141 4473 3344 4543 Θωμᾶν
3378 4473 3480 4526 ὑπὸ
3528 4470 3608 4524 τοῦ

386 4568 709 4624 acceperunt
737 4562 879 4628 quod
904 4561 957 4614 in
985 4563 1090 4617 ﬁne
1126 4566 1396 4639 Evangelii
1433 4568 1809 4635 Joannisdicit
1838 4575 1942 4630 D0-

2102 4569 2290 4640 υρίου·
2322 4587 2340 4619 ι
2379 4569 2654 4637 Μακάριοι
2679 4568 2727 4620 οἰ
2760 4566 2833 4638 μὴ
2855 4567 3046 4629 ἰδόντες
3068 4565 3162 4619 καὶ
3181 4565 3602 4627 πιστεύσαντες-ι

385 4644 562 4699 minus
605 4647 672 4700 ad
713 4647 974 4705 Thomam
1015 4670 1028 4706 :
1067 4674 1085 4704 ε
1129 4655 1279 4711 Beati
1324 4659 1415 4727 qui
1464 4677 1571 4714 non
1600 4662 1852 4719 viderunt
1885 4677 1941 4721 et

383 4734 726 4792 crediderunt
753 4741 817 4793 ”.
868 4760 886 4790 ι
916 4742 1020 4798 Sed
1059 4759 1170 4798 non
1216 4746 1480 4803 beatiores
1522 4750 1694 4819 inquit
1723 4768 1816 4808 eos
1847 4755 1939 4824 qui

382 4840 492 4879 non
526 4828 776 4884 viderunt
819 4842 874 4887 et
917 4835 1280 4899 crediderunt,
1328 4839 1412 4893 his
1455 4841 1546 4910 qui
1592 4842 1843 4899 viderunt
1885 4859 1939 4902 et

380 4918 754 4990 crediderunt;
782 4925 997 4995 alioqui,
1021 4927 1172 4997 juxta
1194 4930 1332 4984 hanc
1359 4931 1787 5004 intelligentiam,
1815 4951 1938 5007 apo-

346 5030 526 5085 stolis
571 5031 899 5099 posteriores
949 5033 1222 5086 beatiores
1270 5041 1398 5088 sunt
1449 5033 1710 5100 apostolis
1765 5035 1897 5107 ipsis
1927 5079 1945 5104 ,

373 5125 518 5192 quod
567 5135 648 5180 est
683 5123 1049 5180 latuissimum
1082 5126 1343 5181 omnium.
1380 5125 1617 5183 Proinde
1649 5140 1833 5184 mente
1862 5133 1940 5186 vi-

369 5219 496 5271 deat
521 5223 738 5284 oportet
766 5229 891 5285 quae
923 5218 1220 5270 creduntur
1241 5216 1334 5286 qui
1370 5216 1565 5272 beatus
1591 5217 1804 5276 futurus
1833 5235 1938 5290 est,

436 5357 488 5391 ⁸⁸
508 5357 688 5437 Apoc.
712 5371 793 5422 Ill,
826 5354 914 5410 12.
1005 5356 1049 5388 ³⁵
1079 5344 1233 5414 Joan.
1279 5372 1333 5423 ιι,
1362 5356 1452 5411 21.

404 5544 414 5554 '
441 5471 551 5544 (62)
604 5467 1135 5550 Ὑπομνησθέντες.
1161 5471 1509 5528 Desideratur
1544 5473 1594 5527 in
1618 5476 1805 5531 codice
1835 5476 1942 5533 lle-

369 5557 551 5680 gl((63)
588 5614 819 5680 Αὺτοῖς.
861 5611 1022 5664 Deest
1051 5610 1102 5663 in
1132 5614 1316 5666 codice
1346 5613 1654 5669 Bodleiano.

439 5679 552 5759 (ϋρ)
597 5684 708 5759 Τὸν
849 5679 1116 5759 αὑτῇ-1η
1157 5684 1340 5759 codice
1373 5683 1552 5759 Regio
1587 5687 1737 5743 deest
1778 5689 1934 5759 αὐτῇ,

369 5755 513 5819 quod
548 5757 850 5810 restituitur
876 5770 906 5811 e
937 5753 1123 5810 codioe
1159 5753 1480 5809 Barberiuo.

1554 5358 1602 5390 οο
1664 5359 1790 5417 ibid.
1836 5361 1906 5419 22
1978 5367 2023 5410 ον
2061 5358 2196 5417 ibid.
2246 5354 2335 5438 ia.

2053 4664 2115 4717 οὐ
2146 4662 2256 4734 γὰρ
2311 4660 2758 4732 μακαριωτέρους
2814 4659 2921 4731 (65)
2959 4655 3097 4712 εἶναι
3144 4661 3268 4722 τοὺς
3318 4659 3392 4730 μὴ
3423 4659 3607 4717 ἰδόντας

2054 4758 2147 4812 καί⁸
2198 4755 2590 4817 πιστεύσαντας
2637 4751 2746 4807 τῶν
2784 4753 3102 4823 ἑωρακότων
3143 4752 3235 4804 καὶ
3269 4749 3604 4804 πεπιστευκό-

2052 4869 2161 4906 των
2181 4867 2194 4880 °
2226 4849 2369 4904 κατά
2395 4847 2522 4917 γοῦν
2552 4845 2649 4918 τὴν
2677 4845 2902 4917 ἐκδοχὴν
2935 4845 3114 4898 αὐτῶν
3159 4845 3267 4898 τῶν
3315 4843 3604 4898 ἀποστόλων

2056 4945 2458 5016 μακαριώτεροι
2497 4943 2548 4993 oi.
2582 4938 2719 5010 μετὰ
2748 4938 2875 5002 τοὺς
2918 4938 3246 5002 ἀποστόλους
3285 4939 3443 5002 εἰσὶν,
3486 4937 3603 5003 ὅπερ

2051 5039 2170 5091 ἐστὶ
2221 5037 2436 5090 πάντων
2492 5031 2863 5103 ὴλιθιὼτατον.
2911 5031 3056 5085 Ἰδεῖν
3085 5031 3140 5084 δὲ
3168 5030 3246 5101 τῷ
3279 5030 3390 5101 (66)
3430 5028 3503 5099 νῷ
3546 5026 3602 5078 τὰ

2050 5127 2414 5198 πιστευόμενα
2440 5125 2530 5178 τὸν
2569 5125 2825 5194 ἐσόμενον
2859 5125 3145 5196 μακάριον,
3197 5124 3271 5187 ὡς
3306 5124 3354 5176 οἱ
3389 5119 3600 5174 άπόστο·

2045 5223 2162 5286 λοι,
2194 5219 2488 5291 δυνηθέντα
2524 5215 2743 5272 ἀκούειν
2766 5216 2858 5270 τό·
2891 5235 2910 5268 ι
2947 5216 3226 5287 Μακάριοι
3266 5215 3315 5268 oi
3356 5206 3598 5282 ὀφθαλμοὶ

2435 5353 2481 5386 ’⁸
2507 5352 2670 5408 Hebr.
2703 5367 2818 5413 vm,
2852 5351 2906 5406 5.
2999 5351 3044 5382 ⁹⁹
3066 5348 3226 5404 Joan.
3261 5364 3354 5411 xx,
3383 5345 3471 5400 29.

2121 5472 2235 5546 (65)
2278 5470 2518 5546 Ob‘rc'zp
2563 5464 3058 5546 μακαριωτέρρίυς⁹
3099 5473 3206 5546 etc.
3251 5458 3593 5546 Supplendum

2048 5535 2228 5617 equi,’
2241 5541 2382 5617 quod
2412 5535 2657 5594 Ἰοῖιπὲςε
2684 5535 3056 5617 supplendum
3076 5535 3291 5604 reliquit
3328 5535 3592 5599 Origenes.

2045 5608 2127 5671 vel
2163 5608 2415 5666 librarius
2446 5608 2808 5680 praetermisit.
2846 5677 2863 5680 _
3050 5675 3060 5680 _
3199 5674 3217 5680 _
3480 5666 3522 5680 ω
3550 5667 3569 5680 _

2119 5666 2230 5755 (66)
2282 5666 2796 5755 ’l6elr'6sttpytp.
2845 5675 3157 5755 Legendum
3194 5674 3440 5734 fortasse,
3480 5666 3592 5721 ἰδεῖν

2044 5756 2100 5808 δὲ
2128 5746 2221 5808 ’δεῖ
2247 5753 2323 5822 τῷ
2356 5751 2459 5822 νῷ·
2493 5751 2691 5820 alioqui
2730 5764 2836 5804 non
2868 5746 3138 5804 constabit
3167 5757 3378 5800 sensus.
