3702 6142
103 374 190 436 $3
1141 359 1494 418 COMMENT.
1528 357 1596 414 IN
1627 355 1819 414 JOAN.
1867 354 2105 412 TOMUS
2143 353 2207 409 Χ.

3185 348 3291 402 394

102 469 245 540 ὑμῶν,
272 466 346 520 ὅτι
378 462 648 534 βλέπουσι,
669 458 851 514 καὶτὰ
875 453 991 512 ὦτα
1020 458 1173 529 ὑμῶν
1204 459 1286 512 ὅτι
1309 457 1582 511 ἀκούουσιο
1600 476 1618 506 ι

1800 454 1950 507 rinde
1974 462 2139 521 alque
2165 448 2397 518 apostoli
2433 446 2561 501 illud
2587 446 2773 500 audire
2811 435 2998 499 valens
3027 463 3041 499 :
3077 461 3096 495 ι
3138 443 3289 499 Beati

101 561 177 614 καὶ
208 558 285 611 τό·
313 574 330 606 ι
352 552 839 622 Πολλοὶνπροφῆται
871 551 967 604 καὶ
1015 548 1213 603 δίκαιοι
1270 547 1621 619 ἐπεθύμησαν

101 650 205 706 MV
225 650 257 703 ἂ
289 646 520 717 βλέπετε,
544 644 646 698 καὶ
679 644 780 696 οὐκ
810 638 968 705 εἶδον,
1001 643 1096 695 καὶ
1126 641 1357 695 ἀκοῦσαι
1381 641 1416 694 ἃ
1440 639 1625 693 ἀκούεο

96 759 159 803 τε,
187 740 270 793 καὶ
294 738 399 790 οὐκ
417 736 671 806 ἡκουσαν.
706 753 725 785 ι
775 731 1078 804 Ἀγαπητδν
1122 732 1180 785 δὲ
1222 731 1318 785 καὶ
1351 729 1443 783 τὸν
1492 732 1625 783 ὐπο-

94 833 331 901 δεέστερον
359 826 542 882 λαϐεῖν
591 826 937 898 μακαρισμὸν
988 825 1238 895 λέγονται
1299 842 1318 875 ι
1348 823 1624 894 Μακάριοι

91 925 133 977 oi
153 920 431 993 ειη-ἰδόντες
452 920 547 973 καὶ
580 916 983 981 πιστεύσαντες.
1018 936 1036 969 ι
1075 917 1199 980 Πῶς
1242 916 1300 969 δὲ
1344 914 1624 986 μακαριώ-

92 1030 212 1084 τεροι
235 1014 279 1065 oi
310 1010 572 1081 ὀφθαλμοὶ
600 1011 652 1064 οἱ
689 1010 795 1063 ὑπὸ
826 1010 920 1063 τοῦ
966 1006 1143 1081 Ἰησοῦ
1175 1007 1283 1081 (67)
1324 1005 1624 1078 μακαριζό-

94 1123 217 1178 μενοι
251 1104 338 1158 ἐπὶ
367 1106 480 1168 τοῖς
506 1103 745 1175 τεθεωρη
755 1103 936 1174 μένοις
963 1142 977 1166 ,
1028 1100 1138 1155 τῶν
1175 1101 1249 1173 μὴ
1299 1098 1622 1170 φθασάντων

92 1198 165 1251 ἐπὶ
184 1199 270 1269 τὴν
292 1195 396 1250 τῶν
417 1195 676 1248 τοιούτων
709 1194 837 1248 θέαν
857 1211 872 1224 ’
916 1195 974 1247 '0
997 1192 1054 1246 δὲ
1074 1190 1300 1263 Συμεὼν
1322 1192 1511 1262 ἀγαπᾷ
1542 1192 1623 1254 εἰς

89 1288 168 1351 τὰς
190 1286 417 1356 ἀγκάλας
451 1284 633 1340 λαϐὼν
655 1285 718 1339 τὸ
750 1285 1016 1356 σωτήριον
1036 1281 1131 1337 τοῦ
1164 1282 1322 1347 Θεοῦ,
1367 1283 1461 1337 καὶ
1496 1281 1623 1336 θεα-

90 1379 285 1449 σάμενος
314 1378 440 1432 αὐτὸ
480 1375 633 1433 εἷπε’
675 1396 694 1429 ι
723 1376 839 1430 Νῦν
866 1375 1120 1439 ἀπολύεις
1155 1375 1246 1428 τὸν
1275 1372 1459 1428 δοῦλόν
1504 1390 1619 1439 σου,

86 1472 312 1535 Δέσποτα,
341 1470 482 1525 κατὰ
519 1471 581 1524 τὸ
606 1470 759 1542 ῥῆμά
805 1486 920 1534 σου,
961 1468 1020 1522 ὲν
1051 1467 1264 1543 εἰρήνῃ·
1289 1468 1372 1520 ὅτι
1401 1464 1538 1520 εἶδον
1571 1468 1619 1519 oi

83 1561 309 1633 ὀφθαλμοί
345 1579 444 1632 μου
461 1561 522 1615 τὺ
547 1561 810 1633 σωτήριόν
836 1577 948 1614 σου.
974 1579 993 1613 ι
1020 1560 1217 1631 Διόπερ
1246 1558 1623 1630 φιλοτιμητέον

84 1654 283 1721 ἀνοίγειν
320 1653 445 1717 τοὺς
485 1652 817 1724 ὀφθαλμοὺς,
846 1651 985 1706 κατὰ
1016 1651 1107 1705 τὸν
1135 1633 1493 1722 Σολομῶντα,
1536 1648 1623 1702 ἵνα

84 1744 232 1814 ἄρτων
262 1729 688 1817 ὲμπλησθῶμεν.
735 1745 879 1816 Φησὶ
923 1743 1065 1817 γάρ·
1131 1761 1150 1795 ι
1178 1740 1449 1808 Διάνοιξον
1497 1742 1623 1803 τοὺς

1725 545 1864 599 oculi
1901 544 2059 598 vestri
2090 543 2215 613 quia
2243 542 2447 604 vident,
2478 547 2533 594 et
2567 552 2729 592 aures
2779 546 2974 592 vestrae
3019 537 3148 606 quia
3202 552 3293 591 au-

1727 632 1882 685 diunt
1918 631 1972 695 ¹;
2012 649 2030 681 ι
2067 640 2121 684 et
2152 628 2326 682 illud:
2367 647 2385 679 ι
2429 626 2582 681 Multi
2613 626 2889 697 propheta:
2924 635 2981 681 et
3018 624 3149 694 justi
3195 641 3292 681 cu-

1726 723 1942 791 pierunt
1968 721 2152 775 videre
2179 735 2301 788 qua:
2333 719 2547 784 videtis,
2570 727 2627 773 et
2651 734 2753 772 non
2790 719 3073 785 viderunt;
3105 727 3161 772 et
3191 732 3292 773 att—

1727 813 1846 868 dire
1875 826 1996 882 quae
2041 811 2262 876 auditis,
2293 822 2347 865 et
2382 826 2490 865 non
2548 810 2837 865 audierunt
2871 812 2913 868 ².
2976 829 2995 862 ι
3045 809 3293 865 Amabile

1728 913 1910 958 tamen
1965 904 2130 959 etiam
2164 912 2248 958 est
2300 903 2565 957 minorem
2601 904 2849 972 accipere
2902 902 3292 956 beatitudinem

1726 996 1998 1051 dicentem
2031 1012 2048 1052 :
2085 1014 2103 1046 (
2143 994 2291 1049 Beati
2336 995 2428 1065 qui
2480 1010 2586 1048 non
2631 995 2884 1047 viderunt
2942 1004 2997 1049 et
3050 994 3309 1059 credideﬁ

1725 1098 1854 1142 runt
1888 1087 1931 1140 ³.
1977 1105 1995 1139 ι
2030 1086 2314 1155 Quomodo
2359 1086 2503 1141 enim
2541 1101 2648 1141 non
2682 1087 2954 1142 beatiores
3003 1086 3145 1142 oculi
3203 1086 3294 1156 qui

1725 1193 1755 1234 a
1787 1177 1916 1235 Jesu
1950 1179 2332 1234 beatiﬁeantur
2354 1179 2424 1234 ob
2454 1192 2542 1233 res
2575 1178 2743 1245 visas,
2780 1177 2865 1233 his
2894 1178 2986 1249 qui
3032 1194 3137 1233 non
3173 1194 3298 1248 per-

1724 1279 1994 1324 venerunt
2022 1270 2089 1323 ad
2122 1268 2311 1324 talium
2364 1282 2548 1323 rerum
2579 1269 2887 1324 visionem?
2923 1269 3142 1326 Simeon
3190 1271 3296 1333 igi-

1727 1371 1835 1425 tur,
1879 1370 2170 1416 contentus
2199 1359 2501 1428 sumpsisse
2528 1360 2582 1414 in
2615 1360 2774 1415 ulnas
2803 1362 3042 1418 salutare
3083 1362 3202 1429 Dei,
3230 1362 3298 1419 il-

1726 1450 1933 1523 ludque
1965 1452 2367 1522 contemplatus
2395 1491 2412 1518 ,
2465 1450 2607 1507 dixit
2639 1471 2653 1508 :
2698 1471 2716 1505 ι
2747 1452 2899 1510 Nunc
2930 1454 3157 1510 dimittis
3183 1470 3298 1511 ser-

1725 1561 1852 1601 vum
1901 1553 2053 1600 tuum
2076 1585 2093 1610 ,
2134 1547 2403 1610 Domine,
2453 1546 2747 1601 secundum
2780 1549 3003 1601 verbum
3058 1557 3209 1602 tuum
3242 1549 3297 1604 in

1727 1653 1889 1707 pace;
1916 1637 2171 1708 quoniam
2204 1638 2616 1693 videruntoculi
2643 1638 2747 1692 mei
2772 1639 3008 1693 salutare
3032 1648 3180 1694 tuum
3196 1636 3239 1693 ⁸.
3271 1659 3292 1693 ι

1728 1727 1996 1795 Quocirca
2032 1731 2424 1784 contendamus
2463 1744 2684 1785 necesse
2728 1741 2813 1785 est
2842 1733 3057 1801 aperire
3089 1730 3297 1795 oculos,

81 1833 350 1906 ὀφθαλμούς
379 1852 496 1899 σου,
529 1836 622 1889 καὶ
656 1834 1000 1906 ὲμπλήσθητι
1035 1833 1268 1906 ἄρτων.»
1303 1833 1413 1887 Καὶ
1445 1831 1617 1885 ταῦτά

1800 1831 1867 1875 ita
1916 1820 2287 1888 Salomonem,
2321 1832 2383 1875 ut
2429 1821 2756 1891 impleantur
2819 1824 3070 1893 panibus.
3118 1821 3300 1894 lnquit

85 1944 156 1995 μοι
182 1925 262 1980 διὰ
286 1926 366 1981 τό’
389 1946 408 1979 ι
430 1926 791 1983 Ἐπίστευσαν
815 1928 881 1997 τῇ
913 1926 1125 1998 Γραφῇ,
1163 1925 1257 1978 καὶ
1272 1923 1350 1995 τῷ
1372 1922 1535 1994 λόγῳ,
1559 1921 1617 1974 ὃν

80 2011 209 2069 εἶπεν
228 2016 255 2069 ὁ
286 2015 489 2088 Ἰησοῦς
513 2057 529 2081 ,
563 2036 581 2067 ι
608 2016 843 2090 εἰρήσθω
864 2032 878 2047 '
908 2017 995 2070 ἵνα
1040 2017 1102 2070 τὸ
1141 2015 1344 2069 τέλειον
1387 2014 1487 2086 τῆς
1524 2012 1617 2066 πί-

80 2123 222 2170 στεως
265 2110 326 2162 ὲκ
355 2108 466 2162 τῶν
494 2108 627 2180 περὶ
665 2108 903 2172 πίστεως
949 2107 1334 2179 ὲξητασμένων
1383 2104 1620 2160 καταλά-

77 2200 233 2270 ϐωμεν
280 2202 409 2272 ἡμῖν
457 2200 781 2272 δοθήσεσθαι
835 2203 894 2255 έν
941 2204 1007 2273 τῇ
1047 2200 1258 2273 μεγάλῃ
1307 2201 1373 2253 ὲκ
1408 2198 1619 2270 νεκρῶν

78 2292 336 2347 ἀναστάσει
377 2292 471 2347 τοῦ
513 2295 716 2358 παντὸς
770 2292 944 2362 Ἰησοῦ
1003 2291 1286 2364 σώματος,
1323 2290 1426 2362 τῆς
1458 2291 1620 2360 ἁγίας

87 2384 377 2456 Ἐκκλησίας
406 2385 598 2439 αὑτοῦ.
632 2386 811 2457 Ὀπερ
835 2385 946 2456 γὰρ
975 2385 1069 2438 ἐπὶ
1101 2383 1356 2454 γνώσεως
1380 2383 1613 2456 εἴρηται·

82 2478 254 2548 ι’Δρτι
300 2477 559 2545 γινώσκω
601 2478 667 2532 ὲκ
713 2478 931 2550 μέρους,
962 2496 981 2530 ι
1017 2477 1137 2531 τόδε
1179 2477 1273 2530 καὶ
1302 2477 1393 2530 ἐπὶ
1419 2475 1620 2540 παντὸς

76 2566 214 2620 καλοῦ
255 2568 544 2623 ἀκόλουθον
584 2565 735 2640 οἶμαι
768 2569 980 2639 λέγειν·
1028 2568 1087 2622 ἓν
1132 2568 1190 2623 δὲ
1230 2567 1342 2622 τῶν
1381 2568 1556 2623 ἄλλων
1584 2569 1618 2639 ή

77 2660 245 2724 πίστις.
274 2661 491 2735 Διόπερ,
532 2681 552 2713 ι
586 2662 744 2734 Ἀρτι
782 2679 801 2713 ι
830 2660 1107 2715 πιστεύω(
1146 2662 1211 2714 ὲκ
1241 2662 1459 2732 μέρουςο
1491 2659 1620 2712 ὅταν

73 2746 119 2802 δὲ
139 2749 252 2823 ἔλθῃ
281 2752 342 2805 τὸ
380 2753 593 2807 τέλειον
632 2773 651 2806 ι
704 2753 803 2825 τῆς
854 2752 1120 2816 πίστεως,
1149 2769 1167 2803 ι
1216 2751 1278 2804 τὺ
1320 2753 1385 2804 ἐκ
1423 2751 1621 2822 μέρους

74 2843 539 2917 καταργηθήσεται,
562 2864 582 2897 ι
636 2845 735 2916 τῆς
780 2843 871 2898 διὰ
926 2843 1098 2907 εἴδους
1151 2843 1388 2907 πίστεως
1439 2842 1621 2914 πολλῷ

73 2931 397 3008 διαφερούσης
426 2938 554 3009 τῆς,
584 2937 651 2991 ἵν’
672 2936 845 3001 οὕτως
869 2934 1028 3001 εἴπω,
1054 2936 1121 2989 δι’
1152 2937 1416 3008 ἐσόπτρου
1439 2936 1537 2991 καὶ
1563 2938 1619 2991 ὲν

72 3027 342 3099 αξνίγματι,
365 3030 574 3102 ὁμοίως
600 3033 666 3102 τῇ
702 3028 798 3083 νῦν
836 3026 1056 3097 γνώσει,
1079 3029 1335 3092 πίστεως.

128 3300 207 3357 28.
240 3322 257 3354 ι
283 3303 437 3367 Ὠςδὲ
467 3300 543 3374 ἦν
579 3305 637 3356 ὲν
667 3307 780 3368 τοῖς
807 3303 1199 3377 Ἱεροσολύμοις
1227 3305 1284 3356 ἐν
1310 3303 1387 3374 τῷ
1411 3303 1624 3375 Πάσχα,

72 3395 192 3466 ὲντῇ
219 3398 396 3470 ἑορτῇ,
445 3397 637 3451 πολλοὶ
677 3397 1002 3450 ἐπίστευσαν
1030 3398 1110 3459 είς
1138 3394 1200 3448 τὸ
1230 3394 1401 3466 ὄνομα
1435 3394 1624 3461 αὑτοῦ,

73 3483 372 3560 θεωροῦντες
413 3488 584 3545 αὐτοῦ
621 3490 690 3544 τὰ
729 3492 967 3560 σημεῖα,
1002 3488 1036 3543 ἃ
1068 3489 1260 3542 ἐποίει.
1302 3488 1476 3552 Αὐτὸς
1508 3488 1568 3542 δὲ
1599 3490 1628 3542 ὁ

81 3579 260 3650 Ἰησοῦς
287 3583 386 3635 οὑκ
421 3582 745 3636 ἐπίστευσεν
788 3580 950 3635 αὑτὸν
1003 3581 1187 3644 αὐτοῖς
1238 3578 1330 3634 διὰ
1373 3580 1433 3633 τὸ
1465 3578 1628 3634 αὑτὸν

72 3669 329 3738 γινώσκειν
358 3674 576 3738 πάντας
595 3713 610 3735 ,
661 3673 756 3727 καὶ
793 3673 877 3727 ὅτι
907 3674 969 3726 οὐ
1008 3674 1196 3744 χρείαν
1224 3669 1389 3743 εἶχεν,
1425 3672 1513 3726 ἵνα
1544 3689 1628 3736 τις

72 3764 369 3837 μαρτυρήσῃ
398 3767 535 3836 περὶ
567 3763 872 3836 ἀνθρώπου.
908 3764 1078 3827 Αὐτὸς
1128 3762 1236 3835 γὰρ
1282 3764 1545 3831 ἐγίνωσκε
1573 3763 1627 3816 τί

71 3849 128 3926 ἦν
152 3856 206 3910 ὲν
230 3856 303 3930 τῷ
333 3857 614 3931 ἀνθρώπῳ
647 3856 778 3927 (68).
819 3875 837 3907 ι
887 3856 1128 3927 Ζητήσαι
1155 3871 1238 3918 τις
1268 3854 1335 3907 ἂν
1369 3852 1486 3917 πῶς
1517 3855 1630 3917 τοῖς

74 3950 565 4021 μεμαρτυρημένοις
612 3949 922 4011 πιστεύειν,
968 3945 1159 3998 ἑαυτὸν
1208 3946 1310 3998 οὐκ
1346 3943 1629 3997 ἐπίστευεν

70 4037 162 4110 (69)
183 4043 211 4094 ὁ
244 4041 472 4112 Ἰησοῦς.
503 4039 741 4094 Λεκτέον
765 4038 823 4093 δὲ
852 4038 988 4110 πρὸς
1020 4037 1196 4103 τοῦτο,
1245 4037 1327 4090 ὃτι
1371 4036 1492 4107 οὐχὶ
1518 4038 1630 4100 τοῖς

69 4134 391 4187 πιστεύουσιν
419 4134 503 4197 εἰς
535 4131 699 4185 αὑτὸν
729 4130 788 4183 οὐ
822 4128 1068 4183 πιστεύει
1104 4129 1293 4183 ἑαυτὸν
1333 4131 1361 4179 ὁ
1401 4127 1628 4200 Ἰησοῦς,

69 4221 185 4277 ἀλλὰ
228 4228 338 4289 τοῖς
391 4223 746 4279 πιστεύουσιν
770 4224 849 4284 εἰς
885 4221 948 4276 τὸ
973 4223 1142 4292 ὖνομα
1167 4219 1351 4276 αὐτοῦ·
1383 4219 1629 4291 διαφέρει

66 4315 160 4385 γὰρ
185 4317 274 4370 τοῦ
320 4317 603 4371 πιστεύειν
649 4318 729 4379 είς
761 4315 923 4369 αὑτὸν
949 4316 1012 4369 τὸ
1044 4313 1318 4368 πιστεύειν
1349 4314 1428 4377 είς
1456 4313 1631 4384 ὄνομα

67 4408 231 4464 αὐτοῦ.
276 4411 335 4466 '0
357 4410 493 4480 γοῦν
526 4410 620 4463 διὰ
650 4409 833 4463 πίστιν
879 4408 952 4480 μὴ
981 4408 1375 4480 κριθησόμενος
1425 4407 1503 4479 τῷ
1552 4410 1633 4471 εἰς

68 4499 209 4553 αὐτὸν
258 4501 539 4554 πιστεύειν
579 4500 642 4553 ού
688 4500 952 4573 κρίνεται,
985 4501 1106 4570 οὐχὶ
1147 4500 1203 4553 δὲ
1241 4501 1323 4563 είς
1361 4499 1422 4552 τὺ
1461 4499 1633 4570 ὄνομα

67 4591 229 4646 αὐτοῦ·
262 4595 394 4666 φησὶ
420 4593 536 4665 γὰρ
557 4594 587 4646 ὁ
615 4591 850 4663 Κύριος·
884 4612 901 4643 ι
940 4594 999 4646 Ὁ
1032 4592 1300 4646 πιστεύων
1332 4593 1412 4656 είς
1438 4593 1539 4663 ἐμὲ
1565 4593 1626 4644 οὐ

66 4681 317 4750 κρίνεται·
359 4684 538 4756 ι-οὐχὶ
566 4683 645 4747 δὲ,
685 4683 743 4737 Ὀ
772 4684 1042 4738 πιστεύων
1086 4685 1164 4748 είς
1201 4684 1260 4738 τὸ
1306 4683 1478 4755 ὄνομά
1525 4702 1625 4755 μου

68 4771 119 4823 ού
146 4776 412 4846 κρίνεται-
459 4778 647 4831 οὐκέτι
694 4777 751 4831 δέ
784 4793 967 4847 φησιν,
1014 4777 1072 4830 Ὁ
1113 4776 1381 4829 πιστεύων
1416 4777 1497 4839 είς
1529 4777 1628 4846 ἐμὲ

65 4864 153 4937 ἤδη
185 4868 460 4942 κέκριται·
506 4872 653 4942 τάχα
698 4870 809 4942 γὰρ
834 4873 864 4923 ὁ
897 4870 1166 4923 πιστεύων
1214 4871 1296 4933 είς
1340 4869 1402 4922 τὸ
1456 4869 1628 4940 ὄνομα

68 4957 213 5012 αὐτοῦ
245 4962 494 5016 πιστεύει
528 4964 648 5035 μὲν,
682 4963 871 5035 διόπερ
903 4964 1003 5016 οὐκ
1039 4961 1187 5014 ἔστιν
1225 4960 1375 5027 ἄξιος
1402 4961 1502 5033 ἤδη
1538 4979 1629 5014 κε-

68 5050 287 5119 κρίσθαι,
317 5052 564 5107 ἐλάττων
592 5053 701 5125 (70)
748 5054 809 5108 δέ
843 5055 959 5107 ἐστι
1008 5053 1101 5107 τοῦ
1159 5052 1506 5116 πιστεύοντος
1550 5055 1631 5118 είς

70 5139 230 5197 αὐτόν.
276 5146 374 5201 Διὰ
406 5144 572 5198 τοῦτο
607 5146 687 5219 τῷ
719 5142 1027 5199 πιστεύοντι
1058 5146 1140 5209 εἰς
1166 5143 1228 5198 τὸ
1259 5143 1430 5215 ὄνομα
1463 5145 1627 5199 αὐτοῦ

68 5231 238 5288 ἑαυτὸν
267 5239 329 5291 οὐ
378 5239 633 5295 πιστεύει
663 5241 693 5293 ὁ
734 5237 961 5311 Ἰησοῦς.
996 5235 1167 5290 Αὐτοῦ
1219 5235 1398 5291 τοίνυν
1430 5236 1628 5308 μᾶλλον

132 5378 147 5403 ³
174 5373 352 5433 Matth.
383 5396 510 5441 xm.
546 5380 630 5434 ιιι.
750 5378 772 5410 ³
793 5378 922 5435 ibid.
949 5377 1041 5434 24.
1138 5377 1159 5410 ³
1192 5377 1347 5434 Joan.
1384 5394 1477 5441 xx,
1505 5377 1594 5432 9.9.

68 5439 85 5467 ⁷
118 5441 277 5502 lCor.
310 5465 433 5514 xm,
464 5439 560 5506 12.
652 5450 675 5482 ⁸
710 5448 841 5506 ibid.
877 5450 965 5507 10.
1041 5449 1063 5482 ⁹
1091 5449 1225 5505 ibid.
1256 5448 1344 5503 12.

65 5557 237 5682 Θεὲιὲη
286 5561 506 5630 Ἰησοῦ.
574 5563 665 5619 Sic
733 5563 905 5619 codex
963 5561 1328 5627 Bodleianus;
1391 5561 1625 5633 Regius,

132 5645 240 5770 ἵὲέ)
288 5701 385 5756 Ἐν
442 5701 527 5768 τῷ
577 5703 880 5773 ἀνθρώπῳ.
929 5702 1283 5758 Desideratur
1330 5703 1383 5758 in
1436 5704 1625 5760 codice

68 5766 249 5840 Regio,
271 5775 368 5828 sed
400 5766 709 5829 restituitur
734 5788 766 5839 e
791 5766 982 5828 codice
1011 5773 1317 5830 Bodleiano.

331 5866 759 5951 Patientia.
791 5867 962 5933 XIV.

1692 5379 1715 5410 δ
1746 5376 1876 5433 Luc.
1909 5395 1973 5442 ιι,
2003 5378 2097 5443 29,
2129 5377 2219 5434 50.
2316 5379 2340 5413 ⁸
2364 5378 2518 5436 Prov.
2547 5395 2640 5445 xx,
2673 5380 2761 5435 I5.

1444 5450 1486 5481 "
1513 5448 1674 5505 Joan.
1710 5466 1768 5514 ιι,
1794 5449 1865 5503 25
1900 5465 2018 5521 seq.

1724 1915 1868 1968 enim
1899 1929 1915 1966 :
1952 1931 1973 1964 ι
2004 1913 2168 1982 Aperi
2192 1912 2399 1979 oculos,
2430 1922 2483 1969 et
2519 1918 2758 1985 repleare
2785 1918 3012 1986 panibus
3042 1918 3086 1971 ⁵.
3127 1936 3146 1969 ι
3190 1917 3296 1973 Sed

1726 2006 1985 2060 hactenus
2022 2005 2089 2061 de
2118 2021 2183 2060 eo
2203 2045 2220 2072 ,
2252 2005 2395 2074 quod
2426 2006 2624 2061 dicitur
2652 2025 2668 2064 :
2707 2027 2726 2060 ι
2760 2008 3119 2066 Crediderunt
3145 2009 3299 2066 Scri-

1719 2104 1896 2166 plura:
1919 2135 1934 2155 .
1967 2105 2020 2149 et
2067 2096 2311 2151 sermoni
2342 2112 2503 2166 quem
2535 2097 2672 2151 dixit
2710 2095 2866 2152 Jesus
2896 2099 2937 2163 ⁸,
2974 2117 2994 2151 ι
3033 2107 3094 2154 ut
3116 2114 3183 2155 ex
3215 2101 3302 2156 his

1727 2202 1846 2256 quae
1876 2189 1940 2243 de
1983 2187 2089 2243 ﬁde
2118 2190 2520 2259 exquisivimus
2544 2233 2558 2258 ,
2593 2190 2982 2261 perfectionem
3016 2193 3140 2249 ﬁdei
3184 2195 3300 2250 dari

1728 2279 1887 2334 nobis
1944 2281 2478 2349 comprehendamus
2533 2284 2585 2337 in
2646 2299 2844 2354 magna
2905 2287 3304 2341 resurrectione

1731 2374 1898 2428 totius
1937 2375 2181 2444 corporis
2217 2374 2442 2443 Christi,
2499 2394 2693 2449 nempe
2742 2390 2945 2435 sanctae
2991 2381 3162 2450 ipsius
3200 2381 3303 2435 Ee-

1728 2463 1929 2519 clesiae.
1987 2462 2121 2517 Nam
2188 2467 2330 2534 quod
2386 2467 2455 2521 de
2512 2469 2821 2537 cognitione
2876 2478 2961 2525 est
3031 2470 3237 2525 dictum
3285 2488 3301 2526 :

1732 2572 1751 2605 ι
1788 2556 1941 2610 Nunc
1971 2571 2240 2627 cognosco
2268 2572 2337 2611 ex
2366 2566 2520 2627 parte
2547 2560 2591 2626 ⁷,
2625 2579 2644 2613 ι
2678 2561 2731 2615 id
2771 2563 2938 2616 etiam
2966 2577 3307 2634 consequen-

1729 2659 1810 2703 ter
1839 2651 1910 2706 de
1938 2650 2132 2721 quovis
2165 2651 2309 2705 bono
2326 2650 2432 2705 dici
2466 2650 2728 2718 arbitror,
2758 2670 2991 2724 quorum
3019 2671 3185 2710 unum
3219 2666 3306 2712 est

1726 2745 1889 2797 etiam
1924 2744 2076 2799 ﬁdes.
2128 2742 2519 2811 Quamobrem,
2564 2748 2727 2800 credo
2764 2765 2783 2798 ι
2819 2761 2963 2801 nunc
2999 2763 3065 2801 ex
3100 2758 3254 2818 parte
3286 2766 3300 2803 :

1728 2851 1853 2891 cum
1909 2850 2042 2892 vero
2090 2839 2301 2891 venerit
2352 2837 2613 2908 perfectio
2650 2857 2669 2890 ι
2708 2839 2874 2905 ﬁdei,
2923 2858 2943 2892 ι
2988 2843 3303 2897 destruetur

1727 2928 1872 2999 quod
1918 2945 1983 2985 ex
2023 2938 2180 2999 parte
2218 2940 2303 2985 est
2328 2930 2386 2997 ⁸;
2425 2949 2445 2983 ι
2482 2931 2586 2987 ﬁde
2645 2948 2706 2986 ea
2763 2947 2884 3001 quae
2936 2949 3036 3005 per
3070 2934 3304 2991 formam

1728 3019 1999 3085 subsistit,
2030 3019 2191 3090 longe
2235 3020 2580 3091 praeeellente
2612 3023 2703 3076 illa
2744 3022 2850 3078 ﬁde
2880 3038 3001 3093 quae
3052 3042 3148 3096 per
3176 3042 3305 3096 spe-

1728 3112 1934 3180 culum,
1967 3121 2027 3168 ut
2058 3113 2133 3167 ita
2161 3113 2376 3183 loquar,
2400 3124 2505 3179 est,
2545 3117 2666 3169 etin
2704 3118 2993 3186 a-ingmate
3008 3119 3050 3186 ³,
3081 3120 3307 3189 perinde

1647 3197 1691 3254 C
1726 3214 1891 3274 atque
1921 3219 2165 3276 prasens
2192 3208 2454 3276 cognitio.

1795 3297 1889 3353 28.
1927 3315 1946 3349 ι
1985 3297 2123 3353 Cum
2154 3309 2333 3354 autem
2364 3309 2509 3355 esset
2556 3299 2914 3370 Jerosolymis
2963 3302 3016 3355 in
3070 3300 3299 3371 Pascha,

1729 3390 1785 3443 in
1833 3390 1925 3446 die
1956 3391 2116 3456 festo,
2149 3391 2302 3446 multi
2335 3392 2687 3447 crediderunt
2721 3395 2772 3447 iu
2802 3395 3019 3448 nomine
3047 3396 3189 3466 ejus,
3223 3411 3305 3449 νι-

1729 3482 1921 3539 dentes
1970 3483 2143 3554 ipsius
2195 3484 2344 3554 signa
2376 3499 2497 3554 quas
2528 3483 2784 3540 faciebat.
2834 3486 2952 3554 Ipse
2990 3502 3117 3543 vero
3143 3486 3307 3544 Iesus

1728 3591 1837 3632 non
1870 3576 2126 3633 credebat
2150 3578 2388 3647 seipsum
2428 3578 2555 3642 illis,
2585 3592 2651 3632 eo
2686 3578 2828 3646 quod
2867 3579 2981 3648 ipse
3012 3594 3304 3651 cognosce-

1729 3680 1813 3724 ret
1852 3685 2069 3736 omnes,
2115 3685 2214 3725 nec
2241 3685 2379 3740 opus
2418 3673 2646 3727 haberet
2680 3684 2739 3726 ut
2768 3652 3155 3728 testiﬁcaretur
3182 3676 3307 3744 quis

1729 3761 1799 3819 de
1831 3763 2072 3818 homine.
2120 3764 2240 3834 Ipse
2273 3766 2420 3818 enim
2447 3766 2655 3820 sciebat
2684 3767 2813 3836 quid
2860 3774 3007 3821 esset
3037 3767 3090 3821 in
3123 3768 3271 3822 homi
3294 3796 3311 3812 ι

1731 3857 1888 3912 ne".
1931 3877 1949 3909 ι
2011 3857 2229 3924 Quaerat
2287 3857 2484 3928 aliquis
2530 3857 2694 3928 210
2743 3860 3015 3928 quomodo
3063 3861 3307 3929 seipsum

1732 3966 1841 4004 non
1890 3950 2141 4005 crederet
2167 3947 2327 4003 Jcsus
2374 3947 2463 4003 his
2489 3949 2556 4004 de
2584 3949 2782 4017 quibus
2816 3957 3076 4003 testatum
3133 3946 3312 4003 fuerat

1731 4045 1874 4114 quod
1909 4044 2201 4099 crederent
2234 4058 2249 4097 :
2285 4043 2350 4097 ad
2402 4043 2548 4111 quod
2594 4043 2885 4098 dicendum
2914 4051 3018 4108 est,
3064 4057 3171 4098 non
3221 4041 3310 4097 his

1733 4137 1823 4207 qui
1854 4138 2090 4193 credunt
2146 4136 2197 4189 in
2257 4134 2434 4205 ipsum
2474 4150 2579 4190 non
2608 4151 2668 4191 se
2698 4137 2923 4191 credere
2966 4134 3174 4201 Jesum,
3208 4134 3310 4191 sed

1734 4231 1819 4293 his
1849 4232 1939 4299 qui
1967 4232 2198 4284 credunt
2227 4231 2280 4283 in
2318 4230 2538 4285 nomine
2584 4228 2722 4299 ejus.
2760 4228 2953 4284 Diﬁ‘ert
2982 4228 3133 4284 enim
3178 4242 3305 4284 cre-

1734 4323 1863 4377 dere
1895 4322 1946 4375 in
1983 4321 2184 4391 ipsum,
2211 4321 2280 4376 ab
2315 4335 2382 4377 eo
2412 4322 2556 4392 quod
2591 4332 2678 4376 est
2715 4324 2940 4377 credere
2976 4322 3030 4376 in
3090 4322 3312 4378 nomine

1736 4413 1932 4481 ipsius.
1984 4410 2176 4480 Itaque
2229 4411 2323 4482 qui
2370 4427 2470 4482 per
2498 4411 2659 4466 ﬁdem
2711 4427 2820 4467 non
2852 4422 2937 4468 est
2963 4412 3309 4481 iudicandus,

1739 4521 1845 4560 non
1872 4503 2146 4572 judicatur
2174 4518 2239 4559 eo
2265 4507 2410 4574 quod
2439 4506 2627 4559 credat
2655 4505 2707 4559 in
2745 4505 2945 4576 ipsum,
2981 4522 3091 4562 non
3128 4517 3309 4563 autem

1737 4612 1801 4651 eo
1828 4597 1973 4666 quod
2008 4597 2195 4652 credat
2227 4597 2280 4650 in
2316 4598 2538 4652 nomine
2581 4597 2772 4665 ipsius.
2816 4596 2992 4667 lnquit
3017 4599 3166 4653 enim
3204 4600 3314 4655 Do-

1738 4691 1917 4746 minus
1951 4709 1964 4744 :
2010 4715 2027 4741 ι
2062 4690 2166 4758 Qui
2203 4692 2380 4746 credit
2415 4693 2470 4746 in
2500 4706 2608 4757 me,
2644 4708 2750 4746 non
2778 4691 3054 4758 judicatur
3083 4693 3162 4758 ¹¹;
3204 4713 3224 4747 ι
3257 4704 3316 4748 at

1739 4798 1847 4837 non
1877 4783 2006 4839 item
2029 4823 2044 4848 ,
2069 4785 2162 4854 qui
2195 4787 2368 4842 credit
2399 4785 2452 4840 in
2483 4785 2703 4839 nomine
2732 4800 2855 4841 meo
2888 4802 2993 4840 non
3013 4784 3310 4854 judicatur.

1737 4875 1850 4933 Nec
1880 4885 2061 4933 tamen
2096 4878 2291 4950 inquit,
2322 4879 2427 4947 Qui
2456 4879 2631 4934 credit
2663 4878 2717 4932 in
2750 4893 2856 4945 me,
2886 4880 3000 4950 jam
3033 4878 3314 4949 judicatus

1738 4976 1842 5023 est.
1887 4966 2162 5023 Fortassis
2211 4969 2358 5024 enim
2393 4968 2485 5038 qui
2534 4969 2713 5024 credit
2762 4970 2819 5025 in
2868 4970 3091 5025 nomine
3117 4969 3307 5041 ipsius,

1735 5059 1909 5114 credit
1939 5060 2181 5130 quidem,
2226 5075 2400 5130 quare
2444 5062 2698 5131 indiguus
2727 5072 2813 5117 est
2837 5063 2928 5132 qui
2957 5062 3070 5133 jam
3089 5060 3308 5131 judica-

1739 5163 1823 5208 tus
1849 5152 2054 5217 sit,sed
2085 5153 2264 5207 minor
2290 5167 2356 5209 eo
2388 5160 2472 5209 est
2495 5155 2587 5224 qui
2618 5154 2791 5209 credit
2821 5154 2873 5208 in
2911 5154 3106 5223 ipsum.
3136 5155 3306 5222 Quam

1734 5245 1804 5300 ob
1830 5260 2052 5300 causam
2086 5246 2335 5302 credenti
2362 5246 2417 5301 in
2446 5246 2665 5301 nomine
2702 5248 2875 5316 ipsius
2901 5248 3142 5316 seipsum
3196 5260 3307 5300 non

2858 5380 2881 5412 ⁸
2914 5378 3073 5436 Joan.
3107 5394 3171 5445 ιι,
3208 5378 3302 5434 29..

2096 5452 2147 5481 ι’·
2177 5452 2332 5506 Joan.
2370 5466 2453 5514 ιιι,
2485 5451 2572 5505 18.

1805 5563 1919 5634 (69)
1956 5562 2138 5620 Codex
2173 5564 2393 5636 Regius,
2426 5565 2701 5619 πιστεύειν
2734 5566 2821 5617 ἐπ’
2845 5564 3028 5630 αὑτὸν,
3054 5563 3158 5620 οὐκ
3185 5564 3306 5622 ιπε-

1737 5651 1974 5688 στευσεν.

1805 5706 1917 5777 (70)
1954 5707 2098 5763 Idem
2124 5706 2295 5763 codex
2327 5704 2549 5777 Regius,
2587 5720 2897 5778 perperam,
2925 5703 3174 5767 ἔλαττον.

2989 5861 3067 5924 13
