3702 6142
433 392 539 447 395

1874 392 2196 449 ORIGENIS

3557 406 3639 459 ενδ

435 508 611 565 credit
632 506 813 564 Jesus.
844 505 1025 578 ipsum
1058 508 1247 581 igitur,
1291 513 1472 582 potius
1494 528 1657 584 quam
1686 528 1843 569 suum
1907 530 2001 571 no.

2113 514 2145 585 ἢ
2181 512 2271 566 τοῦ
2305 513 2569 584 ὀνόματος
2594 513 2759 569 αὐτοῦ
2791 514 3011 585 ἔχεσθαι
3038 515 3138 582 δεῖ,
3168 515 3256 569 ἵνα
3306 515 3402 587 μὴ,
3444 500 3517 593 τῷ
3554 519 3642 573 6νό-

436 617 559 656 men
602 600 903 659 habeamus
931 618 1157 659 necesse
1182 615 1288 669 est,
1325 620 1393 661 ne
1424 606 1478 660 in
1505 607 1724 663 nomine
1750 608 1869 678 ejus
1894 609 2006 663 vir-

434 701 581 749 tutes
615 692 883 751 facientes
913 697 1202 751 audiamus
1231 711 1352 766 qum
1386 698 1452 753 ab
1497 698 1617 770 ipso
1647 700 1791 756 dicta
1825 702 2009 756 audie-

435 798 563 841 runt
595 788 687 859 qui
735 789 1108 857 gloriabantur
1137 789 1191 842 in
1225 790 1445 844 nomine
1474 790 1664 860 ipsius,
1713 793 1807 848 sed
1834 796 2006 848 conti-

437 880 634 935 dsmus
665 881 971 934 imitatores
1004 878 1132 933 facti
1156 878 1308 933 Pauli
1333 883 1519 937 dicere
1547 901 1562 940 :
1604 901 1623 935 ι
1662 883 1855 939 Omnia
1884 900 2009 954 pos-

440 987 558 1026 sum
606 973 661 1027 in
714 970 841 1028 Jesu
890 971 1106 1028 Christo
1138 986 1223 1026 me
1254 976 1651 1032 corroborante
1688 980 1752 1033 η.
1794 997 1814 1032 ι
1871 979 2005 1033 lllud

436 1075 614 1118 autem
645 1064 1043 1121 observandum
1073 1076 1157 1121 est
1180 1107 1195 1131 ,
1225 1068 1368 1136 quod
1408 1070 1657 1138 superius
1683 1071 1899 1141 quidem
1931 1073 2010 1127 di-

432 1169 527 1213 cat
564 1158 607 1190 ¹³
639 1173 802 1228 pmpe
828 1173 950 1213 esse
992 1158 1198 1214 Pascha
1228 1156 1568 1226 Iudaeorum,
1602 1162 1693 1217 hic
1727 1178 1855 1219 vero
1897 1180 2004 1219 non

435 1254 489 1308 in
514 1250 785 1309 Paschate
804 1250 1141 1317 Judacorum,
1165 1252 1257 1308 sed
1276 1253 1330 1308 in
1362 1253 1631 1311 Paschate
1655 1254 2007 1327 Jerosolymis

432 1355 555 1402 erat
603 1349 762 1401 Jesus
799 1344 878 1410 “;
926 1355 982 1399 et
1014 1344 1122 1398 illic
1148 1346 1368 1414 quidem
1427 1347 1647 1417 quando
1695 1346 2002 1404 Iudaeorum

439 1442 641 1496 dicitur
663 1437 897 1503 Pascha,
926 1453 1032 1492 non
1062 1440 1264 1493 dictum
1294 1448 1373 1495 cst
1407 1440 1523 1495 dies
1550 1441 1739 1507 festus,
1764 1442 1851 1497 hic
1878 1457 2005 1497 vero

320 1546 327 1553 '
437 1533 698 1603 scriptum
736 1530 900 1585 fuisse
926 1527 1111 1584 Jesum
1143 1545 1264 1587 esse
1300 1531 1354 1585 in
1386 1532 1473 1586 die
1510 1532 1650 1589 testo
1681 1552 1699 1591 :
1728 1531 2005 1606 Jerosoly-

437 1624 543 1679 mis
569 1625 709 1679 enim
740 1625 1007 1678 exsistens
1035 1621 1285 1678 Christus
1321 1623 1375 1677 in
1414 1623 1681 1680 Paschate
1713 1634 1831 1681 erat
1861 1634 1917 1681 et
1948 1626 2000 1679 in

434 1719 523 1773 die
578 1718 758 1785 festo,
802 1716 983 1771 multis
1041 1717 1397 1773 credentibus
1458 1719 1622 1771 etiam
1680 1717 1732 1772 in
1787 1718 2003 1773 nomine

432 1810 623 1881 ipsius.
656 1811 734 1864 Ac
767 1809 1014 1880 profecto
1049 1808 1181 1864 illud
1234 1809 1401 1864 etiam
1449 1809 1854 1865 observandum
1897 1798 2037 1875 est,’

2118 622 2247 674 ματι
2291 605 2455 659 αὐτοῦ
2504 606 2761 678 δυνάμεις
2794 606 3093 674 ποιοῦντες,
3127 607 3440 679 ἀκούσωμεν
3477 610 3540 665 τὰ
3572 614 3645 667 ἐπὶ

2112 695 2192 766 τῷ
2248 696 2471 767 ὀνόματι
2531 696 2677 767 μόνῳ
2721 699 3152 770 καυχησαμένων
3188 698 3352 753 αὐτοῦ
3382 702 3644 772 εἰρημέναι

2113 787 2248 841 ἀλλὰ
2293 787 2655 860 θαρρήσωμεν
2712 790 2944 860 μιμηταὶ
3002 789 3098 842 τοῦ
3168 789 3382 844 Παύλου
3420 793 3646 863 γινόμενοι

2112 882 2319 933 εἰπεῖν·
2358 900 2378 931 ι
2419 881 2604 934 Πάντα
2636 882 2804 951 ίσχύω
2836 883 2893 935 ὲν
2921 880 3001 952 τῷ
3038 882 3419 953 ἐνδυναμοῦντί
3451 902 3513 955 με
3540 887 3646 957 Χρι·

2115 972 2225 1043 στῶ
2269 974 2463 1045 Ἰησοῦ.
2490 995 2509 1026 ι
2549 975 2971 1046 Παρατηρητέον
3004 975 3062 1042 δὲ
3088 975 3182 1028 καὶ
3222 975 3399 1040 τοῦτο,
3431 978 3506 1030 ὅτι
3538 980 3647 1033 ἀνω-

2111 1067 2255 1137 τέρω
2291 1068 2386 1138 μὲν
2416 1069 2582 1136 ἐγγύς
2610 1085 2773 1138 φησιν
2798 1063 2938 1119 εἶναι
2971 1066 3031 1119 τὸ
3059 1068 3248 1138 Πάσχα
3279 1068 3391 1138 (71)
3412 1067 3511 1121 τῶν
3543 1070 3646 1123 Ἰουσ

2110 1161 2294 1223 δαίων,
2326 1159 2512 1214 ἐνθάδε
2543 1160 2600 1214 δὲ
2632 1161 2734 1213 οὐκ
2773 1161 2831 1213 ὲν
2868 1159 2946 1230 τῷ
2984 1160 3177 1230 Πάσχα
3219 1159 3329 1213 τῶν
3381 1161 3645 1227 Ἰουδαίων,

2111 1252 2225 1307 ἀλλ’
2253 1253 2310 1304 ὲν
2340 1251 2417 1322 τῷ
2449 1253 2640 1323 Πάσχα
2678 1250 3069 1323 Ἱεροσολύμοις
3096 1247 3164 1321 ἦν
3195 1253 3224 1304 ό
3268 1252 3489 1322 Ἰησοῦς·
3523 1255 3648 1307 κάκεῖ

2114 1338 2234 1408 μὲν,
2266 1338 2354 1391 ὅτε
2396 1339 2665 1392 Ἰουδαίων
2714 1339 2933 1407 λέγεται
2973 1339 3035 1392 τὸ
3073 1338 3268 1410 Πάσχα
3290 1381 3304 1403 ,
3341 1342 3438 1394 οὐκ
3471 1343 3647 1413 εἴρηται

2112 1431 2271 1503 ἑορτή
2293 1448 2306 1461 ⁸
2339 1430 2526 1485 ἐνθάδε
2555 1431 2612 1484 δὲ
2644 1434 2672 1484 ό
2709 1430 2915 1502 Ἰησοῦς
2964 1431 3377 1502 ἀναγέγραπται
3438 1428 3560 1486 εἶναι
3604 1436 3646 1486 ὲν

2109 1526 2174 1594 τῇ
2215 1525 2374 1594 ἑορτῇ
2397 1539 2409 1552 ”
2466 1524 2525 1577 ὲν
2558 1525 2670 1587 τοῖς
2734 1522 3126 1595 Ἱεροσολύμοις
3163 1522 3271 1594 γὰρ
3304 1524 3567 1593 τυγχάνων
3601 1527 3645 1577 ἐν

2111 1618 2302 1689 Πάσχα
2330 1619 2423 1672 καὶ
2445 1620 2605 1691 ἑορτῇ
2629 1615 2718 1692 ἦν,
2750 1619 2962 1672 πολλῶν
2992 1620 3357 1674 πιστευόντων
3391 1620 3487 1673 κᾶν
3508 1623 3576 1683 εἰς
3600 1621 3644 1672 τὸ

2108 1711 2277 1782 ὄνομα
2311 1711 2494 1765 αὐτοῦ.
2528 1712 2639 1765 Καὶ
2670 1713 3087 1784 παρατηρητέον
3115 1729 3179 1780 γε
3198 1751 3214 1776 ,
3259 1713 3346 1765 ὅτι
3377 1710 3547 1764 πολλοὶ
3568 1712 3643 1762 οὐκ

2108 1806 2188 1866 εἰς
2215 1804 2396 1866 αὐτὸν,
2417 1802 2528 1856 ἀλλ’
2553 1803 2635 1865 είς
2656 1801 2716 1854 τὸ
2735 1802 2904 1874 δνομα
2931 1801 3093 1855 αὐτοῦ
3122 1801 3399 1855 πιστεύειν
3418 1800 3642 1869 λέγονται.

433 1904 634 1958 multos
662 1904 767 1959 dici
803 1903 1025 1959 credere
1054 1917 1163 1957 non
1197 1902 1251 1956 in
1302 1902 1478 1972 ipsum
1511 1944 1529 1969 ,
1566 1903 1661 1958 sed
1694 1904 1749 1957 in
1785 1903 2001 1958 nomine

2112 1896 2169 1947 Οί
2198 1894 2254 1947 δὲ
2292 1896 2370 1958 εἰς
2399 1894 2560 1948 αὐτὸν
2589 1894 2940 1959 πιστεύοντες
2986 1898 3069 1959 εἰς
3095 1894 3193 1966 τὴν
3250 1895 3442 1966 στενὴν
3472 1893 3552 1946 καὶ
3579 1910 3643 1946 τε-

432 1996 623 2064 ipsius.
680 1994 779 2062 Qui
813 2009 944 2049 vero
987 1995 1039 2048 in
1080 1994 1232 2047 illum
1291 1995 1559 2059 credunt,
1613 1994 1668 2047 hi
1726 2004 1856 2048 sunt
1910 1995 2000 2063 qui

432 2085 713 2141 ambulant
748 2100 844 2154 per
867 2087 1007 2138 viam
1040 2094 1248 2139 arctam
1293 2093 1457 2154 atque
1486 2092 1770 2153 angustam
1802 2085 2003 2140 ducen-

433 2189 541 2232 tem
573 2178 639 2231 ad
668 2178 854 2242 vitam,
894 2192 1013 2246 qua;
1040 2191 1068 2230 a
1096 2176 1617 2245 quampaucissimis
1644 2175 1917 2230 invenitur
1936 2176 1997 2231 ".

435 2269 580 2324 Fieri
612 2277 848 2322 attamen
874 2276 1051 2338 potest
1083 2277 1143 2321 ut
1179 2266 1333 2320 multi
1365 2282 1432 2322 ex
1463 2268 1546 2322 his
1579 2267 1673 2336 qui
1700 2269 1751 2321 in
1783 2267 2003 2322 nomine

433 2358 606 2428 ipsius
640 2358 889 2423 credunt,
936 2358 1255 2413 recumbant
1276 2371 1399 2412 cum
1421 2355 1722 2424 Abraham,
1742 2369 1800 2414 et
1825 2358 2000 2425 Isaac,

433 2448 677 2506 etJacob
719 2450 772 2504 in
805 2463 972 2519 regno
1002 2447 1300 2515 ccelorum;
1336 2450 1595 2519 quoniam
1651 2468 1671 2502 ι
1724 2450 1877 2506 multi
1932 2452 2003 2508 ab

434 2544 657 2599 Oriente
684 2552 738 2596 et
769 2539 1063 2595 Occidente
1108 2540 1348 2605 venient,
1404 2552 1459 2596 et
1508 2541 1828 2597 recumbent
1877 2558 2000 2599 cum

433 2636 732 2700 Abraham,
758 2643 810 2688 et
839 2632 1011 2695 Isaac,
1037 2642 1091 2687 et
1112 2630 1280 2689 Jacob
1300 2632 1355 2687 in
1390 2648 1558 2703 regno
1586 2634 1846 2689 caelorum
1874 2635 1937 2700 ³⁸,
1976 2654 1995 2687 ι

432 2742 553 2797 quae
582 2727 775 2782 domus
802 2734 888 2780 est
927 2721 1133 2788 Patris,
1188 2725 1241 2779 in
1297 2741 1402 2795 qua
1451 2726 1767 2781 mansiones
1821 2726 2003 2782 multae

430 2826 556 2872 sunt
595 2818 657 2873 ".
693 2817 872 2885 Atque
903 2816 1065 2871 etiam
1103 2816 1205 2870 hoc
1235 2815 1635 2871 observandum
1667 2825 1773 2880 est,
1803 2816 2002 2871 multos

431 2911 723 2964 credentes
772 2911 823 2962 in
868 2906 1089 2961 nomine
1138 2907 1349 2977 ipsius,
1403 2923 1508 2962 non
1546 2908 1999 2977 quemadmodum

429 3005 698 3065 Andreas,
748 3010 803 3055 et
850 2995 1068 3063 Petrus,
1127 3008 1183 3053 et
1232 2998 1559 3064 Nathanael,
1596 3008 1653 3054 et
1694 3000 1998 3072 Philippus,

431 3097 655 3152 credere
708 3094 774 3159 "',
803 3095 897 3148 sed
953 3092 1264 3148 testimonio
1318 3090 1544 3147 Joannis
1592 3108 1786 3161 parere.
1817 3094 2002 3149 dicen-

434 3191 503 3243 tis
527 3187 571 3220 "
602 3203 618 3242 :
653 3205 672 3239 ι
698 3185 838 3241 Ecce
865 3186 1052 3254 Agnus
1085 3183 1175 3239 ille
1206 3182 1301 3238 Dei
1332 3200 1348 3249 ;
1384 3202 1403 3235 ι
1443 3183 1527 3238 vel
1561 3183 1782 3240 Christo
1803 3186 1872 3241 ab
1898 3186 2001 3239 An-

431 3283 563 3337 drea
591 3287 828 3350 reperto,
854 3276 937 3330 vel
969 3275 1069 3346 ipsi
1096 3275 1222 3331 Jesu
1246 3275 1448 3331 dicenti
1476 3276 1544 3331 ad
1567 3276 1872 3348 Philippum
1903 3279 1948 3310 ²⁰
1982 3294 1996 3332 :

437 3391 457 3423 ι
491 3371 738 3440 Sequere
786 3382 908 3433 me;
951 3386 970 3418 ι
1005 3365 1088 3421 vel
1124 3364 1367 3436 Philippo
1400 3365 1601 3421 dicenti
1635 3368 1678 3398 ἰ
1710 3384 1726 3424 :
1770 3386 1789 3419 ι
1826 3368 1997 3433 Quem

430 3460 655 3530 scripsit
699 3459 952 3529 Moyses,
993 3467 1049 3511 et
1096 3456 1412 3527 propheta,
1465 3456 1769 3514 invenimus
1811 3459 1997 3516 Jesmn

433 3552 602 3607 lilium
630 3549 827 3620 Joseph
857 3564 886 3603 a
919 3548 1082 3618 211
1109 3546 1400 3602 Nazaretb.
1427 3567 1447 3600 ι
1477 3547 1542 3603 Hi
1574 3558 1752 3605 autem
1782 3568 1802 3601 ι
1833 3552 2003 3606 credi-

430 3647 633 3699 derunt
676 3643 730 3696 in
759 3640 981 3697 nomine
1014 3640 1155 3708 ejus,
1187 3638 1436 3694 videntes
1485 3639 1660 3709 ipsius
1690 3642 1844 3713 signa
1871 3658 1993 3713 qua:

433 3733 762 3799 fut-iebat“;
793 3750 814 3785 ι
850 3740 1012 3798 atque
1040 3729 1197 3798 signa
1245 3729 1595 3784 credentibus
1648 3745 1757 3785 non
1812 3734 1866 3787 in
1916 3733 2000 3803 ip-

432 3843 577 3892 sum,
613 3825 706 3881 sed
744 3826 799 3879 in
841 3823 1062 3879 nomine
1091 3822 1229 3891 ejus,
1260 3836 1368 3876 non
1411 3823 1668 3879 credebat
1719 3822 1876 3881 Jesus
1916 3840 2003 3880 se-

434 3922 609 3990 ipsum
638 3919 739 3982 eis,
796 3932 985 3972 omnes
1022 3928 1347 3985 agnoscens,
1375 3921 1431 3969 et
1464 3931 1571 3971 non
1623 3932 1760 3986 opus
1789 3919 2002 3973 habens

431 4024 494 4067 ut
521 4012 644 4081 quis
701 4010 1083 4065 testiﬁcaretur
1139 4009 1207 4063 de
1257 4008 1497 4075 homine,
1534 4022 1599 4062 eo
1630 4010 1773 4078 quod
1832 4025 2001 4081 agno-

431 4113 612 4159 sceret
644 4099 952 4169 singulatim
1013 4098 1141 4168 quid
1186 4107 1332 4154 esset
1401 4099 1457 4153 in
1510 4115 1838 4172 unoquoque
1899 4103 2003 4158 ho-

433 4200 599 4253 mine.

499 4292 590 4347 29.
640 4286 768 4343 Haec
804 4287 965 4341 verba
987 4328 1001 4353 ,
1034 4303 1052 4335 ‹
1079 4302 1184 4341 non
1227 4301 1366 4356 opus
1402 4286 1640 4343 habebat
1673 4295 1734 4341 ut
1771 4289 1893 4358 quis
1916 4296 2001 4344 te-

2104 1986 2404 2059 θλιμμένην
2436 1987 2575 2041 εἰσὶν
2603 1987 2901 2053 ὁδεύοντες,
2931 1988 3252 2057 ἀπάγουσαν
3285 1990 3367 2050 εἰς
3393 1988 3484 2060 τὴν
3510 1986 3639 2057 ζωὴν,

2102 2081 2226 2132 ὅσον
2248 2081 2353 2133 ὐπὸ
2367 2080 2475 2133 τῶν
2503 2080 2701 2150 ὀλίγων
2730 2082 3147 2153 εὐρισκομένην.
3176 2082 3412 2136 Δυνατὸν
3438 2081 3640 2151 μέντοιγε

2104 2173 2330 2238 πολλοὺς
2374 2172 2483 2229 τῶν
2533 2175 2612 2237 είς
2641 2174 2700 2227 τὸ
2726 2174 2898 2245 ὄνομα
2938 2176 3105 2229 αὐτοῦ
3153 2175 3508 2228 πιστευόντων
3540 2174 3640 2227 ἀνα·

2103 2267 2365 2339 κληθῆναι
2398 2265 2537 2337 μετὰ
2574 2266 2845 2337 Ἀϐραὰμ,
2879 2267 2974 2320 καὶ
3027 2265 3232 2331 Ἰσαὰκ,
3272 2267 3369 2320 καὶ
3405 2265 3573 2320 Ἰακὼϐ
3595 2267 3639 2317 ἐν

2102 2361 2167 2430 τῇ
2202 2358 2449 2429 βασιλείᾳ
2487 2357 2596 2411 τῶν
2641 2357 2915 2427 οὐρανῶν
2959 2359 3083 2412 ἐπεὶ
3120 2378 3138 2410 ι
3175 2358 3363 2412 πολλοὶ
3391 2358 3477 2411 ἀπ’
3518 2357 3638 2409 ’Δναο

2102 2449 2264 2520 τολῆς
2326 2449 2422 2502 καὶ
2473 2448 2704 2519 Δυσμῶν
2773 2448 2963 2520 ἥξουσι
2986 2489 3001 2513 ,
3065 2450 3159 2503 καὶ
3231 2448 3637 2518 ἀνακλιθήσονται

2106 2542 2241 2613 μετὰ
2304 2541 2555 2614 Ἀϐραὰμ
2581 2581 2596 2604 ,
2647 2543 2741 2595 καὶ
2824 2542 3031 2607 Ἰσαὰκ,
3096 2543 3190 2596 καὶ
3256 2541 3450 2597 Ἰακὼϐ
3498 2544 3548 2594 ἐν
3588 2543 3637 2610 τῇ

2104 2634 2351 2706 βασιλεία
2398 2634 2504 2687 τῶν
2533 2633 2800 2705 οὐρανῶν,
2832 2653 2850 2686 ι
2888 2634 3231 2707 τυγχανούσῃ
3262 2636 3412 2707 οἰκίᾳ
3432 2633 3518 2688 τοῦ
3554 2634 3638 2685 [Ια-

2101 2726 2249 2797 τρὸς,
2291 2727 2349 2781 ὲν
2471 2726 2665 2780 πολλαὶ
2707 2727 2863 2798 μοναί
2911 2727 3036 2780 είσι.
3097 2728 3208 2781 Καὶ
3239 2726 3400 2780 τοῦτο
3428 2726 3479 2779 δὲ
3503 2741 3635 2796 τηρηο

2101 2816 2219 2870 τέον
2239 2858 2253 2882 ,
2291 2818 2374 2871 ὅτι
2430 2816 2634 2880 πολλοὶ,
2690 2817 3041 2883 πιστεύοντες
3073 2820 3153 2882 είς
3184 2818 3244 2871 τὸ
3275 2819 3444 2889 ὄνομα
3472 2815 3638 2878 αὐτοῦ,

2102 2907 2201 2976 οὐχ
2230 2907 2305 2970 ὼς
2345 2906 2620 2978 Ἀνδρέας,
2666 2908 2762 2960 καὶ
2808 2908 3049 2979 Πέτρος,
3103 2910 3196 2963 καὶ
3243 2907 3543 2979 Ναθαναὴλ,
3570 2906 3638 2959 καὶ

2090 2997 2364 3061 ’Φίλιππος
2398 3001 2773 3053 πιστεύουσιν·
2820 3000 2957 3054 ἀλλὰ
3005 3004 3071 3072 τῇ
3120 3002 3398 3074 μαρτυρίᾳ
3435 3002 3637 3054 Ἰωάννου

2104 3089 2377 3143 πείθονται
2420 3090 2672 3159 λέγοντος
2694 3107 2710 3122 ο
2743 3110 2761 3142 ι
2806 3091 2934 3144 Ἰδοὺ
2964 3092 2995 3144 ό
3037 3093 3228 3163 ’Δμνὸς
3260 3093 3358 3147 τοῦ
3404 3090 3546 3145 Θεοῦ·
3576 3089 3637 3159 »ἦ

2103 3180 2180 3251 τῷ
2202 3182 2293 3234 ὑπ’
2336 3181 2583 3253 Ἀνδρέου
2629 3182 2905 3254 εὑρεθέντι
2952 3183 3216 3256 Χριστῷ,
3272 3184 3309 3254 ἢ
3352 3182 3430 3254 τῷ
3470 3182 3638 3236 εἰπόντι

2116 3272 2290 3345 Ἰησοῦ
2333 3272 2410 3344 τῷ
2448 3272 2718 3345 Φιλίππῳ*
2770 3294 2789 3326 ι
2841 3275 3149 3329 ’Δκολούθει
3194 3293 3311 3346 μοι,
3347 3295 3365 3327 ι
3412 3273 3539 3347 ἢτῷ
3565 3272 3639 3340 φᾶ-

2105 3382 2288 3418 σκοντι
2365 3365 2641 3437 Φιλίππῳο
2701 3386 2731 3418 ι⁴
2763 3368 2858 3420 Ὃν
2916 3367 3123 3439 ἔγραψε
3168 3368 3447 3438 Μωῦσῆς,
3496 3366 3575 3419 καὶ
3606 3365 3638 3415 ιλ

2102 3458 2416 3528 προφῆται,
2451 3459 2764 3530 εὑρήκαμεν
2804 3459 3008 3529 Ἰησοῦν
3046 3460 3159 3514 υἱὸν
3196 3458 3294 3512 τοῦ
3339 3459 3526 3529 Ἰωσὴφ
3561 3454 3640 3508 ἀπὸ

2102 3551 2375 3623 Ναζαρέτ.
2403 3571 2422 3603 ι
2459 3547 2616 3606 Οὗτοι
2640 3552 2698 3606 δὲ
2720 3572 2737 3603 ι
2759 3553 3082 3607 ἐπίστευσαν
3113 3554 3193 3616 είς
3213 3552 3277 3605 τὸ
3299 3552 3469 3623 ὄνομα
3490 3546 3639 3609 αὐτοῦ,

2105 3643 2434 3716 θεωροῦντες
2451 3643 2614 3697 αὐτοῦ
2651 3643 2721 3697 τὰ
2761 3645 2982 3715 σημεῖα,
3015 3642 3051 3697 ἃ
3085 3643 3259 3696 ἐποίει
3280 3660 3331 3692 ἰ
3366 3642 3457 3696 atat
3480 3641 3639 3712 σημεῖα

2104 3734 2447 3788 πιστεύουσιν
2472 3735 2571 3787 οὐκ
2600 3736 2680 3797 εἰς
2704 3734 2863 3787 αὐτὸν
2887 3773 2903 3798 ,
2935 3734 3046 3788 ἀλλ’
3092 3737 3172 3798 είς
3210 3734 3273 3787 τὸ
3303 3734 3470 3805 δνομα
3493 3729 3638 3789 αὐτοῦ.

2104 3830 2132 3880 ὁ
2160 3826 2365 3899 Ἰησοῦς
2387 3829 2486 3881 οὐκ
2502 3827 2819 3881 ἐπίστευσεν
2850 3827 3040 3881 ἑαυτὸν
3066 3828 3269 3891 αὐτοῖς,
3294 3827 3495 3889 πάντας
3516 3822 3640 3893 γινώ-

2107 3935 2269 3982 σκων,
2305 3921 2398 3972 καὶ
2427 3917 2501 3989 μὴ
2534 3918 2718 3992 χρείαν
2745 3918 2914 3989 ἔχων,
2948 3918 3034 3973 ἵνα
3069 3936 3152 3983 τις
3182 3919 3505 3992 μαρτυρήσῃ
3545 3917 3638 3986 περὶ

2105 4012 2414 4085 ἀνθρώπου,
2447 4012 2525 4083 τῷ
2552 4012 2839 4081 γινώσκειν
2872 4012 2927 4065 τί
2958 4016 3103 4067 ἐστιν
3127 4014 3185 4067 ὲν
3216 4013 3434 4083 ἑκάστῳ
3458 4010 3554 4063 τῶν
3574 4009 3641 4062 ἀν·

2106 4102 2359 4174 θρὼπων.

2175 4287 2262 4342 29.
2299 4287 2389 4358 Τῷ
2425 4287 2513 4341 δέ’
2553 4307 2570 4339 ι
2609 4289 2684 4340 Οὐ
2717 4289 2905 4358 χρείαν
2947 4282 3090 4357 εἶχεν
3122 4286 3208 4339 ἴνα
3236 4303 3324 4350 τις
3362 4282 3641 4358 μαρτυρήσῃ

434 4383 768 4438 stiﬁcaretur
789 4380 856 4434 de
887 4378 1125 4443 homine,
1156 4395 1173 4427 ι
1196 4387 1499 4448 Opportune
1539 4380 1740 4434 utenda
1773 4388 1905 4434 sunt
1934 4378 2001 4432 ad

2112 4384 2233 4453 περὶ
2258 4380 2567 4454 ἀνθρώπου,
2610 4402 2629 4434 ι
2662 4382 2932 4453 εὐκαίρως
2962 4380 3261 4453 χρηστέον,
3299 4383 3381 4444 είς
3415 4377 3641 4450 παράστα-

435 4474 921 4531 demonstrandum
965 4469 1108 4540 quod
1154 4464 1331 4527 Filius
1380 4470 1475 4525 Dei
1514 4486 1545 4525 a
1589 4470 1769 4541 seipso
1813 4471 2001 4527 videre

2112 4491 2193 4528 σιν
2219 4474 2312 4527 τοῦ
2345 4473 2475 4526 Υἱοῦ
2505 4473 2598 4527 τοῦ
2627 4472 2762 4526 Θεοῦ
2790 4474 2881 4542 ἀφ’
2907 4470 3101 4526 ἑαυτοῦ
3132 4471 3428 4543 δυναμένου
3459 4470 3640 4538 θεωρεῖν

436 4565 673 4635 singulas
710 4579 798 4619 res
844 4563 1121 4617 hominum
1147 4562 1343 4627 valeat,
1369 4562 1629 4632 nulloque
1656 4560 1883 4617 omnino
1915 4572 1992 4617 te-

2112 4566 2229 4636 ιτερὶ
2258 4565 2487 4619 ἑκάστου
2523 4565 2631 4617 τῶν
2677 4563 3013 4636 ἀνθρώπων,
3041 4563 3134 4617 καὶ
3169 4561 3439 4634 μηδαμῶς
3473 4575 3638 4630 μαρτυο

435 4657 686 4712 stimonio
728 4655 1051 4725 cujusquam
1099 4669 1221 4710 eum
1270 4668 1451 4724 egere.
1507 4652 1777 4709 Caeterum
1833 4654 2001 4708 verba

2112 4657 2220 4728 ρίου
2242 4655 2448 4709 δεῖσθαι
2475 4655 2569 4709 τοῦ
2600 4656 2708 4710 ἀπό
2737 4672 2900 4719 τινος.
2928 4653 3001 4707 Τὸ
3025 4654 3081 4708 δέ
3106 4670 3118 4683 ·
3154 4672 3175 4705 ‹
3205 4654 3280 4706 Οὐ
3322 4652 3504 4723 χρείαν
3528 4645 3638 4717 εἶχεν

436 4749 553 4814 illa,
597 4767 617 4802 ι
646 4764 751 4803 non
790 4763 925 4818 opus
968 4747 1201 4803 habebat
1244 4756 1304 4802 ut
1344 4747 1469 4817 quis
1505 4745 1894 4801 teStilicaretur
1934 4747 2001 4801 de

2112 4748 2186 4801 ἵνα
2212 4765 2294 4811 τις
2322 4750 2646 4820 μαρτυρήσῃ
2672 4747 2798 4819 περὶ¹
2825 4745 3135 4817 ἀνθρώπου,
3161 4765 3181 4798 ι
3212 4739 3633 4800 ἀντιδιασταλτὲον

433 4841 649 4896 homine
672 4859 691 4893 ι
731 4838 1111 4908 distinguenda
1137 4848 1267 4895 sunt
1298 4840 1367 4895 ab
1399 4837 1508 4893 illis
1539 4855 1552 4890 :
1579 4836 1697 4893 Non
1734 4852 1871 4908 opus
1904 4839 2001 4892 ha-

2112 4839 2235 4911 πρὸς
2258 4840 2455 4905 τὸ,‹οὐ
2480 4840 2668 4911 χρείαν
2698 4839 2810 4909 ἔχει
2835 4839 2922 4893 ἵνα
2957 4839 3288 4910 μαρτυρήσῃ
3308 4834 3434 4907 περί
3460 4843 3630 4892 τινοςό

429 4932 523 4987 bet
552 4942 613 4987 ut
644 4931 768 5001 quis
797 4939 1026 4985 testetur
1068 4932 1135 4986 de
1173 4932 1375 5001 aliquo.
1402 4929 1537 4984 Nam
1567 4930 1611 4984 si
1642 4929 1784 4984 hanc
1810 4944 1999 4985 vocem

2112 4931 2146 4982 εἰ
2182 4931 2279 5000 μὲν
2319 4934 2427 5003 γὰρ
2470 4931 2531 4985 τὸ
2578 4931 2891 4999 ἀνθρώπου
2912 4970 2927 4994 ,
2976 4929 3385 5001 λαμϐανόμενον
3429 4923 3529 4997 (ἳῖ)
3566 4920 3634 4972 ἐπὶ

430 5022 660 5087 homine,
707 5037 984 5077 sumamus
1015 5021 1079 5075 de
1105 5023 1299 5092 quovis
1344 5022 1434 5091 qui
1488 5024 1559 5076 sit
1607 5019 1673 5075 ad
1707 5020 1997 5090 imaginem

2112 5022 2307 5085 παντὸς
2338 5023 2432 5075 τοῦ
2476 5024 2595 5076 κατ’
2638 5023 2818 5076 είκόνα
2847 5019 3010 5084 Θεοῦ,
3047 5021 3080 5092 ἢ
3116 5020 3316 5082 παντὸς
3351 5012 3566 5085 λογικοῦ.
3588 5007 3632 5062 οὗ

430 5114 550 5182 Dei,
577 5114 664 5168 vel
697 5114 763 5168 de
784 5113 930 5168 omni
960 5113 1187 5167 rationis
1214 5121 1485 5182 compote,
1519 5127 1624 5165 non
1665 5125 1802 5180 opus
1827 5109 1998 5165 habe-

2112 5113 2292 5183 χρείαν
2323 5114 2434 5180 ἕξει
2474 5114 2560 5167 ἵνα
2588 5132 2671 5178 τις
2711 5114 3035 5186 μαρτυρήσῃ
3069 5113 3197 5183 περὶ
3229 5109 3427 5173 αὑτοῦ,
3457 5106 3565 5177 περὶ
3586 5094 3631 5153 οὗ

428 5208 513 5265 bit
538 5205 785 5262 Christus
819 5213 877 5259 ut
899 5206 1018 5274 quis
1048 5206 1113 5260 de
1143 5205 1259 5273 ipso
1297 5212 1525 5259 testetur
1560 5204 1649 5276 (de
1673 5216 2001 5272 quocunque

2112 5203 2307 5276 δήποτε
2342 5206 2451 5276 (73)
2477 5206 2583 5259 τῶν
2611 5206 2842 5274 λογικῶν
2860 5245 2875 5270 ,
2908 5205 2999 5274 ἀφ’
3030 5203 3224 5257 ἑαυτοῦ
3250 5202 3516 5273 γινώσκων
3538 5195 3632 5253 τοὺς

503 5401 548 5432 ι·
575 5397 821 5468 Philipp.
841 5412 918 5468 ιν,
948 5395 1039 5452 t5.
1098 5393 1339 5468 "£199...
1366 5392 1590 5468 nihili.“
1624 5392 1694 5468 §}_
1714 5392 1855 5468 ibid:
1874 5389 1994 5468 εἴ»,Δ

2112 5389 2301 5468 Matth.
2334 5404 2435 5468 vlt,
2466 5390 2555 5468 μ.
2635 5387 3027 5468 ¹⁶Μὲιιιλ.]ιιι,
3056 5386 3144 5441 ll.
3222 5386 3265 5418 ³⁷
3293 5381 3443 5439 Joan.
3477 5372 3629 5439 ωνί

427 5472 472 5503 η
505 5468 664 5528 Joan.
691 5458 735 5536 i,‘
757 5458 928 5523 ιιι-ιε
955 5480 1074 5535 seq.
1147 5465 1189 5498 ιο
1221 5465 1354 5520 ibid.
1384 5463 1475 5519 56.
1547 5462 1594 5493 ὀ
1624 5462 1755 5521 ibid.
1786 5464 1877 5518 ιδ.
1956 5464 1999 5494 ἰ

2112 5466 2164 5518 d.
2189 5460 2282 5515 45.
2390 5463 2435 5492 ²¹
2463 5458 2624 5515 Joan.
2658 5475 2718 5524 ιι,
2744 5458 2937 5513 25-25.

2185 5621 2297 5694 (7_3)_
2336 5619 2473 5687 Περὶ
2501 5618 2708 5694 αὐτοῦ,
2737 5619 2868 5687 περὶ
2893 5613 2969 5694 οὗ
2993 5618 3363 5694 (Magnetem.
3387 5614 3473 5694 S_ic
3490 5607 3627 5694 'cod’gl

2114 5677 2474 5762 Bo‘dle'ianu's_;
2513 5677 2737 5762 Regius,
2784 5677 2915 5762 περὶ
2964 5677 3128 5762 αὐτοῦ
3172 5677 3272 5762 τοῦ
3315 5685 3438 5756 περὶ
3465 5677 3519 5762 03':
3560 5677 3626 5762 δής

2114 5778 2265 5831 ποτε,
2287 5772 2394 5817 etc.
2421 5759 2584 5815 Forte
2599 5752 2921 5831 legendum,
2950 5760 3078 5830 περὶ
3098 5752 3403 5831 ἀνθρώπουᾷ
3425 5752 3510 5808 καὶ
3530 5752 3623 5803 περι

2113 5827 2176 5881 οῦ
2207 5831 2429 5900 δήποτε,
2451 5839 2556 5887 etc.

507 5622 621 5707 (7i)
660 5622 840 5679 Codex
887 5622 1108 5693 Regius,
1145 5621 1341 5686 habet,

448 5693 1143 5832 Πῗξέῗλαμϐανόμενον.
1209 5762 1499 5819 Ferrarius
1545 5759 1677 5833 legit
1735 5760 2006 5833 Λαμόάνο-

446 5846 564 5893 nev,
602 5836 741 5907 quod
784 5835 912 5887 mihi
943 5836 1220 5900 probatur,

1391 5622 1578 5690 ἐγγὺς,
1628 5620 1814 5691 φησὶν,
1847 5615 1915 5693 ἦν
1945 5621 2005 5676 τὸ
