3702 6142
97 336 182 391 597
1141 327 1491 385 COMMENT.
1531 326 1597 382 IN
1633 326 1821 384 JOAN.
1864 325 2100 383 TOMUS
2136 324 2204 380 Χ.

3161 328 3269 387 398

98 454 273 512 πάντας
316 448 450 501 κατά
496 448 590 519 τὴν
632 445 920 517 δεδομένην
959 445 1106 516 αὐτῷ
1137 446 1362 516 δύναμιν
1396 444 1502 498 ἀπὸ
1526 443 1619 496 τοῦ

1793 443 1939 498 adem
1985 443 2193 497 dixeris
2235 441 2458 495 rationis
2493 441 2786 509 compote),
2822 457 2852 494 a
2878 442 3053 510 seipse
3083 459 3286 514 cogno-

96 539 299 610 Πατρός.
331 538 394 590 Ei
441 538 495 590 δὲ
534 537 596 589 τὸ
632 535 947 604 ἀνθρώπου
995 538 1335 607 τηρήσαιμεν
1380 534 1484 587 ὑπὸ
1523 532 1616 586 τοῦ

97 630 262 701 θνητοῦ
317 628 528 696 λογικοῦ
597 626 906 699 ζωουμένου
951 627 1135 699 (74),
1168 630 1196 680 ὁ
1248 627 1345 697 μέν
1375 644 1459 689 τις
1504 626 1622 696 ἐρεῖ

95 720 252 793 χρείαν
279 719 414 789 ἔχειν
444 718 723 781 αὐτὸν,ἴνα
740 736 823 783 τις
856 720 1173 790 μαρτυρήσῃ
1198 720 1325 792 περὶ
1350 717 1458 771 τῶν
1481 717 1620 788 ὑπὲρ

93 813 167 866 τὸν
186 811 452 882 ἀνθρωπον
473 850 487 873 ,
519 811 640 865 οὐδὲ
670 812 942 883 ἀρκοῦντα
971 813 1168 883 ὁμοίως
1205 815 1317 875 τοῖς
1345 810 1620 882 ἀνθρωπί-

93 920 185 967 νοις
219 901 493 971 γινώσκειν
531 904 625 956 καὶ
670 902 739 956 τὰ
789 902 916 973 περὶ¹
944 903 1186 957 ἐκείνων.
1226 901 1417 965 Ἀλλος
1456 899 1513 952 δέ
1540 899 1621 962 τίς

95 1012 203 1066 φησι
225 994 309 1047 τὸν
334 993 639 1048 κενώσαντα
676 995 867 1048 ἑαυτὸν
899 993 972 1065 μὴ
1000 992 1185 1065 χρείαν
1213 991 1357 1062 ἐχειν
1374 1031 1390 1056 ,
1423 992 1509 1045 ἴνα
1540 1008 1623 1054 τις

95 1088 379 1158 μαρτυρήσῃ
411 1088 537 1157 περὶ
563 1084 867 1159 ἀνθρώπου,
898 1085 1085 1158 χρείαν
1107 1084 1164 1139 δὲ
1194 1084 1337 1155 ἔχειν
1362 1084 1489 1155 περὶ
1515 1084 1621 1136 τῶν

92 1177 377 1246 κρειττόνων
405 1177 438 1246 ἢ
470 1176 609 1230 κατά
641 1176 941 1247 ἄνθρωπον.

146 1444 220 1500 50.
237 1445 338 1498 Καὶ
352 1444 511 1498 τοῦτο
529 1446 585 1499 δὲ
606 1444 886 1518 ζητητέον,
904 1448 1044 1501 πόσα
1069 1451 1267 1519 σημεῖα
1294 1446 1457 1503 αὐτοῦ
1488 1446 1625 1502 θεων

92 1537 277 1606 ροῦντες
299 1539 346 1590 οἰ
391 1537 575 1592 πολλοὶ
607 1538 889 1593 ἐπίστευον
930 1540 1010 1603 είς
1048 1542 1211 1595 αὐτόν
1233 1558 1245 1570 ·
1274 1542 1333 1594 οὐ
1363 1541 1471 1612 γὰρ
1495 1542 1624 1594 ἀνα-

90 1630 355 1701 γέγραπται
398 1634 604 1702 σημεῖα
638 1631 995 1703 πεποιηκέναι
1030 1636 1088 1688 ἐν
1128 1634 1545 1707 Ἱεροσολύμοιςο
1576 1635 1622 1686 εί

93 1722 152 1791 μὴ
176 1720 272 1791 ἀρα
297 1722 584 1794 γεγένηται
617 1722 716 1793 μὲν
748 1726 966 1795 σημεῖα,
990 1726 1090 1779 οὐκ
1118 1725 1524 1797 ἀναγέγραπται
1542 1724 1617 1777 δέ.

1724 550 1883 589 scens
1922 548 2110 588 omnes
2155 532 2314 601 juxta
2353 532 2659 585 facultatem
2703 547 2733 586 a
2781 531 2943 587 Patre
2978 534 3082 588 sibi
3116 539 3285 591 tradi-

1728 637 1857 680 tam.
1892 625 1989 679 Sin
2034 638 2163 678 vero
2203 624 2343 677 hanc
2391 637 2604 685 vocem,
2648 624 2876 690 homine,
2910 628 3286 683 observaveri-

1725 732 1846 773 mus
1894 718 1960 771 de
2008 718 2221 770 mortali
2261 716 2536 770 animante
2586 716 2809 770 rationis
2852 728 3119 788 compote,
3147 721 3286 776 alius

1726 807 1942 875 quidem
1982 807 2230 860 dicturus
2277 804 2662 860 estChristum
2696 806 2867 875 ipsum
2894 824 3030 878 opus
3060 810 3283 878 habere,

1727 908 1786 952 ut
1813 899 1934 966 quis
1961 906 2191 951 teSIetur
2225 899 2292 952 de
2338 897 2427 951 his
2469 911 2588 966 quae
2627 907 2756 952 sunt
2787 913 2952 966 supra
2989 900 3283 967 hominem,

1728 1001 1789 1044 ut
1834 989 1935 1059 qui
1975 989 2116 1050 haec,
2164 988 2386 1057 perinde
2436 996 2595 1058 atque
2649 994 2907 1056 humana,
2956 1008 3288 1062 cognoscere

1726 1097 1835 1137 non
1880 1080 2139 1136 sufﬁciat.
2193 1080 2347 1134 Alius
2388 1088 2566 1134 autem
2616 1082 2883 1151 quispiam
2938 1084 3115 1155 inquit
3161 1101 3286 1144 eum

1727 1174 1819 1241 qui
1868 1172 2105 1240 seipsum
2142 1169 2388 1232 inanivit,
2418 1184 2525 1223 non
2566 1186 2701 1239 opus
2744 1173 2945 1227 habere
2972 1184 3031 1228 ut
3059 1176 3182 1244 quis
3208 1185 3288 1232 te.

1728 1271 1903 1316 stetur
1932 1263 1999 1316 de
2030 1261 2271 1325 homine,
2301 1261 2395 1315 sed
2433 1275 2565 1329 opus
2606 1261 2807 1317 habere
2834 1273 2892 1317 ut
2910 1265 3033 1333 quis
3059 1274 3287 1322 testetur

1728 1354 1794 1408 de
1824 1354 1908 1408 his
1939 1352 2030 1422 qui
2064 1351 2468 1421 praestantiorcs
2508 1360 2637 1406 sunt
2667 1353 2997 1410 hominibus.

1797 1443 1890 1498 30.
1931 1443 2074 1509 Quin
2108 1444 2213 1498 hoc
2256 1444 2425 1499 etiam
2465 1443 2814 1513 quaerendum
2840 1454 2945 1511 est,
2975 1454 3108 1516 quot
3132 1447 3286 1519 signa

1728 1531 1899 1602 ipsius
1957 1532 2111 1587 multi
2175 1533 2445 1600 videntes,
2484 1534 2832 1589 crediderunt
2879 1536 2936 1591 in
2982 1553 3125 1593 eum.
3170 1538 3284 1594 Non
3385 1568 3397 1579 -

1730 1624 1871 1676 enim
1899 1625 2161 1692 scriptum
2209 1632 2293 1678 est
2336 1624 2489 1693 signa
2541 1624 2736 1681 fecisse
2783 1626 3153 1699 Jerosolymis,
3183 1630 3285 1686 nisi

1731 1713 1967 1770 fortasse
2005 1715 2147 1769 facta
2192 1716 2345 1786 signa
2397 1716 2599 1784 scripta
2636 1733 2741 1772 non
2772 1717 3012 1780 fuerunt.
3054 1720 3287 1778 Proinde

89 1812 253 1866 Σκόπει
297 1812 352 1866 δέ
386 1816 434 1867 εί
467 1814 692 1869 δυνατὸν
732 1818 810 1880 είς
844 1818 1046 1888 σημεῖα
1079 1816 1392 1888 λογισθῆναι
1434 1818 1495 1870 τὸ
1526 1834 1622 1869 πε-

1798 1809 2015 1863 asidera
2047 1824 2118 1863 an
2153 1808 2294 1863 inter
2319 1811 2470 1880 signa
2503 1811 2742 1880 reputari
2774 1813 2942 1881 possit
2973 1816 3113 1883 quod
3145 1815 3288 1871 fece-

89 1905 334 1977 ποιηιιέναι
359 1907 680 1978 φραγέλλιον
710 1910 774 1962 ἐκ
796 1909 1041 1980 σχοινίων
1061 1950 1077 1975 ,
1114 1911 1208 1963 καὶ⁵
1242 1910 1449 1974 πάντας
1474 1911 1627 1965 ἐκϐε-

87 1995 308 2067 ϐληκέναι
334 1996 425 2049 τοῦ
465 1997 635 2069 ἱεροῦ,
661 1999 732 2052 τά
756 2017 816 2052 τε
851 2000 1125 2070 πρόϐατα,
1159 2000 1255 2055 καὶ
1297 2001 1423 2065 τοὺς
1475 2000 1623 2071 βόας,

86 2090 164 2140 καὶ
194 2087 292 2141 τῶν
321 2088 685 2144 κολλυϐιστῶν
711 2090 780 2144 τὰ
821 2092 1072 2162 κέρματα
1099 2093 1453 2163 ἐκκεχυκέναι
1474 2132 1489 2158 ,
1531 2095 1626 2147 καὶ

84 2179 163 2242 τὰς
201 2181 472 2251 τραπέζας
514 2181 965 2256 ἀνατετραφέναι.
1012 2184 1155 2253 Πρὸς
1207 2185 1458 2255 μέντοιγε
1501 2186 1626 2248 τοὺς

88 2269 452 2340 ὑπονοήσαντας
492 2271 561 2326 ἂν
603 2273 732 2345 περὶ
771 2273 944 2343 μόνων
981 2273 1282 2345 ἀνθρώπων
1318 2276 1391 2346 μὴ
1434 2275 1624 2347 χρείαν

87 2359 206 2431 ἔχειν
233 2363 384 2416 αὑτὸν
413 2364 730 2437 μαρτύρων,
760 2365 943 2435 λέγει,
972 2368 1056 2421 ὅτι
1084 2367 1178 2420 δύο
1209 2366 1356 2438 αύτῷ
1387 2370 1416 2422 ὁ
1448 2369 1628 2437 Εὐαγ-

88 2452 308 2526 γελιστὴς
340 2456 754 2528 μεμαρτύρηκε,
783 2457 844 2510 τό
874 2475 933 2511 τε
957 2456 1245 2527 γινώσκειν
1274 2458 1502 2522 πάντας,
1532 2460 1626 2512 καὶ⁹

86 2540 136 2592 τὸ
164 2540 229 2613 μὴ
258 2543 439 2613 χρείαν
468 2544 617 2615 ἐχειν
649 2546 735 2598 ἴνα
759 2562 846 2609 τις
880 2547 1200 2620 μαρτυρήσῃ
1240 2547 1371 2619 περὶ
1412 2545 1627 2619 ἀνθρώ-

88 2646 200 2683 πουυ
233 2636 277 2686 εἰ
303 2633 407 2707 γὰρ
435 2636 649 2699 πάντας
675 2637 990 2708 ἐγίνωσκεν,
1010 2638 1071 2690 οὐ
1100 2638 1258 2708 μόνον
1283 2638 1624 2711 ἀνθρώπους,

88 2722 204 2776 ἀλλὰ.
225 2726 313 2778 καὶ
335 2726 406 2781 τὰ
442 2728 588 2799 ὺπέρ
609 2728 701 2783 τὸν
728 2730 1012 2800 ἄνθρωπον
1042 2730 1304 2799 ἐγίνωσκε
1323 2772 1338 2797 ,
1371 2730 1465 2785 καὶ
1490 2731 1629 2784 πάν-

88 2829 168 2878 τας
191 2817 305 2880 τοὺς
335 2818 440 2882 ἔξω
468 2819 727 2874 τοιούτων
765 2821 1029 2892 σωμάτων
1047 2838 1063 2852 ·
1098 2822 1357 2891 ἐγίνωσκέ
1384 2840 1445 2876 τε
1471 2822 1523 2875 τί
1559 2818 1629 2894 ἦν

86 2908 135 2959 ἐν
172 2908 241 2979 τῷ
277 2909 579 2983 ἀνθρώπῳ,
622 2912 717 2967 ἆτε
762 2912 963 2984 μείζων
1012 2916 1292 2985 τυγχάνων
1326 2914 1434 2969 τῶν
1468 2917 1525 2969 ἐν
1548 2913 1630 2987 τῷ

87 3001 414 3072 προφητεύειν
461 3004 794 3075 ἐλεγχόντων
823 3005 964 3077 (75),
991 3048 1005 3062 .
1025 3045 1039 3060 .
1057 3046 1071 3060 .
1098 3008 1192 3059 καὶ
1218 3006 1507 3078 κρινόντων
1535 3006 1629 3060 καὶ

84 3089 142 3141 τά
166 3093 367 3162 κρυπτά
390 3094 493 3166 τῆς
521 3095 747 3167 καρδίας
775 3099 855 3160 είς
883 3098 1113 3169 φανερὸν
1142 3098 1381 3166 ἀγόντων
1409 3098 1628 3153 πάντων

1727 1900 1799 1955 rit
1836 1915 1868 1956 e
1913 1901 2170 1956 funiculis
2221 1899 2516 1971 ﬂagellum,
2542 1916 2731 1958 omnes
2769 1918 2800 1959 e
2835 1906 3034 1975 templo
3062 1906 3285 1974 eiicien-

1725 1992 1813 2056 do,
1841 1999 1951 2046 tum
1986 2006 2135 2058 oves,
2183 1999 2296 2045 tum
2340 1993 2530 2061 boves,
2556 2004 2718 2063 atque
2761 1996 3187 2064 argentariorum
3214 2012 3288 2052 tes

1723 2083 2066 2150 eiiundeudo,
2095 2091 2151 2137 et
2190 2098 2405 2138 mensas
2448 2083 2897 2141 subvertenda”.
2934 2087 3016 2141 Ad
3045 2102 3137 2142 eos
3160 2103 3289 2159 pro-

1727 2177 1871 2234 fecto
1904 2177 1995 2245 qui
2023 2176 2373 2246 suspicantur
2400 2178 2469 2233 de
2489 2176 2621 2233 solis
2652 2178 2986 2245 hominibus,
3016 2196 3122 2235 non
3152 2196 3288 2251 opus

1725 2270 1928 2325 habere
1952 2270 2127 2340 ipsum
2160 2270 2410 2339 testibus,
2442 2271 2627 2326 dicere
2670 2264 2888 2343 oportet
2913 2274 3020 2329 duo
3055 2289 3288 2345 evange-

1724 2363 1905 2418 listam
1936 2362 2009 2418 illi
2034 2364 2349 2421 attribuisse
2372 2382 2389 2420 :
2411 2365 2666 2432 alterum,
2700 2367 2841 2436 quod
2869 2376 3128 2437 agnoscat
3164 2382 3286 2422 om-

1727 2468 1864 2522 nes;
1897 2454 2146 2518 alterum,
2180 2456 2324 2524 quod
2360 2471 2494 2526 opus
2534 2472 2639 2512 non
2667 2456 2865 2512 habeat
2891 2467 2949 2512 ut
2973 2460 3095 2528 quis
3123 2468 3289 2515 teste-

1728 2555 1816 2600 tur
1838 2547 1904 2599 de
1936 2545 2175 2600 homine.
2217 2544 2349 2600 Nam
2385 2548 2430 2603 si
2475 2563 2664 2605 omnes
2690 2551 3037 2619 agnoscebat,
3069 2566 3176 2605 non
3200 2567 3291 2607 so-

1728 2636 1837 2690 lum
1867 2637 2133 2701 homines,
2168 2636 2264 2690 sed
2294 2637 2463 2692 etiam
2494 2653 2615 2708 quae
2646 2655 2810 2709 supra
2837 2641 3109 2697 hominem
3140 2651 3285 2708 sunt,

1727 2730 1891 2784 etiam
1925 2743 2115 2784 omnes
2141 2727 2233 2796 qui
2265 2738 2447 2784 essent
2489 2739 2644 2786 extra
2685 2732 2802 2786 haec
2840 2746 3088 2802 corpora,
3122 2747 3289 2802 agno-

1728 2823 1936 2890 scebat,
1978 2833 2139 2893 atque
2186 2824 2316 2894 quid
2350 2831 2497 2879 esset
2536 2823 2589 2877 in
2641 2823 2862 2879 homine
2899 2837 2919 2876 :
2956 2824 3152 2894 quippe
3192 2825 3288 2895 qui

1730 2914 1904 2983 major
1934 2918 2224 2972 exsisteret
2250 2917 2360 2981 his,
2403 2917 2500 2986 qui
2544 2916 2597 2971 in
2635 2917 3010 2986 prophetando
3058 2916 3291 2971 manife-

1729 3015 1898 3073 stant,
1917 3014 1971 3060 et
1992 3007 2260 3082 jndicaut,
2287 3005 2496 3062 occulta
2514 3006 2699 3061 cordis
2725 3007 2891 3061 etiam
2917 3005 3099 3061 omnia
3126 3006 3288 3076 212

1731 3110 1853 3166 quae
1875 3096 2114 3166 Spiritus
2144 3095 2253 3151 illis
2275 3096 2540 3167 suggerit,
2577 3097 2630 3150 in
2662 3107 2910 3165 apertum
2940 3097 3198 3150 ducentes
3220 3098 3287 3150 ".

82 3174 145 3234 ὧν
163 3183 262 3251 (76)
284 3184 345 3237 τὸ
367 3186 596 3257 Πνεῦμα
621 3186 904 3242 ὑποϐάλλει
943 3167 1143 3253 αὐτοῖς.
1176 3188 1406 3242 Δύναται
1436 3189 1495 3243 δέ
1522 3189 1586 3242 τό
1608 3205 1622 3220 ·

1793 3197 1999 3241 elerum
2045 3187 2208 3255 illud,
2246 3205 2266 3238 ι
2302 3186 2629 3258 agnoscebat
2670 3187 2799 3255 quid
2848 3197 2991 3242 esset
3035 3187 3088 3241 in
3115 3188 3291 3243 homi-

89 3291 106 3324 ι
142 3275 412 3344 Ἑγίνωσκε
438 3278 495 3332 τί
541 3274 610 3351 ἦν
651 3280 709 3333 ἐν
749 3279 829 3350 τῷ
860 3281 1130 3352 ἀνθρώπῳ
1152 3322 1167 3345 ,
1202 3300 1224 3333 ι
1259 3282 1626 3353 λαμϐάνεσθαι

85 3365 162 3418 καὶ
179 3368 264 3421 ἐπὶ
286 3368 391 3422 τῶν
421 3370 764 3440 ἐνεργουσῶν
786 3370 1065 3443 δυνάμεων
1097 3374 1350 3444 χειρόνων
1381 3373 1414 3444 ἢ
1446 3391 1628 3444 κρειτ-

84 3459 227 3513 τόνων
246 3462 302 3514 ἐν
336 3462 677 3534 ἀνθρώποις·
710 3466 758 3517 εί
787 3464 885 3534 μὲν
918 3464 1026 3538 γὰρ
1047 3465 1229 3519 δίδωσί
1251 3482 1335 3529 τις
1358 3466 1520 3520 τόπον
1547 3467 1625 3538 τῷ

83 3550 318 3624 διαϐόλῳ,
362 3555 670 3627 εἰσέρχεται
714 3557 794 3620 είς
840 3556 1002 3610 αὑτὸν
1046 3559 1075 3610 ὁ
1124 3557 1394 3619 Σατανᾶς·
1438 3554 1628 3629 ὥσπερ

84 3638 254 3695 Eanst
296 3644 492 3709 Ἰούδας
512 3683 529 3708 ,
579 3663 601 3697 ε
634 3646 728 3699 τοῦ
771 3646 1015 3701 διαϐόλου
1051 3648 1370 3719 βεϐληκότος
1416 3651 1497 3713 εἰς
1527 3650 1629 3721 τὴν

82 3734 281 3803 καρδίαν
316 3738 479 3791 αὑτοῦ
501 3777 521 3803 ,
554 3738 642 3792 ἵνα
685 3739 913 3810 παραδῷ
950 3740 1041 3794 τὸν
1075 3741 1313 3812 Ἰησοῦνσ
1355 3760 1375 3792 ›
1417 3742 1496 3795 διὸ
1532 3744 1628 3798 καὶ

86 3843 103 3875 ι
133 3829 255 3895 μετά
278 3829 339 3882 τὸ
380 3830 605 3901 ψωμίον
641 3831 883 3902 εἰσῆλθεν
915 3835 995 3896 είς
1018 3833 1178 3886 αὐτὸν
1217 3835 1246 3886 ὁ
1277 3835 1519 3897 Σατανᾶς
1542 3851 1556 3865 ·
1601 3853 1621 3886 ι

82 3922 122 3972 εί
148 3922 199 3973 δὲ
225 3921 396 3976 δίδωσι
422 3924 594 3977 τόπον
618 3923 697 3995 τῷ
716 3924 854 3994 Θεῷ,
883 3926 1148 3995 μακάριος
1170 3925 1377 3994 γίνεται
1397 3943 1410 3958 ·
1449 3944 1469 3978 ι
1504 3928 1627 3981 Μα-

83 4012 247 4084 κάριος
274 4014 376 4086 γὰρ
406 4009 469 4070 οὗ
498 4019 649 4069 ἐστιν
670 4016 950 4087 ἀντίληψις
976 4016 1141 4071 αὐτοῦ
1171 4017 1322 4089 παρά
1348 4016 1441 4070 τοῦ
1468 4017 1626 4083 Θεοῦ,

83 4107 163 4158 καὶ
187 4108 437 4173 ἀνάϐασις
478 4112 543 4163 ἐν
591 4112 657 4181 τῇ
707 4109 904 4181 καρδίᾳ
948 4110 1111 4164 αὑτοῦ
1144 4128 1164 4162 ι
1204 4110 1312 4163 ἀπὸ
1342 4108 1436 4164 τοῦ
1470 4110 1625 4164 Θεοῦ.

84 4196 346 4265 Γινώσκεις
374 4202 428 4255 τί
457 4197 529 4273 ἦν
562 4203 624 4254 ἐν
650 4200 727 4272 τῷ
757 4200 1027 4273 ἀνθρώπῳ
1055 4204 1084 4256 ὁ
1115 4201 1397 4270 γινώσκων
1429 4202 1627 4269 πάντα,

85 4290 166 4343 re
185 4292 271 4346 τοῦ
289 4294 442 4349 Θεοῦ.
470 4292 612 4364 Ἤδη
641 4294 700 4347 δὲ
718 4293 815 4365 τὴν
840 4294 1087 4365 αὐτάρκη
1119 4293 1462 4366 περιγραφὴν
1487 4294 1632 4366 εἰλη-

84 4382 221 4448 φότος
248 4385 456 4439 καὶτοῦ
489 4385 718 4439 δεκάτου
751 4385 862 4455 (77)
894 4386 1059 4456 τόμου
1078 4423 1095 4450 ,
1128 4384 1363 4439 ἐνταῦθά
1397 4400 1502 4437 που
1533 4401 1635 4437 κα-

81 4474 420 4546 ταπαύσωμεν
447 4476 543 4531 τὸν
569 4476 725 4544 λόγον
748 4476 878 4547 (78).

149 4632 364 4690 "Joan.
399 4651 464 4701 ιι,
494 4635 587 4690 15.
663 4632 749 4687 ’³1
773 4632 898 4689 Cor.
926 4648 1038 4703 xiv,
1064 4632 1154 4703 24,
1190 4632 1281 4689 25.
1358 4633 1406 4667 ³⁸
1455 4631 1616 4688 Joan.

1793 4629 1872 4687 25.
1966 4630 2018 4661 "
2069 4626 2228 4685 Joan.
2263 4642 2383 4696 xm,
2438 4631 2496 4682 ‘2.
2600 4629 2643 4661 ’⁷

86 4714 293 4770 until,
320 4704 378 4761 6.

128 4863 249 4948 ’(74)
285 4861 660 4948 ζωουμένου.
689 4860 781 4918 Sic
816 4862 982 4917 codex
1018 4858 1375 4927 Bodleianus;
1407 4857 1627 4929 Regius,

86 4932 209 4997 ζώου
229 4932 420 5005 μόνον.
1502 4998 1513 5010 _
1582 4999 1593 5009 ι

145 5004 249 5076 (75)
280 5006 404 5059 Post
430 5005 768 5076 ἐλεγχόντων
798 5001 1125 5073 relinquitur
1154 5002 1208 5057 in
1241 5007 1628 5069 manuscrtptts

85 5075 342 5144 codicibus
370 5075 608 5144 spatium
632 5089 895 5144 _vacuum.

145 5143 249 5214 (76)
304 5138 553 5201 adirem
620 5138 741 5210 ὧν,
803 5152 908 5199 etc.
979 5141 1334 5200 Scribendum
1367 5138 1624 5213 ‘videtur

87 5214 241 5269 πάντα
264 5219 325 5285 ἃ,
351 5225 456 5272 etc.

1728 3280 1881 3344 ne”,
1909 3297 1931 3332 ι
1960 3280 2101 3334 sumi
2150 3280 2312 3334 etiam
2345 3288 2528 3350 potest
2561 3281 2627 3335 de
2679 3280 2966 3336 virtutibus
3009 3282 3167 3337 malis
3203 3284 3288 3338 vel
3352 3268 3357 3274 ’

1728 3371 1905 3439 bonis,
1949 3373 2297 3444 operantibus
2352 3374 2410 3428 in
2455 3372 2784 3430 hominibus.
2816 3373 2953 3428 Nam
2987 3375 3030 3429 si
3081 3375 3292 3431 dederit

1729 3466 1851 3535 quis
1892 3466 2069 3521 locum
2116 3465 2352 3532 diabolo,
2384 3467 2687 3536 ingreditur
2742 3468 2797 3522 in
2842 3466 2994 3522 illum
3035 3465 3288 3533 Satanas,

1730 3556 2180 3627 quemadmodum
2235 3557 2382 3611 dedit
2426 3556 2615 3618 Judas.
2675 3577 2694 3611 ι
2724 3574 2847 3614 cum
2887 3559 3000 3626 jam
3048 3558 3292 3615 diabolus

1731 3647 1968 3702 misisset
2003 3646 2057 3701 in
2089 3661 2185 3702 cor
2212 3645 2348 3715 ejus,
2397 3655 2457 3701 ut
2506 3649 2743 3704 traderet
2776 3647 2958 3704 Jesum
2982 3649 3058 3716 ¹⁸;
3081 3668 3100 3701 ι
3128 3664 3288 3717 quam

1728 3740 1800 3796 ob
1823 3756 2043 3796 causam
2089 3758 2109 3791 ι
2133 3750 2251 3808 post
2276 3740 2577 3796 buccellam
2612 3742 2835 3796 intravit
2866 3742 2919 3795 in
2955 3741 3102 3796 illum
3136 3742 3293 3796 Sata-

1731 3846 1830 3884 nas
1850 3830 1917 3884 ²⁷.
1946 3849 1967 3885 ι
2000 3829 2096 3884 Sin
2130 3841 2313 3885 autem
2342 3830 2453 3886 Deo
2484 3831 2661 3886 locum
2692 3832 2921 3897 dederit,
2956 3833 3148 3889 beatus
3183 3831 3243 3887 fit
3274 3850 3287 3884 :

1735 3938 1754 3973 ι
1786 3921 1982 3976 Beatus
2010 3940 2029 3972 ι
2058 3924 2228 3988 enim,
2262 3939 2283 3973 ι
2307 3922 2459 3991 cujus
2500 3934 2583 3978 est
2610 3924 2684 3977 illi
2731 3924 3015 3979 retributio
3042 3943 3063 3977 ι
3095 3940 3125 3979 a
3158 3925 3290 3987 Deo,

1736 4030 1754 4063 ι
1776 4021 1830 4067 et
1863 4014 2107 4067 ascensio
2152 4012 2204 4067 in
2250 4014 2416 4067 corde
2451 4012 2567 4082 ejus
2596 4031 2614 4063 ι
2644 4028 2675 4067 a
2701 4013 2891 4069 Deo”.
2918 4014 3096 4080 Quare
3118 4028 3289 4083 agno-

1733 4105 1862 4169 scis,
1890 4119 1923 4158 o
1952 4104 2055 4159 Fili
2092 4102 2183 4158 Dei
2210 4106 2390 4158 omnia
2430 4119 2746 4175 agnoscens,
2777 4102 2904 4173 quid
2932 4104 3001 4158 sit
3024 4104 3077 4157 in
3112 4103 3288 4158 homi-

1733 4213 1820 4254 ne.
1858 4197 1963 4252 Sed
1994 4213 2116 4252 cum
2161 4197 2271 4265 jam
2316 4199 2449 4253 satis
2478 4198 2787 4269 scriptionis
2814 4197 3107 4266 sumpserit
3144 4195 3292 4251 deci-

1734 4305 1854 4344 mus
1880 4300 2077 4354 tomus,
2106 4289 2195 4344 hic
2221 4287 2472 4346 finiemus
2497 4306 2829 4347 sermonem.

2704 4626 2836 4682 ibid.
2887 4624 2978 4679 27.
3055 4625 3101 4658 ⁸⁸
3146 4624 3293 4682 Psal.

1740 4858 1753 4864 -
1804 4859 1914 4932 (77)
1954 4859 2136 4937 podex
2180 4858 2504 4937 Bodleianus
2556 4856 2731 4937 habet.
2759 4855 2819 4937 in_
2858 4864 3008 4937 textu
3048 4853 3293 4937 ξωδςκάέ

1729 4923 1853 5012 του,
1877 4923 2012 5012 etin
2049 4931 2291 5000 margine
2331 4927 2578 4994 δεκάτου,
2605 4928 2686 4981 uti
2719 4927 2914 4997 legitur
2956 4926 3008 4978 in
3045 4923 3215 4994 Regio
3242 4936 3297 4976 et

1730 5000 2053 5054 Barberino.
3237 5059 3248 5068 _

1727 5068 1927 5193 161(1ng
1951 5068 2135 5126 Codex
2172 5066 2372 5140 Regius
2433 5066 2627 5134 habet,
2675 5067 2737 5123 τὸ
2800 5065 3000 5136 βιϐλίον
3050 5077 3152 5135 pro
3181 5073 3297 5139 ﬁcv

1790 5155 1927 5209 γον.·
3322 5182 3326 5190 ι
