3702 6142
396 293 501 347 599
1829 288 1858 342 C

3525 281 3611 335 ιθθ

405 431 1688 478 ῌψι
1547 432 1822 467 Il_._._.._."
1730 432 1748 452 ΙΙ
1753 425 3442 467 IIIMIIIII-I-I-l-I|”-"'-I-IIII--III——_———II
3447 452 3494 462 υ-
3502 425 3605 466 “'-

1561 594 2500 728 ΩΡΙΓΕΝΟΥΣ

1028 835 1167 892 ΤΩΝ
1198 835 1318 890 ΕΙΣ
1357 835 1443 888 ΤΟ
1474 834 1656 886 ΚΑΤΑ
1693 826 2036 886 ΙΩΑΝΝΗΝ
2060 829 2108 881 Ε
2119 828 2312 881 ΥΑΓΓ
2308 825 2523 880 ΕΛῙΟΝ
2543 823 3009 880 ΕΞΗΓΗΤΙΚΩΝ

1733 992 2109 1080 ΤΟΜΟΣ
2160 991 2321 1076 II".

1688 1332 2363 1449 ORIGENIS

1103 1556 1871 1619 COMMENTARIORUM
1914 1557 1998 1618 IN
2027 1554 2552 1618 EVANG-ELI-UM
2584 1553 2912 1617 JOANNIS

1205 1733 1612 1827 TOMUS
1684 1736 2205 1826 DECIMUS
2275 1736 2833 1826 TERTIUS.

473 2047 525 2100 1.
563 2043 682 2098 Tibi
735 2041 976 2110 quidem,
1036 2038 1132 2092 Dei
1178 2038 1550 2092 amantissime
1597 2055 1661 2092 ac
1718 2040 1935 2106 piissimi

2171 2078 2186 2093 .
2216 2041 2373 2102 Ἴσως
2400 2039 2497 2110 μὲν
2521 2038 2587 2092 ἂν
2610 2037 2755 2104 ἔδοξέ
2783 2053 2862 2090 σοι
2881 2035 3012 2106 (79),
3043 2035 3414 2105 φιλοθεώτατε
3442 2032 3621 2089 κιὶεύ-

403 2136 674 2198 Ambrosi,
716 2148 826 2186 non
853 2131 1140 2186 videbatur
1173 2128 1405 2184 fortasse
1429 2129 1760 2185 scindendus
1787 2146 1865 2184 sel

2160 2131 2352 2184 ἰέστατε
2392 2131 2704 2202 Ἀμϐρόσιε,
2733 2130 2824 2183 τὸν
2852 2129 2980 2199 περὶ
3007 2129 3106 2198 τῆς
3136 2127 3527 2199 Σαμαρείτιδος
3551 2127 3622 2180 λό-

406 2225 770 2288 Samaritidis,
807 2224 882 2277 ita
929 2232 986 2276 ut
1011 2221 1156 2276 illius
1200 2235 1328 2290 pars
1365 2234 1509 2277 esset
1553 2223 1608 2275 in
1648 2224 1868 2277 duodeci

2159 2241 2162 2265 ι
2192 2223 2267 2296 μὴ
2300 2225 2653 2294 διακοπῆναι,
2687 2222 2763 2287 ὣς
2795 2239 2855 2275 τε
2891 2223 3053 2292 μέρος
3097 2222 3195 2291 μέν
3225 2238 3278 2273 τι
3306 2219 3479 2274 αὑτοῦ
3506 2216 3621 2272 εἶναι

407 2328 572 2379 tomo,
610 2325 665 2369 et
686 2315 928 2384 reliqua,
961 2327 1082 2382 quae
1117 2313 1414 2377 restabant,
1457 2313 1511 2367 in
1544 2314 1702 2367 tertio
1731 2315 1869 2368 decil

2158 2315 2235 2386 τῷ
2270 2315 2554 2385 δωδεκάτῳ
2593 2315 2776 2385 τόμῳ,
2805 2313 2872 2366 τὰ
2895 2313 2951 2366 δὲ
2992 2311 3114 2382 ἑξῆς
3139 2313 3197 2364 ὲν
3219 2310 3298 2381 τῷ
3332 2310 3619 2382 τρισκαιδε-

408 2407 512 2461 Sed
559 2408 816 2476 quoniam
852 2405 1167 2459 videbamus
1209 2403 1580 2457 duodecimum
1626 2403 1870 2458 Commen

2160 2426 2216 2480 τῳ
2239 2425 2250 2438 ·
2270 2407 2381 2461 ἀλλ’
2411 2409 2531 2460 ἐπεὶ
2553 2406 2812 2477 ἑωρῶμεν
2843 2403 3088 2474 αὐτάρκη
3121 2403 3475 2473 περιγραφὴν
3501 2401 3622 2469 εἱλη-

407 2500 610 2550 riorum
645 2507 846 2549 tomum
891 2493 1027 2548 satis
1071 2494 1426 2561 scriptionum
1469 2493 1763 2562 accepisse,
1793 2494 1869 2548 vis

2160 2519 2222 2554 ιαι
2252 2500 2341 2552 τὸν
2381 2498 2678 2551 δωδέκατον
2721 2495 2828 2551 τῶν
2869 2494 3264 2566 Ἐξηγητικῶν,
3295 2494 3483 2558 ἔδοξεν
3515 2496 3622 2564 ἡμῖν

411 2597 493 2641 est
523 2587 677 2642 nobis
719 2583 969 2640 desinere
1000 2583 1052 2637 in
1084 2599 1392 2639 sermonem
1422 2583 1844 2652 Samaritidis",

2161 2592 2363 2661 ταλῆξαι
2424 2593 2504 2650 εἰς
2545 2591 2636 2643 τὸν
2687 2589 2787 2659 τῆς
2847 2587 3234 2660 Σαμαρείτιδος
3293 2587 3460 2654 λόγον
3516 2588 3623 2656 περὶ

411 2679 734 2750 loquebatur
779 2678 894 2746 ipsa
954 2677 1021 2730 de
1079 2684 1258 2742 puteo,
1315 2677 1764 2746 quemadmodum
1800 2676 1873 2733 ,ιω

2211 2682 2322 2752 (80)
2361 2681 2650 2750 λεγομένου
2685 2681 2775 2732 ὑπ’
2815 2678 2985 2746 αὐτῆς
3024 2678 3256 2748 φρέατος
3280 2715 3296 2738 ,
3342 2678 3425 2740 ὡς
3461 2679 3492 2730 6
3549 2677 3626 2728 Ἰα-

407 2769 537 2823 illud
566 2769 796 2832 dederit,
826 2777 881 2822 et
914 2767 1026 2835 ipse
1058 2781 1124 2820 ex
1174 2781 1240 2821 eo
1288 2766 1502 2831 biberit,
1534 2776 1590 2822 et
1622 2768 1716 2822 ﬁlii
1753 2767 1865 2836 ejus

2161 2773 2181 2825 5'
2215 2774 2412 2826 ἔδωκεν
2443 2773 2601 2830 αὐτὸ,
2631 2774 2725 2824 καὶ
2767 2771 2926 2834 αὐτὸς
2971 2771 3029 2835 eg
3060 2769 3223 2824 αὐτοῦ
3259 2769 3386 2821 ἔπιε
3412 2812 3426 2834 ,
3461 2769 3549 2822 καὶ
3584 2771 3623 2820 οἱ

407 2872 602 2928 pecora
634 2859 770 2926 rjus,
799 2857 1015 2912 tertium
1060 2857 1328 2912 decimum
1383 2868 1585 2912 tomum
1649 2862 1860 2928 inceptu

2162 2863 2360 2918 ιαὺτοῦ
2386 2903 2400 2927 ,
2430 2864 2525 2916 καὶ
2565 2862 2633 2915 τὰ
2673 2862 2963 2932 θρέμματα
2989 2861 3176 2924 αὑτοῦ,
3229 2862 3314 2913 ἵνα
3351 2860 3624 2932 ἀρξώμεθα

409 2950 498 3004 ubi
529 2949 788 3004 Dominus
819 2950 886 3002 ad
917 2950 1086 3018 ipsam
1135 2949 1460 3019 restiondet.
1500 2967 1518 3001 ε
1549 2950 1844 3020 Respondit

2191 2955 2635 3028 τρισκαιδεκάτου
2676 2955 2783 3007 ἀπὸ
2807 2955 2903 3024 τῆς
2937 2954 3280 3024 ἀποκρίσεως
3311 2953 3410 3005 τοῦ
3442 2953 3623 3022 Κυρίου

409 3060 504 3099 sus
533 3055 588 3098 et
626 3045 763 3097 dixit
802 3043 878 3096 illi
911 3042 1141 3098 :Onmis
1179 3043 1275 3110 qui
1317 3043 1514 3096 biberit
1543 3058 1610 3096 cx
1665 3057 1802 3112 aqua
1843 3043 1871 3096 b

2163 3063 2200 3108 lt;
2232 3045 2342 3113 (81)
2391 3045 2574 3114 αὐτήν.
2614 3061 2633 3093 ι
2680 3043 2973 3114 Ἀπεκρίθη
3008 3045 3036 3095 6
3078 3043 3312 3113 Ἰησοῦς,
3357 3044 3456 3096 καὶ
3494 3041 3625 3096 εἶπεν

411 3139 560 3192 sitiet
591 3138 784 3191 iterum
812 3152 826 3199 ;
864 3134 954 3202 qui
985 3143 1161 3187 autem
1190 3135 1386 3188 biberit
1411 3149 1476 3188 ex
1508 3148 1646 3202 aqua
1684 3149 1843 3202 quam
1871 3159 1873 3180 ι

2162 3139 2200 3208 ’ᾖ
2229 3153 2241 3166 ·
2272 3137 2386 3199 Πᾶς
2409 3138 2436 3188 6
2467 3136 2636 3188 πίνων
2668 3137 2732 3188 ὲκ
2793 3135 2888 3188 τοῦ
2959 3135 3146 3198 ὓδατος
3202 3135 3394 3188 τούτου
3437 3137 3624 3206 διψήσει

409 3228 485 3281 illi
523 3228 736 3290 dedero,
770 3225 861 3278 ﬁet
889 3225 1008 3280 fons
1058 3225 1112 3278 in
1154 3238 1220 3278 eo
1266 3239 1419 3292 aqua:
1445 3223 1688 3279 salientis
1722 3226 1774 3278 in
1801 3226 1871 3279 vit

2160 3237 2255 3282 ίινο
2281 3228 2339 3291 ὃς
2364 3229 2407 3280 δ’
2432 3227 2497 3281 ἂν
2527 3228 2712 3300 πίῃὲκ
2740 3227 2832 3280 τοῦ
2861 3226 3049 3291 ὓδατος
3075 3221 3135 3279 οῦ
3161 3228 3272 3296 ἐγὼ
3296 3228 3459 3282 δώσω
3478 3228 3622 3296 αὐτῷ,

409 3327 665 3372 a-ternam
685 3316 752 3369 “.
780 3335 798 3368 ι
831 3315 942 3370 lloc
983 3316 1272 3383 respondet
1305 3315 1544 3370 secundo
1579 3313 1735 3370 Jesus
1767 3319 1830 3369 ad
1861 3319 1871 3368 ε

2167 3321 2354 3390 ήσεται
2388 3319 2537 3389 πηγὴ
2566 3321 2625 3370 ἐν
2653 3317 2800 3388 αὑτῷ
2842 3317 3030 3380 ὓδατος
3068 3318 3363 3388 ἁλλομένου
3398 3323 3478 3382 εἰς
3503 3320 3624 3390 ζωὴν

411 3410 748 3474 maritidem,
783 3407 1012 3475 primum
1044 3408 1258 3476 quidem
1289 3407 1475 3461 dicens
1507 3425 1521 3457 ε
1555 3425 1574 3458 ι
1604 3407 1658 3460 Si
1686 3407 1857 3462 scires

2162 3427 2304 3464 mov.
2347 3430 2364 3461 ι
2398 3410 2657 3480 Δεύτερον
2686 3409 2844 3463 τοῦτο
2873 3411 3223 3482 ἀποκρίνεται
3250 3412 3388 3482 πρὸς
3420 3413 3515 3482 τὴν
3539 3415 3624 3464 Σα-

411 3516 538 3555 nmn
571 3499 683 3564 Dei,
711 3508 767 3553 et
797 3499 921 3568 quis
951 3506 1030 3552 est
1087 3498 1176 3566 qui
1205 3497 1336 3552 dicit
1374 3497 1464 3551 tibi
1498 3516 1511 3551 :
1544 3497 1618 3551 Da
1667 3499 1794 3552 mihi
1827 3515 1873 3567 qi

2161 3505 2318 3571 ρεῖτιν
2342 3503 2369 3553 6
2412 3501 2638 3571 Ἰησοῦς,
2681 3503 2942 3572 πρότερον
2973 3503 3069 3571 μὲν
3101 3502 3271 3569 λέγων
3295 3521 3308 3532 ·
3342 3523 3363 3554 ι
3400 3505 3461 3557 Εἰ
3502 3505 3623 3572 ᾕδεις

411 3593 616 3656 bibam,
649 3601 703 3644 tu
739 3591 989 3644 fortassis
1020 3591 1090 3644 ab
1112 3605 1176 3644 eo
1212 3590 1486 3658 petiisses,
1515 3601 1568 3644 et
1598 3591 1834 3646 dedisset

2161 3612 2168 3642 ι
2201 3592 2406 3662 δωρεὰν
2439 3592 2530 3645 τοῦ
2564 3591 2719 3658 Θεοῦ,
2754 3594 2848 3644 καὶ
2877 3592 2959 3655 τίς
2983 3594 3129 3644 ἐστιν
3152 3595 3181 3645 ὁ
3211 3592 3386 3660 λέγων
3417 3613 3496 3647 σοι
3533 3596 3623 3656 Δίς

411 3697 604 3751 aquam
628 3681 802 3736 vivam
823 3679 866 3710 ³¹
890 3695 904 3744 ;
935 3697 952 3730 ι
984 3690 1040 3732 et
1063 3691 1205 3730 nunc
1227 3678 1438 3746 quando
1464 3678 1755 3732 admonens
1780 3678 1873 3746 ips:

2159 3701 2165 3734 ι
2191 3682 2375 3744 πιεῖν,
2417 3683 2483 3735 σὺ
2536 3681 2601 3735 ἂν
2634 3681 2840 3752 ᾔτησας
2865 3682 3024 3734 αὑτὸν
3045 3721 3059 3745 ,
3095 3682 3188 3735 καὶ
3233 3682 3434 3736 ἔδωκεν
3465 3685 3526 3737 ἄν
3557 3698 3621 3734 σοι

411 3773 570 3843 213
603 3780 662 3827 ιιι
688 3781 898 3841 peteret
925 3785 1118 3839 aquam
1146 3769 1344 3834 vivam,
1373 3769 1502 3823 dicit
1539 3783 1656 3836 quae
1700 3783 1873 3822 recens

2161 3790 2218 3843 up
2254 3771 2361 3836 ζῶν
2387 3789 2400 3801 ⁸
2443 3791 2462 3822 ι
2495 3773 2588 3824 καὶ
2629 3773 2743 3837 νῦν,
2774 3773 2850 3835 ὡς
2897 3773 3218 3843 προτρέπων
3254 3773 3425 3844 αὐτὴν
3464 3774 3551 3826 ὲπὶ
3576 3772 3623 3822 τὸ

411 3881 568 3931 mus;
600 3873 652 3920 et
677 3865 743 3919 ad
777 3865 1004 3932 primam
1031 3862 1253 3932 quidem
1275 3861 1686 3930 responsionem
1715 3860 1850 3914 nihil

2162 3863 2288 3934 ἧσαι
2322 3863 2382 3916 τὸ
2409 3861 2514 3926 ζῶν
2546 3863 2688 3934 ὕδωρ
2713 3902 2728 3927 ,
2769 3863 2918 3931 λέγει
2943 3863 3012 3916 τὰ
3051 3864 3346 3933 ἐκκείμενα
3371 3881 3386 3894 ·
3415 3865 3510 3916 καὶ
3549 3865 3624 3914 ἐπὶ

409 3959 597 4026 quitur
644 3955 946 4015 Samaritis,
997 3954 1092 4008 sed
1139 3954 1424 4008 addubitat
1457 3954 1522 4008 de
1563 3953 1864 4022 comparati

2164 3973 2171 4002 ι
2199 3955 2276 4026 τῷ
2301 3954 2550 4027 προτέρῳ
2581 3955 2680 4008 οὐκ
2709 3950 2862 4008 εἶπεν
2885 3955 3039 4008 οὐδὲν
3069 3955 3201 4025 (82),
3234 3955 3348 4008 ἀλλ’
3382 3956 3626 4024 ὲπαπορεῐ

411 4062 710 4115 aquarum;
761 4053 881 4111 post
910 4045 1202 4098 secundam
1241 4059 1374 4099 vero
1415 4045 1632 4099 Domini
1663 4059 1873 4114 rcspom

2163 4048 2198 4100 ἡ
2222 4046 2321 4116 τῆς
2349 4046 2684 4119 συγκρίσεως
2711 4046 2816 4099 τῶν
2843 4046 3048 4098 ὑδάτων
3076 4049 3109 4116 ἡ
3132 4047 3488 4118 Σαμαρεῖτις·
3511 4047 3625 4117 μετὰ

413 4155 537 4193 nem
577 4137 868 4191 admittens
913 4149 1036 4202 quae
1077 4134 1146 4188 ab
1197 4136 1318 4203 ipso
1365 4137 1510 4190 dicta
1562 4137 1809 4191 fuerant:
1840 4154 1859 4186 ι

2163 4139 2249 4212 τὴν
2280 4139 2534 4211 δευτέραν
2557 4139 2846 4209 ἀπόκρισιν
2867 4137 2961 4192 τοῦ
2991 4137 3193 4207 Κυρίου
3225 4139 3625 4209 παραδεξαμένη

413 4229 542 4284 mihi
590 4229 751 4292 hanc,
815 4225 1026 4294 inquit,
1088 4242 1281 4294 aquam
1307 4228 1375 4281 ³¹.
1411 4246 1428 4279 ι
1498 4227 1766 4282 Fortassis
1825 4244 1872 4280 et

2165 4232 2428 4304 εἰρημένα
2455 4231 2613 4300 φησί’
2650 4249 2668 4281 ι
2710 4230 2808 4292 Δός
2856 4247 2944 4300 μοι
2971 4228 3128 4282 τοῦτο
3153 4229 3212 4282 τὸ
3241 4228 3404 4301 ὕδωρ.
3445 4250 3464 4281 ι
3496 4230 3625 4298 Τάχα

413 4322 606 4389 dogma
629 4329 731 4382 est,
770 4318 1036 4373 neminem
1065 4320 1259 4373 donum
1291 4319 1530 4373 divinum
1550 4320 1800 4389 accipere
1828 4336 1875 4388 pl

2162 4342 2180 4376 ν
2204 4325 2377 4395 δόγμα
2401 4323 2454 4377 τί
2497 4325 2642 4386 ἐστι,
2684 4321 2884 4392 μηδένα
2930 4321 3223 4390 λαμῦάνειν
3256 4321 3406 4376 θείαν
3438 4322 3624 4391 δωρεὰν

415 4424 498 4465 ter
528 4419 799 4481 petentem
841 4409 991 4463 illud.
1016 4409 1372 4475 Quamobrem
1408 4407 1752 4463 Servatorem
1797 4410 1877 4477 ips

2161 4433 2179 4469 ν
2204 4417 2278 4488 μὴ
2303 4415 2594 4469 αἰτούντων
2620 4415 2806 4484 αὐτήν.
2835 4416 2944 4468 Καὶ
2965 4414 3123 4467 αὑτὸν
3146 4412 3277 4482 γοῦν
3299 4415 3391 4467 τὸν
3420 4415 3623 4484 Σωτῆρα

413 4503 576 4557 Pater
618 4504 732 4571 ipse
777 4513 962 4572 petere
1001 4501 1253 4556 admonet
1288 4515 1387 4570 per
1431 4500 1719 4570 psalmum,
1757 4501 1832 4552 uti
1870 4521 1875 4553 ε

2181 4507 2276 4561 τοῦ
2302 4507 2516 4578 ψαλμοῦ
2549 4507 2842 4578 προτρέπει
2871 4508 3040 4560 αίτεϊν
3067 4509 3094 4560 6
3125 4505 3346 4577 Πατὴρ,
3374 4507 3461 4560 ἵνα
3494 4504 3622 4574 αὐτῷ

414 4593 662 4656 doncmr,
704 4589 1152 4660 quemadmodum
1193 4591 1348 4644 docet
1390 4605 1490 4645 nos
1516 4591 1628 4658 ipse
1672 4591 1860 4653 Filius,

2159 4603 2380 4672 ρήσηται
2403 4618 2418 4631 ο
2443 4601 2518 4663 ὡς
2547 4600 2707 4662 αὐτὸς
2742 4600 2851 4671 (85)
2876 4601 3020 4671 ἡμᾶς
3063 4599 3302 4652 διδάσκει
3343 4603 3371 4653 6
3401 4600 3523 4662 Υἱὸς
3554 4599 3621 4649 λέ-

415 4699 544 4737 cens
567 4682 611 4713 ³³
642 4703 656 4738 :
688 4702 705 4734 ι
743 4685 1000 4737 Dominus
1049 4681 1186 4736 dixit
1235 4681 1300 4735 ad
1343 4696 1427 4734 me
1455 4699 1468 4732 :
1496 4680 1660 4734 Filius
1709 4697 1860 4735 meus

2158 4709 2184 4744 ν
2207 4709 2219 4721 ·
2255 4711 2273 4742 σ
2309 4694 2512 4762 Κύριος
2554 4688 2672 4745 εἷπε
2707 4694 2843 4764 πρὸς
2887 4693 2952 4763 μέ
2977 4710 2989 4722 ·
3020 4693 3146 4754 Υἱός
3177 4710 3277 4762 μου
3329 4688 3381 4744 εἷ
3412 4693 3474 4746 σύ
3497 4709 3510 4723 ⁸
3550 4691 3620 4744 αῖ-

416 4786 470 4828 tu
507 4793 519 4828 :
553 4775 757 4844 postula
783 4793 811 4828 a
843 4791 946 4836 me,
980 4783 1034 4828 et
1078 4774 1218 4828 dabo
1240 4771 1334 4826 tibi
1381 4781 1568 4840 gentes
1606 4773 1878 4824 ba‘redital

2157 4800 2237 4836 σαι
2267 4785 2395 4855 παρ’
2417 4783 2572 4854 ἐμοῦ,
2603 4785 2696 4836 καὶ
2718 4785 2871 4837 δώσω
2903 4801 2984 4837 σοι
3011 4783 3136 4854 ἔθνη
3163 4785 3260 4853 τὴν
3285 4781 3619 4856 κληρονομίαν

416 4875 584 4926 tuam,
615 4876 667 4919 et
699 4867 1089 4932 possessionem
1133 4873 1283 4918 tuam
1335 4865 1592 4918 terminos
1626 4874 1802 4916 terrm.
1837 4882 1854 4913 ι

2153 4893 2172 4927 δ
2194 4915 2208 4937 ,
2242 4877 2334 4928 καὶ
2369 4875 2465 4946 τὴν
2494 4875 2821 4945 κατάσχεσίν
2854 4891 2945 4927 σου
2978 4875 3047 4927 τὰ
3080 4875 3290 4944 πέρατα
3320 4876 3420 4945 τῆς
3463 4875 3569 4944 γῆς.
3602 4892 3615 4922 ι

414 4959 488 5012 cit
515 4957 674 5011 etiam
709 4958 962 5009 Servator
990 4971 1004 5008 :
1048 4974 1066 5005 ι
1097 4954 1290 5020 Petite,
1323 4966 1376 5010 et
1401 4955 1617 5010 dabitur
1641 4956 1794 5009 vobis
1823 4968 1876 5008 ε(

2153 4969 2189 5020 ιὶ
2213 4971 2240 5022 6
2266 4969 2454 5039 Σωτήρ
2484 4984 2645 5038 φησιν
2669 4984 2682 4997 ο
2723 4986 2740 5018 ι
2777 4969 3006 5029 Αἰτεῖτε,
3040 4968 3132 5019 καὶ
3160 4967 3448 5037 δοθήσεται
3480 4968 3615 5035 ὑμῖν·

414 5048 499 5102 nis
529 5046 670 5100 enim
699 5045 788 5113 qui
817 5047 968 5114 petit,
997 5045 1274 5114 accipit”.
1312 5063 1330 5096 ι
1364 5045 1523 5100 Paret
1543 5047 1754 5115 quidem
1787 5046 1876 5100 Sal

2153 5059 2194 5121 ίς
2221 5057 2329 5129 γὰρ
2368 5061 2395 5110 6
2439 5058 2602 5110 αἰτῶν
2650 5057 2931 5127 λαμϐάνει.
2973 5075 2990 5108 ι
3038 5057 3286 5110 Πείθεται
3321 5058 3556 5128 μέντοιγε
3590 5057 3615 5124 ἡ

415 5141 535 5196 ritis
569 5148 626 5192 ut
659 5147 805 5206 petat
852 5152 1047 5205 aquam
1083 5151 1113 5190 a
1157 5135 1308 5201 Jesu,
1341 5139 1520 5209 imago
1574 5139 1863 5199 exsistens.

2155 5149 2407 5216 ,μαρεῖτις
2442 5145 2660 5215 αἰτῆσαι
2700 5145 2789 5198 τὸν
2845 5144 3051 5216 Ἰησοῦν
3099 5145 3277 5216 ὕδωρ,
3323 5145 3515 5210 εἰκὼν,
3553 5145 3617 5206 ὡς

519 5276 744 5335 "Joan.
769 5275 954 5341 1v,12.
1039 5275 1085 5307 ‘°
1117 5277 1246 5332 ibid.
1292 5277 1380 5331 15.
1453 5276 1494 5307 ³⁸
1522 5276 1650 5331 ibid.
1680 5279 1766 5331 10.
1842 5276 1981 5330 ³³10.

2037 5297 2068 5336 ι.
2111 5295 2187 5344 ιν,
2234 5280 2318 5334 15.
2394 5280 2439 5312 ³³
2462 5279 2603 5334 Psal.
2634 5295 2696 5346 ιι,
2722 5279 2777 5344 7,
2803 5278 2856 5333 8.
2934 5278 2980 5310 “
3014 5277 3202 5332 Matth.
3233 5293 3334 5343 vu,
3359 5280 3415 5343 7,
3449 5280 3499 5335 8.

489 5399 603 5469 (79)
643 5400 742 5452 Ἂν
789 5395 1124 5469 ἔδοξέ-οῖσι.
1179 5397 1270 5450 Sic
1317 5409 1460 5452 recte
1509 5397 1708 5450 habent
1762 5397 1946 5469 codice

2156 5400 2269 5465 (8'2)
2306 5398 2513 5452 Οὐδέν.
2539 5397 2699 5453 Deest
2727 5398 2778 5451 in
2805 5397 2992 5452 codice
3012 5395 3198 5467 Regio,
3215 5396 3308 5451 sed
3339 5395 3617 5452 restituitur

417 5467 747 5522 Barberinus
773 5477 828 5538 et
863 5467 1207 5538 llodleianus,
1243 5483 1521 5538 perperam
1555 5477 1734 5520 autem
1781 5468 1976 5537 legitur
2084 5487 2113 5526 e
2147 5470 2458 5525 Bodleiano.

419 5539 472 5590 in
505 5538 687 5603 Regio,
717 5535 950 5607 ἀνέδειξέ
984 5553 1084 5588 σοι.
1196 5605 1204 5607 _
1342 5535 1353 5538 ’
1398 5606 1402 5607 γ
1527 5604 1536 5607 _
1837 5535 1854 5537 “

2155 5541 2266 5606 (85)
2317 5541 2414 5606 Ὡς
2457 5539 2657 5604 αὑτός.
2696 5535 2788 5593 Sic
2815 5535 2983 5594 codex
3033 5535 3390 5606 Bodleianus;
3424 5536 3614 5607 Regius,

491 5608 602 5674 (80)
642 5609 820 5661 Codex
852 5606 1075 5676 Regius,
1105 5605 1260 5669 male,
1293 5606 1418 5676 περὶ
1450 5604 1658 5676 τούτου.

901 5607 1075 5676 egius,
1105 5605 1260 5669 male,
1293 5606 1418 5676 περὶ
1450 5604 1658 5676 τούτου.
2085 5604 2362 5674 ὡσαύτως.

493 5675 602 5746 (Si)
641 5676 782 5730 Idem
811 5677 978 5731 codex
1012 5675 1229 5744 Regius,
1269 5675 1472 5748 Κυρίου
1501 5675 1675 5748 ἡμῶν.
