3702 6142
450 338 559 395 405

1897 342 2222 400 ORIGENIS

3562 352 3648 404 4'94

449 474 613 529 quam
646 472 676 512 a
703 458 972 530 principio
998 459 1282 535 habuerat,
1336 463 1642 531 restitutus,
1668 464 1988 533 quamobrer

2131 461 2244 519 οὖν·
2303 485 2319 516 ι
2350 465 2446 527 Ὃς
2494 463 2538 515 δ’
2578 464 2645 516 ἂν
2685 462 2781 535 πίῃ
2820 464 2885 516 ἐκ
2916 461 3011 515 τοῦ
3049 462 3235 524 ὓδατος
3271 453 3333 514 οὗ
3372 460 3475 529 ἐγὼ
3520 463 3648 516 δώσω

453 550 584 605 illud
614 550 777 605 etiam
818 551 1098 623 subjungit
1128 568 1140 603 :
1176 571 1196 604 ‹
1221 545 1323 619 Qui
1356 562 1535 608 autem
1571 554 1855 609 biberitex
1885 569 2023 623 aqua

446 656 609 710 quam
647 657 748 713 ego
775 642 856 697 illi
897 644 1060 708 dabo,
1103 646 1195 699 fiet
1242 646 1294 698 in
1343 659 1409 700 eo
1435 644 1556 700 fons
1600 662 1753 715 aqua:
1784 646 2026 702 salientis

450 735 516 788 ad
535 735 704 790 vitam
721 746 980 791 aeternam
1003 737 1158 804 ιε’-δίς
1191 756 1210 789 ι
1241 752 1402 807 quem
1431 737 1631 794 fontem
1661 739 1714 793 in
1740 740 1917 809 seipso
1932 740 2024 809 qui

451 827 645 895 habet,
671 831 946 896 quomodo
983 831 1136 885 sitire
1163 832 1407 901 poterit?
1433 830 1712 902 Praecipue
1744 841 1923 886 tamen
1959 846 2025 887 ac

452 920 827 987 principaliter
881 922 1077 977 horttm
1143 922 1433 977 verborum
1485 923 1845 994 intelligentia
1900 924 2025 980 talis

449 1011 556 1067 erit
582 1033 594 1067 :
620 1012 720 1079 Qui
748 1015 1060 1084 participat,
1090 1015 1287 1084 inquit,
1318 1015 1748 1085 profunditatem
1772 1017 2025 1071 humanae

448 1103 755 1172 sapientiae,
786 1106 1189 1174 prudentesque
1216 1104 1478 1169 rationes,
1515 1106 1777 1175 receptis;
1820 1107 2025 1162 intelli-

450 1196 757 1264 gentiisque
808 1195 1232 1265 profundissime
1285 1195 1493 1250 haustis
1519 1236 1535 1261 ,
1577 1206 1634 1250 et
1672 1194 1878 1266 judicio
1926 1213 2024 1253 suo

450 1286 722 1348 inventis,
769 1296 948 1339 tamen
1009 1301 1224 1340 rursum
1274 1288 1515 1342 secundo
1563 1290 1805 1358 cogitans
1844 1288 2024 1343 denuo

450 1378 719 1435 dubitabit
753 1380 819 1434 de
848 1379 932 1434 his
962 1379 1013 1433 in
1050 1378 1250 1447 quibus
1273 1379 1640 1448 requieverat,
1671 1392 1832 1450 atque
1861 1381 2023 1436 etiam

451 1486 659 1535 rerum,
696 1483 817 1537 quae
865 1478 1202 1538 quazruntur,
1232 1469 1713 1537 apprehensionem
1759 1471 2024 1537 formans,

448 1573 761 1634 perceptam
811 1578 839 1615 a
881 1576 940 1616 se
979 1561 1408 1631 profunditatem
1450 1563 1628 1633 eloqui
1658 1579 1763 1618 non
1803 1564 2023 1634 poterit.

350 1666 356 1669 '
449 1658 632 1723 Quare
678 1655 892 1710 etiamsi
941 1664 1224 1723 correptus
1300 1655 1501 1725 aliquis
1555 1656 2025 1713 verisimilitudine

448 1763 637 1802 eorum
655 1762 775 1816 qua:
798 1747 1082 1813 dicuntur,
1095 1746 1818 1812 condescenderit,eamdem
1845 1760 2022 1805 tamen

449 1838 841 1893 dubitationem
881 1836 939 1890 in
993 1851 1053 1891 se
1095 1836 1450 1891 exsistentem
1514 1847 1706 1907 postea
1756 1839 2019 1906 inveniet,
2055 1816 2098 1871 Β

449 1948 610 2001 quam
635 1932 799 1987 etiam
827 1929 1058 1985 habebat
1080 1938 1374 1997 antequam
1402 1930 1494 1985 illa
1516 1931 1772 1990 disceret.
1800 1934 1872 1986 At
1896 1948 2023 1988 vero

449 2039 592 2089 mea,
628 2024 801 2094 inquit
837 2022 1109 2087 Christus,
1158 2022 1301 2077 ratio
1337 2029 1423 2079 est
1460 2034 1520 2078 ut
1561 2023 1685 2079 fons
1724 2025 1904 2080 vitalis
1932 2040 2025 2095 po-

447 2116 621 2172 tionis
650 2115 745 2169 liat
771 2115 825 2169 in
855 2129 919 2169 eo
948 2114 1039 2184 qui
1079 2115 1354 2184 receperit
1378 2131 1499 2186 quae
1528 2131 1558 2170 a
1587 2132 1675 2173 me
1700 2119 2027 2186 promittun-

446 2219 574 2276 tur;
605 2217 866 2278 tantaque
911 2205 1177 2264 beneﬁcia
1220 2207 1276 2260 in
1327 2221 1392 2265 eo
1427 2209 1726 2265 collaturus
1766 2227 1906 2276 sum,
1931 2213 2021 2281 qui

448 2303 746 2373 sumpserit
775 2318 970 2373 aquam
1012 2320 1209 2369 meam,
1241 2313 1298 2357 ut
1335 2302 1456 2358 fons
1508 2303 1817 2359 salientium
1857 2320 2026 2375 aqua-

448 2408 596 2459 rum,
624 2393 875 2450 inventor
922 2398 1193 2461 omnium,
1222 2411 1344 2465 quae
1381 2405 1726 2466 queruntur,
1756 2396 2027 2451 scaturiat

445 2486 503 2540 in
553 2487 691 2557 ipso,
736 2488 1095 2559 intelligentia
1141 2489 1401 2556 saliente,
1447 2498 1504 2545 et
1538 2488 1792 2544 fortassis
1838 2499 2026 2545 trans-

445 2578 667 2635 volante
723 2591 1120 2650 consequenter
1160 2581 1287 2636 huic
1342 2596 1530 2651 aqua,
1583 2580 1741 2636 facile
1790 2583 2023 2637 mobili:

449 2673 569 2742 ipso
611 2680 734 2727 actu
788 2672 1012 2729 saliendi
1057 2684 1112 2730 et
1159 2673 1539 2738 transiliendi,
1600 2671 1810 2729 ferente
1847 2674 2025 2744 ipsum

448 2766 502 2817 in
555 2763 821 2831 sublime,
878 2766 1134 2821 nimirum
1166 2768 1233 2823 ad
1266 2767 1431 2821 vitam
1490 2775 1776 2820 atternam.
1828 2765 1896 2821 Ut
1931 2782 2029 2821 au-

447 2868 554 2910 tem
607 2854 661 2908 in
696 2853 924 2910 Cantico
977 2855 1311 2911 canticorum
1356 2855 1425 2909 de
1483 2851 1692 2924 Sponso
1730 2852 1892 2923 215
1920 2854 2031 2909 dis-

445 2960 636 3002 serens
691 2944 947 3000 Salomon
986 2963 1000 2999 :
1038 2946 1265 3015 r_Ecce,
1320 2945 1514 3016 inquit,
1580 2945 1678 3000 iste
1737 2947 1885 2999 venit
1937 2962 2027 3000 sa-

447 3040 582 3095 liens
609 3052 773 3109 super
815 3031 1047 3106 montes,
1084 3037 1387 3094 transiliens
1438 3037 1604 3093 colles
1626 3039 1720 3103 ι’,ι
1764 3052 1884 3092 nam
1926 3039 2029 3095 hoc

2125 557 2304 628 αὐτῷ,
2354 558 2641 626 γενήσεται
2693 554 2843 626 πηγὴ
2894 556 2951 608 ἐν
2998 552 3147 624 αὐτῷ
3179 553 3368 616 ὓδατος
3399 554 3649 624 ἁλλομένου

2124 651 2204 711 εἰς
2237 647 2382 718 ζωὴν
2419 645 2636 700 αἰώνιον
2662 663 2674 675 ·
2721 666 2739 697 ι
2779 646 2864 708 τίς
2895 644 2980 706 δὲ,
3016 646 3074 698 ὲν
3108 644 3280 715 ἑαυτῷ
3315 643 3447 713 ἔχων
3482 646 3648 716 πηγὴν,

2123 742 2344 812 διψῆσαι
2377 735 2489 802 οἷός
2526 756 2584 792 τε
2624 738 2772 791 ἔσται
2811 755 2825 803 ;
2859 738 2919 791 τὸ
2969 738 3216 808 μέντοιγε
3268 738 3651 809 προηγουμένως

2122 832 2448 902 δηλούμενον
2498 830 2738 884 τοιοῦτον
2807 829 2872 883 ἂν
2925 830 3009 900 εἴη
3034 846 3048 859 ·
3112 830 3171 883 '0
3227 828 3649 898 μεταλαμϐάνων,

2125 926 2277 996 φησὶ,
2316 923 2509 995 βάθους
2538 921 2648 995 (9|)
2684 922 2888 990 λόγων,
2927 921 3028 976 κᾶν
3066 919 3200 993 πρὸς
3231 921 3409 989 ὀλίγον
3443 922 3649 976 ἀναπαύ-

2127 1032 2322 1085 σηται,
2357 1014 2801 1087 παραδεξάμενος
2839 1014 2914 1078 ὡς
2961 1012 3234 1084 βαθύτατα
3273 1013 3344 1065 τὰ
3379 1012 3650 1085 ἀνιμώμενα

2122 1109 2220 1162 καὶ
2242 1108 2590 1180 εὑρίσκεσθαι
2615 1107 2876 1161 δοκοῦντα
2900 1106 2968 1161 τὰ
2991 1108 3254 1178 νοήματα,
3281 1105 3417 1160 ἀλλά
3441 1122 3501 1175 γε
3525 1107 3651 1162 πάλιν

2124 1200 2371 1274 δεύτερον
2416 1202 2712 1272 ἐπιστήσας
2758 1201 3092 1271 ὲπαπορήσει
3133 1198 3261 1270 περὶ
3304 1198 3499 1252 τούτοιν
3538 1200 3652 1261 ὅσοις

2126 1293 2542 1348 ἑπανεπαύσατο
2570 1293 2680 1366 (92)
2712 1333 2726 1348 .
2757 1333 2772 1348 .
2799 1333 2816 1348 .
2843 1332 2859 1347 .
2894 1291 3130 1365 ταρανὴν
3153 1293 3247 1345 καὶ
3292 1291 3531 1345 ἐκτυπῶν
3552 1295 3651 1364 περὶ

2124 1388 2232 1442 τῶν
2259 1388 2602 1459 ζητουμένων
2627 1385 2950 1457 κατάληψιν,
2984 1386 3045 1438 οὐ
3077 1384 3300 1438 δύναται
3325 1382 3387 1437 τὸ
3409 1383 3651 1454 νομιζόμε-

2125 1499 2213 1537 νον
2238 1482 2327 1535 ὑπ’
2356 1479 2521 1535 αὑτοῦ
2549 1474 2711 1550 βάθος
2746 1479 3066 1550 παρασχεῖν.
3096 1477 3312 1546 Διόπερ,
3353 1474 3452 1528 κᾶν
3494 1493 3650 1547 συναρ-

2126 1573 2355 1637 πασθεὶς
2406 1572 2738 1642 συγκάθηται
2764 1588 2850 1634 τις
2885 1572 2951 1642 τῇ
2983 1569 3296 1638 πιθανότητι
3339 1566 3445 1622 τῶν
3465 1567 3649 1637 λεγομέ-

2126 1685 2252 1733 νων,
2278 1665 2417 1720 ἀλλά
2435 1684 2499 1736 γε
2520 1666 2743 1737 ὕστερον
2765 1662 2985 1736 εὑρήσει
3010 1662 3107 1732 τὴν
3130 1661 3296 1731 αὐτὴν
3320 1661 3538 1733 ἀπορίαν
3553 1677 3650 1728 τυγ-

2129 1760 2394 1831 χάνουσαν
2429 1762 2486 1812 ὲν
2514 1757 2691 1828 αὐτῷ,
2718 1757 2785 1826 ἢν
2815 1758 3092 1827 περιεῖχεν
3134 1755 3264 1826 πρὶν
3296 1754 3419 1807 τάδε
3441 1754 3550 1806 τινὰ
3574 1771 3651 1822 μα-

2125 1854 2256 1907 θεῖν.
2297 1852 2436 1923 Ἐγὼ
2466 1852 2524 1906 δὲ
2554 1850 2792 1905 τοιοῦτον
2838 1849 2946 1921 ἔχω
2988 1849 3176 1917 λόγον,
3213 1847 3356 1900 ὥστε
3392 1847 3483 1919 τὴν
3509 1846 3647 1918 πηγὴν

2123 1946 2373 2017 γενέσθαι
2404 1946 2498 1999 τοῦ
2540 1942 2769 2011 ζωτικοῦ
2801 1943 3042 2014 πόματος
3075 1943 3133 1995 ὲν
3165 1942 3243 2013 τῷ
3276 1938 3647 2012 παραδεξαμένῳ

2123 2038 2192 2092 τὰ
2229 2039 2318 2091 ὑπ’
2352 2035 2486 2107 ἐμοῦ
2518 2034 2965 2104 ἀπαγγελλόμενα
2985 2050 3000 2063 ·
3032 2034 3126 2086 καὶ
3163 2034 3256 2086 ἐπὶ
3285 2031 3520 2086 τοσοῦτόν
3543 2047 3594 2098 γε
3626 2030 3648 2082 ό

2124 2122 2302 2177 λαϐὼν
2325 2123 2417 2177 τοῦ
2436 2122 2571 2194 ἐμοῦ
2601 2122 2789 2184 ὕδατος
2818 2121 3328 2192 εὐεργετηθήσεται,
3355 2120 3487 2174 ὥστε
3506 2119 3647 2188 πηγὴν

2125 2216 2407 2285 εὑρετικὴν
2467 2214 2682 2268 πάντων
2744 2213 2851 2266 τῶν
2928 2210 3275 2282 ζητουμένων
3343 2208 3645 2264 ἀναϐλυσθαξο

2125 2325 2236 2360 νειν
2270 2307 2417 2379 (95)
2468 2309 2525 2360 ὲν
2585 2306 2732 2377 αὐτῷ
2796 2306 2907 2359 ἀνω
2962 2304 3255 2375 πηδώντων
3297 2303 3523 2365 ὑδάτων,
3572 2301 3644 2370 τῆς

2125 2402 2360 2465 διανοίας
2439 2400 2738 2471 ἁλλομένης
2764 2440 2779 2463 ,
2840 2398 2933 2452 καὶ
3007 2397 3237 2467 τάχιστα
3307 2394 3641 2465 διιπταμένης,

2122 2492 2431 2556 ἀκολούθως
2457 2491 2535 2563 τῷ
2550 2492 2816 2561 εὐκινήτῳ
2843 2532 2856 2546 .
2886 2528 2901 2543 .
2937 2530 2950 2542 .
2987 2528 3002 2543 .
3033 2488 3208 2558 τούτῳ
3248 2486 3359 2559 (94)
3393 2486 3544 2547 ὕδατι,

2129 2604 2311 2659 ροντος
2352 2584 2513 2639 αὑτοῦ
2542 2584 2635 2637 τοῦ
2680 2581 2934 2637 ἅλλεσθαι
2971 2581 3063 2637 καὶ
3115 2580 3292 2651 πηδᾷν
3332 2580 3421 2635 ἐπὶ
3461 2578 3515 2631 τὺ
3538 2575 3642 2631 ἀνώ-

2126 2695 2302 2750 τερον,
2333 2676 2426 2729 ὲπὶ
2445 2675 2543 2747 τὴν
2587 2674 2800 2728 αἰώνιον
2829 2673 2990 2744 ζωήν.
3020 2666 3142 2726 Οἷον
3166 2670 3282 2743 (95)
3309 2712 3323 2723 .
3345 2709 3360 2722 .
3388 2709 3405 2722 .
3430 2709 3443 2723 .
3469 2667 3555 2737 τὴν
3575 2662 3642 2718 τοῦ

2126 2770 2441 2841 ἁλλομένου,
2466 2769 2539 2831 ὥς
2569 2784 2752 2839 φησιν,
2775 2762 2909 2820 εἶναι
2938 2764 3037 2836 τὴν
3059 2762 3276 2817 αἰώνιον
3301 2762 3455 2833 ζωήν.
3486 2760 3643 2828 Ὠσπερ

2126 2864 2183 2918 δὲ
2214 2865 2340 2935 περὶ
2388 2861 2482 2915 τοῦ
2518 2860 2769 2932 Νυμφξου
2812 2860 2868 2912 ὲν
2909 2857 2987 2929 τῷ
3016 2860 3255 2930 ᾊσματι
3292 2855 3399 2909 τῶν
3434 2851 3639 2925 ᾀσμάτων

2126 2954 2499 3024 διαλεγόμενος
2538 2954 2566 3005 ό
2611 2949 2857 3021 Σολομὼν
2893 2966 3084 3020 φησιν·
3140 2969 3158 3000 ι
3186 2947 3322 3001 Ἰδοὺ
3371 2942 3512 3009 οὗτος
3550 2945 3639 3013 ἣκει

2129 3046 2315 3117 πηδῶν
2343 3046 2435 3098 ἐπὶ
2459 3044 2529 3098 τὰ
2550 3043 2672 3115 ὅρη,
2714 3040 3060 3112 διαλλόμενος
3095 3041 3187 3093 ἐπὶ
3224 3039 3355 3103 τοὺς
3384 3034 3598 3109 βουνούς·
3622 3052 3635 3083 ι

445 3138 602 3198 pacto
663 3143 827 3198 super
880 3130 1259 3199 generosiores
1312 3129 1715 3198 divinioresque
1787 3130 1988 3185 animat

2131 3140 2203 3204 ὡς
2226 3138 2334 3210 γὰρ
2368 3139 2481 3191 ἐκεῖ
2499 3139 2526 3191 ὁ
2546 3135 2794 3207 Νυμφίος
2821 3136 2911 3188 ἐπὶ
2934 3133 3033 3197 τὰς
3065 3129 3554 3204 μεγαλοφυεστέρας
3574 3125 3639 3177 καὶ

448 3228 659 3276 montes
684 3222 879 3286 dictas,
907 3222 1033 3276 salit
1060 3220 1326 3290 Sponsus,
1363 3220 1598 3275 transilit
1630 3235 1762 3275 vero
1790 3222 2027 3276 deterio-

447 3328 539 3368 res
572 3313 748 3369 dictas
785 3313 987 3380 colles;
1018 3314 1103 3369 sic
1132 3313 1235 3369 hoe
1275 3312 1329 3366 in
1375 3311 1494 3366 loco
1526 3310 1649 3367 fons
1680 3312 1855 3367 factus
1879 3312 1932 3367 in
1962 3328 2027 3368 eo

455 3405 549 3474 qui
583 3404 783 3460 biberit
811 3420 880 3460 ex
908 3420 1069 3475 aqua,
1095 3419 1254 3474 quam
1281 3404 1370 3459 dat
1391 3403 1571 3468 .Iesus,
1596 3403 1724 3459 salit
1753 3405 1820 3459 ad
1856 3406 2025 3459 vitam

450 3505 745 3563 aeternam,
810 3495 1060 3553 fortassis
1106 3497 1270 3550 etiam
1331 3494 1593 3550 saliturus
1651 3495 1791 3550 ultra
1859 3496 2024 3550 vitam

451 3598 739 3655 aeternam,
779 3603 971 3660 nempe
1009 3589 1076 3643 ad
1106 3588 1323 3644 Patrem
1366 3587 1715 3643 exsistentem
1753 3603 1913 3656 supra
1947 3588 2029 3641 vi-

455 3692 565 3735 tam
595 3690 876 3736 aeternam.
928 3680 1023 3735 Est
1051 3680 1196 3734 enim
1227 3678 1474 3734 Christus
1502 3679 1609 3733 vita
1638 3697 1651 3733 :
1677 3679 1906 3748 proinde
1934 3682 2024 3750 qui

455 3772 629 3841 major
649 3781 732 3826 est
764 3770 1009 3834 Clu-isto,
1040 3771 1147 3825 vita
1180 3770 1346 3825 etiam
1375 3778 1458 3824 est
1485 3768 1656 3838 major
1675 3768 1747 3824 “.

525 3956 583 4012 «Ι.
622 3956 888 4011 Caeterum
932 3965 1060 4009 tunc
1106 3954 1309 4010 fontem
1349 3953 1405 4008 in
1454 3952 1632 4023 seipso
1673 3953 2025 4010 exsistentem

457 4062 615 4122 aqua!
639 4048 885 4103 salientis
914 4047 985 4101 ad
1011 4047 1172 4101 vitam
1195 4056 1450 4102 aeternam
1482 4047 1728 4115 habebit,
1755 4047 1846 4114 qui
1872 4046 2023 4102 bibe-

461 4142 536 4193 rit
557 4155 623 4194 ex
645 4154 782 4209 aqua
802 4153 963 4209 quam
990 4139 1080 4193 dat
1102 4137 1296 4206 Jestts;
1321 4140 1536 4208 quando
1559 4141 1847 4210 promissio
1874 4156 2027 4194 coin-

470 4234 649 4304 pietur
686 4231 944 4295 hominis,
974 4232 1058 4286 cui
1100 4232 1439 4299 promittitur
1479 4231 1757 4288 beatitudo
1786 4248 1851 4288 eo
1883 4232 2025 4302 quod

463 4327 722 4384 esurierit
762 4336 819 4381 et
861 4324 1058 4380 sitierit
1096 4325 1402 4395 justitiam;
1451 4324 1627 4393 inquit
1670 4326 1816 4380 enim
1859 4325 2029 4379 Filius

460 4419 878 4477 Dei“:tBeati
932 4418 1022 4489 qui
1093 4419 1340 4473 esuriunt
1392 4427 1450 4474 et
1499 4418 1690 4472 sitiunt
1736 4416 2025 4486 justitiam,

2128 3231 2401 3300 θειοτέρας
2439 3229 2584 3301 πηδᾷ
2615 3227 2823 3299 ψυχὰς,
2879 3228 2974 3299 ὅρη
3019 3225 3343 3295 λεγομένας,
3375 3223 3461 3275 ἐπὶ
3491 3220 3542 3273 δὲ
3572 3218 3638 3279 τὰς

2126 3321 2520 3393 ὑποδεεστέρας
2556 3320 2847 3383 διάλλεται,
2890 3317 3106 3388 βουνοὺς
3132 3314 3552 3387 ὀνομαζομένας·
3578 3309 3639 3360 οὖ-

2126 3436 2231 3481 τως
2259 3415 2489 3471 ἐνταῦθα
2514 3416 2548 3486 ἡ
2572 3414 2835 3485 γενομένη
2864 3415 2922 3467 ὲν
2951 3413 3028 3483 τῷ
3056 3412 3228 3466 πιόντι
3265 3412 3334 3463 ὲκ
3360 3407 3446 3461 τοῦ
3476 3405 3636 3462 ὓδατος.

2127 3503 2186 3561 οὗ
2215 3507 2426 3560 δίδωσιν
2458 3506 2486 3557 ὁ
2529 3503 2754 3574 Ἰησοῦς,
2780 3502 2929 3574 πηγὴ
2965 3501 3180 3555 ἅλλεται
3218 3501 3303 3563 εἰς
3336 3497 3429 3569 τὴν
3470 3492 3637 3547 αἰώνιον

2128 3598 2291 3671 ζωὴν,
2324 3599 2461 3667 τάχα
2480 3597 2535 3649 δὲ
2568 3596 2662 3649 καὶ
2691 3594 2920 3664 πηδήσει
2956 3593 3093 3663 μετὰ
3129 3592 3223 3663 τὴν
3260 3590 3471 3644 αἰώνιον
3513 3584 3633 3651 ζωὴν,

2127 3694 2205 3755 εἰς
2245 3691 2332 3743 τὸν
2377 3690 2515 3760 ὑπὲρ
2560 3688 2658 3759 τὴν
2699 3686 2915 3740 αἰώνιον
2960 3685 3101 3756 ζωὴν
3150 3684 3401 3754 Πατέρα·
3458 3675 3635 3749 Χριστζ

2126 3783 2235 3854 γὰρ
2268 3785 2300 3854 ἡ
2334 3782 2474 3852 ζωή·
2511 3779 2540 3832 ὁ
2582 3779 2639 3833 δὲ
2682 3778 2879 3849 μείζων
2926 3777 3018 3830 τοῦ
3064 3775 3305 3847 Χριστοῦ
3351 3771 3528 3845 μείζων
3570 3765 3636 3833 τῆς

2128 3874 2296 3945 ζωῆς.

2197 3964 2250 4017 4.
2283 3963 2417 4015 Τότε
2445 3961 2502 4015 δὲ
2523 3962 2552 4014 ὁ
2580 3961 2717 4015 πιὼν
2745 3965 2808 4015 ὲκ
2838 3959 2932 4014 τοῦ
2961 3957 3168 4020 ὓδατος,
3215 3949 3281 4010 οῦ
3326 3953 3477 4009 δώσει
3508 3952 3532 4003 ὁ
3565 3949 3635 4015 Ἰη-

2129 4052 2275 4117 σοῦς,
2311 4052 2420 4117 ἕξει
2451 4051 2547 4122 τὴν
2577 4051 2872 4122 γενομένην
2910 4050 2966 4103 ὲν
2991 4046 3139 4117 αὑτῴ
3172 4046 3358 4117 πηγὴν
3386 4043 3552 4102 ὓδατος
3574 4037 3636 4088 ἀλα

2127 4142 2352 4213 λομένου
2382 4145 2460 4205 εἰς
2493 4142 2636 4213 ζωὴν
2665 4139 2904 4193 αἰώνιον·
2947 4139 3033 4191 ὅτε
3064 4138 3365 4208 πληροῦται
3392 4132 3475 4186 τοῦ
3505 4145 3635 4201 μακα-

2130 4235 2410 4305 ριζομένου
2434 4234 2526 4287 ἐπὶ
2558 4232 2648 4286 τοῦ
2687 4235 2875 4303 πεινῇν
2927 4230 3019 4283 καὶ
3049 4228 3204 4299 διψῇν
3229 4229 3330 4299 τὴν
3357 4220 3635 4286 δικαιοσύνην

2129 4328 2161 4397 ἡ
2192 4325 2520 4395 ἐπαγγελία·
2553 4324 2687 4394 φησὶ
2711 4323 2817 4395 γὰρ
2845 4326 2872 4376 ὀ
2903 4322 3104 4390 Λόγος·
3145 4340 3164 4372 ‹
3203 4317 3533 4390 Μακάριοιοὶ
3557 4327 3636 4361 τει-

2128 4417 2324 4481 νῶντες
2379 4418 2470 4469 καὶ
2517 4415 2774 4486 διψῶντες
2820 4415 2917 4485 τὴν
2974 4413 3350 4484 δικαιοσύνην,
3399 4411 3474 4462 ὅτι
3523 4397 3635 4459 αὐτοὶ

457 4516 711 4584 quoniam
745 4515 845 4585 ipsi
882 4512 1292 4567 saturabuntur.
1322 4529 1341 4563 ι
1377 4513 1444 4566 Ει
1491 4511 1741 4567 fortassis
1770 4513 1988 4580 quoniat

2132 4509 2610 4582 χορτασθήσονται.
2652 4528 2669 4559 ι
2709 4510 2816 4561 Καὶ
2843 4509 2983 4579 τάχα
3014 4508 3136 4561 ἐπεὶ
3162 4507 3411 4575 πεινῆσαι
3437 4499 3531 4571 (96)
3572 4490 3635 4546 καὶ

455 4606 666 4660 esurire
690 4617 745 4661 et
776 4606 934 4662 sitire
955 4607 1246 4676 justitiam,
1281 4606 1469 4666 satiari
1501 4614 1603 4670 est,
1632 4604 1676 4658 si
1712 4605 1833 4673 quis
1864 4602 2025 4670 justi-

458 4698 588 4753 tiam
621 4706 914 4769 antequam
944 4699 1171 4754 satietur
1200 4699 1409 4761 fecerit,
1458 4698 1504 4751 is
1549 4697 1745 4753 famem
1783 4705 1837 4751 et
1880 4694 2024 4750 sitim

2130 4602 2350 4673 5t'a'ﬁt6a:
2369 4601 2468 4673 τὴν
2499 4600 2840 4671 δικαιοσύνην
2868 4598 3229 4672 χορτασθῆναι
3272 4599 3404 4660 ἐστι,
3435 4595 3546 4651 εἴτις
3567 4586 3634 4653 τὴν

2133 4693 2474 4765 δικαιοσύνην
2511 4693 2613 4766 πρὸ
2660 4692 2753 4746 τοῦ
2802 4693 3160 4763 χορτασθῆναι
3208 4691 3491 4762 ποιήσειεν,
3535 4679 3632 4747 ὑπὲρ

525 4836 650 4870 ⁸⁰·“
683 4837 930 4904 loan.tv,
964 4838 1048 4892 M.
1128 4837 1173 4869 “
1205 4838 1419 4897 Cantic,
1452 4852 1512 4903 ιι,
1542 4836 1596 4894 8.
1673 4835 1719 4866 ⁸³
1747 4834 1907 4891 Joan.
1949 4850 1981 4888 ι

2148 4853 2161 4901 ;
2195 4851 2303 4898 xw,
2331 4834 2384 4887 6.
2459 4834 2504 4864 ⁸³⁵
2535 4834 2725 4886 Matth.
2753 4848 2805 4897 ν,
2832 4831 2884 4885 6.

531 4952 642 5076 (91)
680 4955 861 5009 Codex
912 4956 1134 5037 Regius,
1173 4956 1231 5009 ’0
1283 4953 1712 5036 μεταλαμϐάνων
1757 4952 1839 5017 οὒ,
1876 4952 2028 5022 φησὶ,

564 5041 643 5076 ος.
670 5025 761 5076 sed
795 5024 1112 5076 Bodletattus
1143 5025 1304 5076 habet
1333 5037 1391 5076 ut
1422 5043 1472 5076 tu
1507 5038 1691 5076 nostro
1719 5035 1889 5076 textu.

459 5022 643 5096 βάθος,
670 5025 761 5096 sed
795 5022 1112 5079 Bodleianus
1143 5022 1304 5080 habet
1333 5037 1391 5079 ιιι
1422 5026 1472 5079 iu
1497 5022 1695 5096 nostro
1719 5035 1889 5078 textu.

531 5094 643 5160 (9'2)
682 5094 740 5147 ln
780 5096 1031 5148 omnibus
1077 5111 1206 5149 mss.
1254 5105 1378 5164 post
1422 5093 1840 5148 ὲπανεπαύσατο
1865 5092 2032 5164 relin-

459 5166 646 5234 quitur
677 5165 911 5234 spatium
947 5180 1197 5227 vacuutn,
1228 5163 1282 5217 et
1311 5177 1501 5234 postea
1541 5166 1738 5232 legitur
1768 5166 1819 5217 in
1864 5163 2032 5231 Regio

457 5233 700 5308 ταρανὴν
736 5235 830 5308 καὶ
864 5233 1115 5308 ἔκτυπον,
1153 5236 1205 5287 in
1240 5233 1529 5308 Bodleiano
1573 5245 1765 5308 autem
1798 5234 1962 5308 τέραν
2000 5234 2034 5303 ἢ

460 5303 557 5363 καὶ
604 5303 878 5359 ἐκτυπῶν.
938 5303 1046 5357 Nos
1098 5305 1240 5359 lutnc
1288 5307 1466 5358 locum
1519 5307 1594 5357 ita
1640 5303 2034 5359 restituendum

460 5390 790 5456 pensemus:
827 5375 956 5456 περὶ
1006 5374 1211 5456 τούτων
1249 5377 1426 5456 ῥσοις..
1460 5372 2037 5456 ὲπανεπαύσατοηκαὶ

461 5447 655 5510 ἑτέραν
716 5444 964 5499 ἐκτυπῶν
1022 5444 1149 5515 περὶ
1209 5447 1315 5500 τῶν
1395 5445 1738 5517 ζητουμένων
1796 5444 2035 5513 κατάλη-

459 5517 576 5585 ψιν,
605 5528 710 5571 etc.

536 5586 1202 5658 (95)’Ara6.1v(70at'afs_tr.
1220 5588 1397 5641 Codex
1426 5585 1772 5658 Bodleianus,
1799 5583 2030 5637 ἀναϐλύ-

466 5653 845 5727 (emnctum):
884 5655 1279 5727 ἀναπηδώντων
1310 5672 1405 5723 pro
1431 5655 1542 5716 ἅνω
1570 5654 1883 5724 πηδώντων.

537 5724 647 5797 (ιιι)
689 5726 826 5797 Ante
858 5726 1033 5797 τούτῳ
1056 5724 1388 5795 relinquitur
1420 5728 1469 5778 in
1521 5728 1902 5793 mauuscriptis
1938 5742 2030 5779 co-

470 5792 679 5851 dicibus
732 5792 1018 5853 Bodleiano
1055 5809 1109 5855 et
1165 5792 1462 5857 Barbcriuo
1505 5797 1734 5867 spatium
1794 5812 2023 5853 vacuum

2138 4952 2298 5005 unius
2329 4952 2443 5006 fere
2482 4950 2657 5004 linere.
2693 4949 2893 5002 Ibidem
2926 4957 3042 5018 post
3079 4945 3252 5017 τούτῳ
3283 4943 3448 5007 ὕδατι,
3490 4938 3629 5018 legiqu

2140 4999 2208 5075 iii"
2219 4999 2442 5076 Eduiéé'
2455 4999 2636 5091 [ἱέέῖλῖ
2647 4999 2909 5091 ’φ“έρδνέέῖ,
2927 4999 3016 5072 rin—
3030 4999 3329 5072 Bodleiano
3368 4999 3550 5067 au'tetu'
3564 4999 3628 5071 φέ-

2204 5109 2343 5154 ντος.

2204 5111 2293 5145 ντο
2330 5131 2343 5144 .
3438 5134 3441 5135 ν

2142 5110 2325 5235 P0695;)
2365 5157 2630 5235 Postoiov
2666 5162 2857 5235 lacuna
2890 5171 2972 5213 est
3003 5159 3063 5235 i_n_
3093 5171 3224 5235 mss.
3292 5226 3307 5235 .
3347 5233 3353 5235 Δ
3414 5221 3429 5235 ⁹

2215 5221 2326 5305 (96)
2363 5234 2418 5285 Ἐ
2423 5233 2519 5305 {si
2544 5230 2843 5298 πεινῆσαι.
2861 5238 2987 5305 ἕως.
3006 5229 3100 5305 sic
3122 5228 3269 5281 locus
3292 5226 3402 5305 iw}.
3414 5221 3624 5305 EE

2144 5288 2424 5359 codicibus
2457 5288 2750 5357 Barberino
2781 5288 2841 5354 et
2860 5299 3170 5359 Bodleiano,
3203 5312 3303 5352 nec
3336 5288 3635 5369 aliterleclllf‘

2144 5358 2229 5429 est
2270 5358 2298 5427 a
2331 5373 2606 5426 Ferrario.
2657 5374 2739 5426 An
2769 5386 2898 5423 vero
2934 5370 3110 5437 inepta
3137 5358 3208 5421 Sit
3240 5369 3350 5421 lucc
3383 5358 3623 5437 le_cti0.

2145 5424 2365 5513 coniicit
2384 5424 2982 5513 vHuetiu‘s.vdocliorunl
2992 5424 3108 5491 esto
3127 5439 3400 5513 judicium.
3426 5432 3471 5484 III
3492 5424 3622 5513 ngif‘f

2145 5494 2318 5585 Regio
2634 5494 2788 5572 Ἒπεὶ
2833 5509 3105 5578 πεινῆσαι,
3125 5494 3241 5585 ista).
3270 5504 3472 5585 διψῆσαι
3496 5494 3623 5585 'aéﬁ

2139 5567 2343 5657 ἐιξῗεῆν
2373 5567 2737 5657 δι’ἷιαιοοῖὺνην,
2764 5591 2904 5657 etc.1
2928 5567 3022 5647 pro
3050 5567 3629 5657 quibusfluctips’ltﬂ‘:

2140 5644 2265 5710 dum
2293 5644 2569 5714 censebat,
2601 5644 2731 5705 ἐπὲῖ
2754 5644 3006 5723 πεινῆσαι
3049 5644 3142 5703 καὶ
3184 5648 3393 5718 διψῆσαι
3418 5644 3486 5694 δεῖ
3519 5644 3629 5703 ημαελ

2139 5729 2232 5782 καὶ
2255 5728 2351 5783 sitv
2382 5724 2746 5797 δικαιοσύνην,
2778 5733 2882 5778 etc.
