3702 6142
140 195 241 255 ωε

1199 183 1554 241 COMMENT.
1597 179 1662 235 IN
1693 177 1882 235 JOAN.
1921 174 2163 232 TOMUS
2200 173 2338 230 XIII.

3278 156 3380 221 tot!

139 317 228 374 τοῦ
258 314 594 388 κορεσθῆναι
633 309 959 383 ἐμποιητέον
984 309 1046 362 τὸ
1074 312 1265 381 πεινῇν
1296 309 1390 362 καὶ
1417 305 1596 376 διψῇν,
1632 305 1720 356 ἵνα

1915 308 2100 354 eneret
2137 298 2187 352 in
2240 312 2300 352 se
2334 300 2567 365 oportet,
2601 296 2660 343 ιιι
2706 295 3002 350 saturetur,
3044 284 3169 338 illud
3214 284 3383 339 dictu-

144 410 404 478 εἴπωμεν·
450 425 471 456 ι
524 406 621 458 Ὃν
666 403 867 475 τρόπον
906 400 1155 454 ἐπιποθεῖ
1193 403 1226 470 ἡ
1260 400 1455 468 ἔλαφος
1485 396 1575 449 ἐπὶ
1616 396 1716 458 τὰς

145 497 322 567 πηγὰς
348 494 462 548 τῶν
495 493 729 556 ὑδάτων,
755 491 928 554 οὕτως
959 489 1257 559 ἐπιποθεῖὴ
1280 487 1424 558 ψυχή
1452 502 1553 557 μου
1582 484 1717 554 πρὸς

145 590 225 651 σὲ,
258 590 287 642 ὁ
311 585 468 648 Θεός.
518 583 802 654 Ἐδίψησεν
828 583 861 652 ἡ
891 581 1035 652 ψυχή
1063 597 1163 651 μου
1188 578 1325 650 πρὸς
1352 577 1442 630 τὸν
1470 576 1600 629 Θεὸν
1629 575 1719 628 τὸν

147 678 386 751 ἰσχυρὸν,
419 677 515 731 τὸν
559 676 764 741 ζῶντα·
817 674 946 728 πότε
995 672 1140 743 ἥξω,
1181 670 1274 724 καὶ
1312 668 1618 738 ὀφθήσομαι
1662 665 1721 719 τὸ

145 772 439 843 πρόσωπον
479 768 573 822 τοῦ
616 767 786 833 Θεοῦ;
826 787 845 818 ι
888 766 982 819 ”1ν’
1028 759 1121 817 οὖν
1172 762 1515 843 διψήσωμεν,
1560 757 1721 811 καλόν

144 836 259 917 ἐστι
291 863 440 915 πιεῖν
469 860 684 931 πρῶτον
708 862 773 912 ἐκ
798 859 897 929 τῆς
935 855 1120 927 πηγῆς
1152 854 1246 908 τοῦ
1300 836 1513 918 Ἰακὼϐ,
1546 851 1607 904 οὐ
1640 850 1725 903 λέ-

143 972 310 1022 γοντα
354 953 525 1024 αὐτὴν
558 951 756 1023 ὁμοίως
795 951 862 1019 τῇ
906 946 1252 1018 Σαμαρείτιδι
1280 947 1488 1018 φρέαρ’
1523 945 1552 996 ό
1593 942 1724 1012 γοῦν

142 1042 340 1113 Σωτὴρ
368 1039 490 1094 οὐδὲ
516 1039 630 1104 νῦν,
654 1036 789 1109 πρὸς
814 1035 903 1089 τὸν
935 1034 1153 1105 ἐκείνης
1185 1031 1436 1087 ἀπαντῶν
1462 1030 1635 1098 λόγον,
1660 1030 1725 1080 ἐκ

144 1131 388 1203 φρικὸς
424 1147 589 1200 φησιν
637 1125 778 1183 εἶναι
816 1127 876 1179 τὸ
922 1125 1096 1196 ὕδωρ,
1139 1121 1271 1176 ἀλλὰ
1317 1120 1502 1184 ἁπλῶς
1555 1135 1721 1190 φησιυ

150 1243 171 1276 ι
208 1225 330 1287 Πᾶς
354 1224 385 1276 ὁ
415 1222 586 1275 πίνων
609 1221 675 1274 ἐκ
698 1216 791 1273 τοῦ
814 1217 1001 1280 ὓδατος
1027 1215 1216 1269 τούτου
1248 1213 1459 1284 διψήσει
1484 1212 1666 1266 πάλιν.
1702 1230 1720 1262 ι

147 1317 326 1387 Εἴπερ
366 1315 423 1368 δὲ
457 1313 533 1385 μὴ
565 1309 776 1381 ἐγίνετό
807 1327 859 1363 τι
898 1309 1166 1380 χρήσιμον
1199 1308 1261 1360 ἐκ
1298 1307 1390 1359 τοῦ
1430 1308 1572 1357 πιεῖν
1619 1302 1729 1356 ἀπὸ

145 1408 252 1478 τῆς
284 1406 489 1476 πηγῆς,
532 1403 644 1457 οὔτ’
690 1402 756 1456 ἂν
802 1400 1091 1465 ἐκαθέζετο
1139 1400 1232 1452 ἐπὶ
1270 1401 1337 1469 τῇ
1385 1400 1531 1469 πηγῇ
1562 1399 1590 1451 ό
1627 1397 1729 1464 Ἰη-

147 1498 301 1561 σοῦς,
342 1494 454 1549 οὔτ’
486 1495 550 1549 ἂν
583 1494 735 1563 ἔλεγε
772 1493 883 1565 (97)
918 1494 983 1563 τῇ
1020 1489 1394 1562 Σαμαρείτιδι·
1437 1508 1455 1540 ι
1499 1489 1598 1552 Δός
1638 1505 1727 1559 μοι

1822 407 1913 446 rus
1929 390 1973 422 ⁸⁸
2004 405 2015 438 :
2046 407 2072 451 ,ι
2102 385 2563 454 Quemadmodum
2611 380 2885 436 desiderat
2922 389 3121 432 cervus
3150 375 3217 428 ad
3258 374 3381 428 fon-

1822 495 1901 538 tes
1926 495 2213 551 aquarum,
2249 480 2319 532 ita
2352 474 2630 531 desiderat
2654 471 2832 525 anima
2867 483 2983 523 mea
3008 467 3078 522 ad
3120 477 3193 530 te,
3222 465 3381 521 Deus.

1821 577 2002 631 Sitivit
2039 573 2216 627 anima
2241 585 2357 625 mea
2386 569 2450 622 ad
2476 566 2648 621 Deum
2679 564 2893 628 fortem,
2924 563 3103 615 vivum
3132 576 3146 612 :
3171 558 3386 628 quando

1822 654 2147 730 veniam,et
2176 663 2402 715 videbor
2431 673 2614 713 coram
2662 655 2797 710 l'acie
2831 653 2965 709 Dei?
2994 672 3014 706 ι
3048 651 3118 708 Ut
3146 666 3275 721 ergo
3311 650 3387 705 si-

1825 762 2040 822 tiamus,
2068 759 2265 812 bonum
2300 764 2383 810 est
2410 768 2439 807 e
2462 751 2611 806 fonte
2636 749 2805 805 Jacob
2839 756 2899 801 ut
2931 748 2981 802 in
3014 746 3202 816 primis
3227 743 3384 799 biba—

1825 868 1976 913 mus,
2002 851 2172 916 illum,
2202 863 2309 903 non
2338 845 2560 913 perinde
2591 852 2753 912 atque
2804 840 3113 903 Samaritis,
3143 839 3386 893 dicentes

1824 952 2065 1015 puteum.
2110 940 2244 996 Nam
2298 938 2554 995 Servator
2595 937 2659 989 ad
2704 935 2846 989 illius
2896 933 3232 1002 respondens
3275 945 3391 983 ser-

1833 1050 2070 1100 monem,
2123 1049 2192 1088 ne
2243 1046 2388 1086 nunc
2436 1029 2652 1100 quidem
2689 1045 2754 1085 ex
2792 1034 2952 1097 puteo
2994 1026 3165 1094 inquit
3191 1038 3388 1093 aquam

1826 1143 1970 1193 esse,
2016 1128 2109 1183 sed
2164 1123 2489 1194 simpliciter
2527 1121 2748 1191 inquit:
2791 1138 2809 1172 ι
2837 1118 3026 1176 Omnis
3064 1116 3153 1183 qui
3194 1114 3394 1169 biberit

1826 1235 1892 1275 ex
1927 1235 2063 1289 aqua
2092 1218 2214 1283 hac,
2246 1217 2395 1270 sitiet
2423 1215 2621 1270 iterum
2638 1213 2707 1271 “‘.
2742 1232 2761 1265 ι
2795 1209 2948 1278 Quod
2994 1210 3039 1265 si
3078 1206 3283 1263 bibenti
3323 1219 3393 1258 ex

1827 1313 1917 1367 illo
1946 1311 2093 1366 fonte
2143 1309 2290 1364 nulla
2330 1307 2672 1378 provenisset
2719 1304 2945 1370 utilitas,
2971 1302 3390 1368 haudquaquam

1828 1417 2077 1460 sessurus
2102 1401 2282 1456 fuerat
2312 1401 2450 1471 apud
2482 1399 2687 1454 fontem
2723 1396 2899 1463 Jesus,
2930 1407 3107 1463 neque
3151 1391 3395 1446 dicturus

1836 1494 2149 1552 Samaritidi
2195 1510 2263 1550 ιι
2296 1494 2370 1548 Da
2424 1491 2554 1548 mihi
2594 1490 2734 1561 quod
2796 1487 3057 1544 bibam".
3086 1504 3105 1537 ι
3160 1481 3394 1539 Proinde
3504 1488 3507 1495 ‘

144 1592 323 1643 πιεῖν.
365 1606 384 1639 ι
415 1585 836 1658 Παρατηρητέον
870 1580 982 1647 οὖν,
1009 1584 1088 1637 ὅτι
1118 1582 1212 1635 καὶ
1249 1581 1474 1654 αἰτούσῃ
1500 1580 1560 1633 τὸ
1586 1579 1724 1650 ὕδωρ

1915 1585 2223 1642 servandum
2282 1593 2405 1648 est,
2471 1584 2924 1653 quemadmodum
2972 1578 3175 1650 petenti
3241 1591 3269 1630 a
3336 1589 3397 1631 se

146 1685 221 1753 τῇ
269 1655 660 1751 Σαμαρείτιδι*
684 1655 803 1731 τὸν·
849 1674 1056 1747 Ἰησοῦν
1080 1713 1096 1738 ,
1150 1674 1312 1728 οἱονεὶ
1366 1670 1724 1743 ἐπηγγέλλετο

1915 1696 2026 1735 iam
2057 1677 2371 1733 Samaritidi
2420 1691 2526 1731 non
2563 1674 2689 1729 alibi
2724 1672 3034 1744 promiserit
3062 1669 3219 1726 Jesus
3248 1669 3392 1724 illam

148 1771 413 1844 παρέξειν
446 1772 576 1825 αὐτὸ
601 1771 702 1824 οὐκ
730 1772 787 1824 ἐν
817 1767 960 1838 ἄλλῳ
993 1764 1103 1838 (98)
1131 1765 1298 1835 τόπῳ,
1350 1763 1462 1816 ἀλλ’
1507 1762 1541 1834 ἢ
1580 1763 1729 1835 παρὰ

146 1867 219 1935 τῇ
256 1866 433 1935 πηγῇ,
457 1863 630 1931 λέγων
659 1861 823 1931 αὐτῇ*
855 1880 874 1911 ι
909 1859 1147 1927 Ὕπαγε,
1177 1855 1422 1927 φώνησόν
1443 1856 1532 1909 τὸν
1564 1854 1734 1927 ἄνδρα

150 1974 277 2021 σου,
315 1957 412 2010 καὶ
450 1955 570 2008 ἐλθὲ
598 1952 805 2008 ἐνθάδε.
851 1970 869 2003 ι

229 2049 284 2103 5.
325 2047 527 2101 Ἐτιδὲ
566 2047 947 2116 ἐπιστήσωμεν
998 2041 1045 2094 εἰ
1096 2039 1316 2094 δύναται
1352 2028 1642 2110 δηλοῦσθαι
1675 2037 1733 2090 τὸ

147 2138 474 2210 ἑτεφγενές
511 2138 611 2209 τῆς
649 2136 759 2190 τῶν
785 2116 933 2205 ἀὐτῇ
968 2136 1033 2204 τῇ
1066 2131 1292 2203 ἀληθείᾳ
1334 2130 1732 2201 ὁμιλησάντων,

149 2230 256 2284 καὶ
300 2227 675 2299 συνεσομένων
720 2224 1005 2295 ὡφελείας,
1049 2221 1199 2299 παρὰ
1235 2220 1332 2293 τὴν
1376 2220 1733 2291 νομιζομένην

146 2320 429 2390 ὠφέλειαν
458 2298 702 2388 γίνεσθαι
735 2318 865 2388 ἡμῖν
897 2315 1004 2369 ἀπὸ
1045 2298 1151 2367 τῶν
1194 2311 1447 2383 Γραφῶν,
1486 2312 1587 2365 κᾶν
1615 2329 1736 2382 νοη-

151 2411 330 2465 θῶσιν
350 2409 595 2479 ἀκριϐῶς
615 2410 680 2464 ἐκ
704 2405 799 2460 τοῦ
834 2406 923 2458 τὸν
951 2404 1048 2475 μὲν
1078 2402 1268 2456 πιόντα
1290 2401 1397 2454 ἀπὸ
1426 2402 1526 2471 τῆς
1553 2402 1736 2472 πηγῆς

152 2505 257 2559 τοῦ
291 2501 489 2557 Ἰακὼϐ
512 2502 671 2573 διψῇν
707 2500 887 2565 πάλιν,
915 2499 1005 2553 τὸν
1032 2498 1090 2551 δὲ
1115 2498 1305 2551 πιόντα
1335 2498 1398 2549 ἐκ
1427 2494 1518 2548 τοῦ
1548 2494 1737 2557 ὓδατος

152 2591 223 2651 οὗ
254 2596 472 2651 δίδωσιν
500 2597 530 2649 ὁ
571 2591 798 2664 Ἰησοῦς,
830 2591 1011 2663 πηγὴν
1039 2589 1226 2652 ὓδατος
1264 2590 1322 2640 ἐν
1355 2584 1532 2656 ἑαυτῷ
1568 2585 1737 2656 ἴσχειν

156 2689 460 2761 ἁλλομένου
492 2689 571 2750 είς
605 2685 749 2756 ζωὴν
776 2683 992 2737 αἰώνιον
1017 2698 1035 2713 ο
1066 2683 1160 2734 καὶ
1193 2680 1303 2751 γὰρ
1332 2678 1402 2732 τὰ
1432 2677 1739 2750 κυριώτερα

159 2780 263 2833 καὶ
285 2779 534 2850 θειότερα
562 2776 669 2830 τῶν
705 2773 1015 2847 μυστηρίων
1049 2772 1140 2826 τοῦ
1182 2770 1338 2836 Θεοῦ,
1372 2769 1490 2824 ἔνια
1530 2770 1627 2840 μὲν
1676 2768 1736 2821 οὐ

158 2870 453 2942 κεχώρηκε
477 2867 685 2940 Γραφὴ,
718 2866 833 2920 ἔνια
858 2866 914 2919 δὲ
945 2863 1065 2917 οὐδὲ
1098 2861 1410 2934 ἀνθρωπίνη
1440 2862 1618 2932 φωνή·
1647 2860 1739 2912 καὶ

156 2964 232 3018 τὰ
263 2960 360 3018 οὖν
388 2963 491 3034 ἤθη
528 2962 638 3033 (99)
683 2960 790 3014 τῶν
841 2956 1273 3030 σημαινομένων,
1311 2957 1344 3025 ἡ
1385 2953 1606 3024 γλῶσσα
1647 2955 1741 3006 ἀνι

161 3055 454 3125 θρωπική·
507 3072 526 3106 ι
577 3054 731 3106 Ἔστι
779 3051 888 3121 γὰρ
933 3050 1065 3105 ἄλλα
1111 3048 1301 3112 πολλὰ,
1352 3047 1387 3102 ἃ
1421 3045 1673 3116 ἐποίησεν
1713 3046 1741 3097 ό

176 3144 409 3216 Ἰησοῦς,
457 3144 614 3199 ἅτινα
691 3142 787 3196 ἐὰν
840 3142 1119 3213 γράφηται
1175 3139 1358 3203 καθὲν,
1414 3137 1534 3190 οὐδὲ
1580 3135 1740 3188 αὑτὸν

158 3231 321 3306 οἶμαι
368 3235 460 3288 τὸν
497 3236 700 3305 κόσμον
742 3233 819 3304 (I)
864 3233 1132 3304 χωρήσειν
1179 3231 1249 3286 τὰ
1293 3229 1612 3301 γραφόμενα
1661 3226 1742 3297 βι-

166 3326 315 3380 ϐλία.
355 3346 373 3378 ι
418 3326 529 3380 Καὶ
552 3327 654 3379 ὅσα
684 3325 740 3378 δὲ
759 3324 1022 3394 ἐλάλησαν
1042 3325 1098 3376 αί
1123 3321 1262 3376 ἑπτὰ
1287 3320 1500 3392 βρονταὶ
1536 3318 1744 3390 μέλλων

165 3419 406 3490 γράφειν
450 3417 722 3488 Ἰωάννης,
770 3414 1064 3468 κωλύεται·
1096 3416 1124 3467 ό
1155 3414 1212 3466 δὲ
1263 3411 1472 3475 Παῦλος
1513 3409 1743 3479 ἀκηκοέ-

172 3527 260 3563 ναι
294 3507 458 3578 φησὶν
508 3507 721 3579 ἄρρητα
754 3506 992 3576 ῥήματα,
1026 3503 1146 3573 οὐχ).
1171 3502 1205 3555 ἃ
1234 3501 1333 3554 οὐκ
1366 3500 1485 3564 ἐξόν
1515 3516 1622 3552 τινι
1650 3498 1744 3551 λα-

169 3601 336 3670 λῆσαι
372 3593 466 3669 ἦν·
502 3596 622 3663 ἐξὸν
640 3596 749 3667 γὰρ
784 3589 851 3665 ἦν
891 3593 1030 3647 αὐτὰ
1066 3592 1297 3662 λαλῆσαι
1336 3590 1606 3659 ἀγγέλοις,
1652 3589 1745 3642 άν-

170 3691 418 3764 θρὼποις
478 3688 535 3742 δὲ
573 3689 674 3742 οὐκ
735 3687 903 3757 ἐξῆνο
946 3705 966 3737 ι
1005 3685 1183 3739 πάντα
1226 3684 1322 3754 μὲν
1354 3682 1462 3754 γὰρ
1514 3681 1741 3748 ἔξεστιν,

168 3766 290 3838 ἀλλ’
319 3783 380 3836 οὐ
414 3780 593 3835 πάντα
636 3779 932 3850 συμφέρει·
967 3795 986 3828 ι
1022 3776 1058 3828 ἆ
1082 3774 1140 3828 δὲ
1173 3774 1402 3845 Ιἡκουσεν
1432 3772 1507 3843 (2)
1532 3772 1745 3843 ἇρῤητα

174 3879 418 3949 ῥήματα,
452 3874 490 3928 δ
521 3873 623 3926 οὐκ
653 3871 792 3937 tibi.
841 3869 1004 3941 φησὶν
1032 3868 1131 3933 (5),
1166 3865 1438 3937 ἀνθρώπῳ
1487 3863 1742 3933 λαλῆσαι,

169 3966 328 4041 οἶμαι
342 3968 399 4021 δὲ
413 3968 513 4038 τῆς
526 3965 654 4036 ὅλης
668 3963 920 4033 γνώσεως
935 3958 1173 4030 στοιχεῖά
1189 3976 1307 4012 τινα
1328 3957 1633 4028 ἐλαχίστας,
1651 3956 1745 4010 καὶ

173 4059 523 4133 βραχυτάτας
557 4052 695 4110 εῖναι
727 4050 1033 4123 εἰσαγωγὰς
1051 4051 1178 4115 ὅλας
1213 4049 1455 4121 Γραφὰς,
1475 4048 1577 4102 κᾶν
1602 4047 1743 4101 πάνυ

84 4208 93 4212 θ
174 4150 449 4223 νοηθῶσιν
491 4145 733 4220 ἀκριϐῶς
754 4186 765 4197 .
808 4145 949 4215 Ὅρα
968 4139 1256 4212 τοιγαροῦν
1272 4141 1318 4192 εξ
1336 4138 1558 4217 δύναται
1584 4140 1617 4209 ἡ
1647 4138 1745 4207 μὲν

385 4240 484 4294 τοῦ
528 4210 742 4301 Ἰακὼϐ,
771 4210 964 4308 ἀφ”ἦς
993 4210 1277 4288 ἔπιέ-ποτε
1305 4233 1333 4284 ὁ
1372 4210 1584 4293 Ἰακὼϐ,
1631 4228 1744 4283 ἀλλ’

1833 1788 1893 1829 se
1921 1773 2167 1826 daturum
2198 1782 2358 1837 quam
2388 1766 2527 1836 apud
2557 1762 2784 1828 fontem,
2808 1763 2992 1818 dicens
3023 1760 3096 1814 illi
3126 1774 3143 1815 :
3180 1777 3199 1811 ι
3225 1759 3395 1827 Vade,

1832 1879 1964 1922 voca
1996 1862 2168 1917 virum
2198 1871 2368 1926 tuum,
2393 1869 2449 1914 et
2480 1858 2601 1912 veni
2631 1856 2818 1912 huc“.
2847 1875 2864 1907 ι

1904 2051 1958 2105 5.
1999 2048 2190 2104 Adhuc
2220 2053 2399 2100 autem
2437 2042 2790 2112 inspiciamus
2817 2055 2943 2092 num
2967 2039 3090 2106 quia
3116 2038 3204 2106 qui
3237 2037 3394 2091 bibe—

1835 2141 1907 2196 rit
1928 2156 1995 2196 ex
2022 2139 2173 2193 fonte
2209 2134 2397 2201 Jacob,
2430 2134 2580 2189 sitiat
2624 2132 2852 2196 iterum;
2905 2128 2995 2198 qui
3032 2143 3162 2182 vero
3202 2126 3401 2180 biberit

1835 2248 1901 2289 ex
1948 2247 2083 2301 aqua
2128 2245 2290 2301 quam
2329 2225 2615 2289 datJesus,
2651 2223 2853 2278 fontem
2892 2222 2944 2275 in
2993 2221 3169 2289 seipso
3204 2217 3403 2273 habeat

1837 2338 1990 2394 aqua:
2016 2320 2258 2377 salientis
2292 2318 2359 2373 ad
2400 2318 2564 2371 vitam
2607 2325 2889 2377 aeternam,
2921 2313 3069 2366 innui
3114 2310 3283 2380 possit
3325 2310 3404 2363 di-

1840 2427 2046 2468 versam
2068 2424 2190 2466 esse
2216 2408 2505 2463 utilitatem
2535 2419 2723 2459 eorum
2752 2402 2844 2473 qui
2878 2416 2999 2455 eum
3032 2400 3146 2468 ipsa
3169 2399 3403 2453 veritate

1837 2502 2279 2560 consuetudinem
2339 2497 2579 2552 habuere
2628 2493 2977 2562 habiturique
3021 2499 3179 2554 sunt,
3226 2490 3294 2544 ab
3329 2504 3395 2546 ea

1839 2594 2068 2648 utilitate
2112 2604 2276 2661 quam
2311 2586 2467 2643 nobis
2523 2583 2654 2639 oriri
2706 2581 3078 2638 existimamus
3122 2594 3188 2632 ex
3250 2576 3344 2631 Scr
3373 2603 3402 2617 -

1837 2683 2038 2755 pturis,
2072 2679 2286 2736 etiamsi
2325 2685 2578 2731 accurate
2630 2672 2917 2727 intellectae
2962 2668 3202 2733 fuerint;
3240 2666 3405 2737 213

1839 2772 2146 2845 przesertim
2178 2786 2301 2826 cum
2339 2767 2583 2840 quaedam
2638 2780 2706 2819 ex
2752 2760 3224 2834 principalioribus
3263 2760 3403 2812 divi-

1840 2866 2191 2933 nioribusque
2209 2862 2304 2917 Dei
2328 2856 2601 2929 mysteriis
2625 2870 2724 2911 nec
2750 2866 2946 2922 capere
2986 2850 3224 2922 potuerit
3249 2847 3403 2902 Scri-

1841 2971 2020 3031 ptura,
2044 2958 2288 3027 quaedam
2321 2955 2487 3009 etiam
2516 2939 2632 3007 inec
2661 2965 2758 3002 vox
2795 2948 3030 3001 humana
3058 2963 3070 2996 :
3105 2958 3228 2997 nam
3257 2956 3407 3011 qum-

1843 3053 1966 3106 dam
1997 3047 2422 3120 significationes
2454 3044 2650 3098 divina:
2677 3056 2798 3095 cum
2835 3040 2964 3102 sint,
2988 3038 3165 3105 lingua
3192 3042 3275 3087 est
3303 3034 3406 3086 hu-

1844 3157 2040 3199 mana:
2073 3159 2091 3195 ι
2139 3140 2279 3194 Sunt
2319 3149 2554 3205 namque
2604 3142 2660 3189 et
2708 3131 2814 3184 alia
2890 3128 3054 3183 multa
3105 3141 3226 3195 qua:
3275 3122 3408 3178 fecit

1842 3235 2024 3300 Jesus,
2056 3248 2176 3304 quae
2202 3229 2512 3301 singulatim
2536 3227 2582 3282 si
2614 3226 2943 3289 scribantur,
2972 3235 3071 3275 nec
3102 3220 3278 3288 ipsum
3315 3232 3406 3270 ar—

1845 3328 2018 3383 bitror
2064 3325 2324 3379 mundum
2378 3329 2701 3391 capturum,
2752 3316 2845 3386 qui
2897 3314 3288 3373 scriberentur,
3340 3307 3408 3360 li-

1844 3422 1972 3475 bros
1994 3417 2061 3471 ‘9.
2094 3435 2112 3469 ι
2155 3416 2294 3483 Quin
2336 3422 2391 3469 et
2434 3428 2553 3482 quae
2599 3411 2777 3466 locuta
2812 3416 2938 3462 sunt
2966 3414 3168 3474 septem
3208 3401 3295 3456 illa
3337 3410 3415 3454 to-

1842 3512 2020 3567 nitrua
2068 3510 2370 3576 scripturus
2398 3505 2637 3560 Joannes
2664 3497 3077 3570 prohibetur”;
3113 3506 3168 3550 et
3202 3492 3408 3548 Paulus

1845 3618 1903 3658 se
1955 3600 2172 3654 audisse
2224 3597 2399 3666 inquit
2446 3595 2739 3650 indicibilia
2770 3592 2930 3647 verba
2970 3603 3090 3660 quae
3142 3601 3248 3641 non
3281 3587 3409 3640 lice-

1846 3702 1929 3748 ret
1952 3691 2108 3747 alicui
2134 3690 2275 3761 loqui
2310 3690 2352 3721 ⁸¹
2383 3703 2398 3743 :
2425 3687 2620 3743 licebat
2647 3687 2790 3740 enim
2812 3683 2876 3738 ad
2907 3683 3125 3753 angelos
3150 3693 3211 3732 ea
3237 3678 3405 3746 loqui,

1847 3784 1913 3838 ad
1943 3781 2193 3837 homines
2231 3789 2409 3834 autem
2456 3794 2561 3831 non
2592 3776 2830 3831 licebat:
2857 3788 2979 3827 nam
3009 3790 3027 3822 ι
3073 3770 3254 3824 omnia
3290 3767 3414 3836 qui-

1847 3875 1965 3929 dem
2008 3872 2188 3936 Iieent,
2219 3880 2276 3926 at
2329 3885 2435 3926 non
2474 3868 2652 3923 omnia
2695 3864 3072 3936 expediunt“.
3100 3879 3118 3912 ι
3149 3858 3242 3914 Sin
3285 3873 3419 3911 vero

1847 3965 2050 4018 audivit
2090 3962 2381 4019 ineﬂabilia
2434 3964 2597 4016 verba
2657 3974 2777 4029 quae
2835 3959 2916 4011 fas
2955 3971 3060 4009 non
3102 3962 3267 4017 esset,
3322 3950 3412 4003 in-

1847 4056 1987 4125 quit,
2037 4056 2104 4110 ad
2155 4055 2429 4110 hominem
2473 4052 2644 4122 loqui,
2704 4048 2943 4104 arbitror
2992 4059 3093 4115 ego
3144 4042 3410 4097 universa:

1847 4145 2172 4216 cognitionis
2203 4144 2468 4198 elementa
2514 4140 2760 4210 quaedam
2787 4138 3010 4192 minima
3037 4131 3418 4189 brevissimae-

1849 4252 1954 4305 que
2036 4234 2466 4291 introductiones
2525 4247 2645 4287 esse
2701 4230 2986 4286 universas
3074 4225 3409 4294 Scripturas,

170 4334 359 4388 οὐκέτι
375 4333 518 4386 πίνει
546 4328 663 4395 νῦν,
698 4329 847 4382 ἔπιον
879 4327 935 4380 δὲ
957 4326 1051 4380 καὶ
1079 4327 1127 4379 οἱ
1148 4324 1251 4378 υἱοὶ
1278 4321 1462 4386 αὐτοῦ,
1485 4321 1621 4376 ἀλλὰ
1646 4320 1724 4374 νῦε

1915 4325 2065 4380 iamsi
2114 4334 2369 4379 accurate
2424 4321 2719 4377 intellecta:
2769 4319 2991 4375 fuerint.
3045 4313 3411 4382 Quamobrem

169 4424 361 4494 ἔχουσι
396 4421 458 4476 τὸ
503 4423 746 4494 κρεῖττον
803 4418 1009 4472 ἐκείνου
1034 4416 1215 4482 ποτὸν,
1244 4413 1533 4468 πεπώκασι
1560 4412 1619 4464 δέ
1651 4411 1746 4465 καὶ

169 4515 247 4570 τὰ
279 4512 571 4585 θρέμματα
611 4509 873 4581 αὐτῶν,ή
901 4511 1051 4564 πᾶσα
1082 4506 1217 4562 εἶναι
1239 4507 1456 4579 Γραφή·
1480 4504 1540 4556 τὸ
1564 4503 1622 4555 δὲ
1651 4501 1742 4556 τοῦ

185 4602 363 4672 Ἰησοῦ
384 4602 528 4675 ὕδωρ
554 4601 615 4655 τὸ
638 4601 779 4671 ὑπὲρ
800 4600 836 4654 ἃ
855 4599 1193 4671 γέγραπται·
1217 4598 1278 4650 οὺ
1301 4598 1433 4649 πᾶσι
1457 4594 1513 4647 δὲ
1539 4591 1746 4658 ἔξεστιν

169 4696 404 4768 ἐρευνᾷν
434 4694 502 4747 τὰ
546 4692 684 4764 ὑπὲρ
726 4693 762 4747 ἃ
798 4693 1106 4762 γέγραπται
1130 4707 1149 4720 ι
1191 4688 1285 4741 ἐὰν
1327 4688 1401 4759 μή
1450 4703 1535 4749 τις
1564 4687 1747 4748 αὐτοῖς

170 4785 503 4858 ἐξομοιωθῇ,
536 4785 624 4838 ἵνα
668 4783 740 4854 μὴ
772 4784 1170 4855 ἐπιπλήσσηται
1201 4780 1413 4835 ἀκούων
1445 4779 1504 4832 τό
1523 4796 1536 4809 ·
1575 4798 1593 4828 ι
1629 4780 1742 4831 Χα-

168 4879 465 4954 λεπώτερά
507 4877 604 4931 «au
654 4877 728 4948 μὴ
778 4877 958 4948 ζήτειο
1013 4876 1108 4929 κα)⁵
1160 4872 1482 4944 ἰσχυρότερά
1530 4888 1622 4925 σοι)
1671 4870 1745 4944 μὴ

167 4972 390 5045 ἐρεύνα.
432 4989 454 5022 ι

228 5141 276 5172 ⁵⁵
302 5136 449 5193 Psal.
483 5149 594 5195 xu,
624 5134 682 5191 2.
756 5133 803 5165 ⁴⁶
828 5131 985 5186 .I'oan.
1024 5148 1097 5197 ιν,
1143 5132 1230 5186 I5.
1308 5130 1352 5161 ⁸⁷
1383 5128 1512 5185 ibid.
1542 5131 1594 5183 7.

169 5226 276 5276 ιιι,
298 5211 353 5262 4.
433 5208 478 5238 ⁸¹
504 5206 525 5260 ι
556 5204 681 5259 Cor.
707 5219 784 5266 v1,
817 5203 901 5257 I2.

245 5351 359 5423 (97)
401 5350 542 5423 οὔτέ
571 5348 861 5423 ἃηέλεπξ.
886 5345 977 5400 Sic
995 5347 1162 5400 codex
1187 5346 1531 5411 Bodleianus,
1562 5357 1741 5412 recte;

172 5417 402 5488 Regius,
440 5421 600 5483 male,
632 5420 763 5473 ὅταν
802 5417 975 5484 ἔλεγε.

243 5490 357 5564 (98)
385 5491 569 5564 Codex
596 5491 818 5564 Regius,
848 5500 1151 5564 perperam,
1173 5487 1253 5564 oft
1280 5487 1386 5564 γάρ
1406 5487 1569 5564 ἄλλωἸ

383 5562 465 5615 Ad
502 5555 1042 5631 margiitenrcodicis
1078 5555 1492 5631 Bmlleianlﬂpru
1520 5556 1625 5631 ἢθη
1674 5555 1748 5609 lc-

169 5627 318 5708 gitur
341 5627 484 5700 θεῖα,
513 5627 676 5703 quam
704 5630 988 5684 ιουιῑοιιοιιι
1021 5637 1237 5681 secutus
1265 5637 1344 5683 est
1373 5627 1675 5684 Ferrarius.

1854 4418 1976 4472 vide
2005 4431 2133 4470 num
2163 4415 2286 4470 fons
2309 4413 2496 4479 Iacob,
2529 4429 2594 4468 ex
2622 4426 2727 4481 quo
2758 4410 2979 4466 bibebat
3000 4405 3290 4477 aliquando
3315 4401 3413 4458 Ja-

1854 4507 1977 4574 cob,
2005 4508 2098 4562 sed
2129 4522 2272 4561 nunc
2300 4522 2404 4560 non
2429 4505 2594 4570 bibit;
2628 4511 2792 4572 atque
2820 4502 2986 4556 etiam
3033 4497 3293 4553 bibebant
3321 4494 3419 4549 ﬁlii

1854 4600 1958 4663 sui,
2001 4598 2095 4653 sed
2138 4612 2283 4651 nunc
2323 4604 2507 4664 potum
2539 4594 2747 4648 habent
2783 4591 2876 4646 illo
2902 4588 3071 4661 priori
3110 4599 3238 4656 petu
3272 4600 3416 4655 prat-

1853 4690 2192 4756 stantiorem,
2234 4689 2366 4758 quin
2419 4686 2686 4740 biberunt;
2721 4686 2888 4738 etiam
2948 4695 3148 4752 pecora
3175 4691 3413 4743 :eorum,

1854 4781 2028 4849 possit
2073 4795 2194 4836 esse
2258 4781 2511 4834 universa
2564 4777 2876 4848 Scriptura;
2916 4788 3053 4843 aqua
3105 4787 3237 4827 vero
3285 4769 3415 4825 Iesu

1855 4874 1984 4929 illud
2034 4889 2158 4930 esse
2194 4872 2366 4944 possit
2415 4871 2555 4942 quod
2595 4880 2679 4926 est
2711 4884 2874 4939 supra
2927 4882 2990 4921 ea
3040 4880 3161 4937 quae
3210 4865 3416 4932 scripta

1853 4973 1981 5021 sunt
2014 4983 2029 5020 :
2057 4980 2161 5020 non
2204 4964 2454 5018 omnibus
2498 4975 2681 5018 autem
2734 4960 2969 5018 scrutari
3003 4958 3132 5013 licet
3161 4972 3283 5027 qua:
3309 4955 3418 5009 sint

1673 5129 1716 5161 ιιι

1915 5126 1994 5181 l6.
2072 5127 2116 5158 ‘9
2138 5124 2293 5179 Joan.
2325 5141 2437 5190 xu,
2479 5125 2571 5179 25.
2647 5126 2690 5156 ³ο
2717 5126 2886 5192 Apoc.
2925 5141 2979 5190 ι,
3006 5125 3059 5179 5.
3136 5123 3178 5153 ⁵¹
3218 5118 3254 5173 Η
3289 5121 3415 5176 Cor.

1954 5344 2001 5415 Ι)
2025 5344 2082 5397 In
2111 5344 2296 5415 codice
2321 5341 2491 5411 Regio
2528 5342 2677 5396 deest
2712 5341 2820 5415 rint
2837 5339 3059 5415 κόσμον.

1954 5346 2001 5415 t)
2025 5346 2082 5397 In
2111 5346 2296 5398 codice
2321 5346 2491 5411 Regio
2528 5346 2677 5396 deest
2712 5346 2801 5393 τὸν
2837 5346 3059 5407 κόσμον.

1926 5346 2001 5489 (2)
2066 5416 2227 5470 Forte
2266 5414 2548 5483 legendum
2598 5428 2719 5466 cum
2784 5409 3053 5470 Ferrariu,
3090 5404 3139 5457 εἰ
3167 5401 3223 5457 δὲ
3250 5403 3419 5475 ἠκου-

1743 5492 1747 5497 ’
1858 5506 1949 5541 σεν

1932 5531 2007 5631 (³.5)
2045 5559 2099 5614 ιιι
2130 5556 2312 5614 codice
2347 5552 2638 5611 Bodleiano
2665 5553 2817 5639 deest
2839 5544 3027 5619 φησιν.
