3702 6142
365 131 472 186 407

1807 141 2124 198 ORIGENIS
3487 150 3579 204 498

361 244 642 312 superiora
686 247 770 302 his
792 264 912 318 qua:
939 251 1139 320 scripta
1167 262 1314 316 sunt,
1347 253 1446 307 nisi
1468 253 1558 323 qui
1583 253 1919 310 assimilatas
1943 255 2108 312 fuerit
2155 258 2304 327 ipsis,
2351 273 2418 314 ne
2454 259 2766 330 obiurgetur
2815 261 3037 316 audiens
3069 277 3084 314 :
3116 279 3133 312 ι
3162 261 3242 315 Te
3293 259 3582 316 dimi-Hora

363 353 432 394 ne
453 351 682 408 quaeras,
728 349 784 394 et
820 351 870 396 te
896 342 1119 398 fortiora
1147 359 1214 396 ne
1249 347 1448 415 vestiga
1466 346 1532 402 ⁵³.
1564 364 1583 397 ι

432 428 484 485 6.
526 427 677 494 Quod
730 431 776 486 si
826 432 1057 488 dicimus
1105 433 1283 505 aliqua
1345 450 1466 491 esse
1513 452 1673 507 supra
1708 451 1771 492 ea
1805 451 1900 506 qua

2095 436 2147 490 6.
2194 434 2318 488 Ἐὰν
2356 435 2411 488 δὲ
2448 435 2694 507 λέγωμεν
2735 435 2802 490 τά
2843 436 2981 508 ὑπὲρ
3025 433 3062 489 ὃ.
3091 435 3415 508 γέγραπται
3460 428 3586 489 εἷναί

359 520 560 588 scripta
586 531 736 586 sunt,
768 539 873 578 non
914 525 1020 580 hoc
1047 526 1276 581 dicimus
1304 543 1364 582 ea
1397 543 1556 598 posse
1593 529 1772 582 multis
1802 543 1923 582 esse

362 614 629 678 nota,sed
667 613 888 680 Joanni,
920 619 1010 685 qui
1046 619 1288 685 audiens,
1329 621 1569 675 scribere
1611 621 1770 675 etiam
1799 635 1924 690 qua-

362 703 429 758 lia
459 718 647 761 essent
683 722 745 760 ea
794 709 1092 764 tonitruum
1131 713 1294 766 verba
1328 727 1432 766 non
1483 713 1917 779 permittitur“;

358 811 592 865 cumque
641 813 701 852 ea
742 799 1042 867 didicisset,
1079 817 1140 856 ea
1193 818 1298 856 non
1349 804 1562 867 scribit,
1619 814 1676 857 ut
1735 814 1922 874 parcat

359 887 562 942 mundo
593 903 609 941 :
639 889 859 943 rebatur
893 891 1038 945 enim
1087 905 1153 946 ne
1208 894 1382 962 ipsum
1417 895 1632 962 quidem
1664 896 1920 948 mundum

360 987 666 1047 capturum,
709 980 799 1050 qui
849 981 1238 1047 scriberentur,
1273 984 1438 1040 libros
1463 985 1530 1039 ³⁸.
1563 985 1699 1052 Quin
1728 987 1914 1051 etiam,

359 1085 480 1139 qua:
539 1069 738 1125 Paulus
785 1074 992 1136 didicit,
1051 1084 1176 1128 sunt
1226 1091 1386 1144 supra
1445 1092 1506 1131 ea
1562 1093 1682 1146 qum
1716 1079 1918 1146 scripta

360 1171 507 1224 sunt,
559 1166 993 1232 quatnloquidem
1036 1167 1285 1223 homines
1332 1184 1395 1223 ea
1445 1169 1607 1224 locuti
1646 1179 1815 1233 sunt;
1865 1179 1919 1223 et

357 1266 478 1319 quae
501 1253 688 1305 oculus
724 1270 828 1307 non
867 1255 1002 1308 vidit
1023 1256 1090 1319 '°,
1124 1264 1249 1309 sunt
1278 1271 1438 1324 supra
1467 1269 1528 1310 ea
1570 1273 1688 1325 qua:
1713 1257 1914 1325 scripta

359 1353 515 1410 sunt;
547 1353 603 1397 et
643 1359 760 1412 qua!
795 1346 939 1400 auris
965 1361 1069 1399 non
1112 1345 1408 1411 audivit",
1447 1347 1609 1401 scribi
1660 1362 1762 1400 non
1797 1361 1922 1415 pos-

359 1443 504 1487 sunt.
557 1435 695 1501 Quin
744 1444 797 1488 et
836 1451 954 1503 quae
995 1436 1047 1489 in
1091 1451 1188 1490 cor
1223 1437 1460 1493 hominis
1511 1453 1616 1491 non
1655 1439 1918 1492 ascende—

359 1524 567 1588 runt”,
615 1523 763 1580 fonte
809 1525 975 1580 Jacob
1018 1536 1144 1580 sunt
1182 1526 1414 1596 majora,
1461 1529 1660 1596 quippe
1713 1542 1835 1596 quae
1886 1542 1917 1580 a

357 1615 503 1670 fonte
525 1631 676 1686 aqua:
713 1618 956 1671 salientis
985 1621 1052 1671 ad
1078 1619 1245 1672 vitam
1279 1629 1535 1673 aeternam
1564 1620 1916 1674 manifestan-

356 1717 444 1760 tur
489 1708 572 1761 his
609 1709 699 1777 qui
747 1723 843 1762 cor
883 1710 1118 1763 hominis
1157 1725 1260 1765 non
1311 1711 1542 1779 amplius
1573 1711 1794 1774 habent,
1822 1711 1913 1763 sed

356 1799 536 1854 dicere
563 1799 739 1853 valent
769 1817 784 1852 :
824 1820 842 1852 ‹
874 1799 980 1856 Nos
1012 1814 1195 1855 autem
1245 1811 1478 1857 mentem
1523 1801 1719 1856 Christi
1755 1801 1914 1856 habe-
1946 1780 1988 1834 Β

354 1905 495 1948 mus,
551 1901 606 1944 ut
651 1892 926 1946 videamus
968 1907 1087 1961 qua:
1115 1908 1142 1945 a
1173 1893 1281 1946 Deo
1315 1893 1511 1946 donata
1557 1903 1682 1948 sunt
1719 1895 1912 1956 nobis;

355 1996 475 2048 quae
515 1991 567 2034 et
608 1981 876 2049 loquimur
913 1997 1018 2036 non
1050 1984 1102 2036 in
1134 1983 1306 2038 doctis
1339 1983 1593 2038 humana:
1638 1987 1914 2055 sapientia:

354 2071 554 2134 verbis,
583 2073 676 2126 sed
723 2077 776 2126 in
825 2074 1074 2127 doctrina
1113 2072 1346 2142 Spiritus
1366 2075 1434 2126 ⁸⁸.
1461 2093 1479 2126 ι
1516 2075 1582 2129 Et
1611 2075 1818 2146 inspice
1847 2091 1912 2130 an

354 2163 470 2216 lieri
503 2164 672 2231 possit
701 2172 758 2216 ut
790 2164 1024 2217 humana
1065 2165 1330 2234 sapientia
1372 2180 1476 2218 non
1502 2165 1750 2234 loquatur
1780 2164 1913 2220 falsa

352 2255 635 2323 dogmata,
682 2255 774 2308 sed
820 2270 936 2323 quas
982 2255 1261 2308 veritatem
1298 2255 1643 2321 confirment,
1669 2257 1831 2326 217
1863 2266 1916 2310 et

354 2348 420 2399 ad
452 2348 700 2401 homines
730 2347 1057 2416 poSIeriores
1107 2347 1459 2415 perveniant;
1496 2364 1617 2418 qua:
1644 2365 1769 2404 vero
1793 2348 1915 2418 Spi-

355 2440 493 2492 ritus
540 2440 753 2500 edocet,
797 2440 910 2493 sint
937 2437 1170 2495 fortasse
1215 2438 1336 2494 fons
1385 2455 1537 2508 aquae.
1580 2441 1820 2496 salientis
1847 2445 1912 2498 ad

353 2530 525 2584 vitam
561 2539 816 2584 arternam
835 2531 902 2584 ⁸ο.
950 2530 1382 2587 lutroducliones
1423 2549 1550 2603 ergo
1589 2542 1714 2587 sunt
1768 2534 1912 2588 Scriv

354 2634 546 2688 ptum,
571 2638 601 2676 a
625 2624 822 2692 quibus
851 2636 1105 2680 accurate
1132 2625 1446 2693 intellectis,
1487 2635 1541 2680 et
1573 2643 1715 2682 nunc
1742 2632 1912 2681 nomi-

356 2715 500 2768 natis
556 2713 675 2768 fons
723 2712 910 2781 Jacob,
959 2716 1364 2770 ascendcndum
1410 2727 1492 2772 est
1525 2719 1588 2772 ad
1623 2715 1912 2782 Jesum,ut

355 2805 510 2859 nobis
567 2805 832 2873 largiatur
891 2804 1094 2860 fontem
1149 2823 1302 2876 aqua:
1347 2807 1588 2862 salientis
1645 2809 1709 2861 ad
1749 2809 1908 2862 vitam

351 2907 632 2950 aeternam.
677 2898 942 2952 Caeterum
987 2913 1094 2952 non
1145 2899 1398 2952 similiter
1437 2901 1613 2954 omnis
1665 2901 1841 2954 haurit
1879 2915 1910 2954 e

351 2989 502 3042 fonte
548 2986 748 3052 Iacob;
803 3001 929 3041 nam
983 2990 1148 3042 etiam
1189 2988 1234 3042 si
1267 2989 1481 3043 bibebat
1506 2987 1689 3050 Jacob,
1728 3000 1781 3044 et
1813 2989 1906 3042 lilii

2023 546 2163 591 τινα,
2193 528 2253 580 ού
2275 527 2431 581 τοῦτό
2460 545 2659 598 φαμεν,
2685 529 2765 582 ὅτι
2791 527 3008 597 γνωστὰ
3052 531 3162 590 τοῖς
3203 527 3430 587 πολλοῖς
3461 523 3586 580 εἶναι

2022 620 2262 683 δύναται,
2309 620 2444 673 ἀλλὰ
2490 622 2707 693 Ἰωάννῃ
2748 620 3019 681 ἀκούοντι,
3055 623 3150 674 καὶ
3183 620 3429 690 γράφειν
3463 620 3588 674 αύτὰ

2025 713 2098 782 μὴ
2133 713 2562 782 ὲπιτρεπομένῳ,
2585 715 2740 765 ὁποῖα
2766 709 2833 783 ἦν
2862 713 2930 765 τὰ
2949 711 3056 764 τῶν
3086 711 3332 782 βροντῶν
3362 711 3586 781 ῥήματα,

2021 807 2115 857 καὶ
2145 805 2486 875 μανθάνοντι,
2530 806 2623 857 καὶ
2653 805 2738 858 διὰ
2764 804 2824 857 τὸ
2852 803 3126 874 φείδεσθαι
3162 803 3261 856 τοῦ
3300 803 3510 873 κόσμου
3535 805 3586 855 ού

2022 896 2282 968 γράφοντι
2323 897 2495 950 αὐτά·
2543 895 2679 966 ᾤετο
2696 896 2804 967 γάρ
2860 897 2994 968 μηδὲ
3036 896 3196 949 αὐτὸν
3242 895 3345 948 τόν
3400 895 3590 966 κόσμον

2019 991 2213 1060 χωρεῖν
2237 988 2304 1042 τὰ
2328 991 2645 1060 γραφόμενα
2674 989 2869 1059 βιϐλία.
2913 989 3070 1044 Ἀλλὰ
3103 991 3197 1043 καί
3225 989 3384 1058 ἅπερ
3408 987 3437 1040 ὁ
3460 987 3590 1042 Παῦ-

2020 1081 2108 1144 λος
2137 1081 2452 1151 μεμάθηκεν
2480 1081 2693 1152 ἆρῤητα
2734 1082 2972 1152 ῥήματα.
3013 1079 3151 1150 ὑπὲρ
3185 1079 3223 1134 ἃ.
3258 1079 3587 1149 γέγραπται.

2020 1173 2158 1241 εἴγε
2193 1173 2261 1226 τὰ
2303 1173 2660 1244 γεγραμμένα
2705 1173 2978 1243 ἄνθρωποι
3021 1171 3361 1242 λελαλήκασι
3383 1188 3397 1200 ο
3441 1171 3528 1224 καὶ
3558 1171 3586 1224 ἃ

2017 1263 2291 1336 ὀφθαλμὸς
2318 1265 2415 1318 οὐκ
2435 1261 2588 1330 εἶδεν,
2617 1265 2761 1319 ἐστιν
2793 1265 2932 1336 ὑπὲρ
2963 1264 3029 1316 τὰ
3059 1264 3462 1335 γεγραμμένα·
3508 1266 3590 1316 καὶ

2017 1357 2052 1410 δι
2078 1353 2170 1420 οῦς
2199 1359 2296 1410 οὐκ
2317 1359 2536 1428 ἢκουσε,
2569 1356 2846 1426 γραφῆναι
2878 1357 2940 1410 οὺ
2982 1356 3238 1409 δύναται·
3277 1357 3379 1408 καὶ
3407 1354 3476 1408 τὰ
3508 1356 3587 1407 ἐπὶ

2017 1452 2242 1524 καρδίαν
2271 1453 2328 1506 δὲ
2353 1451 2638 1523 ἀνθρώπου
2680 1453 2753 1523 μὴ
2793 1448 3184 1521 ἀνεϐεϐηκότα,
3219 1453 3458 1524 μείζονά
3485 1455 3586 1506 ἐστι

2016 1544 2116 1614 τῆς
2147 1545 2239 1597 τοῦ
2282 1543 2474 1597 Ἰακὼϐ
2515 1545 2717 1616 πηγῆς,
2761 1545 2868 1598 ἀπὸ
2909 1545 3089 1616 πηγῆς
3132 1545 3333 1608 ὓδατος
3368 1544 3585 1614 ἁλλομέ-

2017 1651 2107 1687 νου
2142 1635 2222 1696 είς
2244 1634 2387 1704 ζωὴν
2424 1632 2638 1687 αἰώνιον
2686 1635 3060 1706 φανερούμενα
3089 1638 3199 1699 τοῖς
3236 1634 3432 1688 οὐκέτι
3466 1652 3586 1706 καρ-

2016 1724 2133 1778 δίαν
2182 1725 2472 1796 ἀνθρὼπου
2524 1727 2767 1796 ἔχουσιν,
2813 1726 2946 1780 ἀλλὰ
2995 1727 3322 1796 δυναμένοις
3379 1726 3582 1794 λέγειν’

2023 1835 2040 1866 ι
2086 1817 2275 1885 Ἡμεῖς
2302 1816 2357 1869 δὲ
2377 1816 2499 1870 νοῦν
2518 1817 2751 1889 Χριστοῦ
2785 1817 2998 1887 ἔχομεν,
3027 1819 3113 1870 ἵνα
3143 1817 3354 1884 ἴδωμεν
3384 1817 3453 1870 τὰ
3491 1817 3583 1869 ὑπὸ

2015 1910 2108 1963 τοῦ
2147 1908 2280 1963 Θεοῦ
2319 1909 2644 1980 χαρισθέντα
2683 1911 2844 1980 ἡμῖν·
2887 1911 2923 1962 ἃ
2952 1911 3044 1963 καὶ
3069 1908 3348 1979 λαλοῦμεν
3393 1909 3492 1962 οὐκ
3531 1910 3582 1959 ἐν

2014 2003 2280 2066 διδακτοῖς
2324 2002 2666 2073 ἀνθρωπίνης
2708 2002 2895 2071 σοφίας
2940 2002 3151 2071 λόγοις,
3194 2001 3314 2056 ἀλλ’
3357 2001 3417 2055 ὲν
3450 2000 3577 2053 διδα-

2015 2099 2161 2158 κτοῖς
2193 2094 2526 2166 Πνεύματος.
2564 2114 2582 2146 ι
2619 2095 2727 2148 Καὶ
2769 2096 3058 2166 ἐπίστησον
3100 2097 3149 2148 εί
3193 2090 3311 2149 οἷόν
3358 2096 3405 2146 τ’
3444 2093 3579 2146 ἐστὶν

2015 2184 2358 2256 ἀνθρωπίνην
2399 2184 2588 2253 σοφίαν
2631 2183 2702 2254 μὴ
2753 2184 2822 2236 τά
2863 2185 3029 2254 ψευδῆ
3087 2183 3278 2237 καλεῖν
3321 2183 3572 2252 δόγματα.

2001 2276 2149 2330 ἀλλά
2193 2277 2261 2331 τὰ
2308 2275 2682 2347 στοιχειωτικὰ
2726 2275 2826 2345 τῆς
2864 2275 3141 2346 ἀληθείας,
3192 2276 3294 2329 καὶ
3349 2277 3430 2334 εἰς
3466 2274 3575 2333 τοὺς

2014 2366 2092 2418 ἔτι
2121 2365 2438 2438 ἀνθρώπους
2466 2365 2788 2435 φθάνοντας·
2820 2365 2889 2418 τὰ
2915 2365 2971 2418 δὲ
3009 2365 3233 2420 διδακτὰ
3267 2364 3413 2417 Πνεύ
3423 2379 3570 2433 ματος

2012 2457 2153 2526 τάχα
2181 2458 2326 2510 ἐστὶν
2354 2459 2386 2527 ή
2419 2456 2569 2527 πηγὴ
2612 2455 2707 2508 τοῦ
2751 2457 3044 2527 ἁλλομένου
3087 2457 3281 2520 ὓδατος
3325 2457 3408 2518 εἰς
3443 2453 3571 2521 ζωὴν

2012 2546 2246 2601 αἰώνιον.
2305 2547 2620 2614 Είσαγωγαὶ
2667 2542 2759 2599 οὖν
2812 2549 2946 2599 εἰσιν
2975 2547 3031 2598 αἱ
3082 2546 3120 2597 Γ
3127 2547 3322 2616 ραφαὶ,
3379 2546 3468 2613 ἀφ’
3505 2537 3567 2595 ὧν

2011 2638 2255 2710 ἀκριϐῶς
2282 2640 2648 2709 νενοημένων,
2683 2638 2778 2691 νῦν
2813 2637 3228 2710 ὀνομαζομένων
3267 2636 3452 2707 πηγῆς
3485 2634 3568 2687 τοῦ

2024 2733 2234 2798 Ἰακὼϐ,
2279 2734 2586 2788 ὰνελθετέον
2642 2734 2777 2804 πρὸς
2810 2733 2900 2787 τὸν
2947 2732 3172 2803 Ἰησοῦν,
3217 2733 3289 2785 ἵν’
3332 2729 3423 2784 οὖν
3451 2731 3566 2799 ἡμῖν

2011 2828 2302 2899 χαρίσηται
2355 2826 2534 2898 πηγὴν
2578 2824 2672 2880 τοῦ
2718 2825 3006 2896 ἁλλομένου
3073 2824 3266 2886 ὓδατος
3311 2825 3392 2886 εἰς
3437 2820 3565 2888 ζωὴν

2009 2920 2242 2974 αἰώνιον.
2271 2920 2380 2988 Οὐχ
2409 2918 2608 2989 ὁμοίως
2638 2918 2694 2970 δὲ
2734 2918 2843 2980 πᾶς
2872 2916 3053 2969 ἀντλεῖ
3095 2915 3201 2969 ἀπὸ
3242 2917 3348 2985 τῆς
3400 2913 3563 2983 πηγῆς

2010 3011 2103 3065 τοῦ
2151 3010 2370 3065 Ἰακώϐ·
2416 3012 2462 3063 εἰ
2495 3009 2604 3081 γὰρ
2642 3009 2793 3064 ἔπιεν
2853 3006 3043 3062 Ἰακὼϐ
3087 3007 3144 3074 ἐξ
3185 3007 3382 3078 αὐτῆς,
3417 3005 3503 3058 καὶ
3522 3004 3560 3055 οἱ

352 3079 488 3147 ejus,
520 3088 574 3134 et
625 3093 820 3147 pecora
855 3081 972 3149 ejus
996 3080 1062 3147 ⁶¹,
1096 3090 1258 3151 atque
1301 3081 1465 3136 etiam
1499 3081 1787 3136 Samaritis
1820 3083 1900 3136 illa

2027 3108 2120 3161 aiat
2144 3106 2330 3170 αὑτοῦ,
2367 3106 2461 3158 καὶ
2493 3079 2887 3174 τὰ-θρέμματα
2927 3101 3111 3165 αὑτοῦ,
3153 3101 3369 3170 διψῶσα
3400 3100 3453 3151 δὲ
3482 3097 3561 3150 καὶ

351 3173 498 3226 venit
528 3171 595 3225 ad
634 3174 834 3226 fontem
875 3174 1072 3240 ipsum,
1099 3181 1154 3227 et
1193 3173 1396 3237 haurit,
1428 3173 1552 3227 vide
1580 3189 1644 3226 ne
1673 3173 1828 3228 aliter
1856 3183 1910 3228 et

349 3265 646 3332 prudenter
673 3263 870 3318 biberit
898 3261 1069 3318 Jacob
1095 3279 1216 3316 cum
1250 3263 1395 3327 (iliis,
1430 3264 1590 3317 aliter
1616 3274 1668 3318 et
1697 3263 1906 3333 simpli-

348 3357 465 3410 cius
495 3371 751 3422 moreque
779 3355 947 3424 magis
981 3354 1208 3423 pecuino
1239 3355 1474 3409 biberint
1509 3371 1702 3424 pecora
1744 3355 1860 3424 ejus
1893 3377 1904 3413 :

349 3462 541 3505 rursus
583 3447 781 3501 biberit
819 3447 982 3500 etiam
1030 3447 1188 3500 aliter
1231 3461 1393 3515 quam
1429 3445 1594 3502 Jacob
1635 3458 1688 3501 et
1726 3448 1818 3502 ﬁlii
1855 3461 1908 3503 et

348 3553 546 3609 pecora
573 3538 709 3608 ejus,
745 3537 1034 3594 Samaritis
1066 3537 1175 3594 illa.
1210 3538 1310 3606 Qui
1337 3539 1482 3593 enim
1515 3539 1656 3593 docti
1693 3550 1818 3594 sunt
1852 3540 1905 3594 in

351 3630 668 3700 Scripturis,
704 3631 891 3684 bibunt
942 3630 1080 3683 sicut
1113 3627 1279 3684 Jacob
1320 3637 1376 3683 et
1411 3629 1502 3682 lilii
1538 3628 1691 3699 ejus;
1721 3631 1906 3684 rudio-

349 3741 437 3778 res
461 3739 590 3778 vero
617 3734 670 3778 et
699 3723 1075 3792 simpliciores,
1111 3723 1202 3792 qui
1237 3721 1491 3776 dicuntur
1515 3737 1644 3776 ores
1675 3722 1898 3787 Christi,

349 3816 542 3871 bibunt
570 3815 798 3886 perinde
850 3823 1012 3882 atque
1045 3828 1174 3869 oves
1203 3811 1408 3880 Jacob;
1443 3823 1554 3866 tum
1589 3813 1752 3883 aliqui
1789 3815 1907 3868 lau-

350 3911 536 3961 dantes
567 3906 904 3976 Scripturas,
936 3915 992 3960 et
1021 3907 1267 3975 quaedam
1323 3906 1713 3962 constituentes
1767 3911 1908 3964 male

349 3996 514 4059 dicta,
572 4003 839 4066 praetextu
878 3997 1023 4065 quod
1055 4011 1147 4050 eas
1181 3995 1571 4058 intellexerint,
1607 4015 1710 4051 non
1748 4013 1907 4054 secus

350 4086 540 4138 bibunt
569 4093 729 4154 atque
766 4083 982 4137 bibebat
1021 4085 1306 4138 Samaritis
1350 4085 1438 4138 illa
1473 4097 1760 4156 antequam
1790 4104 1906 4142 cre-

350 4175 506 4231 deret
532 4175 586 4229 in
607 4174 824 4234 Jesum.

416 4365 470 4418 7.
495 4383 516 4416 ι
544 4364 685 4419 Dicit
705 4365 770 4418 ad
805 4361 952 4416 illum
985 4363 1210 4419 mulier:
1239 4365 1485 4430 Domine,
1518 4368 1584 4422 da
1613 4368 1742 4422 mihi
1765 4369 1905 4423 hanc

2011 3201 2044 3270 ἡ
2084 3200 2409 3269 Σαμαρεῖτις
2449 3196 2722 3266 διέρχεται
2761 3195 2847 3248 ἐπ’
2881 3193 3067 3259 αὐτοῦ,
3105 3194 3200 3246 καὶ
3233 3192 3440 3250 ἀντλεῖ,
3474 3190 3562 3259 μή·

2011 3305 2140 3341 ποτε
2186 3288 2280 3341 καὶ
2307 3287 2480 3350 ἄλλως
2534 3286 2705 3350 ἔπινε,
2756 3286 2848 3340 καὶ
2899 3284 3276 3355 ἐπιστημόνως
3305 3284 3335 3335 ὁ
3386 3277 3560 3333 Ἰακὼϐ

2012 3381 2107 3434 σὺν
2137 3381 2246 3443 τοῖς
2270 3381 2431 3443 υἱοῖς·
2462 3379 2632 3442 άλλως
2653 3379 2709 3432 δὲ
2731 3379 2823 3432 καὶ
2849 3377 3228 3448 ἁπλούστερον,
3254 3375 3352 3429 καὶ
3372 3388 3561 3441 κτηνω-

2007 3471 2276 3542 δέστερον,
2317 3471 2411 3524 καὶ
2446 3470 2515 3524 τὰ
2549 3470 2841 3541 θρέμματα
2882 3467 3075 3523 αὐτοῦ·
3113 3467 3290 3529 ἄλλως
3335 3465 3392 3518 δὲ
3424 3460 3556 3531 παρὰ

2007 3563 2098 3616 τὸν
2135 3562 2346 3625 Ἰακὼϐ,
2369 3563 2462 3616 καὶ
2489 3562 2614 3625 τοὺς
2643 3562 2811 3626 υἱοὺς,
2860 3562 2954 3614 καὶ
2982 3559 3050 3613 τὰ
3087 3559 3380 3630 θρέμματα
3409 3550 3556 3608 αὐτοῦ

2009 3655 2424 3726 ήΣαμαρείτιςο
2455 3655 2505 3706 οἱ
2543 3653 2640 3723 μὲν
2681 3653 2789 3724 γὰρ
2820 3652 2960 3705 κατὰ.
3003 3651 3101 3716 τὰς
3147 3649 3375 3720 Γραφὰς
3424 3643 3557 3712 σοφοὶ

2011 3745 2275 3809 πίνουσιν,
2321 3741 2401 3817 ὡς¹
2434 3747 2462 3797 ὁ
2516 3743 2727 3809 Ἰακὼϐ,
2776 3745 2871 3798 καὶ
2919 3745 2967 3796 oi
3017 3744 3126 3796 υἱοὶ
3175 3741 3381 3796 αὐτοῦ·
3423 3737 3470 3789 οἱ
3507 3733 3555 3785 δὲ

2011 3836 2386 3908 ἀπλούστεροι,
2413 3837 2504 3890 καὶ
2533 3836 2880 3908 ἀκερέστεροι
2915 3836 3010 3907 (4),
3045 3838 3093 3889 οἱ
3127 3835 3409 3904 λεγόμενοι
3437 3826 3554 3896 πρό-

2010 3927 2150 3981 ϐατα
2182 3926 2439 3998 Χριστοῦ,
2493 3927 2738 3981 πίνουσιν
2784 3928 2858 3990 ὼς
2895 3927 2964 3980 τὰ
3004 3925 3296 3998 θρέμματα
3328 3920 3420 3975 τοῦ
3466 3920 3555 3971 Ἰα-

2009 4018 2126 4072 κώϐ
2141 4035 2154 4049 ο
2183 4020 2233 4072 οἱ
2257 4019 2312 4071 δὲ
2335 4019 2788 4090 παρεκδεχόμενοι
2816 4018 2912 4081 τὰς
2933 4018 3174 4089 Γραφὰς,
3199 4019 3295 4071 καὶ
3316 4008 3554 4082 δύσφημά

2006 4129 2128 4164 τινα
2165 4112 2525 4170 συνιστάντες.
2571 4111 2839 4182 προφάσει
2886 4110 2980 4162 τοῦ
3023 4110 3331 4181 νενοηκέναι
3381 4104 3550 4163 αὑτὰς,

2010 4204 2253 4256 πίνουσιν
2277 4203 2408 4273 ὼςή
2447 4202 2554 4274 πρὸ
2580 4203 2670 4256 τοῦ
2706 4201 2991 4256 πιστεῦσαι
3025 4203 3104 4266 εἰς
3151 4201 3358 4272 Ἰησοῦν
3389 4199 3550 4265 Σαμα-

2011 4297 2176 4366 ρεῖτις
2202 4294 2369 4346 ἔπινε.

2083 4381 2347 4450 7.(Λέγει
2377 4382 2513 4453 πρὸς
2561 4382 2722 4436 αὐτὸν
2767 4384 2800 4453 ἡ
2849 4384 3019 4454 γυνή’
3115 4381 3308 4454 Κύριε,
3350 4381 3433 4442 δός
3472 4391 3547 4446 μοι

349 4473 568 4530 aquam,
613 4473 682 4512 ne
733 4457 938 4520 sitiam,
965 4470 1142 4523 neque
1173 4458 1385 4512 veniam
1416 4459 1524 4514 huc
1550 4463 1617 4515 ad
1646 4462 1900 4517 haurien-

2027 4475 2164 4529 τοῦτο
2196 4449 2449 4544 τδιδωρ,
2480 4476 2566 4527 ἴνα
2599 4474 2673 4546 μὴ
2700 4449 2872 4544 διψῶ,
2891 4449 3023 4546 μηδὲ
3054 4449 3353 4546 διέρχωμαι
3381 4467 3545 4524 ἐνθάδε

346 4553 472 4605 dum
493 4551 559 4602 ".
591 4569 610 4602 ι
641 4549 759 4605 Jatn
775 4553 1010 4605 secundo
1027 4552 1282 4621 praedicat
1305 4551 1590 4608 Samaritis
1621 4555 1903 4612 Dominum

349 4643 718 4703 Servatorem,
758 4643 994 4710 primunt
1029 4658 1150 4698 cum
1181 4644 1311 4698 dicit
1339 4660 1352 4696 :
1386 4660 1405 4694 ι
1437 4643 1680 4713 Domine,
1733 4663 1904 4718 neque

343 4734 678 4790 haustorium
714 4732 899 4800 habes,
931 4745 987 4789 et
1016 4747 1210 4803 puteus
1237 4735 1374 4791 altus
1417 4747 1499 4791 cst
1520 4736 1604 4803 ⁶³;
1639 4757 1657 4790 ι
1688 4744 1903 4807 quando
1940 4745 1952 4756 ‘

345 4828 507 4880 etiam
555 4825 876 4894 interrogat,
918 4829 1058 4881 unde
1109 4827 1305 4883 habeat
1357 4844 1551 4898 aquam
1605 4832 1802 4898 vivam,
1849 4849 1902 4888 et

347 4933 476 4971 num
525 4915 699 4984 major
738 4916 811 4969 sit
855 4913 1045 4979 Iacob,
1093 4919 1183 4985 qui
1230 4919 1523 4988 putabatur
1577 4935 1700 4976 esse
1750 4934 1903 4993 pater

345 5009 460 5074 ejus
485 5023 500 5062 :
521 5015 576 5060 et
599 5020 739 5059 nunc
761 5007 944 5071 etiam,
969 5011 1184 5075 quando
1207 5011 1337 5075 petit
1361 5027 1557 5081 aquam
1584 5012 1752 5078 illaut,
1783 5031 1903 5083 qua:

343 5102 396 5156 in
428 5100 646 5155 bibente
670 5096 728 5150 fit
751 5094 872 5151 forts
896 5113 1047 5168 aqua:
1072 5099 1317 5156 salientis
1342 5104 1406 5156 ad
1430 5106 1594 5158 vitam
1617 5117 1899 5172 aeternam,

2009 4568 2237 4622 ἀντλεῖν.
2281 4586 2299 4618 ι
2330 4567 2464 4637 Ἤδη
2494 4565 2740 4640 δεύτερον
2773 4568 2972 4638 Κύριον
2999 4567 3318 4639 ἀναγορεύει
3347 4566 3430 4619 τὸν
3447 4562 3543 4614 Σω-

2009 4659 2148 4729 τῆρα
2187 4659 2218 4727 ἡ
2253 4659 2578 4728 Σαμαρεῖτις
2599 4675 2612 4687 ·
2646 4659 2908 4729 πρότερον
2945 4658 3042 4728 μὲν
3075 4659 3162 4712 ὅτε
3207 4660 3368 4729 φησί·
3405 4674 3424 4707 ι
3459 4649 3546 4704 Κύ-

1966 4736 2110 4821 Γριε,
2141 4749 2262 4802 οὔτε
2295 4749 2537 4820 ἄντλημα
2571 4751 2732 4820 ἔχεις,
2765 4752 2856 4804 καὶ
2893 4752 2954 4804 τὸ
2982 4752 3156 4823 φρέαρ
3194 4753 3310 4805 ἐστὶ
3339 4748 3491 4822 βαθύ·
3521 4763 3536 4794 ι

2003 4843 2092 4895 ὅτε
2123 4843 2216 4896 καὶ
2239 4841 2488 4895 ἐπιποθεῖ
2512 4843 2585 4913 (5)
2610 4843 2769 4896 πόθεν
2799 4841 2910 4911 ἔχει
2948 4845 3005 4897 τὸ
3039 4844 3145 4909 ζῶν
3185 4843 3350 4917 ὕδωρ,
3391 4840 3472 4896 καὶ
3499 4835 3539 4888 εξ

2009 4933 2209 5002 μείζων
2237 4935 2319 5003 εἴη
2359 4933 2451 4985 τοῦ
2497 4933 2849 5004 νομιζομένου
2890 4937 3091 5006 πατρὸς
3117 4937 3285 5007 αὐτῆς
3341 4927 3534 4988 Ἰακώό⁶

2006 5021 2099 5074 νῦν
2127 5022 2181 5075 δὲ
2210 5024 2297 5075 ὅτε
2326 5023 2416 5075 καὶ
2438 5027 2608 5076 αἰτεῖν
2636 5023 2744 5078 ἀπὸ
2770 5025 2862 5077 τοῦ
2908 5027 3114 5091 ὓδατος,
3148 5027 3241 5080 τοῦ
3281 5023 3534 5096 γινομένου

2007 5113 2188 5183 πηγῆς
2215 5116 2272 5166 ὲν
2297 5113 2372 5183 τῷ
2395 5114 2598 5168 πίνοντι
2625 5115 2814 5180 ὓδατος
2837 5117 3124 5188 ἁλλομένου
3157 5120 3236 5182 εἱς
3269 5118 3404 5188 ζωὴν
3426 5108 3533 5166 auiti:-

410 5263 456 5348 ‘f
475 5261 636 5315 Eccli.
658 5277 740 5348 Ill:
762 5261 862 5348 '22.
882 5332 921 5348 ﬂ
937 5262 1250 5348 ‘fﬁpogﬂx,
1277 5264 1333 5348 ἐξ.
1357 5336 1388 5348 η
1408 5266 1462 5348 ξ’.
1477 5265 1632 5348 Joa‘n.
1657 5284 1770 5348 ut.

2033 5274 2350 5342 lCor.Ir,9.
2427 5276 2471 5307 υτ
2502 5277 2632 5332 ibid.
2707 5279 2752 5310 σε
2781 5280 2909 5334 ibid.
2987 5281 3032 5312 ιο
3066 5281 3195 5337 ibid.
3245 5280 3434 5348 42,13,
3462 5276 3530 5329 t6.

341 5334 384 5365 ⁶⁰
417 5331 576 5387 Joan.
610 5346 683 5395 Iv,
718 5333 802 5385 M.
882 5332 924 5363 “
958 5333 1086 5386 ibid.
1131 5334 1212 5388 l2.
1289 5337 1333 5366 “
1356 5336 1481 5390 ibid.
1509 5337 1574 5391 15

413 5423 490 5491 (4)
527 5423 936 5499 Ἁκερέοντεροι.
983 5427 1564 5499 Νοιοηιίςζῐιιιιιιηειιίοἱ
1620 5433 1758 5487 hanc
1802 5453 1896 5491 vo-

345 5508 480 5572 rent,
508 5498 660 5572 quasi
692 5497 1015 5572 ιιθάκερὴς,
1059 5500 1162 5572 nisi
1193 5497 1420 5572 fortasse
1456 5501 1544 5572 ille
1581 5502 1731 5554 lorus
1773 5523 1893 5558 cur—

345 5569 528 5629 ruptus
561 5568 647 5627 sit,
677 5574 729 5617 et
775 5568 1055 5637 legendum
1107 5570 1177 5624 sit
1210 5570 1462 5626 fortasse.
1493 5571 1888 5645 ἀκεραιότεροι,

1712 5342 1758 5371 ⁶³
1785 5344 1913 5398 ibid.
1957 5349 2012 5402 Η
2028 5385 2041 5400 .

2003 5441 2106 5497 vel.
2132 5440 2603 5512 ἁκραιφνέστεροι.
2644 5441 2899 5498 Hunnus.

2072 5511 2151 5577 i5)
2212 5507 2273 5564 lu
2316 5507 2583 5579 'tnargi'ne
2643 5514 2849 5567 codicis
2912 5515 3184 5570 Butlleiaui
3238 5514 3421 5583 legitur
3462 5507 3522 5560 ἔτι

2006 5583 2164 5647 αἰτεῖ,
2205 5598 2360 5652 quam
2391 5585 2679 5637 let-tionem
2710 5596 2925 5640 secutus
2948 5597 3030 5640 est
3056 5585 3349 5640 Ferrarius.
