3702 6142
124 217 219 271 tua

1172 217 1530 277 COMMENT.
1568 219 1634 275 IN
1669 217 1859 278 JGAN.
1902 221 2139 278 TOMUS
2175 221 2314 278 Xlll.

3244 224 3349 280 410

129 351 265 386 νιον⁸
296 334 383 387 καὶ
439 329 595 404 εἴπερ
631 335 828 406 ἀληθὲς
867 335 961 388 τό·
998 355 1015 386 ι
1057 336 1128 389 Σὺ
1165 337 1230 390 ἂν
1268 318 1475 407 ᾔτῆσας
1505 337 1665 391 αὑτὸν

1872 340 1920 396 si
1954 340 2171 410 quidem
2207 355 2393 394 verum
2434 347 2516 394 est
2557 338 2723 396 illud:
2757 359 2775 392 ι
2798 339 2877 396 Tu
2909 340 3135 397 forsitan
3165 344 3351 412 petiis-

129 426 215 478 καὶ
251 425 446 478 ἔδωκεν
467 427 533 480 ἄν
559 443 640 479 σοι
663 425 806 498 ὕδωρ
843 425 972 491 ζῶν,
1016 447 1033 478 i
1065 426 1244 496 δῆλον,
1283 429 1386 495 ὅτι,
1422 430 1680 484 εἰποῦσα·

132 535 148 566 ι
184 517 279 578 Δός
306 533 390 586 μοι
419 516 576 569 τοῦτο
595 516 657 569 τὸ
686 516 850 587 ὕδωρ,
896 538 914 568 ι
957 516 1115 570 ἔλαϐε
1148 518 1209 570 τὸ
1243 517 1352 582 ζῶν
1396 519 1560 591 ὕδωρ,
1597 521 1685 574 ἵνα

131 608 315 676 μηκέτι
343 609 516 678 ἀπορῇ
538 607 767 678 διψῶσα,
802 607 935 678 μηδὲ
959 608 1236 681 διέρχηται
1266 611 1356 664 ἐπὶ
1377 613 1475 683 τὴν
1506 613 1686 686 πηγὴν

127 696 213 750 τοῦ
252 696 459 759 Ἰακὼϐ,
502 697 590 751 διὰ
623 697 685 751 τὸ
725 697 953 763 ἀντλεῖν,
995 699 1130 752 ἀλλὰ
1167 701 1332 772 χωρὶς
1368 701 1463 754 τοῦ
1496 702 1686 766 ὕδατος

125 787 212 841 τοῦ
264 787 452 841 Ἰακὼὸ
493 789 765 860 θεωρῆσαι
803 791 902 861 τὴν
943 791 1200 860 ἀλήθειαν
1248 793 1554 862 ἀγγελικῶς
1592 794 1685 849 καὶ

126 879 256 951 ὑπὲρ
310 880 590 951 ἄνθρωπον
641 881 841 952 δυνηθῇ
889 881 985 951 (6).
1039 883 1172 936 Οὐδὲ
1219 882 1326 954 γὰρ
1371 887 1418 938 οἱ
1468 884 1684 960 ἄγγελοι

123 973 318 1026 δέονται
358 973 458 1042 τῆς
503 972 594 1026 τοῦ
659 973 854 1026 Ἰακὼϐ
898 977 1102 1046 πηγῆς,
1154 976 1242 1030 ῖνα
1299 977 1516 1041 πίωσιν,
1565 977 1684 1031 ἀλλ’

123 1062 338 1126 ἕκαστος
378 1063 434 1116 ὲν
473 1062 649 1134 ἐαυτῷ
681 1063 792 1135 ἔχει
828 1065 1009 1136 πηγὴν
1052 1066 1242 1130 ὓδατος
1279 1069 1571 1138 ἁλλομένου
1605 1072 1686 1134 εἰς

124 1152 258 1221 ζωὴν
285 1151 500 1205 αἰώνιον
533 1153 924 1226 γεγενημένην,
959 1156 1053 1208 καὶ
1081 1157 1550 1225 ἀποκαλυφθεῖσαν
1577 1158 1683 1212 ἀπὸ

121 1242 273 1296 αὑτοῦ
310 1242 404 1295 τοῦ
441 1244 640 1311 Λόγου,
675 1245 769 1297 καὶ
792 1245 962 1314 αὑτῆς
984 1245 1085 1315 τῆς
1119 1248 1329 1315 σοφίας.
1359 1249 1432 1301 Οὑ
1461 1249 1682 1303 δυνατὸν

123 1331 360 1400 μέντοιγε
383 1331 448 1384 τό
469 1333 652 1403 ἕτερον
680 1333 832 1404 παρὰ
853 1334 913 1386 τὸ
937 1337 999 1386 ὲκ
1019 1335 1118 1404 τῆς
1147 1337 1328 1406 πηγῆς
1351 1337 1444 1390 τοῦ
1486 1337 1681 1390 Ἰακὼὸ

121 1423 253 1494 ὕδωρ
290 1425 540 1495 χωρῆσαι
571 1425 633 1478 τὸ
658 1425 762 1478 ὑπὸ
791 1425 884 1478 τοῦ
924 1427 1096 1494 Λόγου
1135 1427 1429 1498 διδόμενον,
1461 1431 1533 1500 μὴ
1555 1432 1683 1482 ξὲπι-

125 1516 410 1585 μελέστατα
435 1517 802 1588 ἀσχοληθέντα
832 1518 896 1570 ὲκ
922 1518 1016 1570 τοῦ
1043 1517 1219 1588 διψᾷν,
1251 1520 1378 1591 περὶ
1415 1520 1510 1572 τοῦ
1535 1520 1681 1592 διέρ-

121 1607 293 1676 χεσθαι
353 1608 431 1678 (7)
493 1609 588 1661 καὶ
638 1609 848 1661 ἀντλεῖν
913 1609 1196 1673 ἐντεῦθεν,
1267 1611 1342 1674 ὡς
1405 1611 1495 1664 τόν
1541 1611 1683 1666 κατὰ

121 1701 264 1754 τοῦτο
295 1701 471 1754 πολλὰ
501 1701 706 1754 ἐνδεινα
740 1699 815 1770 (8)
854 1703 968 1763 τοῖς
1013 1700 1226 1764 πολλοῖς
1273 1701 1349 1765 ὡς
1401 1703 1678 1756 ὲπιπλεῖον
1713 1680 1755 1734 Β

119 1793 640 1863 ὲγγεγυμνασμένοις
679 1790 759 1861 τῷ
801 1791 1010 1845 ἀντλεῖν
1059 1791 1166 1844 ἀπὸ
1199 1792 1297 1863 τῆς
1339 1792 1434 1846 τοῦ
1486 1793 1677 1848 Ἰακὼϐ

121 1885 307 1956 πηγῆςο

178 1975 226 2029 8.
267 1995 284 2025 ι
315 1976 487 2043 Λέγει
512 1976 646 2046 αὐτῇ
666 1993 678 2005 ·
716 1975 954 2043 Ὕπαγε,
985 1974 1232 2046 φώνησόν
1260 1993 1352 2029 σου
1379 1977 1469 2030 τὸν
1490 1977 1675 2048 ἄνδρα,

117 2067 203 2119 καὶ
231 2065 351 2119 ἐλθὲ
380 2065 591 2120 ὲνθάδεε
643 2067 935 2138 Ἀπεκρίθη
962 2069 995 2138 ἡ
1024 2068 1182 2138 γυνὴ,
1214 2069 1306 2121 καὶ
1336 2064 1490 2121 εἶπεν
1509 2086 1523 2099 ο
1563 2070 1677 2122 Οὑκ

120 2156 216 2226 ἔχω
258 2155 444 2226 ἄνδρα.
506 2175 526 2207 ι
589 2156 874 2225 Ἐλέγομεν
913 2155 1006 2208 καὶ
1040 2157 1096 2208 ὲν
1128 2159 1240 2219 τοῖς
1287 2157 1541 2228 ἀνωτέρω
1587 2158 1677 2211 τὸν

122 2249 338 2318 ἄρχοντα
364 2249 470 2318 τῆς
491 2249 672 2318 ψυχῆς
699 2249 884 2318 νόμον,
911 2241 955 2316 ᾧ
987 2249 1216 2311 ἕκαστος
1244 2249 1506 2315 ὑπέταξεν
1549 2251 1676 2303 ἑαυ-

120 2340 217 2402 τὸν,
246 2340 429 2393 τοῦτον
456 2335 597 2392 εἶναι
625 2340 717 2391 τὸν
749 2339 936 2410 ἄνδρα.
960 2337 1074 2391 Νῦν
1099 2338 1155 2391 δὲ
1191 2340 1282 2392 καὶ
1303 2339 1397 2392 τοῦ
1425 2340 1678 2393 Ἀποστό-

121 2433 202 2485 λου
247 2435 307 2485 ὲκ
343 2434 442 2502 τῆς
508 2431 645 2502 πρὸς
700 2431 1003 2501 Ῥωμαίους
1036 2429 1352 2501 Ἐπιστολῆς
1384 2433 1464 2495 εἰς
1514 2431 1673 2484 τοῦτο

125 2523 403 2594 μαρτύριον
480 2521 945 2593 παραθησόμεθα,
1014 2520 1261 2589 λέγοντος
1332 2521 1442 2589 (9)·
1509 2540 1528 2572 ι
1593 2522 1666 2574 ’Ἦ

123 2617 366 2682 ἀγνοεῖτε,
420 2613 662 2681 ἀδελφοὶ,
709 2611 1072 2682 (γινώσκουσι
1133 2613 1241 2682 γὰρ
1297 2613 1456 2682 νόμον
1496 2611 1674 2682 λαλῶ)

123 2707 192 2758 ὅτι
221 2709 247 2757 ὁ
269 2705 429 2776 νόμος
461 2704 708 2777 κυριεύει
754 2705 846 2756 τοῦ
895 2703 1182 2774 ἀνθρώπου
1214 2705 1297 2771 ἐφ’
1327 2704 1449 2756 ὅσον
1487 2703 1676 2773 χρόνον

125 2796 209 2866 Ci};
243 2817 260 2848 ι
281 2797 374 2861 Τίς
399 2797 456 2851 δὲ
487 2798 592 2867 ζῇς
634 2795 765 2848 Ἀπὸ
788 2795 966 2849 κοινοῦ
990 2794 1370 2864 λαμϐανόντων
1402 2794 1557 2865 ἡμῶν
1585 2794 1675 2848 τὸν

125 2888 285 2959 νόμον,
304 2889 331 2940 ὁ
349 2889 534 2958 νόμος.
556 2883 665 2940 Εἶτ’
686 2887 884 2950 εὑθέως
914 2888 1075 2957 φησίν
1094 2905 1138 2937 ⁸(
1163 2888 1224 2938 Ἡ
1243 2886 1508 2956 ὕπανδρος
1528 2886 1663 2956 γυνὴ

1789 444 1882 485 ses
1915 430 1982 484 ab
2017 444 2104 494 eo,
2139 439 2193 484 et
2239 429 2481 484 dedisset
2519 428 2617 483 tibi
2653 442 2845 498 aquam
2875 430 3050 484 vivam
3075 430 3142 498 “,
3173 450 3192 484 ο
3227 447 3352 502 per-

1787 523 2032 592 spicuum
2105 530 2220 588 est,
2262 536 2326 575 eo
2373 521 2518 590 quod
2568 520 2769 575 dixerit
2804 539 2819 576 :
2851 521 2974 577 «Da
3033 523 3164 578 mibi
3210 525 3350 579 hanc

1787 627 2006 683 aquam,
2029 631 2047 664 ι
2082 613 2358 681 accepisse
2389 612 2655 665 viventem
2707 627 2927 681 aquam,
2959 629 3027 668 ne
3071 615 3124 668 in
3169 626 3351 684 poste-

1788 722 1907 761 rum
1940 717 2124 775 egeret
2163 706 2375 768 sitiens,
2413 719 2588 774 neque
2619 707 2834 760 veniret
2862 707 2927 761 ad
2951 707 3156 762 fontem
3181 706 3350 764 Jacob

1787 795 2068 850 hauriendi
2102 811 2290 862 causa,
2325 796 2417 849 sed
2453 805 2631 865 posset
2678 797 2797 850 sine
2825 812 2960 865 aqua
2989 796 3158 853 Jacob
3188 815 3350 868 ange-

1787 886 1889 942 lice
1918 887 2103 942 videre
2144 888 2430 943 veritatem
2459 901 2624 956 supra
2661 889 2934 942 hominem
2961 891 3345 946 exsistentem:

1787 993 1911 1034 nam
1937 993 2114 1049 neque
2146 977 2320 1048 angeli
2349 987 2508 1049 egent
2533 977 2684 1032 fonte
2715 976 2883 1032 Jacob
2921 991 2979 1033 ut
3015 979 3226 1046 bibant,
3253 982 3347 1036 sed

1784 1071 2165 1140 unusquisque
2189 1071 2425 1140 ipsorum
2451 1071 2503 1124 in
2539 1073 2718 1140 selpso
2742 1069 2944 1125 fontem
2992 1073 3158 1128 habet
3193 1089 3349 1142 aquae
3440 1103 3448 1109 η

1786 1159 2034 1213 salientis
2074 1160 2139 1211 ad
2173 1161 2340 1212 vitam
2371 1169 2654 1224 :eternam,
2681 1163 2946 1217 orientem
2984 1179 3048 1217 ac
3077 1171 3346 1218 retectum

1785 1249 1852 1301 ab
1895 1250 2009 1317 ipso
2053 1248 2316 1303 Sermone
2360 1249 2452 1302 Dei
2494 1249 2654 1314 Filio,
2698 1259 2859 1320 atque
2899 1253 3166 1320 sapientia
3205 1254 3343 1320 ipsa.

1785 1338 1968 1409 Neque
2008 1342 2153 1394 enim
2207 1341 2359 1396 facile
2400 1343 2540 1396 factu
2573 1351 2656 1396 est
2681 1352 2737 1395 ut
2771 1358 2967 1411 aquam
2997 1361 3118 1414 qua:
3145 1362 3173 1399 a
3202 1345 3340 1402 Filio

1783 1431 1876 1484 Dei
1925 1431 2104 1496 datur,
2158 1433 2428 1487 diversam
2475 1436 2828 1488 exsistentem
2868 1435 2936 1489 ab
2986 1451 3122 1506 aqua
3178 1439 3344 1492 fontis

1781 1520 1948 1575 Jacob
1993 1524 2222 1590 accipiat
2271 1524 2489 1593 aliquis,
2537 1525 2630 1594 qui
2686 1539 2746 1578 se
2794 1541 2898 1591 non
2929 1527 3344 1595 diligentissime

1784 1613 2086 1666 exercuerit
2122 1613 2406 1678 veniendo,
2449 1622 2502 1668 et
2546 1614 2672 1667 inde
2725 1615 3049 1678 hauriendo,
3091 1629 3157 1668 eo
3201 1617 3343 1683 quod

1780 1701 1961 1768 sitiat;
2008 1705 2174 1774 218
2234 1705 2457 1774 perinde
2515 1715 2676 1774 atque
2742 1706 2831 1760 ille
2879 1707 2972 1774 qui
3021 1710 3154 1774 petit
3205 1707 3346 1761 hanc

1781 1795 2311 1865 aquam'frequenter
2340 1798 2477 1851 inter
2505 1798 2700 1852 multos
2737 1813 2956 1866 magnos
2986 1800 3253 1863 homines,
3285 1808 3344 1852 ιιι

1780 1887 1870 1954 qui
1891 1884 2092 1937 diutius
2120 1885 2342 1938 exerciti
2367 1883 2571 1938 fuerint
2593 1887 2890 1942 hauriendo
2913 1901 2944 1940 e
2982 1886 3128 1941 fonte
3154 1886 3340 1941 Jacub.

1850 1975 1904 2028 8.
1949 1992 1968 2026 ι
1999 1974 2137 2029 Dicit
2166 1975 2237 2027 illi
2269 1994 2282 2029 :
2313 1973 2482 2037 Vade,
2523 1991 2653 2029 voca
2691 1978 2861 2030 virum
2918 1987 3089 2040 tuum,
3139 1989 3193 2032 et
3223 1980 3344 2032 veni

1779 2065 1902 2119 huc.
1955 2065 2250 2131 Respondit
2305 2065 2516 2132 mulier,
2564 2079 2620 2120 et
2669 2067 2848 2120 dixit:
2885 2067 2999 2122 Non
3053 2070 3226 2122 habeo
3273 2072 3346 2122 vi-

1779 2169 1897 2207 rum
1915 2154 2012 2207 “.i
2048 2153 2293 2208 Diximus
2322 2153 2482 2209 etiam
2515 2155 2568 2210 in
2595 2157 2967 2225 superioribus
2999 2159 3142 2213 hunc
3172 2160 3342 2214 virum

1777 2259 1898 2300 esse
1937 2245 2130 2314 legem,
2169 2261 2289 2313 qua;
2334 2247 2583 2316 princeps
2638 2248 2711 2301 sit
2758 2249 2972 2314 animze,
3011 2249 3158 2321 [nam
3186 2251 3348 2306 habet

1779 2335 2148 2404 unusquisque
2192 2336 2442 2390 instituta
2471 2339 2740 2406 quaadam,
2765 2355 2829 2394 ac
2875 2355 3073 2405 mores,
3103 2343 3201 2394 sub
3225 2344 3346 2411 qui-

1777 2425 1882 2480 bus
1913 2435 2171 2496 tanquam
2211 2427 2312 2481 sub
2358 2428 2472 2498 lege
2525 2429 2703 2501 vivit.]
2736 2431 2821 2485 cui
2853 2432 3220 2501 unusquisque
3263 2448 3347 2486 se-

1778 2514 1952 2583 ipsum
1987 2516 2301 2587 subjecerit.
2330 2519 2478 2573 Nunc
2507 2535 2635 2574 vero
2667 2523 2828 2575 etiam
2855 2521 2981 2576 illud
3005 2523 3246 2592 Apostoli
3278 2539 3342 2576 ex

1790 2607 2029 2675 Epistola
2065 2610 2132 2662 ad
2163 2608 2441 2665 Romanos
2497 2612 2563 2665 ad
2616 2612 2757 2666 banc
2811 2628 2922 2666 rem
2979 2613 3344 2667 testimonium

1777 2700 2146 2767 adducemus,
2214 2702 2444 2758 dicentis
2509 2719 2523 2757 :
2589 2703 2712 2757 «An
2796 2703 3093 2772 ignoratis,
3149 2703 3346 2758 fratres

1779 2791 2096 2859 (scientibus
2125 2792 2269 2846 enim
2301 2793 2468 2861 legem
2506 2793 2743 2863 loquor),
2775 2797 2917 2864 quod
2951 2793 3036 2848 lex
3081 2794 3346 2861 tantisper

1777 2882 2088 2936 dominatur
2119 2885 2344 2951 homini,
2389 2886 2563 2954 quoad
2618 2885 2962 2940 vixerit“?i
3001 2883 3208 2939 Vixerit
3245 2900 3342 2937 au-

131 2977 187 3048 ιῷ
212 2979 365 3043 ζῶντι
393 2979 554 3050 ἀνδρὶ
582 2978 788 3031 δέδεται
822 2977 1004 3048 νόμῳ·
1046 2996 1064 3028 ι
1095 2978 1171 3040 ὡς
1198 2979 1244 3030 εἰ
1277 2978 1450 3047 ἔλεγε,
1497 2977 1669 3033 Ζῶντι

1846 2987 1884 3025 m
1921 2973 2084 3042 quis?
2121 2973 2322 3044 Nempe
2374 2975 2487 3038 lex,
2515 2978 2878 3029 communiter
2927 2976 3345 3042 iutelligeutibus

125 3069 275 3140 ἀνδρὶ,
301 3071 444 3132 ὅστις
471 3068 618 3139 ἀνὴρ
635 3069 794 3139 νόμος
811 3069 974 3122 ἐστίν.
1002 3063 1130 3122 Εἶτα
1144 3069 1307 3121 πάλιν
1329 3068 1507 3138 φησίν·
1522 3087 1536 3114 ι
1556 3069 1678 3122 Ἐὰν

125 3161 170 3215 δὲ
184 3161 415 3234 ἀποθάνῃ
439 3163 468 3213 ό
486 3159 651 3230 ἀνὴρ,
677 3162 1016 3231 κατήργηται
1038 3160 1145 3213 ἀπὸ
1167 3160 1260 3213 τοῦ
1279 3160 1442 3230 νόμου
1457 3159 1551 3213 τοῦ
1584 3161 1678 3213 ἀν-

125 3251 229 3322 δρός
246 3269 258 3281 ·
283 3271 301 3303 ι
329 3251 486 3305 οἱονεὶ
499 3249 642 3319 γυνὴ
652 3253 994 3322 κατήργηται
1009 3249 1368 3313 ἀποθανόντος
1380 3249 1475 3303 τοῦ
1490 3249 1674 3320 νόμου,

127 3345 207 3396 καὶ
229 3344 402 3397 οὑκέτι
419 3343 489 3396 τὰ
503 3343 609 3412 τῆς
623 3343 877 3410 γυναικὸς
895 3341 969 3405 ὡς
985 3342 1120 3413 πρὸς
1143 3341 1312 3411 ἄνδρα
1329 3343 1412 3393 ὲνε
1421 3337 1680 3413 ργεῖ·εἶτα

129 3431 467 3504 λέγειοιἋρα
494 3427 593 3485 οὗν
621 3430 820 3494 ζῶντος
849 3429 944 3484 τοὺ
967 3431 1158 3502 ἀνδρὸς
1190 3432 1435 3502 μοιχαλὶς
1464 3449 1680 3504 χρημα-

134 3521 266 3584 τίσει,
296 3523 387 3577 ἐὰν
427 3522 656 3592 γένηται
689 3521 840 3590 ἀνδρὶ
883 3522 1086 3592 ἐτέρῳο
1139 3523 1234 3576 ὲάν
1271 3523 1327 3576 δὲ
1368 3523 1614 3596 ἀποθάνῃ
1649 3526 1677 3578 ὁ

130 3611 266 3684 ἀνὴρ,
292 3613 549 3685 ἐλευθέρα
592 3614 738 3666 ἐστὶν
781 3611 890 3666 ἀπὸ
929 3613 1024 3666 τοὺ
1069 3613 1258 3682 νόμου,
1304 3613 1396 3666 τοῦ
1432 3613 1504 3685 μὴ
1539 3609 1677 3667 εἶναι

130 3703 276 3774 αὐτὴν
305 3705 610 3775 μοιχαλίδα,
638 3704 932 3775 γενομένην
952 3704 1104 3774 ἀνδρ)⁵
1119 3705 1304 3776 ἑτέρῳ.
1339 3723 1358 3755 ›
1410 3703 1671 3760 Ἀπέθανε

130 3793 215 3847 δὲό
249 3797 404 3866 νόμος
433 3796 580 3850 κατὰ
609 3796 670 3848 τὸ
703 3796 956 3866 γράμμα,
1007 3795 1102 3848 καὶ
1133 3795 1232 3848 οὑκ
1268 3795 1412 3848 ἐστιν
1444 3797 1478 3865 ἠ
1527 3794 1672 3866 ψυχὴ

132 3886 352 3955 μοιχαλὶς
378 3885 650 3956 γενομένη
677 3885 827 3956 ἀνδρὶ
860 3885 1050 3957 ἑτέρῳ,
1097 3883 1174 3955 τῷ
1219 3885 1387 3955 νόμῳ,
1416 3883 1492 3954 τῷ
1535 3884 1679 3939 κατὰ

131 3974 181 4026 τὸ
207 3976 438 4046 πνεῦμα·
491 3977 858 4040 ἀποθανόντος
899 3977 954 4030 δὲ
994 3975 1088 4030 τοῦ
1121 3976 1311 4048 ἀνδρὸς
1345 3980 1409 4048 τῇ
1439 3978 1675 4046 γυναικὶ,

132 4065 532 4137 ἀποτεθνηκέναι
563 4066 684 4126 πῶς
716 4065 782 4119 ἂν
809 4065 1018 4133 λέγοιτο
1055 4067 1147 4120 καὶ
1174 4069 1207 4137 ἡ
1237 4065 1372 4137 γυνὴ
1401 4066 1478 4138 τῷ
1503 4067 1675 4139 ἀνδρὶ,

131 4154 251 4208 ὥστε
276 4157 441 4220 οὑτως
472 4159 625 4228 ἡμᾶς
655 4157 1015 4227 ἐκλαμϐάνειν
1053 4157 1144 4211 τό·
1179 4176 1197 4208 ι
1239 4159 1421 4221 Ὥστε,
1461 4157 1678 4226 ἀδελφοί

133 4264 238 4316 μου,
260 4252 347 4304 κει)⁵
372 4251 529 4321 ὑμεῖς
550 4249 925 4320 ἐθανατώθητε
955 4250 1034 4321 τῷ
1055 4250 1201 4320 νόμῳ
1240 4249 1328 4302 διὰ
1363 4249 1456 4302 τοῦ
1497 4248 1680 4319 σώμα-

1781 3063 1938 3118 nobis
1968 3063 2158 3131 legem.
2195 3064 2385 3119 Postea
2414 3068 2596 3118 statim
2634 3066 2708 3118 ait
2735 3083 2748 3120 :
2780 3083 2798 3115 ι
2827 3064 2960 3118 Nam
3015 3065 3206 3118 mulier
3246 3065 3343 3118 ob-

1781 3157 1940 3210 noxia
1971 3157 2108 3222 viro,
2137 3156 2341 3212 viventi
2375 3157 2494 3211 viro
2521 3156 2756 3226 obligata
2816 3169 2900 3213 est
2948 3159 3047 3228 legi
3073 3158 3140 3237 ⁶⁷,
3162 3177 3182 3210 ι
3222 3168 3346 3211 tan--

1781 3262 1942 3316 quam
1972 3248 2017 3303 si
2049 3248 2277 3314 diceret,
2309 3249 2510 3303 viventi
2543 3249 2688 3314 viro,
2718 3248 2809 3317 qui
2843 3249 2924 3301 vir
2950 3258 3036 3302 est
3080 3247 3185 3302 lex.
3222 3247 3342 3302 Mox

1781 3353 1997 3394 rursum
2029 3340 2243 3410 inquit:
2288 3360 2305 3392 ι
2327 3341 2482 3406 Quod
2517 3343 2561 3396 si
2598 3352 2845 3395 mortuus
2878 3339 3040 3394 fuerit
3069 3341 3174 3403 vir,
3204 3341 3342 3394 libe-

1779 3437 1897 3483 rata
1947 3437 2029 3484 est
2069 3445 2100 3483 a
2133 3429 2249 3498 lege
2272 3431 2472 3485 viri“:
2507 3449 2526 3482 ι
2561 3430 2726 3484 veluti
2763 3431 2986 3484 liberata
3023 3439 3105 3484 est
3152 3430 3345 3484 mulier

1780 3531 1811 3571 a
1842 3517 1959 3588 lege
2007 3527 2242 3586 mortua,
2293 3535 2391 3574 nec
2434 3521 2665 3590 amplius
2714 3536 2880 3590 opera
2935 3520 3174 3574 mulieris
3215 3536 3340 3586 erga

1779 3607 1953 3662 virum
2002 3621 2244 3667 exercet.
2273 3610 2477 3665 Deinde
2520 3611 2693 3678 inquit
2737 3626 2751 3662 :
2802 3609 3074 3662 «Proinde
3129 3609 3344 3662 vivente

1779 3697 1917 3763 viro,
1947 3697 2190 3752 adultera
2217 3699 2520 3763 vocabitur,
2551 3699 2594 3752 si
2639 3713 2698 3753 se
2738 3698 2978 3766 junxerit
2999 3698 3154 3752 alteri
3185 3699 3340 3762 viro;

1778 3788 1864 3842 siu
1895 3799 2073 3843 autem
2102 3800 2346 3846 mortuus
2369 3791 2653 3856 fueritvir,
2685 3791 2853 3844 libera
2895 3799 2976 3845 est
3010 3806 3040 3844 a
3067 3790 3180 3859 lege
3214 3791 3340 3853 viri,

1779 3890 1837 3934 ut
1878 3897 1984 3936 non
2014 3883 2382 3949 sitadultera,
2414 3884 2456 3938 si
2487 3883 2672 3953 juncta
2716 3884 2878 3937 fuerit
2905 3881 3056 3936 alteri
3093 3881 3210 3935 viro
3230 3881 3336 3940 θ’.)

1781 3969 1928 4043 [(10)
1966 3971 2076 4026 Lex
2123 3981 2304 4026 autem
2334 3972 2628 4028 secundum
2685 3973 2923 4028 litteram
2980 3973 3190 4025 mortua
3236 3979 3343 4034 est,

1780 4078 1956 4134 neque
1995 4063 2107 4132 jam
2159 4063 2372 4118 adulter
2421 4075 2507 4119 est
2555 4065 2789 4130 animus,
2823 4063 2868 4119 si
2917 4063 3136 4132 junctus
3183 4061 3345 4126 fuerit

1779 4156 1930 4210 alteri
1949 4155 2100 4228 viro]
2119 4156 2371 4211 nimirum
2393 4157 2441 4214 ei
2468 4157 2594 4229 legi,
2618 4173 2738 4227 qum
2757 4168 2929 4212 estex
2953 4157 3174 4225 spiritu:
3197 4170 3343 4208 mora

1782 4255 1876 4299 tuo
1914 4255 2096 4300 autem
2131 4247 2249 4302 viro
2285 4257 2494 4303 mortua
2549 4263 2670 4303 esse
2719 4247 2914 4303 mulier
2958 4247 3141 4314 aliquo
3187 4246 3348 4299 modu

138 4356 207 4403 ιος
225 4340 309 4393 τοῦ
334 4341 592 4412 Χριστοῦ,
623 4343 703 4405 εἰς
734 4342 795 4394 τὸ
825 4342 1074 4410 γενέσθαι
1102 4341 1246 4411 ὑμᾶς
1283 4339 1454 4411 ἑτέρῳ
1494 4339 1572 4409 τῷ
1613 4341 1672 4392 ἐκ

1846 4343 1994 4390 cetur
2023 4336 2188 4392 etiam
2237 4337 2375 4404 viro,
2434 4340 2572 4394 adeo
2611 4349 2670 4394 ut
2714 4353 2812 4393 nos
2854 4339 3001 4393 hunc
3031 4339 3084 4392 in
3126 4336 3345 4391 modum

135 4429 313 4500 νεκρῶν
354 4431 655 4502 ἐγερθέντι,
700 4429 785 4483 ἵνα
821 4431 1322 4502 καρποφορήσωμεν
1365 4428 1442 4499 τῷ
1474 4427 1610 4499 Θεῷ.
1653 4446 1671 4479 ι

135 4519 185 4570 εξ
211 4521 377 4573 τοίνυν
405 4522 570 4591 νόμος
596 4521 745 4573 ἐστὶν
769 4522 797 4572 ὁ
825 4520 982 4592 ἀνὴρ,
1014 4521 1105 4573 καὶ
1133 4522 1165 4590 ἡ
1205 4503 1532 4589 Σαμαρεῖτις
1567 4518 1678 4588 ἔχει

139 4607 236 4662 τινὰ
273 4609 455 4682 ἄνδρα,
506 4611 821 4676 ὑποτάξασα
861 4611 1056 4682 ἑαυτὴν
1105 4611 1244 4664 κατά
1275 4611 1372 4681 τὴν
1416 4611 1679 4682 παρεκδο-

136 4700 219 4768 χὴν
239 4702 338 4754 τῶν
367 4704 720 4772 ὑγιαινόντων
743 4703 914 4772 λόγων
950 4703 1098 4773 νόμῳ
1122 4701 1248 4766 τινὶ,
1279 4703 1397 4754 καθ’
1435 4701 1492 4754 δν
1533 4701 1680 4771 βιοῦν

1783 4442 2125 4496 exponamus
2179 4427 2349 4484 illud:
2386 4447 2404 4482 ι
2427 4431 2634 4500 Itaque.
2669 4428 2868 4484 fratres
2906 4429 3034 4493 mei,
3078 4443 3174 4483 vos
3207 4441 3350 4496 quo—

1784 4533 1890 4588 que
1925 4518 2235 4574 mortificati
2269 4519 2401 4575 estis
2429 4519 2531 4590 legi
2562 4535 2656 4590 per
2681 4534 2877 4590 corpus
2897 4517 3124 4584 Christi,
3153 4527 3209 4572 ut
3220 4517 3346 4587 jun-

1785 4609 2045 4680 geremini
2087 4610 2266 4676 alteri,
2308 4611 2566 4665 nimirum
2597 4611 2645 4666 ei
2677 4611 2767 4682 qui
2796 4625 2863 4664 ex
2893 4611 3123 4665 mortuis
3160 4624 3344 4663 surre-

1786 4701 1889 4767 xit,
1922 4709 1983 4755 ut
2019 4701 2410 4758 fructificemus
2443 4702 2641 4756 Deo".
2670 4721 2689 4754 ι
2722 4700 2778 4756 Si
2816 4701 2979 4771 igitur
3012 4700 3097 4755 lex
3136 4709 3221 4757 est
3241 4701 3348 4764 vir,

193 4861 233 4893 “
255 4860 403 4918 Joan.
437 4879 511 4931 tv,
543 4863 635 4918 ‘10.
711 4863 756 4894 ⁸⁵
794 4863 921 4918 ibid.
953 4862 1038 4924 16,
1070 4861 1153 4916 17.
1243 4862 1287 4893 ⁸⁸
1318 4862 1474 4918 Rom.
1508 4876 1604 4924 vn,
1635 4862 1658 4913 1

1846 4859 1971 4914 ibid.
1997 4859 2054 4914 2.
2128 4860 2172 4892 ⁸⁸
2197 4859 2330 4914 ibid.
2406 4857 2450 4890 θ’
2477 4857 2607 4913 ibid.
2637 4858 2692 4912 ’5.
2766 4855 2810 4887 ⁷⁰
2844 4855 2970 4912 ibid.
3007 4854 3063 4908 4.

141 4998 546 5119 θῇξδέιιίᾝὲᾔ.
565 5001 658 5057 Sic
682 5002 852 5056 codex
879 5001 1234 5063 Barberinus;
1271 4997 1492 5068 Regius,
1517 4997 1680 5068 δυνη-

170 5074 583 5210 ηἷῧᾛὲἒὲθτοῦ
631 5139 991 5210 διέρχεσθαι,
1040 5149 1145 5194 etc.
1189 5138 1369 5194 Codex
1422 5136 1680 5191 Barberi-

143 5211 418 5294 nuls‘hrrg‘pi
439 5211 499 5294 τὸ
523 5209 853 5294 διέρχεσθαι,
887 5220 994 5263 etc.

1781 5012 1891 5061 ναι,
1917 4996 1998 5049 vel
2024 4996 2179 5066 legit,
2204 4997 2328 5060 τοὺς
2357 4994 2584 5056 πολλοὺς
2616 4992 2936 5066 πεπονθέναι
2970 4991 3346 5066 ὠςίὲπιπλεῖον

1777 5064 2350 5136 ἐγγεγυμνασμένους,
2392 5066 2474 5118 vel
2511 5065 2638 5136 quill
2664 5065 2857 5136 simile.
2883 5067 2954 5117 At
2998 5064 3158 5114 aliam
3192 5065 3342 5136 peni-

1778 5132 1864 5208 t_us
1888 5132 2175 5208 lectionem
2206 5136 2555 5208 sequebatur‘
2591 5132 2894 5208 Ferrarius,
2945 5146 3109 5208 quam
3168 5133 3342 5208 codex

1775 5203 2095 5259 Bodleiauus
2125 5205 2203 5258 sic
2242 5199 2461 5258 exhibe;
2488 5219 2502 5254 :
2527 5203 2602 5265 ὼς
2636 5202 2802 5256 αἰτῶν
2830 5202 2969 5255 κατὰ
2994 5199 3153 5252 τοῦτο
3174 5199 3344 5255 πολλὰ

297 5270 387 5344 Ὧξ-
411 5279 519 5332 τὸν
540 5270 691 5334 κάέᾶ
715 5270 889 5349 τοῦτο
917 5277 1116 5332 πολλὰ
1142 5276 1396 5349 ἐνδειγα,
1414 5289 1518 5333 etc.
1553 5275 1676 5349 Hmc
1773 5275 1842 5349 €V_
1861 5275 2100 5349 δυνατοῖς
2125 5273 2348 5349 πολλοῖς
2375 5273 2450 5335 ὡς
2479 5273 2778 5349 gilii-331403
2813 5270 3346 5349 éTYETUP-XaGP-évoﬁ

145 5341 278 5416 nobis
305 5341 831 5416 reprwsentatcodex
863 5348 1078 5415 Regius,
1110 5361 1265 5416 quem
1290 5347 1406 5400 fere
1432 5347 1672 5415 sequitur

1846 5365 1852 5391 ν
1903 5345 2111 5398 ἀντλεῖν
2142 5345 2249 5397 ἀπὸ
2290 5343 2388 5413 τῆς
2437 5341 2532 5394 τοῦ
2578 5341 2772 5396 Ἰακὼό
2813 5342 3015 5411 πηγῆς.
3051 5342 3179 5406 Quae
3210 5343 3339 5408 quid

146 5413 482 5481 Pedanius,“
502 5421 574 5472 ita
595 5420 802 5480 vertit,c
828 5419 899 5472 ita
926 5413 982 5472 ut
1000 5419 1100 5471 hoc
1122 5413 1413 5485 ipsomutta
1435 5413 1670 5484 pericula
1771 5413 1870 5469 sibi
1904 5416 2090 5485 velint,
2112 5416 2358 5485 divinare
2387 5424 2695 5485 promptum
2721 5421 2964 5485 non__est.

146 5485 376 5557 eveniant
403 5488 675 5557 plerisque
717 5490 830 5557 qui,
857 5489 1166 5556 plurimum,
1201 5487 1380 5557 utqui
1427 5489 1478 5538 in
1537 5487 1670 5557 hau-

150 5553 316 5624 rienda
363 5553 496 5624 artua
521 5553 602 5612 εί
629 5553 780 5619 fonte
809 5553 998 5618 Jacob.
1024 5553 1313 5609 exercitati
1340 5556 1470 5609 sint.
1505 5573 1522 5605 ι
1565 5554 1669 5608 l’ru

148 5619 212 5686 ὡς
230 5622 334 5687 τόν,
358 5619 482 5696 legit
505 5626 669 5693 ὥστε,
709 5639 760 5682 ct
788 5636 924 5697 post,
949 5625 1172 5690 ἔνδεινα,
1201 5625 1428 5695 supplet.
1461 5625 1668 5696 συμϐῆ-

1843 5481 2331 5553 (9)Λέτοντος.8ἱε
2349 5475 2814 5553 εὸιΙΒόιΙΙοίειιυες
2836 5480 3051 5552 Regius,
3068 5475 3336 5548 λέγοντες.

1841 5552 1954 5626 (ιθ)
1981 5555 2106 5611 llaec
2137 5555 2503 5625 supplevimus
2532 5568 2563 5608 a
2594 5552 2866 5609 Periouio.
