3702 6142
381 256 482 312 411

1864 252 2180 311 ORIGENIS

3498 258 3590 311 M2

378 380 439 427 et
483 366 770 427 Samaritis
804 366 971 421 habet
1026 365 1206 422 virum
1251 366 1508 436 aliquem,
1542 366 1668 436 quia
1713 368 1977 439 seipsam,

2078 384 2274 431 καστος
2301 366 2407 421 τῶν
2430 368 2748 438 ἑτεροδόξων
2778 368 2919 421 θέλει
2939 385 2953 398 ο
2987 367 3081 421 καὶ¹
3105 366 3348 437 βούλεται
3382 370 3593 427 ἐνταῦθα

382 459 536 529 juxta
564 471 873 527 perversam
915 451 1324 524 intelligentiam
1358 471 1614 511 sanorum
1657 459 1944 511 verborum

380 549 677 619 subiecerit
709 548 815 617 legi
838 547 1021 614 alicui,
1041 548 1198 617 juxta
1236 563 1398 616 quam
1426 548 1542 602 vult
1569 550 1753 603 vivere
1777 565 1945 604 unus-

381 642 614 714 quisque
643 640 712 695 ab
742 639 998 694 Ecclesia:
1036 639 1275 695 decretis
1331 638 1637 705 dissidens;
1675 650 1733 696 et
1767 641 1810 695 si
1836 641 1949 695 vult

380 732 551 787 etiam
588 732 694 786 hoc
737 730 790 784 in
838 730 956 785 loco
994 729 1210 783 divinus
1247 743 1429 784 sermo
1459 729 1691 783 animam
1723 731 1949 784 manife-

383 825 515 879 stari
551 822 805 877 Ecclesiae
838 820 1072 875 decretis
1107 821 1540 885 dissentientem,
1566 836 1685 891 qua
1718 822 1820 875 sibi
1849 823 1947 891 ipsi

386 914 688 984 praefecerit
738 911 908 976 legem
958 910 1283 980 principem,
1337 920 1395 965 ut
1437 920 1619 980 spreto
1677 912 1815 979 viro,
1850 926 1949 966 ceu

388 1020 497 1059 non
571 1003 847 1073 legitimo,
888 1011 1100 1071 quaerat
1157 1000 1410 1065 alterum,
1479 1010 1713 1072 nuptura
1795 1002 1950 1056 alteri

388 1098 529 1162 viro,
577 1097 834 1150 nimirum
889 1093 1139 1149 Sermoni
1187 1091 1328 1147 Filio
1387 1094 1504 1161 Dei,
1566 1095 1658 1164 qui
1716 1096 1951 1150 resusci-

390 1199 540 1244 tatus
569 1198 653 1243 est
686 1201 751 1241 ex
788 1186 1041 1250 mortuis,
1076 1199 1184 1239 non
1235 1185 1550 1252 mutandus,
1606 1201 1784 1256 neque
1839 1202 1950 1240 mo-

388 1284 614 1349 riturus,
652 1281 749 1336 sed
796 1281 1178 1349 sempiternus,
1228 1292 1451 1332 manens
1474 1284 1529 1332 et
1560 1292 1812 1349 regnans,
1835 1294 1953 1332 om-

389 1387 596 1445 nesque
648 1370 897 1425 inimicos
941 1364 1236 1438 subjiciens
1266 1387 1278 1423 :
1310 1388 1329 1421 (
1356 1368 1606 1425 Christus
1663 1372 1807 1425 enim
1854 1385 1951 1425 ex-

390 1464 596 1519 citatus
645 1477 676 1518 a
734 1460 961 1516 mortuis
1022 1475 1126 1515 non
1191 1460 1424 1527 amplius
1486 1461 1755 1524 moritur,
1811 1474 1955 1515 mors

392 1556 471 1611 illi
499 1555 638 1609 ultra
669 1569 774 1607 non
805 1552 1169 1606 dominabitur
1196 1570 1209 1605 :
1236 1554 1379 1621 quod
1404 1551 1548 1605 enim
1580 1561 1825 1604 mortuus
1847 1560 1950 1614 est,

2046 460 2144 530 τὴν
2166 457 2468 530 ὲτερόδοξον
2495 458 2671 529 ψυχὴν
2698 461 2726 511 6
2748 458 2888 521 θεῖος
2916 457 3074 526 λόγος
3103 458 3495 530 παρατεθεῖσαν
3518 462 3594 515 τὸν

2049 550 2281 622 ἄρχοντα
2312 551 2511 621 ἑαυτῆς
2552 551 2716 620 νόμον
2755 550 3129 621 διελεγχθῖψαι
3165 551 3295 621 (12),
3322 554 3403 615 είς
3432 552 3490 605 τὸ
3513 571 3596 607 κα-

2048 642 2462 713 ταφρονήσασαν
2506 639 2697 711 αὐτὴν,
2740 640 2816 704 ὡς
2850 642 2908 694 οὐ
2947 641 3176 712 νομίμου
3214 640 3424 712 ἀνδρὸς,
3456 641 3597 713 ζητῆ-

2051 749 2141 786 σαι
2163 732 2327 804 ἄνδρα
2347 732 2550 804 ἕτερον,
2577 734 2657 796 εἰς
2684 732 2745 786 τὸ
2765 732 3017 801 γενέσθαι
3050 733 3220 804 αὐτὴν
3261 733 3433 804 ἑτέρῳ
3455 734 3525 805 τῷ
3543 737 3597 787 ὲκ

2049 823 2257 895 νεκρῶν
2278 824 2696 895 ἁναστησομένῳ
2716 824 2891 893 Λόγῳ,
2924 822 2998 894 μὴ
3027 823 3464 894 ἀνατρεπομὲνῳ,
3486 825 3598 893 μηδὲ

2048 915 2440 987 τεθνηξομένῳ,
2492 915 2606 968 ἀλλ’
2641 916 2795 986 ἀϊδίῳ
2836 915 2971 987 (15),
3020 914 3290 985 μενοῦντι,
3339 914 3435 967 καὶ
3472 914 3600 985 βασι-

2050 1005 2289 1069 λεύοντι,
2350 1005 2560 1069 πάντας
2619 1023 2679 1058 τε
2702 1005 2862 1069 ’τοὺς
2933 1004 3165 1076 ἐχθροὺς
3233 1005 3597 1059 ὑποτάσσοντι·

2057 1116 2076 1147 ι
2114 1097 2346 1167 Χριστὸς
2411 1096 2520 1167 γὰρ
2565 1096 2811 1166 ἐγερθεὶς
2868 1096 2932 1148 ὲκ
2975 1096 3182 1167 νεκρῶν
3247 1094 3430 1148 οὐκέτι
3490 1097 3603 1149 ἀπο-

2053 1190 2295 1261 θνήσκει,
2325 1188 2551 1253 θάνατος
2589 1188 2752 1242 αὑτοῦ
2779 1188 2961 1242 οὐκέτι
2991 1188 3268 1259 κυριεύει·
3308 1188 3338 1240 ὂ
3362 1188 3467 1259 γὰρ
3488 1189 3605 1241 ἀπέ-

2053 1280 2181 1334 θανε
2222 1283 2286 1351 τῇ
2346 1279 2904 1351 ἀμαρτίᾳ,ἀπέθανεν
2958 1278 3211 1349 ἐφάπαξο
3257 1279 3286 1332 ὃ
3324 1278 3382 1332 δὲ
3421 1279 3503 1349 ζῇ,
3550 1279 3603 1349 ζῇ

2052 1372 2129 1443 τῷ
2158 1372 2294 1442 Θεῷ,
2323 1392 2341 1423 ι
2364 1374 2420 1424 ὲν
2442 1372 2589 1442 δεξιᾷ
2620 1371 2694 1423 ῶν
2723 1371 2908 1433 αὐτοῦ,
2944 1370 3048 1433 ἕως
3068 1370 3134 1424 ἂν
3157 1370 3358 1433 πάντες
3383 1372 3433 1422 oi
3448 1371 3607 1441 ἐχθροὶ

2054 1462 2218 1517 αὑτοῦ
2249 1462 2533 1515 ὑποπόδιον
2559 1462 2789 1515 τεθῶσιν
2818 1461 2983 1533 αὐτῷ.
3011 1461 3119 1515 Ποῦ
3152 1461 3208 1514 δὲ
3241 1460 3351 1514 ἔδει
3382 1461 3607 1532 ἐλεγχθῆ-

2055 1574 2141 1608 ναι
2165 1555 2255 1608 τὸν
2288 1553 2641 1625 νομιζόμενον
2667 1555 2835 1626 ἄνδρα
2866 1555 2965 1625 τῆς
3000 1553 3410 1624 Σαμαρείτιδος,
3434 1554 3507 1616 ὡς
3523 1555 3605 1606 οὐκ

391 1653 617 1713 peccato
646 1651 890 1696 mortuus
940 1649 1025 1694 est
1058 1639 1259 1704 semel;
1297 1639 1437 1708 quod
1471 1653 1597 1693 vero
1635 1639 1785 1703 vivit,
1825 1639 1956 1692 vivit

2077 1646 2244 1715 ἱνδρα,
2272 1646 2305 1717 ἢ
2331 1645 2479 1716 παρὰ
2510 1648 2576 1717 τῇ
2607 1647 2755 1716 πηγῇ
2800 1643 2895 1697 τοῦ
2938 1643 3131 1698 Ἰακὼϐ
3169 1643 3275 1697 ὑπὸ
3295 1642 3389 1697 τοῦ
3436 1643 3606 1714 Ἰησοῦ,

392 1734 796 1806 2191)εο⁷¹,ι
833 1734 886 1786 in
913 1733 1131 1787 dextera
1164 1732 1281 1801 ejus
1308 1734 1526 1797 sedens,
1565 1730 1737 1785 donec
1764 1745 1956 1785 omnes

2077 1738 2109 1788 ai
2141 1737 2214 1808 μὴ
2243 1716 2335 1805 ἀφ’
2363 1737 2563 1807 ἑαυτῆς
2587 1739 2620 1806 ὴ
2653 1735 2790 1807 γυνὴ
2823 1733 3020 1807 ἦρνητο
3042 1735 3131 1789 τὸν
3157 1734 3362 1805 ἄνδρα;
3394 1735 3488 1787 Διὰ
3508 1734 3609 1787 τοῦ·

394 1827 604 1882 inimici
628 1826 743 1895 ejus
765 1825 925 1895 positi
956 1822 1156 1878 fuerint
1184 1822 1495 1878 subsellium
1521 1822 1715 1891 pedum
1760 1822 1862 1892 ipsi
1887 1824 1954 1876 7’.

396 1919 454 1973 Si
483 1920 616 1983 haec,
648 1919 886 1988 inquam,
920 1918 991 1969 ita
1021 1929 1080 1971 se
1102 1913 1326 1977 habent,
1361 1914 1582 1968 ubinam
1607 1913 1841 1969 debebat
1868 1912 1959 1969 Je-

396 2024 490 2064 sus
524 2008 874 2064 manifestare
901 2021 1047 2068 eum,
1076 2005 1167 2073 qui
1197 2004 1487 2074 putabatur
1516 2017 1637 2058 esse
1667 2001 1958 2057 Samariti-

393 2104 500 2168 dis,
528 2104 701 2155 virum
734 2116 836 2154 non
872 2112 995 2153 esse
1022 2098 1192 2161 illius,
1220 2097 1324 2150 nisi
1356 2096 1493 2165 apud
1520 2095 1723 2150 fontem
1769 2094 1958 2161 Jacob,

399 2193 445 2247 si
487 2208 517 2245 a
549 2194 728 2261 seipsa
764 2188 956 2243 mulier
983 2203 1095 2241 non
1124 2194 1376 2256 negasset
1414 2186 1589 2239 virum
1618 2186 1641 2240 ?
1690 2185 1840 2241 Hanc
1887 2187 1955 2241 ob

396 2298 617 2337 causam
642 2281 775 2335 dicit
810 2280 883 2333 illi
913 2278 1107 2333 Jesus:
1147 2296 1166 2331 ι
1200 2276 1366 2341 Vade,
1396 2292 1528 2332 voca
1560 2279 1737 2332 virum
1787 2284 1956 2346 t‘uum,

395 2385 456 2432 et
488 2375 612 2429 veni
635 2374 740 2428 huc
766 2373 832 2424 ⁷³.
870 2390 888 2423 ι
920 2369 1040 2425 Jam
1070 2384 1200 2423 vero
1244 2368 1407 2423 veluti
1461 2369 1707 2425 nonnihil
1754 2370 1960 2424 habens

402 2481 556 2533 aqua:
586 2463 830 2519 salientis
852 2463 916 2516 ad
940 2461 1102 2515 vitam
1135 2469 1412 2523 aeternam,
1442 2473 1508 2514 eo
1534 2460 1674 2529 quod
1699 2460 1957 2514 dixisset:

2061 1845 2123 1881 το
2146 1826 2293 1896 λέγει
2320 1828 2455 1898 αὐτῇ
2489 1829 2519 1880 6
2562 1826 2785 1896 Ἰησοῦς·
2821 1844 2839 1877 ι
2880 1826 3116 1895 ’Υπαγε,
3145 1825 3398 1897 φώνησόν
3420 1842 3506 1878 σου
3535 1826 3607 1877 τὸν

2063 1920 2251 1990 ἄνδρα,
2286 1920 2378 1972 καὶ
2411 1918 2530 1972 ἐλθὲ
2556 1918 2761 1971 ἐνθάδε.
2812 1937 2830 1968 ι
2860 1913 2984 1971 Οἷον
3011 1917 3067 1971 δὲ
3093 1918 3291 1989 έχουσὰ
3323 1935 3375 1970 τι
3415 1918 3509 1987 ἤδη
3529 1916 3606 1968 τοῦ

2066 2008 2359 2080 ἁλλομένου
2379 2010 2459 2072 εἰς
2491 2007 2632 2078 ζωὴν
2655 2006 2869 2062 αἰώνιον
2898 2008 3106 2072 ὓδατος,
3134 2008 3222 2062 διὰ
3246 2007 3310 2060 τὸ
3339 2007 3602 2078 εἰρηκέναι·

2064 2122 2083 2154 ι
2126 2102 2225 2165 Δός
2244 2118 2332 2172 μοι
2348 2100 2505 2154 τοῦτο
2531 2101 2591 2154 τὸ
2617 2100 2783 2170 ὕδωρ,
2811 2118 2830 2150 ι
2859 2100 2952 2153 καὶ
2975 2099 3221 2169 ἀψευδεῖν
3240 2100 3337 2152 τὸν
3363 2115 3605 2169 προεπαγ·

2057 2194 2399 2265 γειλάμενον,
2425 2194 2529 2258 ὅτι,
2566 2211 2585 2244 ‹
2617 2193 2688 2246 Σὺ
2710 2193 2776 2247 ἂν
2802 2194 3009 2263 ᾔτησας
3030 2193 3209 2254 αὑτὸν,
3237 2192 3336 2245 καὶ
3359 2189 3515 2243 ἔδωκέ
3540 2206 3603 2242 σοι

2058 2285 2201 2357 ὕδωρ
2248 2282 2375 2349 ζῶνο
2422 2282 2694 2355 ἀπεκρίθη
2742 2284 2775 2352 ἡ
2820 2283 2976 2354 γυνὴ,
3013 2301 3031 2333 ι
3064 2281 3409 2350 καταγνοῦσα
3443 2278 3605 2347 εαυτῆς

2058 2376 2150 2428 ἐπὶ
2182 2377 2247 2445 τῇ
2282 2374 2535 2445 κοινωνίᾳ
2556 2377 2621 2445 τῇ
2649 2374 2785 2445 πρὸς
2808 2373 2900 2427 τὸν
2926 2374 3161 2427 τοιοῦτον
3179 2373 3374 2443 ἄνδρα,
3404 2391 3423 2423 ι
3450 2373 3533 2426 καὶ
3551 2366 3609 2422 εἷ-

2060 2481 2180 2517 πενο
2212 2464 2325 2517 Οὐκ
2355 2463 2462 2535 ἔχω
2499 2464 2689 2535 ἄνδρα.
2726 2482 2749 2514 ι

402 2575 423 2608 ‹
461 2558 534 2609 Da
560 2554 690 2608 mihi
729 2554 868 2607 hanc
901 2563 1094 2618 aquam
1122 2549 1189 2616 ⁷⁸,
1221 2567 1241 2601 ι
1279 2563 1379 2602 nec
1404 2549 1590 2604 fallere
1629 2549 1809 2617 quiret
1838 2548 1928 2617 qui
1956 2553 2281 2618 prredixerat
2305 2553 2391 2606 ’δε
2432 2570 2450 2602 ι
2484 2552 2564 2605 Tu
2600 2552 2826 2606 forsitan
2882 2551 3131 2621 petiisses
3185 2552 3257 2606 ab
3320 2567 3407 2614 eo,
3438 2563 3487 2606 et
3530 2554 3607 2605 «le-

400 2649 573 2703 disset
613 2646 711 2701 tibi
743 2658 939 2714 aquam
983 2644 1207 2707 vivam;
1262 2642 1540 2710 respondit
1574 2640 1790 2705 mulier,
1826 2658 1846 2693 »
1885 2642 2254 2697 condemnans
2314 2644 2568 2714 seipsam,
2628 2645 2771 2713 quod
2812 2659 2934 2701 cum
2983 2646 3291 2716 hujusmodi
3354 2647 3465 2701 viro
3505 2661 3609 2700 con-

397 2745 736 2801 suetudinem
774 2740 1078 2803 habuisset,
1123 2755 1143 2790 t
1178 2746 1232 2792 et
1267 2737 1446 2792 dixit:
1501 2735 1618 2791 Non
1664 2736 1839 2791 habeo
1884 2737 2059 2791 virum
2095 2739 2160 2795 ⁷³.
2199 2757 2216 2791 ι

466 2837 523 2893 9.
557 2855 574 2889 ι
607 2836 746 2891 Dicit
787 2834 863 2888 illi
898 2832 1058 2888 Jesus
1107 2844 1123 2884 :
1170 2830 1313 2884 Bene
1368 2827 1576 2893 dixisti,
1632 2842 1741 2881 non
1800 2826 1970 2881 habeo

2141 2831 2195 2884 9.
2224 2849 2245 2881 ι
2286 2831 2447 2898 Λέγει
2475 2830 2610 2901 αὐτῇ
2634 2833 2663 2885 6
2707 2830 2930 2902 Ἰησοῦς·
2974 2832 3170 2897 Καλῶς
3201 2830 3386 2899 εἶπας,
3414 2836 3489 2888 ὅτι
3512 2835 3611 2887 Ἀν-

398 2933 450 2987 τί
465 2946 622 2986 rum:
659 2942 781 2981 nam
809 2925 1046 2994 quinque
1072 2922 1217 2975 viros
1248 2919 1516 2985 habuisti;
1552 2927 1606 2972 et
1628 2932 1771 2972 nunc
1799 2931 1961 2987 quem

396 3028 589 3089 habes,
619 3036 726 3077 non
775 3029 859 3074 est
898 3027 1020 3071 tuus
1065 3014 1189 3070 vir:
1227 3015 1328 3068 hoc
1361 3027 1488 3066 vere
1514 3012 1694 3066 dixisti
1724 3011 1821 3063 ⁷⁷.)
1857 3010 1961 3063 Ar-

402 3121 577 3174 bitror
602 3113 745 3186 quod
773 3112 951 3168 omnis
989 3110 1171 3164 anima
1202 3121 1322 3175 qua:
1345 3105 1705 3159 introducitur
1734 3104 1799 3157 ad
1820 3117 1962 3164 eam,

401 3225 522 3282 qum
551 3217 633 3263 est
666 3220 764 3274 per
797 3203 1129 3272 Scripturas,
1154 3199 1410 3270 pietatem
1454 3197 1508 3251 in
1541 3195 1781 3261 Christo,
1827 3195 1966 3251 inci-

400 3302 557 3371 piens
591 3297 656 3351 ab
689 3296 775 3349 his
809 3294 974 3349 rebus
1011 3306 1131 3361 qua:
1161 3289 1417 3344 sensibus
1462 3294 1591 3341 sunt
1632 3285 1879 3341 obnoxiae
1910 3295 1967 3340 et

402 3410 523 3465 qua:
562 3405 836 3460 corporeae
886 3395 1174 3449 vocantur,
1223 3384 1422 3438 habeat
1467 3381 1680 3450 priores
1727 3381 1968 3450 quinque

402 3486 553 3539 viros
601 3493 927 3549 unoquoque
983 3491 1145 3532 sensu
1181 3474 1358 3527 virum
1399 3472 1633 3540 aliquem
1691 3471 1965 3525 faciente:

402 3585 588 3647 postea
642 3588 772 3627 vero
826 3585 987 3639 quam
1040 3566 1222 3621 habita
1274 3563 1663 3619 consuetudine
1714 3578 1837 3617 cum
1886 3562 1970 3616 his

405 3684 528 3739 qua:
560 3683 724 3724 sensu
752 3663 1153 3735 percipiuntur,
1197 3674 1478 3727 emergere
1505 3659 1627 3726 quis
1661 3656 1868 3720 volens,
1915 3665 1971 3709 et

408 3775 709 3818 conversus
743 3759 809 3812 ad
842 3772 903 3812 ea
935 3770 1054 3825 qua:
1086 3754 1268 3808 animo
1319 3758 1635 3811 cernuntur,
1691 3748 1973 3817 impegerit

406 3851 462 3906 In
498 3863 802 3904 sermonem
836 3844 1169 3915 spiritualem
1202 3858 1306 3896 non
1343 3855 1552 3906 sanum,
1597 3846 1860 3908 prmequ
1895 3835 1974 3888 al-

405 3942 640 4012 legoriae,
675 3941 765 3994 hic
812 3946 935 4007 post
985 3939 1225 4007 quinque
1250 3934 1396 3987 viros
1429 3931 1494 3986 ad
1532 3939 1743 3985 sextum
1778 3931 1970 3995 pergil,

410 4035 559 4097 dato,
590 4041 651 4085 ut
681 4033 755 4085 ita
786 4032 985 4096 dicam,
1013 4028 1222 4097 repudii
1264 4024 1445 4080 libello
1486 4022 1723 4090 quinque
1759 4019 1971 4089 primis,

406 4134 463 4179 et
504 4125 802 4178 decernens
832 4136 955 4173 cum
1005 4128 1158 4173 sexto
1190 4116 1458 4172 habitare.
1496 4112 1635 4184 [(11)
1665 4111 1842 4177 Atque
1874 4108 1974 4161 do-

409 4228 509 4269 nec
537 4211 696 4267 Jesus
718 4214 949 4265 adventu
981 4225 1076 4264 suo
1104 4223 1201 4262 nos
1226 4208 1277 4260 in
1304 4205 1567 4274 ejusmodi
1605 4201 1705 4255 viri
1745 4213 1973 4267 conspe-

407 4317 553 4361 ctum
589 4317 1022 4371 consensumque
1075 4299 1316 4364 duxerit,
1356 4313 1479 4352 cum
1508 4296 1602 4350 illo
1620 4292 1972 4349 consuetudi-

407 4414 534 4454 nem
568 4396 831 4452 habemus
865 4402 918 4448 et
962 4389 1257 4463 vivimus];
1297 4402 1485 4443 verum
1524 4399 1646 4440 cum
1692 4381 1972 4436 advenerit

409 4488 603 4543 Sermo
648 4485 885 4548 Domini,
920 4482 1346 4550 disserueritque
1378 4477 1678 4539 nobiscum,
1713 4480 1975 4542 negantes

409 4580 556 4634 illum
584 4579 780 4642 virum,
806 4576 1035 4631 dicimus
1062 4591 1076 4626 :
1112 4592 1130 4625 ι
1168 4570 1285 4627 Non
1311 4570 1483 4625 habeo
1505 4569 1701 4631 virum,
1721 4583 1738 4617 ι
1758 4562 1975 4633 quando

404 4671 571 4725 etiam
622 4670 805 4724 laudat
854 4682 954 4722 nos
1006 4665 1303 4726 Dominus,
1353 4662 1585 4716 dicens:
1626 4677 1646 4710 ι
1694 4656 1839 4710 Bene
1887 4654 1973 4707 di--

404 4761 559 4827 xisti,
591 4777 693 4814 non
725 4759 896 4814 habeo
919 4758 1150 4812 virumn
1192 4752 1326 4808 illud
1352 4767 1478 4806 vero
1503 4768 1515 4803 :
1548 4768 1566 4801 ι
1589 4748 1704 4804 Hoc
1729 4761 1857 4801 vere
1887 4745 1972 4799 di-

407 4851 559 4915 xisti,
591 4870 609 4903 »
651 4850 812 4904 veluti
840 4848 1264 4921 objurgatorium
1295 4854 1399 4909 est,
1434 4842 1657 4913 perinde
1677 4838 1830 4908 quasi
1859 4854 1973 4890 nm-

404 4938 583 4996 iieriu
616 4938 983 5008 superioribus
1019 4954 1124 4994 non
1172 4950 1301 4991 vera
1346 4932 1564 4989 dixerit.
1621 4932 1700 4985 Ac
1745 4928 1973 4983 fortasse

409 5048 599 5087 verum
637 5031 764 5086 illud
792 5045 897 5086 non
930 5039 1089 5086 erat:
1133 5049 1153 5082 ι
1188 5030 1308 5084 Non
1350 5034 1644 5083 coutuntur
1667 5020 1835 5078 Judaai
1870 5017 1972 5073 Sa-

2062 2923 2166 2995 δρα
2214 2921 2316 2975 οὐκ
2360 2921 2485 2992 ἔχω·
2529 2923 2686 2975 πέντε
2720 2923 2828 2995 γὰρ
2868 2923 3065 2994 ἄνδρας
3096 2924 3275 2995 ἔσχες
3313 2927 3409 2979 καὶ
3442 2925 3528 2980 νῦν
3563 2924 3608 2977 ὃν

2064 3015 2226 3085 ἔχεις,
2279 3014 2380 3067 οὐκ
2430 3013 2543 3065 ἐστι
2592 3030 2684 3066 σου
2721 3015 2877 3085 ἀνήρ·
2915 3013 3071 3067 τοῦτο
3103 3014 3302 3085 ἀληθὲς
3333 3015 3559 3085 εἴρηκας.
3590 3033 3605 3065 ο

2065 3099 2231 3173 Οἶμαι
2255 3103 2365 3172 (Mi
2398 3105 2578 3157 πᾶσαν
2603 3103 2701 3174 τὴν
2732 3103 3090 3173 εἰσαγομένην
3120 3102 3301 3173 ψυχὴν
3340 3106 3415 3168 είς
3439 3102 3609 3174 τὴνδώ

2064 3194 2172 3247 τῶν
2200 3194 2431 3266 Γραφῶν
2463 3198 2520 3248 ὲν
2563 3194 2782 3265 Χριστῷ
2816 3192 3143 3256 θεοσέϐειαν,
3176 3193 3288 3247 ἀπὸ
3318 3194 3424 3248 τῶν
3448 3192 3609 3262 αίσθη·

2066 3284 2174 3339 τῶν
2203 3287 2296 3338 καὶ
2328 3284 2650 3356 σωματικῶν
2679 3283 2983 3354 λεγομένων
3015 3284 3346 3355 ἀρχομένην,
3375 3285 3491 3346 τοὺς
3510 3284 3610 3335 πέν-

2066 3393 2127 3428 τε
2153 3376 2350 3447 ἄνδρας
2378 3376 2498 3430 καθ’
2532 3377 2767 3447 ἑκάστην
2794 3375 2901 3429 τῶν
2948 3375 3252 3447 αἰσθήσεων
3281 3376 3468 3447 ἀνδρός
3491 3392 3607 3436 τινος

2069 3466 2351 3537 γινομένου
2395 3467 2557 3537 ἔχειν·
2602 3466 2740 3519 ὲπὰν
2771 3466 2828 3519 δὲ
2862 3466 2999 3536 μετὰ
3042 3467 3103 3519 τὸ
3139 3466 3473 3538 ὡμιληκέναι
3521 3469 3606 3529 τοῖς

2070 3556 2365 3627 αἰσθητοῖς,
2400 3555 2676 3624 ἁνακῦψαί
2711 3573 2794 3619 τις
2820 3555 3010 3621 θέλων,
3041 3557 3136 3610 καὶ
3173 3557 3503 3628 προτραπεὶς
3538 3558 3606 3607 ἐπὶ

2070 3649 2138 3701 τὰ
2169 3647 2351 3718 νοητὰ,
2399 3648 2665 3720 περιτύχῃ
2692 3647 2835 3718 λόγῳ
2863 3649 3131 3720 προφάσει
3171 3649 3493 3720 ἀλληγορίας
3535 3647 3607 3698 καὶ

2072 3739 2455 3810 πνευματικῶν
2485 3740 2584 3809 οὐχ
2616 3739 2931 3807 ὑγιαίνοντι,
2960 3735 3112 3804 οὗτος
3145 3740 3288 3811 μετὰ
3319 3742 3439 3803 τοὺς
3476 3738 3604 3789 πέντε

2072 3834 2271 3904 ἄνδρας
2301 3832 2471 3903 ἑτέρῳ
2496 3831 2874 3903 προσέρχεται,
2918 3831 3060 3896 δοὺς,
3103 3832 3169 3885 ἵν’
3200 3832 3373 3895 οὕτως
3405 3831 3542 3892 εἴπω,
3564 3827 3605 3879 τὸ

2074 3926 2399 3979 ἀποστάσιον
2430 3927 2542 3987 τοῖς
2578 3923 2861 3996 προτέροις
2892 3924 3077 3983 πέντε,
3111 3923 3205 3976 καὶ
3241 3926 3438 3995 κρίνων
3469 3939 3605 3975 συνα-

2079 4020 2191 4071 κεῖν
2212 4016 2288 4087 τῷ
2308 4016 2471 4087 ἕκτῳ.
2495 4015 2607 4069 Καὶ
2634 4015 2735 4079 ἕως
2769 4014 2835 4069 ἄν
2850 4031 2914 4083 γε
2943 4014 3055 4084 (15)
3082 4013 3251 4066 ἐλθὼν
3275 4017 3306 4068 6
3337 4013 3522 4085 Ἰησοῦς
3546 4012 3605 4072 εἰς

2082 4107 2425 4177 συναίσθησιν
2445 4107 2589 4176 ἡμᾶς
2622 4104 2802 4175 ἀγάγῃ
2830 4105 2923 4158 τοῦ
2950 4104 3188 4157 τοιούτου
3218 4105 3425 4177 ἀνδρὸς,
3450 4105 3603 4169 ἐκείνῳ

2078 4198 2363 4268 σύνεσμενο
2418 4198 2662 4259 ἐλθόντος
2695 4196 2752 4248 δὲ
2798 4196 2890 4249 τοῦ
2936 4196 3137 4267 Κυρίου
3183 4197 3378 4264 Λόγου,
3406 4197 3491 4248 καὶ
3515 4194 3602 4245 δια-

2074 4289 2351 4360 λεχθέντος
2367 4291 2517 4360 ἡμῖν,
2535 4287 2856 4359 ἀρνούμενοι
2871 4289 3073 4340 ἐκεῖνον
3106 4286 3197 4342 τὸν
3221 4288 3405 4359 ἄνδρα,
3439 4283 3597 4354 φαμέν

2082 4398 2100 4430 ι
2134 4380 2247 4432 Οὐκ
2280 4378 2386 4448 ἔχω
2414 4378 2598 4447 ἄνδραο
2639 4395 2658 4429 ι
2708 4377 2798 4430 ὅτε
2842 4378 2936 4430 καὶ
2968 4378 3179 4430 ἐπαινεῖ
3213 4378 3359 4447 ἡμᾶς
3383 4378 3409 4428 6
3438 4374 3600 4443 Κύριος

2075 4471 2265 4540 λέγων’
2295 4491 2324 4519 σ
2356 4468 2550 4531 Καλῶς
2581 4464 2762 4532 εἶπας,
2799 4470 2881 4521 ὅτι
2904 4468 3017 4521 Οὐκ
3049 4467 3158 4537 ἔχω
3182 4467 3368 4540 ἄνδρα.
3405 4486 3423 4518 ι
3458 4465 3520 4518 Τὸ
3540 4463 3597 4523 δὲ,

2083 4581 2102 4613 ι
2132 4559 2301 4614 Τοῦτο
2324 4559 2520 4630 ἀληθὲς
2546 4560 2789 4632 εἴρηκας,
2819 4578 2837 4611 ι
2862 4558 3025 4611 οἱονεὶ
3046 4558 3357 4626 ἐλεγκτικόν
3374 4559 3520 4618 ἐστιν,
3543 4553 3599 4613 ὡς

2077 4651 2184 4705 τῶν
2209 4649 2486 4722 προτέρων
2514 4650 2613 4704 οὐκ
2640 4649 2852 4719 ἀληθῶς
2874 4650 2964 4704 ὑπ’
2998 4650 3167 4720 αὐτῆς
3184 4649 3491 4720 εἰρημένων.
3518 4642 3597 4696 Καὶ

2078 4742 2218 4812 τάχα
2259 4742 2359 4795 οὐκ
2397 4738 2466 4812 ἦν
2495 4741 2690 4811 ἀληθὲς
2721 4740 2800 4794 τό·
2854 4759 2873 4791 ‹
2906 4741 2981 4793 υὺ
3017 4739 3357 4811 συγχρῶνται
3404 4736 3597 4791 Ἰουδαῖοι

2079 4833 2463 4905 Σαμαρείταις·
2495 4852 2514 4883 ι
2546 4832 2708 4897 αὐτὸς
2740 4831 2871 4901 γοῦν
2895 4834 2923 4884 ὁ
2965 4831 3190 4901 Ἰησοῦς,
3225 4830 3303 4894 ὡς
3323 4833 3377 4884 ἐν
3408 4830 3503 4891 τοῖς
3518 4822 3595 4894 πρὸ

2077 4922 2279 4975 τούτων
2306 4924 2624 4994 εἰρήκαμεν,
2668 4923 2968 4993 συγχρῆται
3015 4920 3394 4992 Σαμαρείταις,
3432 4919 3504 4970 ἵνα
3530 4911 3595 4965 καὶ

2077 5014 2273 5079 αὐτοὺς
2298 5014 2572 5085 ὠφελήσῃ.
2606 5015 2720 5067 Οὐκ
2747 5013 2940 5085 ἀληθὲς
2963 5014 3021 5069 δὲ
3051 5014 3144 5066 καὶ
3166 5012 3248 5065 τόδ
3266 5031 3284 5063 ι
3309 5011 3436 5065 Οὔτε
3450 5003 3596 5073 dinin-

475 5213 970 5280 "Rom.vt,9,10.
1045 5212 1569 5279 "llebr.x,12,15.
1643 5208 1855 5264 "Joan.
1891 5203 2057 5270 tv,16.
2131 5196 2178 5227 ⁷⁸
2200 5196 2329 5251 ibid.
2362 5194 2441 5249 l5.
2516 5196 2562 5228 ⁷⁸
2584 5194 2712 5249 ibid.
2741 5193 2827 5248 10.
2904 5192 2953 5224 "
2975 5192 3103 5248 ibid.
3149 5192 3233 5246 17.
3307 5192 3350 5223 ⁷⁷
3390 5184 3502 5243 ibid.
3529 5177 3592 5243 i7:

404 5286 492 5341 18.

480 5395 592 5468 (11)
621 5396 747 5451 llaec
811 5410 840 5448 a
886 5394 1128 5449 Personii
1174 5392 1623 5464 interpretatione
1669 5391 1978 5459 deprompta

411 5478 593 5603 sualé)
644 5534 1087 5605 Διελεγχθῆναι.
1124 5534 1217 5589 Sic
1252 5533 1422 5587 codex
1458 5529 1816 5593 Bodleianus;
1877 5527 1980 5581 Rc-

414 5606 1139 5678 gitislotahexeﬁvat,male:
1237 5673 1269 5678 _
1355 5674 1364 5678 _
1440 5673 1452 5678 _
1533 5671 1545 5678 _
1711 5668 1749 5678 __

485 5675 596 5743 (l5)
627 5667 916 5748 l’erjicr'am
937 5667 996 5732 in
1023 5676 1210 5732 codice
1237 5673 1404 5744 Regio
1440 5671 1663 5742 legitur,
1700 5668 1832 5723 ἀλλὰ
1865 5667 1977 5737 ἰδίῳ

2090 5378 2491 5536 “Emi—ﬁmi.
2527 5443 2617 5500 Sic
2646 5449 2811 5504 codex
2842 5446 3206 5511 Bodleianus;
3250 5443 3456 5516 Regius,
3491 5446 3585 5506 pef-

2086 5537 2293 5591 pcram,
2333 5532 2489 5570 ειναι.
3509 5575 3518 5585 ⁸

2096 5663 2116 5677 η
2155 5593 2268 5661 (lii)
2302 5587 2446 5652 Ἕως
2481 5586 2556 5639 ἄν
2593 5605 2676 5656 γε,
2716 5591 2804 5648 Sic
2832 5589 2999 5648 codex
3029 5585 3381 5651 Bodleianus;
3411 5579 3587 5645 Regius,

2086 5682 2158 5728 ως
2186 5679 2269 5731 γε.
