3702 6142
155 320 255 372 415

1199 315 1556 375 (ΣΟΜΜΕΝΤ.
1592 313 1660 370 IN
1695 310 1886 368 JOAN.
1924 305 2161 364 TOMUS
2203 304 2338 361 XIII.
2383 344 2392 352 .

3283 289 3383 344 411

155 454 225 508 μα
250 435 389 507 ἔχεις
439 435 531 487 καὶ
552 433 611 487 τὸ
640 434 820 506 φρέαρ
843 435 957 488 ἐστὶ
978 432 1133 505 βαθύ⁶
1171 455 1188 487 ι
1219 436 1359 507 τάχα
1385 435 1442 489 δὲ
1461 435 1561 488 οὐκ
1586 433 1720 504 ἀλη-
1746 481 1762 522 Α

1934 428 2105 482 'itauis
2128 426 2198 491 ⁷⁸,
2223 446 2241 479 ι
2271 426 2386 493 ipso
2411 421 2558 483 Jesu,
2586 427 2645 472 ut
2667 416 2718 470 in
2744 409 3110 482 superioribus
3131 405 3387 470 diximus,

2101 518 2111 523 -
2239 519 2250 523 -
2313 519 2325 523 -
2655 508 2687 523 η
2746 521 2771 523 κ-
2792 503 3011 523 --ξμ-Α-
3071 508 3123 523 ...
3156 497 3260 523 un-
3304 508 3387 523 M4

155 528 236 593 θὲς
266 527 357 582 καὶ
379 527 459 581 τό·
507 497 697 581 ’ῐακῶϐ
739 497 804 580 ὲκ
834 527 927 581 τοῦ
962 497 1196 600 φρέατος
1239 497 1381 593 ἔπιε,
1411 530 1506 582 καὶ
1537 529 1584 580 οἱ
1614 497 1716 580 υἱοὶ
1746 497 1762 522 λ

1934 518 2209 574 ιηιετοίιιιιι
2239 519 2472 571 habente
2501 528 2624 567 cum
2655 503 3035 567 Samaritanis,
3071 508 3129 552 ut
3156 497 3263 552 illis
3303 508 3390 546 es-

152 620 325 682 αὐτοῦ,
353 621 445 674 καὶ
478 620 546 674 τά
590 620 885 693 θρέμματα
928 621 1114 676 αὑτοῦ·
1150 624 1200 674 εἰ
1243 622 1351 695 γὰρ
1388 624 1485 693 οὐχ
1517 622 1716 693 ὁμοίως

152 712 259 767 ἔπιε
286 716 350 784 τῇ
374 713 724 784 Σαμαρείτιδι
754 716 783 767 ὁ
815 712 1031 777 Ἰακὼϐ,
1060 715 1155 767 καὶ
1183 715 1232 767 οἱ
1264 716 1371 767 υἱοὶ
1403 714 1588 779 αὐτοῦ,
1622 713 1716 767 καὶ

152 803 215 859 τά
242 802 524 874 θρέμματα
553 802 739 867 αὐτοῦ,
760 801 932 857 οἴεται
950 803 1056 875 δὲὴ
1077 803 1404 876 Σαμαρεῖτις
1429 801 1489 855 τὸ
1512 803 1715 873 ὅμοιον,

1822 624 1906 669 set
1951 612 2286 683 adiumento.
2327 609 2405 661 Ac
2457 621 2525 660 ne
2569 602 2697 658 illud
2745 597 2964 669 quidem
3011 606 3199 647 verum
3256 597 3389 644 est:

1828 724 1846 755 ε
1886 703 2071 773 Neque
2106 697 2444 755 haustorium
2471 695 2661 758 habes,
2685 700 2735 746 et
2760 697 2957 760 puteus
2976 683 3117 739 altus
3141 691 3231 737 est
3254 677 3302 713 "
3325 697 3340 732 :
3363 695 3387 732 ι

1824 797 2071 855 fortassis
2099 794 2262 849 etiam
2290 803 2467 861 neque
2511 786 2662 845 illud.
2715 781 2858 852 quod
2902 777 3070 833 Jacoh
3116 791 3186 831 ex
3231 781 3394 844 puteo

154 897 236 952 καί
251 895 440 950 ταυτὸν
475 896 652 966 πάντη
685 863 846 949 ποτὸν
886 863 1202 950 πεπωκένάι
1355 863 1570 960 Ἰακὼϐ,
1620 863 1717 948 καί

1934 890 2047 952 arit,
2082 897 2138 943 et
2171 885 2266 940 ﬁlii
2297 883 2437 951 ejus,
2484 891 2539 934 et
2586 892 2783 950 pecora
2809 874 2925 945 ejus
2946 872 3030 936 ⁸⁰;
3064 884 3187 922 nam
3222 867 3267 922 si
3295 863 3393 921 Ja—

152 992 254 1053 τοῖς
271 990 402 1053 υἰοῖς
418 989 608 1055 αὐτοῦ,
639 989 736 1042 καὶ
762 991 876 1053 τοῖς
898 989 1208 1062 θρέμμασιν
1231 957 1416 1054 αύτοῦ,
1435 957 1614 1060 δῆλον,
1637 988 1720 1042 δτι

1934 1024 1944 1048 ,
1985 990 2041 1036 et
2074 979 2167 1034 ﬁlii
2202 979 2340 1048 ejus,
2373 984 2428 1031 et
2456 988 2649 1045 pecora
2690 967 2828 1037 ejus,
2868 980 2975 1020 non
3019 960 3269 1017 similiter
3311 957 3395 1014 bi-

154 1084 411 1155 ψεύδεται.

1824 1079 2041 1138 berunt,
2076 1083 2137 1127 ut
2177 1071 2371 1125 mulier
2402 1064 2710 1128 Samaritis,
2759 1058 3142 1125 existimatque
3183 1051 3274 1107 illa
3321 1050 3399 1105 si—

156 1180 321 1234 milem
351 1191 410 1234 se
429 1177 655 1235 onmino
686 1187 868 1248 potum
893 1188 1057 1250 atque
1080 1179 1335 1234 eumdem
1363 1178 1569 1234 bibisse
1615 1192 1741 1232 cum
1791 1174 1988 1235 Jacob,
2016 1182 2070 1227 et
2097 1170 2222 1225 ﬁliis
2251 1167 2387 1237 eius,
2417 1175 2470 1219 et
2499 1160 2789 1233 pecoribus
2846 1153 2983 1222 eius,
3049 1148 3397 1222 perspicuum

157 1285 232 1331 est
257 1274 385 1329 falsa
416 1289 538 1329 eam
564 1276 787 1330 dixisse.

220 1368 299 1423 1θ.
334 1368 564 1439 Ἶδωμεν
600 1368 656 1420 δὲ
693 1370 790 1423 καὶ
832 1367 903 1422 τά
956 1369 1334 1441 Ἡρακλέωνος
1375 1371 1456 1434 εἰς
1493 1368 1620 1431 τοὺς
1646 1367 1732 1421 τό-

158 1477 302 1524 πους,
333 1460 483 1525 ὅστις
508 1461 676 1532 φησὶν
699 1462 906 1526 ἄτονον,
933 1463 1027 1516 καὶ
1050 1462 1404 1534 πρόσκαιρον,
1432 1463 1526 1515 καὶ
1540 1460 1737 1515 ἐπιλεί-

1903 1360 2070 1432 220
2105 1356 2186 1412 10.
2222 1353 2327 1410 Sed
2355 1352 2465 1420 jam
2493 1348 2772 1403 videamus
2807 1341 2934 1411 quid
2964 1335 3260 1393 Heracleon
3296 1333 3403 1387 hoc

1829 1457 1882 1510 in
1910 1456 2030 1509 loco
2060 1450 2303 1505 sentiat:
2337 1443 2514 1513 inquit
2559 1449 2740 1493 autem
2789 1434 3020 1507 [fontem
3068 1424 3270 1498 illum,]
3304 1425 3407 1478 im-

158 1566 348 1604 πουσαν
396 1514 618 1620 ἐκείνην
648 1514 927 1620 γεγονέναι
1333 1514 1577 1621 κάὶτὴν
1612 1551 1732 1603 κατ’

1934 1543 2103 1608 illem,
2128 1549 2185 1593 et
2220 1531 2631 1605 temporariam,
2663 1535 2718 1582 et
2750 1524 3091 1579 deiicientem
3117 1518 3285 1572 fuisse
3319 1514 3405 1567 vi-

158 1641 309 1714 αὐτὴν
336 1641 514 1707 δόξαν-
548 1607 787 1715 κοσμικὴ
807 1644 936 1716 γὰρ,
972 1607 1157 1715 φησιν,
1321 1643 1416 1696 καί
1438 1607 1609 1696 οἴεται
1638 1640 1732 1695 τοῦ

1934 1655 1963 1699 ι,
1986 1607 2236 1700 illiusque
2258 1627 2524 1698 gloriam;
2556 1616 2826 1674 mundana
2846 1614 3014 1679 enim,
3034 1607 3231 1680 inquit,
3249 1613 3368 1661 erat
3388 1644 3404 1669 ,

160 1736 409 1806 κοσμικὴν
434 1735 609 1807 αὐτὴν
636 1732 774 1791 εἶναι
813 1736 1085 1802 ἀπόδειξιν
1119 1736 1305 1808 φέρειν
1338 1738 1405 1789 ὲκ
1430 1734 1527 1788 τοῦ
1559 1733 1731 1806 θρέμ-
1762 1773 1803 1826 Β

161 1845 293 1898 ματα
324 1827 418 1882 τού
476 1827 676 1881 Ἰακὼϐ
721 1826 781 1894 ἐξ
826 1828 999 1898 αὐτῆς
1046 1827 1382 1881 πεπωκέναι·
1425 1826 1520 1879 καὶ
1546 1826 1595 1879 εἰ
1631 1826 1729 1896 μὲν

159 1924 352 1986 ἄτονον,
378 1925 475 1976 καὶ
510 1922 872 1995 πρόσκαιρον,
903 1923 998 1976 καὶ
1040 1920 1426 1975 ἐπιλείπουσαν
1457 1918 1731 1990 ἐλάμϐανε

157 2013 247 2085 τὴν
280 2014 343 2066 ὲκ
405 2013 609 2084 μέρους
652 2012 873 2082 γνῶσιν,
918 2013 1037 2085 ἦτοι
1082 2015 1151 2084 τῇ
1196 2011 1305 2067 άπὸ
1340 2010 1449 2064 τῶν
1498 2008 1733 2082 Γραφῶν

161 2108 429 2178 συγκρίσει
439 2107 550 2162 τῶν
570 2108 824 2180 ἀρρήτων
846 2106 1128 2178 ῥημάτων,
1142 2106 1178 2160 δι
1197 2104 1298 2158 οὐκ
1323 2102 1441 2168 ὲξὸν
1463 2101 1734 2175 ἀνθρώπῳ

160 2198 395 2270 λαλῆσαι,
425 2200 610 2253 πᾶσαν
632 2199 731 2271 τὴν
758 2199 855 2252 νῦν
891 2198 957 2252 δι’
996 2196 1262 2267 ἐσόπτρου
1294 2195 1389 2250 καὶ
1416 2195 1737 2264 αἰνίγματος

163 2292 438 2363 γινομένην
466 2291 691 2362 γνῶσιν,
725 2289 1202 2362 καταργουμένην,
1230 2288 1359 2341 ὅταν
1404 2286 1531 2357 ἔλθῃ
1566 2285 1627 2338 τὸ
1651 2286 1739 2338 τέ-

164 2382 313 2449 λειον,
345 2384 530 2439 οὑκ-ἃν
560 2384 695 2439 αὐτὸ
724 2383 1146 2454 ὲνεκαλέσαμεν·
1180 2382 1229 2434 εἰ
1252 2379 1484 2451 δὲ’ὑπὲρ
1504 2377 1597 2431 τοῦ
1620 2377 1737 2430 δια-

166 2476 363 2530 ϐάλλειν
386 2480 455 2531 τά
501 2476 710 2531 παλαιὰ
735 2474 895 2529 τοῦτο
924 2477 1086 2539 ποιεῖ,
1114 2471 1406 2543 ἐγκλητέος
1441 2472 1505 2524 ἂν
1532 2470 1640 2540 εἴη.
1673 2471 1738 2521 Ὃ

166 2569 218 2622 δὲ
256 2568 464 2623 δίδωσιν
509 2568 658 2640 ὕδωρ
683 2570 712 2621 ὁ
738 2567 946 2640 Σωτὴρ,
982 2568 1145 2638 φησὶν
1173 2562 1309 2620 εἶναι
1337 2567 1401 2618 ὲκ
1432 2562 1524 2616 τοῦ
1564 2560 1738 2615 Πνεύ-

171 2678 325 2732 ματος
354 2662 447 2715 καὶ
483 2662 596 2739 τῆς,
618 2660 900 2731 δυνάμεως
928 2658 1093 2713 αὑτοῦ
1111 2699 1126 2724 ,
1152 2657 1212 2711 οὐ
1239 2655 1582 2726 ψευδόμενος·
1640 2652 1742 2706 καὶ

170 2756 242 2818 εἰς
269 2755 347 2808 τό·
371 2774 389 2807 ι
425 2754 500 2808 Οὐ
538 2754 615 2825 μὴ
641 2753 857 2825 διψήσει
885 2752 944 2805 δὲ
963 2755 1044 2816 εἰς
1071 2751 1163 2804 τὸν
1193 2748 1386 2813 αἰῶνα,
1418 2767 1438 2799 ι
1473 2745 1746 2801 ἀποδέδω-

171 2864 256 2901 κεν
283 2849 467 2912 αὐταῖς
499 2847 714 2913 λέξεσιν
741 2845 933 2910 οὕτως’
974 2864 996 2897 ἰ
1038 2842 1266 2907 Αἱώνιος
1294 2842 1405 2914 γὰρ
1435 2844 1469 2912 ἡ
1508 2839 1622 2910 ζωὴ
1643 2837 1742 2891 αὐ-

169 2940 275 3007 τοῦ,
301 2942 391 2997 καὶ
424 2941 696 3013 μηδέποτε
720 2939 1072 3012 φθειρομένη,
1098 2939 1175 3002 ὡς
1197 2937 1292 2991 καὶ
1333 2938 1366 3008 ἡ
1396 2933 1586 3007 πρώτη
1619 2934 1653 3004 ἡ
1680 2933 1746 2984 ὲκ

168 3034 257 3088 τοῦ
287 3035 537 3106 φρέατος,
560 3033 697 3087 ἀλλὰ
722 3033 976 3104 μένουσα’
1004 3031 1367 3101 ἀναφαίρετος
1395 3026 1503 3098 γὰρ
1521 3029 1554 3097 ὴ
1584 3025 1746 3095 χάρις

1834 1738 1889 1782 et
1911 1725 2189 1781 existimat
2219 1697 2280 1776 se
2317 1711 2838 1772 demonstrationem
2883 1704 3081 1761 aﬁ‘erre
3114 1701 3251 1775 [per
3289 1697 3410 1752 fon-

1836 1817 1978 1890 tem]
2012 1812 2309 1886 signiﬁcari
2338 1810 2505 1865 vitam
2532 1802 2894 1866 mundanam,
2926 1813 2992 1852 eo
3029 1795 3174 1866 quod
3210 1803 3407 1862 pecora

1834 1885 2004 1965 Jaco—b
2047 1885 2115 1963 ex
2151 1922 2217 1962 eo
2258 1903 2536 1965 biberint;
2584 1908 2639 1951 et
2673 1894 2940 1964 siquidem
2973 1885 3322 1948 imbecillem,
3355 1889 3411 1934 et

1836 2000 2241 2072 temporariam,
2273 2005 2329 2048 et
2360 1991 2702 2046 deﬁcientem
2730 1987 3029 2053 accepisset
3047 1976 3408 2048 cognitionem

1835 2110 1955 2152 eam
1979 2106 2101 2162 quae
2124 2098 2209 2143 est
2239 2103 2305 2142 ex
2336 2092 2489 2155 parte
2512 2084 2581 2149 δι,
2611 2094 2806 2150 nempe
2827 2075 3188 2146 cognitionem
3213 2083 3244 2123 e
3267 2066 3416 2121 Scri-

1837 2185 2012 2256 pturis
2056 2178 2495 2253 provenientem,
2531 2169 2946 2242 comparatione
2986 2163 3275 2219 verborum
3330 2157 3414 2210 in-

1839 2250 2134 2334 dicibilium
2166 2282 2221 2327 et
2244 2285 2369 2342 qua:
2400 2269 2467 2323 ad
2492 2266 2767 2323 hominem
2803 2258 2988 2329 eloqui
3015 2272 3121 2311 non
3142 2261 3227 2310 est
3244 2251 3321 2305 l‘as
3346 2250 3415 2311 ⁸³,

1838 2383 2056 2427 omnem
2113 2365 2324 2421 scilicet
2355 2369 2678 2431 praesentem
2722 2351 3107 2425 cognitionem,
3158 2359 3280 2416 quae
3322 2355 3420 2410 per

1839 2462 2123 2534 speculum
2165 2466 2248 2513 est
2279 2464 2337 2509 et
2364 2469 2461 2523 per
2485 2451 2715 2520 aenigma
2742 2447 2814 2508 ⁸³,
2842 2454 2899 2498 et
2938 2456 3058 2511 quae
3094 2435 3418 2495 destruitur,

1840 2529 1964 2611 cum
2005 2551 2216 2608 venerit
2260 2546 2391 2602 illud
2415 2543 2559 2614 quod
2589 2538 2889 2611 perfectum
2914 2543 2999 2590 est
3038 2531 3107 2599 ⁸⁸,
3137 2529 3421 2596 haudqua-

1843 2663 2007 2720 quam
2033 2646 2161 2701 illud
2188 2638 2768 2714 reprehendissemus;
2806 2631 2891 2685 sin
2920 2640 3048 2681 vero
3080 2624 3260 2678 isthuc
3310 2620 3422 2690 agit

1844 2712 1904 2794 ut
1941 2712 2307 2807 reprehendat
2352 2739 2577 2795 vetera,
2614 2716 3097 2794 reprehendendus
3144 2721 3229 2768 est
3281 2712 3420 2779 ipse.

1843 2800 2019 2889 Porro
2035 2828 2179 2899 quod
2214 2827 2293 2880 ait
2324 2836 2523 2893 aquam
2559 2832 2721 2889 quam
2759 2815 2854 2869 dat
2885 2812 3163 2871 Servator,
3196 2819 3263 2859 ex
3296 2800 3425 2870 Spi-

1847 2923 1960 2978 ritu
1986 2935 2107 2975 esse
2139 2928 2194 2973 et
2219 2932 2284 2972 ex
2324 2915 2494 2984 ipsius
2520 2908 2787 2981 potentia,
2844 2916 2970 2956 vera
3017 2907 3242 2953 narrat:
3291 2895 3424 2964 quin

1852 3019 1968 3073 hac
2003 3014 2168 3069 verba
2197 3030 2212 3067 :
2252 3029 2271 3063 ι
2306 3009 2422 3064 Νοιι
2473 3006 2629 3062 sitiet
2663 3003 2717 3056 in
2767 3006 3030 3053 aeternum
3060 2991 3128 3056 ⁸⁸,
3161 3007 3181 3042 ι
3235 2986 3425 3042 iisdem

181 3077 255 3088 m
289 3077 319 3104 τ
362 3077 697 3099 -υ--νν-σ-ηπ
763 3077 957 3086 un".
1007 3077 1365 3101 -νπτντμ-.
1408 3077 1494 3098 ,ης
1529 3077 1554 3097 κ,
1588 3077 1672 3095 ηρ,
1725 3077 1743 3087 ,

174 3128 258 3183 καὶ
282 3077 517 3203 ἡιϐωρεὰ
542 3126 640 3181 τοῦ
664 3077 914 3198 Σαῗτῆρος
934 3124 1112 3196 ἡμῶν,
1144 3123 1240 3177 καὶ¹
1277 3122 1352 3194 μὴ
1386 3118 1746 3188 ἀναλισκομέ-

1934 3123 1989 3163 ne
2034 3105 2219 3161 verbis
2269 3104 2666 3169 interpretatus
2710 3100 2813 3158 est,
2855 3090 2937 3144 sic
2983 3085 3209 3139 dicens:
3245 3097 3266 3131 ι
3302 3077 3425 3130 Vita

172 3237 254 3291 νη,
280 3221 408 3293 μηδὲ
453 3218 788 3291 φθειρομένη
818 3220 878 3271 ὲν
922 3216 1002 3288 τῷ
1050 3215 1327 3289 μετέχοντι
1358 3213 1467 3286 (16)
1498 3212 1685 3283 αὐτῆς.
1723 3230 1742 3263 ι

174 3313 523 3387 Φθειρομένην
561 3313 622 3366 δὲ
668 3313 771 3383 τὴν
804 3308 1029 3382 πρώτην
1085 3309 1263 3372 διδοὺς
1310 3304 1449 3361 εἶναι
1490 3306 1656 3378 ζωὴν,
1696 3305 1748 3357 εἰ

180 3406 269 3477 μὲν
290 3407 385 3480 τὴν
410 3407 556 3461 κατὰ
595 3405 658 3458 τὸ
691 3404 926 3478 γράμμα
959 3402 1133 3471 ἔλεγε,
1171 3399 1349 3473 ζητῶν
1370 3401 1437 3471 τῇ
1468 3395 1750 3469 περιαιρέ-

178 3514 251 3554 σει
281 3498 370 3553 τοῦ
400 3499 762 3571 καλύμματος
804 3496 1115 3566 γινομένην,
1148 3493 1182 3564 ἢ
1216 3491 1356 3547 κατὰ
1399 3491 1460 3544 τὸ
1504 3488 1749 3560 Πνεῦμα,

179 3592 262 3645 καὶ
289 3592 579 3663 εὑρίσκων,
617 3590 786 3659 ὑγιῶς
816 3589 881 3644 ἂν
914 3588 1119 3657 ἔλεγεν·
1169 3588 1218 3639 εἰ
1251 3585 1307 3638 δὲ
1336 3585 1514 3653 πάντη
1545 3581 1753 3653 φθορὰν

179 3689 459 3756 κατηγορεῖ
488 3684 603 3737 τῶν
636 3682 903 3746 παλαιῶν,
938 3681 1119 3750 δῆλον,
1145 3680 1229 3732 ὅτι
1264 3676 1425 3730 τοῦτο
1466 3677 1628 3741 ποιεῖ,
1678 3673 1755 3736 ὡς

183 3774 251 3845 μὴ
276 3775 412 3846 ὁρῶν
440 3775 509 3828 τὰ
538 3773 723 3845 ἀγαθὰ
768 3772 876 3825 τῶν
907 3771 1204 3843 μελλόντων
1243 3768 1386 3839 ἔχειν
1427 3769 1609 3821 ἐκεῖνα
1642 3762 1753 3834 (17)

178 3864 270 3937 τὴν
302 3866 476 3922 σκιάν.
507 3866 628 3919 Οὐκ
657 3866 935 3926 ἀπιθάνως
964 3863 1021 3915 δὲ
1056 3861 1138 3925 τὸ,
1168 3858 1530 3930 ἁλλομένου,
1561 3854 1755 3926 διηγή-

181 3970 321 4019 σατο,
359 3957 603 4019 καὶτοὺς
638 3954 1151 4026 μεταλαμϐάνοντας
1178 3950 1271 4004 τοῦ
1305 3948 1510 4005 ἄνωθεν
1531 3949 1755 4018 ὲπιχορι-

181 4049 471 4120 ηγουμένου
519 4047 815 4110 πλουσίως,
860 4046 954 4098 καὶ
1010 4044 1207 4108 αὐτοὺς
1242 4040 1502 4096 ἐκϐλύσαι
1543 4041 1624 4102 εἰς
1657 4038 1757 4109 τὴν

185 4140 375 4211 ἑτέρων
422 4140 645 4195 αἰώνιον
691 4138 835 4210 ζωὴν
882 4138 950 4192 τὰ
996 4133 1511 4207 ὲπικεχορηγημένα
1552 4132 1754 4195 αὐτοῖς.

195 4228 342 4285 Ἀλλά
366 4233 460 4285 καὶ
492 4232 707 4285 ἐπαινεί
729 4229 827 4301 τὴν
854 4230 1181 4301 Σαμαρεῖτιν
1207 4225 1283 4289 ὡς
1307 4221 1758 4293 άνενδειξαμένην

182 4323 275 4394 τὴν
301 4325 612 4397 ἀδιάκριτον
647 4323 743 4377 καὶ
784 4321 1118 4393 κατάλληλον
1148 4322 1214 4391 τῇ
1248 4317 1408 4388 φύσει
1437 4315 1637 4386 ἑαυτῆς
1668 4313 1759 4366 πί-

1851 3203 1994 3258 enim
2036 3210 2238 3255 mterna
2271 3205 2352 3251 est
2386 3194 2492 3245 vita
2516 3189 2712 3258 ipsius,
2745 3194 2800 3239 et
2829 3196 2949 3251 quae
2979 3189 3251 3245 nunquam
3298 3184 3426 3225 cor-

1850 3294 2144 3365 rumpitur,
2177 3288 2315 3345 sicut
2351 3286 2525 3356 prima
2557 3281 2647 3335 illa
2680 3292 2817 3345 aqua
2849 3262 2968 3342 qua:
2998 3280 3084 3325 est
3127 3280 3196 3320 ex
3241 3272 3428 3332 puteo,

1851 3392 1947 3445 sed
1974 3399 2198 3441 manens
2230 3400 2243 3435 :
2278 3379 2466 3448 nequit
2488 3374 2633 3430 enim
2685 3368 2890 3425 auferri
2929 3369 3153 3426 domtm,
3178 3364 3233 3411 et
3254 3353 3427 3424 gratia

1855 3477 2162 3539 Servatoris
2210 3472 2409 3534 nosui,
2465 3481 2589 3537 qua:
2639 3475 2815 3530 neque
2871 3450 3210 3510 consumitur
3258 3456 3433 3513 neque

1855 3572 2223 3642 corrumpitur
2263 3567 2318 3621 in
2377 3577 2442 3618 eo
2479 3560 2575 3630 qui
2633 3552 2905 3626 particeps
2960 3544 3132 3616 ipsius
3183 3537 3371 3593 fuerit.
3404 3553 3428 3587 ι

1856 3671 2028 3726 Porro
2052 3673 2235 3721 autem
2267 3673 2394 3714 cum
2423 3655 2653 3725 primam
2681 3648 2849 3700 vitam
2880 3631 3289 3706 corruptibilem
3334 3628 3432 3682 de—

1854 3762 2022 3825 derit,
2054 3754 2327 3826 siquidem
2359 3722 2481 3804 earn
2510 3736 2920 3810 corruptibilem
2951 3731 3119 3785 vitam
3150 3722 3287 3779 dixit
3313 3732 3436 3788 qua:

1855 3861 1944 3909 est
1972 3847 2272 3906 secundum
2303 3842 2568 3901 litteram,
2601 3842 2855 3903 quaerens
2879 3832 2935 3877 et
2970 3814 3254 3875 inveniens
3283 3809 3435 3864 abla-

1858 3949 2006 4002 tione
2030 3935 2315 3997 velaminis
2332 3933 2501 3989 vitam
2526 3941 2645 3983 eam
2669 3936 2791 3994 quae
2817 3924 2901 3973 est
2927 3929 2995 3987 ex
3025 3908 3258 3979 Spiritu,
3286 3910 3436 3957 recte

1859 4037 2036 4093 dixit:
2070 4050 2152 4089 sm
2188 4046 2323 4087 vero
2349 4017 2761 4091 corruptibilem
2788 4011 2997 4073 dicens,
3027 4006 3251 4057 accusat
3267 3995 3435 4049 vitam

1859 4140 2132 4191 veterum,
2164 4122 2510 4195 perspicuum
2541 4121 2625 4167 est
2652 4121 2776 4164 eum
2812 4104 2913 4157 hoc
2939 4098 3145 4157 facere,
3176 4098 3435 4155 tanquam

1859 4224 1949 4293 qui
1978 4236 2084 4275 non
2111 4186 2461 4272 videat-bona
2486 4206 2576 4263 illa
2602 4201 2852 4259 umbram
2885 4193 3088 4248 habere
3114 4186 3426 4240 futurorum

1861 4315 2079 4369 illorum
2118 4311 2189 4364 “.
2232 4308 2499 4362 Caeterum
2537 4311 2645 4353 non
2692 4290 2886 4347 inscite
2919 4285 3314 4349 interpretatus
3347 4280 3435 4325 est

193 4367 270 4394 "l'
301 4367 608 4397 """"‘I"""'
652 4367 743 4377 ""'
787 4367 1110 4393 """‘""'t""
1160 4367 1170 4372 ‘
1189 4367 1214 4391 tt
1255 4367 1277 4388 τ
1297 4367 1312 4371 '
1332 4367 1406 4370 ’τ’
1443 4367 1522 4369 πη
1554 4367 1635 4386 ⁷⁷1⁸

188 4432 313 4483 στιν,
341 4420 412 4491 μὴ
441 4417 813 4490 διακριθεῖσαν
841 4415 926 4486 ἐφ’
958 4410 1039 4479 οἷς
1067 4414 1250 4481 ἔλεγεν
1275 4411 1433 4481 αὐτῇ’
1460 4410 1507 4461 εἰ
1537 4407 1638 4478 μὲν
1666 4401 1759 4459 οὖν

1940 4418 2056 4459 cem
2104 4396 2340 4455 salientis
2388 4389 2435 4422 ⁸⁷
2490 4399 2685 4455 aquae,
2744 4379 2933 4434 dicens
2994 4385 3090 4425 eos
3139 4367 3231 4436 qui
3278 4377 3310 4418 ο
3348 4376 3438 4415 su-

2285 4489 2293 4491 Α
2413 4483 2426 4491 -
2514 4488 2521 4491 -
2692 4470 3007 4491 ν-Ηιε.-.....ρ.
3028 4458 3413 4491 ηηηιςηῖηαι-ρηι

186 4509 277 4580 τὴν
304 4511 619 4583 προαίρεσιν
643 4508 957 4578 ἀπεδέχετο,
992 4505 1155 4578 μηδὲν
1187 4505 1314 4576 περὶ
1348 4502 1559 4572 φύσεως
1585 4500 1757 4553 αἰνιτ-

186 4602 417 4675 τόμενος,
458 4605 535 4669 ὡς
583 4600 966 4674 διαφερούσης,
1001 4598 1094 4652 καὶ
1138 4598 1299 4669 ἡμεῖς
1339 4594 1404 4649 ἂν
1439 4591 1765 4663 συγκατεθέ-

1793 4472 1839 4527 D
1869 4458 2055 4571 pernis
2078 4492 2224 4547 illam
2250 4483 2593 4542 abundanter
2610 4470 3008 4545 suppeditatam
3028 4458 3443 4533 participarent,

1869 4548 2114 4646 vicissim
2148 4583 2315 4638 etiam
2359 4592 2421 4631 ea
2471 4568 2744 4627 scaturire
2786 4574 2908 4631 quae
2952 4555 3057 4611 sibi
3096 4548 3443 4622 suppeditata

198 4650 417 4675 ’νγ-*ην*
462 4650 532 4669 "‘3
586 4650 966 4674 ""‘|"|'""l"
1161 4650 1190 4669 η
1278 4650 1296 4660 -
1518 4650 1528 4663 ι

194 4696 339 4766 μεθα·
376 4699 424 4751 εἰ
458 4698 516 4751 δὲ
545 4699 613 4768 τῇ
648 4697 847 4766 φυσικῇ
902 4693 1214 4763 κατασκευῇ
1250 4688 1511 4759 ἀναφέρει
1543 4687 1642 4758 τὴν
1665 4686 1762 4756 τῆς

1934 4681 2093 4739 erint.
2141 4675 2247 4731 Sed
2296 4680 2353 4727 et
2403 4660 2786 4722 Samaritidem
2830 4650 3038 4714 laudat,
3084 4654 3146 4701 ut
3184 4656 3306 4713 qua:
3334 4653 3447 4695 suae

2323 4764 2342 4768 ‘
2368 4762 2381 4768 ‘
2575 4765 2584 4768 -
2686 4749 2801 4768 ’κ-ει
2830 4740 3093 4768 μ---ιιιιηη
3122 4745 3169 4768 nl
3199 4742 3447 4768 nnnalon-

194 4789 632 4858 συγκαταθέσεως
653 4788 853 4847 αἰτίαν,
884 4785 959 4848 ὡς
989 4784 1050 4837 οὐ
1070 4785 1200 4836 πᾶσι
1225 4781 1429 4849 ταύτης
1455 4776 1761 4850 παρούσης,

1871 4776 2041 4846 ipsius
2072 4778 2284 4825 naturae
2316 4762 2474 4818 ﬁdem
2502 4749 2809 4812 ostenderit
2829 4740 3095 4814 aequalem
3121 4745 3176 4793 et
3199 4742 3449 4791 constan-

197 4834 628 4858 --ιη---η-ν--ν,
654 4834 853 4847 Mum.
889 4834 956 4848 π.
996 4834 1043 4837 η
1098 4834 1127 4836 η
1387 4834 1426 4849 .-
1542 4834 1553 4850 ,

193 4881 545 4954 ἀνατρεπτέον
596 4879 761 4935 αὐτοῦ
791 4879 882 4931 τὸν
915 4876 1093 4946 λόγον.
1141 4874 1255 4927 Ούκ
1305 4868 1422 4925 οἶδα
1466 4870 1523 4923 δὲ
1574 4868 1692 4932 πῶς
1737 4870 1762 4921 ὁ

1934 4881 2024 4929 m;
2057 4877 2162 4918 non
2198 4868 2401 4913 motam
2425 4855 2496 4909 ob
2520 4866 2584 4906 ea
2616 4861 2736 4917 quae
2770 4842 2848 4897 illi
2885 4839 3104 4893 dicebat
3133 4834 3435 4893 Servator;

2458 4946 2469 4954 ·
2692 4941 2704 4951 ·
2754 4934 3072 4954 νη--μει--μ
3117 4927 3298 4954 ιιι-ηε...
3361 4921 3435 4954 ης-

203 4921 505 5047 Ἦραικλέων
546 4973 609 5027 τὸ
658 4972 732 5044 μὴ
765 4921 1151 5043 γεγραμμένον
1181 4921 1428 5019 ὲκλαϐῶν
1464 4921 1762 5034 φησιπρὸς

1934 4960 1958 5012 ιὶ
1991 4958 2157 5012 etiam
2184 4967 2283 5008 nos
2309 4946 2625 5007 annuimus,
2659 4941 2706 4995 si
2736 4934 3077 5007 propositum
3117 4927 3321 4991 laudat,
3361 4921 3446 4975 ni-

2360 5040 2374 5047 -
2443 5038 2455 5047 .
2620 5035 2651 5047 ..
3051 5042 3065 5047 _
3103 5024 3182 5047 ,εῄ
3219 5033 3351 5047 mm
3381 5016 3446 5047 ml

193 5066 266 5120 τό·
304 5087 322 5119 ι
358 5070 454 5131 Δός
487 5085 576 5138 μοι
623 5065 782 5118 τοῦτο
807 5064 868 5117 τὸ
898 5062 1063 5133 ὕδωρ,
1101 5080 1118 5110 ι
1165 5050 1375 5131 ὡς-άρα
1411 5056 1617 5130 βραχέα
1656 5055 1770 5107 δια-

1875 5051 1952 5107 hil
1986 5050 2055 5104 de
2076 5054 2265 5102 natura
2292 5038 2456 5096 veluti
2483 5033 2767 5092 excellenti
2795 5035 3069 5091 innuens;
3101 5024 3184 5079 sin
3219 5033 3352 5074 vero
3380 5016 3449 5071 ad

193 5114 452 5231 νυχθείσα⁷
464 5114 570 5214 ὑῖτὸ
587 5157 677 5212 τοῦ
711 5114 883 5226 Λόγου
906 5114 1136 5226 ἐμίσησε
1159 5114 1344 5205 λοιπόν
1370 5114 1463 5203 καί
1494 5114 1584 5201 τόν
1609 5146 1762 5201 τόποι

1934 5140 2128 5197 iturale
2160 5136 2444 5207 opiﬁcium
2475 5130 2663 5194 refert,
2698 5123 2842 5195 quod
2874 5116 3149 5177 Servatori
3173 5114 3454 5180 obtempe-

2248 5228 2258 5231 ³
2294 5228 2303 5231 ⁸
2537 5221 2548 5231 '
2576 5220 2590 5231 ‘
2865 5210 3108 5231 -μ-ει---ι-
3144 5204 3268 5231 ειη-ιο
3323 5200 3454 5231 nuk_

204 5200 439 5231 .-λνηνυ-
468 5200 570 5214 -..ν
597 5200 676 5212 ..η
711 5200 881 5226 .-ηπ
907 5200 931 5207 -
985 5200 1054 5206 --.
1081 5200 1135 5206 η
1512 5200 1545 5201 ,,

199 5253 391 5307 ἐκείνου
422 5253 516 5308 τοῦ
548 5254 840 5324 λεγομένου
885 5200 1080 5304 ἰξκίοϐ
1113 5246 1346 5320 φρέατος
1389 5242 1520 5315 (18).
1564 5242 1685 5295 Ἔτι
1718 5240 1762 5292 δὲ

1934 5233 2016 5286 ιτίι
2047 5228 2360 5292 Samaritis,
2397 5221 2550 5293 quasi
2576 5220 2682 5274 hoc
2718 5231 2823 5271 non
2855 5210 3110 5269 omnibus
3144 5204 3293 5266 insit,
3323 5200 3454 5255 sub-

2094 5323 2103 5324 ’
2317 5316 2390 5324 ““
2610 5310 2644 5324 -‘
2758 5304 2942 5324 "---!-
2995 5313 3125 5324 -ι--ιι
3181 5289 3454 5324 annmndn

201 5348 288 5400 καὶ
319 5349 451 5423 πρὸς
482 5348 565 5402 τόο
600 5368 618 5399 ι
659 5349 758 5412 Δός
794 5363 883 5419 μοι
905 5343 1062 5398 τοῦτο
1082 5340 1144 5396 τὸ
1177 5340 1349 5413 ὕδωρ,
1384 5338 1472 5391 ἴνα
1515 5336 1590 5408 μὴ
1616 5333 1776 5403 διψῶν

1376 5453 1453 5523 id.
1490 5452 1575 5505 19..
1606 5520 1645 5523 __
1683 5448 1733 5523 ξι
1763 5446 1785 5500 Ι
1814 5443 1939 5500 Cor.
1971 5457 2092 5523 _XI_II,
2130 5441 2214 5494 12.

1119 5529 1163 5559 ⁸⁸
1194 5520 1447 5585 Ηθίιιθζχ,
1476 5522 1525 5576 1.
1602 5520 1645 5551 ⁸⁷
1676 5517 1832 5574 Joan.
1864 5533 1938 5580 ιγ,
1968 5515 2055 5568 14.

286 5467 329 5498 ⁷⁸
350 5466 506 5521 Joan.
540 5482 611 5523 tv.
643 5466 696 5520 9.
807 5464 851 5495 ⁷⁹
888 5461 1018 5516 ibid.
1052 5460 1137 5513 11.
1248 5455 1293 5487 ⁸ο
1325 5453 1453 5523 ibid.
1490 5452 1575 5505 19..

208 5534 253 5567 ⁸⁸
281 5535 404 5592 ibid.
434 5538 519 5591 11).
593 5536 638 5568 ⁸⁸
668 5535 824 5590 Joan.
855 5550 926 5597 IV,
957 5531 1043 5585 15.

288 5640 392 5712 (16)
421 5639 756 5725 μετέχοντι.
795 5635 889 5693 Sic
937 5634 1110 5690 codcx
1152 5632 1507 5697 Bodleiauus;
1555 5630 1775 5701 Regius,

227 5727 384 5781 μετασ
388 5729 508 5781 χοντ
516 5730 551 5765 ι.

293 5772 618 5851 11Ἱ1’(ἶοι1ρι
679 5778 1023 5844 Bodleianus,
1057 5772 1198 5844 ἔχειν
1253 5775 1511 5841 ἐκείνων;
1560 5772 1780 5842 Regius,

1882 5323 2141 5381 vertenda
2184 5328 2266 5376 est
2317 5316 2463 5373 illius
2506 5310 2704 5368 oratio.
2755 5304 2948 5362 Nescio
2995 5313 3126 5356 vero
3180 5289 3461 5363 quomodo

2324 5439 2371 5470 ⁸³
2402 5435 2445 5489 ΙΙ
2476 5435 2599 5490 Cor.
2628 5449 2727 5494 xu,
2760 5434 2812 5487 4.
2925 5430 2970 5461 ⁸³
2999 5428 3019 5481 l
3048 5427 3173 5485 Cor.
3204 5443 3333 5491 xm,
3370 5426 3456 5479 1‘2.

1886 5623 2000 5695 ἔχει
2032 5622 2234 5695 ἐκεῖνα.

2262 5683 2456 5763 Tal/.96
2491 5681 2722 5755 φρέατος
2750 5675 2919 5732 codex
2954 5668 3155 5742 Regius
3184 5674 3470 5736 perperam

1890 5757 2069 5822 habet
2097 5761 2297 5827 ζῶντος
2333 5757 2549 5819 ὓδατος.
