3702 6142
297 279 405 335 415

1777 290 2098 348 ORIGENIS

3441 294 3536 351 M6

294 398 624 466 l-leracleon,
654 402 802 468 quod
835 401 1098 473 scriptum
1126 404 1291 460 etiam
1321 421 1427 460 non
1463 415 1866 474 estassumens,

2024 411 2108 480 ηδὲ
2157 395 2458 480 διέρχωμαι
2503 408 2689 463 ἐνθάδε
2723 407 2952 473 ἀντλεῖν,
2993 427 3012 460 ι
3063 409 3226 481 φησὶν
3255 409 3338 464 ὅτι
3379 411 3539 466 ταῦτα

292 493 493 549 dixerit
518 492 570 548 in
607 495 706 548 hoc
729 496 932 550 dictum
959 513 974 549 :
999 517 1016 549 ι
1042 499 1115 553 Da
1144 500 1270 553 mihi
1307 501 1443 555 hanc
1474 516 1723 569 aquam,»
1751 505 1871 558 bre-

289 589 342 642 vi
375 603 404 642 a
443 589 708 644 Sermone
750 589 844 644 Dei
871 591 1012 645 Filio
1047 592 1380 645 stimulatam
1429 595 1710 649 mulierem
1743 596 1869 649 odio

291 679 554 737 imbuisse
582 681 748 735 etiam
800 682 976 737 locum
1027 683 1170 736 illius
1215 685 1389 752 putei,
1438 687 1528 752 qui
1580 685 1864 740 dicebatur

1975 503 2122 570 λέγει
2153 504 2185 572 ἡ
2231 501 2366 572 γυνὴ
2409 502 2747 571 ἐμφαίνουσα
2782 501 2843 553 τὸ
2877 500 3190 570 ἐπίμοχθον,
3227 502 3320 554 καὶ
3354 501 3538 554 δυσπό-

1977 611 2176 664 ριστον,
2213 593 2306 646 καὶ
2338 591 2570 663 ἄτροφον
2601 593 2806 646 ἐκείνου
2848 593 2942 646 τοῦ
2982 592 3190 654 ὓδατος.
3220 592 3390 644 Πόθεν
3445 595 3542 664 γὰρ

1971 684 2242 738 δεικνύναι
2269 683 2382 754 ἔχει
2403 685 2635 755 ἄτροφον
2662 681 2799 738 εἶναι
2827 683 2888 737 τὸ
2910 683 3002 737 τοῦ
3043 683 3234 738 Ἰακὼϐ
3269 683 3441 752 ὖδωρ;

287 769 475 826 Jacob.
507 770 778 828 Praeterea
806 774 858 826 in
889 773 1054 827 illud:
1081 792 1100 826 ι
1137 775 1213 828 Da
1245 777 1374 828 mihi
1399 791 1594 844 aquam
1620 777 1784 838 hanc,
1808 786 1867 831 ut
1897 792 2003 830 nou
2051 776 2258 840 sitiam,
2320 792 2493 846 neque
2527 777 2736 831 veniam
2769 779 2874 832 huc
2929 779 2996 832 ad
3049 777 3492 840 hauriendum“,
3521 796 3536 826 ι

290 862 467 932 inquit
501 862 661 932 221
702 863 984 918 mulierem
1015 864 1129 919 haec
1159 865 1343 920 dicere
1371 868 1748 922 ostendentem
1793 867 1977 922 labore
2024 868 2251 933 hauriri,
2281 879 2334 923 et
2399 883 2524 922 cum
2579 867 2908 923 difticultate
2946 869 3124 938 parari
3158 884 3357 937 aquam
3406 869 3540 922 illam

291 958 359 1011 ad
389 957 726 1028 irrigandum
763 973 870 1028 non
909 966 1087 1028 aptam
1123 975 1302 1030 neque
1332 961 1686 1018 nutrientem.
1720 961 1875 1018 Unde
1899 963 2051 1018 enim.
2101 973 2282 1033 potest
2309 963 2600 1019 ostendere
2651 979 2848 1032 aquam
2875 961 3042 1018 Jacob
3101 962 3407 1031 irrigationi
3459 978 3543 1031 ap-

291 1059 402 1103 tam
436 1065 540 1103 non
572 1065 693 1105 esse
716 1067 814 1105 nec
839 1051 1172 1106 nutrientem
1196 1053 1220 1106 ?

360 1141 447 1194 11.
468 1141 658 1195 Adhuc
677 1141 729 1194 in
759 1142 874 1195 haec
897 1142 1005 1195 duo
1031 1144 1192 1196 verba
1224 1160 1238 1196 :
1267 1161 1286 1195 ι
1318 1144 1458 1198 Dicit
1479 1143 1664 1208 illi”,i
1691 1143 1868 1212 inquit

289 1231 611 1298 lleracleon,
645 1233 856 1287 scilicet
884 1233 989 1287 tale
1011 1234 1140 1302 quid
1180 1235 1368 1290 dicens
1399 1255 1410 1290 :
1451 1255 1469 1288 ι
1509 1237 1565 1291 Si
1597 1238 1678 1290 vis
1719 1237 1866 1291 acci-

286 1336 416 1392 pere
464 1323 605 1378 banc
656 1339 872 1392 aquam,
921 1325 1082 1388 vade,
1118 1341 1250 1382 voca
1305 1329 1482 1382 virum
1522 1338 1712 1395 tuum;
1752 1349 1772 1382 ι
1813 1339 1868 1385 et

286 1415 564 1468 existimat
591 1415 794 1479 virum,
845 1431 1004 1486 quem
1054 1416 1400 1474 Samaritidis
1429 1436 1550 1476 esse
1606 1421 1866 1477 Servator

285 1507 436 1573 dicit,
495 1508 735 1576 pleroma
788 1510 1136 1566 Samaritidis
1180 1527 1320 1576 esse.
1351 1522 1414 1568 ut
1459 1513 1701 1583 profecta
1737 1531 1862 1569 cum

288 1597 379 1652 illo
422 1600 490 1654 ad
539 1598 910 1666 Servatorem,
944 1612 1226 1672 reportare
1265 1605 1335 1660 ab
1378 1603 1495 1674 ipso
1543 1607 1861 1674 potentiam,

2044 1139 2132 1193 11.
2165 1140 2282 1192 Ἔτι
2315 1138 2371 1192 δὲ
2391 1141 2420 1191 6
2449 1139 2764 1210 Ἡρακλέων
2799 1139 2935 1209 πρὸς
2968 1140 3054 1193 τά·
3097 1159 3116 1190 ι
3151 1139 3316 1208 Λέγει
3349 1140 3502 1210 αὐτῇ,
3524 1161 3539 1191 ι

1970 1232 2125 1304 φησὶ,
2159 1231 2317 1300 δῆλον
2344 1231 2424 1284 ὅτι
2450 1230 2658 1282 τοιούτὸ
2689 1247 2743 1283 τι
2768 1229 2957 1298 λέγων·
2999 1249 3018 1281 ι
3070 1231 3132 1283 Εἰ
3162 1231 3339 1294 θέλεις
3374 1231 3545 1285 λαόεἰν

1967 1324 2126 1376 τοῦτο
2144 1324 2204 1375 τὸ
2231 1322 2394 1393 ὕδωρ,
2431 1321 2630 1390 ὕπαγε,
2665 1321 2913 1392 φώνησον
2939 1323 3029 1375 τὸν
3058 1322 3226 1394 ἀνδρα
3254 1339 3370 1376 σου·
3418 1345 3436 1374 ι
3461 1327 3545 1376 καί

1967 1414 2137 1468 οἴεται
2170 1413 2268 1484 τῆς
2301 1413 2685 1484 Σαμαρείτιδος
2718 1413 2810 1466 τὸν
2845 1413 3134 1483 λεγόμενον
3177 1414 3283 1467 ὑπὸ
3313 1414 3411 1467 τοῦ
3444 1417 3547 1469 Σιω-

1969 1508 2131 1576 τῆρος
2161 1504 2350 1576 ἄνδρα,
2372 1505 2432 1556 τὸ
2453 1503 2724 1574 πλήρωμα
2745 1498 2882 1556 εἶναι
2904 1504 3096 1573 αὐτῆς,
3121 1505 3208 1557 ἵνα
3237 1506 3336 1557 σὺν
3363 1505 3547 1574 ἐκείνῳ

1971 1597 2236 1668 γενομένη
2292 1596 2430 1666 πρὸς
2474 1595 2563 1648 τὸν
2599 1595 2824 1666 Σωτῆρα
2855 1595 3179 1666 κομίσεσθαι
3223 1598 3357 1667 παρ’
3391 1597 3545 1651 αύτοῦ

287 1699 342 1744 et
377 1691 655 1759 unionem,
702 1703 758 1748 et
792 1696 1230 1751 commistionem
1283 1699 1350 1752 ad
1409 1698 1652 1768 pleroma
1707 1715 1864 1752 suum

2024 1707 2066 1760 1v
2083 1689 2332 1760 δύναμιν,
2356 1690 2450 1743 καὶ
2473 1689 2571 1759 τὴν
2603 1689 2818 1751 ἕνωσιν,
2860 1691 2954 1742 καὶ
2999 1690 3095 1761 τὴν
3123 1691 3430 1761 ἀνάκρασιν
3456 1693 3546 1762 τὴν

288 1789 517 1848 posset:
554 1798 573 1832 ι
607 1797 729 1836 cum
779 1784 1030 1840 Christus
1057 1802 1165 1840 non
1199 1786 1452 1852 dixerit,»
1491 1789 1666 1857 inquit
1694 1788 1867 1842 [lera-

286 1870 473 1938 cleou,
517 1890 536 1923 ι
565 1873 780 1928 mulieri
827 1876 894 1930 de
935 1877 1153 1932 homine
1177 1879 1474 1946 mundano,
1520 1891 1578 1934 ut
1624 1891 1862 1946 vocaret,

287 1963 547 2030 quoniam
579 1979 686 2019 non
712 1966 1140 2036 ignorabateam
1173 1971 1472 2038 legitimum
1523 1973 1700 2026 virum
1755 1991 1862 2027 non

290 2056 514 2111 habere.
556 2077 576 2110 ι
611 2059 881 2114 Caeterum
914 2062 1200 2117 manifeste
1233 2064 1334 2118 hoc
1386 2065 1437 2118 iu
1486 2065 1604 2119 loco
1643 2077 1868 2137 urgetur

288 2149 498 2215 dicens,
533 2154 675 2220 quod
707 2152 917 2207 mulieri
945 2153 1204 2210 Servatur
1241 2156 1484 2211 dixerit:
1545 2177 1564 2211 ι
1602 2159 1744 2214 Voca
1789 2163 1870 2214 vi-

287 2257 409 2295 rum
461 2252 647 2306 tuum,
679 2256 736 2299 et
764 2247 884 2299 veni
934 2247 1039 2301 huc
1067 2249 1172 2310 ",1
1211 2249 1526 2320 significans
1579 2253 1860 2317 maritum,

287 2349 450 2403 quem
477 2351 541 2390 ex
575 2336 877 2406 pleromate
906 2339 1173 2392 habebat:
1208 2356 1329 2395 nam
1361 2343 1405 2397 si
1445 2344 1549 2398 hoc
1584 2346 1664 2400 sic
1685 2361 1745 2399 se
1768 2347 1865 2400 ha-

285 2426 473 2492 bebat,
503 2440 826 2497 oportuerat
866 2433 1041 2486 virum
1090 2433 1345 2498 dicendo,
1403 2437 1622 2490 modum
1672 2438 1865 2502 etiam,

286 2535 398 2587 quo
435 2525 716 2577 vocandus
747 2533 885 2590 erat,
915 2525 1120 2590 dicere,
1168 2535 1226 2580 ut
1268 2542 1390 2581 cum
1418 2528 1536 2596 ipso
1568 2529 1634 2582 ad
1667 2528 1868 2584 Serva-

287 2628 458 2674 torem
491 2632 759 2689 pergeret.
798 2641 816 2673 ι
857 2622 961 2678 Sed
996 2625 1276 2693 quoniam,
1351 2633 1410 2678 ut
1449 2625 1753 2681 Heracleon
1787 2627 1869 2680 iu-

289 2711 430 2779 quit,
457 2711 610 2778 juxta
647 2714 1061 2781 intelligentiam
1101 2716 1439 2784 spiritualem
1474 2718 1759 2788 ignorabat
1790 2721 1867 2771 vi-

284 2819 406 2857 rum
435 2819 614 2868 suum,
642 2809 937 2861 secundum
963 2822 1091 2861 vero
1113 2809 1422 2878 simplicem
1451 2809 1864 2878 intelligentiam

289 2895 651 2950 erubescebat
693 2896 882 2952 dicere.
927 2900 1072 2968 quod
1127 2899 1396 2953 mtechum
1452 2901 1701 2967 haberet,
1758 2919 1863 2957 non

283 2989 486 3054 virum,
517 3009 535 3040 ι
575 2991 845 3058 quomodo
879 3005 984 3046 non
1032 2991 1236 3046 frustra
1266 2991 1575 3062 imperabit,
1631 2997 1818 3050 dicens
1847 3014 1860 3050 :

1971 1783 2106 1854 πρὸς
2136 1781 2195 1835 τὸ
2228 1782 2500 1853 πλήρωμα
2528 1782 2699 1852 αὐτῆς
2733 1781 2956 1853 δυνηθῇ·
3000 1801 3017 1834 ι
3065 1783 3126 1836 ού
3159 1783 3271 1854 γὰρ
3306 1786 3436 1855 περὶ
3460 1786 3545 1838 ἀν-

1969 1872 2115 1943 δρὸς,
2162 1890 2179 1924 ι
2216 1872 2370 1942 φησι,
2411 1889 2428 1921 ι
2469 1869 2758 1940 κοσμικοῦ,
2787 1870 2974 1938 ἔλεγεν
3003 1871 3139 1943 αὐτῇ
3170 1873 3303 1942 (19),
3331 1874 3418 1926 ἵνα
3451 1891 3543 1927 κα-

1969 1964 2122 2034 λέσῃ,
2151 1962 2381 2032 ἐπείπερ
2403 1962 2501 2014 ούκ
2531 1962 2739 2031 ἠγνόει,
2777 1963 2858 2014 ὅτι
2891 1962 2992 2014 οὐκ
3034 1959 3146 2032 εἶχε
3183 1964 3418 2034 νόμιμον
3460 1967 3544 2020 ἄν-

1969 2057 2088 2127 δρα.
2134 2077 2151 2106 ι
2181 2054 2468 2126 Προδήλως
2493 2056 2548 2108 δὲ
2571 2055 2801 2108 ἐνταῦθα
2826 2053 3072 2124 βιάζεται
3100 2056 3272 2124 λέγων
3301 2059 3441 2128 αὐτῇ
3467 2058 3544 2111 τὸν

1970 2149 2195 2219 Σωτῆρα
2227 2147 2526 2219 εἰρηκέναι·
2551 2167 2568 2197 ι
2592 2147 2844 2216 Φώνησόν
2871 2165 2964 2202 σου
2986 2149 3076 2201 τὸν
3097 2150 3284 2220 ἄνδρα,
3304 2152 3403 2204 καὶ
3434 2151 3542 2206 ἐλθὲ

1968 2242 2176 2305 ἐνθάδε,
2210 2262 2227 2294 ›
2261 2241 2522 2312 δηλοῦντα
2549 2241 2637 2294 τὸν
2668 2242 2774 2295 ἀπὸ
2803 2242 2894 2295 τοῦ
2911 2242 3273 2314 πληρώματος
3297 2245 3538 2314 σύζυγον·

1969 2336 2127 2406 εἴπερ
2179 2333 2288 2404 γὰρ
2333 2333 2476 2386 τοῦθ’
2506 2333 2680 2396 οὕτως
2718 2329 2884 2404 εἶχεν,
2929 2335 3098 2406 ἐχρῆν
3135 2335 3224 2388 τὸν
3257 2337 3430 2406 ἀνδρα
3461 2339 3544 2390 καὶ

1967 2427 2089 2479 τίνα
2123 2425 2321 2498 τρόπον
2347 2423 2622 2494 φωνητέον
2651 2423 2801 2477 ἕσται
2831 2425 2990 2477 αὑτὸν
3021 2425 3153 2495 (‘20),
3194 2427 3282 2479 ἵνα
3337 2429 3434 2480 σὺν
3461 2429 3544 2480 αύ-

1968 2519 2044 2588 τῷ
2077 2519 2300 2588 γένηται
2320 2517 2455 2588 πρὸς
2479 2517 2570 2568 τὸν
2589 2517 2838 2588 Σωτῆρα.
2869 2537 2888 2568 ι
2937 2517 3072 2570 ’Λλλ’
3106 2520 3248 2580 ἐπεὶ,
3285 2519 3368 2582 ὡς
3399 2521 3546 2590 Ἥρα·

1968 2612 2142 2666 κλέων
2171 2611 2322 2683 φησὶ,
2357 2609 2498 2662 κατὰ
2532 2610 2593 2661 τὸ
2629 2610 2919 2678 νοούμενον
2959 2613 3144 2680 ἠγνόει
3178 2612 3270 2664 τὸν
3301 2612 3434 2664 ἴδιον
3461 2613 3544 2665 ἄν·

1966 2704 2088 2776 δρα,
2133 2704 2275 2759 κατὰ
2301 2705 2356 2758 δέ
2387 2702 2447 2756 τὸ
2487 2701 2687 2756 ἁπλοῦν
2722 2702 2982 2772 ᾐσχύνετο
3011 2705 3204 2768 εἰπεῖν,
3226 2705 3308 2756 ὅτι
3345 2705 3541 2774 μοιχὸν,

1967 2797 2087 2867 ούχὶ
2107 2797 2162 2849 δὲ
2188 2797 2354 2868 ἄνδρα
2387 2791 2517 2866 εἶχε·
2555 2815 2572 2846 ι
2613 2793 2728 2857 πῶς
2753 2795 2873 2864 ούχὶ
2902 2794 3077 2864 μάτην
3097 2794 3247 2846 ἔσται
3281 2795 3546 2865 προστάσ-

1971 2904 2078 2941 σων
2109 2891 2137 2941 6
2161 2889 2351 2957 λέγων·
2393 2909 2410 2940 ι
2442 2887 2680 2954 ”ὶ’παγε,
2711 2886 2958 2956 φώνησόν
2986 2887 3076 2940 τὸν
3107 2888 3271 2958 ἄνδρα
3314 2905 3432 2953 σου,
3461 2891 3545 2941 καὶ

1968 2982 2089 3035 ἐλθέ
2123 2982 2339 3046 ἐνθάδε;
2379 3003 2397 3033 ›
2427 2979 2556 3035 Εἶτα
2585 2981 2721 3052 πρὸς
2747 2979 2918 3034 τοῦτο·
2965 2999 2982 3031 ι
3030 2981 3250 3050 Ἀληθές
3299 2985 3541 3052 εἴρηκας,

289 3100 309 3132 ι
344 3082 510 3144 Vade,
543 3097 674 3136 voca
701 3083 881 3136 virum
915 3092 1089 3149 tuum,
1117 3091 1174 3137 et
1206 3084 1327 3138 veni
1357 3084 1499 3140 huc?
1522 3105 1540 3137 ι
1571 3088 1770 3141 Deinde
1795 3088 1860 3141 ad

2024 3091 2050 3125 ·ι
2080 3073 2247 3144 ἄνδρα
2278 3075 2379 3126 οὑκ
2427 3073 2590 3143 ἔχεις,
2628 3095 2645 3126 ι
2687 3075 2872 3144 φησίν·
2918 3094 2936 3125 ι
2989 3071 3140 3126 Ἐπεὶ
3173 3074 3228 3124 ὲν
3259 3072 3340 3141 τῷ
3369 3073 3545 3143 κόσμῳ

284 3173 415 3226 illud
442 3190 456 3228 :
494 3192 512 3226 ι
550 3171 689 3228 Vere
712 3175 916 3240 dixisti,
943 3176 1200 3244 quoniam
1225 3176 1402 3232 virum
1430 3194 1537 3232 non
1571 3179 1860 3244 habeo“,t

286 3265 504 3334 inquit:
543 3283 562 3318 ι
602 3265 870 3334 Quoniam
906 3268 1190 3324 inmundo
1237 3270 1412 3324 virum
1467 3286 1573 3325 non
1631 3273 1867 3327 habebat

287 3355 600 3422 Samaritis,
637 3357 756 3412 viro
796 3373 896 3413 suo
930 3360 1234 3414 exsistente
1290 3360 1343 3414 in
1396 3359 1593 3417 Eone.
1625 3380 1643 3414 ι
1689 3363 1866 3432 Atque

287 3462 388 3502 nos
443 3449 658 3517 quidem
697 3449 968 3520 legimus:
1031 3469 1051 3503 ι
1089 3452 1344 3523 Quinque
1387 3455 1532 3506 enim
1581 3455 1730 3509 viros
1778 3456 1868 3509 ha-

287 3540 562 3606 buisti“;
599 3561 617 3594 ι
674 3544 814 3611 apud
869 3542 1258 3600 Heracleonem
1315 3561 1446 3600 vero
1501 3547 1860 3601 Invenimus:

294 3650 314 3683 ι
351 3632 458 3687 Sex
488 3634 636 3688 viros
675 3634 952 3700 habuisti;
997 3655 1015 3687 ι
1054 3637 1555 3706 interpretaturque
1599 3651 1693 3706 per
1722 3637 1867 3693 viros

292 3739 388 3778 sex
415 3724 722 3779 universam
753 3725 1014 3780 malitiam
1058 3726 1398 3781 materialem
1433 3729 1722 3794 declarari,
1777 3733 1867 3783 cui

290 3814 616 3883 cumplicata
649 3815 824 3871 fuerat
858 3817 1053 3886 cuique
1081 3817 1494 3888 approximarat
1538 3827 1738 3886 praeter
1771 3834 1863 3872 ra-

292 3907 493 3962 tionem
535 3907 837 3975 fornicans,
871 3910 1220 3964 contumeliis
1254 3909 1470 3975 aﬂ'ecta,
1509 3919 1562 3964 et
1590 3919 1867 3978 separata,

291 4007 347 4052 et
379 3998 632 4052 derelicta
669 4001 738 4054 ab
772 4001 922 4070 ipsis.
963 3999 1072 4054 Sed
1103 4001 1202 4070 ipsi
1232 3999 1548 4055 Heracleoni
1583 3999 1865 4053 dicendum

291 4097 397 4155 est,
419 4087 464 4145 si
488 4088 753 4144 fornicata
777 4102 860 4146 est
882 4091 1199 4161 spiritualis,
1223 4106 1476 4160 peccasse
1497 4091 1862 4160 spiritualem;

292 4183 338 4236 si
369 4197 498 4236 vero
528 4183 776 4251 peccavit
813 4183 1130 4250 Spiritualis,
1189 4185 1441 4238 arborem
1495 4184 1692 4239 bonam
1761 4201 1864 4237 non

292 4273 461 4328 fuisse
490 4273 825 4342 spiritualem
852 4291 868 4340 ;
903 4275 1058 4344 juxta
1080 4276 1222 4330 enim
1255 4276 1606 4346 Evangeliutn
1636 4293 1649 4328 :
1691 4295 1710 4328 ι
1750 4275 1867 4330 Νοη

293 4373 470 4432 potest
502 4364 665 4418 arbor
691 4363 830 4418 bona
867 4364 1036 4419 malos
1064 4365 1273 4420 fructus
1303 4368 1444 4421 ferre
1466 4367 1514 4398 9³
1537 4406 1552 4432 ,
1585 4386 1604 4419 ι
1645 4367 1868 4436 proinde

297 4463 486 4523 aperte
517 4455 622 4510 illis
652 4456 833 4526 perire
857 4473 979 4527 quae
1009 4458 1305 4513 ﬁnxerunt.
1335 4460 1490 4526 Quod
1530 4461 1574 4515 si
1613 4461 1728 4514 fieri
1768 4475 1866 4514 ue-

297 4547 416 4614 quit
455 4557 514 4600 ut
543 4549 704 4603 arbor
734 4550 874 4605 bona
927 4552 1102 4608 malos
1139 4550 1279 4606 ferat
1315 4551 1548 4618 fructus,
1597 4562 1652 4606 et
1707 4554 1872 4606 arbor

298 4641 440 4693 bona
466 4651 548 4695 est
577 4641 887 4708 Samaritis,
921 4645 1049 4714 quia
1085 4646 1157 4700 sit
1183 4645 1503 4715 spiritualis,
1529 4658 1872 4713 consequens

299 4730 375 4786 illi
397 4741 480 4786 est
504 4734 713 4802 dicere,
743 4737 886 4804 quod
910 4745 1004 4791 aut
1035 4737 1326 4793 fornicatio
1353 4737 1472 4806 ejus
1503 4751 1612 4790 non
1650 4735 1722 4790 sit
1752 4749 1875 4804 pec-

298 4831 503 4882 catum.
541 4835 635 4879 aut
656 4829 800 4896 quod
826 4830 941 4884 haec
969 4845 1078 4885 non
1100 4838 1186 4886 est
1207 4828 1497 4883 fornicata.

367 4913 530 4984 222
556 4917 644 4972 12.
682 4936 701 4968 ι
735 4918 874 4974 Dicit
900 4921 966 4974 ad
998 4936 1122 4975 eum
1153 4920 1346 4975 mulier
1375 4937 1392 4974 :
1423 4919 1671 4984 Domine,
1713 4919 1873 4974 video

303 5013 355 5060 te
391 5022 512 5061 esse
543 5009 882 5077 prophetam.
910 5011 1100 5067 Patres
1139 5014 1312 5068 nostri
1353 5014 1408 5066 in
1439 5022 1624 5066 monte
1652 5013 1753 5066 hoc
1786 5012 1876 5064 ad-

301 5109 621 5166 oraverunt,
646 5109 703 5154 et
725 5117 818 5158 vos
839 5103 1018 5159 dicitis
1047 5102 1394 5175 Jerosolyma:
1422 5103 1598 5158 locum
1628 5119 1752 5158 esse
1781 5103 1870 5156 ubi

301 5201 549 5261 oporteat
577 5194 806 5249 adorare
832 5196 931 5251 “.n
968 5195 1152 5250 Tertio
1177 5197 1289 5265 jam
1336 5194 1626 5250 Samaritis
1671 5195 1873 5250 Serva-

307 5289 476 5336 torem
507 5293 752 5339 nostrum
785 5283 1074 5339 Dominum
1109 5286 1389 5355 pradicat,
1445 5284 1662 5353 quando
1708 5285 1869 5338 etiam

303 5375 564 5444 scriptum
594 5386 679 5432 est
706 5376 895 5431 ultimo
925 5378 1028 5432 hoc
1059 5391 1177 5430 eam
1218 5376 1292 5431 illi
1329 5375 1531 5430 dixisse
1557 5391 1572 5435 :
1629 5382 1868 5428 attamen

410 5515 632 5574 "Joan.
672 5533 746 5582 tv,
774 5515 861 5572 15.
937 5517 982 5549 ⁸³
1002 5516 1131 5573 ibid.
1166 5515 1255 5572 16.
1329 5515 1376 5547 ⁹⁰
1409 5513 1544 5570 ibid.

524 5661 778 5730 :E.lersr
817 5660 994 5730 αὐτῇ.
1031 5659 1190 5714 Deest
1241 5659 1292 5711 in
1336 5658 1522 5730 codice
1559 5655 1872 5730 Bodleiano.

385 5726 496 5795 (‘20)
524 5726 651 5786 Post
674 5726 836 5786 αὐτόν
868 5726 1169 5790 addendum
1195 5730 1404 5784 videtur
1433 5729 1626 5781 εἰπεῖν.

1630 5512 1675 5544 ⁸⁸
1713 5512 1842 5568 ibid.
1869 5511 1953 5566 l7.

1967 3165 2066 3217 οὐκ
2095 3159 2238 3232 εἶχεν
2275 3162 2442 3234 ἄνδρα
2471 3165 2503 3233 ὴ
2542 3164 2889 3235 Σαμαρεῖτις·
2919 3159 2986 3234 ἦν
3016 3160 3125 3235 γὰρ
3151 3161 3324 3232 αὐτῆς
3355 3164 3385 3216 6
3417 3162 3545 3235 ἀνὴρ

1966 3256 2023 3307 ἐν
2051 3254 2127 3325 τῷ
2158 3253 2342 3307 Αἰῶνι.
2393 3273 2412 3304 ι
2459 3255 2649 3325 Ἡμεῖς
2695 3255 2792 3325 μὲν
2824 3250 2916 3308 οὖν
2954 3256 3285 3326 ἀνέγνωμεν·
3325 3276 3343 3306 ι
3387 3258 3540 3309 Πέντε

1966 3347 2162 3419 ἄνδρας
2183 3348 2356 3416 ἔσχες·
2383 3365 2402 3398 ι
2434 3347 2581 3418 παρά
2601 3347 2658 3400 δὲ
2674 3347 2749 3417 τῷ
2778 3347 3114 3420 Ἡρακλέωνι
3131 3349 3391 3421 εὕρομεν·
3412 3371 3429 3402 ι
3457 3353 3542 3414 Ἐξ

1965 3437 2163 3507 ἄνδρας
2189 3437 2363 3506 ἔσχες·
2410 3457 2427 3488 ι
2462 3440 2555 3490 καὶ
2585 3439 2878 3512 ἑρμηνεύει
2911 3456 2974 3508 γε
3002 3441 3098 3510 τὴν
3137 3441 3328 3511 ὑλικὴν
3373 3443 3541 3494 πᾶσαν

1966 3531 2163 3583 κακίαν
2199 3529 2488 3601 δηλοῦσθαι
2532 3530 2620 3584 διά
2651 3531 2760 3584 τῶν
2793 3531 2850 3598 ἒξ
2883 3532 3112 3604 ἀνδρῶν,
3221 3534 3543 3586 συνεπέπλε-

1968 3639 2063 3674 κτο
2113 3621 2204 3675 καὶ
2259 3621 2586 3692 ἐπλησίαζε,
2635 3623 2784 3693 παρά
2832 3624 2986 3692 λόγον
3034 3625 3401 3696 πορνεύουσα,
3456 3627 3540 3678 καὶ

1968 3711 2381 3783 ἐνυϐριζομένη,
2417 3713 2512 3766 καὶ
2536 3712 2888 3784 ἀθετουμένη,
2927 3715 3020 3767 καὶ
3045 3715 3538 3786 ὲγκαταλειπομένη

1969 3804 2059 3856 ὑπ’
2095 3802 2295 3857 αὐτῶν.
2330 3803 2562 3856 Λεκτέον
2600 3804 2656 3857 δὲ
2680 3805 2817 3874 πρὸς
2841 3806 3025 3872 αὐτὸν,
3052 3806 3153 3870 ὅτι,
3184 3807 3344 3878 εἴπερ
3389 3811 3539 3879 ἐπόρ-

1968 3913 2120 3949 νευεν
2149 3898 2182 3967 ἡ
2211 3896 2569 3968 πνευματικὴ,
2605 3897 2916 3968 ἡμάρτανεν
2957 3901 2989 3970 ἡ
3031 3904 3396 3973 πνευματική·
3424 3905 3468 3954 εἰ
3492 3901 3539 3952 δὲ

1967 3992 2252 4062 ἡμάρτανε
2277 3990 2639 4062 πνευματικὴ,
2657 3990 2873 4062 δένδρον
2889 3991 3089 4060 ἀγαθὸν
3104 3995 3203 4046 οὐκ
3221 3990 3290 4064 ἦν
3326 3997 3360 4066 ἠ
3392 4011 3531 4047 πνευ-

1974 4083 2192 4153 ματική·
2226 4081 2365 4134 κατά
2396 4082 2503 4153 γὰρ
2531 4082 2590 4134 τὸ
2621 4082 2973 4151 Εύαγγέλιον,
3010 4103 3028 4135 ι
3064 4085 3137 4137 Οὐ
3179 4085 3405 4138 δύναται
3432 4085 3536 4138 δέν-

1968 4177 2090 4248 δρον
2114 4175 2313 4245 ἀγαθὸν
2335 4177 2580 4247 καρποὺς
2607 4178 2874 4248 πονηροὺς
2900 4179 3160 4245 ἐνεγκεῖν·
3195 4198 3213 4229 ι
3248 4180 3339 4232 καὶ
3369 4180 3536 4248 δῆλον,

1970 4267 2052 4319 ὅτι
2090 4268 2295 4336 οἴχεται
2332 4267 2517 4329 αὐτοῖς
2557 4265 2625 4320 τὰ
2657 4267 2753 4336 τῆς
2791 4268 3136 4336 μυθοποιίας.
3177 4269 3240 4322 ΕΞ
3271 4269 3327 4322 δὲ
3358 4270 3538 4323 ἀδύνα-

1969 4362 2060 4415 τόν
2085 4364 2200 4414 ἐστι
2218 4362 2278 4414 τὸ
2319 4361 2518 4430 ἀγαθὸν
2537 4360 2748 4431 δένδρον
2778 4360 2962 4430 φέρειν
2980 4363 3248 4433 πονηροὺς
3283 4367 3534 4436 καρποὺς.

1977 4455 2071 4508 καὶ
2116 4453 2319 4523 ἀγαθὸν
2367 4453 2581 4524 δένδρον
2611 4455 2644 4524 ἡ
2677 4453 3022 4523 Σαμαρεῖτις,
3071 4453 3165 4507 ἅτε
3206 4457 3534 4527 πνευματικὴ

1975 4548 2333 4616 τυγχάνουσα,
2378 4546 2669 4599 ἀκόλουθον
2703 4545 2849 4614 αύτῷ
2892 4545 3070 4612 λέγειν
3111 4546 3278 4611 ἐστὶν,
3306 4549 3387 4600 ὅτι
3430 4549 3540 4617 ἦτοι

1977 4639 2077 4691 οὐκ
2115 4636 2183 4710 ἦν
2225 4639 2466 4710 ἁμαρτία
2496 4641 2530 4710 ἡ
2561 4639 2783 4711 πορνεία
2815 4640 3006 4711 αὐτῆς,
3027 4643 3060 4712 ἢ
3083 4641 3183 4694 οὐκ
3216 4640 3354 4712 αὑτὴ
3385 4639 3534 4708 ἐπόρ-

1979 4748 2068 4784 νευ
2075 4748 2154 4785 σε.

2051 4913 2341 4984 12.ιΛέγει
2385 4913 2534 4986 αὐτῷ
2586 4917 2619 4986 ή
2661 4915 2798 4985 γυνή
2837 4933 2850 4945 ·
2938 4913 3147 4986 Κύριε,
3193 4913 3410 4985 θεωρῶ,
3463 4913 3534 4964 Em

1978 5008 2262 5078 προφήτης
2313 5002 2365 5060 εἴ
2407 5007 2488 5060 σύ.
2520 5009 2581 5061 Οἱ
2606 5008 2838 5078 πατέρες
2862 5006 3018 5077 ἡμῶν
3062 5008 3120 5060 ἐν
3139 5006 3217 5077 τῷ
3243 5007 3360 5078 ὄρει
3379 5001 3535 5073 τούτῳ

1984 5099 2414 5170 προσεκύνησαν·
2467 5100 2560 5152 καὶ
2608 5099 2766 5168 ὑμεῖς
2804 5097 3009 5165 λέγετε,
3062 5098 3118 5151 ἐν
3161 5096 3535 5167 Ἱεροσολύμοις

1980 5193 2126 5246 ἐστὶν
2161 5191 2273 5262 (Ἥ)
2316 5192 2345 5243 6
2373 5191 2566 5255 τόπος,
2615 5192 2748 5244 ὅπου
2789 5192 3114 5261 προσκυνεῖν
3141 5189 3239 5242 δεῖ.
3285 5211 3305 5242 ι
3357 5188 3533 5259 Τρίτον

1976 5283 2074 5354 ἤδη
2123 5285 2156 5354 ἡ
2197 5283 2522 5354 Σαμαρεῖτις
2563 5281 2766 5352 Κύριον
2809 5279 3126 5353 ἀναγορεύει
3176 5280 3269 5333 τὸν
3325 5277 3534 5348 Σωτῆρα

1976 5375 2152 5447 ήμῶν,
2199 5377 2287 5429 ὅτε
2336 5375 2429 5428 καὶ
2455 5374 2755 5428 τελευταῖον
2779 5372 3190 5446 ἀναγέγραπται
3217 5373 3376 5427 τοῦτο

2030 5507 2322 5564 "ibid.l8.
2399 5507 2446 5538 ”
2473 5505 2664 5560 Matth.
2688 5521 2788 5573 vn,
2813 5503 2901 5560 18.
2975 5503 3202 5561 “Joan.
3240 5522 3312 5575 tv,
3343 5507 3423 5571 t9,
3447 5505 3527 5560 20.

1986 5725 2005 5740 ν
2057 5654 2168 5720 (2t)
2235 5651 2458 5706 Ἐστίν.
2515 5650 2605 5707 Sic
2663 5649 2831 5708 codex
2902 5649 3262 5718 Bodleianus;
3324 5648 3530 5720 Regius,

1983 5741 2154 5779 εσται.
