3702 6142
137 342 227 394 Ili
1157 340 1516 397 COMMENT.
1559 341 1625 397 IN
1671 339 1859 396 .IOAN.
1897 339 2138 397 TOMUS
2175 342 2314 397 XIII.

3255 351 3356 403 με

137 456 281 511 αὐτὸν
324 454 614 524 εἰρηκέναι·
662 456 802 528 πλὴν
858 457 1068 511 οὐδέπω
1120 460 1291 512 οῐεται
1337 459 1499 512 αὐτὸν
1547 455 1671 513 εἷνατ

1851 460 2027 512 mdum
2060 461 2238 514 credit
2282 474 2406 513 eum
2441 475 2563 515 esse
2599 461 2876 531 prophetis
2905 466 3356 533 prmslantioretu,

135 547 228 600 τῶν
247 546 528 616 προφητῶν
573 548 875 618 κρείττονα,
915 549 1034 600 οὐδὲ
1078 551 1171 603 τὸν
1218 551 1678 622 προφητευθέντα,

133 637 254 690 ἀλλά
288 653 404 689 τινα
450 639 754 709 προφήτηνο
808 641 901 692 καὶ
951 642 983 710 ὴ
1031 641 1336 711 ἑτερόδοξος
1383 642 1439 694 δὲ
1488 642 1680 713 γνώμη

131 727 225 780 τῶν
253 728 372 798 περὶ
400 728 498 791 τὰς
541 729 580 780 Γ
586 729 760 799 ραφὰς
791 731 1218 802 καλινδουμένων
1263 733 1682 803 διελεγχθέντων

133 821 283 889 αὐτῆς
303 820 412 888 (22)
459 821 569 873 τῶν
609 839 670 874 τε
697 823 979 894 προτέρων
1011 824 1174 877 πέντε
1205 825 1432 896 ἀνδρῶν,
1463 827 1558 879 καὶ
1589 827 1681 880 τοῦ

137 914 236 982 μετ’
274 912 507 974 ἐκείνους
553 913 1007 982 καταλειφθέντας
1039 916 1150 986 (25)
1189 917 1279 969 ὑπ’
1304 917 1474 987 αὐτῆς
1500 917 1684 981 δόξαν·

134 1019 209 1064 τος
235 997 363 1054 εἶναι
411 1001 626 1072 ἀνδρὸς,
657 1002 747 1055 τὸν
790 1002 1083 1070 ἐλέγξαντα
1122 1004 1291 1073 Λόγον
1319 1007 1380 1058 οὑ
1411 1003 1682 1074 δυναμένη

132 1091 342 1163 ἀρχῆθεν
366 1093 394 1145 ὃ
433 1093 582 1146 ἐστιν
617 1093 765 1158 ίδεῖν,
797 1096 1080 1166 προφήτην
1116 1091 1256 1148 εἷναί
1298 1113 1482 1167 φησιν,
1522 1098 1682 1150 οἱονεὶ

133 1183 256 1235 θεῖόν
288 1199 424 1246 τινα,
463 1183 562 1236 καὶ
597 1183 788 1254 ἔχοντά
815 1203 868 1238 τι
911 1185 1005 1238 τοῦ
1041 1185 1382 1256 ἀνθρωπίνου
1415 1191 1679 1259 κρεῖττον,

131 1275 183 1327 οὐ
233 1275 322 1343 μὲν
356 1273 610 1327 τοσοῦτον
647 1277 769 1329 ὅσον
812 1277 924 1346 (24)
965 1273 1052 1347 ἦν’
1089 1277 1277 1348 διόπερ
1321 1278 1474 1348 φησὶ,
1519 1280 1682 1332 οἱονεὶ

131 1365 453 1434 ἀναϐλέψασὰ
483 1384 602 1429 πως
630 1367 722 1420 καὶ
769 1369 825 1420 ὲν
860 1367 1062 1440 θεωρίᾳ
1080 1370 1350 1439 νομίσασα
1377 1371 1675 1439 γεγονέναι·

136 1477 150 1508 ι
184 1457 387 1528 Θεωρῶ,
409 1459 492 1510 ὅτι
531 1460 816 1529 προφήτης
845 1456 895 1511 εἷ
918 1459 1003 1514 σύ.
1049 1479 1066 1510 ι
1098 1461 1193 1523 Εἰς
1222 1461 1400 1524 τοῦτο,
1434 1481 1452 1513 ι
1483 1464 1546 1515 Oi
1579 1479 1684 1516 πα-

131 1551 265 1621 τέρες
297 1549 468 1620 ήμῶν,
514 1569 533 1602 ι
571 1551 664 1604 καὶ
685 1551 754 1604 τὰ
795 1550 944 1622 ἑξῆς,
973 1551 1145 1604 ἰστέον
1178 1553 1278 1624 τὴν
1326 1553 1682 1626 Σαμαρειτῶν

131 1643 247 1712 πρὸς
287 1641 568 1706 Ἰουδαίους
592 1643 870 1696 διάστασιν
923 1647 1051 1713 περὶ
1095 1642 1190 1696 τοῦ
1210 1644 1562 1716 νομιζομένου
1586 1646 1679 1698 αὐ-

130 1738 224 1797 τοῖς
256 1733 404 1801 ἁγίου
441 1733 632 1786 τόπουο
670 1735 719 1786 οί
756 1734 854 1803 μὲν
904 1734 1013 1804 γὰρ
1053 1735 1346 1805 Σαμαρεῖς,
1385 1735 1447 1788 τὸ
1484 1735 1681 1789 καλού-

133 1840 268 1892 μενον
295 1823 542 1895 Γαριζεὶν
576 1823 697 1895 ὅρος
741 1825 894 1892 ἆγιον
916 1824 1243 1895 νομίζοντες,
1270 1829 1328 1879 ὲν
1349 1826 1497 1897 αὐτῷ
1519 1845 1681 1899 προσο
1714 1807 1756 1862 Β

130 1913 324 1965 κυνοῦσι
360 1912 437 1981 τῷ
458 1912 602 1984 Θεῷ,
629 1909 688 1967 οὗ
729 1914 1000 1984 μέμνηται
1049 1916 1258 1985 Μωσῆς
1298 1919 1356 1970 ὲν
1385 1917 1462 1989 τῷ
1500 1920 1684 1971 Δευτε-

131 2004 340 2074 ρονομίῳ
373 2003 547 2068 οὕτως
597 2004 788 2073 λέγων’
821 2024 841 2055 ι
898 2005 1007 2058 Καὶ
1037 2007 1338 2060 ἐνετείλατο
1369 1989 1575 2078 Μωσῆς
1606 2009 1684 2080 τῷ

129 2095 226 2164 λαῷ
258 2098 313 2150 ὲν
359 2099 424 2167 τῇ
470 2096 657 2167 ήμέρᾳ
716 2096 897 2168 ἐκείνη
952 2097 1143 2166 λέγων·
1191 2094 1349 2153 Οὗτοι
1399 2101 1682 2171 στήσονται

128 2187 342 2254 εὐλογεῖν
387 2189 478 2242 τὸν
523 2189 653 2242 λαὸν
688 2191 746 2243 ὲν
800 2189 916 2260 ὄρει
967 2191 1236 2262 Γαριζεὶν,
1269 2192 1554 2256 διαϐάντες
1591 2194 1682 2249 τὸν

139 2279 382 2351 Ἰορδάνην
411 2280 659 2351 Συμεὼν,
711 2282 867 2346 Λευὶ,
915 2282 1132 2346 Ἰούδας,
1180 2283 1418 2356 Ἰσάχαρ,
1464 2286 1679 2357 Ἰωσὴφ,

129 2371 210 2423 καὶ
235 2370 528 2441 Βενιαμείν·
563 2373 660 2425 καὶ
686 2367 829 2426 οὗτοι
863 2375 1152 2445 στήσονται
1185 2377 1278 2428 ἐπὶ
1311 2376 1412 2446 τῆς
1436 2377 1681 2448 κατάρας

129 2465 176 2514 ἐν
202 2463 305 2534 ὄρει
335 2464 560 2527 Γαιϐἁλ,
605 2465 848 2537 Ῥουϐὴν,
882 2467 1010 2529 Γὰδ,
1041 2468 1134 2520 καὶ
1161 2465 1342 2538 Ἀσὴρ,
1376 2467 1677 2535 Ζαϐουλὼν,

129 2554 238 2616 Adv,
266 2557 354 2608 καὶ
374 2556 717 2628 Νεφθαλείμα
764 2577 782 2609 ι
817 2558 866 2610 οί
897 2559 954 2611 δὲ
1001 2558 1263 2620 Ἰουδαῖοι,
1285 2559 1345 2610 τὸ
1373 2557 1509 2612 Σιὼν
1541 2559 1680 2613 θεῖόν

127 2662 172 2697 τι
195 2649 546 2717 νενομικότες,
587 2651 682 2702 καὶ
713 2652 911 2703 οίκεῖον
945 2649 1037 2702 τοῦ
1073 2649 1207 2702 Θεοῦ
1249 2651 1453 2703 ἐκεῖνον
1479 2651 1680 2704 οἴονται

128 2731 248 2788 εἶναι
285 2738 372 2790 τὸν
421 2739 814 2809 ἐκλελεγμένον
849 2740 953 2793 ὑπὸ
986 2740 1078 2793 τοῦ
1131 2740 1344 2812 Πατρός
1391 2741 1499 2793 τῶν
1544 2742 1678 2794 ὅλων

128 2826 287 2881 τόπον·
311 2832 400 2882 καί
439 2831 528 2884 διὰ
564 2830 720 2884 τοῦτο
757 2833 814 2883 ἐν
849 2831 996 2902 αὐτῷ
1024 2832 1402 2903 ᾠκοδομῆσθαι
1433 2834 1524 2886 τὸν
1554 2833 1679 2887 ναὸν

129 2920 220 2972 ὑπὸ
232 2921 316 2974 τοῦ
349 2923 692 2994 Σολομῶντος
721 2924 955 2992 λέγουσι,
1013 2925 1106 2977 καὶ
1140 2926 1320 2978 πᾶσαν
1347 2926 1446 2995 τὴν
1471 2926 1680 2977 Λευῖτι-

129 3013 215 3082 κήν
251 3015 338 3067 καὶ
376 3015 656 3086 ἱερατικὴν
697 3014 948 3086 λατρείαν
977 3017 1092 3068 ἐκεῖ
1119 3014 1497 3070 ἐπιτελεῖσθαι.
1535 3015 1681 3067 Ἀκο-

129 3100 307 3166 λούθως
345 3104 402 3156 δὲ
455 3105 688 3168 ταύταις
729 3106 986 3177 ἑκάτερον
1041 3105 1190 3168 ἔθνος
1223 3107 1341 3169 ταῖς
1383 3104 1676 3176 ὑπολήψεσι

128 3192 350 3262 νενόμικε
394 3196 520 3259 τοὺς
559 3195 802 3266 πατέρας
837 3197 895 3248 ἐν
935 3195 1070 3266 τῷδε
1105 3195 1220 3265 ὄρει
1244 3197 1680 3268 προσκεκυνηκέ-

130 3303 203 3337 ναι
230 3287 302 3357 τῷ
333 3287 468 3359 Θεῷ.

189 3475 265 3527 15.
294 3475 398 3528 Καὶ
437 3476 491 3528 εἴ
516 3492 654 3528 ποτε
675 3474 731 3526 δὲ
757 3473 918 3544 μέχρι
945 3473 1040 3527 τοῦ
1075 3474 1234 3546 δεῦρο
1257 3475 1680 3544 συγκατέϐαινον

128 3567 351 3638 ἀλλήλοις
387 3571 465 3631 είς
506 3568 668 3636 λόγον
697 3569 970 3638 Σαμαρεῖς
1005 3568 1100 3619 καὶ
1139 3567 1398 3631 Ἰουδαῖοι,
1425 3569 1680 3638 ἑκάτερος

128 3660 244 3729 πρὸς
275 3661 359 3713 τὸν
386 3661 578 3714 λοιπὸν
616 3661 972 3731 ἐπαπορήσει,
1020 3660 1116 3713 καὶ
1159 3661 1275 3732 ἐρεῖ
1313 3677 1375 3730 γε
1417 3662 1446 3711 ό
1492 3662 1679 3729 Σαμα-

129 3753 239 3818 ρεὺς
273 3752 346 3822 τῷ
403 3751 646 3822 Ἰουδαίῳ
703 3751 793 3804 τὸν
825 3751 921 3820 τῆς
961 3750 1144 3804 ἐνθάδε
1194 3751 1681 3821 ἀναγεγραμμένον

127 3846 360 3910 γυναικὸς
410 3845 593 3913 λόγον’
654 3863 672 3895 ι
713 3845 776 3896 Οἱ
833 3843 1066 3913 πατέρες
1118 3842 1274 3913 ἡμῶν
1327 3845 1384 3896 ὲν
1436 3844 1512 3914 τῷ
1564 3846 1679 3916 ὄρει

123 3937 279 4006 τούτῳ
315 3937 748 4009 προσεκύνησαν,
791 3956 810 3987 ι
843 3935 1056 3996 δεικνὺς
1082 3935 1144 3987 τὸ
1168 3935 1437 4006 Γαριζείν·
1474 3956 1492 3986 ‹
1525 3938 1680 4007 ὑμεῖς

125 4027 174 4081 δὲ
195 4029 390 4098 λέγετε,
431 4033 513 4084 ὅτι
545 4032 606 4082 ὲν
640 4027 1032 4100 Ἱεροσολύμοις
1069 4028 1216 4081 ἐστὶν
1258 4029 1286 4079 ὁ
1325 4028 1508 4090 τόπος,
1543 4029 1677 4082 ὅπου

126 4125 423 4189 προσκυνεῖν
481 4122 587 4176 δεῖ.
637 4140 656 4172 ι
723 4120 861 4172 Ἀλλ’
919 4119 1042 4170 ἐπεὶ
1100 4118 1340 4170 Ἰουδαῖοι
1403 4118 1523 4188 μὲν,
1585 4119 1678 4172 ἀπ’

126 4213 287 4266 αὐτῶν
323 4214 430 4282 γὰρ
461 4215 495 4285 ἡ
531 4213 799 4283 σωτηρία,
833 4195 1037 4274 εἰκόνες
1065 4210 1170 4262 εἰσὶ
1200 4208 1308 4262 τῶν
1336 4211 1462 4272 τοὺς
1500 4210 1678 4277 ὑγιαί-

125 4321 293 4369 νοντας
324 4305 664 4378 φρονούντων
700 4305 891 4372 λόγους
910 4346 924 4369 ,
969 4305 1243 4374 Σαμαρεῖς
1266 4303 1322 4356 δὲ
1356 4302 1464 4356 τῶν
1496 4305 1678 4374 ἑτερο-

124 4392 289 4459 δόξων·
325 4397 638 4460 ἀκολούθως
669 4398 732 4449 τὸ
776 4397 883 4466 ιμὲν
930 4394 1180 4466 Γαριζεὶν
1235 4393 1570 4446 θεοποιοῦσιν
1628 4395 1678 4446 οί

1787 565 1964 617 neque
1991 565 2150 618 quem
2181 552 2462 620 prophetas
2485 553 2860 621 praedixerint,
2893 555 2986 609 sed
3040 557 3357 625 prophetam

1787 640 2044 709 aliquem.
2076 641 2357 696 Sententia
2387 641 2556 696 etiam
2602 642 2669 696 ab
2692 641 2949 696 Ecclesia:
2983 643 3218 698 decretis
3245 645 3361 699 dis-

1785 729 2022 784 sentiens
2059 743 2246 783 eorum
2279 731 2370 800 qui
2403 741 2690 787 versantur
2721 732 2775 786 in
2819 731 3138 800 Seripturis,
3192 736 3358 803 quiu-

1784 835 1891 886 que
1938 820 2046 874 illis
2074 821 2208 874 viris
2266 821 2318 875 in
2367 833 2610 892 apertum
2650 825 2750 878 sibi
2793 826 3092 894 productis,
3127 840 3362 896 cumquo

1784 911 1890 964 illis
1923 923 1990 964 eo
2019 925 2181 978 quem
2207 911 2322 979 ipsa
2347 921 2470 982 post
2502 911 2622 967 illos
2649 923 2966 982 occuparat,
2988 917 3189 983 quique
3213 917 3360 969 exis-

1785 1003 2077 1059 timabatur
2119 1004 2205 1057 vir
2254 1019 2407 1069 esse,
2457 1005 2628 1074 Λόγον
2685 1014 2741 1060 et
2792 1007 3109 1063 Sermonem
3159 1008 3358 1063 Filium

1785 1096 1902 1159 Dei,
1939 1095 2032 1164 qui
2061 1094 2184 1149 illos
2215 1094 2615 1161 manifestarat,
2641 1112 2748 1152 non
2792 1099 2979 1152 valens
3023 1115 3053 1154 a
3084 1100 3354 1169 principio

1783 1199 2027 1250 cernere,
2054 1184 2373 1254 prophetam
2397 1200 2517 1240 esse
2551 1185 2747 1254 inquit,
2783 1203 2882 1242 ceu
2913 1190 3150 1243 divinum
3173 1206 3360 1259 quem-

1784 1279 1954 1346 piam,
1990 1292 2221 1346 eumque
2246 1277 2534 1334 habentem
2567 1280 2783 1334 homine
2808 1283 2936 1351 quid
2965 1285 3139 1354 majus
3159 1325 3175 1351 ,
3212 1285 3358 1340 haud

1787 1377 1965 1420 tamen
1994 1375 2202 1420 tantutn
2233 1379 2495 1436 quantum
2533 1378 2694 1423 erat:
2725 1383 2886 1436 quam
2917 1369 2988 1424 ob
3011 1385 3230 1423 causam
3265 1370 3353 1424 in-

1783 1458 1921 1525 quit,
1956 1456 2122 1510 veluti
2162 1472 2282 1522 quae
2305 1457 2616 1513 sustulisset
2645 1457 2826 1526 aliquo
2866 1461 3022 1512 modo
3063 1461 3271 1525 oculos,
3301 1468 3358 1515 et

1783 1565 1842 1604 se
1869 1550 2216 1604 existimaret
2259 1550 2312 1602 in
2349 1549 2559 1604 visione
2591 1550 2797 1604 fuisse:
2857 1569 2876 1602 ι
2923 1551 3088 1606 Video
3137 1561 3189 1607 te
3235 1568 3355 1608 esse

1787 1643 2127 1711 prophetam.
2159 1660 2180 1694 ι
2215 1641 2360 1696 Sane
2387 1642 2532 1712 quod
2573 1643 2640 1695 ad
2677 1643 2803 1697 illud
2831 1643 3068 1707 attinet,
3115 1662 3134 1695 ι
3165 1643 3354 1699 Patres

1785 1732 1978 1798 nostri,
2015 1750 2034 1783 ι
2069 1741 2123 1786 et
2151 1746 2271 1800 quae
2303 1741 2631 1799 sequuntur,
2657 1733 2994 1798 agnoscenda
3037 1741 3119 1786 est
3163 1733 3354 1788 Sama-

1787 1821 2089 1875 ritanorum
2120 1835 2242 1874 cum
2274 1819 2476 1874 Iuda-is
2527 1818 2853 1885 differentia,
2913 1823 2980 1876 de
3025 1822 3142 1878 loco
3191 1837 3353 1894 quem

1789 1909 1862 1963 illi
1914 1912 2172 1966 rebantur
2215 1921 2505 1965 sanctum:
2554 1927 2676 1964 nam
2727 1910 3054 1967 Samaritani
3109 1926 3350 1970 montem

1785 2012 2034 2056 sanctum
2083 2002 2461 2056 existimantes
2503 2017 2627 2056 eum
2677 2004 2767 2071 qui
2823 2015 3045 2058 vocatur
3089 2006 3353 2071 Garizim,

1785 2093 1952 2148 Deum
1979 2094 2051 2149 ibi
2082 2094 2350 2160 adorant;
2388 2095 2540 2164 cujus
2573 2096 2821 2151 meminit
2864 2096 3038 2152 Moses
3067 2101 3117 2151 in
3153 2099 3354 2155 Dente-

1786 2187 2056 2252 ronomio,
2085 2187 2166 2240 sic
2182 2186 2371 2241 dicens
2399 2188 2444 2219 "
2471 2205 2484 2240 :
2524 2204 2542 2237 ι
2579 2187 2645 2240 Et
2677 2190 2932 2257 prmcepit
2965 2189 3138 2245 Moses
3159 2192 3358 2259 populo

1785 2276 1839 2330 in
1867 2277 2082 2342 dieilla,
2103 2278 2290 2332 dicens
2321 2297 2333 2332 :
2370 2277 2432 2331 lli
2463 2278 2685 2333 Stabunt
2716 2281 2782 2334 ad
2815 2281 3240 2336 benedicendum
3269 2297 3359 2350 po-

1783 2370 1968 2440 pulum
1996 2370 2051 2425 iu
2105 2383 2288 2424 monte
2331 2370 2595 2438 Garizim,
2645 2388 2767 2427 cum
2808 2373 3130 2429 transierint
3161 2372 3355 2429 Jorda-

1782 2478 1929 2526 uem,
1987 2463 2244 2532 Symeon,
2278 2463 2428 2530 Levi,
2480 2463 2667 2528 Iudas,
2718 2464 2987 2531 lssacbar,
3021 2463 3244 2536 Ioseph,
3300 2475 3356 2520 et

1785 2551 2060 2621 Benjamiu
2093 2572 2107 2620 ;
2155 2563 2209 2609 et
2239 2556 2290 2608 bi
2337 2557 2559 2609 stabunt
2588 2554 2639 2607 in
2670 2555 3048 2610 exsecratione
3081 2556 3133 2609 in
3165 2566 3353 2610 monte

1781 2644 1971 2713 Gebal,
2003 2646 2216 2713 Ruben,
2251 2646 2385 2714 Gad,
2416 2649 2576 2713 Aser,
2621 2646 2885 2711 Zabulon,
2937 2647 3047 2701 Dan
3084 2657 3138 2702 et
3177 2646 3355 2717 Neph-

1784 2739 2003 2803 tbalim;
2043 2758 2062 2790 ι
2099 2739 2268 2794 Judaei
2299 2751 2501 2805 autem,
2537 2737 2667 2793 Sion
2705 2749 2940 2793 montem
2971 2739 3211 2792 divinum
3233 2754 3354 2794 esse

1782 2833 1908 2896 rati,
1937 2833 2216 2902 proprium
2249 2833 2412 2886 etiam
2446 2833 2539 2888 Dei
2575 2832 2722 2886 illum
2759 2844 2946 2886 rentur
2980 2847 3100 2886 esse
3147 2833 3344 2896 locum,

1778 2923 2008 2977 electum
2042 2939 2072 2977 a
2103 2925 2268 2979 Patre
2297 2927 2680 2980 universorum
2711 2942 2726 2990 ;
2756 2936 2810 2979 et
2851 2926 2990 2979 hanc
3021 2923 3092 2979 ob
3125 2940 3346 2979 causam

1779 3015 1986 3080 dicunt,
2023 3017 2078 3071 in
2105 3017 2222 3086 ipso
2245 3017 2570 3071 aediﬁcatum
2612 3016 2775 3071 fuisse
2819 3016 3071 3086 templum
3119 3032 3148 3070 a
3190 3014 3347 3071 Salo-

1782 3123 1961 3172 mone,
1992 3124 2318 3175 omnemque
2353 3108 2658 3163 Leviticum
2709 3109 3214 3178 sacerdotalemque
3236 3109 3354 3162 cul-

1783 3207 1892 3250 tum
1945 3198 2054 3252 illic
2104 3197 2337 3265 perﬁci;
2373 3213 2511 3265 quas
2561 3197 2904 3266 suspiciones
2956 3207 3189 3266 utraque
3219 3215 3354 3269 gens

1778 3305 2029 3359 sequens,
2065 3291 2400 3344 existimavit
2426 3299 2613 3360 patres
2666 3290 2721 3344 in
2757 3290 2862 3344 hoc
2901 3288 2985 3344 vel
3034 3289 3126 3345 illo
3171 3301 3353 3346 monte

1777 3382 2037 3434 adorasse
2071 3379 2260 3433 Deum.

1852 3473 1937 3525 15.
1976 3472 2127 3538 Quod
2161 3473 2204 3525 si
2244 3486 2418 3540 usque
2446 3471 2498 3525 in
2527 3470 2850 3524 hodiernum
2881 3469 3023 3523 diem
3062 3469 3354 3524 contende-

1783 3571 1902 3617 rent
1931 3563 2224 3632 aliquando
2251 3560 2420 3616 Judaei
2448 3576 2570 3616 cum
2603 3559 2980 3622 Samaritanis,
3015 3559 3354 3613 addubitabit

1782 3669 2010 3724 uterque
2067 3655 2133 3709 ad
2189 3655 2442 3719 alterum,
2491 3657 2742 3723 dicetque
2805 3669 2936 3708 sane
2978 3653 3352 3707 Samaritanus

1779 3749 1970 3804 Judaeo
2003 3761 2322 3818 praesentem
2378 3749 2623 3802 mulieris
2685 3749 2944 3815 scriptum
3001 3759 3349 3799 sermonem:

1785 3861 1804 3894 ι
1828 3843 2017 3896 Patres
2049 3841 2219 3896 nostri
2252 3841 2305 3894 in
2329 3849 2512 3894 monte
2544 3842 2645 3894 hoc
2667 3836 3140 3901 adoraverunt“,i
3170 3846 3354 3891 osten-

1779 3934 1916 3987 dens
1937 3933 2211 3996 Garizim;
2238 3949 2256 3982 ι
2281 3946 2378 3985 vos
2408 3939 2586 3984 autem
2611 3930 2788 3984 dicitis
2809 3928 3158 3998 Jerosolymze
3176 3927 3351 3980 locum

1780 4040 1920 4087 esse,
1941 4023 2030 4078 ubi
2063 4032 2311 4092 oporteat
2333 4022 2610 4076 adorare.»
2648 4021 2754 4074 Sed
2782 4020 3035 4089 quoniam
3063 4015 3232 4072 Judaei
3260 4017 3350 4085 (ab

1781 4116 1941 4185 223
1987 4116 2118 4184 ipsis
2147 4113 2290 4166 enim
2320 4111 2469 4167 salus
2508 4110 2584 4177 ⁸⁷)
2611 4117 2805 4179 gerunt
2833 4109 3118 4180 imaginem
3157 4121 3348 4162 eorum

1780 4211 1872 4276 qui
1917 4221 2062 4260 sana:
2099 4213 2229 4259 sunt
2255 4202 2558 4274 opinionis,
2611 4202 2896 4256 Samaritae
2938 4214 3120 4254 autem
3155 4212 3344 4252 eorum

1781 4299 1874 4368 qui
1901 4297 1970 4350 ab
1999 4295 2257 4350 Ecclesia:
2283 4294 2514 4348 decretis
2541 4293 2839 4355 dissident,
2875 4289 3189 4344 beatiﬁeant
3219 4301 3350 4342 con-

1781 4399 2071 4458 sequenter
2107 4386 2392 4440 Samaritae
2435 4385 2675 4440 Garizim
2701 4425 2716 4448 ,
2764 4385 2854 4452 qui
2885 4398 3041 4437 mons
3076 4383 3348 4450 interpre-

125 4487 395 4560 Σαμαρεῖς,
427 4491 570 4562 ὅπερ
617 4487 977 4560 ἑρμηνεύεται
1007 4485 1255 4554 διατομὴ
1283 4484 1394 4554 (‘25)
1445 4485 1478 4557 ἦ
1531 4485 1671 4537 διαί-

1851 4492 1928 4532 Lur
1959 4478 2204 4532 discissio
2238 4476 2318 4531 vel
2347 4475 2580 4538 divisio;
2613 4490 2736 4528 cum
2773 4475 2941 4527 etiam
2975 4471 3248 4541 separatio
3295 4479 3350 4524 et

119 4595 288 4646 ρεσις·
323 4582 414 4634 καὶ
443 4583 546 4652 τῆς
578 4581 715 4634 κατὰ
737 4580 837 4651 τὴν
865 4579 1104 4651 ἱστορίαν
1129 4577 1390 4648 διατομῆς
1421 4577 1554 4646 (26),
1582 4577 1671 4630 καὶ

1851 4571 1976 4626 visio
2000 4571 2155 4640 juxta
2187 4567 2472 4622 historiam
2504 4567 2690 4620 decem
2720 4565 2984 4630 tribuum,
3010 4577 3130 4632 qua:
3161 4563 3350 4618 divisa:

123 4671 414 4743 διαιρέσεως
440 4675 556 4727 τῶν
578 4674 708 4726 δέκα
740 4672 918 4744 φυλῶν
949 4672 1209 4741 διατετμη
1220 4671 1396 4740 μένων
1427 4669 1536 4723 ἀπὸ
1569 4669 1676 4722 τῶν

123 4759 305 4816 λοιπῶν
345 4764 436 4817 δύο
481 4764 857 4834 γεγενημένης
895 4761 1037 4816 κατὰ
1071 4762 1200 4824 τοὺς
1244 4759 1339 4814 τοῦ
1400 4759 1678 4832 ’ῐεροϐοὰμ

126 4856 344 4924 χρόνους.
411 4858 470 4922 ὃς
536 4858 634 4911 καὶ
704 4857 865 4920 αὐτὸς
945 4855 1325 4928 ἑρμηνεύεται,
1385 4852 1678 4920 δικασμὸς

124 4948 258 5002 λαοῦ
292 4949 422 5019 (‘27)-
469 4950 716 5003 Ἰουδαῖοι
760 4949 818 5002 δὲ
846 4949 908 5001 τὸ
959 4947 1117 5012 Σιὼν,
1165 4948 1302 5016 ὅπερ
1351 4945 1488 5006 ἐστὶ,
1529 4961 1678 4998 σκο-

126 5041 425 5111 πευτήριον
446 5042 582 5114 (28).
623 5043 785 5107 Είκὸς
812 5042 869 5095 δέ
898 5059 1020 5096 τινα
1047 5040 1417 5111 ὲπαπορήσειν
1449 5037 1587 5090 διατί
1623 5039 1678 5090 αί

1784 4663 2004 4717 fuerunt
2038 4677 2067 4716 a
2100 4660 2324 4732 reliquis
2353 4660 2596 4721 duabus,
2637 4658 2777 4714 facta
2809 4657 2971 4713 fuerit
3015 4657 3350 4726 temporibus

1781 4755 2070 4811 Jeroboam
2092 4755 2161 4818 ”,
2188 4753 2281 4822 qui
2310 4762 2366 4807 et
2393 4753 2508 4821 ipse
2537 4749 2927 4820 interpretatur
2963 4747 3227 4817 judicium
3254 4763 3351 4814 po-

1783 4848 1898 4918 puli
1917 4863 1936 4900 :
1975 4846 2145 4902 Judaei
2171 4855 2349 4900 autem
2379 4843 2534 4908 Sion,
2571 4855 2732 4912 quem
2764 4841 2808 4896 si
2839 4840 3230 4911 interpreteris.
3269 4854 3352 4894 so-

1783 4952 1879 4994 nat
1899 4939 2131 5009 specula.
2176 4936 2281 4992 Sed
2316 4934 2593 5007 probabile
2619 4933 3093 4989 estdubitaturum
3111 4932 3344 5000 aliquem

1782 5046 1953 5100 quare
1987 5030 2390 5086 benedietiones
2437 5027 2573 5080 ﬁant
2603 5025 2656 5079 in
2689 5034 2874 5080 monte
2916 5023 3156 5080 Garizim
3206 5024 3347 5090 apud

184 5178 224 5212 ”
242 5177 390 5236 Deut.
411 5195 584 5244 xxvu,
609 5181 698 5247 Il,
735 5179 824 5235 I5.
899 5178 944 5211 "
972 5176 1128 5232 Joan.
1149 5192 1224 5243 tv,
1251 5175 1340 5228 20.
1414 5175 1459 5206 ’7
1487 5172 1616 5226 ibid.
1654 5171 1744 5225 21.
1813 5169 1859 5202 ⁸⁸
1888 5165 1952 5221 III
1979 5167 2110 5235 Reg.
2138 5181 2237 5230 xu,
2265 5165 2368 5232 20;
2397 5163 2441 5218 ll
2465 5163 2642 5220 Paral.
2672 5179 2729 5228 χ,
2768 5161 2856 5218 I9.

187 5295 290 5370 (ᾖ)
319 5298 804 5370 Διελεγχθένιτων·Δ
836 5295 1046 5370 αὐτῆς.
1097 5294 1204 5370 Δδίε
1245 5290 1669 5370 habenthcodgl.

130 5359 426 5421 Bodleiauus
479 5359 560 5421 et"
587 5367 945 5421 Barberinus:
977 5359 1201 5434 Regius,
1241 5359 1671 5434 animosne-

127 5434 232 5502 τῆς.
261 5437 478 5491 Huetius
514 5438 793 5505 legendum
827 5431 1083 5490 censebat
1111 5433 1481 5505 διελεγχθεῖσα
1510 5431 1669 5501 αὐτή.

192 5506 295 5573 (εδ)
323 5504 854 5574 Καταλειφθέντας.
877 5505 1016 5571 Lege
1045 5504 1495 5575 καταληφθέντος.

192 5576 296 5642 (24)
327 5578 504 5630 Codex
541 5577 885 5639 Bodleianus,
920 5575 1076 5628 τόσον
1107 5576 1250 5628 ὅσον.

193 5645 295 5712 (ἣὸ)
335 5647 518 5717 Ὅπερ
561 5648 941 5717 ἑρμηνεύεται
987 5643 1264 5717 autem}.
1312 5643 1672 5717 Hieronymus

134 5709 354 5770 De‘no'm.
403 5709 646 5779 nam}
683 5709 942 5776 Carisim,
985 5709 1194 5780 divisio,
1222 5709 1335 5770 Sive
1391 5709 1610 5768 advena.
1645 5731 1663 5764 ι

130 5782 171 5833 Α
199 5791 299 5851 Γ),
331 5803 350 5843 t
379 5787 672 5854 succidere,
702 5787 968 5844 scindere.
1008 5803 1027 5838 ι

1851 5285 1966 5350 (26)
1990 5284 2170 5339 Codex
2197 5282 2548 5338 Bodleianus.
2584 5278 2886 5349 διανομίας.

1851 5341 1964 5426 (κὶῖὶ
1990 5353 2284 5426 Δικασμὸλς
2314 5351 2485 5426 λαοῦ.
2506 5341 2863 5426 Ηὶετοιιίιιιιιε
2897 5347 2972 5426 De
2995 5360 3134 5426 nam.
3157 5341 3346 5426 Ιίεὸνη

1784 5447 1804 5480 ‹
1836 5416 2836 5495 J‘eroboam,'_dijudicans_populum,
2886 5418 2988 5495 ναι,
3023 5416 3344 5495 ,ειῇιιιιῖρδιιε

1778 5513 1940 5568 super
1974 5511 2090 5549 nos.
2131 5484 2150 5547 ἰ
2187 5484 2290 5548 Pro
2314 5484 2578 5568 omnia;
2615 5484 2768 5568 λαοί),
2801 5489 2970 5542 codex
3023 5484 3346 5538 Bodleianus

1781 5560 2101 5635 iit-margine
2129 5565 2305 5635 habet,
2331 5562 2591 5635 διχασμδς
2615 5560 2765 5612 λαοῦ.

1850 5638 1963 5708 (28)
1981 5621 2458 5708 ιΣκοπευτήριὸῗν.
2481 5621 2859 5708 Hieronymus,
2883 5625 2957 5708 De
2981 5641 3120 5679 nom.
3156 5621 3344 5687 ηοω..

1783 5726 1802 5759 ι
1839 5699 1983 5768 Sion,
2022 5705 2256 5768 specula.
2291 5699 2392 5786 rei,
2440 5699 2782 5764 speculator.»
2807 5706 2952 5786 ῘΞἻΥ,
2977 5715 2996 5748 ι
3029 5710 3344 5751 monumen-

1781 5791 1915 5846 tttm,
1948 5777 2154 5842 titulus,
2185 5773 2422 5845 specula.
2460 5791 2480 5823 ι
