3702 6142
324 332 430 387 419

1789 324 2111 382 ORIGENIS

3426 328 3523 385 120

324 452 536 507 Mosen:
566 449 631 503 ad
656 450 799 519 quod
825 449 1108 504 dicendum
1142 455 1255 504 est:
1304 446 1557 518 quoniam
1589 461 1690 500 vox
1724 445 1884 501 Gari-

2011 444 2141 517 ταρὰ
2194 445 2384 497 Μωσεῖ
2431 442 2668 511 εὐλογίαι
2712 444 2805 496 ἐπὶ
2849 442 2942 496 τοῦ
2991 443 3239 515 Γαριζεὶν
3287 443 3512 513 γίνονται.

321 544 429 597 lim
480 541 817 595 dicissionem
879 539 1270 594 etdivisionem
1339 536 1644 607 signiﬁcat,
1692 535 1885 590 discis-

323 633 488 686 sionis
527 629 743 698 quidem
797 629 1161 698 significatum
1205 629 1527 683 sumendum
1576 643 1731 690 esse,
1762 642 1885 680 cum

322 721 592 776 scinditur
624 720 859 788 populus
895 735 923 772 a
970 719 1258 774 Jeroboam
1280 760 1295 784 ,
1326 720 1642 789 habitatque
1692 718 1889 773 Sama—

326 814 463 865 riam
491 827 585 867 rex
615 828 630 877 ;
659 812 943 866 divisionis
972 826 1105 866 vero
1132 826 1318 866 vocem
1348 813 1664 866 sumendam
1688 826 1808 866 esse
1831 811 1885 864 in

327 904 524 956 bonam
553 911 789 971 partem,
827 904 950 971 quia
985 904 1227 973 apposite
1248 903 1519 972 sapientes
1549 912 1770 956 utantur
1799 902 1884 957 di-

326 995 537 1048 visione
566 996 620 1048 in
661 1010 986 1063 unaquaque
1019 995 1386 1063 propositione
1417 994 1725 1062 disputabili
1746 1034 1764 1061 ,
1792 1010 1889 1049 ne-

327 1086 565 1140 cessaria
583 1086 883 1139 exsistente
915 1085 1177 1139 divisione
1208 1086 1275 1140 ad
1301 1086 1661 1155 cognitionem
1688 1088 1891 1141 verita-

330 1176 416 1229 tis.
458 1174 721 1240 Quocirca
752 1176 881 1244 quia
915 1176 1149 1229 nondum
1178 1177 1326 1231 venit
1355 1178 1486 1231 hora
1534 1177 1623 1231 illa
1668 1180 1808 1232 dicta
1856 1193 1888 1233 a

330 1265 561 1321 Domino
585 1266 653 1332 θ’,
687 1268 905 1334 quando
931 1283 1101 1337 neque
1135 1268 1189 1321 in
1224 1279 1408 1322 monte
1434 1269 1557 1331 hoc,
1592 1284 1764 1336 neque
1796 1268 1890 1324 Je-

331 1357 617 1427 rosolymaa
654 1358 959 1411 adorabunt
986 1357 1203 1412 Patrem
1230 1399 1246 1423 ,
1298 1358 1581 1428 fugiendus
1616 1369 1701 1413 est
1737 1373 1891 1413 mons

337 1449 824 1513 Samaritanorum,
854 1461 908 1503 et
940 1450 1153 1503 interim
1178 1451 1231 1503 in
1259 1448 1412 1515 Sion,
1439 1450 1527 1504 ubi
1556 1459 1641 1505 est
1675 1449 1891 1505 Jeroso-

330 1539 510 1609 lyma,
574 1541 711 1595 Deus
774 1542 1112 1607 adorandus;
1162 1557 1282 1611 quae
1328 1541 1660 1612 .lerosolyma
1710 1544 1890 1597 civitas

332 1631 489 1699 Regis
528 1631 703 1701 magni
742 1633 938 1686 dicitur
974 1647 1003 1686 a
1044 1632 1261 1687 Christo
1291 1631 1332 1687 ³.
1372 1632 1475 1687 Sed
1504 1648 1749 1702 quaenam
1785 1635 1890 1690 alia

345 1725 540 1777 civitas
565 1724 670 1777 erit
698 1723 858 1793 Regis
903 1725 1112 1792 magni,
1144 1734 1199 1777 et
1224 1739 1349 1778 vera
1392 1722 1756 1795 Jerosolyma,
1787 1726 1888 1779 nisi

341 1816 578 1870 Ecclesia
609 1830 674 1870 ex
708 1818 845 1870 vivis
870 1816 1135 1884 lapidibus
1158 1816 1441 1879 aediﬁcata,
1474 1815 1562 1869 ubi
1602 1825 1685 1870 est
1714 1831 1891 1871 sacer-

334 1906 535 1959 dotium
578 1915 826 1961 sanctum
846 1948 861 1973 ,
902 1906 992 1961 ubi
1023 1905 1339 1975 spirituales
1372 1905 1674 1960 offeruntur
1703 1908 1893 1961 hostia:

334 1998 442 2051 Deo
465 2013 494 2051 a
526 2000 898 2070 spiritualibus
922 2001 967 2060 ⁸,
999 2008 1054 2051 et
1084 1997 1152 2050 ab
1186 1997 1269 2051 his
1298 1999 1390 2067 qui
1438 1999 1774 2066 spiritualem
1814 2000 1895 2052 in-

332 2094 635 2149 tellexerint
663 2089 874 2159 legem?
911 2088 1046 2143 Cum
1073 2090 1352 2143 enimvero
1392 2091 1567 2144 aderit
1613 2093 1892 2161 plenitudo

331 2186 421 2240 illa
475 2184 764 2254 temporis,
798 2183 864 2234 ad
914 2181 1029 2234 haec
1076 2195 1197 2233 cum
1247 2182 1369 2249 quis
1431 2197 1773 2252 nequaquam
1839 2186 1893 2238 in

332 2290 523 2338 carne,
555 2275 647 2329 sed
691 2275 743 2326 in
775 2273 965 2340 spiritu
995 2269 1192 2335 fuerit,
1228 2286 1326 2325 nec
1351 2273 1578 2342 amplius
1610 2275 1662 2329 in
1701 2276 1892 2345 ﬁgura,

333 2368 427 2422 sed
452 2376 594 2421 totus
619 2366 670 2419 in
699 2367 948 2427 veritate.
975 2375 1029 2420 et
1057 2366 1235 2421 taliter
1259 2368 1553 2420 instructus
1574 2376 1633 2420 ut
1654 2367 1891 2435 seipsum

332 2458 567 2511 similem
594 2458 989 2511 reddateoruut
1023 2458 1374 2512 adoratorum
1400 2473 1537 2526 quos
1562 2457 1699 2512 Deus
1746 2474 1895 2528 quae-

336 2550 427 2615 rit,
475 2559 602 2604 tunc
655 2565 759 2603 non
806 2550 1136 2604 censendum
1175 2557 1256 2604 est
1298 2564 1481 2603 veram
1521 2551 1892 2605 adorationem

336 2638 741 2709 perfectumque
762 2639 854 2693 Dei
879 2638 1447 2710 cultumJerosolymis
1468 2640 1768 2710 perfectum
1803 2641 1889 2695 iri.

411 2908 500 2967 Η.
540 2908 630 2966 Bis
672 2921 848 2965 autem
893 2912 1153 2981 scriptum
1188 2922 1305 2967 est:
1359 2931 1378 2964 ι
1411 2911 1574 2967 Venit
1614 2912 1746 2966 hora
1777 2912 1828 2981 ³;
1868 2932 1888 2965 ι

336 3005 430 3057 sed
458 3002 688 3071 primum
720 3018 842 3057 cum
892 3019 997 3056 non
1043 3005 1310 3059 addiderit
1360 3004 1726 3075 evangelista,
1788 3024 1809 3057 ι
1840 3014 1896 3059 et

336 3107 482 3147 nunc
506 3101 625 3157 est,
660 3111 681 3144 ι
732 3096 967 3147 secundo
996 3094 1205 3162 inquit,
1239 3111 1260 3146 ι
1291 3094 1384 3150 sed
1421 3096 1569 3150 venit
1626 3097 1794 3157 liora,
1839 3105 1895 3150 et

334 3196 481 3236 nunc
520 3193 605 3237 est
631 3182 671 3238 ⁸.
708 3201 726 3234 ι
780 3182 881 3249 Ac,
936 3197 1053 3237 mea
1104 3185 1323 3253 quidem
1379 3187 1674 3246 sententia.
1718 3188 1893 3256 prima

337 3271 497 3326 lectio
520 3272 758 3327 declarat
785 3271 1026 3328 futuram
1070 3276 1443 3331 adorationem
1472 3285 1623 3331 extra
1667 3292 1891 3347 corpora

336 3374 555 3433 propter
585 3365 969 3435 perfectionem
990 3406 1006 3430 ,
1037 3369 1207 3423 altera
1241 3370 1538 3438 profectum
1585 3385 1774 3424 eorum
1804 3370 1895 3439 qui

336 3456 692 3525 pcrliciuutur
732 3458 784 3512 in
820 3460 920 3514 har.
957 3460 1095 3521 vita,
1128 3462 1305 3529 quoad
1349 3461 1476 3515 licet
1518 3463 1769 3515 humana:
1798 3478 1898 3515 na-

339 3557 493 3601 turae.
529 3547 694 3619 224
717 3550 1086 3616 Quamobrem
1121 3550 1249 3604 licet
1285 3552 1515 3606 adorare
1540 3550 1756 3607 Patrem
1779 3591 1793 3617 ,
1840 3563 1897 3607 et

334 3639 567 3708 spiritu,
628 3652 682 3694 et
733 3642 985 3706 veritate,
1041 3644 1258 3712 quando
1291 3657 1395 3696 non
1447 3644 1617 3698 solum
1682 3661 1705 3695 ι
1745 3644 1895 3698 venit

335 3734 464 3787 liora
491 3774 507 3800 ,
543 3751 562 3785 ι
622 3748 808 3788 verum
842 3735 1004 3787 etiam
1055 3753 1075 3786 ι
1114 3736 1257 3789 venit
1289 3736 1425 3790 hora
1462 3746 1516 3790 et
1540 3752 1681 3791 nunc
1711 3749 1828 3802 est,
1869 3756 1889 3790 ι

335 3836 390 3879 et
412 3825 624 3894 quando
645 3825 994 3897 Jerosolymis
1014 3842 1133 3882 esse
1157 3828 1535 3882 existimamur
1555 3841 1778 3899 propter
1801 3845 1895 3884 eos

333 3919 425 3985 qui
471 3933 709 3988 eousque
759 3928 971 3972 tantum
1038 3920 1419 3974 ascenderunt.
1481 3919 1709 3987 Quando
1764 3936 1895 3991 ergo

333 4011 593 4078 scriptum
641 4019 750 4065 est:
804 4031 823 4062 ι
858 4011 1021 4067 Venit
1066 4013 1200 4067 hora
1228 4052 1244 4078 ,
1293 4024 1350 4067 et
1381 4029 1524 4067 nunc
1557 4022 1674 4078 est,
1708 4031 1728 4064 ι
1790 4030 1893 4066 non

334 4101 565 4170 amplius
597 4102 831 4156 dicitur:
873 4120 892 4152 ς
926 4102 1110 4170 Neque
1141 4104 1194 4156 in
1225 4114 1407 4158 monte
1434 4107 1557 4168 hoc,
1588 4120 1764 4174 neque
1800 4103 1894 4158 Je-

332 4190 616 4261 rosolymis
668 4190 965 4246 adorabitis
1013 4189 1275 4259 Patrem,
1342 4212 1361 4245 ι
1406 4202 1483 4261 _ut
1542 4194 1742 4249 dictum
1810 4204 1896 4249 est

335 4280 470 4355 [(29)
503 4297 624 4336 cum
659 4282 820 4348 illud,
856 4301 875 4333 ι
913 4286 1059 4338 venit
1089 4285 1253 4352 hora,
1296 4303 1314 4337 ι
1347 4285 1466 4339 sine
1508 4285 1611 4339 hoc
1648 4293 1761 4340 toto
1788 4303 1806 4334 ι
1840 4294 1896 4339 et

334 4387 478 4427 nunc
510 4384 630 4439 εει,
660 4392 680 4425 ι
722 4374 987 4447 scripsit.]
1028 4379 1276 4431 Attamen
1323 4375 1457 4432 falsa
1498 4376 1752 4446 opinatur
1789 4375 1892 4431 Sa-

1987 538 2218 591 Λεκτέον
2259 536 2314 588 δὲ
2347 536 2441 589 καὶ
2472 535 2611 604 πρὸς
2655 532 2832 599 τοῦτο,
2869 535 2971 600 ὅτι,
3016 534 3247 604 ἐπείπερ
3293 536 3516 604 σημαίνει

1987 631 2020 699 ἡ
2068 626 2320 697 Γαριζεὶν
2355 625 2504 696 φωνὴ
2539 625 2639 696 τὴν
2662 632 2970 699 διατομὴν,
2997 624 3092 677 καὶ
3122 621 3219 691 τὴν
3237 618 3519 687 διαίρεσιν,

1987 717 2045 769 τὸ
2082 718 2179 788 μὲν
2204 718 2303 787 τῆς
2333 717 2593 786 διατομῆς
2623 716 3015 786 σημαινόμενον
3044 713 3278 783 ληπτέον
3307 713 3389 765 ὅτε
3423 716 3520 783 σχί-

1988 808 2139 871 ζεται
2164 812 2193 861 ό
2231 808 2357 871 λαὸς
2397 809 2500 860 ὑπὸ
2536 806 2630 860 τοῦ
2679 806 2978 878 Ἱεροὸοὰμ,
3022 806 3117 860 καὶ
3158 808 3296 859 οἰκεῖ
3320 806 3408 878 τὴν
3434 810 3524 861 Σα-

1992 901 2219 971 μάρειαν
2255 903 2282 953 ὁ
2322 899 2595 969 βασιλεύς·
2627 898 2689 951 τὸ
2724 899 2781 952 δὲ
2828 898 2930 968 τῆς
2967 898 3283 969 διαιρέσεως
3323 899 3409 951 ἐπὶ
3442 901 3525 970 τῆς

1988 991 2252 1060 εὐλογίας,
2285 991 2393 1044 τῶν
2429 989 2605 1060 σοφῶν
2636 992 2702 1061 τῇ
2733 989 2991 1060 διαιρέσει
3020 989 3367 1060 τεταγμένως
3404 1006 3529 1059 χρω-

1991 1084 2163 1154 μένων
2181 1084 2265 1152 ἐφ’
2283 1083 2511 1136 ἑκάστου
2536 1080 2642 1135 τῶν
2668 1080 2873 1152 προὸλη
2881 1081 3064 1151 μάτων
3078 1082 3199 1151 ἥτις
3224 1082 3367 1133 ἐστὶν
3390 1082 3531 1150 ἀναγ-

1989 1174 2121 1228 καία
2169 1175 2306 1246 πρὸς
2331 1175 2429 1241 τὴν
2466 1174 2565 1244 τῆς
2597 1172 2851 1243 ἀληθείας
2883 1172 3222 1244 κατανόησιν.
3264 1174 3419 1225 Ὅσον
3443 1174 3528 1243 μὲν

1988 1264 2080 1321 οὖν
2124 1267 2333 1322 οὐδέπω
2374 1265 2627 1336 ἐλήλυθεν
2673 1267 2706 1334 ἡ
2752 1264 2855 1317 ὑπὸ
2892 1264 2987 1317 τοῦ
3032 1264 3237 1335 Κυρίου
3286 1265 3529 1335 εἰρημένη

1989 1358 2126 1429 ὥρα,
2154 1360 2241 1411 ὅτε
2282 1356 2402 1410 οὐτε
2436 1360 2492 1411 ὲν
2518 1356 2596 1427 τῷ
2634 1356 2748 1426 ὄρει
2777 1355 2971 1425 τούτῳ,
3013 1354 3137 1407 οὐτε
3168 1357 3226 1407 ὲν
3265 1355 3532 1426 Ἱεροσολύ-

1993 1468 2113 1520 μοις
2168 1450 2602 1520 προσκυνήσουσι
2661 1447 2739 1517 τῷ
2799 1448 2991 1517 Πατρὶ,
3038 1446 3300 1515 φευκτέον
3336 1463 3394 1499 τε
3437 1445 3530 1499 τῶν

1990 1539 2344 1612 Σαμαρειτῶν
2381 1538 2523 1609 ὅρος,
2555 1539 2649 1591 καὶ⁹
2677 1540 2733 1591 ἐν
2775 1537 2930 1602 Σιὼν,
2961 1539 3093 1590 ὅπου
3124 1537 3242 1588 ἐστὶ
3281 1536 3349 1590 τὰ
3388 1537 3531 1608 Ἱερο-

1993 1635 2223 1703 σόλυμα,
2270 1630 2671 1703 προσκυνητέον
2709 1629 2787 1700 τῷ
2830 1629 2969 1699 Θεῷ,
3018 1630 3159 1699 ἆπερ
3209 1627 3533 1698 Ἱεροσόλυμα

1992 1727 2168 1789 πόλις
2210 1719 2348 1777 εἶναι
2393 1721 2607 1790 λέγεται
2653 1721 2757 1772 ὑπὸ
2799 1718 2892 1773 τοῦ
2935 1719 3169 1791 Χριστοῦ
3216 1719 3324 1773 τοῦ
3371 1717 3533 1788 μεγά-

1992 1823 2105 1872 λου
2143 1815 2466 1881 βασιλέως.
2507 1815 2602 1878 Τίς
2630 1813 2675 1866 δ’
2701 1814 2766 1867 ἂν
2802 1812 2886 1883 εἴη
2919 1815 2952 1884 ή
2995 1813 3149 1877 πόλις
3188 1811 3285 1866 τοῦ
3322 1812 3534 1883 μεγάλου

1996 1909 2278 1981 βασιλέως,
2314 1908 2383 1961 τὰ
2418 1907 2647 1978 ἀληθινὰ
2690 1907 3056 1978 Ἱεροσόλυμα,
3105 1905 3139 1975 ἦ
3181 1907 3215 1976 ἡ
3266 1903 3534 1973 Ἐκκλησία

1992 2004 2056 2056 ὲκ
2101 2002 2263 2055 λίθων
2300 1999 2695 2071 ᾠκοδομημένη
2737 1996 2985 2063 ζώντων;
3032 1996 3218 2049 ἐνθάδε
3268 1995 3535 2066 ἱεράτευμα

1993 2097 2164 2163 ἆγιον,
2202 2091 2562 2162 πνευματικαὶ
2588 2089 2766 2143 θυσίαι
2790 2086 3285 2160 προσφέρονταιτῷ
3316 2086 3429 2151 Θεῴ
3448 2084 3536 2137 ὑπὸ

1991 2188 2098 2240 τῶν
2141 2184 2520 2256 πνευματικῶν
2546 2185 2640 2236 καὶ
2680 2184 2769 2237 τὸν
2818 2181 3182 2253 πνευματικὸν
3229 2179 3535 2249 νενοηκότων

1993 2279 2177 2348 νόμον.
2224 2275 2389 2329 Ἐπὰν
2414 2275 2472 2328 δὲ
2503 2277 2663 2344 ἐνστῇ
2687 2274 2749 2326 τὸ
2775 2272 3047 2344 πλήρωμα
3078 2272 3171 2324 τοῦ
3193 2272 3410 2342 χρόνου,
3433 2270 3535 2322 τότε

1992 2372 2091 2439 οὐχ
2114 2368 2345 2441 ἡγητέον
2381 2368 2479 2437 τὴν
2521 2366 2777 2437 ἀληθινὴν
2816 2364 3182 2436 προσκύνησιν
3218 2364 3317 2416 καὶ
3351 2362 3536 2415 τελείαν

1995 2460 2301 2514 θεοσέϐειαν
2331 2459 2597 2512 τελεῖσθαι
2638 2460 2696 2511 ὲν
2736 2456 3160 2529 Ἱεροσολύμοιςσ
3199 2455 3285 2507 ἔτι
3318 2454 3441 2506 ὅταν
3468 2468 3538 2513 τις

1993 2553 2217 2623 γένηται
2259 2550 2520 2622 μηδαμῶς
2565 2553 2621 2603 ὲν
2663 2550 2846 2621 σαρκὶ,
2884 2547 2996 2601 ἀλλ’
3026 2550 3084 2600 ὲν
3119 2545 3413 2616 πνεύματι,
3457 2543 3539 2597 καὶ

1996 2644 2259 2717 μηδαμῶς
2283 2646 2361 2697 ἔτι
2388 2646 2445 2697 ὲν
2467 2643 2640 2713 τύπῳ,
2670 2642 2804 2695 ἀλλὰ
2828 2643 2934 2704 πᾶς
2957 2642 3013 2693 ὲν
3041 2638 3292 2710 ἀληθείᾳ,
3321 2635 3540 2696 τοιοῦτος

1995 2736 2516 2806 κατεσκευασμένος,
2547 2734 2685 2787 ὥστε
2714 2731 3084 2804 ἐξομοιοῦσθαι
3114 2730 3280 2785 αὐτὸν
3307 2725 3389 2793 οἷς
3409 2727 3543 2799 ζητεῖ

1995 2831 2394 2902 προσκυνηταῖς
2425 2831 2453 2881 ὁ
2480 2827 2629 2891 Θεός.

2074 2921 2160 2975 Μ.
2201 2922 2292 2983 Δὶς
2319 2918 2375 2971 δὲ
2401 2917 2483 2970 τόο
2521 2935 2540 2968 ε
2571 2919 2830 2989 Ἔρχεται
2856 2915 2995 2986 ὥρα,
3028 2935 3047 2967 ι
3088 2916 3418 2986 γέγραπται·
3462 2915 3544 2968 καὶ

1995 3013 2138 3067 κατὰ
2163 3012 2260 3084 μὲν
2291 3011 2349 3064 τὸ
2381 3010 2617 3082 πρῶτον,
2640 3010 2699 3061 οὐ
2730 3008 3071 3081 πρόσκειται,
3100 3026 3121 3059 ι
3145 3007 3241 3061 καὶ
3263 3007 3358 3060 νῦν
3377 3011 3501 3060 ἐστι’
3523 3026 3541 3057 ι

1922 3121 1967 3182 C
1999 3102 2139 3156 κατὰ
2169 3102 2226 3155 δὲ
2252 3101 2314 3154 τὸ
2341 3100 2610 3175 δεύτερον,
2640 3100 2804 3171 φησὶν
2831 3099 2861 3151 ὁ
2893 3097 3285 3167 εὐαγγελιστής
3306 3113 3321 3127 ·
3358 3116 3377 3148 ι
3424 3096 3545 3148 Ἀλλ’

1996 3193 2209 3266 ἔρχεται
2239 3192 2376 3264 ὥρα,
2412 3192 2506 3245 καὶ
2541 3189 2634 3243 νῦν
2668 3192 2804 3243 ἐστι.
2853 3208 2872 3241 ι
2914 3190 3022 3241 Καὶ
3071 3184 3225 3256 οἶμαί
3263 3206 3329 3258 γε
3360 3188 3420 3241 τὺ
3461 3188 3546 3259 μὲν

1996 3285 2262 3356 πρότερον
2310 3282 2504 3352 δηλοῦν
2553 3280 2650 3352 τὴν
2694 3280 2799 3345 ἔξω
2851 3281 3115 3351 σωμάτων
3182 3279 3546 3351 προσκύνησιν

1994 3376 2389 3446 ἐνστησομένην
2434 3372 2574 3427 κατὰ
2611 3372 2709 3444 τὴν
2734 3371 3044 3442 τελειότητα
3071 3389 3083 3404 ’
3117 3371 3177 3424 τὸ
3208 3372 3269 3424 δὲ
3312 3370 3546 3444 δεύτερον

1994 3469 2090 3539 τὴν
2125 3469 2232 3521 τῶν
2264 3468 2320 3521 ἐν
2361 3466 2460 3537 βίῳ
2492 3467 2663 3535 τούτῳ
2704 3465 2779 3527 ὡς
2809 3464 3081 3535 ἐνδέχεται
3114 3465 3259 3519 κατὰ
3290 3464 3547 3535 ἀνθρωπί-

1995 3578 2092 3631 νην
2147 3558 2305 3627 φύσιν
2349 3556 2633 3629 προκοπὴν
2680 3556 2793 3626 (50)
2847 3555 3257 3626 τελειουμένων.
3319 3553 3549 3619 Ἔξεστιν

1994 3649 2088 3705 οὖν
2127 3652 2221 3704 καὶ
2253 3652 2311 3704 ὲν
2336 3648 2415 3719 τῷ
2450 3648 2718 3719 πνεύματι
2746 3648 2839 3701 καὶ
2876 3647 3100 3718 ἀληθείᾳ
3130 3649 3454 3718 προσκυνεῖν
3482 3644 3550 3714 τῷ

1994 3741 2191 3811 Πατρὶ,
2220 3741 2308 3793 ὅτε
2333 3740 2393 3793 οὐ
2421 3739 2580 3809 μόνον
2619 3757 2636 3790 ι
2670 3738 2887 3809 ἔρχεται
2915 3738 3051 3810 ὥρα,
3086 3758 3105 3789 ι
3134 3738 3272 3792 ἀλλὰ
3299 3739 3397 3793 καὶ
3423 3758 3441 3790 ι
3467 3737 3550 3791 νῦν

1994 3833 2128 3896 ἐστι,
2164 3851 2181 3882 ι
2214 3833 2307 3885 καὶ
2335 3834 2392 3885 ἐν
2420 3834 2532 3894 τοῖς
2573 3831 2962 3902 Ἱεροσολύμοις
2984 3830 3071 3883 διὰ
3102 3832 3230 3893 τοὺς
3260 3830 3357 3883 ἐπὶ
3376 3827 3552 3882 τοσοῦ-

1992 3942 2082 3979 τον
2137 3925 2292 3995 μόνον
2347 3923 2644 3991 φθάνοντας
2691 3923 2975 3992 τυγχάνειν
3024 3919 3379 3991 νομιζόμεθα.
3436 3920 3553 3971 Ὅτε

1993 4016 2122 4085 γοῦν
2154 4016 2457 4086 γέγραπται
2481 4030 2494 4044 ⁸
2536 4033 2554 4065 ι
2595 4014 2852 4084 Ἔρχεται
2891 4011 3028 4084 ὥρα,
3062 4013 3155 4064 καὶ
3187 4010 3286 4064 νῦν
3330 4013 3495 4075 ἐστιν,
3528 4026 3547 4058 ›

1994 4107 2173 4161 οὐκέτι
2205 4107 2417 4176 λέγεται
2442 4106 2504 4159 τό
2523 4124 2535 4136 ·
2572 4126 2588 4157 ι
2623 4105 2758 4159 Οὔτε
2790 4107 2847 4158 ὲν
2978 4105 3091 4175 ὖρει
3124 4103 3323 4174 τούτῳ,
3354 4101 3475 4155 οὐτε
3501 4103 3554 4154 ὲν

2005 4200 2394 4273 Ἱεροσολύμοις
2446 4200 2849 4270 προσκυνήσετε
2905 4190 2985 4267 τῷ
3039 4196 3235 4267 Πατρὶ,
3300 4215 3320 4246 ι
3376 4195 3551 4264 ὥσπερ

1995 4293 2209 4363 εἴρηται
2257 4292 2390 4344 ὅπου
2439 4290 2533 4354 τὸ,
2587 4308 2606 4341 ι
2656 4289 2912 4358 Ἔρχεται
2962 4285 3098 4357 ὥρα,
3153 4304 3173 4336 ι
3222 4284 3396 4355 χωρὶς
3446 4281 3550 4344 τοῦ,

2001 4403 2019 4434 ι
2052 4383 2165 4435 Νῦν
2210 4384 2375 4445 ἐστιν,
2404 4398 2422 4432 ›
2459 4379 2890 4452 ἀναγέγραπται.
2928 4379 3048 4430 Ἔτι
3089 4376 3342 4447 μέντοιγε
3374 4375 3552 4445 ὁμοίαν

335 4462 547 4516 maritis
576 4465 689 4517 haec
718 4464 927 4530 dicens,
965 4482 1067 4519 non
1103 4466 1260 4520 aliter
1285 4481 1446 4535 quam
1498 4482 1620 4520 eum
1669 4468 1889 4536 putabat

2011 4470 2331 4542 [νεοδοδοξίαν
2361 4473 2427 4540 τῇ
2456 4471 2548 4523 ἐπὶ
2577 4468 2671 4521 τοῦ
2699 4465 3049 4538 νομιζομένου
3078 4463 3313 4533 φρέατος
3341 4459 3553 4532 εἰρημέ-

333 4553 532 4609 t‘ontem
550 4553 717 4610 Jacob
733 4557 837 4611 dici
860 4567 1100 4626 puteum.
1125 4558 1237 4613 Illic
1258 4560 1455 4613 etenim
1475 4557 1681 4627 inquit:
1711 4576 1729 4608 ι
1755 4556 1890 4610 Nam

332 4655 388 4700 tu
419 4647 592 4717 major
627 4661 689 4703 es
735 4659 889 4718 patre
928 4660 1115 4704 nostro
1160 4648 1368 4715 Jacob,
1414 4650 1506 4719 qui
1531 4649 1699 4703 ‘dedit
1738 4649 1897 4702 nobis

331 4738 477 4791 hunc
503 4747 743 4806 puteum,
786 4748 843 4794 et
890 4740 1003 4810 ipse
1052 4756 1119 4794 ex
1149 4756 1215 4795 eo
1247 4740 1420 4806 bibit,
1451 4749 1506 4795 et
1538 4739 1633 4793 lilii
1665 4738 1803 4808 ejus,
1837 4747 1897 4793 et

329 4848 528 4903 pecora
553 4833 670 4902 ejus
688 4832 748 4888 '1’
774 4851 794 4886 ι
824 4835 910 4889 hic
936 4845 1147 4892 autem:
1180 4854 1198 4887 ι
1222 4834 1412 4890 Patres
1436 4834 1603 4889 nostri
1631 4834 1684 4887 in
1709 4822 1909 4888 monte.

334 4926 436 4981 hoc
460 4927 818 4981 adoraverunt
842 4927 883 4980 ⁸.
922 4947 942 4980 ι

403 5106 493 5165 15.
531 5106 796 5164 Caeterum
826 5108 878 5162 in
904 5109 987 5164 his
1017 5109 1197 5165 verbis
1231 5110 1404 5180 inquit
1438 5108 1731 5166 lleracleon
1780 5111 1879 5165 lto-

330 5219 482 5265 neste
522 5206 897 5261 Samaritidem
945 5206 1143 5262 fassam
1191 5207 1359 5262 fuisse
1414 5222 1533 5277 quae
1575 5207 1675 5262 sibi
1729 5205 1889 5262 Jesus

330 5303 582 5357 dixisset:
620 5319 639 5351 ι
678 5298 857 5354 Solius
879 5299 1021 5353 enim
1045 5299 1343 5368 prophetae,
1367 5298 1540 5367 inquit
1568 5297 1887 5363 Heracleon,

428 5466 472 5496 ⁸⁸
497 5462 653 5519 Joan.
680 5479 756 5531 tv,
784 5464 875 5519 25.
979 5467 994 5496 ¹
1022 5462 1212 5519 Matth.
1250 5480 1304 5530 v,
1338 5464 1428 5520 55.
1546 5462 1616 5516 ³1
1657 5461 1805 5518 Petr.
1859 5479 1921 5529 tt,

336 5532 358 5562 '
384 5534 511 5589 ibid.
541 5535 633 5590 20.

403 5675 514 5741 (29)
550 5676 925 5745 Supplevimus
951 5677 1066 5731 haec
1098 5691 1163 5729 ex
1194 5673 1471 5745 Pierionio.
1497 5701 1504 5708 -

1996 4579 2088 4615 νου
2129 4561 2239 4631 ἔχει
2296 4561 2333 4631 ἠ
2379 4560 2707 4630 Σαμαρεῖτις
2756 4554 2926 4608 ταῦτα
2985 4553 3253 4621 λέγουσαο
3307 4553 3455 4605 Ἐκεῖ
3500 4563 3550 4599 τε

1997 4653 2137 4723 γάρ’
2167 4671 2186 4703 ι
2221 4651 2312 4721 Μὴ
2360 4650 2448 4714 σύ,
2487 4649 2641 4719 φησι,
2679 4647 2880 4718 μείζων
2925 4642 2978 4699 εἶ
3021 4643 3115 4698 τοῦ
3152 4643 3371 4715 Πατρὸς
3409 4640 3553 4713 ἡμῶν

2008 4744 2219 4811 Ἰακὼϐ,
2269 4744 2328 4808 ὃς
2365 4742 2594 4796 δέδωκεν
2644 4743 2778 4813 ἡμῖν
2826 4738 2888 4792 τὸ
2933 4738 3128 4809 φρέαρ,
3160 4737 3255 4789 καὶ
3293 4735 3459 4797 αὐτὸς
3498 4732 3551 4794 ἐξ

1994 4837 2157 4892 αὐτοῦ
2187 4837 2324 4900 ἔπιε,
2360 4836 2454 4890 καὶ
2478 4838 2525 4889 οἱ
2565 4836 2670 4889 υἱοὶ
2697 4832 2884 4897 αὐτοῦ,
2918 4832 3012 4884 καὶ
3042 4828 3113 4883 τὰ
3143 4828 3440 4900 θρέμματα
3467 4826 3553 4880 αὐ·

1994 4931 2118 4996 τοῦ;
2152 4950 2171 4983 ι
2215 4930 2402 4983 ἐνθάδε
2427 4928 2483 4982 δὲ
2513 4928 2575 4981 τό
2601 4946 2614 4959 ’
2652 4947 2671 4978 ι
2706 4928 2768 4979 0t
2796 4924 3033 4996 πατέρες
3060 4922 3219 4993 ἡμῶν
3246 4925 3307 4977 ὲν
3335 4921 3416 4993 τῷ
3447 4920 3552 4991 ὄρει

1990 5022 2163 5091 τούτῳ
2190 5020 2618 5091 προσεκύνησαν.
2644 5040 2662 5073 ι

2066 5112 2149 5166 15.
2205 5113 2262 5163 'U
2300 5110 2358 5162 δὲ
2410 5108 2720 5180 Ἡρακλέων
2748 5109 2829 5170 είς
2866 5107 2934 5161 τὰ
2977 5106 3116 5160 αὐτὰ
3149 5106 3376 5177 ῥήματα
3417 5100 3551 5166 λέγει

1995 5204 2343 5274 εὐσχημόνως
2385 5200 2791 5273 ὡμολογηκέναι
2841 5200 2937 5272 τὴν
2985 5200 3315 5269 Σαμαρεῖτιν
3360 5193 3429 5248 τὰ
3469 5189 3551 5245 ὑπ’

1997 5297 2158 5351 αὐτοῦ
2200 5298 2335 5367 πρὸς
2375 5297 2541 5367 αὐτὴν
2576 5296 2872 5368 εἰρημέναο
2915 5312 2934 5345 ι
2981 5293 3266 5363 Προφήτου
3314 5287 3430 5360 γὰρ
3466 5284 3553 5357 μό-

1987 5462 2041 5517 5.
2146 5461 2167 5491 ³
2217 5459 2371 5515 Joatt.
2441 5473 2513 5524 tv,
2570 5456 2661 5511 21.
2767 5453 2946 5511 ‘ibid.
2999 5451 3089 5507 2'5.
3193 5451 3214 5483 ⁸
3270 5448 3411 5505 ibid.
3471 5444 3553 5502 l2.

538 5732 873 5820 Πρὸᾶιοπήν.
907 5748 995 5805 Sic
1023 5746 1196 5803 codex
1227 5741 1581 5806 Bodleianus;
1615 5734 1837 5808 Regius,
1878 5750 1896 5787 ς

2011 5732 2084 5785 ῖκό
2092 5744 2263 5784 πτειν.
