3702 6142
153 329 232 384 lii

1166 318 1522 375 COMMENT.
1563 316 1633 373 IN
1670 317 1862 374 JOAN.
1899 315 2134 374 TOMUS
2169 315 2312 372 XIII.

3250 316 3349 371 (2‘2

152 458 248 504 νου,
300 438 470 508 φησὶν,
516 434 662 489 ἐστὶν
691 434 887 487 εἰδέναι
934 433 1002 487 τὰ
1043 433 1250 494 πάντα,
1297 453 1315 483 ι
1361 433 1682 505 ψευδόμενος

1858 447 1875 492 ι
1908 439 2089 492 omnia
2133 414 2375 494 cernere,
2393 449 2413 482 ι
2441 429 2723 500 utrobique
2740 430 3025 496 mentiens,
3042 444 3164 486 cum
3182 412 3348 484 etiam

151 528 421 598 ἑκατέρως·
450 525 543 578 καὶ
568 525 675 595 γάρ
720 526 769 576 οἱ
813 523 1033 592 ἄγγελοι
1071 521 1139 575 τά
1173 521 1397 575 τοιαῦτα
1435 523 1683 576 δύνανται

149 620 338 682 εἰδέναι,
396 618 489 670 καὶ
558 618 586 669 ὁ
636 615 921 686 προφήτης
953 615 1015 667 ού
1063 613 1238 667 πάντα
1290 611 1463 667 οἶδενο
1528 635 1546 666 ι
1589 616 1685 667 Ἐκ

150 711 324 782 μέρους
355 708 459 779 γάρ
489 706 826 777 γινώσκομεν
859 707 954 760 καὶ
997 708 1060 759 ἐκ
1106 706 1302 777 μέρους
1344 706 1684 777 προφητεύοο

150 817 252 871 μεν,
306 818 323 849 ι
382 797 483 852 κᾶν
541 794 976 867 προφητεύομεν,
1026 794 1059 864 ἢ
1130 792 1471 863 γινώσκομεν
1546 794 1680 863 (51).

148 891 281 946 Μετὰ
313 890 368 943 δὲ
409 888 581 941 ταῦτα
608 888 826 939 ἐπαινεί
886 885 963 947 ὡς
1013 884 1332 954 πρεπόντως
1391 885 1457 953 τῇ
1513 883 1685 952 αὐτῆς

147 980 285 1051 φύσει
326 979 624 1047 ποιήσασαν
650 974 747 1045 τὴν
790 975 1137 1044 Σαμαρεῖτιν,
1177 972 1271 1026 καὶ
1316 973 1449 1043 μήτε
1489 971 1687 1041 ψευσα-

150 1072 296 1144 μένην
358 1072 489 1142 μήτε
534 1069 794 1140 ἄντικρυς
861 1066 1268 1137 ὁμολογήσασαν
1330 1064 1427 1135 τὴν
1486 1064 1685 1133 ἑαυτῆς

147 1161 520 1233 ἀσχημοσύνην,
558 1158 925 1230 πεπεισμένην
949 1158 1010 1210 τέ
1032 1172 1196 1227 φησιν
1227 1154 1416 1226 αὐτὴν,
1442 1155 1523 1207 ὅτι
1553 1171 1685 1225 προ-

147 1254 298 1322 φήτης
324 1252 425 1321 εἴη,
455 1251 665 1320 ἐρωτᾷν
693 1248 875 1313 αὐτὸν,
913 1248 1028 1317 ἆμα
1053 1247 1151 1318 τὴν
1188 1246 1365 1299 αἰτίαν
1395 1244 1686 1313 ἐμφαίνου-

149 1360 233 1396 σαν
260 1343 320 1395 δι’
351 1343 417 1413 ἦν
442 1340 861 1412 ὲξεπόρνευσεν.
902 1340 983 1393 ὅτι
1021 1338 1087 1391 δι’
1114 1339 1333 1406 ἄγνοιαν
1359 1340 1494 1411 (51')
1524 1335 1681 1399 Θεοῦ,

147 1434 227 1487 καὶ
261 1433 352 1503 τῆς
391 1432 531 1486 κατὰ
576 1432 668 1485 τὸν
714 1431 846 1484 Θεὸν
886 1430 1142 1502 λατρείας
1181 1429 1554 1500 ἀμελήσασαν,
1588 1429 1684 1481 καὶ

147 1528 335 1579 πάντων
391 1523 500 1577 τῶν
544 1523 687 1576 κατά
730 1524 824 1576 τὸν
872 1522 984 1593 βίον
1020 1523 1157 1593 αὐτῇ
1208 1521 1541 1590 ἀναγκαίων,
1591 1519 1684 1573 καί

146 1617 295 1679 ἄλλως
326 1616 409 1668 ἀεὶ
440 1616 544 1686 τὴν
577 1616 634 1668 ἐν
675 1612 752 1683 τῷ
788 1614 887 1684 βίῳ
919 1613 1310 1684 τυγχάνουσαψ
1351 1612 1411 1665 οὐ
1453 1610 1563 1682 γάρ
1594 1611 1681 1676 ἂν,

147 1708 307 1778 φησὶν,
346 1704 481 1776 αὐτὴ
523 1706 722 1776 ἤρχετο
753 1704 845 1757 ἐπὶ
893 1704 954 1756 τὸ
989 1705 1167 1774 φρέαρ
1199 1702 1303 1768 ἔξω
1345 1702 1445 1773 τῆς
1475 1701 1681 1763 πόλεως

1787 525 1962 595 angeli
2002 523 2303 592 ltujusmndi
2335 536 2563 602 cernere
2601 531 2835 592 queant,
2865 531 2920 577 et
2954 522 3210 591 prepheta
3240 537 3346 576 non

1785 617 1969 670 videat
1996 615 2212 670 omnia:
2248 633 2268 664 ι
2303 614 2378 667 Ex
2416 624 2569 681 parte
2597 613 2739 667 enim
2769 617 3166 683 cognoscimus,
3197 623 3251 667 et
3279 628 3346 669 ex

1786 716 1939 777 parte
1983 706 2369 775 propltetamus
2392 706 2434 767 ",
2469 724 2488 757 ι
2548 706 2763 759 etiamsi
2813 707 3200 774 prOpltetemus
3256 705 3346 759 vel

1785 812 2164 869 agnoscamus.
2205 797 2403 852 Deinde
2435 796 2815 851 Samaritidem
2850 796 3053 861 laudat,
3086 805 3343 864 tanquam

1783 905 1905 958 quae
1941 889 2199 944 decenter
2228 898 2436 942 natura:
2464 903 2576 942 suae
2601 887 2813 953 fecerit,
2840 902 2959 955 qua:
2987 902 3163 956 neque
3191 903 3345 941 men-

1788 979 1885 1031 tita
1917 978 2008 1045 sit,
2042 991 2218 1045 neque
2268 978 2526 1031 continuo
2569 977 2712 1031 fassa
2764 976 2925 1030 fuerit
2959 978 3347 1048 turpitudinem

1783 1084 1958 1135 suam,
1987 1084 2410 1138 persuasamque
2437 1068 2621 1123 Jesum
2655 1070 2973 1138 prophetam
3000 1085 3143 1133 esse,
3175 1069 3344 1137 ipsam

1786 1158 1961 1226 inquit
2004 1160 2342 1229 interrogare
2382 1174 2504 1213 eum
2529 1199 2545 1223 ,
2590 1161 2960 1212 ostendentem
2994 1158 3153 1212 simul
3182 1159 3344 1213 etiam

1783 1264 2003 1306 Causam
2035 1267 2130 1319 per
2160 1267 2321 1320 quam
2366 1250 2629 1304 fornicata
2677 1249 2873 1313 fuerit,
2903 1250 3153 1303 nimirum
3201 1249 3344 1318 quod

1783 1351 2002 1410 propter
2048 1343 2410 1411 ignorantiam
2459 1340 2554 1394 Dei
2590 1348 2644 1395 et
2676 1340 2842 1393 divini
2891 1339 3105 1404 cultus,
3137 1350 3196 1393 ut
3228 1356 3346 1408 qua:

1785 1433 2091 1501 neglexerit
2125 1434 2286 1486 etiam
2334 1432 2515 1487 omnia
2556 1431 2659 1486 sibi
2704 1431 2770 1484 ad
2820 1439 3139 1500 prmseutem
3179 1431 3345 1484 vitam

1785 1528 2115 1591 necessaria,
2146 1542 2308 1596 quam
2341 1526 2579 1594 alioquin
2615 1524 2975 1595 ignorantiam
3019 1527 3117 1579 hac
3147 1525 3198 1579 in
3234 1527 3344 1579 vita

1783 1633 1998 1687 semper
2023 1617 2331 1673 habuisset:
2366 1631 2541 1685 neque
2562 1616 2727 1678 enim,
2753 1614 2946 1692 inquit,
2971 1616 3206 1671 venisset
3231 1617 3348 1671 haec

1786 1709 1852 1763 ad
1883 1716 2123 1777 puteum,
2156 1711 2247 1776 qui
2284 1715 2404 1762 erat
2432 1715 2586 1760 extra
2624 1706 2832 1759 urbem.
2864 1705 2969 1760 Sed
3003 1707 3187 1761 nescio
3209 1721 3347 1776 quo-

144 1770 396 1868 τυγχάνον.
700 1796 758 1848 δὲ
781 1794 898 1858 πῶς
924 1770 1171 1864 ἐνόμισεν
1197 1770 1555 1863 ἐμφαίνεσθαι
1585 1792 1682 1863 τὴν

1858 1798 1947 1850 nlo
1981 1795 2372 1850 existimaverit
2396 1793 2607 1849 ostendi
2646 1809 2863 1847 causam
2902 1793 3225 1862 fornicandi,
3260 1795 3345 1849 vel

143 1886 296 1940 αἰτίαν
320 1884 410 1938 τοῦ
440 1883 959 1953 ὲκπεπορνευκέναι,
1002 1883 1035 1953 ἢ
1067 1883 1288 1951 ἄγνοιαν
1321 1883 1499 1935 αἰτίαν
1527 1899 1686 1950 γεγο-

143 1976 270 2029 νέναι
303 1976 390 2027 ἐπὶ
424 1972 537 2027 τῶν
581 1971 1089 2044 πλημμελημάτων,
1127 1969 1346 2040 καὶτῆς
1377 1968 1518 2030 κατά
1554 1968 1684 2021 Θεὸν

143 2065 387 2136 λατρείας·
422 2062 538 2116 ἀλλ’
574 2062 716 2116 ἔοικε
752 2061 926 2115 ταῦτα
968 2061 1042 2124 ὡς
1071 2060 1257 2131 ἔτυχεν
1289 2057 1681 2128 ἐσχεδιακέναι,

141 2156 288 2226 χωρὶς
317 2154 490 2227 πάσης
526 2154 878 2225 πιθανότητος
903 2170 915 2183 ’
960 2151 1282 2222 προστίθησι
1305 2152 1432 2222 περὶ
1454 2149 1683 2213 τούτοις,

141 2248 233 2312 ὅτι,
256 2246 545 2317 βουλομένη
591 2245 781 2316 μαθεῖν
822 2244 937 2307 πῶς
965 2245 1060 2296 καὶ
1098 2242 1205 2295 τίνι
1252 2240 1682 2311 εὐαρεστήσασα,

142 2337 223 2389 καὶ
255 2336 365 2406 Θεῴ
394 2339 824 2407 προσκυνήσασα
857 2332 1195 2403 ἀπαλλαγείη
1238 2329 1333 2383 τοῦ
1379 2328 1683 2401 πορνεύειν,

141 2427 269 2494 λέγει
291 2427 373 2480 τό·
404 2445 423 2477 t
450 2426 520 2478 υί
561 2425 794 2495 πατέρες
818 2421 973 2493 ἡμῶν
1002 2423 1061 2474 ὲν
1084 2420 1160 2490 τῷ
1184 2419 1298 2490 ὄρει
1320 2417 1493 2487 τούτῳ
1520 2434 1689 2488 προσ-

143 2515 408 2588 εκύνησαν,
440 2533 459 2566 ι
521 2515 616 2568 καὶ
653 2513 722 2566 τὰ
758 2512 904 2584 ἑξῆς.
932 2511 1141 2583 Σφόδρα
1178 2509 1237 2563 δέ
1280 2511 1426 2562 ἐστιν
1466 2507 1685 2577 εὺέλεγ-

142 2625 230 2662 κτα
250 2608 312 2662 τὰ
342 2608 624 2680 εἰρημένα·
645 2605 807 2660 πόθεν
822 2604 929 2676 γάρ
948 2603 1057 2675 (52)
1125 2604 1206 2657 ὅτι
1227 2601 1471 2672 βούλεται
1498 2601 1687 2672 μαθεῖν

140 2701 229 2755 τίνι
250 2702 656 2772 εὐαρεστήσασα
678 2698 1011 2769 ἀπαλλαγείη
1036 2696 1129 2750 τοῦ
1158 2694 1438 2767 πορνεύειν
1462 2711 1477 2759 ;

202 2793 279 2847 16.
321 2813 339 2845 ι
361 2793 525 2862 Λέγει
546 2791 683 2861 αὐτῇ
706 2794 734 2845 ὁ
763 2790 993 2861 Ἰησοῦςο
1027 2788 1252 2842 Πίστευέ
1277 2805 1386 2859 μοι,
1405 2786 1582 2855 γύναι,
1608 2786 1688 2840 ὅτι

146 2884 339 2956 ἔρχεται
375 2884 513 2957 ὥρα,
556 2885 647 2937 ὅτε
683 2882 807 2936 οὔτε
837 2882 945 2954 (55)
986 2883 1043 2935 ἐν
1084 2881 1201 2952 ὄρει
1240 2880 1436 2950 τούτῳ,
1474 2878 1597 2932 οὔτε
1630 2882 1689 2934 ἐν

152 2974 512 3047 Ἰεροσολύμοις
543 2974 949 3046 προσκυνήσετε
976 2971 1053 3041 τῷ
1078 2971 1271 3042 Πατρί.
1322 2990 1340 3022 ι
1385 2972 1512 3024 Ὅτε
1543 2970 1689 3037 εδοξε

1786 1886 2143 1953 ignorantiam
2167 1886 2330 1940 divini
2359 1886 2538 1938 cultus
2559 1899 2777 1938 t-ausain
2803 1884 2970 1939 fuisse
2990 1886 3347 1952 delictorum;

1784 1983 1876 2033 sed
1904 1980 2006 2034 hoc
2034 1980 2252 2033 videtur
2274 1977 2718 2045 extemporaliter
2749 1977 2954 2031 dixisse
2993 1978 3195 2046 absque
3236 1979 3345 2032 ulla

1783 2069 2257 2123 verisimilitudine
2282 2086 2296 2122 :
2322 2068 2515 2135 hisque
2535 2066 2681 2119 addit
2704 2078 2822 2118 eam
2849 2066 3114 2119 volentem
3138 2068 3348 2122 discere

1785 2159 2055 2227 quomodo
2079 2158 2244 2210 Deum
2276 2157 2527 2218 adorans,
2560 2163 2616 2208 et
2655 2154 2725 2206 illi
2754 2163 2901 2222 grata
2921 2193 2935 2215 ,
2968 2156 3288 2209 liberaretur
3317 2173 3347 2211 a

1787 2250 2165 2312 fornicatione,
2190 2248 2319 2301 illud
2342 2249 2583 2303 dixisse:
2628 2266 2645 2298 ι
2674 2247 2866 2301 Patres
2892 2246 3060 2300 uosui
3086 2246 3135 2300 in
3170 2259 3349 2302 monte

1788 2340 1891 2394 ltoc
1916 2338 2339 2403 adoraverunt’,
2377 2356 2397 2389 ι
2429 2348 2484 2392 et
2519 2354 2580 2393 ea
2606 2354 2728 2408 qua:
2767 2346 3087 2406 sequuntur.
3122 2337 3231 2391 Sed
3267 2338 3347 2391 fa-

1785 2433 1888 2486 cile
1920 2432 2210 2486 admodum
2239 2432 2636 2500 redarguuntur
2666 2431 2781 2485 haec
2803 2432 2980 2495 dicta;
3023 2431 3162 2484 unde
3202 2430 3348 2485 enint

1787 2525 1955 2592 liquet
1985 2538 2104 2579 eam
2133 2524 2348 2579 discere
2381 2522 2515 2577 velle
2539 2538 2647 2592 quo
2679 2531 2837 2592 pacto
2879 2522 2989 2577 Deo
3024 2532 3180 2591 grata
3211 2522 3349 2578 libe-

1789 2624 2002 2669 raretttr
2029 2632 2058 2669 a
2085 2614 2484 2670 fornicatione?

1858 2793 2018 2863 225
2050 2793 2134 2847 I6.
2180 2811 2200 2845 ι
2245 2793 2381 2847 Dicit
2404 2793 2477 2847 illi
2506 2792 2693 2848 Jesus:
2729 2792 2903 2848 Crede
2932 2794 3062 2847 mihi
3086 2832 3102 2857 ,
3135 2792 3346 2856 mulier,

1788 2887 1942 2938 venit
1968 2886 2099 2938 liora
2131 2884 2345 2952 quando
2375 2898 2551 2949 neque
2581 2883 2633 2936 in
2675 2894 2857 2937 monte
2890 2883 3011 2949 hoc,
3044 2898 3218 2950 neque
3254 2882 3349 2938 Je-

1762 2960 2076 3043 ~rosolymis
2111 2974 2412 3028 adorabitis
2437 2972 2652 3029 Patrem
2677 2974 2751 3027 θ’.
2784 2992 2804 3025 ›
2844 2975 3068 3041 Quando
3099 2976 3243 3029 visus
3267 2986 3350 3033 est

143 3065 460 3121 πιθανώτατα
483 3065 849 3137 τετηρηκέναι
876 3066 906 3117 ὁ
948 3062 1259 3135 Ἡρακλέων
1297 3065 1355 3115 ἐν
1392 3062 1601 3126 τούτοις
1624 3062 1682 3114 τὸ

1858 3066 2083 3121 :racleon
2133 3065 2410 3135 aptissime
2447 3064 2501 3118 in
2534 3066 2648 3120 ltaac
2693 3067 3118 3133 prmcedentibus
3163 3069 3354 3121 obser-

143 3160 223 3214 ἐπὶ
247 3160 338 3229 μὲν
360 3158 468 3212 τῶν
500 3158 781 3230 προτέρων
812 3155 886 3227 μὴ
915 3154 1164 3226 εἰρῆσθαι
1201 3154 1366 3224 αὐτῇ·
1404 3172 1422 3204 ι
1457 3153 1686 3206 Πίστευέ

145 3263 244 3319 μοι,
268 3249 441 3318 γύναι,
480 3269 499 3301 ι
540 3248 639 3302 νῦν
669 3249 727 3301 δὲ
752 3247 908 3300 τοῦτο
942 3246 1078 3315 αὐτῇ
1104 3243 1520 3316 προστετάχθαι,
1566 3244 1688 3297 τότε

143 3339 420 3393 ἑπεθόλωσε
453 3341 513 3393 τὸ
547 3338 623 3410 μὴ
660 3338 920 3392 ἀπίθανον
949 3338 1343 3408 παρατήρημα,
1374 3331 1543 3389 εἰπὼν
1565 3335 1689 3406 ὄρος

145 3433 232 3505 ,ἂν
253 3435 358 3505 (54)
392 3436 483 3488 τὸν
513 3433 759 3487 διάϐολον
783 3430 1055 3500 λέγεσθαι,
1085 3432 1119 3501 ἦ
1148 3431 1239 3483 τὸν
1263 3430 1466 3500 κόσμον
1498 3428 1687 3495 αὐτοῦ,

149 3544 165 3575 t
192 3526 406 3598 ἐπείπερ
436 3526 606 3597 μέρος
648 3524 707 3577 ἒν
732 3523 842 3594 (55)
880 3523 909 3574 ὁ
938 3521 1179 3584 διάϐολος
1216 3520 1345 3590 ὅλης
1394 3520 1491 3588 τῆς
1534 3518 1687 3589 ὕλης,

145 3617 311 3687 φησὶν,
354 3613 443 3688 ἦν,
485 3619 515 3670 ὁ
544 3617 602 3670 δὲ
624 3616 825 3686 κόσμος
847 3615 907 3667 τὸ
935 3613 1153 3684 σύμπαν
1188 3613 1286 3682 τῆς
1325 3611 1519 3675 κακίας
1543 3611 1685 3683 ὄρος,

140 3707 324 3780 ἔρημον
383 3710 698 3781 οἰκητήριον
769 3706 1001 3778 θηρίων,
1060 3700 1105 3775 ᾧ
1158 3705 1266 3778 (56)
1321 3705 1688 3777 προσεκύνουν

143 3799 324 3863 πάντες
351 3802 399 3854 οί
430 3802 540 3871 πρὸ
582 3800 745 3871 νόμου
786 3799 881 3852 καὶ
916 3800 967 3851 oi
1007 3797 1231 3852 ἐθνικοί.
1275 3817 1294 3848 ι
1346 3796 1689 3867 Ἱεροσόλυμα

141 3889 193 3942 δὲ
220 3892 311 3960 τὴν
335 3892 512 3944 κτίσιν
537 3891 573 3962 ἢ
594 3889 687 3942 τὸν
716 3888 975 3959 Κτίστην,
1004 3881 1048 3956 ᾧ
1079 3885 1447 3958 προσεκύνουν
1483 3888 1533 3939 οί
1564 3887 1691 3938 Ἰου-

140 3978 282 4033 δαῖοι.
325 3980 483 4034 Ἀλλὰ
518 3981 615 4035 καὶ
651 3978 922 4052 δευτέρως
964 3978 1088 4050 ὅρος
1127 3978 1224 4048 μὲν
1254 3976 1503 4048 ἐνόμισεν
1549 3972 1687 4029 εἶναι

138 4070 225 4140 τὴν
253 4067 505 4147 κτίσιν,ᾖ
539 4071 652 4143 (57)
697 4072 748 4124 oi.
776 4070 978 4125 sevum).
1016 4068 1378 4142 προσεκύνουν
1400 4087 1413 4099 ·
1458 4069 1687 4141 Ἱεροσό-

139 4160 343 4232 λυμαδὲ
387 4165 480 4218 τὸν
504 4164 768 4235 Κτίστην,
809 4158 854 4232 ᾧ
894 4161 1003 4234 (58)
1024 4164 1073 4216 οἱ
1109 4161 1348 4215 Ἰουδαῖοι
1378 4160 1682 4232 ὲλάτρευον.

143 4268 162 4301 ι
203 4252 379 4324 Ὑμεῖς
424 4251 543 4318 οὖν,
601 4254 786 4324 φησὶν,
838 4253 999 4307 οἱονεὶ
1067 4253 1117 4305 el
1160 4253 1533 4323 πνευματικοὶ,
1563 4250 1686 4305 οὕτε

137 4345 196 4413 τῇ
221 4346 422 4411 κτίσει,
460 4347 585 4401 οὐδὲ
624 4346 702 4418 τῷ
730 4345 1055 4417 Δημιουργῷ
1084 4345 1509 4416 προσκυνήσετε,
1551 4343 1685 4398 ἀλλὰ

1791 3172 1945 3212 vasse
1973 3173 2080 3212 non
2104 3158 2308 3213 dictum
2335 3158 2503 3212 fuisse
2523 3157 2597 3209 illi
2617 3173 2635 3210 :
2672 3176 2690 3208 t
2711 3157 2883 3212 Crede
2909 3158 3062 3226 mihi,
3086 3159 3297 3222 mulier,
3323 3173 3349 3213 ι

1790 3264 1933 3302 nunc
1983 3257 2160 3302 autem
2208 3247 2313 3302 hoc
2365 3248 2440 3302 illi
2494 3247 2805 3317 adiunctum
2842 3246 3041 3313 fuisse,
3089 3257 3213 3303 tunc
3246 3264 3349 3303 tton

1789 3338 2041 3395 inscitam
2095 3339 2536 3394 observationem
2604 3338 2951 3405 obscuravit,
3018 3338 3201 3393 dicens
3251 3351 3353 3406 per

1789 3440 2028 3485 montem
2114 3429 2342 3499 intelligi
2396 3428 2670 3484 diabolum
2740 3429 2824 3483 vel
2881 3428 3138 3483 mundum
3190 3428 3349 3497 ejus:

1795 3538 1815 3571 ο
1852 3520 2287 3591 quandoquidem
2315 3536 2444 3589 pars
2473 3537 2577 3574 una
2601 3529 2719 3586 est,
2744 3520 2954 3590 inquit,
2998 3519 3244 3576 diabolus
3269 3529 3354 3574 to-

1792 3613 1897 3667 tius
1917 3612 2186 3678 ntaterim;
2223 3612 2454 3665 mundus
2481 3626 2609 3665 vero
2628 3613 2914 3666 universus
2944 3611 3166 3665 malitiae
3199 3627 3354 3666 mens

1789 3703 2066 3767 desertus,
2125 3709 2180 3755 et
2224 3701 2490 3756 habitatio
2534 3701 2802 3766 ferarum,
2839 3716 2998 3770 quem
3055 3702 3353 3757 adorabunt

1787 3808 1978 3848 omnes
2008 3804 2133 3848 ante
2173 3792 2363 3863 legem,
2408 3804 2464 3849 et
2485 3793 2732 3862 gentiles.
2762 3813 2783 3846 ι
2818 3793 2921 3848 Per
2963 3792 3352 3864 Jerosolymam

1788 3901 1917 3942 vero
1941 3887 2161 3957 intelligi
2185 3888 2314 3942 dicit
2337 3888 2692 3951 creationem,
2715 3885 2800 3941 vel
2817 3884 3156 3951 Creatorem,
3182 3898 3350 3955 quem

1788 3979 2091 4033 adorabant
2114 3976 2307 4033 Judazi.
2346 3976 2489 4044 Quin
2512 3992 2729 4031 rursum
2755 3975 3085 4031 existimavit
3112 3988 3351 4031 montem

1787 4085 1910 4124 esse
1937 4070 2289 4132 creationem,
2314 4082 2475 4135 quam
2509 4066 2736 4137 gentiles
2765 4066 3096 4133 adorarent;
3127 4062 3349 4122 Jerosoo

1787 4159 1982 4229 lymam
2030 4169 2210 4214 autent
2265 4158 2619 4223 Creatorem,
2653 4171 2813 4223 quem
2859 4155 3029 4212 Judaei
3078 4156 3351 4215 colerent.

1790 4268 1810 4301 ί
1839 4249 1945 4305 Vos
1966 4263 2119 4318 ergo,
2146 4248 2339 4317 inquit,
2363 4247 2531 4303 veluti
2556 4247 2891 4318 spirituales,
2927 4261 3100 4317 neque
3118 4247 3353 4301 creatio—

1788 4355 1932 4405 nem,
1964 4353 2137 4408 neque
2170 4338 2354 4392 mundi
2380 4338 2640 4407 Opiﬁcem
2676 4336 2995 4403 adorabitis,
3019 4337 3113 4392 sed
3136 4335 3348 4391 Patrem

134 4435 205 4507 τῷ
228 4437 397 4507 Ila.sz
430 4439 531 4509 τῆς
570 4438 828 4511 ἀληθείας
847 4456 861 4469 ’
905 4439 999 4492 καὶ
1036 4436 1564 4511 συμπαραλαμϐάνει
1596 4452 1682 4504 γε,

1858 4433 2064 4486 ritatis:
2115 4444 2181 4485 ac
2218 4429 2364 4483 illam
2405 4444 2537 4485 sane
2571 4428 2825 4498 adjuvat,
2856 4427 3065 4497 inquit,
3095 4436 3349 4496 tanquatn

137 4530 315 4599 φησὶν,
356 4532 548 4603 αὐτὴν,
593 4531 669 4595 ὡς
699 4531 799 4603 ήδη
849 4530 1077 4602 πιστὴν,
1126 4530 1220 4583 καὶ
1256 4527 1688 4600 συναριθμουμέ-

134 4636 221 4690 νην
244 4625 353 4687 τοῖς
386 4623 531 4677 κατά
555 4622 811 4695 ἀλήθειαν
852 4622 1272 4694 προσκυνηταῖς.
1311 4638 1328 4670 ι
1351 4619 1489 4672 Ἀλλ’
1526 4620 1711 4691 ἡμεῖς,

134 4712 223 4782 τὴν
249 4716 342 4784 μὲν
378 4717 437 4771 ὲν
471 4714 744 4786 φαντασίᾳ
775 4713 1092 4783 γνωπικῶν
1131 4713 1302 4781 λόγων
1342 4713 1437 4766 καὶ
1469 4711 1684 4781 νομιζο-

135 4803 295 4871 μένων
322 4806 543 4876 ὑψηλῶν
589 4804 997 4877 ὀνομαζομένην
1033 4804 1343 4857 θεοσέϐειαν
1386 4801 1537 4873 παρὰ
1573 4803 1685 4865 τοῖς

134 4894 438 4965 ἑτεροδόξοις
476 4896 930 4967 ὑπολαμϐάνομεν
964 4895 1073 4967 (59)
1105 4894 1392 4966 δηλοῦσθαι
1424 4893 1510 4946 διά
1550 4891 1645 4946 τοῦ
1666 4908 1680 4923 ο

138 5005 155 5036 ι
181 4987 308 5043 Οὔτε
333 4990 390 5043 ὲν
419 4988 500 5059 τῷ
532 4988 647 5060 ὄρει
676 4988 873 5058 τούτῳ⁸
910 5006 930 5037 ι
959 4986 1048 5038 τὸν
1075 4985 1132 5038 δὲ
1171 4984 1369 5037 κανόνα
1392 4982 1531 5035 κατὰ
1557 4982 1682 5044 τοὺς

134 5080 342 5145 πολλοὺς
376 5081 478 5152 τῆς
519 5081 861 5152 Ἐκκλησίας,
900 5078 959 5132 ὃν
987 5078 1080 5131 καὶ
1107 5078 1267 5131 αὐτὸν
1294 5077 1323 5128 ὁ
1361 5075 1561 5138 τέλειος
1587 5074 1681 5128 καὶ

194 5172 212 5202 ⁷
235 5171 251 5224 l
276 5174 400 5228 Cor.
428 5187 547 5237 xm,
577 5173 633 5227 9.
706 5172 728 5204 ⁸
758 5171 914 5227 Joan.
952 5164 1026 5236 ἰν,
1051 5168 1142 5223 20.
1213 5169 1268 5199 ⁸·
1306 5167 1439 5222 ibid.
1467 5166 1557 5221 21.

201 5261 303 5333 (51)
328 5265 396 5320 Ἠ
415 5262 805 5333 γινώσκομεν.
835 5261 926 5319 Sic
953 5262 1125 5318 codex
1168 5259 1529 5324 Bodleianus;
1572 5256 1681 5311 Re-

134 5332 261 5401 gius,
286 5332 385 5388 καὶ
411 5332 771 5405 γινώσκομεν.

185 5406 310 5475 (5I‘)
341 5397 524 5461 Codex
555 5397 772 5475 Regius,
804 5413 1108 5475 perperam,
1138 5397 1394 5475 διάνοιαν.
1500 5460 1512 5472 θ

187 5459 525 5545 (ὅὲγδίιιρρω
555 5459 1123 5545 ουῖευιῶαἱιίὶῖδῆλον,
1152 5476 1210 5523 ut
1242 5465 1433 5521 fecisse
1463 5459 1679 5514 videtur

124 5541 576 5599 mmmam.
614 5544 842 5596 PnnoL.

201 5608 306 5680 (55)
336 5610 392 5664 In
435 5611 621 5665 codice
648 5609 815 5680 Regio
843 5610 994 5663 deest
1013 5606 1157 5680 oon.

206 5666 311 5751 (τι)
338 5680 542 5751 sua,
571 5680 706 5749 ὄρος
728 5666 875 5749 ῑιέν,
899 5688 1005 5731 etc.
1040 5677 1169 5731 Vide
1195 5675 1459 5751 _st_tpra_ad
1512 5675 1676 5751 Cont-

140 5744 350 5806 trte'nta'r.
376 5744 630 5806 inﬂattti.
660 5744 794 5817 xvii,
815 5760 942 5805 tom.
967 5761 1086 5812 xm,
1106 5762 1165 5817 p.
1193 5744 1313 5802 579.
1341 5746 1482 5809 Mox,
1508 5746 1547 5814 ἣ
1574 5744 1680 5799 τὸν

1783 4525 1897 4593 jam
1929 4523 2162 4587 fidelem,
2193 4530 2249 4576 et
2275 4536 2395 4590 quae
2424 4530 2816 4576 anuumeretur
2843 4518 3197 4573 adorantibus
3224 4533 3347 4572 eum

1789 4615 1841 4666 in
1869 4614 2116 4667 veritate.
2148 4630 2169 4665 ι
2201 4613 2271 4665 At
2302 4626 2430 4665 vero
2462 4626 2561 4665 nos
2589 4625 2684 4680 per
2724 4611 2827 4664 hoc
2855 4609 3082 4673 dictum,
3116 4625 3138 4660 ι
3175 4622 3351 4676 neque

1786 4705 1841 4758 in
1876 4713 2054 4757 monte
2086 4703 2207 4768 hoc,
2250 4721 2270 4755 ι
2310 4700 2578 4756 declarari
2603 4701 2982 4755 existimamus
3015 4699 3147 4754 illud
3169 4738 3183 4763 ,
3207 4701 3350 4768 quod

1742 4800 1753 4813 ‘
1785 4794 1880 4851 Dei
1905 4795 2110 4850 cultum
2155 4792 2430 4865 appellant
2469 4792 2525 4846 bi
2576 4793 2670 4863 qui
2721 4790 2790 4844 ab
2828 4790 3086 4846 Ecclesia:
3118 4789 3351 4845 decretis

1788 4889 2073 4951 dissident,
2093 4887 2363 4942 exsistens
2394 4885 2447 4940 in
2475 4882 2861 4952 imaginatione
2908 4898 3220 4939 sermonum
3254 4883 3347 4952 qui

1787 4989 1913 5034 sunt
1940 4974 2331 5046 cognoscihiles
2366 4983 2422 5029 et
2459 4974 2550 5042 qui
2597 4972 2974 5027 existimantur
2994 4971 3129 5035 alti;
3159 4987 3254 5039 per
3280 4972 3348 5025 il-

1787 5070 1878 5124 lutl
1909 5082 2058 5135 vero,
2090 5085 2109 5117 ι
2148 5081 2321 5136 neque
2344 5064 2702 5135 Jerosolymis
2732 5062 3030 5119 adorabitis
3060 5063 3291 5126 Patrem,
3322 5079 3344 5115 ν

1782 5255 2033 5322 κόσμον.
2069 5249 2347 5322 Diabolum
2376 5250 2573 5320 quippe
2599 5246 3011 5322 δεσμοκράτορα
3059 5254 3115 5322 et
3141 5247 3348 5299 consti-

1786 5317 1944 5378 tuunt
1974 5321 2333 5377 Valentiniani
2372 5317 2424 5375 et
2467 5317 2759 5388 appellant.
2809 5317 3041 5388 lrgntaaus
3073 5317 3106 5370 ί.
3144 5331 3180 5378 ι,
3218 5333 3342 5385 (ευρ.

1783 5394 1853 5460 2;
1886 5392 2149 5461 Epiphan.
2182 5394 2373 5445 haeres.
2400 5386 2554 5461 xxxi,
2583 5405 2703 5461 cap.
2740 5388 2828 5443 I9.
2858 5386 3120 5441 Ilus'rtus.

1878 5456 1967 5538 55)
1987 5456 2170 5538 Codex
2194 5460 2416 5538 llegius,
2437 5456 2506 5531 ἦν
2538 5472 2637 5527 pro
2674 5458 2753 5510 ἓν.
2812 5526 2824 5538 .
3040 5515 3066 5538 τ

1880 5526 1968 5599 56)
1998 5532 2180 5587 Codex
2206 5526 2426 5599 Regius,
2455 5526 2760 5600 perperam,
2796 5526 2871 5589 ὼς
2900 5539 2996 5600 pro
3031 5526 3076 5591 (ξ)

1861 5592 1975 5671 (57)
1999 5602 2055 5656 In
2095 5592 2493 5657 eodem'codic'e
2510 5592 2695 5671 Regio
2726 5600 2888 5671 deest

1856 5659 1970 5743 (58)
2006 5672 2066 5743 In
2093 5672 2277 5725 codice
2307 5671 2474 5743 [legio
2489 5659 2826 5743 desideratur
2855 5659 2917 5743 ᾦξ

1856 5736 1971 5813 (59)
2002 5742 2145 5798 Idem
2175 5744 2341 5796 codex
2380 5736 2601 5809 Regius,
2626 5736 3166 5808 ύπολαμϐανόμενον.
