3702 6142
97 305 180 360 ίῖθ
1083 304 1440 362 COMMENT.
1483 307 1548 362 IN
1589 304 1780 363 JOAN.
1825 299 2064 360 TOMUS
2105 302 2238 359 XIII.

3193 308 3297 361 430

71 441 78 490 |
150 427 226 480 I8.
264 445 281 477 ι
313 426 447 482 Ἀλλ·
485 430 702 497 ερχεται
753 427 902 499 ὥρα,
951 429 1045 482 καὶ
1093 428 1188 482 νῦν
1229 431 1412 493 ἐστιν,
1445 432 1532 484 ὅτε
1575 433 1613 484 ol

1809 425 1896 480 I8.
1925 442 1944 476 ι
1982 424 2090 480 Sed
2125 424 2274 478 venit
2315 423 2470 486 hora,
2504 431 2562 478 et
2603 437 2749 478 nunc
2775 433 2881 485 est,
2935 425 3148 494 quando
3181 427 3298 479 veri

93 519 304 590 ἀληθινοὶ
347 519 721 592 προσκυνηταὶ
761 523 1193 593 προσκυνήσουσι
1230 523 1306 594 τῷ
1355 524 1531 594 Πατρὶ
1568 525 1624 576 ἐν

94 615 329 686 πνεύματι
377 617 470 668 καὶ
500 615 745 687 ἀληθείᾳ.
772 636 790 668 ι
827 618 965 680 Τοὺς
1010 617 1130 688 μηδ’
1171 618 1306 681 ὅλως
1353 618 1623 686 ἐπαγγελ-

91 707 313 776 λομένους
369 707 688 776 προσκυνεῖν
739 705 818 776 τῷ
875 707 1050 778 Πατρὶ
1100 706 1222 760 οὐδὲ
1269 707 1622 779 ὀνομάζεσθαι

89 797 156 851 δεῖ
199 796 564 868 πῳσκυνητάς
619 795 714 850 τοῦ
771 795 905 851 Θεοῦ
927 815 939 828 ·
997 798 1132 852 ἀλλά
1181 799 1398 853 πάντων
1451 801 1623 868 ἐπαγ-

88 888 389 959 γελλομένων
438 891 760 960 προσκυνεῖν
791 889 868 961 τῷ
901 891 1186 956 Κτίσαντι,
1213 895 1262 946 εί
1293 897 1340 946 οἱ
1379 894 1475 964 μὲν
1512 894 1623 964 (52)

90 979 257 1050 μηκέτι
287 973 414 1034 ὦσιν
436 981 494 1034 ἐν
527 982 711 1052 σαρκὶ,
750 981 864 1038 ἀλλ’
888 984 947 1036 ἐν
979 985 1285 1055 πνεύματι,
1332 983 1412 1055 τῷ
1465 984 1625 1038 πνεύ-

90 1087 200 1140 ματι
235 1073 548 1140 περιπατεῖν
595 1075 693 1127 κα).
732 1073 1029 1144 ἐπιθυμίαν
1076 1075 1276 1146 σαρκὸς
1320 1075 1394 1148 μὴ
1441 1078 1624 1130 ἐπιτε-

87 1163 208 1216 λεῖν·
231 1165 276 1216 oi
305 1163 361 1217 δὲ
394 1164 469 1236 μὴ
503 1159 637 1219 ὦσιν
666 1169 725 1220 ἐν
757 1167 1051 1240 πνεύματι,
1080 1167 1193 1222 ἀλλ’
1236 1171 1294 1222 ἐν
1320 1169 1505 1243 σαρκὶ,
1529 1170 1624 1224 καὶ

88 1257 206 1311 κατά
238 1257 405 1330 σάρκα
451 1259 867 1330 στρατεύονται·
922 1261 1044 1314 τότε
1087 1260 1306 1316 λεκτέον
1342 1262 1624 1334 ἀληθινοὺς

89 1350 169 1418 μὲν
197 1351 563 1420 προσκυνητὰς
600 1353 726 1416 τοὺς
755 1351 1190 1425 προσκυνοῦντας
1231 1353 1309 1425 τῷ
1360 1355 1535 1427 Πατρ).
1567 1355 1624 1408 ἐν

84 1440 349 1512 Πνεύματι.
377 1443 470 1495 καὶ
507 1444 584 1514 μὴ
620 1445 783 1515 σαρκὶ
806 1484 820 1508 ,
856 1445 950 1498 καὶ
975 1448 1032 1498 ἐν
1058 1444 1305 1517 ἀληθείᾳ,
1335 1447 1429 1501 καὶ
1459 1447 1532 1519 μὴ
1564 1447 1623 1501 ἐν

83 1531 270 1595 τύποις·
314 1532 412 1585 οὐκ
459 1533 748 1603 ἀληθινοὺς
778 1535 833 1589 δὲ
867 1537 994 1599 τοὺς
1044 1536 1118 1608 μὴ
1164 1535 1337 1601 οὕτως
1382 1537 1620 1608 ἔχοντας.

86 1624 176 1677 Καὶ
199 1626 224 1677 ὁ
259 1625 544 1696 γράμματι
585 1626 642 1679 δὲ
675 1627 751 1696 τῷ
779 1628 1158 1683 ἀποκτιννύντι
1190 1629 1582 1701 δεδουλωμένος
1605 1672 1620 1697 ,

85 1712 354 1783 πνεύματος
400 1715 457 1767 δὲ
514 1716 610 1769 τοῦ
663 1715 1051 1783 ζωοποιοῦντος
1109 1719 1181 1790 μὴ
1242 1719 1578 1792 μετειληφὼς
1605 1761 1619 1786 ,

85 1803 195 1874 μηδὲ
220 1807 326 1868 τοῖς
359 1811 748 1879 πνευματικοῖς
775 1807 1082 1862 ἀκολουθῶν
1115 1809 1208 1863 τοῦ
1239 1810 1446 1880 Νόμου,
1466 1804 1620 1876 οὗτος

83 1895 136 1948 ἃν
157 1896 230 1966 εἴη
259 1900 285 1952 ό
317 1897 389 1970 μὴ
415 1899 670 1969 ἀληθινὸς
700 1899 1098 1973 προσκυνητὴς,
1124 1901 1217 1955 καὶ
1249 1902 1518 1974 πνεύματι
1546 1905 1620 1976 μὴ

82 1991 361 2060 προσκυνῶν
409 1989 489 2062 τῷ
537 1992 742 2063 Πατρί·
791 1995 819 2046 ὁ
870 1992 915 2044 δ’
953 1993 1113 2057 αὐτὸς
1163 1987 1319 2058 οὗτος
1365 1994 1483 2059 ὅλος
1513 1996 1622 2049 τῶν

79 2082 256 2148 τύπων,
289 2083 381 2136 καὶ
409 2083 522 2137 τῶν
553 2084 880 2156 σωματικῶν
911 2085 1038 2139 ὅταν
1067 2087 1446 2156 ἐπιτυγχάνειν
1479 2087 1620 2142 πάνυ

79 2175 234 2241 δοκεῖ,
285 2178 402 2230 τότε
436 2179 496 2231 ἐν
536 2176 721 2249 τύπῳ,
755 2177 849 2232 καὶ
877 2179 980 2232 οὐκ
1016 2181 1074 2232 ἐν
1107 2178 1334 2250 ἀληθείᾳ
1383 2196 1624 2252 προσκυ-

79 2271 143 2321 νεῖ
168 2268 237 2340 τῷ
265 2270 397 2340 Θεῷ,
430 2270 524 2324 διὰ
554 2269 712 2324 τοῦτο
734 2269 854 2324 οὐδὲ
879 2271 1131 2342 ἀληθινὸς
1161 2272 1458 2342 δυνάμενος
1489 2289 1620 2344 χρη-

82 2361 295 2430 ματίζειν
341 2364 744 2434 προσκυνητής.
781 2362 936 2434 Τάχα
981 2362 1188 2416 δέδοταί
1220 2380 1352 2416 ποτε
1385 2362 1621 2434 εὐλόγως

78 2455 260 2508 καὶτὸν
288 2455 540 2524 ἀληθινὸν
569 2456 952 2527 προσκυνητὴν
986 2456 1044 2508 ἐν
1075 2453 1156 2526 τῷ
1208 2454 1476 2526 πνεύματι
1529 2457 1621 2508 καὶ

77 2544 273 2618 ἀληθείᾳ
292 2546 702 2618 προσκυνοῦντα
723 2547 930 2600 τυπικά
946 2563 1070 2601 τινα
1091 2549 1283 2612 ποιεῖν,
1300 2548 1387 2602 ἵνα
1407 2549 1531 2614 τοὺς
1544 2548 1622 2620 τῷ

78 2637 208 2709 τύπῳ
217 2639 638 2710 δεδουλωμένους
649 2638 1113 2710 οἰκονομικώτατα
1133 2638 1316 2693 ἐλευθε
1325 2639 1502 2712 ρώσας
1511 2639 1620 2694 τῶν

79 2730 235 2784 τύπων
254 2731 578 2807 προσαγάγῃ
595 2735 661 2804 τῇ
678 2731 921 2804 ἀληθείᾳ·
940 2731 1128 2802 ὥσπερ
1154 2732 1400 2800 φαίνεται
1411 2732 1621 2796 Παῦλος

79 2823 154 2874 ἐπὶ
165 2821 411 2894 Τιμοθέου
431 2823 772 2895 πεποιηκὼς,
783 2827 923 2895 τάχα
936 2824 990 2878 δὲ
1010 2826 1104 2879 καὶ
1118 2827 1176 2880 ἐν
1188 2827 1511 2896 Κεγχρεαῖς,
1527 2827 1621 2879 καὶ

78 2916 125 2969 ἂν
157 2917 210 2970 Ἱε
219 2918 392 2990 ροσολύ
401 2937 522 2991 μοις
542 2961 557 2984 ,
583 2919 660 2984 ὡς
689 2923 746 2974 ἐν
778 2923 895 2982 ταῖς
915 2919 1153 2992 Πράξεσι
1177 2919 1286 2973 τῶν
1311 2918 1622 2974 ἀποστόλων

79 3011 368 3082 γέγραπται.
397 3014 680 3085 Τηρητέον
720 3013 798 3076 δὲ,
835 3013 916 3066 ὄτι
955 3013 1003 3065 oi
1035 3010 1279 3082 ἀληθινοὶ
1315 3026 1622 3082 προσκυνη-

76 3106 150 3158 ταὶ
171 3106 223 3158 οὐ
254 3106 405 3176 μόνον
437 3109 496 3160 ἐν
529 3105 800 3179 μελλούσῃ
832 3103 970 3178 ὥρᾳ,
995 3103 1131 3158 ἀλλὰ
1158 3104 1252 3158 καὶ
1271 3105 1331 3156 ἐν
1357 3101 1621 3175 ἐστηκυίᾳ
1646 3119 1690 3178 C

77 3199 398 3266 προσκυνοῦσι
454 3198 537 3270 τῷ
586 3200 760 3272 Πατρὶ
803 3201 862 3252 ἐν
912 3197 1183 3268 πνεύματι
1230 3195 1325 3249 καὶ
1370 3193 1618 3264 ἀληθείᾳ.

87 3289 204 3342 Ἀλλ’
252 3293 305 3344 έν
347 3291 618 3363 πνεύματι
663 3295 711 3345 οἱ
751 3289 1203 3363 προσκυνοῦντες,
1255 3288 1330 3352 ὡς
1369 3286 1620 3359 εἰλήφασι

76 3384 486 3452 προσκυνοῦντες,
520 3387 580 3438 ἐν
603 3383 879 3456 ἀρῤαϐὦνι
907 3380 1214 3452 πνεύματος
1240 3381 1332 3433 ἐπὶ
1355 3378 1446 3436 τοῦ
1480 3396 1620 3450 παρ-

76 3472 204 3537 όντος
254 3475 644 3548 προσκυνοῦσιν
668 3491 682 3504 ·
719 3475 776 3526 ἐν
809 3473 1082 3544 πνεύματι
1113 3472 1172 3524 δὲ
1222 3471 1338 3541 (55)
1370 3473 1458 3524 ὅτε
1507 3473 1620 3524 πᾶν

77 3567 348 3637 χωρήσουσι
376 3568 436 3621 τὸ
471 3567 692 3637 πνεῦμα
744 3566 1184 3638 προσκυνήσουσι
1218 3564 1297 3636 τῷ
1329 3563 1520 3636 Πατρί,
1557 3564 1620 3616 El

75 3655 121 3709 δὲ
151 3659 176 3710 ό
210 3657 410 3729 βλέπων
443 3660 535 3714 διὰ
561 3659 893 3729 κατόπτρου,
931 3658 992 3711 τὸ
1038 3657 1236 3730 ἀληθὲς
1267 3657 1376 3730 (54)
1403 3659 1463 3710 οὐ
1498 3656 1620 3727 βλέ-

75 3767 190 3816 πει,
234 3752 304 3815 ὡς
347 3752 622 3806 δείκνυται
670 3749 877 3814 τούτοις
918 3753 1032 3814 τοῖς
1082 3751 1468 3822 κατοπτρικοῖς
1516 3749 1623 3803 ὑπὸ

75 3842 164 3895 τῶν
190 3845 310 3916 περὶ
344 3845 520 3899 ταῦτα
566 3844 776 3907 δεινῶν,
813 3843 1000 3914 βλέπει
1055 3843 1112 3897 δὲ
1163 3842 1376 3906 Παῦλος
1427 3842 1520 3896 καὶ
1571 3844 1620 3894 oi

75 3936 410 4008 παραπλήσιοι
474 3934 612 3989 αὐτὸ
674 3934 813 4006 (55)
863 3934 952 3988 διὰ
995 3932 1301 4005 κατόπτρου
1354 3932 1450 3986 νῦν
1483 3974 1498 3998 ,
1556 3930 1620 4003 δὴ

74 4027 141 4080 ὅτι
166 4028 288 4099 (56),
319 4033 390 4094 ὼς
425 4029 635 4101 βλέπει,
659 4027 802 4082 οὕτω
824 4029 918 4082 καὶ
948 4029 1244 4099 προσκυνεῖ
1263 4025 1340 4097 τῷ
1356 4025 1496 4096 Θεῷ,
1527 4025 1620 4079 καὶ

73 4118 144 4172 διὰ
169 4122 457 4195 κατόπτρου
491 4122 814 4193 προσκυνεῖ·
842 4121 970 4172 ὅταν
990 4119 1047 4172 δὲ
1069 4117 1195 4189 ἔλθῃ
1221 4119 1256 4189 ἡ
1279 4117 1396 4190 ὥρα
1416 4120 1451 4188 ἡ
1483 4117 1620 4189 μετὰ

73 4213 154 4284 τὴν
187 4215 530 4286 ἐνεστηκυῖαν
572 4211 1097 4284 ἐνστησομένη,τότε
1134 4211 1285 4264 ἐσται
1317 4212 1350 4281 ἡ
1377 4209 1619 4282 προσκύ-

72 4322 203 4375 νησις
245 4311 298 4361 ἐν
329 4307 562 4380 ἀληθείᾳ
610 4305 902 4377 πρόσωπον
949 4302 1063 4374 (57)
1094 4301 1232 4372 πρὸς
1289 4301 1616 4374 πρόσωπον,

71 4401 152 4453 καὶ
184 4401 356 4457 οΰκέτι
380 4401 468 4455 διὰ
503 4400 812 4472 κατόπτρου
847 4395 1217 4468 θεωρουμένη.

1728 518 2045 573 adoratores
2080 517 2385 571 adorabunt
2431 515 2646 570 Patrem
2697 516 2748 569 in
2787 517 2983 586 spiritu
3012 528 3065 571 et
3099 519 3296 572 verita-

1729 617 1782 662 te
1815 608 1878 661 ¹⁷.
1928 626 1948 660 ι
1983 608 2084 674 Qui
2113 605 2336 662 minime
2358 622 2416 662 se
2442 607 2761 676 proﬁtentur
2788 608 3018 663 adorare
3056 608 3296 675 Patrem,

1730 701 1828 756 hos
1854 715 1920 755 ne
1945 700 2232 754 nominare
2261 699 2479 769 quidem
2531 711 2747 770 oportet
2799 701 3117 756 adoratores
3151 702 3244 756 Dei
3280 720 3293 756 :

1726 793 1818 846 sed
1847 807 1912 846 ex
1936 792 2188 846 omnibus
2210 790 2587 861 proﬁtentibus
2613 807 2673 847 se
2705 794 2932 848 adorare
2957 794 3140 866 mundi
3165 792 3297 864 Opi-

1729 884 1906 945 licem,
1940 882 1985 938 si
2017 882 2234 952 quidam
2266 897 2374 938 non
2410 884 2642 953 amplius
2673 884 2784 938 sint
2826 884 2879 938 in
2902 899 3092 950 carne,
3122 888 3214 941 sed
3244 888 3299 941 in

1727 975 1941 1044 spiritu,
1978 975 2170 1045 spiritu
2201 975 2330 1045 quia
2364 975 2666 1042 ambulent,
2687 976 2951 1032 desideria
2983 980 3168 1034 carnis
3192 995 3299 1034 non

1727 1066 2071 1137 perﬁcientes
2098 1066 2141 1100 ⁸⁸
2164 1084 2181 1134 ;
2208 1076 2265 1123 et
2303 1068 2467 1140 aliqui
2504 1084 2612 1125 non
2643 1070 2696 1124 in
2738 1069 2932 1140 spiritu
2964 1071 3093 1140 sint,
3120 1077 3214 1129 sed
3243 1075 3299 1130 in

1727 1172 1916 1225 carne;
1959 1167 2016 1213 et
2044 1160 2339 1214 secundum
2377 1175 2597 1215 carnem
2640 1160 2875 1216 militent
2909 1181 2922 1216 :
2958 1172 3085 1219 tunc
3115 1167 3300 1221 dicen-

1730 1251 1856 1304 dum
1889 1259 1974 1305 est
2007 1265 2169 1305 veros
2199 1251 2516 1307 adoratores
2540 1267 2658 1308 esse
2681 1267 2774 1309 eos
2795 1255 2885 1323 qui
2913 1253 3134 1310 Patrem
3168 1258 3298 1312 ado-

1728 1350 1854 1395 rant
1893 1341 1949 1396 iu
1996 1342 2216 1412 spiritu,
2257 1357 2364 1399 non
2396 1345 2450 1399 in
2492 1359 2689 1413 carne;
2735 1346 2788 1400 in
2823 1348 3076 1415 veritate,
3107 1352 3297 1405 nonin

1725 1433 1918 1505 ﬁguris
1951 1453 1967 1490 :
1997 1451 2104 1490 non
2129 1450 2286 1491 veros
2323 1451 2452 1492 vero
2478 1451 2574 1493 eos
2595 1441 2687 1507 qui
2727 1439 2804 1494 sic
2835 1455 2892 1495 se
2918 1455 3024 1495 non
3070 1441 3296 1496 habent.

1723 1526 1816 1583 Ille
1850 1528 2016 1583 etiam
2059 1529 2150 1598 qui
2193 1545 2300 1584 non
2345 1529 2618 1600 particeps
2655 1530 2823 1586 fuerit
2856 1533 3087 1602 Spiritus
3116 1535 3296 1589 viviti-

1725 1620 1924 1688 cantis,
1955 1621 2157 1692 quique
2182 1621 2481 1692 spiritualia
2508 1621 2641 1694 legis
2668 1637 2773 1678 non
2802 1638 3037 1695 sequens
3065 1640 3094 1678 a
3118 1625 3297 1681 littera

1726 1711 2015 1768 occidente
2059 1714 2113 1766 in
2151 1713 2466 1769 servitutem
2515 1715 2765 1771 redactus
2796 1715 2988 1784 fuerit,
3019 1717 3108 1773 hic
3134 1733 3297 1774 verus

1731 1819 1838 1860 non
1898 1804 2007 1860 erit
2056 1807 2332 1873 adorator,
2375 1821 2475 1860 nec
2505 1807 2698 1876 spiritu
2748 1807 3000 1864 adorabit
3033 1808 3291 1876 Patrem;

1727 1893 1836 1948 imo
1863 1893 1954 1950 hic
1990 1893 2128 1964 ipse,
2171 1905 2314 1952 totus
2347 1896 2534 1967 ﬁguris
2563 1907 2620 1953 et
2655 1898 2818 1953 rebus
2844 1902 3121 1969 corporeis
3143 1902 3297 1957 addi-

1723 1993 1865 2049 ctus,
1902 2000 2025 2040 cutu
2051 2003 2110 2043 se
2140 1991 2377 2046 maxime
2406 1989 2620 2058 assequi
2649 1989 3066 2059 existimaverit,
3095 2001 3222 2049 tunc
3241 1995 3294 2048 iu

1724 2077 1922 2147 ﬁgura,
1955 2089 2015 2135 et
2065 2095 2171 2134 non
2225 2081 2280 2135 in
2341 2080 2571 2134 veritate
2606 2079 2776 2134 Deum
2813 2083 3028 2148 adorat,
3089 2085 3295 2141 idcirco

1723 2185 1886 2226 verus
1913 2171 2170 2227 adorator
2195 2187 2316 2228 esse
2339 2187 2444 2227 non
2462 2172 2672 2227 valens.
2696 2171 2953 2230 Fortasse
2974 2190 3292 2232 concessum

1720 2271 1804 2316 est
1825 2262 2112 2332 aliquando
2138 2265 2525 2319 convenienter
2555 2263 2775 2329 rationi,
2829 2273 2889 2319 ut
2914 2280 3074 2322 verus
3102 2268 3294 2323 adora-

1725 2360 1831 2416 tor,
1866 2351 1920 2406 in
1951 2354 2144 2423 spiritu
2186 2361 2241 2408 et
2284 2353 2517 2409 veritate
2555 2353 2812 2422 adorans,
2851 2359 3099 2424 quaedam
3131 2358 3296 2414 faciat

1722 2457 1843 2510 quae
1873 2444 1924 2498 iu
1953 2444 2124 2515 ﬁgura
2157 2446 2287 2512 sint,
2331 2455 2389 2500 ut
2420 2459 2557 2515 quos
2586 2448 2755 2518 figura
2793 2447 3056 2505 irretierit
3081 2466 3292 2507 summa

1723 2537 2128 2606 dispensatione
2177 2539 2246 2594 ab
2279 2555 2340 2595 ea
2377 2540 2633 2598 liberatos
2677 2541 2746 2596 ad
2784 2543 3070 2599 veritatem
3123 2546 3295 2601 addu-

1723 2638 1853 2682 cat:
1890 2629 1942 2682 id
1991 2630 2133 2698 quod
2181 2630 2471 2687 Timotheo
2523 2632 2746 2687 Paulum
2783 2632 2983 2689 fecisse
3039 2646 3290 2706 apparet,

1723 2717 1976 2776 fortassis
2001 2730 2182 2776 autem
2209 2722 2264 2776 in
2293 2721 2649 2790 Cenchris,et
2682 2723 3096 2797 Hierosolymis,
3128 2728 3294 2781 veluti

1724 2810 1777 2864 in
1818 2812 2179 2880 apostolorum
2209 2813 2359 2870 Actis
2384 2816 2640 2885 scriptum
2671 2826 2756 2872 est
2787 2817 2853 2872 ".
2884 2817 3292 2876 Observandum

1722 2916 1851 2959 vero
1879 2912 1962 2958 est
1985 2919 2140 2960 veros
2167 2906 2479 2962 adoratores
2509 2920 2614 2960 non
2643 2906 2818 2962 solum
2847 2907 2900 2962 in
2930 2905 3108 2961 futura
3135 2908 3290 2975 hora,

1723 3007 1910 3049 verum
1943 2996 2108 3051 etiam
2130 2997 2184 3051 in
2216 3001 2490 3068 praesenti,
2514 3001 2745 3055 adorare
2763 2997 2981 3054 Patrem
3012 2999 3066 3053 in
3098 2999 3295 3069 spiritu

1723 3094 1778 3140 et
1811 3088 2062 3144 veritate.
2097 3086 2203 3143 Sed
2229 3090 2320 3159 qui
2353 3090 2404 3144 in
2434 3091 2630 3160 spiritu
2660 3091 2912 3155 adorant,
2944 3092 3296 3160 quemadmo-

1724 3179 1850 3234 dum
1884 3191 2210 3251 acceperunt
2242 3183 2556 3250 adorantes,
2610 3185 2666 3240 in
2716 3183 3024 3240 arrhabone
3068 3184 3296 3256 spiritus

1724 3285 1872 3327 nunc
1906 3273 2139 3329 adorant
2173 3292 2187 3329 :
2219 3275 2384 3347 229
2413 3287 2542 3332 tunc
2571 3287 2752 3332 autem
2780 3278 2833 3333 in
2859 3278 3049 3348 spiritu
3074 3278 3310 3334 Patrem,

1725 3363 2029 3430 adoraturi,
2061 3379 2184 3420 cum
2220 3375 2388 3421 totum
2444 3368 2791 3439 perceperint
2823 3368 3100 3440 spiritum.
3131 3370 3293 3437 Quod

1723 3459 1769 3511 si
1821 3458 1866 3510 is
1895 3458 1987 3527 qui
2011 3459 2156 3513 videt
2195 3475 2293 3530 per
2322 3460 2626 3530 speculum,
2661 3477 2767 3517 non
2802 3463 2946 3517 videt
2981 3477 3190 3529 verum,
3217 3465 3296 3521 uti

1723 3551 1840 3604 haec
1861 3551 2064 3619 optime
2093 3549 2356 3608 callentes
2378 3554 2677 3609 ostendunt
2723 3553 2812 3610 his
2865 3554 3182 3626 imaginarie
3207 3557 3293 3609 vi-

1723 3641 1995 3706 dentibus,
2022 3650 2078 3697 et
2127 3635 2224 3712 pei'
2250 3645 2532 3714 speculum
2573 3646 2769 3700 adorat
2813 3646 3004 3714 Deum,
3039 3647 3296 3717 videtque

1721 3732 1927 3788 Paulus
1956 3749 2098 3789 nunc
2129 3750 2224 3804 per
2258 3737 2535 3806 speculum
2562 3738 2630 3802 '°,
2657 3737 2852 3807 suique
2890 3737 3118 3802 similes,
3172 3755 3296 3808 per-

1723 3825 1970 3896 spicuum
2007 3835 2095 3881 est
2124 3826 2349 3884 Paulum
2381 3829 2460 3885 sic
2487 3832 2718 3886 adorare
2739 3830 2909 3898 Deum
2943 3832 3294 3901 quemadmo-

1723 3917 1850 3972 dum
1909 3918 2076 3982 videt,
2131 3927 2294 3991 atque
2345 3923 2510 3976 etiam
2567 3938 2666 3993 per
2719 3923 2996 3994 speculum
3065 3925 3294 3980 adorare

1721 4011 1926 4081 Deum;
1959 4029 2085 4070 cum
2121 4031 2250 4072 vero
2285 4016 2500 4072 venerit
2529 4017 2663 4071 hora
2713 4027 2836 4085 post
2880 4016 3174 4071 instantem
3205 4017 3293 4071 fu-

1724 4116 1868 4176 tura,
1897 4117 2028 4165 tunc
2055 4110 2160 4164 erit
2184 4109 2430 4165 adoratio
2481 4109 2535 4164 in
2583 4110 2840 4172 veritate,
2887 4125 3009 4176 qua:
3047 4108 3187 4166 facie
3221 4111 3295 4167 ad

1722 4201 1944 4268 faciem,
1968 4217 2075 4258 non
2110 4202 2340 4273 amplius
2372 4218 2470 4273 per
2496 4203 2776 4274 speculum
2809 4202 3048 4259 videtur.

132 4494 208 4549 I9.
240 4494 310 4547 Τὸ
335 4495 607 4566 μέντοιγε,
645 4513 662 4544 ι
694 4463 858 4563 ήμεῖς
891 4463 1324 4561 προσκυνοῦμεν,
1349 4505 1367 4537 ι
1393 4487 1422 4538 ὁ
1459 4485 1613 4556 Ἠρα-

1796 4483 1882 4537 l9.
1917 4483 2060 4538 Sane
2105 4499 2167 4540 ea
2217 4485 2418 4550 verba,
2448 4501 2467 4536 ι
2505 4499 2602 4539 nos
2648 4484 2940 4539 adoramus
2960 4483 3027 4546 ",
3068 4501 3085 4532 ι
3120 4483 3293 4536 ﬂera-

72 4587 219 4642 κλέων
249 4591 413 4644 οἴεται
446 4587 623 4652 εἶναι,
665 4589 693 4640 ὁ
741 4589 798 4640 ἐν
841 4583 1043 4646 Αξῶνι,
1096 4581 1192 4634 καὶ
1242 4581 1292 4633 oi.
1343 4579 1438 4633 σὺν
1470 4577 1617 4648 αὐτῷ

71 4681 316 4748 ἐλθόντες·
341 4678 487 4738 οὗτοι
511 4683 643 4753 γὰρ,
679 4681 866 4752 φησὶν,
895 4677 1093 4750 ᾔδεσαν
1128 4674 1234 4728 τίνι
1278 4671 1616 4743 προσκυνοῦ-

74 4789 142 4836 σι,
178 4776 308 4829 κατὰ
356 4775 616 4848 ἀλήθειαν
660 4769 1111 4844 προσκυνοῦντες.
1169 4764 1329 4819 Ἀλλὰ
1373 4764 1465 4818 καὶ
1508 4763 1568 4816 τό
1600 4781 1612 4792 ·

72 4867 138 4920 ὅτι
166 4888 180 4918 ι
210 4872 241 4940 ἡ
273 4868 512 4940 σωτηρία
538 4869 603 4920 ἐκ
633 4865 740 4919 τῶν
781 4861 1049 4917 Ἰουδαίων
1074 4857 1242 4922 ἐστὶν,
1269 4876 1288 4908 ι
1318 4856 1440 4908 ἐπεὶ
1471 4855 1527 4909 ὲν
1549 4856 1616 4925 τῇ

82 4959 302 5035 Ἰουδαίᾳ,
328 4963 516 5034 φησὶν,
568 4956 854 5030 ἐγεννήθη,
891 4953 1004 5009 ἀλλ’
1039 4953 1140 5006 οὐκ
1180 4953 1237 5004 ἐν
1277 4950 1459 5011 αὐτοῖς
1487 4965 1500 4976 ·
1551 4947 1612 4999 οὐ

74 5054 163 5125 γὰρ
191 5057 264 5119 εἰς
306 5057 513 5119 πάντας
563 5054 761 5115 αὐτοὺς
803 5048 1060 5120 εὐδόκησε
1088 5086 1102 5110 ,
1135 5045 1230 5099 καὶ
1265 5045 1348 5097 ὅτι
1386 5040 1444 5108 ἐξ
1474 5037 1616 5093 ἐκεί-

73 5165 151 5201 νου
182 5148 268 5202 τοῦ
298 5147 480 5212 ἔθνους
513 5145 738 5216 ἐξῆλθεν
767 5145 801 5214 ἡ
836 5139 1104 5212 σωτηρία,
1143 5137 1239 5191 καὶ
1271 5135 1300 5187 ὁ
1328 5132 1485 5201 λόγος
1536 5131 1616 5192 εἰς

73 5242 156 5313 τὴν
181 5243 524 5315 οἰκουμένην·
556 5237 698 5293 κατὰ
722 5236 780 5290 δὲ
807 5235 870 5289 τὸ
896 5231 1184 5303 νοούμενον
1218 5230 1283 5281 ἐκ
1325 5224 1435 5280 τῶν
1486 5223 1616 5276 Ἰου-

1721 4579 1877 4634 cleon
1909 4593 2032 4633 esse
2069 4588 2221 4633 retur
2245 4593 2370 4632 eum
2409 4579 2500 4648 qui
2535 4585 2620 4633 est
2647 4576 2700 4630 iu
2730 4575 2938 4640 Eone,
2966 4587 3022 4629 et
3043 4576 3132 4644 qui
3165 4590 3290 4630 cum

1721 4672 1841 4741 ipso
1863 4678 2166 4736 venerunt;
2197 4684 2322 4724 nam
2349 4669 2424 4736 hi,
2447 4667 2646 4738 inquit,
2678 4673 2948 4721 noverunt
2969 4679 3130 4734 quem
3161 4666 3293 4718 ado-

1721 4775 1864 4829 rant,
1910 4764 2208 4820 secundum
2253 4763 2542 4818 veritatem
2596 4758 3100 4826 adorantes.‘Quin
3159 4758 3292 4814 illud

1721 4856 1908 4920 etiam,
1943 4872 1964 4906 α
1992 4854 2140 4910 salus
2161 4867 2228 4908 ex
2255 4851 2457 4909 Iudaeis
2471 4862 2555 4908 est
2581 4853 2647 4918 ”,
2679 4871 2699 4904 ι
2738 4851 2996 4921 quoniam
3028 4851 3081 4906 in
3103 4850 3294 4908 Iudaea

1722 4949 1938 5018 genitus
1958 4959 2063 5011 est,
2093 4946 2288 5015 inquit,
2317 4961 2422 5000 non
2459 4946 2603 5000 inter
2628 4946 2809 5014 ipsos;
2846 4944 2975 5014 quia
3002 4945 3055 4998 in
3100 4957 3294 4999 omnes

1722 5041 1868 5109 ipsos
1888 5037 2052 5092 animi
2079 5037 2494 5107 propensionem
2520 5051 2628 5091 non
2662 5035 2936 5102 habuerit,
2955 5045 3007 5090 et
3030 5035 3289 5106 quoniam

1721 5143 1786 5182 ex
1825 5127 1912 5182 illa
1951 5135 2110 5197 gente
2135 5139 2356 5196 egressa
2383 5133 2468 5179 est
2503 5125 2674 5190 salus,
2699 5133 2756 5179 et
2785 5139 2980 5179 sermo
3020 5123 3074 5177 in
3102 5123 3290 5176 orbem

1725 5218 1993 5274 terrarum
2020 5235 2038 5278 ι
2065 5218 2222 5289 juxta
2251 5215 2662 5289 intelligentiam
2690 5229 2819 5271 vero
2843 5214 3197 5286 spiritualem,
3223 5229 3292 5266 ex

135 5411 172 5442 “
202 5413 347 5466 Joan.
372 5426 448 5476 tv,
472 5409 564 5464 2'5.
639 5407 683 5438 ¹⁸
714 5350 891 5460 Galat.
917 5415 974 5465 v,
999 5398 1091 5457 16.
1161 5397 1205 5430 ¹⁹
1225 5393 1346 5449 Act.
1373 5406 1486 5455 va,
1511 5389 1568 5454 ὅ,
1609 5390 1843 5460 18;xxt,
1865 5384 1957 5438 ‘24.
2016 5383 2063 5414 ὀ
2089 5380 2254 5437 lCor.
2287 5377 2500 5442 xm,12.
2573 5379 2619 5410 ³⁸
2653 5375 2811 5434 Joan.
2836 5391 2908 5442 IV,
2937 5372 3025 5426 22.
3080 5374 3124 5404 "
3151 5370 3283 5425 ibid.

134 5503 318 5572 (59.)El
346 5501 553 5573 οὶμέν,
584 5509 690 5573 etc.
723 5497 832 5573 Sic_
847 5503 992 5548 recte
1031 5492 1196 5547 habet
1240 5489 1407 5545 codex
1459 5483 1600 5538 Bod-

1783 5475 2044 5573 Laes-

74 5567 376 5636 lcianus;in
407 5567 575 5640 Regio
600 5571 762 5643 deet?!
1009 5635 1023 5643 _
1119 5632 1159 5643 ,,
1219 5630 1248 5643 ,,
1288 5629 1301 5643 .

137 5625 257 5718 (53)
272 5625 374 5698 Ἕκ
391 5625 678 5718 εξνεῖἇματι
698 5638 785 5694 δέ.
815 5637 906 5693 Sic
925 5635 1097 5693 codex
1119 5629 1474 5718 Bodleivanus;
1506 5625 1609 5680 lte-

76 5715 278 5786 giusrév
303 5713 567 5786 πνεύματί
599 5729 704 5786 τιι,
867 5779 880 5786 _
979 5775 1019 5786 ._
1076 5774 1108 5786 ..
1148 5774 1159 5786 .
1304 5716 1306 5718 ⁷
1383 5768 1511 5786 η--)

140 5783 245 5854 (55)
285 5784 352 5840 Τὸ
375 5769 612 5854 ἀληθές.
649 5783 742 5839 Sic
779 5779 952 5838 codex
979 5774 1340 5839 Bodleianus;
1383 5769 1600 5838 Regius,

1784 5540 2104 5622 (5341:14-
2143 5545 2290 5622 ιεεεο
2315 5540 2551 5622 αὖτῷκ.
2717 5609 2730 5622 .
2821 5605 2903 5622 ..η
3024 5606 3046 5622 ..

1783 5605 1896 5688 i565
1936 5617 2018 5686 Δὴ
2053 5617 2163 5688 ὅτι.
2188 5605 2327 5688 Lago
2361 5605 2483 5688 cuin
2513 5609 2788 5688 Ferrario,
2816 5605 3124 5688 magae.
3163 5675 3174 5687 .

1783 5675 1895 5764 (57)
1924 5675 2110 5764 pollex
2137 5675 2355 5764 Regius,
2374 5686 2445 5764 τῇ
2468 5681 2774 5764 πρόσωπον,
2807 5675 2901 5731 sed
2921 5679 2971 5731 in
2993 5675 3287 5734 Bodleiano

1711 5750 1972 5829 dcést'rﬁ.
2009 5755 2167 5815 Forte
2199 5750 2540 5825 legendum?)
2576 5750 2886 5817 πρόσωπον.
