3702 6142
305 327 405 382 451

1755 301 2072 362 ORIGENIS

3459 281 3566 335 452

300 441 504 500 Judzeis
550 446 741 494 narrat
788 435 985 490 factam
1019 431 1187 487 fuisse
1217 430 1468 491 salutem,
1511 422 1770 495 quoniam
1813 419 1870 473 hi

2065 433 2138 468 ων
2194 415 2291 483 τὴν
2343 408 2617 480 σωτηρίαν
2665 408 2934 478 διηγεῖται
2967 403 3272 475 γεγονέναι,
3333 398 3564 470 ἐπείπερ

302 533 684 589 similitudines
716 544 836 584 esse
878 521 1266 581 existimantur
1295 526 1484 573 eorum
1531 515 1620 583 qui
1663 519 1782 567 sunt
1818 510 1870 562 in

303 626 599 696 pleromate
625 637 639 673 :
671 619 767 675 sed
793 616 1109 671 ostenderet
1151 622 1377 664 necesse
1408 613 1528 661 erat
1569 603 1701 672 ipse,
1731 599 1874 667 ejus-

300 690 406 789 que
437 725 721 784 sequaces,
770 705 1039 778 quomodo
1075 699 1450 770 unusquisque
1480 695 1551 750 sit
1579 690 1874 749 similitudo

302 782 488 864 eorum
519 782 612 873 qui
645 808 771 856 sunt
810 798 862 851 in
892 795 1222 866 pleromate;
1258 788 1420 844 modo
1449 800 1562 840 non
1603 782 1718 838 sola
1744 792 1875 835 voce

302 901 408 955 hoc
433 899 640 962 dicant,
668 892 763 948 sed
799 904 928 947 vere
957 888 1060 942 hoc
1083 886 1340 942 sentiant.
1397 879 1665 935 Praeterea
1714 886 1875 928 enar-

303 1007 430 1046 rans
470 988 597 1044 illud
625 1027 640 1052 ,
706 1003 726 1036 (
774 983 828 1038 in
885 979 1084 1052 spiritu
1136 986 1192 1032 et
1245 976 1477 1029 veritate
1506 971 1552 1001 ”
1592 988 1612 1022 ι
1655 964 1875 1022 adorari

301 1083 492 1146 Deum,
529 1098 546 1132 ι
585 1077 794 1149 priores
821 1073 1160 1134 adoratores,
1185 1067 1382 1136 inquit,
1417 1065 1472 1118 in
1505 1074 1674 1118 carne
1706 1068 1762 1114 et
1787 1070 1878 1110 er-

305 1188 429 1230 rore
451 1172 818 1226 adoraverunt
859 1178 1010 1226 eum,
1043 1161 1138 1230 qui
1172 1158 1338 1213 Pater
1365 1171 1474 1210 non
1508 1161 1626 1208 erat
1660 1165 1675 1204 :
1707 1162 1877 1220 quare

303 1267 493 1323 eadem
533 1262 702 1318 etiam
726 1257 938 1313 ratione
965 1253 1177 1322 decepti
1206 1249 1360 1305 fuere
1395 1260 1588 1302 omnes
1621 1242 1715 1314 qui
1745 1241 1876 1296 ado-

305 1365 498 1416 rarunt
526 1351 710 1409 mundi
739 1347 1039 1420 Opiﬁccm;
1081 1363 1101 1397 ι
1155 1341 1543 1412 subjungitque
1574 1334 1909 1428 Heracleon‘

304 1465 400 1507 eos
419 1447 650 1504 servisse
679 1451 968 1506 creaturae,
995 1453 1102 1493 non
1133 1436 1182 1492 ei
1216 1434 1314 1505 qui
1350 1434 1403 1488 in
1447 1430 1683 1486 veritate
1711 1427 1877 1483 Crea-

305 1553 393 1599 tor
421 1547 564 1605 erat,
622 1538 713 1608 qui
742 1543 830 1591 est
857 1532 1128 1597 Christus,
1157 1525 1600 1598 quandoquidem
1637 1540 1656 1573 ι
1692 1520 1878 1576 omnia

305 1651 404 1708 per
457 1636 634 1703 ipsum
680 1631 822 1684 facta
873 1634 1038 1692 sunt,
1094 1631 1149 1679 et
1191 1622 1310 1677 sine
1369 1621 1486 1691 ipso
1543 1616 1746 1672 factum
1796 1620 1882 1668 est

305 1728 441 1785 nihil
470 1727 536 1782 ".
569 1744 589 1778 ›

1982 508 2187 569 εἰκόνες
2214 497 2360 557 οῦτοι
2384 503 2494 554 τῶν
2531 503 2589 553 ὲν
2623 500 2701 570 τῷ
2733 497 3060 570 πληρώματι
3101 493 3249 564 αύτῷ
3293 488 3434 546 εἶναι
3482 510 3566 544 νο-

1986 592 2233 666 μίξονται
2257 609 2270 622 ’
2309 591 2478 663 ἐχρῆν
2504 590 2561 644 δὲ
2591 590 2752 644 αὑτὸν
2791 588 2887 641 καὶ¹
2921 587 3048 648 τοὺς
3079 585 3172 637 ἀπ’
3215 580 3386 636 αὑτοῦ
3438 580 3566 633 ἔκαε

1984 702 2106 738 στον
2133 683 2242 738 τῶν
2275 684 2333 737 ἐν
2374 684 2440 753 τῇ
2477 680 2705 751 λατρεία
2753 676 3024 731 δεικνύναι
3073 675 3192 739 πῶς
3221 677 3369 728 ἐστιν
3402 671 3568 726 εἰκὼν

1982 775 2090 829 τῶν
2123 775 2182 828 ἐν
2221 771 2300 844 τῷ
2342 771 2675 844 πληρώματι
2700 774 2786 826 ἐἴ
2809 786 2873 838 γε
2909 767 2985 840 μὴ
3022 768 3181 838 μόνον
3216 767 3369 836 φωνῇ
3411 763 3572 817 τοῦτο

1983 866 2251 936 λέγουσιν,
2296 865 2430 920 ἀλλά
2470 865 2564 920 καὶ
2610 861 2839 935 ἀληθείᾳ
2892 859 3179 932 φρονοῦσιν
3229 859 3384 913 αὐτό.
3425 855 3571 928 Πρὸς

1982 959 2191 1023 τούτοις
2219 959 2300 1023 τὸ,
2352 977 2372 1009 ι
2401 961 2458 1011 ὲν
2508 956 2778 1027 πνεύματι
2823 956 2920 1008 καὶ
2968 953 3216 1024 »ἀληθείᾳ
3253 971 3273 1004 ι
3326 967 3572 1021 προσκυ-

1986 1053 2195 1108 νεῖσθαι
2223 1053 2312 1106 τὸν
2357 1051 2489 1105 Θεὸν
2517 1093 2531 1118 ,
2569 1049 2872 1122 ἡγούμενος
2908 1046 3052 1118 (58),
3094 1047 3278 1114 λέγει,
3329 1045 3413 1098 ὅτι
3461 1063 3480 1094 ε
3519 1044 3569 1096 οἱ

1987 1144 2244 1216 πρότεροι
2279 1143 2656 1216 προσκυνηταὶ
2686 1142 2744 1194 ὲν
2775 1140 2936 1212 σαρκὶ
2965 1138 3059 1191 καὶ
3091 1137 3266 1210 πλάνῃ
3298 1134 3574 1206 προσεκύ-

1983 1255 2106 1290 νουν
2136 1236 2217 1308 τῷ
2247 1237 2322 1308 μὴ
2355 1235 2562 1306 Πατρὶ,
2613 1233 2755 1287 ὥστε
2797 1234 2893 1286 καὶ
2939 1230 3135 1286 ταυτὸν
3186 1227 3576 1299 πεπλανῆσθαι

1985 1329 2193 1392 πάντας
2233 1329 2359 1393 τοὺς
2393 1325 2907 1400 προσκεκυνηκότας
2931 1323 3010 1394 τῷ
3036 1321 3382 1394 Δημιουργῷ⁹
3422 1339 3441 1372 ι
3477 1319 3579 1373 καὶ

1985 1420 2234 1493 ἐπιφέρει
2263 1437 2326 1488 γε
2353 1422 2382 1472 6
2424 1418 2735 1490 ’Πρακλέων
2755 1457 2771 1482 ,
2811 1417 2894 1469 ὃτι
2927 1414 3211 1487 ὲλάτρευον
3243 1415 3311 1484 τῇ
3348 1412 3532 1466 κτίσει
3554 1449 3577 1475 ,

1985 1514 2080 1568 καὶ
2109 1514 2168 1566 ού
2202 1511 2281 1582 τῷ
2313 1511 2433 1566 κατ’
2477 1510 2732 1583 ἀλήθειαν
2759 1507 2966 1579 Κτίστῃ
2987 1547 3002 1571 ,
3043 1509 3102 1569 ὃς
3150 1508 3264 1559 ἐστι
3310 1505 3572 1576 Χριστὸς,

1993 1624 2011 1656 ι
2028 1607 2083 1659 εἴ
2097 1621 2160 1673 γε
2186 1603 2363 1658 πάντα
2383 1602 2450 1656 δι’
2475 1601 2640 1656 αὑτοῦ
2671 1601 2912 1670 ἐγένετο,
2938 1598 3034 1653 καὶ¹
3057 1598 3224 1670 χωρὶς
3254 1596 3420 1651 αὐτοῦ
3443 1597 3573 1667 ἐ.γέ-

1985 1713 2110 1750 νετο
2129 1697 2304 1751 οὐδέν.
2339 1716 2358 1749 ι

373 1821 464 1874 20.
501 1836 522 1870 ι
549 1814 762 1872 Etenim
797 1810 964 1866 Pater
1005 1807 1139 1862 tales
1160 1801 1378 1874 quaerit,
1403 1798 1495 1870 qui
1527 1797 1706 1866 ipsum
1739 1791 1872 1848 ado-

2065 1787 2138 1844 ΕΟ.
2176 1808 2194 1840 ι
2225 1788 2336 1843 Καὶ
2365 1787 2473 1860 γάρ
2498 1791 2526 1842 6
2559 1789 2749 1861 Πατὴρ
2772 1787 3049 1852 τοιούτους
3076 1786 3231 1858 ζητεῖ
3248 1787 3375 1851 τοὺς
3403 1803 3576 1858 προσ-

309 1920 435 1968 reut
465 1910 532 1963 ⁸⁸.
575 1925 596 1960 ›
627 1905 684 1961 Si
711 1901 904 1974 quaerit
932 1899 1114 1962 Pater,
1148 1909 1247 1966 per
1277 1891 1472 1948 Filium
1504 1887 1736 1960 quaerit,
1785 1882 1877 1954 qui

306 2001 456 2057 venit
481 2000 548 2054 ad
571 1995 923 2067 quaerendum
953 1999 1010 2045 et
1039 1989 1365 2045 servandum
1391 1982 1534 2054 quod
1562 1976 1878 2051 perierat":

307 2105 442 2162 quos
469 2087 766 2158 puriﬁcaus
790 2092 845 2138 et
871 2079 1126 2136 erudiens
1163 2076 1376 2132 ratione
1404 2083 1458 2129 et
1478 2071 1634 2126 sanis
1658 2069 1882 2137 dogma-

309 2159 479 2247 tibus,
533 2184 804 2250 praeparat
861 2187 982 2229 esse
1036 2183 1194 2226 veros
1250 2167 1598 2222 adoratores.
1645 2159 1883 2215 Periisse

311 2286 490 2331 autem
511 2271 812 2329 Heracleon
851 2264 1030 2335 inquit
1074 2263 1127 2317 in
1166 2258 1437 2332 profunda
1470 2254 1700 2310 materia
1729 2265 1883 2308 erro-

311 2370 386 2424 ris
411 2383 522 2422 rem
560 2363 882 2419 familiarem
915 2357 1088 2423 Patri,
1115 2368 1236 2426 quae
1265 2352 1546 2422 quaeritur,
1579 2356 1637 2402 ut
1663 2361 1693 2400 a
1725 2345 1883 2399 fami-

310 2460 539 2514 liaribus
569 2455 847 2510 adoretur.
869 2450 1056 2518 Itaque
1087 2447 1231 2501 hunc
1258 2441 1481 2513 quidem
1510 2452 1818 2494 sermnem
1837 2438 1880 2468 ’τ

313 2552 360 2605 si
393 2548 749 2604 intellexisset
773 2543 840 2600 de
863 2541 1044 2598 ovium
1079 2536 1407 2608 perditione,
1454 2541 1511 2586 et
1551 2532 1618 2586 de
1652 2531 1763 2584 tilio
1785 2529 1882 2599 qui

312 2643 476 2698 abiis
503 2653 625 2710 quae
655 2636 824 2708 patris
871 2640 999 2687 sunt
1031 2628 1317 2693 deciderit,
1359 2625 1523 2696 23o
1560 2623 1750 2679 saltem
1785 2622 1884 2676 ad-

311 2734 654 2791 misissemus
676 2729 846 2800 ipsius
873 2723 1273 2780 enarrationem
1314 2724 1338 2773 ':
1387 2719 1480 2773 sed
1510 2717 1698 2773 nescio
1755 2715 1884 2784 quid

311 2826 530 2883 tandem
588 2831 775 2891 aperte
817 2820 1048 2874 doceant
1099 2814 1167 2868 de
1224 2811 1528 2882 perditione
1579 2808 1887 2881 spiritualis

309 2929 541 2981 naturae,
573 2913 668 2984 qui
703 2913 878 2982 ipsum
910 2916 1216 2978 sequuntur
1243 2945 1260 2970 ,
1296 2903 1624 2968 fabulantes,
1656 2911 1713 2957 et
1750 2899 1886 2956 nihil

310 3018 554 3078 apertum
594 3019 693 3059 nos
721 3003 982 3058 docentes
1019 2999 1090 3054 de
1123 2996 1341 3053 steculis
1392 2995 1477 3050 vel
1521 2993 1884 3064 temporibus,

309 3115 432 3170 qua:
463 3099 617 3153 fuere
667 3104 794 3150 ante
844 3095 1017 3164 ipsam
1066 3089 1426 3161 perditionem
1473 3101 1699 3157 :neque
1738 3086 1884 3140 enim

1984 1882 2278 1948 κυνοῦντας
2313 1883 2494 1937 αὐτόν.
2537 1902 2556 1934 ›
2604 1884 2666 1936 Et
2702 1883 2856 1954 ζητεῖ
2885 1882 2995 1954 (59)
3019 1884 3046 1934 6
3080 1881 3290 1954 Πατὴρ,
3333 1879 3421 1932 διὰ
3474 1878 3574 1932 τοῦ

1983 1975 2114 2028 Υἰοῦ
2147 1974 2340 2047 ζητεῖ,
2390 1975 2484 2028 τοῦ
2509 1975 2850 2048 ,ἐληλυθότος
2904 1975 3134 2047 ζητῆσαι
3168 1975 3260 2026 καὶ
3297 1973 3471 2026 σῶσαι
3512 1974 3575 2025 τὸ

1983 2069 2299 2135 ἀπωλολὸς,
2358 2069 2612 2132 οὕστινας
2664 2067 2944 2140 καθαίρων
3013 2067 3106 2121 καὶ
3167 2065 3436 2119 παιδεύων
3495 2065 3575 2136 τῷ

1982 2159 2124 2232 λόγῳ
2158 2160 2391 2225 καὶτοῖς
2432 2159 2606 2229 ὑγιέσι
2628 2159 2879 2230 δόγμασι,
2914 2155 3306 2220 κατασκευάζει
3349 2155 3574 2226 ἀληθεῖς

1981 2254 2109 2317 τοὺς
2147 2253 2553 2325 προσκυνητάς.
2603 2250 2963 2304 Ἀπολωλέναι
2997 2249 3056 2303 δέ
3097 2267 3260 2322 φησιν
3303 2252 3334 2304 6
3397 2249 3572 2319 Ἦρα-

1983 2343 2156 2396 κλέων
2201 2345 2258 2399 ὲν
2299 2345 2366 2415 τῇ
2413 2342 2602 2415 βαθείᾳ
2635 2341 2740 2415 ῦλῃ
2769 2342 2869 2412 τῆς
2903 2340 3108 2412 πλάνης
3155 2340 3215 2393 τὸ
3258 2342 3460 2394 οἰκεῖον
3494 2340 3580 2410 τῷ

1985 2435 2181 2507 Πατρὶ,
2214 2435 2350 2507 ὅπερ
2380 2432 2644 2506 ζητεῖται,
2671 2433 2757 2486 ἵνα
2798 2435 2826 2486 ὁ
2871 2433 3060 2504 Πατὴρ
3087 2432 3190 2485 ὑπὸ
3220 2432 3330 2485 τῶν
3355 2431 3576 2484 οἰκείων

1986 2528 2378 2603 προσκυνῆται.
2400 2529 2462 2581 Et
2494 2527 2590 2599 μὲν
2620 2521 2713 2580 οῦν
2739 2525 2886 2598 ἐώρα
2911 2525 3001 2580 τὸν
3024 2525 3273 2597 περὶτῆς
3295 2525 3580 2586 ἀπωλείας

1986 2621 2095 2675 τῶν
2121 2620 2409 2694 προϐάτων
2439 2621 2616 2689 λόγον,
2649 2620 2746 2673 καὶ
2775 2617 2869 2671 τοῦ
2911 2617 3281 2680 ἀποπεσὼτος
3317 2616 3430 2669 τῶν
3481 2617 3582 2668 τοῦ

1987 2713 2190 2786 πατρὸς
2233 2712 2352 2766 υἱοῦ
2371 2753 2386 2778 ,
2423 2711 2524 2765 κᾶν
2555 2709 2934 2781 ἀπεδεξάμεθα
2964 2709 3128 2763 αὐτοῦ
3159 2708 3258 2780 τὴν
3295 2709 3582 2780 διήγησιν.

1999 2809 2153 2864 Ἐπεὶ
2186 2807 2242 2861 δὲ
2283 2805 2707 2878 μυθοποιοῦντες
2739 2806 2788 2857 οί
2823 2803 2934 2857 ἀπὸ
2965 2804 3066 2875 τῆς
3101 2802 3330 2874 γνώμης
3359 2801 3528 2855 αὑτοῦ
3556 2842 3585 2868 ,

1986 2901 2086 2954 οὐκ
2117 2897 2213 2954 οἷδ’
2256 2900 2283 2952 ὃ
2317 2917 2370 2954 τι
2405 2900 2540 2954 ποτὲ
2583 2897 2794 2969 τρανῶς
2832 2899 3134 2970 παριστᾶσι
3165 2896 3277 2966 (60)
3307 2896 3438 2968 περὶ
3475 2896 3587 2966 τῆς

1985 2991 2327 3054 ἀπολωλυίας
2373 2990 2750 3061 πνευματικῆς
2805 2987 3018 3058 φύσεως
3046 3028 3060 3050 ,
3100 2987 3253 3042 οὐδὲν
3301 2986 3473 3054 σαφὲς
3499 2985 3590 3038 δι-

1985 3083 2275 3147 δάσκοντες
2310 3085 2456 3155 ἡμᾶς
2497 3083 2623 3152 περὶ
2667 3081 2774 3133 τῶν
2811 3081 2916 3151 πρὸ
2956 3080 3054 3151 τῆς
3101 3077 3375 3141 ἀπωλείας
3400 3077 3588 3148 αὐτῆς

314 3191 664 3247 manifestare
707 3187 890 3242 valent
926 3184 1198 3239 rationem
1227 3195 1383 3236 suam
1418 3197 1436 3234 :
1467 3181 1610 3235 hanc
1646 3184 1716 3234 ob
1754 3193 1875 3233 cau-

2065 3175 2216 3243 6vwv,
2250 3175 2285 3246 ἦ
2319 3174 2562 3230 αἰώνων·
2599 3173 2721 3226 οὐδὲ
2755 3171 2864 3243 γὰρ
2900 3171 3130 3244 τρανοῦν
3156 3170 3410 3223 δύνανται
3447 3169 3590 3221 ἑαυ-

311 3300 428 3340 sam
460 3280 910 3355 praetermisimus
941 3278 1086 3349 ipsos
1125 3284 1357 3347 sponte,
1400 3273 1668 3328 hactenus
1709 3272 1889 3340 dispu-

314 3390 459 3435 tasse
488 3373 752 3433 contenti.

382 3473 474 3528 21.
508 3490 526 3524 ι
563 3468 802 3541 Spiritus
835 3474 919 3520 est
955 3463 1123 3528 Deus,
1142 3469 1198 3516 et
1233 3473 1328 3514 eos
1354 3457 1446 3530 qui
1483 3457 1709 3512 adorant
1737 3470 1885 3518 eum,

313 3567 368 3621 iu
396 3563 592 3633 spiritu
615 3569 669 3613 et
699 3557 931 3612 veritate
945 3564 1161 3625 oportet
1185 3552 1419 3606 adorare
1435 3550 1505 3605 ³⁸.
1531 3568 1552 3603 ο
1577 3549 1713 3605 Cum
1735 3548 1887 3602 multi

313 3657 485 3714 multa
505 3656 572 3710 de
603 3655 711 3707 Deo
733 3651 908 3720 deque
933 3645 1051 3716 ejus
1079 3645 1320 3701 essentia
1341 3644 1706 3706 enuntiarint,
1753 3641 1889 3696 adeo

316 3760 374 3803 ut
394 3746 611 3819 quidam
641 3742 790 3798 illum
821 3753 1116 3810 corporeae,
1145 3745 1200 3791 et
1223 3735 1424 3799 tenuis,
1445 3743 1502 3789 et
1523 3733 1762 3789 calestis
1788 3746 1888 3785 na—

316 3851 450 3894 turae
480 3837 744 3898 dixerint,
775 3831 868 3886 alii
905 3831 1282 3898 incorporeas;
1314 3840 1530 3880 rursum
1579 3824 1671 3878 alii
1719 3824 1887 3879 Deum

315 3934 415 3988 bas
449 3937 672 3986 naturas
709 3922 1104 3981 transcendere
1144 3918 1391 3975 dixerint
1433 3917 1675 3989 potentia
1705 3927 1759 3970 et
1792 3930 1890 3971 ex-

315 4022 570 4080 cellentia
591 4017 849 4075 essentia:
885 4027 1215 4082 sua,operae
1241 4010 1482 4081 pretium
1513 4018 1601 4065 est
1629 4017 1685 4063 ut
1705 4009 1892 4064 videa-

318 4131 439 4172 mus
471 4129 540 4168 au
590 4129 620 4166 a
653 4107 961 4178 Scripturis
994 4105 1198 4160 divinis
1254 4103 1553 4158 habeamus
1585 4115 1780 4158 causas
1823 4101 1890 4156 ad

318 4205 605 4263 dicendum
623 4201 824 4272 aliquid
849 4200 921 4255 de
937 4197 1031 4254 Dei
1045 4196 1318 4265 essentia.
1347 4199 1522 4265 Atque
1545 4195 1648 4250 hoc
1672 4193 1889 4264 quidem

319 4301 524 4356 inloco
553 4295 754 4352 dlcitur
803 4291 957 4362 quasi
1004 4289 1240 4345 essentia
1277 4286 1394 4356 ejus
1443 4301 1566 4342 esse
1615 4285 1889 4356 spiritus:

323 4413 346 4445 ι
379 4392 614 4462 Spiritus
649 4386 795 4443 enim
837 4394 923 4440 est
963 4382 1108 4437 Deus
1135 4422 1148 4448 ,
1185 4399 1204 4432 ι
1237 4380 1455 4449 inquit;
1489 4380 1541 4434 in
1594 4379 1711 4450 lege
1758 4393 1890 4434 vero

321 4487 464 4556 ignis
484 4483 722 4538 dicitur:
761 4478 1022 4547 scriptum
1045 4485 1131 4530 est
1165 4474 1314 4529 enim
1342 4475 1387 4506 "
1420 4489 1435 4524 :
1469 4489 1487 4522 ι
1530 4469 1671 4526 Deus
1701 4478 1893 4526 noster

320 4579 460 4650 ignis
485 4586 818 4630 consumens
865 4579 949 4626 est
992 4585 1006 4633 ;
1047 4585 1068 4621 ι
1111 4567 1252 4637 apud
1282 4565 1545 4620 Joannem
1591 4578 1720 4618 vero
1749 4563 1838 4618 lux
1873 4577 1887 4610 :

325 4690 354 4724 c.-
389 4673 532 4726 Deus
561 4667 732 4728 enim,
762 4664 958 4732 inquit,
991 4661 1082 4716 lux
1114 4667 1218 4724 est,
1247 4669 1302 4714 et
1336 4658 1572 4713 tenebrae
1599 4656 1654 4709 in.
1686 4668 1754 4710 eo
1787 4669 1894 4710 non

321 4771 447 4818 sum
477 4759 598 4814 ullae
617 4757 684 4812 π.
717 4775 737 4810 ι
764 4755 820 4810 Si
840 4769 968 4824 ergo
989 4750 1288 4822 simplicius
1305 4749 1420 4804 haec
1442 4746 1893 4812 intellexerimus,

324 4852 460 4907 nihil
493 4851 633 4905 ultra
671 4848 907 4902 litteram
955 4849 1382 4914 perscrutantes,
1416 4839 1766 4894 occasionem
1796 4840 1893 4893 ha-

324 4943 574 5000 bebimus
603 4935 815 4995 dicendi
863 4935 1027 4991 Deum
1072 4948 1196 4990 esse
1220 4947 1439 5002 corpus,
1483 4945 1609 4986 cum
1652 4929 1893 4995 interim,

325 5049 446 5105 qua:
467 5047 565 5086 nos
591 5037 885 5097 sequantur
910 5025 1146 5081 absurda
1184 5023 1288 5080 hoc
1314 5023 1560 5079 dicentes
1585 5021 1892 5091 vulgarium

325 5143 432 5181 non
455 5125 526 5180 sit
559 5135 826 5178 cernere:
859 5119 987 5188 quia
1023 5117 1184 5187 pauci
1218 5114 1579 5172 disseruerim
1600 5115 1669 5170 de
1705 5128 1898 5183 corpo-

326 5233 448 5277 rum
475 5225 690 5280 natura,
719 5220 776 5268 ct
809 5211 1045 5266 maxime
1074 5211 1142 5268 de
1177 5211 1265 5268 his
1303 5210 1627 5280 corporibus
1652 5224 1773 5281 qua:
1801 5223 1895 5263 or-

399 5361 444 5392 “
469 5359 628 5415 Joan.
656 5371 730 5421 tv,
759 5355 853 5410 25.
912 5356 957 5385 “
985 5353 1138 5410 Joan.
1173 5369 1214 5417 ι,
1239 5352 1293 5408 5.
1388 5352 1433 5384 ’⁵
1462 5350 1616 5421 Joan.
1638 5366 1721 5421 tv,
1759 5349 1848 5404 2'5.

327 5432 417 5487 9-4.
511 5431 555 5461 ³⁸
593 5419 854 5492 DeuL'w,
879 5424 948 5478 24
979 5442 994 5492 ;
1029 5424 1190 5480 Hebr.
1216 5439 1311 5489 xu,
1335 5421 1428 5480 29.
1508 5420 1554 5452 ³ο
1585 5421 1600 5474 l
1631 5419 1788 5475 Joau.
1812 5436 1853 5486 ι,
1883 5421 1940 5484 5.

378 5569 518 5666 θρὶξ)
575 5568 956 5638 Ἦνούμενος.
1021 5563 1264 5636 Legebat
1315 5562 1600 5618 Ferrarius
1670 5561 1892 5635 διηγού-

546 5710 614 5762 Εὶ
643 5707 815 5776 ζητεῖ.
849 5707 940 5763 Sic
969 5707 1140 5762 codex
1170 5667 1493 5760 Bodleianus
1515 5719 1527 5757 :
1551 5701 1774 5772 Regius,
1805 5703 1896 5754 ὲκ-

1956 5347 2001 5381 ”
2029 5349 2158 5407 Luc.
2193 5366 2306 5419 xix,
2336 5351 2424 5405 to.
2503 5351 2545 5381 ³⁷
2584 5347 2715 5405 Luc.
2743 5364 2836 5414 xv,
2867 5349 2921 5416 4,
2954 5348 3013 5403 lt
3044 5362 3160 5418 seq.

1984 3272 2096 3326 τῶν
2145 3270 2237 3324 τὸν
2289 3269 2474 3338 λόγον·
2517 3267 2608 3321 διά
2663 3265 2827 3320 τοῦτο
2873 3266 3072 3329 αὐτοὺς
3133 3266 3353 3330 ἑκόντες
3399 3281 3588 3337 παρακ-

1987 3361 2318 3434 πεμψόμεθα
2339 3401 2355 3423 ,
2377 3359 2633 3414 τοσοῦτον
2662 3359 3128 3430 ὲπαπορήσαντες.

2057 3453 2148 3507 21.
2177 3472 2196 3505 ι
2229 3452 2454 3524 Πνεῦμα
2491 3454 2520 3505 6
2547 3451 2701 3516 Θεὸς,
2725 3451 2820 3504 καὶ
2845 3453 2970 3513 τοὺς
3005 3448 3451 3523 προσκυνοῦντας
3479 3451 3591 3504 αὑ-

1988 3547 2102 3614 τὸν,
2131 3548 2193 3602 ὲν
2218 3545 2496 3618 πνεύματι
2522 3545 2619 3599 καὶ
2645 3543 2874 3617 ἀληθείᾳ
2893 3544 2973 3597 δεῖ
2999 3546 3353 3615 προσκυνεῖν.
3388 3563 3408 3594 ι
3440 3544 3587 3596 Πολ-

1989 3637 2098 3691 λῶν
2127 3637 2299 3691 πολλὰ
2337 3637 2464 3708 περὶ
2498 3635 2594 3690 τοῦ
2625 3635 2760 3688 Θεοῦ
2806 3634 3246 3706 ἀποφηναμένων
3273 3677 3286 3702 ,
3329 3634 3422 3688 καὶ
3476 3634 3588 3704 τῆς

1990 3729 2180 3793 οὐσίας
2213 3727 2398 3793 αὐτοῦ,
2451 3727 2592 3782 ὥστε
2628 3726 2780 3792 τινὰς
2814 3726 2912 3798 μὲν
2945 3727 3224 3799 εἰρηκέναι
3268 3726 3363 3780 καὶ
3411 3727 3592 3779 αὐτὸν

1993 3821 2104 3893 (61)
2166 3821 2487 3892 σωματικῆς
2529 3819 2746 3890 φύσεως
2780 3819 3152 3892 λεπτομεροῦς
3194 3819 3290 3873 καὶ
3343 3818 3587 3889 αἰθερώ-

1991 3913 2135 3978 δους,
2165 3914 2316 3976 τινάς
2345 3913 2403 3966 δὲ
2430 3912 2761 3982 ἀσωμάτου,
2817 3913 2912 3965 καὶ
2951 3912 3147 3976 ἄλλους
3190 3913 3330 3983 ὑπὲρ
3392 3915 3593 3965 ἐκεῖνα

1992 4005 2178 4070 οὐσίας
2216 4004 2485 4078 πρεσϐείᾳ
2524 4005 2620 4058 καὶ
2675 4004 2944 4076 δυνάμει,
2999 4004 3148 4069 ἄξιον
3180 4006 3328 4076 ἡμᾶς
3363 4005 3492 4058 ἰδεῖν
3529 4007 3589 4056 εἰ

1993 4099 2211 4171 ἔχομεν’
2237 4099 2490 4170 ἀφορμὰς
2535 4098 2642 4151 ἀπὸ
2701 4097 2809 4151 τῶν
2868 4098 3028 4152 θείων
3061 4097 3295 4167 Γραφῶν
3341 4100 3480 4167 πρὸς
3519 4098 3593 4150 τὸ

1995 4193 2168 4244 εἰπεῖν
2205 4208 2257 4244 τι
2296 4192 2422 4262 περὶ
2471 4190 2659 4254 οὐσίας
2687 4188 2846 4244 Θεοῦ.
2900 4189 3117 4243 Ἐνθάδε
3153 4189 3253 4260 μὲν
3292 4184 3383 4242 οῦν
3420 4188 3589 4258 λέγε-

1992 4302 2082 4338 ται
2111 4283 2272 4337 οἱονεὶ
2298 4283 2458 4338 οὐσία
2488 4279 2626 4337 εἶναι
2656 4282 2820 4336 αὐτοῦ
2845 4281 2907 4336 τὸ
2940 4281 3159 4348 πνεῦμα
3184 4299 3196 4311 ·
3243 4301 3262 4333 ι
3302 4281 3530 4351 Πνεῦμα
3559 4301 3584 4333 ι

1994 4377 2103 4449 γάρ
2125 4397 2142 4429 ι
2172 4379 2200 4430 ὁ
2216 4377 2368 4440 Θεὸς,
2390 4397 2409 4429 ι
2440 4377 2605 4447 φησίν
2621 4393 2633 4406 ·
2660 4376 2718 4430 ἐν
2745 4375 2800 4429 δὲ
2822 4374 2899 4446 τῷ
2922 4376 3093 4446 Νόμῳ
3113 4373 3247 4447 πῦρ·
3271 4374 3592 4446 γέγραπται

1995 4469 2122 4540 γάρ·
2150 4488 2168 4519 ‹
2191 4469 2248 4522 Ὁ
2273 4468 2404 4532 Θεὸς
2431 4467 2588 4538 ἡμῶν
2614 4467 2725 4538 πῦρ
2755 4465 3218 4520 καταναλίσκον»
3249 4465 3394 4537 παρὰ
3415 4465 3475 4518 δὲ
3504 4465 3591 4535 τῷ

2009 4560 2230 4632 Ἰωάννῃ
2245 4561 2392 4629 φῶς⁹
2418 4579 2436 4611 ι
2477 4562 2535 4614 Ὁ
2562 4560 2694 4624 Θεὸς
2718 4579 2736 4610 ι
2762 4560 2890 4630 γὰρ,
2920 4558 3076 4628 φησὶ,
3109 4575 3132 4609 ι
3160 4557 3278 4628 φῶς
3311 4559 3454 4620 ἐστι,
3488 4558 3592 4610 καὶ

1999 4653 2188 4707 σκοτία
2217 4656 2274 4707 ὲν
2307 4653 2456 4725 αὐτῷ
2497 4654 2598 4706 οὐκ
2630 4652 2777 4706 ἔστιν
2828 4650 3074 4722 οὐδεμία.
3110 4669 3128 4702 ι
3181 4650 3306 4703 Ἑάν
3353 4651 3455 4722 μὲν
3491 4646 3590 4705 οῦν

2000 4744 2367 4818 ἁπλούστερον
2420 4745 2626 4800 τούτων
2665 4745 3018 4816 ἀκούσωμεν,
3067 4743 3234 4816 μηδὲν
3280 4744 3429 4814 πέρα
3486 4745 3590 4814 τῆς

1999 4839 2197 4906 λέξεως
2259 4837 2787 4911 περιεργαζόμενοι,
2848 4838 2969 4908 ὥρα
3008 4840 3140 4913 ἡμῖν
3187 4837 3365 4906 λέγειν
3423 4837 3590 4908 σῶμα

2001 4927 2139 4985 εἶναι
2186 4931 2279 4986 τὸν
2329 4932 2507 4986 Θεόν’·
2540 4932 2661 4986 τίνα
2725 4931 2778 4984 δὲ
2839 4933 2989 5003 ἡμᾶς
3051 4930 3352 5000 διαδέχεται
3401 4929 3590 4982 ἄτοπα

2002 5025 2158 5078 τοῦτο
2195 5025 2448 5094 λέγοντας
2490 5025 2550 5077 οὐ
2599 5024 2710 5078 τῶν
2749 5023 2960 5078 πολλῶν
2997 5023 3147 5078 ἐστὶν
3184 5024 3415 5077 εἰδέναι·
3467 5022 3590 5075 ὀλί-

2003 5136 2090 5190 γοι
2139 5120 2248 5192 γὰρ
2300 5119 2606 5190 διειλήφασι
2675 5120 2801 5190 περί
2843 5119 2944 5189 τῆς
2987 5117 3095 5172 τῶν
3151 5117 3418 5188 σωμάτων
3477 5114 3591 5185 φύ-

2008 5227 2145 5275 σεως
2170 5251 2185 5276 ,
2245 5212 2340 5264 καὶ
2381 5210 2614 5282 μάλιστα
2661 5208 2767 5262 τῶν
2819 5207 2925 5261 ὑπὸ
2973 5207 3133 5277 λόγου
3177 5207 3271 5260 καὶ
3324 5206 3594 5278 προνοίας

3233 5345 3278 5379 ’⁸
3301 5344 3464 5400 Joan.
3502 5361 3590 5413 Iv,

2074 5555 2186 5646 ςϐθ)
2213 5555 2395 5612 Codex
2431 5554 2632 5626 Regius
2681 5554 3000 5624 παριστᾶσι,
3053 5549 3370 5605 Bodleianus
3419 5561 3594 5616 περι-

2007 5646 2182 5682 στασι.

2040 5700 2188 5823 diti!)
2237 5696 2418 5753 Codex
2469 5695 2791 5752 Bodleiauus
2855 5695 2950 5747 καὶ
2995 5691 3190 5759 αὐτόν,
3236 5686 3434 5758 Regius
3482 5682 3597 5740 καὶ

2070 5787 2118 5822 ν.

2006 5786 2098 5822 τον
2108 5808 2118 5822 .
