3702 6142
406 293 511 346 453

1845 284 2163 344 ORIGENIS
3495 295 3576 349 L36

405 424 618 481 pturam
658 405 765 461 tale
798 419 1018 474 corpus,
1053 419 1242 474 nempe
1268 405 1518 476 spiritum
1546 414 1600 459 et
1632 406 1808 474 ignem
1835 421 1955 460 con-

2082 403 2296 472 [όμενοι,
2323 399 2774 471 ἁσχημονήσομεν
2805 397 2930 468 (69)·
2947 398 3021 460 ὼς
3051 397 3244 466 ἠλίθιοι
3268 400 3356 453 καὶ
3383 407 3509 472 παρὰ
3528 410 3580 461 τὰ

407 509 736 562 sutneutem,
762 503 816 553 ct
847 497 1045 562 lucem,
1080 513 1199 566 qua:
1229 498 1538 553 necessario
1581 498 1721 552 hanc
1751 498 1962 567 opinio-

404 605 528 645 nem
557 597 850 657 sequantur
875 588 1104 643 absurda
1142 602 1246 641 non
1277 588 1646 652 admittentes,
1673 587 1964 641 erubesce-

388 696 524 741 ἱιιιιιε
556 681 718 736 veluti
743 680 872 734 fatui
896 679 1138 735 dicentes
1164 687 1350 733 contra
1375 689 1560 748 aperta
1592 687 1648 732 et
1673 677 1963 731 evidentia.

402 772 593 828 Omnis
623 774 768 827 enim
799 773 936 842 ignis
968 785 1108 841 opus
1141 770 1344 826 habens
1375 779 1435 824 ut
1472 769 1674 833 alatur,
1701 767 1968 838 corrupti-

403 865 532 920 bilis
557 874 664 931 est,
693 873 746 918 et
773 863 951 919 omnis
987 863 1236 932 spiritus,
1260 861 1307 918 si
1337 861 1658 932 simpliciter
1697 861 1968 931 intelliga-

404 971 529 1010 mus
555 955 808 1025 spiritum
842 968 1038 1024 corpns
1065 969 1188 1008 cum
1216 953 1307 1018 sit,
1327 953 1543 1023 accipit,
1563 954 1704 1023 quod
1725 954 1791 1007 ad
1815 968 1965 1006 suam

405 1057 658 1102 naturam
707 1047 920 1109 attinet,
969 1045 1319 1100 mutationem
1354 1046 1406 1100 in
1449 1060 1562 1100 rem
1605 1045 1966 1110 crassiorem;

405 1155 538 1209 ergo
567 1140 650 1193 his
673 1138 788 1201 ﬁet,
822 1147 878 1191 ut
902 1137 986 1191 vel
1025 1149 1306 1193 servantes
1345 1137 1531 1201 verba,
1559 1147 1639 1191 tot
1662 1141 1892 1192 absurda
1917 1147 1971 1190 et

409 1229 808 1299 inexplicabilia
859 1229 926 1284 de
979 1228 1087 1282 Deo
1118 1229 1500 1294 admittamus;
1543 1228 1624 1282 vel
1663 1230 1847 1284 eadem
1885 1230 1970 1283 via

411 1321 768 1376 incedendum
811 1328 912 1385 est,
944 1321 1394 1391 quemadmodum
1443 1322 1606 1375 etiam
1645 1321 1696 1374 in
1729 1321 1972 1390 pluribus

2065 493 2268 563 ἐναργῆ
2302 492 2580 560 λέγοντεςο
2609 493 2716 545 πᾶν
2777 490 2885 561 γὰρ
2950 491 3062 562 πῦρ
3117 492 3320 562 τροφῆς
3373 494 3584 566 δεόμενον

2067 583 2301 656 φθαρτόν
2322 585 2458 640 ἐστι.
2487 583 2580 637 καὶ
2605 585 2712 636 πᾶν
2737 582 2975 653 πνεῦμα,
2996 585 3044 635 εἰ
3063 582 3408 656 ἁπλούστερον
3422 588 3589 658 ἑχλαμ-

2067 677 2299 747 ϐάνομεν
2350 675 2410 728 τὸ
2457 673 2706 744 πνεῦμα,
2763 673 2922 746 σῶμα
2979 675 3278 744 τυγχάνον,
3334 678 3591 749 ἐπιδέχεται

2066 767 2189 822 ὅσον
2216 766 2308 820 ἐπὶ
2333 769 2400 838 τῇ
2427 763 2621 819 ἑαυτοῦ
2661 764 2818 834 φύσει
2843 765 2939 836 τὴν
2963 767 3042 829 εἰς
3063 766 3123 817 τὸ
3151 764 3438 836 παχύτερον
3464 786 3593 836 μετα-

2069 859 2229 930 6ολήν
2246 875 2260 890 ο
2292 856 2410 928 ῶρα
2433 853 2524 912 οὖν
2554 859 2611 911 ὲν
2635 857 2863 921 τούτοις,
2889 856 3009 926 ἦτοι
3035 854 3331 927 τηροῦντας
3349 857 3438 920 τὰς
3456 857 3595 924 λέξεις

2068 953 2136 1006 τὰ
2160 951 2394 1007 τοσαῦτα
2422 950 2598 1005 ἄτοπα
2640 947 3044 1022 παραδέξασθαι
3086 949 3180 1001 καὶ
3217 948 3460 1020 δύσφημα
3497 953 3597 1022 περὶ

2068 1045 2160 1098 τοῦ
2193 1045 2326 1098 Θεοῦ
2347 1084 2362 1108 ,
2397 1046 2432 1115 ἦ
2465 1043 2781 1112 ἐφοδεῦσαι,
2815 1041 3002 1112 ὥσπερ
3025 1041 3117 1094 καὶ
3147 1041 3239 1094 ἐπὶ
3264 1040 3426 1095 ἄλλων
3455 1042 3599 1095 πλειό-

2070 1157 2174 1192 νων
2221 1136 2480 1208 ποιοῦμεν
2503 1177 2518 1201 ,
2566 1137 2657 1189 καὶ
2709 1135 2958 1201 ἐξετάσαι
2998 1132 3050 1185 τί
3095 1132 3318 1187 δύναται
3353 1133 3600 1202 δηλοῦσθαι

2070 1230 2176 1284 ἀπὸ
2203 1227 2296 1282 τοῦ
2324 1227 2576 1296 λέγεσθαι
2606 1225 2822 1297 πνεῦμα
2843 1265 2858 1290 ,
2897 1225 2930 1296 ἢ
2973 1223 3121 1298 πῦρ,
3151 1224 3184 1294 ἢ
3237 1223 3348 1293 φῶς
3382 1220 3508 1279 εἶναι
3532 1225 3602 1280 τὸν

2069 1321 2221 1375 Θεὸν.

409 1413 700 1480 faciemus,
738 1413 1242 1482 exquirendumque
1267 1413 1395 1482 quid
1432 1414 1580 1468 inuui
1622 1426 1677 1468 et
1707 1413 1969 1468 declarari
2006 1412 2198 1483 possit.
2236 1425 2357 1464 cum
2387 1411 2529 1465 Deus
2554 1408 2754 1462 dicitur
2779 1408 3028 1478 spiritus,
3052 1409 3132 1464 vel
3161 1409 3318 1479 ignis.
3339 1410 3415 1464 vel
3447 1410 3542 1464 lux.

478 1591 564 1646 22.
607 1590 686 1644 Ac
721 1589 987 1660 principio
1012 1589 1296 1646 dicendum
1335 1602 1439 1656 est,
1464 1602 1523 1646 ut
1551 1593 1761 1659 oculos,
1782 1603 1836 1651 et
1861 1595 1974 1664 pal-

404 1684 621 1752 pebras,
655 1693 709 1737 et
738 1697 918 1746 aures,
949 1692 1004 1736 ct
1037 1697 1249 1747 manus,
1267 1692 1323 1739 et
1351 1685 1596 1751 brachia,
1621 1695 1783 1757 atque
1807 1689 1970 1742 etiam

406 1776 543 1842 alas,
574 1783 628 1829 et
652 1777 834 1846 pedes,
867 1776 1069 1844 scripta
1093 1774 1161 1830 de
1185 1775 1294 1832 Deo
1322 1777 1681 1845 invenientes,
1701 1791 1972 1835 transmu-
2001 1768 2045 1826 Β

407 1875 589 1920 tamus
615 1881 734 1934 quae
760 1869 964 1936 scripta
988 1869 1190 1926 fuerint
1215 1872 1266 1924 in
1302 1871 1641 1940 allegoriam,
1666 1874 1864 1942 spretis
1887 1873 1972 1927 his

404 1960 497 2028 qui
557 1961 662 2016 Deo
709 1960 955 2016 similem'
1000 1962 1316 2018 hominibus
1364 1963 1593 2020 formam
1643 1966 1968 2029 attribuunt,

405 2050 615 2120 hocque
644 2051 767 2122 jure
799 2051 1060 2123 facimus;
1094 2054 1173 2109 sic
1203 2055 1370 2108 etiam
1405 2056 1562 2111 nobis
1593 2056 1734 2111 idem
1765 2055 1972 2112 facien-

405 2143 533 2198 dum
574 2159 694 2199 esse
734 2144 786 2198 in
827 2148 1099 2216 praedictis
1131 2147 1484 2205 nominibus:
1529 2164 1594 2205 ac
1641 2149 1888 2220 profecto
1921 2151 1971 2207 id

410 2233 578 2303 liquet
607 2250 674 2288 ex
704 2251 763 2290 re
791 2253 910 2305 qua:
942 2238 1153 2293 videtur
1183 2239 1342 2296 nobis
1375 2241 1546 2312 magis
1589 2242 1641 2295 in
1669 2259 1769 2297 usu
1804 2257 1923 2299 esse
1953 2261 1966 2297 :

411 2341 434 2376 ι
463 2323 603 2379 Deus
625 2345 644 2378 ι
673 2328 814 2381 enim
851 2347 870 2380 ι
904 2327 990 2382 lux
1022 2337 1125 2396 est,
1151 2349 1170 2381 ι
1204 2331 1502 2386 secundum
1533 2332 1830 2400 Joannem,
1867 2353 1886 2386 ι
1919 2343 1971 2389 et

408 2418 644 2472 tenebrae
675 2420 727 2472 in
764 2434 829 2473 eo
863 2435 974 2474 non
1017 2431 1143 2476 sunt
1171 2421 1291 2475 ulla:
1319 2422 1384 2476 ³¹.
1420 2443 1439 2476 ι
1476 2424 1758 2490 Quomodo
1789 2436 1968 2482 autem

405 2508 492 2563 lux
520 2511 634 2582 ipse
663 2513 1046 2583 intelligendus
1082 2515 1152 2570 sit
1180 2531 1278 2586 pro
1313 2517 1454 2572 virili
1484 2519 1762 2575 cordatius
1792 2521 1972 2575 consi-

407 2603 680 2659 deremus.
708 2602 866 2675 232
898 2606 1192 2675 Dupliciter
1215 2607 1307 2663 lux
1329 2610 1548 2678 dicitur,
1571 2621 1679 2666 tum
1711 2626 1970 2682 corpora-

407 2695 550 2762 liter,
579 2705 690 2751 tum
718 2697 1209 2766 Spiritualiter,hoc
1230 2709 1336 2766 est,
1355 2717 1474 2771 quae
1499 2712 1679 2758 mente
1698 2709 1967 2772 cernitur,

406 2799 463 2842 et
481 2797 540 2842 ut
566 2788 864 2859 Scriptura:
885 2789 1150 2857 dicerent,
1186 2807 1305 2861 quae
1331 2794 1431 2849 sub
1461 2795 1633 2850 visum
1657 2811 1761 2851 non
1790 2798 1965 2861 cadit;

404 2895 522 2946 seu,
553 2891 609 2936 ut
635 2883 882 2951 gentiles,
911 2883 1216 2940 invisibilis.
1248 2886 1314 2941 Et
1341 2888 1642 2957 'corporalis
1674 2904 1806 2944 sane
1833 2889 1969 2946 lucis

404 2973 754 3030 manifestum
780 2976 1087 3044 exemplum
1129 2987 1213 3032 est
1255 2977 1382 3033 illud
1418 2982 1503 3034 his
1526 2982 1618 3050 qui
1648 2981 1787 3037 hanc
1819 2983 1969 3038 Scri-

2141 1621 2232 1675 22.
2258 1621 2368 1675 Καὶ
2415 1622 2633 1694 πρῶτον
2675 1621 2892 1677 λεκτέον
2913 1663 2930 1680 .
2958 1623 3038 1676 ὅτι
3059 1663 3074 1688 ,
3103 1622 3293 1695 ὥσπερ
3317 1623 3606 1696 ὀφθαλμοὺς,

2073 1713 2167 1766 καὶ
2202 1711 2463 1783 βλέφαρα,
2501 1713 2595 1767 καὶ
2629 1707 2764 1778 ὦτα,
2808 1715 2903 1769 καὶ
2939 1717 3160 1786 χεῖρας,
3207 1715 3302 1768 καὶ
3339 1715 3606 1786 βραχίονας.

2072 1803 2166 1857 καὶ
2208 1802 2374 1866 πόδας
2410 1803 2522 1874 (70)
2571 1804 2914 1874 εὑρίσκοντες
2963 1805 3324 1876 γεγραμμένα
3354 1806 3442 1859 τοῦ
3479 1806 3608 1872 Θεοῦ,

2070 1897 2149 1948 ἔτι
2174 1895 2230 1948 δὲ
2255 1897 2348 1949 καὶ
2383 1897 2678 1966 πτέρυγας,
2707 1896 3190 1968 μεταλαμϐάνομεν
3220 1899 3302 1961 είς
3325 1897 3607 1971 ἀλληγορίαν

2069 1987 2138 2040 τὰ
2167 1988 2544 2060 γεγραμμένα,
2575 1988 3039 2061 καταφρονοῦντες
3065 1991 3171 2043 τῶν
3202 1992 3416 2062 μορφὴν
3439 1991 3606 2062 ἀνθρὼο

2071 2097 2187 2132 πων
2205 2079 2578 2153 παραπλήσιον
2603 2082 3014 2152 παρατιθέντων
3033 2081 3108 2154 τῷ
3130 2082 3270 2153 Θεῷ,
3300 2083 3392 2136 καὶ
3413 2083 3606 2151 εὐλόγως

2071 2186 2134 2236 γε
2163 2170 2322 2224 τοῦτο
2351 2170 2663 2242 πράττομεν
2682 2189 2694 2201 ·
2726 2171 2898 2236 οὕτως
2937 2174 3030 2226 καὶ
3070 2172 3162 2224 ἐπὶ
3204 2173 3314 2226 τῶν
3348 2173 3608 2244 εἰρημένων

2071 2260 2346 2332 ὀνομάτων
2381 2263 2440 2315 τὸ
2465 2263 2752 2316 ἀκόλουθον
2791 2267 2925 2334 ἡμῖν
2957 2264 3204 2336 ποιητέον
3231 2282 3246 2295 ·
3280 2265 3376 2318 καὶ
3396 2264 3535 2334 δῆλόν
3560 2281 3608 2332 γε

2071 2354 2177 2407 ἀπὸ
2203 2355 2296 2408 τοῦ
2333 2356 2654 2427 φαινομένου
2675 2359 2804 2428 ἡμῖν
2831 2357 3278 2429 πρακτικωτέρου
3305 2375 3318 2387 ·
3355 2377 3373 2409 ι
3399 2357 3506 2420 Φῶς
3525 2359 3610 2428 γάρ

2071 2441 2218 2493 ἐστιν
2249 2443 2277 2494 6
2304 2441 2455 2506 Θεὸς,
2493 2461 2512 2496 ι
2545 2444 2685 2497 κατὰ
2708 2445 2798 2498 τὸν
2835 2447 3104 2516 Ἰωάννην,
3160 2463 3179 2498 ‹
3214 2447 3311 2499 καὶ
3341 2449 3514 2500 σκοτία
3534 2449 3610 2499 οὐκ

2070 2531 2216 2584 ἔστιν
2247 2533 2305 2585 ἐν
2336 2533 2484 2604 αὐτῷ
2515 2534 2760 2605 οὐδεμία.
2801 2555 2819 2587 ›
2856 2536 2980 2600 Πῶς
3004 2538 3068 2609 δὴ
3097 2539 3213 2607 φῶς
3242 2540 3403 2592 αὑτὸν
3429 2541 3610 2610 νοητέον

2071 2624 2212 2678 κατὰ
2251 2624 2312 2677 τὸ
2341 2624 2561 2679 δυνατὸν
2610 2626 2970 2699 συνετώτερον
3011 2629 3154 2700 (Ἠ)
3197 2631 3613 2702 ἐπισκεψώμεθα.

2069 2715 2243 2787 Διχῶς
2284 2717 2393 2789 γὰρ
2423 2717 2485 2772 τὸ
2533 2716 2649 2787 φῶς
2685 2719 3041 2790 ὀνομάζεται,
3099 2725 3426 2793 σωματικῶς
3465 2741 3518 2776 τε
3539 2725 3613 2778 καὶ

2071 2809 2475 2880 πνευματικῶς,
2497 2812 2632 2884 ὅπερ
2665 2812 2783 2865 ἐστὶ
2811 2815 3018 2885 νοητὸν,
3054 2816 3147 2869 καὶ
3176 2816 3253 2880 ὡς
3287 2817 3386 2888 μὲν
3418 2819 3470 2870 αἱ
3499 2818 3613 2888 Γρα-

2070 2903 2169 2970 φαὶ
2210 2901 2276 2956 ἂν
2309 2903 2516 2972 λέγοιεν
2537 2943 2551 2969 ,
2584 2905 2777 2977 ὁρατὸν
2799 2946 2813 2970 ,
2844 2907 2919 2970 ὡς
2959 2908 3003 2962 δ’
3042 2907 3108 2962 ἂν
3149 2909 3412 2980 Ἕλληνες
3449 2911 3613 2981 ὀνομά-

2073 3009 2254 3058 σαιεν,
2287 2992 2518 3066 ἀόρατον
2543 2993 2676 3065 (72).
2717 2997 2827 3049 Καὶ
2872 2996 2965 3050 τοῦ
3007 3013 3070 3066 γε
3116 2999 3431 3069 σωματικοῦ
3465 2999 3614 3069 παρά-

404 3075 618 3134 pturam
643 3067 947 3135 accipiunt:
979 3086 997 3119 ι
1024 3066 1286 3124 Omnibus
1311 3078 1490 3124 autem
1519 3071 1641 3126 filiis
1666 3072 1955 3129 lsraeleral

2082 3085 2268 3157 δειγμα
2296 3085 2722 3158 ὁμολογούμενον
2740 3091 2851 3152 τοῖς
2881 3088 2980 3159 τὴν
3007 3066 3248 3160 ἱστορίαν
3278 3066 3615 3163 παραδεχομέ-

403 3153 494 3209 lux
528 3157 578 3212 in
610 3159 884 3224 erunibus,
909 3160 961 3213 in
1011 3160 1210 3229 quibus
1255 3161 1619 3218 versabantur
1640 3164 1717 3232 ";
1750 3184 1769 3218 ι
1801 3167 1966 3234 spiri-

406 3250 566 3306 tualis
593 3267 720 3307 vero
759 3253 1062 3322 exemplum
1097 3261 1180 3307 est
1211 3253 1352 3321 apud
1391 3257 1678 3325 quemdam
1734 3259 1963 3328 prophe-

403 3350 514 3395 tam
545 3357 612 3396 οι
641 3343 921 3398 duodecim
953 3344 998 3375 ³³
1029 3361 1043 3398 :
1083 3360 1103 3394 ι
1134 3342 1413 3402 Sentinate
1444 3347 1600 3402 vobis
1646 3348 1779 3419 ipsis
1803 3349 1968 3418 justi-

405 3434 572 3498 :iatn,
611 3432 941 3487 vindemiate
991 3432 1228 3488 fructum
1275 3436 1420 3502 vitae,
1478 3437 1774 3493 illuminate
1816 3441 1968 3496 vobis

403 3523 538 3592 ipsis
562 3524 739 3578 lumen
767 3525 1113 3595 cognitionis.
1138 3547 1158 3580 ι
1188 3527 1396 3583 Rursus
1416 3527 1669 3583 similiter
1694 3545 1791 3599 per
1819 3545 1970 3584 com-

403 3618 742 3686 parationem
767 3627 823 3674 et
863 3621 1269 3690 proportionem
1304 3621 1554 3677 bifariam
1604 3622 1854 3677 dicentur
1885 3633 1969 3678 te-

402 3712 586 3766 nebra
617 3729 632 3766 :
662 3727 915 3780 quarum,
947 3727 1066 3784 qua:
1093 3714 1441 3772 communius
1473 3715 1749 3783 dicuntur,
1781 3730 1967 3770 exem-

402 3803 548 3872 plum
581 3812 664 3858 est
696 3803 824 3859 illud
845 3805 889 3837 "
918 3825 932 3860 :
967 3824 986 3857 ι
1019 3807 1086 3861 Ει
1111 3807 1324 3862 voeavit
1355 3806 1496 3861 Deus
1526 3805 1696 3862 lucem
1727 3807 1893 3872 diem,
1914 3817 1967 3862 et

405 3895 659 3951 tenebras
688 3897 908 3951 vocavit
933 3908 1181 3964 noctem;
1215 3919 1234 3950 ι
1274 3900 1619 3953 tenebrarum
1648 3914 1779 3954 vero
1807 3900 1967 3954 intel-

406 3985 691 4056 ligibilium
720 3988 825 4042 hoc
859 3998 942 4042 est
968 3989 1272 4060 exemplum
1299 3989 1343 4020 ”
1374 4009 1386 4043 :
1420 4009 1438 4041 ι
1468 3989 1671 4058 Populo
1696 3991 1786 4059 qui
1811 3992 1966 4045 sede-

401 4079 494 4133 bat
519 4079 570 4133 in
601 4080 842 4134 tenebris
865 4089 921 4134 et
949 4082 1137 4135 umbra
1163 4083 1376 4146 mortis,
1403 4083 1494 4137 lux
1522 4092 1640 4136 orta
1671 4093 1753 4137 est
1775 4084 1873 4137 eis.
1907 4103 1924 4134 ι

471 4167 562 4224 25.
591 4167 686 4222 His
720 4168 802 4223 sic
832 4169 1174 4236 habentibus,
1209 4171 1426 4242 dignum
1471 4181 1556 4227 est
1584 4187 1810 4228 cernere
1836 4173 1965 4241 quid

403 4260 562 4314 nobis
585 4261 876 4314 conveniat
901 4261 1203 4332 intelligere
1235 4263 1302 4316 de
1333 4263 1464 4328 Deo,
1499 4279 1619 4318 cum
1648 4264 1738 4317 lux
1766 4265 1968 4318 dicitur

400 4348 456 4402 in
489 4364 594 4418 qua
629 4349 788 4403 nulla:
817 4359 942 4406 sunt
974 4354 1207 4407 tenebrae
1236 4353 1282 4386 "
1310 4375 1322 4408 :
1353 4362 1536 4409 utrum
1574 4353 1715 4411 Deus
1745 4356 1837 4410 lux
1879 4365 1968 4410 est

2072 3194 2182 3240 νοις
2213 3177 2272 3229 τό
2294 3194 2306 3206 ·
2343 3196 2361 3229 ι
2390 3179 2531 3230 Πᾶσι
2562 3177 2617 3230 δὲ
2640 3181 2752 3242 τοῖς
2785 3181 2918 3242 υἱοῖς
2961 3181 3166 3252 Ἰσραὴλ
3191 3177 3262 3253 ἦν
3293 3181 3430 3251 φῶς,
3457 3183 3508 3234 ὲν
3531 3182 3614 3232 πᾶ-

2072 3286 2156 3323 σιν
2178 3263 2259 3332 οἷς
2283 3269 2627 3337 κατεγίνοντο
2645 3286 2658 3299 °
2693 3289 2712 3321 ι
2743 3269 2832 3323 τοῦ
2858 3270 2913 3324 δὲ
2938 3271 3128 3341 νοητοῦ
3152 3273 3249 3326 καὶ
3277 3268 3615 3342 πνευματικοῦ

2068 3360 2126 3414 ἐν
2151 3377 2255 3413 τινι
2279 3359 2386 3413 τῶν
2419 3359 2651 3413 δώδεκα·
2686 3378 2706 3411 σ
2741 3361 3005 3432 Σπείρατε
3030 3365 3244 3428 έαυτοῖς
3272 3366 3353 3428 εἰς
3380 3361 3615 3417 δικαιοσύ-

2068 3470 2186 3522 νην,
2231 3454 2535 3524 τρυγήσατε
2576 3455 2656 3517 εἰς
2689 3453 2897 3526 καρπὸν
2940 3454 3103 3525 ζωῆς,
3135 3454 3410 3523 φωτίσατε
3436 3456 3614 3516 ἑαυτοῖς

2069 3546 2186 3612 φῶς
2217 3542 2488 3612 γνώσεως.
2530 3565 2548 3596 ι
2595 3545 2821 3615 Ὁμοίως
2847 3545 2903 3598 δὲ
2938 3547 3031 3599 καὶ⁹
3057 3546 3116 3598 τὸ
3143 3546 3338 3610 σκότος
3371 3551 3487 3601 κατ’
3511 3549 3615 3600 ἀνα·

2067 3635 2252 3705 λογίαν
2277 3635 2436 3710 διχῶς
2469 3636 2784 3707 λεχθήσεται
2812 3655 2827 3668 ·
2854 3639 2946 3691 καὶ
2970 3637 3062 3690 τοῦ
3094 3639 3192 3708 μὲν
3217 3640 3514 3710 κοινότερον
3548 3638 3614 3690 λε-

2067 3729 2297 3801 γομένου
2324 3729 2674 3801 παράδειγμα
2692 3747 2704 3760 ⁸
2739 3749 2758 3781 ι
2796 3731 2906 3783 Καὶ
2933 3730 3187 3784 ἐκάλεσεν
3216 3733 3245 3784 6
3278 3732 3412 3795 Θεὸς
3443 3731 3500 3784 τὸ
3524 3729 3615 3801 φῶς

2067 3822 2297 3892 ἡμέραν,
2334 3822 2427 3876 καὶ
2455 3822 2515 3876 τὸ
2542 3821 2730 3884 σκότος
2755 3821 2977 3876 ἐκάλεσε
3004 3821 3172 3875 νύκτα
3195 3840 3209 3852 ·
3257 3843 3275 3874 ι
3312 3823 3410 3876 τοῦ
3435 3823 3486 3876 δὲ
3510 3838 3612 3892 νοη-

2065 3913 2180 3968 τοῦ·
2195 3935 2211 3966 ι
2234 3915 2291 3969 '0
2305 3915 2473 3978 λαὸςὸ
2501 3915 2804 3985 καθήμενος
2823 3919 2878 3968 ὲν
2906 3916 3084 3968 σκότει
3109 3917 3202 3970 καὶ
3238 3919 3370 3988 σκιᾷ
3393 3916 3614 3977 θανάτου,

2068 4004 2182 4075 φῶς
2215 4006 2484 4060 ἀνέτειλεν
2507 4007 2708 4070 αὐτοῖς.
2746 4025 2764 4057 ι

2136 4182 2226 4236 ‘23.
2259 4182 2474 4236 Τούτων
2503 4181 2672 4247 οὕτως
2702 4183 2949 4253 ἐχόντων,
2985 4183 3132 4250 ἄξιον
3165 4184 3294 4237 ἰδεῖν
3328 4185 3383 4237 τί
3417 4183 3615 4255 ἁρμόζει

2067 4275 2206 4327 νοεῖν
2245 4273 2393 4344 ἡμᾶς
2416 4273 2542 4345 περὶ
2569 4273 2702 4326 Θεοῦ
2741 4273 3034 4344 λεγομένου
3072 4274 3216 4343 φῶς,
3249 4275 3308 4328 ὲν
3351 4268 3397 4342 ᾧ
3421 4271 3617 4342 οὐδεμία

2068 4364 2184 4416 ἐστι⁸
2211 4364 2419 4417 σκοτία.
2442 4359 2587 4436 Ἀρα
2614 4363 2723 4434 γὰρ
2751 4367 3090 4436 σωματικοὺς
3120 4365 3438 4436 ὀφθαλμοὺς
3457 4367 3484 4417 ό
3508 4361 3614 4424 Θεὸς

399 4439 713 4498 illuminans
765 4457 1062 4514 corporeos
1101 4443 1313 4511 oculos,
1347 4459 1416 4501 an
1455 4447 1858 4519 intelligibiles;
1895 4450 1955 4506 de

2082 4454 2299 4524 ρωτίζον
2325 4455 2440 4526 φῶς
2471 4457 2618 4508 ἐστιν
2641 4495 2655 4518 ,
2681 4455 2713 4526 ἥ
2763 4459 2888 4519 τοὺς
2931 4457 3178 4526 νοητοὺς,
3217 4457 3349 4527 περὶ
3396 4447 3470 4508 ῶν
3497 4453 3617 4506 καὶὸ

398 4533 596 4600 quibus
627 4542 680 4588 et
697 4534 964 4604 Propheta
989 4536 1122 4592 dicit
1139 4537 1180 4568 ³⁷
1214 4555 1228 4590 :
1264 4556 1284 4590 ι
1315 4539 1557 4594 lllumina
1580 4541 1766 4597 oculos
1789 4557 1960 4610 meos,

398 4639 467 4678 ne
497 4639 732 4694 unquam
763 4626 1098 4682 obdormiam
1125 4628 1178 4682 in
1215 4640 1406 4686 morte.
1432 4649 1452 4683 ι
1487 4631 1750 4688 Existimo
1782 4644 1960 4690 autem

398 4728 646 4788 apertum
691 4721 998 4790 cuicunque
1026 4734 1148 4776 esse
1184 4737 1282 4777 nos
1317 4723 1740 4794 haudquaquam
1779 4726 1957 4782 dictu-

398 4824 512 4876 ros,
538 4811 706 4866 Deum
741 4813 870 4869 solis
895 4813 1138 4868 ofﬁcium
1169 4813 1368 4878 facere,
1395 4816 1439 4871 si
1477 4815 1564 4869 alii
1588 4819 1745 4873 cedat
1768 4833 1962 4876 munus

391 4903 706 4961 .illustrandi
741 4923 927 4963 eorum
958 4909 1146 4965 oculos
1169 4910 1261 4979 qui
1290 4912 1574 4968 dormituri
1603 4929 1706 4969 non
1737 4924 1863 4972 sunt
1906 4917 1958 4970 in

400 5007 576 5051 morte
609 5012 781 5068 :ergo
824 4999 1099 5056 illuminat
1138 5004 1278 5059 Deus
1309 5021 1494 5061 eorum
1544 5017 1776 5062 mentem
1826 5024 1961 5077 quos

400 5087 591 5155 dignos
617 5089 827 5158 judicat
855 5094 1070 5160 propria
1110 5092 1524 5152 illuminatione.
1547 5099 1701 5165 Quod
1737 5099 1783 5153 si
1816 5113 1960 5154 men-

469 5203 512 5234 "
533 5201 566 5282 _l
595 5203 753 5258 Joan.
775 5221 816 5269 ι,
847 5206 898 5262 5.
975 5207 1018 5240 “
1048 5208 1216 5266 Exod.
1248 5227 1301 5279 x,
1331 5211 1420 5266 25.
1499 5213 1545 5244 ³⁸
1571 5213 1695 5271 Ose.
1729 5233 1782 5282 χ,
1813 5215 1901 5274 12.

2082 5231 2179 5271 .en.
2204 5231 2244 5280 ι,
2264 5214 2317 5270 5.

395 5289 499 5340 xu,
519 5275 575 5329 4.

471 5369 585 5436 (69)
632 5371 1187 5441 Ἀσχημονήσομεν.
1237 5371 1328 5428 Sic
1382 5373 1549 5428 codex
1593 5373 1955 5441 Bodleianus;

401 5438 622 5512 Regius,
644 5443 786 5512 άσχη
796 5438 1137 5512 μονήσωμεν.

469 5511 583 5581 (70)
616 5510 724 5564 Καὶ
745 5510 966 5579 χεῷαζδ,
990 5510 1087 5564 καὶ
1113 5513 1445 5581 βραχίονας
1462 5552 1476 5575 ,
1504 5513 1600 5566 καὶ
1625 5513 1832 5579 πόδας.
1871 5515 1961 5569 Sic

401 5579 571 5657 codex
643 5581 1000 5647 Bodleianus;
1061 5579 1295 5650 Regius,
1353 5584 1539 5653 χεῖράς
1598 5601 1654 5636 τε
1708 5584 1802 5636 καὶ
1863 5585 1961 5637 πό-

403 5661 469 5698 οα
505 5685 518 5698 .
1495 5666 1500 5671 ·

473 5663 588 5779 ῗτι)
619 5716 814 5786 Reglus
844 5721 1033 5789 codex,
1070 5719 1212 5776 κατὰ
1238 5722 1297 5774 τὸ
1327 5722 1546 5776 δυνατὸν
1583 5725 1710 5791 ἡμῖν
1740 5723 1966 5777 συνετῶς

2071 4546 2349 4616 Προφήτης
2376 4545 2536 4614 φησί·
2577 4563 2594 4596 ι
2628 4544 2864 4598 Φώτισον
2884 4546 3008 4609 τοὺς
3031 4546 3342 4616 ὀφθαλμούς
3382 4563 3502 4618 μου,
3530 4546 3613 4615 μή-

2068 4653 2199 4688 ποτε
2242 4635 2474 4690 ύπνώσω
2507 4637 2589 4701 είς
2622 4636 2882 4702 θάνατον;
2924 4657 2943 4690 ι
2988 4637 3214 4707 Νομίζω
3261 4638 3320 4691 δὲ
3368 4637 3616 4709 προφανὲς

2068 4729 2226 4782 παντί
2259 4747 2335 4800 τῳ
2361 4729 2471 4801 (75)
2498 4725 2657 4792 εἶναι,
2686 4731 2768 4782 ὅτι
2811 4730 2910 4782 οὐκ
2952 4729 3018 4782 ἂν
3047 4730 3107 4782 τὸ
3147 4729 3241 4782 τοῦ
3281 4731 3437 4800 ἡλίου
3481 4729 3613 4800 ἔργον

2070 4823 2240 4874 ποιεῖν
2268 4821 2518 4890 λέγοιμεν
2547 4819 2636 4873 τὸν
2663 4821 2815 4883 Θεὸν,
2844 4821 3013 4892 ἑτέρῳ
3051 4821 3484 4893 παραχωροῦντα
3519 4837 3612 4887 φω-

2066 4911 2231 4975 τίζειν
2256 4913 2382 4974 τοὺς
2403 4910 2713 4982 ὀφθαλμοὺς
2744 4911 2853 4964 τῶν
2889 4911 2962 4982 μὴ
2997 4912 3401 4982 ύπνωσομένων
3432 4913 3507 4974 εἰς
3534 4910 3611 4962 ϐἀ-

2066 5022 2259 5059 νατονο
2303 5005 2496 5061 οὐκοῦν
2540 5005 2763 5076 φωτίζει
2807 5008 2836 5058 6
2872 5005 3005 5069 Θεὸς
3037 5007 3128 5059 τὸν
3171 5004 3293 5059 νοῦν
3343 4999 3422 5060 ὧν
3465 5003 3612 5075 κρίνει

2066 5097 2248 5161 ἀξίους
2273 5094 2411 5152 εἶναι
2431 5097 2524 5151 τοῦ
2551 5097 2747 5151 οἰκείου
2770 5096 3072 5166 φωτισμοῦ.
3107 5097 3170 5149 Εἰ
3195 5096 3253 5149 δὲ
3275 5097 3372 5150 νοῦ
3395 5099 3505 5149 ἐστι
3524 5112 3612 5163 φω-

2422 5215 2467 5246 ³⁸
2497 5213 2599 5270 lsa.
2635 5230 2712 5282 ιχ,
2737 5213 2794 5268 2.
2868 5214 2912 5245 “
2943 5213 2959 5266 l
2989 5212 3147 5268 Joau.
3173 5230 3212 5280 1,
3243 5213 3296 5268 5.
3417 5215 3460 5248 ³⁷
3489 5211 3612 5267 Psal.

2058 5394 2235 5448 τερον,
2265 5376 2357 5430 sed
2379 5377 2443 5448 in
2473 5375 2770 5448 Bodleiano
2799 5391 2904 5431 non
2931 5388 3208 5447 comparet
3239 5379 3402 5448 ἡμῖν.

2132 5446 2244 5530 (79)
2286 5447 2588 5513 ’Λόρατον.
2627 5447 2721 5502 Sic
2776 5449 2945 5503 codex
2995 5446 3355 5514 Budleiattus;
3408 5446 3610 5517 Regius,

2067 5517 2378 5586 ἀσώματον.

2138 5586 2253 5654 (7'5)
2275 5587 2462 5640 ΙΙαντί
2485 5602 2583 5650 τῳ.
2615 5583 2689 5638 lta
2751 5586 3080 5644 Bodleianus
3143 5590 3336 5650 codex,
3391 5589 3610 5656 optimo;

2068 5656 2288 5729 Regius,
2316 5672 2614 5729 perperam,
2644 5657 2806 5729 «avri.
2843 5658 2924 5729 τό.
2956 5659 3109 5729 cujus
3169 5660 3278 5718 loco
3343 5659 3611 5729 legendum

2071 5727 2326 5783 censebat
2353 5725 2578 5784 lluctius
2609 5727 2770 5781 παντὶ
2802 5728 2976 5783 τοῦτο.
