3702 6142
157 283 252 339 457

1180 274 1538 335 COMMENT.
1581 275 1647 331 IN
1682 273 1874 332 JOAN.
1912 273 2154 332 TOMUS
2184 271 2322 331 XIH.

3257 263 3363 320 458

153 396 386 462 τιστικδς,
408 394 624 450 κατὰτὸ
643 395 953 467 λεγόμενονο
981 413 998 447 ι
1022 395 1224 468 Κύριος
1241 397 1514 468 φωτισμός
1541 414 1695 468 μου.»

1897 404 1986 452 est
2015 395 2340 458 illustratur,‘
2364 393 2519 464 juxta
2547 389 2677 447 illud
2705 389 2848 460 quod
2875 383 3171 442 dicitur”:
3209 401 3228 436 ι
3259 383 3364 438 Do-

153 491 342 562 ἀνάγκη
376 488 533 542 αὑτὸν
576 488 779 559 νοητὸν·
810 490 1162 559 τυγχάνοντα,
1197 491 1292 544 κει)⁸
1326 491 1574 562 ἀόρατον,
1609 489 1702 543 καὶ

154 583 439 653 ἀσώματον,
485 579 578 634 τοῦ
627 580 720 633 νοῦ
747 581 980 652 ἀοράτου
1011 583 1159 652 ἡμᾶς
1187 582 1350 636 αὑτὸν
1386 583 1704 655 ὑπολαμϐά-

154 690 250 726 νειν
274 670 382 738 φῶς
403 665 538 726 εἶναι
563 668 872 741 ἀσώματον,
889 669 965 742 τῷ
997 673 1204 743 μήποτε
1233 673 1326 725 καὶ
1359 690 1380 724 ι
1418 673 1531 742 πῦρ
1563 691 1702 727 κατ-

153 761 414 816 αναλίσκον
480 778 501 812 ι
547 760 838 830 λεγόμενον
875 759 1011 815 εἶναι
1046 762 1178 816 Θεὸν
1199 802 1217 829 ,
1247 764 1559 834 σωματικὸν
1590 762 1704 838 πῦρ

155 853 396 924 σωμάτων
427 851 753 907 ἀναλωτικὸν
787 848 926 907 εἶναι
964 854 1142 908 δοκεῖν
1163 894 1181 920 ,
1223 851 1336 911 οἷον
1366 857 1568 924 ξύλων,
1608 858 1704 912 καὶ

153 945 344 1016 χόρτου,
379 943 470 997 καὶ
498 943 752 1016 καλάμης
776 961 790 975 ·
818 945 868 998 εί
893 945 952 999 δὲ
971 947 1030 1000 ὲν
1060 948 1191 1019 ἡμῖν
1219 947 1368 1001 ἐστιν
1394 949 1521 1002 ἰδεῖν
1550 947 1701 1015 ξύλα,

153 1036 234 1088 καὶ
259 1034 462 1107 χόρτον,
484 1035 578 1091 καὶ
598 1035 870 1105 καλάμην,
909 1038 1120 1108 μήποτε
1139 1037 1202 1092 τὸ
1239 1039 1572 1094 άναλωτικδν
1603 1040 1705 1110 τῆς

151 1125 380 1196 τοιαύτης
403 1125 534 1197 ὕλης
557 1126 667 1200 πῦρ
689 1129 718 1180 ό
747 1126 882 1191 Θεός
911 1130 1057 1182 ἐστιν
1083 1130 1260 1200 ἡμῶν,
1299 1149 1319 1182 ι
1352 1131 1462 1202 πῦρ
1498 1150 1517 1184 ι
1553 1130 1707 1200 λεγό-

154 1234 294 1288 μενος
317 1213 452 1271 εἶναι
489 1237 508 1270 ι
547 1218 936 1273 καταναλίσκον
958 1235 1007 1272 ⁸»
1040 1222 1134 1274 καὶ
1164 1221 1373 1293 πρέπον
1398 1239 1461 1290 γε
1491 1222 1568 1294 τῷ
1594 1224 1706 1276 Κυ-

154 1310 241 1380 ρίῳ
273 1309 382 1362 ἐστὶ
406 1309 468 1367 τὸ
493 1310 782 1364 ἀναλίσκον
808 1309 878 1363 τὰ
901 1311 1125 1366 τοιαῦτα
1155 1311 1288 1384 (74),
1321 1313 1414 1367 καὶ
1447 1314 1704 1383 ἐξαφανί-

153 1399 252 1464 ζειν
277 1401 341 1456 τὰ
368 1402 588 1475 χείρονα
610 1419 624 1434 ·
660 1395 722 1456 οὗ
767 1404 1053 1476 γινομένου
1097 1405 1394 1477 ἀλγηδόνας
1430 1402 1582 1478 οἶμαι
1613 1407 1706 1461 καὶ

152 1496 324 1559 τόνους
365 1496 612 1565 γίνεσθαι
651 1497 752 1550 οὐκ
804 1497 911 1552 ἀπό
965 1514 1112 1562 τινος
1149 1499 1462 1569 σωματικῆς
1493 1499 1706 1571 ἐπαφῆς

152 1586 346 1656 περὶτὰ
375 1589 699 1658 ήγεμονικὰ,
722 1588 852 1644 ἔνθα
881 1589 1110 1660 συνέστη
1131 1592 1164 1662 ἡ
1194 1588 1288 1642 τοῦ
1313 1589 1705 1644 καταναλίσκε-

153 1679 259 1732 σθαι
281 1681 403 1745 άξία
427 1680 704 1752 οίκοδομή.
736 1681 855 1745 Φῶς
886 1677 981 1735 οῦν
1020 1681 1343 1753 ὀνομάζεται
1369 1683 1398 1734 ὁ
1425 1680 1576 1744 Θεὸς,
1598 1681 1706 1735 ἀπὸ

1800 488 1984 543 minus
2042 486 2368 542 illuminatio
2416 499 2557 549 mea,
2585 503 2605 536 ι
2657 495 2883 538 necesse
2919 487 3004 535 est
3055 477 3229 548 ipsum
3265 474 3366 544 qui

1801 590 1986 634 mente
2017 579 2284 642 cernitur,
2322 577 2414 648 qui
2450 575 2550 632 sub
2580 574 2752 630 visum
2806 585 2912 627 non
2955 569 3126 633 cadit,
3155 568 3244 636 qui
3279 578 3366 624 est

1801 688 1994 742 expers
2019 671 2285 742 corporis,
2323 670 2492 741 ipsius
2521 668 2738 731 mentis,
2771 681 2894 738 qua:
2923 667 3024 721 sub
3053 666 3226 720 visum
3255 678 3361 718 non

1802 766 1970 832 cadit,
2023 764 2201 818 lucem
2241 777 2366 818 esse
2413 773 2644 831 corpore
2689 768 2982 821 carentem,
3033 756 3176 826 quod
3222 756 3362 810 Deus

1807 875 1829 909 ι
1855 856 1992 928 ignis
2021 869 2348 912 consumens
2375 873 2393 908 ι
2423 853 2606 908 dictus
2637 851 2702 915 ³⁸,
2735 865 3076 922 nequaquam
3100 864 3363 920 corpora-

1803 947 1872 1003 lis
1906 947 2047 1018 ignis
2078 962 2199 1002 esse
2232 947 2499 1008 videatur,
2531 942 2621 1012 qui
2645 951 2928 997 consumat
2954 953 3213 1008 corpora,
3245 935 3365 989 vel-

1805 1034 1884 1090 uti
1934 1034 2101 1104 ligna,
2132 1034 2334 1101 fenum,
2381 1032 2634 1102 stipulam
2660 1032 2739 1098 ‘°;
2773 1030 2865 1085 sed
2899 1030 2945 1084 si
2973 1036 3263 1084 cernantur
3309 1025 3365 1081 in

1805 1126 1964 1182 nobis
1993 1125 2163 1196 ligna,
2199 1124 2402 1188 fenum,
2433 1122 2650 1192 stipula,
2679 1123 2752 1178 sit
2791 1122 2934 1176 Deus
2987 1129 3173 1175 noster
3203 1117 3368 1189 ignis,

1805 1217 1932 1274 talis
1972 1217 2210 1273 materias
2243 1223 2617 1283 consumptor,
2657 1212 2752 1284 qui
2791 1213 2990 1269 dicitur
3019 1229 3039 1264 ι
3065 1211 3208 1279 ignis
3236 1224 3370 1264 con-

1805 1325 2057 1375 sumens;
2091 1328 2111 1362 ι
2143 1311 2405 1379 decetque
2429 1307 2674 1381 profecto
2699 1305 2992 1360 Dominum
3019 1301 3146 1357 talia
3171 1316 3372 1356 consu-

1806 1412 1954 1452 mere
1979 1395 2269 1466 delereque
2301 1398 2509 1467 pejora,
2563 1410 2672 1467 quo
2711 1394 2858 1450 facto
2893 1393 3109 1449 dolores
3134 1391 3371 1447 arbitror

1806 1486 2127 1554 laboresque
2152 1487 2286 1542 oriri
2323 1486 2470 1542 nullo
2496 1499 2762 1555 corporeo
2799 1493 2942 1568 tactu
2992 1483 3136 1540 circa
3162 1481 3372 1553 princi-

1807 1585 1962 1648 patus
2005 1586 2063 1630 et
2099 1584 2286 1647 partes
2317 1575 2514 1630 anima:
2557 1573 3052 1644 praestantissimas,
3080 1571 3172 1626 ubi
3227 1580 3374 1627 stru-

1808 1675 1958 1722 ctura
1991 1665 2153 1722 fuerit
2173 1667 2328 1736 digna
2355 1681 2475 1736 quae
2497 1674 2915 1721 consummetur.
2935 1663 3051 1718 Lux
3077 1677 3206 1734 ergo
3232 1662 3372 1717 Deus

149 1774 229 1828 τοῦ
259 1773 567 1847 σωματικοῦ
607 1775 785 1844 φωτὸς
825 1775 1186 1847 μεταληφθεὶς
1229 1778 1310 1840 είς
1343 1775 1571 1846 ἀόρατον
1612 1775 1702 1828 καὶ

1883 1761 2140 1828 minatur,
2179 1761 2536 1816 translatione
2565 1768 2778 1830 sumpta
2805 1774 2835 1813 a
2869 1756 2990 1812 lucc
3019 1769 3283 1826 corporea
3303 1755 3371 1808 ad

146 1867 416 1938 ἀσώματον
467 1869 604 1937 φῶς,
637 1867 725 1921 διὰ
774 1868 874 1936 τὴν
929 1867 987 1921 έν
1035 1867 1114 1938 τῷ
1179 1866 1430 1936 φωτίζειν
1483 1865 1706 1938 νοητοὺς

145 1959 437 2028 ὀφθαλμοὺς
483 1958 711 2031 δύναμιν
763 1958 907 2013 οὕτω
948 1959 1236 2031 λεγόμενος
1271 1976 1284 1990 ο
1346 1978 1366 2011 ι
1409 1958 1518 2030 πῦρ
1576 1977 1595 2010 ι
1646 1973 1706 2012 τε

145 2050 591 2120 προσαγορεύεται
613 2068 632 2101 ι
661 2049 1070 2115 καταναλίσκον,
1101 2069 1119 2102 ο
1146 2051 1253 2104 ἀπὸ
1275 2049 1370 2104 τοῦ
1396 2050 1706 2121 σωματικοῦ

145 2140 320 2211 τυρὸς,
346 2142 439 2194 καὶ
475 2141 912 2195 καταναλωτικοῦ
937 2142 1036 2212 τῆς
1063 2142 1274 2195 τοιᾶσδε
1313 2141 1444 2213 ὕλης
1485 2142 1710 2212 νοούμε-

145 2249 240 2293 νος.
275 2231 528 2286 Τοιοῦτόν
573 2249 627 2285 τι
659 2251 748 2304 μοι
781 2233 1029 2302 φαίνεται
1056 2234 1148 2287 καὶ
1189 2234 1316 2306 περὶ
1342 2233 1404 2287 τὸ
1433 2232 1649 2304 πνεῦμα
1677 2234 1707 2286 ό

144 2320 263 2384 Θεός
280 2337 294 2350 ο
319 2322 440 2374 ἐπεὶ
462 2321 575 2393 γὰρ
597 2323 677 2386 είς
704 2322 802 2394 τὴν
817 2323 928 2394 (75)
958 2323 1133 2394 μέσην
1166 2325 1260 2378 καὶ
1284 2324 1586 2394 κοινότερον
1611 2341 1709 2377 κα-

143 2410 390 2481 λουμένην
423 2411 571 2483 ζωὴν
607 2412 844 2484 ὁρῶντες
871 2413 967 2466 τοῦ
1020 2416 1150 2485 περ).
1196 2416 1344 2485 ἡμᾶς
1375 2417 1706 2484 πνεύματος,

141 2499 233 2570 τὴν
275 2500 613 2574 καλουμένην
657 2502 1109 2576 σωματικώτερον
1161 2505 1328 2577 πνοὴν
1378 2505 1524 2576 ζωῆς
1571 2505 1707 2571 ζωο-

143 2591 424 2649 ποιούμιεθα
474 2593 587 2646 ἀπὸ
634 2594 727 2647 τοῦ
782 2594 1126 2667 πνεύματος,
1186 2597 1552 2670 ὑπολαμϐάνω
1611 2599 1707 2653 ἀπ’

143 2684 332 2739 ἐκείνου
365 2684 620 2758 είλῆφθαι
657 2685 716 2738 τὸ
754 2686 972 2757 πνεῦμα
1008 2687 1260 2756 λέγεσθαι
1283 2689 1374 2743 τὸν
1409 2689 1540 2742 Θεὸν
1573 2690 1710 2760 πρὸς

141 2777 230 2848 τὴν
270 2778 533 2848 ἀληθινὴν
575 2776 719 2848 ζωὴν
757 2779 906 2848 ἡμᾶς
958 2778 1194 2847 ἄγοντα⁸
1241 2781 1302 2833 τὸ
1343 2779 1708 2853 πνεῦμαιγὰρ

143 2866 270 2919 κατὰ
315 2867 413 2938 τὴν
451 2865 676 2938 Γραφὴν
717 2866 931 2936 λέγεται
989 2868 1300 2935 ζωοποιεῖν,
1357 2871 1588 2943 φανερὸν
1627 2871 1709 2926 ὅτι

141 2957 449 3031 ζωοποίησιν
479 2958 548 3011 ob
581 2955 676 3028 τὴν
719 2958 892 3030 μέσην
912 2997 927 3021 ,
961 2958 1097 3012 ἀλλὰ
1123 2959 1221 3030 τὴν
1267 2960 1543 3032 θειοτέραν
1564 2978 1579 2992 ο
1614 2962 1708 3014 καὶ

141 3051 239 3121 γὰρ
281 3051 339 3106 τὸ
399 3052 638 3124 γράμμα
669 3051 1000 3114 ἀποκτείνει,
1042 3053 1136 3105 καὶ
1182 3054 1400 3123 ἐμποιεῖ
1455 3053 1704 3122 θάνατον,

139 3145 192 3197 οὐ
227 3145 314 3198 τὸν
356 3144 502 3199 κατὰ
538 3144 630 3197 τὸν
678 3144 953 3216 χωρισμὸν
993 3143 1092 3214 τῆς
1130 3143 1306 3216 ψυχῆς
1335 3145 1442 3198 άπὸ
1468 3146 1562 3200 τοῦ
1594 3146 1700 3200 σώ-

143 3253 333 3305 ματος,
370 3235 514 3289 ἀλλὰ
543 3236 635 3289 τὸν
664 3233 807 3289 κατὰ
841 3235 934 3288 τὸν
969 3233 1112 3306 (76)
1147 3237 1422 3308 χωρισμὸν
1460 3237 1562 3307 τῆς
1593 3237 1699 3308 ψυ-

139 3327 231 3397 χῆς
259 3327 365 3380 ἀπὸ
395 3327 494 3380 τοῦ
528 3325 696 3391 Θεοῦ,
737 3327 832 3380 καὶ
867 3325 962 3380 τοῦ
1000 3326 1210 3398 Κυρίου
1244 3326 1408 3381 αὑτοῦ
1428 3369 1444 3396 ,
1485 3330 1578 3384 καὶ
1605 3328 1700 3383 τοῦ

142 3418 284 3485 ἁγίου
315 3418 458 3471 Πνεύ
466 3435 655 3490 ματος.

202 3510 286 3564 24.
314 3511 540 3582 Μήποτε
580 3509 635 3564 δὲ
676 3511 770 3564 καὶ
808 3511 869 3564 τό
891 3527 906 3541 ο
949 3528 969 3562 ι
1019 3510 1350 3573 Ἀντανελεϊς
1391 3511 1449 3566 τὸ
1491 3512 1703 3584 πνεῦμα

139 3600 342 3662 αὐτῶν,
379 3600 474 3654 καὶ
514 3599 854 3670 ἐκλείψουσιο
893 3619 913 3652 ›
963 3600 1087 3664 καὶ,
1127 3619 1146 3653 ι
1202 3600 1606 3669 Ἐξαποστελεῖς
1643 3605 1703 3658 τὸ

140 3691 346 3763 πνεῦμά
371 3710 466 3746 σου
487 3732 503 3756 ,
539 3693 633 3746 καὶ
673 3691 1085 3764 κτισθήσονται,
1123 3693 1218 3747 καὶ
1263 3695 1594 3760 ἁνακαινιείς
1643 3696 1706 3750 τὸ

143 3784 418 3852 πρόσωπον
449 3785 554 3855 τῆς
585 3785 723 3856 γῆς,
764 3803 784 3836 r
837 3785 1040 3856 βέλτιον
1077 3785 1420 3856 ὲκληψόμεθα
1462 3788 1567 3840 ἀπὸ
1607 3788 1701 3841 τοῦ

142 3875 464 3947 Πνεῦματος,
489 3877 587 3931 καὶ
615 3875 1085 3948 ὑπολαμϐάνοιμεν
1108 3878 1241 3948 (77),
1267 3879 1348 3931 ὅτι
1373 3881 1400 3931 ὁ
1433 3881 1705 3952 στερισκό-

143 3984 291 4035 μενος
319 3967 415 4021 τοῦ
441 3967 590 4021 θείου
617 3969 931 4039 Πνεύματος
953 3967 1131 4039 χοῖκὸς
1152 3968 1378 4037 γίνεται,
1405 3969 1704 4040 ἐπιτήδειόν

136 4075 192 4110 τε
221 4059 409 4114 ἑαυτὸν
445 4060 677 4130 ποιήσας
715 4059 850 4130 πρὸς
885 4057 1194 4130 παραδοχὴν
1221 4059 1382 4112 αὐτοῦ
1407 4099 1422 4124 ,
1467 4061 1562 4112 καὶ
1611 4059 1706 4113 λα-

138 4149 238 4202 δὼν
267 4151 400 4206 αὐτὸ
431 4149 886 4222 ἁνακτισθήσεται
911 4151 1006 4204 καὶ
1037 4151 1543 4223 ἀνακαινισθήσεται
1569 4152 1702 4225 (78).

198 4269 243 4300 ³⁸
271 4268 416 4324 Psal.
450 4284 614 4331 “vt,
645 4268 695 4322 i.
770 4267 814 4299 ”
852 4265 1015 4323 Hebr.
1045 4283 1142 4334 xu,
1169 4267 1256 4322 29.
1334 4267 1381 4299 “
1411 4267 1428 4321 l
1457 4268 1580 4324 Cor.
1632 4285 1692 4324 ιιι

1908 4271 1951 4302 ιί
1975 4268 2141 4326 Hebr.
2165 4286 2266 4336 xu,
2291 4269 2384 4325 29.
2457 4272 2500 4302 δ’
2520 4269 2676 4325 Joan.
2707 4284 2780 4336 Iv,
2810 4269 2901 4324 24.

137 4339 186 4394 6.
257 4339 373 4371 ⁸³⁸⁸⁸
403 4340 536 4392 ibid.
609 4339 657 4370 ⁸ο
687 4336 828 4392 Psal.
861 4351 978 4400 cm,
1008 4337 1099 4392 29.
1174 4338 1218 4369 “
1244 4338 1371 4393 ibid.
1403 4338 1495 4392 50.

1806 1850 2128 1906 invisibilem
2157 1861 2212 1905 et
2247 1852 2623 1921 incorpoream
2671 1851 2869 1916 lucem,
2894 1847 3054 1919 233
3084 1847 3166 1903 sic
3192 1847 3370 1903 dictus

1805 1956 2029 2017 propter
2068 1944 2178 2000 vim
2222 1923 2559 1999 illuminandi
2600 1942 2788 1999 oculos
2841 1941 3229 2014 intelligibiles.
3262 1941 3372 2010 Ap-

1805 2039 2036 2110 pellatur
2079 2037 2243 2092 etiam
2291 2054 2311 2088 ι
2346 2036 2486 2106 ignis
2543 2035 2997 2100 consumens“,i
3055 2031 3371 2090 considera-

1808 2131 1957 2186 tione
2003 2128 2187 2184 habita
2221 2128 2290 2184 ab
2322 2143 2388 2183 eo
2421 2128 2542 2198 igne
2570 2127 2663 2198 qui
2699 2137 2783 2182 est
2831 2141 3120 2197 corporeus
3154 2134 3210 2181 et
3241 2140 3372 2180 con-

1806 2231 2052 2291 sumptor
2085 2219 2207 2276 talis
2244 2219 2502 2275 materia}.
2537 2217 2727 2274 Simile
2765 2220 3020 2288 quiddam
3054 2217 3186 2272 mihi
3221 2215 3372 2271 vide-

1808 2324 1900 2370 tur
1927 2330 2048 2370 esse
2103 2313 2264 2380 Deus,
2313 2327 2437 2368 cum
2475 2311 2698 2382 spiritus
2736 2311 2936 2368 dicitur
2971 2312 3016 2343 "
3053 2324 3071 2366 :
3113 2310 3369 2381 quoniam

1808 2407 1951 2462 enim
1987 2405 2352 2460 viviﬁcatione
2379 2419 2446 2461 ea
2479 2419 2602 2474 quae
2637 2405 2812 2460 media
2856 2413 2960 2470 est,
2993 2411 3050 2458 et
3077 2417 3199 2472 quae
3221 2415 3373 2457 com-

1807 2497 2044 2554 muniori
2085 2496 2348 2553 vocabulo
2369 2497 2476 2551 vita
2516 2494 2836 2567 appellatur,
2865 2495 3011 2550 dicta
3049 2493 3213 2550 etiam
3245 2507 3370 2547 cor-

1808 2589 2011 2660 poralis
2057 2587 2218 2644 ﬂatus
2251 2588 2373 2643 vitae
2397 2626 2413 2654 ,
2439 2588 2688 2643 viventes
2715 2587 3053 2642 viv’iﬁcamur
3085 2599 3116 2638 a
3145 2584 3372 2655 spiritu;

1811 2682 1935 2738 inde
1963 2689 2235 2751 sumptum
2261 2678 2433 2734 fuisse
2457 2679 2719 2744 arbitror,
2764 2687 2824 2732 ut
2855 2678 3000 2734 Deus
3045 2677 3248 2733 ducens
3277 2692 3376 2733 nos

1808 2774 1877 2830 ad
1905 2774 2070 2828 vitam
2107 2787 2316 2838 veram,
2355 2773 2580 2843 spiritus
2631 2771 2863 2827 dicatur.
2911 2772 3150 2840 Spiritus
3202 2772 3372 2836 enim,

1809 2881 1966 2924 more
1994 2881 2162 2922 sacra:
2206 2864 2527 2936 Scriptum,
2549 2866 2746 2922 dicitur
2773 2867 2825 2920 id
2855 2864 2999 2936 quod
3045 2862 3284 2919 viviﬁcat
3303 2863 3372 2928 “,

1811 2976 1919 3017 non
1953 2975 2019 3015 ea
2052 2958 2444 3024 viviﬁcatione,
2476 2972 2595 3029 qua:
2624 2969 2707 3013 est
2729 2957 2930 3023 media,
2957 2954 3054 3012 sed
3082 2955 3329 3010 diviniori
3355 2973 3370 3020 ;

1809 3054 2008 3111 etenim
2033 3052 2214 3109 littera
2232 3051 2433 3108 occidit
2451 3051 2589 3117 δ”-⁸⁸,
2612 3051 2962 3121 etingenerat
2987 3058 3236 3116 mortem,
3267 3065 3373 3104 non

1807 3161 1930 3201 eam
1959 3159 2081 3214 quae
2108 3153 2191 3199 est
2217 3143 2486 3212 separatio
2537 3143 2731 3198 anima:
2757 3157 2788 3195 a
2825 3155 3073 3211 corpore,
3102 3141 3198 3197 sed
3227 3156 3375 3196 mor-

1807 3245 1918 3291 tem
1955 3250 2079 3305 qua:
2127 3235 2366 3290 animam
2401 3251 2432 3290 a
2471 3234 2582 3291 Deo
2607 3242 2663 3291 et
2692 3233 2921 3288 Domino
2965 3247 3066 3288 suo
3100 3242 3155 3288 et
3181 3243 3372 3290 sancto

1807 3328 2012 3402 Spiritu
2037 3337 2278 3400 separat.

1877 3508 1970 3565 24.
2008 3508 2140 3566 Vide
2170 3509 2334 3581 igitur
2353 3525 2420 3566 ne
2445 3512 2585 3565 forte
2609 3508 2737 3565 illud
2769 3523 2786 3565 :
2822 3527 2843 3562 ι
2873 3507 3101 3564 Auferes
3119 3508 3370 3578 spiritum

1808 3601 1876 3656 ab
1915 3600 2014 3668 eis,
2041 3609 2095 3656 et
2134 3601 2388 3657 deﬁcient
2411 3602 2494 3668 ⁸⁰;
2527 3621 2546 3655 ι
2581 3612 2638 3659 et
2680 3601 2851 3657 illud:
2887 3619 2908 3653 ι
2947 3600 3188 3656 Εηιίιιοεη
3212 3599 3374 3671 spiri-

1810 3699 1919 3745 tum
1950 3701 2120 3755 tuum,
2154 3703 2210 3748 et
2247 3693 2602 3758 creabuntur,
2637 3699 2692 3749 et
2715 3691 3007 3748 renovabis
3033 3691 3227 3747 faciem
3259 3700 3370 3746 ter-

1806 3799 1882 3840 ra:
1899 3785 1970 3849 “,
1995 3804 2014 3838 ι
2053 3784 2244 3841 melius
2275 3799 2667 3854 exponeremus
2695 3787 2762 3841 de
2790 3785 2974 3840 divino
3003 3783 3227 3854 Spiritu,
3257 3783 3372 3838 exi-

1807 3875 2092 3930 stimantes
2123 3876 2268 3943 quod
2299 3875 2392 3945 qui
2435 3874 2681 3945 privatur
2709 3875 2892 3930 divino
2937 3873 3164 3943 Spiritu,
3198 3881 3371 3927 terre-

1809 3981 1912 4022 nus
1946 3965 2249 4033 elliciatur;
2286 3981 2409 4022 cum
2441 3975 2633 4022 contra
2673 3965 2764 4036 qui
2793 3977 2976 4033 aptum
3017 3964 3253 4033 seipsum
3283 3961 3370 4027 [e-

1808 4059 1948 4114 cerit
1971 4064 2040 4115 ad
2070 4060 2468 4128 susceptionem
2498 4056 2691 4129 ipsius,
2725 4069 2778 4112 et
2808 4072 2930 4112 eum
2960 4055 3252 4125 acceperit,
3277 4067 3369 4108 re—

1811 4162 2038 4208 novetur
2069 4163 2124 4207 et
2152 4153 2327 4207 denuo
2354 4159 2592 4207 creetur.
2634 4149 2950 4222 Huiusmodi
2983 4147 3239 4217 quiddam
3285 4153 3372 4202 est

2975 4267 3022 4300 ⁴³
3049 4265 3092 4321 ll
3116 4265 3244 4322 Cor.
3285 4280 3368 4330 III,

201 4429 311 4501 (74)
338 4428 472 4510 ⁵Τοῦ
506 4428 618 4484 νοῦ
645 4429 906 4510 μοράτου
945 4427 1102 4498 ἡμᾶς
1127 4429 1699 4510 ⁸,αὐξόν-,ιῖνσιξολαδᾳίῗὰτ

1880 4429 2165 4510 ;_Gr:_ecum
2194 4444 2302 4484 non
2334 4439 2456 4484 est:
2487 4429 2735 4510 ὑπιόντος
2757 4425 2902 4510 quod
2932 4426 3132 4510 legisse
3155 4424 3369 4510 yitLeill!

137 4517 259 4553 νειν
281 4497 531 4568 φῶς-η...
563 4499 659 4554 καὶ
699 4499 929 4568 πρέπον
971 4516 1039 4568 γε
1081 4497 1161 4565 τῷ
1206 4499 1398 4567 Κυρίῳ
1452 4497 1582 4554 ἐστὶ
1634 4501 1699 4554 τὸ

137 4571 472 4624 ἀναλίσκον
505 4569 577 4624 τὰ
601 4569 864 4633 τοιαῦτα,
894 4579 1002 4623 etc.
1055 4569 1145 4623 Sic
1197 4569 1341 4623 hunc
1393 4569 1590 4632 locum,
1646 4571 1699 4624 in

137 4642 316 4695 codice
343 4639 522 4708 Regio
550 4641 749 4694 misere
801 4639 1038 4693 luxatum
1071 4649 1126 4693 et
1160 4639 1399 4693 hiatibus
1455 4639 1698 4707 plenum,

139 4710 351 4764 sanitati
407 4709 749 4764 restituimus
793 4711 990 4779 partim
1021 4725 1086 4764 ex
1134 4709 1322 4764 codicc
1382 4708 1698 4773 Bodleiano,

138 4781 328 4849 partim
363 4795 428 4832 ex
462 4780 781 4849 Barberino.

201 4849 317 4918 (75)
361 4849 532 4904 Ἐπεί
551 4847 662 4918 τὰρ
699 4851 786 4915 είς
807 4850 944 4918 τήν,
969 4857 1074 4904 etc.
1114 4847 1286 4904 Locus
1308 4849 1397 4904 liic
1417 4848 1702 4903 curatione

139 4918 356 4989 indiget,
396 4935 564 4989 quam
601 4935 667 4973 ex
705 4919 979 4989 codicibus
1019 4919 1223 4974 nostris
1268 4934 1398 4989 mss.
1456 4918 1547 4989 vix
1595 4918 1697 4989 sibi

137 4987 552 5057 quis'spnndere
583 4988 770 5058 possit.
797 4989 878 5043 Ad
904 4991 1201 5058 marginem
1247 4988 1452 5043 codicis
1496 4987 1699 5042 Barbe-

141 5060 238 5130 rini
261 5070 316 5111 et
345 5057 623 5130 Bodleiani
660 5058 856 5130 legitur
889 5075 904 5110 :
940 5058 1095 5130 Ἐπεὶ
1144 5057 1253 5130 γάρ
1298 5059 1346 5110 οἱ
1388 5058 1700 5130 τὴνμμέσην

139 5128 562 5201 καὶκοινότερον
598 5126 944 5201 καλουμένην
991 5127 1135 5201 ζωὴν
1161 5126 1164 5127 ν
1188 5126 1386 5192 ζῶντες
1425 5126 1538 5201 τοῦς
1574 5126 1701 5198 περὶ

139 5200 278 5270 ἡμᾶς
465 5197 653 5270 ματος,
858 5197 1197 5270 καλουμένην
1250 5197 1700 5270 σωματικώτερον

143 5269 304 5338 πνοὴν
339 5267 515 5337 ζωῆς,
544 5267 975 5340 ζωοποιούμεθα,
1008 5267 1162 5340 μοι,
1197 5267 1360 5337 quam
1413 5267 1698 5340 lectionem

140 5336 350 5408 secutus
379 5336 601 5408 videtur
642 5336 942 5408 Ferrarius.
1005 5336 1283 5393 Perionius
1323 5353 1419 5405 pro
1467 5337 1701 5408 ὁρῶντες

143 5406 331 5472 legisse
353 5407 571 5462 videtur
597 5407 866 5472 ὑπιόντος,
927 5408 1006 5461 sic
1060 5418 1238 5462 autem
1304 5406 1698 5461 totum’locuin

143 5476 528 5545 interpretatus
552 5487 634 5532 est
662 5493 678 5532 ι
708 5496 726 5528 ι
751 5477 1013 5543 Quoniam
1037 5477 1180 5532 enim
1206 5492 1329 5531 eum
1360 5478 1413 5530 in
1445 5477 1696 5541 mediam,

142 5555 195 5598 et
230 5547 281 5600 in
305 5561 453 5610 eam,
486 5563 608 5614 quae
633 5547 827 5616 saepius
852 5547 959 5601 vita
986 5547 1306 5615 appellatur,
1340 5546 1564 5614 spiritus
1603 5547 1699 5613 qui

146 5630 240 5669 nos
265 5617 462 5678 ambit,
506 5617 674 5670 intrat
697 5630 764 5669 eo
785 5616 974 5683 spiritu
1001 5618 1140 5682 vitm,
1168 5617 1261 5683 qui
1290 5616 1529 5670 crassior
1561 5616 1701 5670 dici-

149 5693 252 5748 tur,
282 5686 388 5738 vivi
419 5685 735 5739 eilicimura
763 5685 974 5753 spiritu,
1010 5706 1029 5739 ι
1067 5696 1172 5741 ctc.
1192 5685 1258 5741 In
1298 5686 1485 5741 codice
1532 5685 1700 5754 Regio

148 5768 245 5822 pro
267 5755 503 5827 δρῶντες
530 5755 724 5826 legitur
743 5754 1001 5826 όπῶντες,
1034 5764 1091 5812 at
1138 5756 1481 5826 participium
1534 5755 1700 5812 ὀπῶν-

1802 4492 2102 4558 Perionius.
2133 4514 2296 4554 sensu
2317 4510 2487 4566 caret,
2517 4501 2751 4567 itemque
2776 4492 3010 4567 ὁρῶντες
3034 4494 3190 4548 codd.
3212 4492 3365 4567 Bod-

1801 4571 1961 4626 leiani
1985 4581 2041 4624 et
2063 4570 2366 4625 Barberini.
2394 4564 2531 4624 Aliis
2551 4564 2684 4638 ergo
2717 4564 3076 4638 ρινοὸρῶντες
3118 4565 3366 4638 scriben-

1801 4643 1926 4712 dum
1944 4641 2164 4712 rvidetur
2188 4640 2444 4712 δρῶντος,
2462 4655 2532 4712 ac
2552 4635 2774 4712 vertunt
2803 4635 3042 4712 ad_'_hun_(_:
3087 4635 3315 4712 modum
3348 4652 3362 4687 :

1805 4730 1825 4762 ι
1860 4710 1991 4766 Tale
2021 4709 2148 4780 quid
2204 4703 2334 4765 mihi
2388 4703 2599 4764 videtur
2629 4718 2692 4780 et
2733 4711 2798 4761 de
2847 4705 2974 4761 illo:
3009 4703 3372 4780 Spiritusest.

1801 4780 1960 4836 Deus.
1999 4775 2198 4834 {Nam
2250 4781 2375 4849 quia
2413 4796 2534 4835 cum
2565 4778 2790 4849 spiritus
2822 4785 3006 4832 noster
3033 4783 3256 4849 spectet
3297 4775 3363 4826 ad

1802 4852 2078 4922 mediam,
2137 4859 2192 4904 et
2234 4846 2538 4922 jmlgarius
2598 4846 2940 4922 appeliatam
2995 4847 3184 4922 vitam,
3243 4860 3365 4914 qua:

1800 4921 1972 4990 magis
2003 4914 2614 4990 corporaliter'vocatur
2637 4914 2794 4990 ilatus
2834 4919 2978 4990 vitae,
3026 4914 3364 4990 viviﬁcainur

1799 5005 1830 5042 a
1865 4986 2058 5062 spiritu
2078 4986 2256 5062 {inde
2289 5001 2562 5062 sumptum
2586 4987 2754 5062 fuisse
2793 4987 3060 5062 arbitror,
3103 4986 3350 5062 ut_Deus,

1799 5055 1911 5127 qui'
1935 5074 2033 5114 nos
2058 5061 2206 5114 ducit
2252 5061 2318 5115 ad
2364 5055 2548 5115 veram
2612 5057 2798 5127 vitam,
2848 5057 3073 5127 spiritus
3128 5055 3367 5127 dicatur.

1799 5124 2036 5198 Spiritus
2074 5130 2216 5184 enim
2240 5132 2540 5186 secundum
2580 5125 2915 5198 Scripturam
2956 5126 3155 5181 dicitur
3182 5124 3359 5180 viviﬁ-

1800 5197 1947 5265 care,
1977 5199 2136 5266 plane
2186 5215 2292 5254 non
2320 5197 2680 5255 vivilicatione
2724 5197 2922 5262 media,
2956 5198 3050 5252 sed
3101 5211 3187 5262 ea,
3235 5210 3356 5265 qua:

1800 5269 2033 5324 divinior
2059 5279 2162 5323 est.
2203 5290 2223 5322 ι
2453 5301 2466 5317 .

1893 5339 1982 5407 76)
2009 5340 2170 5395 Κατὰ
2214 5341 2341 5396 τόν.
2371 5339 2532 5394 Deest
2566 5339 2620 5393 in
2648 5337 2847 5407 codice
2869 5333 3058 5405 Regio.

1894 5405 2680 5532 I'?7)If{ul.r):zo.1ap6dromsr.
2739 5405 2852 5461 Καί
2904 5408 3242 5462 desideratur
3299 5407 3354 5462 in

1905 5494 1983 5532 rce
2059 5497 2198 5532 eam.

1799 5494 1983 5536 οοαιοο
2008 5494 2198 5536 nemo.

2008 5497 2628 5617 ἶεὲόῗαινισθήσεται.
2649 5549 2742 5604 Sic
2771 5559 2916 5605 recte
2948 5550 3149 5603 habent
3194 5547 3350 5602 codd.

1801 5620 2130 5693 Bodleianus
2156 5634 2208 5675 et
2234 5622 2581 5689 Barberinus,
2606 5621 2658 5675 in
2692 5620 2862 5691 Regio
2911 5633 3187 5693 per-peram
3223 5621 3351 5689 legi-

1803 5703 1856 5750 ιυ
1869 5707 1892 5748 ι·
1913 5691 2236 5762 σωθήσεται.
