3702 6142
257 265 362 318 ιδο

1702 269 2024 325 ORIGENIS

3384 275 3500 329 ΗΟ

257 385 388 441 illud
415 387 505 441 5’:
547 405 564 438 ι
591 385 884 442 lnsuﬂlavit
925 387 976 441 in
1013 386 1209 443 faciem
1248 391 1369 462 ejus
1415 393 1597 448 ﬂatum
1652 398 1811 460 vitae,

1996 391 2164 444 ιοῦτον
2208 392 2252 445 δ’
2304 392 2372 446 ἂν
2411 393 2494 462 είεη
2534 395 2626 447 καὶ
2666 393 2763 446 τό·
2816 410 2833 444 ι
2889 393 3252 466 Ἐνειρύσησεν
3300 397 3380 459 είς
3435 397 3501 449 τὸ

255 489 313 533 et
345 477 516 531 factus
545 487 630 532 est
652 484 814 532 homo
844 481 896 533 in
925 482 1159 536 animam
1194 483 1502 538 viventem:
1539 504 1559 537 ι
1596 485 1730 540 adeo
1759 498 1817 539 nt

254 582 310 625 et
345 572 776 640 inspirationetn,
819 584 875 628 et
921 575 1109 630 ﬂatum
1142 578 1287 643 vitae,
1322 591 1377 635 et
1421 582 1584 636 vitam
1618 583 1816 636 animae

258 663 616 732 apiritualiter
645 665 1028 735 intelligamus.
1055 669 1317 736 Quoniam
1355 683 1535 729 autem
1567 677 1653 730 vis
1681 692 1814 745 pra:-

258 762 397 813 dicta
462 772 615 815 nacta
677 763 912 818 animam
973 767 1178 832 sancti,
1231 771 1383 837 quasi
1436 772 1814 828 domunculam

260 862 463 921 aptam,
500 856 733 924 seipsam
767 857 988 911 exhibet
1026 861 1093 914 ad
1147 863 1596 930 permanendum,
1631 875 1692 920 ut
1740 866 1812 919 ita

259 945 470 1014 loquar,
498 945 549 998 itt
579 961 665 1010 ea.
699 956 754 1003 et
801 958 1023 1018 propter
1057 951 1160 1005 hoc
1207 952 1335 1007 illud
1380 957 1643 1025 scriptum
1695 972 1815 1014 esse

257 1038 420 1090 etiam
454 1038 867 1094 existimandum
897 1041 1080 1096 est”:
1122 1061 1140 1094 ι
1171 1042 1488 1102 lnbabitabo
1538 1048 1589 1101 in
1631 1050 1730 1112 eis,
1763 1059 1816 1105 ct

257 1127 610 1184 deambulaho
657 1132 796 1186 inter
850 1133 1016 1202 ipsos,
1050 1145 1104 1189 et
1134 1151 1230 1191 ero
1275 1137 1382 1193 illis
1421 1140 1579 1205 Deus,
1609 1151 1662 1195 et
1715 1143 1814 1210 ipsi

257 1228 420 1275 erunt
471 1221 599 1274 mihi
649 1222 874 1290 populus
904 1242 919 1277 :
955 1243 972 1275 ι
1016 1226 1182 1280 multa
1235 1243 1366 1282 sane
1425 1231 1816 1287 exercitatione

256 1324 497 1378 egemus,
522 1321 576 1364 ut
598 1313 816 1381 perfecti
841 1323 896 1368 et
916 1318 1196 1372 exercitati
1230 1320 1281 1374 itt
1307 1321 1390 1375 his
1418 1338 1539 1392 quae
1561 1323 1817 1379 Paulus“

261 1409 417 1454 vocat
456 1405 720 1467 sensoria,
763 1405 1060 1474 dijudiearo
1095 1411 1364 1478 possimus
1396 1414 1536 1468 bona
1565 1425 1617 1468 ct
1653 1415 1814 1480 mala,

261 1501 384 1539 vera
413 1497 466 1541 et
501 1488 658 1556 falsa,
697 1491 986 1562 ridereque
1019 1496 1370 1567 intelligibilia
1396 1542 1411 1565 ,
1441 1517 1548 1572 quo
1586 1504 1816 1574 diligen-

259 1580 385 1643 tius,
411 1591 465 1634 et
495 1589 552 1634 ut
585 1583 691 1636 Deo
732 1585 900 1654 magis
933 1595 1017 1640 est
1064 1588 1282 1658 decens,
1309 1593 1471 1665 234
1493 1595 1644 1662 juxta
1671 1597 1816 1653 vires

262 1674 510 1726 humanae
569 1684 793 1740 naturae,
858 1678 1156 1750 intelligere
1207 1687 1493 1752 possimus,
1544 1691 1815 1758 quomodo

1925 485 2216 555 πρόσωπον
2233 484 2396 537 αὐτοῦ
2425 485 2591 557 πνοὴν
2626 487 2788 558 ζωῆς,
2824 488 2918 540 καὶ
2957 489 3171 555 ἐγένετο
3211 491 3241 541 ὁ
3282 489 3500 558 ἄνθ-ρω-

1922 593 2021 638 πος
2061 578 2138 640 εἰς
2170 575 2346 647 ψυχὴν
2369 577 2568 641 ζῶσανο
2607 597 2624 628 ι
2651 578 2791 632 ὥστε
2821 581 2915 633 καὶ
2944 579 3005 632 τὸ
3036 580 3356 652 ἐμφύσημα,
3392 583 3497 635 καὶ

1919 669 2017 738 τὴν
2046 670 2211 741 πνοὴν
2233 669 2334 740 τῆς
2360 668 2524 741 ζωῆς,
2555 672 2648 724 καὶ
2689 672 2788 743 τὴν
2815 671 2960 743 ζωὴν
2982 673 3080 743 τῆς
3117 673 3293 744 ψυχῆς
3323 692 3495 727 πνευ-

1924 760 2147 830 ματικὸν
2175 761 2284 832 (79)
2309 762 2524 815 ἀκούειν
2555 764 2722 833 ἡμᾶς.
2769 764 2918 818 Ἐπεὶ
2960 764 3016 817 δὲ
3049 767 3082 836 ἡ
3113 767 3492 837 προειρημένη

1919 850 2144 921 δύναμις
2166 847 2274 905 οἷον
2298 854 2610 925 οἰκητήριον
2652 855 2954 926 ἐπιτήδειον
2995 856 3229 929 εὑροῦσα
3255 859 3356 929 τὴν
3388 857 3500 910 τοῦ

1920 940 2075 1008 ἁγίου
2105 942 2282 1013 ψυχὴν
2300 982 2314 1007 ,
2355 943 2659 998 ἐπιδίδωσιν
2688 945 2882 1017 ἐαυτὴν
2906 950 2972 1018 τῇ
3005 949 3060 1000 ἐν
3087 949 3223 1019 αὐτῇ
3245 992 3259 1014 ,
3301 949 3368 1000 ἵν’
3398 948 3498 1002 οὖ-

1919 1049 2026 1095 τως
2058 1032 2214 1097 εἴπω,
2243 1034 2378 1105 μόνῃ
2401 1035 2706 1106 γεγράφθαι
2726 1029 3005 1108 νομιστέον
3019 1039 3080 1092 τό
3101 1057 3115 1068 ”
3150 1059 3169 1091 ι
3191 1042 3503 1112 Ἐνοικήσω

1921 1122 1978 1174 ἐν
2006 1123 2188 1186 αὐτοῖς
2209 1164 2224 1189 ,
2254 1125 2346 1178 καὶ
2375 1127 2804 1198 ὲμπεριπατήσω
2833 1131 2892 1182 ἐν
2918 1130 3095 1193 αὐτοῖς
3119 1171 3134 1196 ,
3166 1131 3259 1184 καὶ
3288 1130 3496 1201 ἔσομαι

1920 1213 2102 1277 αὐτοῖς
2139 1215 2267 1278 Θεὸς
2289 1255 2304 1281 ,
2343 1218 2436 1270 καὶ
2460 1219 2612 1271 αὐτοὶ
2640 1218 2850 1274 ἔσονταί
2880 1237 2971 1291 μοι
3002 1221 3159 1285 λαόςο
3191 1239 3211 1273 ι
3243 1222 3497 1285 πλείονος

1925 1305 2169 1376 μέντοιγε
2197 1310 2602 1378 συγγυμνασίας
2627 1310 2855 1382 δεόμεθα
2880 1314 2960 1376 είς
2999 1312 3060 1365 τδ
3101 1311 3496 1378 τελειωθέντας

1921 1399 2086 1468 ἡμᾶς,
2105 1403 2199 1452 καὶ
2214 1399 2285 1452 τά
2305 1401 2570 1472 λεγόμενα
2601 1403 2752 1473 παρά
2777 1404 2857 1474 τῷ
2891 1405 3192 1476 Ἀποστόλῳ
3225 1407 3463 1476 αἰσθητή
3477 1438 3498 1446 -

1926 1499 2014 1551 ρια
2034 1485 2510 1554 γεγυμνασμένους
2535 1485 2666 1557 (80),
2687 1487 3050 1558 διακριτικοὺς
3068 1490 3314 1557 γενέσθαι
3347 1491 3498 1558 ἀγα-

1922 1572 2029 1626 θῶν
2052 1589 2112 1626 τε
2145 1575 2236 1626 κα)¹
2268 1574 2473 1641 κακῶν,
2503 1576 2716 1646 ἀληθῶν
2742 1594 2801 1630 τε
2839 1579 2933 1631 καὶ
2960 1579 3199 1648 ψευδῶν,
3231 1582 3325 1634 καὶ
3351 1581 3497 1634 θεω-

1924 1665 2176 1735 ρητικοὺς
2217 1665 2438 1736 νοητῶν,
2474 1667 2558 1720 ἵνα
2592 1666 2903 1739 δυνηθῶμεν
2930 1670 3342 1742 ἐπιμελέστερον
3390 1673 3500 1725 καὶ

261 1761 400 1815 l‘eus
439 1763 509 1817 sit
565 1763 676 1828 lnx,
707 1767 978 1834 quomodo
1033 1768 1195 1838 ignis,
1252 1777 1521 1841 quomodo
1564 1755 1812 1848 spiritus.

1996 1755 2379 1828 ιπρεπέστερον
2407 1758 2546 1812 κατά
2583 1759 2642 1811 τὸ
2669 1759 3012 1830 ἐνδεχόμενον
3035 1763 3350 1835 ἀνθρωπίνῃ
3381 1762 3494 1833 ερύ-

257 1846 398 1910 Quin
432 1847 482 1900 in
511 1847 713 1919 Regum
752 1852 918 1906 tertio
944 1854 1070 1910 talia
1117 1860 1358 1926 quaedam
1391 1865 1456 1918 de
1488 1846 1818 1939 Deoisugge-

262 1937 334 1989 rit
373 1939 580 1993 Domini
622 1942 845 2010 spiritus
895 1947 961 2000 ad
1016 1947 1183 2002 Eliam
1226 1951 1432 2020 factus;
1461 1956 1597 2010 dixit
1625 1937 1815 2013 enim:

267 2045 284 2075 ι
309 2026 608 2097 Egredieris
634 2046 774 2096 cras,
801 2044 853 2089 et
881 2036 1051 2090 stabis
1073 2053 1255 2093 coram
1277 2043 1500 2098 Domino
1525 2047 1578 2100 in
1611 2060 1814 2116 monte,

258 2128 311 2170 ct
336 2133 462 2173 ecce
506 2124 804 2189 praeteribit
853 2126 1145 2196 Dominus,
1179 2141 1234 2185 et
1267 2143 1460 2189 ventus
1490 2153 1735 2208 magnus,
1763 2151 1814 2194 et

259 2208 435 2274 fortis,
466 2210 748 2268 difﬁndens
781 2228 1012 2283 montes,
1037 2230 1093 2275 et
1140 2223 1485 2295 confringens
1518 2239 1702 2298 petras
1725 2247 1817 2285 co-

257 2315 376 2356 ram
412 2302 674 2360 Domino:
700 2322 803 2362 non
839 2308 890 2363 in
918 2320 1078 2366 vento
1111 2311 1367 2370 Dominus
1389 2334 1408 2368 ι
1443 2318 1515 2388 (in
1541 2319 1661 2375 aliis
1690 2337 1817 2377 vero

257 2397 655 2465 exemplaribus
679 2399 1019 2460 invenimus:
1050 2407 1104 2461 ln
1127 2408 1320 2478 spiritu
1346 2409 1576 2484 Domini)
1602 2435 1614 2470 :
1648 2435 1666 2468 ι
1699 2422 1820 2482 post

255 2496 474 2541 ventum
509 2491 816 2557 commotio,
843 2508 947 2548 non
975 2494 1028 2548 in
1055 2500 1414 2554 commotione
1449 2500 1736 2569 Dominus;
1765 2513 1820 2560 et

256 2586 376 2643 post
401 2579 809 2635 commotionem
829 2582 988 2652 ignis,
1011 2599 1114 2638 non
1141 2585 1192 2639 in
1231 2586 1352 2654 igne
1377 2589 1669 2656 Dominus;
1697 2599 1820 2658 post

259 2669 436 2736 ignem
485 2678 685 2737 autem,
719 2685 820 2725 vox
856 2687 1000 2727 aurae
1047 2676 1224 2730 tenuis
1253 2677 1330 2740 ⁵³;
1363 2695 1381 2728 ι
1415 2688 1469 2732 et
1497 2679 1728 2735 fortasse
1760 2681 1812 2736 in

258 2761 476 2827 quantis
504 2772 752 2831 Oporteat
778 2777 876 2819 nos
897 2767 1100 2818 versari
1127 2782 1224 2834 pro
1250 2772 1624 2838 cognoscendo
1650 2782 1815 2840 atque

257 2853 709 2920 apprehendendo
739 2855 984 2917 Domino,
1015 2856 1322 2913 declaratur
1353 2875 1447 2915 uer
1474 2861 1589 2917 haec
1627 2866 1815 2932 ferba,

256 2963 376 3010 quae
399 2963 502 3003 non
521 2955 604 3004 est
632 2951 915 3018 prasentis
939 2951 1196 3018 temporis
1211 2967 1489 3009 enarrare.
1514 2954 1814 3020 Quemnam

258 3049 437 3094 autem
472 3042 651 3096 decuit
703 3042 770 3096 de
815 3041 924 3098 Deo
971 3044 1154 3098 dicere
1211 3046 1369 3101 nobis
1419 3048 1667 3115 quisnam
1722 3051 1814 3116 sit,

257 3143 454 3200 praeter
483 3133 674 3188 Filium
693 3135 719 3188 ’ἶ
747 3134 879 3189 Nam
907 3155 924 3186 ι
954 3137 1164 3192 Patrem
1198 3154 1357 3192 nemo
1385 3140 1551 3207 novit,
1589 3141 1700 3195 nisi.
1729 3139 1818 3194 Fi-

258 3224 364 3279 lius
391 3227 457 3292 ",
489 3247 510 3280 ι
546 3237 602 3282 ιιι
623 3229 788 3284 etiam
815 3246 933 3295 nos,
971 3232 1245 3286 revelante
1273 3229 1431 3295 Filio,
1457 3247 1819 3301 agnoscamus

257 3331 494 3385 quonam
545 3331 702 3389 pacto
750 3322 888 3376 Deus
916 3325 989 3378 sit
1039 3321 1299 3392 Spiritus,
1333 3330 1388 3376 et
1428 3325 1819 3379 contendamus

259 3407 426 3464 Deum
458 3411 685 3467 adorare
712 3413 765 3467 in
814 3415 1004 3483 spiritu
1041 3415 1371 3482 viviﬁcante,
1409 3431 1513 3470 non
1544 3417 1596 3470 in
1639 3416 1816 3470 littera

259 3503 560 3569 occidente,
589 3519 821 3575 eumque
846 3505 1032 3564 colere
1060 3506 1115 3560 in
1145 3508 1392 3573 veritate,
1440 3524 1545 3563 non
1587 3507 1818 3578 amplius

259 3591 314 3644 in
366 3592 550 3663 ﬁguris
595 3605 648 3650 et
698 3595 1116 3665 exemplaribus,
1144 3598 1368 3665 perinde
1409 3609 1570 3669 atque
1618 3599 1815 3668 angeli,

257 3685 347 3753 qui
385 3701 489 3739 non
516 3687 913 3756 exemplaribus
944 3696 998 3743 et
1027 3689 1215 3744 umbra
1247 3689 1547 3746 cmlestium
1589 3691 1697 3746 Deo
1727 3692 1818 3747 de-

258 3777 501 3831 serviunt
520 3778 588 3843 5",
617 3781 710 3834 sed
741 3781 900 3835 rebus
930 3781 1360 3853 intelligibilibus
1397 3794 1451 3837 et
1483 3783 1816 3852 superctele-

256 3869 462 3924 stibus:
490 3886 757 3926 summum
791 3873 941 3928 illum
979 3875 1332 3930 Sacerdotem
1355 3876 1647 3930 secundum
1671 3875 1817 3930 ordi-

256 3975 378 4014 nem
412 3961 804 4021 Melchisedech
830 3983 927 4036 pro
949 3968 1221 4041 orantium
1253 3976 1414 4037 atque
1439 3969 1707 4038 egentium
1731 3984 1817 4023 sa-

258 4051 389 4113 lute.
425 4054 681 4110 habentes
710 4058 902 4111 ducem
936 4058 1115 4114 cultus
1139 4060 1350 4130 mystici
1378 4070 1543 4130 atque
1571 4059 1817 4114 ineifabi-

255 4143 322 4201 lis
344 4145 588 4200 visionis.

324 4327 414 4382 25.
453 4326 598 4382 Sane
621 4327 672 4381 in
702 4342 763 4382 ea
794 4329 990 4384 verba:
1016 4330 1296 4399 «Spiritus
1323 4340 1404 4386 est
1425 4331 1564 4387 Deus
1584 4332 1648 4396 ⁵⁸,
1677 4352 1694 4385 ι
1729 4333 1814 4386 in-

1921 1865 2000 1900 σει
2029 1849 2216 1916 νοῆσαι
2259 1850 2376 1913 πῶς
2416 1853 2560 1904 ἐστιν
2599 1853 2627 1903 ὁ
2677 1852 2809 1916 Θεὸς
2857 1852 3009 1920 φῶς,
3061 1854 3154 1906 καὶ
3187 1853 3298 1925 πῦρ
3323 1894 3337 1916 ,
3389 1855 3496 1907 καὶ

1918 1941 2151 2011 πνεῦμα.
2181 1942 2289 1995 Καὶ
2320 1944 2377 1994 ἐν
2409 1945 2473 2014 τῇ
2501 1943 2656 2014 τρίτῃ
2699 1943 2754 1996 δέ
2796 1944 2902 1997 τῶν
2927 1945 3220 2000 Βασιλειῶν
3245 1947 3307 1998 τὸ
3335 1947 3496 2014 γενό-

1920 2050 2076 2103 μενον
2109 2035 2325 2105 πνεῦμα
2363 2037 2568 2107 Κυρίου
2605 2037 2739 2108 πρὸς
2776 2037 2959 2090 Ἠλίαν
2991 2039 3166 2091 τοιάδε
3193 2040 3315 2092 τινὰ
3353 2041 3492 2092 ὁποι

1917 2125 2099 2179 ϐάλλει
2131 2129 2258 2198 περὶ
2301 2127 2435 2181 Θεοῦ
2456 2145 2468 2158 ·
2515 2124 2634 2180 εἶπε
2666 2129 2773 2199 γάρ
2796 2147 2809 2160 ο
2875 2149 2893 2182 ι
2957 2129 3243 2203 Ἐξελεύσῃ
3271 2130 3490 2201 αὔριον,

1918 2218 2011 2271 καὶ
2037 2220 2206 2289 στήσῃ
2233 2218 2410 2272 ἔναντι
2428 2220 2630 2291 Κυρίου
2662 2222 2718 2273 ἐν
2745 2220 2823 2291 τῷ
2845 2221 2958 2292 δρει
2976 2238 2990 2251 ο
3024 2221 3131 2274 ἰδοὺ
3157 2221 3494 2292 παρελεύσε-

1917 2326 2008 2362 ται
2042 2309 2266 2380 Κύριος,
2296 2310 2392 2363 καὶ
2420 2309 2634 2381 πνεῦμα
2658 2311 2821 2382 μέγα,
2847 2312 2938 2364 καὶ
2964 2311 3242 2382 κραταιὸν,
3269 2312 3491 2364 διαλύον

1917 2399 2039 2471 ὅρη,
2087 2401 2180 2452 καὶ¹
2225 2400 2505 2472 συντρίὸον
2555 2402 2758 2474 πέτρας
2804 2402 3031 2455 ἐνώπιον
3094 2403 3329 2474 Κυρίουο
3381 2400 3496 2458 οὐκ

1917 2494 1976 2545 ἐν
2004 2492 2082 2564 τῷ
2112 2491 2382 2562 πνεύματι
2411 2493 2613 2565 Κύριος
2644 2514 2662 2548 ι
2701 2497 2780 2565 (ἐν
2805 2496 2861 2549 δὲ
2891 2497 3068 2560 ἄλλοις
3095 2496 3326 2568 εὕρομεν
3343 2496 3484 2568 (81)·

1936 2584 2024 2638 Ἐν
2045 2586 2120 2654 τῷ
2160 2587 2421 2653 πνεύματι
2447 2584 2684 2658 Κυρίου)
2708 2604 2722 2618 σ
2752 2605 2770 2638 ι
2827 2587 2967 2658 μετά
2999 2589 3060 2642 τὸ
3101 2588 3316 2658 πνεῦμα
3352 2605 3489 2642 συσ-

1921 2675 2160 2746 σεισμὸς,
2193 2678 2292 2748 οὐκ
2320 2679 2377 2730 ἐν
2399 2676 2476 2748 τῷ
2499 2679 2810 2749 συσσεισμῷ
2831 2679 3063 2752 Κύριοςο
3094 2681 3187 2734 καὶ
3226 2683 3362 2751 μετὰ
3391 2681 3489 2734 τὸν

1921 2767 2247 2837 συσσεισμὸν
2279 2768 2409 2839 πῦρ,
2449 2769 2548 2822 οὐκ
2593 2771 2650 2821 ἐν
2684 2769 2759 2839 τῷ
2785 2773 2916 2843 πυρὶ
2946 2773 3148 2844 Κύριος
3171 2790 3184 2801 ·
3219 2774 3314 2825 καὶ
3345 2773 3492 2842 μετά

1918 2855 1979 2910 τὸ
2002 2857 2112 2928 πῦρ
2142 2857 2291 2929 φωνὴ
2326 2857 2496 2928 αὔρας
2525 2858 2757 2929 λεπτῆςο
2798 2880 2816 2911 ι
2851 2862 2944 2914 καὶ
2971 2863 3111 2933 τάχα
3143 2879 3206 2932 γε
3242 2865 3300 2914 ἐν
3337 2865 3492 2925 ὅσοις

1917 2949 2094 3020 δεήσει
2141 2949 2379 3018 γίνεσθαι
2426 2952 2552 3023 περὶ
2589 2952 2687 3022 τῆς
2744 2954 3099 3024 καταλήψεως
3145 2954 3238 3008 τοῦ
3278 2956 3496 3026 Κυρίου

1918 3041 2169 3112 δηλοῦται
2230 3043 2319 3096 διὰ
2379 3043 2600 3108 τούτων,
2628 3045 2767 3117 ἆπερ
2830 3047 2888 3098 οὐ
2951 3047 3044 3099 τοῦ
3103 3047 3368 3117 παρόντος
3418 3046 3489 3100 ἂν

1919 3131 2002 3201 εἴη
2037 3131 2148 3202 (82)
2179 3133 2370 3203 καιροῦ
2393 3132 2769 3203 διηγήσασθαι.
2801 3135 2932 3188 Τίνα
2971 3135 3029 3190 δὲ
3073 3135 3277 3207 ἔπρεπε
3307 3135 3495 3203 λέγειν

1920 3226 2049 3295 ἡμῖν
2083 3228 2208 3298 περί
2248 3225 2339 3278 τοῦ
2369 3226 2503 3279 Θεοῦ
2522 3269 2537 3292 ,
2565 3228 2714 3292 ὅστις
2742 3229 2888 3282 ἐστὶν
2917 3269 2932 3292 ,
2963 3231 2994 3300 ἢ
3032 3229 3123 3282 τὸν
3171 3231 3299 3283 Υἱόν
3328 3230 3441 3300 (83)
3472 3247 3488 3293 ;

1926 3333 1944 3365 ι
1969 3317 2154 3380 Οὐδεὶς
2179 3317 2289 3389 γὰρ
2310 3317 2449 3387 ἔγνω
2472 3319 2562 3372 τὸν
2589 3321 2804 3393 Πατέρα
2837 3323 2883 3374 εί
2919 3321 2991 3392 μὴ
3012 3323 3040 3374 ὁ
3065 3322 3243 3385 Heg,»
3273 3322 3359 3374 ἵνα
3389 3324 3489 3374 καὶ

1918 3408 2578 3479 ⁴ἡμεῖς,ἀποκαλύπτοντος
2601 3411 2692 3464 τοῦ
2717 3411 2865 3474 Υἰοῦ,
2886 3411 3101 3482 γνῶμεν
3126 3411 3242 3474 πῶς
3269 3413 3497 3482 πνεῦμά

1919 3500 2066 3552 ἐστιν
2105 3499 2308 3562 ὁΘεὸς,
2349 3499 2445 3552 καὶ
2479 3499 2957 3572 φιλοτιμησώμεθα
2989 3503 3048 3553 ἐν
3092 3501 3364 3572 πνεύματι
3407 3502 3490 3571 τῷ

1920 3589 2284 3654 ζωοποιοῦντι,
2312 3591 2406 3644 καὶ⁹
2441 3592 2514 3662 μὴ
2537 3592 2821 3663 γράμματι
2849 3591 2926 3662 τῷ
2949 3592 3317 3645 ἀποκτείνοντι
3351 3592 3491 3662 (84),

1919 3685 2239 3752 προσκυνεῖν
2283 3683 2372 3735 τὸν
2414 3681 2568 3747 Θεὸν,
2616 3684 2708 3736 καὶ
2753 3683 2810 3736 ἐν
2849 3682 3071 3754 ἀληθείᾳ
3099 3683 3274 3736 σέϐειν
3297 3684 3488 3746 αὑτὸν,

1917 3776 2011 3828 καὶ
2038 3775 2232 3845 μηκέτι
2257 3775 2466 3839 τύποις,
2500 3775 2632 3846 μηδὲ
2659 3778 2834 3838 σκιαῖς
2865 3775 2999 3845 (85),
3033 3775 3127 3828 καὶ
3151 3775 3492 3844 ὑποδείγμα-

1919 3885 2021 3930 σιν,
2045 3869 2230 3940 ὥσπερ
2263 3868 2381 3921 οὐδέ
2401 3871 2448 3920 οἱ
2473 3867 2689 3936 ἄγγελοι
2712 3868 3068 3937 ὑποδείγμασι
3096 3868 3189 3920 καὶ
3211 3869 3338 3937 σκιᾷ
3358 3869 3492 3939 περὶ

1917 3959 2216 4032 ἀνθρώπων
2238 3960 2344 4030 (86)
2369 3959 2688 4030 λατρεύουσι
2710 3960 2786 4029 τῷ
2805 3959 2942 4029 Θεῷ,
2975 3958 3109 4012 ἀλλά
3133 3962 3244 4022 τοῖς
3272 3963 3492 4029 νοητοῖς

1917 4051 2008 4104 καὶ
2031 4051 2390 4122 ἐπουρανίοις,
2429 4049 2520 4102 τὸν
2544 4049 2685 4101 κατὰ
2706 4048 2804 4118 τὴν
2842 4049 2991 4115 τάξιν
3021 4047 3115 4102 τοῦ
3152 4049 3492 4119 Μελχισεδὲκ

1916 4143 2175 4215 ἀρχιερέα
2205 4141 2395 4213 ὁδηγὸν
2447 4140 2658 4210 ἔχοντες
2705 4141 2809 4192 ὑπὸ
2843 4139 2950 4192 τῶν
2992 4141 3258 4211 δεομένων
3307 4158 3491 4211 σωτη-

1917 4239 2036 4310 ρίας
2069 4237 2335 4308 λατρείας,
2359 4234 2451 4288 καὶ
2473 4235 2735 4304 μυστικῆς
2769 4233 2862 4286 καὶ
2888 4235 3194 4305 ἀπορρήτου
3231 4234 3493 4305 θεωρίας.

1983 4329 2073 4382 25.
2111 4329 2204 4392 Εἰς
2255 4328 2498 4398 μέντοιγε
2525 4325 2585 4378 τό
2606 4343 2618 4355 ·
2652 4345 2670 4376 ι
2705 4324 2925 4396 Πνεῦμα
2960 4327 2988 4377 ὁ
3019 4325 3170 4388 Θεὸς,
3195 4344 3216 4374 ι
3249 4328 3277 4378 ὁ
3321 4325 3493 4394 Ἠρα-

256 4418 374 4484 quit
425 4417 722 4473 Heracleon
755 4435 775 4471 :
809 4417 1204 4474 «Immaculata
1251 4422 1420 4487 enim,
1461 4430 1516 4476 et
1559 4437 1716 4490 pura,
1759 4433 1812 4476 et

1996 4422 2087 4474 ἑων
2118 4420 2278 4491 φησίν
2304 4437 2317 4449 ·
2361 4419 2689 4489 ιἈχραντος
2714 4417 2840 4488 γὰρ.
2874 4417 2970 4470 καὶ
3012 4415 3246 4488 καθαρὰ,
3267 4417 3361 4468 καὶ
3388 4417 3489 4467 ἀό-

255 4509 539 4565 invisibilis
564 4520 647 4565 est
676 4511 856 4565 divina
901 4512 1076 4581 ipsius
1113 4521 1331 4568 natura.
1360 4531 1379 4565 ι
1413 4513 1517 4568 Sed
1550 4515 1662 4568 haec
1691 4529 1812 4566 cum

359 4647 566 4720 “ﬁGen.
599 4665 662 4720 tt1
686 4649 737 4703 7.
815 4649 862 4682 ⁸⁸
891 4649 929 4703 Il
954 4649 1078 4704 Cor.
1103 4650 1316 4720 ",16;
1347 4636 1518 4706 Levit.
1554 4667 1733 4719 xxxvt,
1762 4655 1847 4707 12.
1923 4654 1969 4685 ’δ’
2000 4652 2162 4707 Hebr.
2195 4667 2252 4717 ν,
2282 4651 2370 4705 M.
2446 4649 2493 4682 "
2522 4648 2584 4703 Ill
2612 4649 2739 4720 Reg.
2777 4647 3107 4714 x1x,H,i?..

252 4733 329 4781 χι,
352 4719 445 4772 ‘27.
548 4719 592 4750 ⁵⁷
620 4719 785 4774 Hebr.
819 4735 936 4786 rm,
968 4720 1022 4774 5.
1097 4721 1144 4752 ⁵⁸
1172 4719 1325 4774 Joan.
1357 4737 1427 4790 tv,
1453 4721 1541 4777 24.

321 4836 432 4906 (79)
463 4838 893 4906 Πνευματικόν.
931 4839 1099 4895 Forte
1147 4840 1490 4895 scribendum
1521 4857 1815 4911 πνευματι-

252 4925 385 4969 κως.

327 4976 437 5052 (80)
471 4975 990 5052 Codtl.jBodleiantts
1045 4989 1102 5035 et
1146 4982 1475 5036 Barberinus
1497 5022 1512 5045 ,
1544 4997 1815 5052 γεγυμνα-

254 5048 510 5136 σμέγξλθςέ
540 5045 1234 5136 Ξιθείιιενπεγυμνασμέγα-

325 5116 435 5193 (8!)
459 5116 641 5193 {Iudex
672 5116 1012 5193 Bodleia_nus,
1041 5116 1384 5193 εὑρίσκομεν.

320 5188 434 5258 (82)
465 5188 753 5260 ’Ἃπερνοὺ
796 5188 903 5242 τοῦ
957 5188 1374 5258 παρόντος’ἂν
1402 5192 1521 5260 εἴη.
1567 5193 1643 5248 Ita
1691 5194 1811 5250 cod.

254 5259 620 5324 Bodleianus;
654 5259 850 5321 Regius
875 5273 1155 5326 perperam
1186 5264 1370 5315 omisit
1390 5263 1471 5314 οὑ.

322 5330 432 5399 (85)
470 5330 610 5382 Τίνα
631 5329 700 5382 δὲ
723 5329 941 5398 ἔπρεπε
961 5332 1162 5398 λέγειν
1188 5333 1332 5399 ἡμῖν
1363 5332 1494 5397 περὶ
1519 5333 1623 5385 τοῦ
1642 5333 1814 5398 Θεοῦ,

253 5398 421 5464 ὅστις
449 5399 639 5464 ἐστὶν,
675 5399 713 5468 ἢ
751 5401 858 5453 τὸν
892 5400 1064 5462 Υἱόν;
1093 5400 1182 5454 Sic
1218 5398 1380 5456 habet
1401 5403 1566 5456 codex
1591 5402 1810 5469 Regius,

255 5486 550 5536 sensusque
582 5479 800 5538 apertus
837 5478 956 5534 est;
988 5470 1274 5540 Ferrarius
1326 5485 1452 5524 vero
1499 5485 1626 5540 cum
1671 5472 1814 5540 lege-

257 5549 360 5598 ret,
392 5540 465 5591 ttti
521 5542 747 5593 habetur
802 5541 854 5592 in
902 5540 1060 5594 codd.
1099 5539 1390 5594 Bodleiano
1417 5550 1471 5595 et
1493 5539 1811 5604 Barhet‘ino,

256 5606 388 5680 ξΓινρι
502 5608 707 5680 ἔπρεπε
751 5611 929 5678 λέγειν
969 5612 1099 5679 ἡμῖν
1155 5610 1281 5680 περὶ
1321 5609 1412 5663 τοῦ
1466 5609 1621 5668 Θεοῦ.
1666 5611 1815 5674 ὅστις

259 5675 483 5740 totum
539 5675 631 5730 τοῦ
669 5675 834 5746 Υἱοῦ,
887 5675 1066 5735 οιιιιίἰει
1115 5675 1453 5746 perturbavit;
1507 5681 1813 5734 vertendo:

1924 4529 2080 4584 ρατος
2108 4513 2143 4582 ἡ
2173 4511 2295 4564 Θεία
2318 4510 2425 4582 (87)
2455 4509 2615 4579 φύσις
2644 4508 2828 4561 αὑτοῦ.
2871 4527 2889 4560 ι
2927 4508 3040 4561 Οὐκ
3067 4503 3181 4560 οἶδα
3209 4507 3265 4560 δὲ
3300 4507 3350 4559 εί
3380 4507 3493 4560 ἐδί-

3207 4648 3253 4680 ⁸⁶
3287 4645 3488 4704 Matth.

1926 4863 1947 4895 ι
1978 4842 2169 4897 Decuit
2195 4848 2372 4894 autem
2405 4853 2501 4893 nos
2539 4838 2711 4907 aliqua
2735 4838 2800 4891 de
2837 4836 2945 4891 Deo
2975 4835 3178 4901 dicere,
3231 4836 3488 4904 quisnam

1921 4915 2013 4978 sit,
2053 4912 2138 4966 vel
2185 4915 2251 4964 de
2295 4909 2432 4963 Filio
2461 4911 2604 4978 (nam
2635 4908 2849 4963 Patrem
2883 4922 3042 4962 nemo
3087 4909 3323 4977 agnovit,
3379 4907 3485 4960 nisi

1920 4981 2411 5061 Filitts),lut‘etia_m
2445 4995 2564 5061 nos,
2599 4999 2618 5030 ι
2665 4989 2770 5061 etc.
2992 5046 3004 5061 '

2137 5050 2316 5126 Qorlex
2351 5049 2694 5126 Bodleiattus,
2718 5049 3114 5126 ἀποκτιννύντι.
3185 5115 3218 5126 η

2019 5114 2109 5192 85)
2149 5120 2314 5188 Μηδὲ
2339 5117 2560 5185 σκιαῖς.
2586 5119 2744 5173 Deest
2779 5119 2831 5172 in
2863 5118 3054 5172 eodem
3101 5115 3288 5171 codice
3343 5114 3488 5171 Bod-

1915 5192 2118 5249 leiano.

1988 5264 2100 5335 (86)
2128 5260 2270 5330 Περὶ
2295 5258 2638 5337 ἀνθρώπων.
2659 5256 2739 5337 με
2784 5257 2979 5337 legitur
3005 5259 3066 5337 in
3098 5265 3276 5337 "textu.
3316 5255 3484 5309 trium

1918 5327 2228 5388 nostrorum
2255 5345 2385 5405 mss.
2415 5331 2470 5382 ltt
2495 5329 2742 5405 margine
2771 5329 2972 5405 codicis
3003 5327 3277 5382 Bodleiani
3297 5339 3486 5405 emen-

1917 5403 2078 5457 datur
2113 5403 2198 5457 his
2228 5399 2406 5454 verbis
2456 5399 2561 5452 τῶν
2590 5395 2947 5469 ἐπουρανίων,
3005 5411 3331 5469 rursumque
3375 5395 3480 5446 alia

1919 5487 2101 5538 manu,
2135 5472 2322 5542 ὥσπερ
2376 5471 2423 5522 οἱ
2473 5466 2768 5538 ἄνθρωποι.
2812 5467 3055 5542 Priorem
3111 5466 3484 5542 conjecturam

1921 5537 2139 5597 secutus
2178 5552 2263 5597 est
2290 5537 2340 5594 in
2371 5554 2468 5594 sua
2506 5537 2953 5608 interpretatione
2984 5537 3285 5608 Ferrarius.

1991 5613 2104 5684 (87)
2131 5611 2300 5669 Codd.
2336 5608 2537 5681 Regius
2559 5618 2612 5665 et
2637 5605 2988 5674 Barbarinus,
3019 5607 3120 5662 ml.
3138 5605 3278 5659 θεία.
