3702 6142
122 277 205 329 411

1137 265 1490 336 casinam.
1530 271 1597 332 IN
1630 276 1822 334 toan.
1860 275 2099 333 Tenus
2134 275 2272 334 xnt.

3217 273 3322 336 tta

121 391 253 458 ῐαξεν
279 391 422 463 ἡμᾶς
453 389 622 445 ταῦτα
659 391 848 456 εἰπὼν,
889 392 1005 456 πῶς
1029 394 1058 447 6
1089 393 1223 459 Θεὸς
1255 396 1472 466 πνεῦμά
1513 398 1650 448 ἐστι’

1807 395 1975 459 serit,
2011 395 2152 449 haud
2200 394 2316 449 scio
2364 408 2432 446 an
2457 391 2707 448 docuerit
2759 407 2857 448 nos
2887 393 3154 463 quomodo
3181 395 3322 450 Deus

121 487 172 538 τὸ
197 486 248 540 δέ
267 500 280 515 ·
319 503 336 534 ι
368 485 500 548 Τοὺς
533 485 969 556 προσκυνοῦντας
1000 490 1057 542 ἐν
1093 489 1362 560 πνεύματι
1393 490 1487 542 καὶ
1519 490 1651 561 ἁλη-

122 585 224 654 θείᾳ
252 584 326 636 δεῖ
357 585 704 654 προσκυνεῖν,
759 603 778 636 ι
818 585 1131 654 σαφηνίζειν
1173 586 1409 656 νομίζων
1455 586 1647 658 φησίν·

125 693 143 728 ι
175 674 342 742 ’Λείως
369 672 462 726 τοῦ
499 668 970 747 προσκυνούμένου
995 679 1398 749 πνευματικῶς,
1421 679 1482 732 οὐ
1523 695 1653 750 σαρ-

123 765 296 828 κικῶςο
332 763 423 818 καὶ
457 765 565 835 γὰρ
601 765 754 820 αὐτοὶ
790 767 888 837 τῆς
921 769 1089 838 αὐτῆς
1130 767 1343 838 φύσεως
1387 768 1538 833 ὄντες
1574 769 1651 840 τῷ

123 855 271 926 Πατρὶ
304 853 512 926 πνεῦμά
542 857 710 919 εἰσιν,
746 857 942 922 οἵτινες
974 858 1113 912 κατὰ
1149 859 1424 932 ἀλήθειαν,
1464 861 1557 914 καὶ
1587 861 1650 915 οὑ

123 947 240 1000 κατὰ
259 946 452 1018 πλάνην
466 947 844 1018 προσκυνοῦσι,
863 949 996 1002 καθὸ
1009 950 1104 1004 καὶ
1125 953 1154 1004 6
1181 950 1496 1015 Ἀπόστολος
1509 951 1652 1005 διδά-

122 1036 390 1104 σκειλέγων
408 1037 626 1109 λογικὴν
645 1038 898 1108 λατρείαν
908 1041 1004 1113 τὴν
1019 1042 1270 1114 τοιαύτην
1287 1043 1612 1098 θεοσέϐειαν.
1627 1062 1646 1094 ι

129 1128 503 1198 Ἐπιστήσωμεν
549 1129 606 1182 δὲ
656 1129 766 1202 (88)
808 1133 856 1184 εί
904 1133 979 1204 μὴ
1016 1133 1216 1204 σφόδρα
1265 1134 1410 1188 ἐστὶν
1460 1135 1652 1199 ἀσεϐἐς

118 1217 398 1285 ὁμοουσίους
428 1219 492 1288 τῇ
523 1219 801 1290 ἀγεννήτῳ
841 1220 999 1289 φύσει
1044 1222 1139 1274 καὶ
1181 1224 1550 1295 παμμακαρίᾳ
1575 1219 1652 1276 εῐ-

117 1324 191 1360 ναι
229 1306 394 1375 λέγειν
422 1308 548 1372 τοὺς
583 1310 1019 1380 προσκυνοῦντας
1045 1313 1104 1366 ἐν
1138 1312 1406 1385 πνεύματι
1435 1315 1544 1387 (89)
1575 1315 1652 1385 τῷ

115 1396 232 1467 θεῷ,
285 1396 372 1461 οὓς
417 1399 525 1470 πρὸ
566 1399 794 1470 βραχέος
835 1397 986 1456 εἶπεν
1037 1403 1196 1468 αὐτὸς
1245 1407 1274 1458 6
1335 1406 1650 1475 ’Πρακλέων

115 1488 520 1554 ἐκπεπτωκότας,
563 1491 661 1563 τὴν
712 1493 1036 1564 Σαμαρεῖτιν
1075 1495 1246 1564 λέγων
1278 1499 1652 1568 πνευματικῆς

115 1578 296 1646 φύσεως
319 1575 480 1634 οὖσαν
517 1583 1007 1653 ἐκπεπορνευκέναι
1033 1585 1168 1656 (90).
1217 1587 1352 1641 Ἀλλ’
1385 1590 1482 1658 οὐχ
1516 1588 1654 1661 ὁρῶ-

114 1685 184 1722 σιν
215 1672 256 1723 οί
296 1671 464 1726 ταῦτα
502 1672 768 1742 λέγοντες,
795 1677 877 1728 ὅτι
911 1677 1109 1740 παντὸς
1139 1678 1246 1732 τῶν
1281 1680 1532 1733 ἐναντίων
1557 1681 1652 1734 καὶ

1753 489 1824 542 sit
1873 487 2114 556 spiritus.
2145 484 2278 541 Illud
2304 486 2468 541 etiam
2497 503 2510 540 :
2555 502 2574 535 ι
2598 484 2902 540 Adorantes
2948 495 3161 552 oportet
3189 490 3321 541 ado-

1753 591 1877 631 rare
1909 577 1962 630 in
1993 576 2185 645 spiritu
2217 583 2272 631 et
2304 576 2532 630 veritate
2547 575 2615 639 '9;
2647 593 2666 627 ι
2706 585 2856 629 ratus
2908 590 2984 630 se‘
3013 576 3318 642 declarare,

1753 668 1966 739 inquit:
1997 688 2016 722 ο
2039 669 2144 724 Pro
2169 669 2432 739 dignitate
2463 668 2579 736 ejus
2605 668 2695 736 qui
2729 668 2989 722 adoratur
3021 668 3318 737 spirituali-

1752 769 1857 828 ter,
1894 776 2000 816 non
2048 761 2344 816 carnaliter
2374 781 2386 815 :
2415 762 2614 816 etenim
2665 759 2767 830 ipsi
2820 760 3059 826 ejusdem
3111 771 3317 816 natura:

1750 868 1874 909 cum
1930 852 2090 908 Patre
2147 851 2476 908 exsistentes
2530 860 2661 908 sunt.
2706 851 2946 920 spiritus,
2980 852 3071 920 qui
3125 865 3316 906 secun-

1751 945 1880 999 dum
1933 945 2214 999 veritatem
2264 953 2320 999 et
2379 959 2484 999 non
2541 943 2837 998 secundum
2891 955 3128 996 errorem
3185 941 3316 993 ado-

1753 1046 1898 1101 rant,
1957 1037 2410 1104 quemadmodum
2471 1045 2530 1090 et
2573 1033 2864 1104 Apostolus
2913 1033 3069 1086 docet
3129 1031 3316 1085 dicens

1758 1143 1777 1176 ι
1817 1125 2190 1181 rationabilem
2253 1123 2572 1191 cultum'“,
2613 1145 2632 1177 ι
2674 1125 2830 1179 talem
2885 1123 2976 1177 Dei
3035 1121 3257 1176 cultum.
3288 1140 3309 1174 ι

1753 1216 1914 1287 235
1955 1218 2059 1272 Sed
2098 1219 2478 1273 adnotabimus
2523 1232 2588 1271 an
2637 1231 2742 1270 non
2773 1215 2929 1270 valde
2970 1214 3042 1269 sit
3083 1213 3308 1282 impium

1754 1309 1934 1364 dicere
1958 1308 2097 1377 quod
2121 1309 2407 1363 adorantes
2437 1310 2602 1362 Deum
2638 1308 2692 1360 in
2717 1305 2906 1374 spiritu
2941 1304 3018 1376 [et
3037 1301 3311 1373 veritate,]

1751 1401 1990 1470 ejusdem
2023 1401 2132 1454 sint
2152 1402 2402 1456 essentia:
2429 1414 2551 1453 cum
2577 1399 2813 1469 ingenita
2839 1397 2926 1450 illa
2958 1405 3014 1451 et
3037 1396 3310 1465 undequa-

1753 1504 1856 1559 que
1884 1491 2039 1544 beata
2078 1498 2294 1556 natura,
2319 1504 2456 1560 quos
2485 1489 2646 1559 paulo
2673 1500 2798 1543 ante
2831 1489 3042 1542 dixerat
3072 1486 3185 1557 ipse
3207 1485 3314 1539 He-

1752 1586 1968 1640 racleon
2024 1586 2204 1654 lapsos
2248 1584 2445 1648 fuisse,
2512 1599 2634 1638 cum
2681 1582 3063 1637 Samaritidem
3112 1581 3316 1636 diceret

1752 1675 2047 1744 spiritualis
2069 1677 2424 1730 exsistentem
2449 1683 2676 1736 naturm,
2705 1673 3103 1728 meretricatam
3126 1672 3312 1728 fuisse.

111 1760 199 1813 τῶν
227 1761 390 1814 αὐτῶν
433 1741 700 1818 δεκτικόν.
738 1766 800 1818 Εἰ
835 1765 890 1819 δὲ
923 1766 1137 1831 ἐδέξατο
1173 1768 1232 1822 τὸ
1278 1772 1568 1841 πορνεῦσαι
1613 1774 1646 1844 ὴ

1807 1767 1858 1821 ad
1889 1766 2003 1820 haec
2031 1766 2272 1825 dicentes
2299 1779 2405 1819 non
2457 1764 2644 1818 vident
2663 1765 2885 1818 omnino
2911 1763 3312 1818 contrariorum

109 1853 414 1926 πνευματικὴ
448 1856 630 1926 φύσις,
662 1857 942 1927 ὁμοούσιος
961 1857 1094 1914 οὖσα
1117 1863 1181 1932 τῇ
1206 1863 1502 1933 ἀγεννήτῳ,
1527 1864 1650 1916 ἀνό-

110 1959 186 1996 σια
207 1945 290 1996 καὶ
319 1944 449 2000 ἄθεα
487 1947 584 2000 καὶ
612 1946 781 2018 ἀσεϐῆ
819 1947 1099 2002 ἀκολουθεῖ
1127 1949 1204 2020 τῷ
1241 1949 1382 2021 λόγῳ
1410 1952 1488 2022 τῷ
1528 1953 1646 2006 κατ’

106 2034 274 2098 αὐτοὺς
288 2037 408 2107 περὶ
423 2036 578 2090 Θεοῦ·
598 2039 718 2092 οὐδὲ
743 2039 1178 2110 φαντασιωθῆναι
1201 2041 1480 2096 ἀκίνδυνόν
1501 2045 1647 2098 ἐστιν

105 2122 341 2196 ἀλλήλοις.
384 2126 703 2198 Πειθόμενοι
749 2129 826 2200 τῷ
863 2131 1074 2202 Σωτῆρι
1112 2130 1341 2199 λέγοντι·
1371 2151 1390 2184 ι
1439 2133 1498 2186 '0
1537 2135 1648 2187 Πα-

104 2212 190 2284 τὴρ
222 2216 248 2267 6
275 2213 490 2284 πέμψας
537 2233 605 2286 με
636 2216 834 2287 μείζων
879 2235 981 2288 μου
1019 2218 1156 2283 ἐστί,
1190 2239 1210 2270 ι
1240 2221 1334 2274 καὶ
1369 2221 1459 2274 διὰ
1490 2221 1647 2276 τοῦτο

107 2302 170 2372 μὴ
217 2305 475 2371 ἐνεγκόντι
515 2305 648 2375 μηδὲ
694 2306 813 2378 τὴν,
857 2308 1078 2376 ἀγαθὸς,
1121 2311 1491 2384 προσηγορίαν
1547 2315 1645 2384 τὴν

105 2394 293 2464 κυρίαν,
331 2398 422 2450 καὶ
465 2399 662 2470 ἀληθῆ,
696 2401 789 2453 καὶ
824 2399 1033 2454 τελείαν
1067 2402 1472 2474 παραδέξασθαι
1499 2406 1646 2477 αὐτῷ

106 2489 546 2561 προσφερομένην,
588 2491 723 2546 ἀλλὰ
751 2492 1076 2564 ἁναφέροντι
1111 2494 1282 2565 αὐτὴν
1312 2497 1647 2568 εὐχαρίστως

100 2577 167 2646 τῷ
195 2579 353 2650 Πατρὶ
376 2581 492 2651 μετ’
535 2584 900 2654 ἐπιτιμήσεως
927 2582 1061 2655 πρὸς
1083 2584 1173 2638 τὸν
1190 2584 1510 2658 βουλόμενον
1532 2589 1644 2657 (91)

105 2665 449 2737 ὑπερδοξάζειν
501 2671 591 2725 τὸν
629 2672 776 2736 Υἱὸν,
835 2673 1050 2727 πάντων
1105 2673 1204 2744 μὲν
1246 2674 1355 2728 τῶν
1402 2677 1645 2747 γενητῶν

103 2756 376 2830 ὑπερέχειν,
397 2763 456 2815 ού
496 2763 799 2834 συγκρίσει,
835 2766 951 2820 ἀλλ’
975 2766 1383 2841 ὑπερϐαλλούσῃ
1405 2770 1641 2844 ὑπεροχῇ

104 2866 257 2920 φαμεν
285 2853 370 2906 τὸν
408 2855 660 2927 Σωτῆρα,
691 2857 784 2910 καὶ
823 2857 884 2910 τὸ
912 2858 1134 2929 Πνεῦμα
1169 2859 1230 2912 τὸ
1267 2859 1440 2928 ἅγιον,
1473 2861 1644 2933 ὑπερ-

103 2940 327 3012 εχόμενον
360 2945 466 3016 (9‘2)
488 2947 741 3003 τοσοῦτον
777 2949 810 3020 ἢ
842 2949 936 3002 καὶ
970 2950 1130 3005 πλέον
1159 2951 1266 3004 ἀπὸ
1288 2953 1381 3006 τοῦ
1410 2953 1641 3026 Πατρὸς,

1750 1873 1860 1910 rem
1887 1856 2133 1912 eamdem
2165 1871 2286 1911 esse
2327 1871 2605 1922 capacem.
2641 1855 2792 1922 Quod
2833 1855 2876 1908 si
2922 1855 3180 1923 spiritalis
3211 1869 3312 1908 na—

1747 1957 1894 2011 tura,
1928 1961 2051 2016 quw
2079 1947 2318 2013 ejusdem
2346 1957 2430 2000 est
2461 1962 2524 2000 ac
2555 1946 2736 1998 divina
2769 1946 3107 2009 substantize,
3139 1944 3310 1997 forni-

1748 2037 1861 2091 cari
1895 2037 2090 2105 potuit,
2117 2035 2366 2106 profana,
2393 2043 2448 2089 et
2476 2035 2664 2104 impia,
2689 2044 2744 2088 et
2775 2034 3071 2102 irreligiosa
3107 2035 3172 2088 de
3201 2032 3312 2087 Deo

1747 2135 2154 2195 consequuntur
2184 2140 2249 2180 ex
2287 2141 2473 2180 eorum
2521 2126 2730 2178 ratione
2765 2140 2870 2179 :ac
2918 2140 2984 2177 ne
3023 2140 3142 2180 sme
3175 2126 3316 2194 peri-

1747 2219 1868 2274 culo
1891 2219 2109 2288 quidem
2143 2215 2403 2288 [conferri
2453 2215 2698 2287 possunt]
2733 2217 2846 2270 haec
2888 2216 3033 2270 inter
3058 2231 3117 2270 se
3145 2226 3310 2284 atque

1748 2313 2054 2384 imaginari.
2109 2311 2559 2381 Obtemperantes
2613 2310 2893 2364 Servatori
2943 2309 3141 2364 dicenti
3184 2309 3229 2341 “
3292 2322 3309 2360 :

1751 2425 1770 2458 ι
1803 2406 1966 2462 Pater
2007 2405 2098 2476 qui
2144 2404 2292 2458 misit
2357 2418 2466 2464 me,
2514 2401 2686 2469 major
2735 2417 2821 2456 me
2860 2410 2962 2466 est,
2993 2419 3013 2452 ι
3046 2415 3145 2456 nec
3193 2401 3313 2455 ideo

1747 2498 2000 2552 toleranti
2029 2495 2320 2551 admittere
2337 2493 2570 2548 oblatam
2603 2493 2702 2548 sibi
2723 2493 2847 2546 boni
2869 2491 3311 2563 appellationem,

1743 2591 2040 2660 propriam,
2109 2597 2164 2643 et
2216 2603 2424 2654 veram,
2477 2596 2532 2640 et
2579 2586 2897 2655 perfectam,
2937 2585 3030 2640 sed
3079 2585 3315 2654 gratiose

1747 2683 2034 2736 admodum
2069 2679 2326 2736 referenti
2359 2693 2478 2731 eam
2512 2678 2578 2730 ad
2612 2676 2826 2732 Patrem
2865 2677 2930 2742 “,
2977 2692 3101 2732 cum
3131 2678 3311 2731 incre-

1744 2775 1965 2842 patione
2005 2773 2148 2827 illius
2177 2772 2266 2841 qui
2301 2771 2513 2826 volebat
2561 2768 2869 2840 glorificare
2916 2767 3135 2834 Filium,
3174 2769 3314 2825 dici-

1747 2881 1884 2928 mus,
1918 2879 2021 2920 non
2052 2864 2482 2934 comparatione,
2519 2863 2612 2916 sed
2639 2859 2959 2914 exuberanti
2993 2859 3309 2914 excellentia

1742 2951 1992 3006 omnibus
2023 2964 2142 3020 qua:
2168 2951 2307 3005 facta
2333 2959 2481 3014 sunt,
2509 2949 2832 3004 antecellere
2865 2948 3231 3014 Servatorem,
3256 2957 3312 3001 et

101 3030 192 3134 ὃσιρ
219 3033 462 3105 ὑπερέχει
491 3037 655 3100 αὐτὸς
706 3039 800 3093 καὶ
843 3040 902 3092 τὸ
937 3040 1088 3108 ἅγιον
1138 3040 1363 3112 Πνεῦμα
1404 3043 1510 3097 τῶν
1537 3044 1644 3097 λοι-

1807 3043 2004 3097 iiritum
2037 3052 2306 3108 sanctum,
2338 3046 2430 3111 qui
2463 3051 2608 3096 tanta
2631 3051 2726 3095 aut
2758 3041 2967 3110 majore
2993 3039 3311 3110 prestantia

103 3121 219 3185 πῶν,
246 3126 301 3179 οὐ
322 3127 425 3181 τῶν
472 3130 764 3200 τυχόντων·
799 3132 900 3201 ὅση
927 3132 1035 3204 γὰρ
1067 3133 1340 3202 δοξολογία
1359 3136 1450 3188 τοῦ
1475 3136 1642 3207 ὑπερ-

99 3212 286 3283 έχοντος
312 3218 535 3290 Θρόνων,
587 3225 940 3294 κυριοτήτων,
979 3224 1184 3296 ἀρχῶν,
1228 3225 1501 3292 ἐξουσιῶν,
1548 3228 1642 3282 καὶ

189 3373 397 3432 "Joan.
433 3395 507 3444 iv,
538 3378 630 3434 24.
725 3382 770 3413 ⁸ο
801 3381 955 3440 Rom.
991 3399 1091 3448 ιιι,
1125 3383 1176 3437 1.

159 3492 257 3562 (88)
305 3494 752 3564 Ἐπιστήσωμεν
776 3494 866 3563 δέ,
889 3505 997 3554 etc.
1031 3495 1290 3565 Origenes
1315 3496 1404 3552 hic
1455 3496 1642 3564 impie-

102 3565 210 3637 tatis
258 3565 422 3632 arguit
453 3565 860 3637 Alteras-leonem
890 3605 906 3630 ,
934 3568 1050 3637 qui
1111 3567 1354 3637 ejusdem
1406 3581 1526 3621 esse
1575 3581 1640 3621 ac

103 3631 248 3686 Deum
273 3631 514 3688 essentia:
568 3635 802 3704 tingebat
853 3631 1163 3705 quicunque
1219 3638 1395 3705 ipsum
1442 3637 1636 3704 spiritu

101 3708 383 3758 adorarent.
425 3705 531 3770 Qui
571 3720 700 3772 ergo
746 3721 873 3760 vera
927 3707 998 3760 sit
1059 3707 1321 3760 intentata
1377 3706 1638 3759 adversus

99 3790 204 3823 eum
233 3774 538 3845 criminatio
563 3776 628 3827 ab
659 3774 987 3845 Hieronymo
1015 3776 1177 3845 epist.
1209 3775 1303 3838 59,
1344 3776 1410 3830 ad
1468 3775 1638 3839 Avit.,

101 3859 200 3906 cap.
231 3842 303 3898 4:
340 3863 357 3894 ι
401 3843 476 3898 Ne
518 3861 741 3913 parvam
775 3842 1108 3913 putaremus,
1142 3846 1352 3914 inquit,
1385 3845 1636 3915 impieta-

101 3924 192 3963 tem
219 3929 330 3965 esse
359 3930 548 3968 eorum
576 3931 692 3983 utne
723 3916 1078 3983 pramiiserat,
1130 3916 1182 3969 in
1207 3916 1445 3982 ejusdem
1479 3915 1638 3968 voln-

99 3984 238 4055 minis
260 3983 415 4051 (Περὶ
438 3981 663 4055 ἀρχῶν)
677 3981 798 4055 line
827 3986 1107 4053 coniungit
1127 3981 1315 4040 omnes
1341 3985 1638 4055 rationabi-

102 4051 166 4105 les
187 4064 419 4114 naturas.
461 4055 513 4106 id
537 4051 908 4117 estJ’atrem,
931 4051 986 4108 et
1023 4055 1240 4115 Filium,
1270 4067 1326 4108 et
1371 4054 1630 4122 Spiritum

100 4133 342 4186 sanctum,
370 4124 635 4192 angelos,
687 4134 1001 4190 potestates,
1063 4124 1474 4189 dominationes,
1529 4138 1634 4178 cte-

102 4201 326 4263 terasque
347 4194 596 4253 virtutes.
643 4195 815 4260 ipsum
839 4210 1054 4263 quoque
1114 4195 1382 4248 hominem
1432 4209 1631 4248 secun-

99 4262 418 4332 dumanima:
478 4264 798 4332 dignitatem
851 4262 1011 4318 unius
1067 4279 1190 4318 esse
1244 4263 1628 4318 substantia.»

103 4329 571 4396 «Intellectualenf,
605 4329 800 4399 inquit,
844 4335 1334 4402 rationabilemque
1381 4342 1631 4388 naturam

103 4417 120 4450 ι
141 4403 288 4456 sentit
318 4402 477 4468 Dens,
501 4411 558 4456 et
605 4405 911 4473 unigenitus
939 4403 1106 4458 Filius
1139 4404 1272 4473 ejus,
1304 4415 1357 4458 et
1402 4403 1636 4472 Spiritus

1747 3150 1776 3189 a
1809 3133 1968 3188 Patre
2001 3143 2307 3203 superatur,
2335 3145 2542 3203 quanta
2573 3137 2688 3204 ipse
2717 3144 2881 3202 atque
2932 3133 3166 3200 Spiritus
3193 3145 3315 3186 san-

1744 3235 1871 3280 ctus
1908 3224 2139 3295 reliqua,
2165 3239 2272 3280 non
2294 3226 2570 3295 quaelibet,
2601 3234 2882 3296 superant.
2925 3226 3138 3292 Quanta
3165 3225 3311 3280 enim

1280 3383 1323 3414 “
1353 3381 1509 3438 Joan.
1537 3401 1648 3448 xw,
1677 3381 1766 3440 28.
1833 3382 1877 3415 “
1900 3381 2064 3438 Marc.
2091 3399 2148 3449 ι,
2182 3383 2274 3450 18;
2306 3381 2438 3438 Luc.
2465 3398 2619 3451 xvnt,
2661 3383 2750 3438 l9.

1751 3505 1856 3566 tam
1890 3510 2011 3550 esse
2039 3496 2298 3552 decrevit.
2333 3494 2436 3562 Qui
2457 3497 2603 3551 enim
2621 3510 2880 3566 corporea
2910 3511 3001 3551 res
3036 3511 3163 3565 pars
3187 3513 3310 3557 esse

1752 3565 1840 3619 Dei
1870 3580 2098 3640 corpore
2124 3567 2382 3640 carentis.
2404 3568 2616 3640 qualem
2648 3565 2791 3640 esse
2835 3567 3081 3640 defendit
3113 3569 3308 3640 Qrige-

1740 3651 1856 3701 nes,
1883 3637 1992 3689 dici
2018 3636 2256 3706 poterit?
2283 3635 2392 3706 Nec
2424 3635 2609 3690 minus
2647 3637 2748 3690 hoc
2773 3637 2907 3706 utile
2942 3638 3084 3704 quod
3115 3635 3308 3695 Hiero-

1742 3721 1936 3777 nymus
1985 3705 2073 3775 ep.
2106 3705 2198 3778 782,
2249 3710 2316 3778 ad
2359 3705 2732 3760 Marcellinum
2772 3716 2847 3778 _et_
2885 3705 3306 3778 Allapsycliiziin,

1740 3775 2055 3843 germanam
2090 3777 2343 3846 Origenis
2373 3778 2692 3830 sententiain
2733 3775 2804 3829 ab
2838 3776 2938 3829 hac
2989 3775 3085 3844 ipsi
3131 3779 3306 3834 aﬂicta

1741 3847 2054 3915 distinguit.
2082 3847 2288 3914 «Super
2316 3846 2510 3915 anima:
2535 3855 2700 3910 statu,
2725 3846 2919 3915 inquit,
2948 3848 3164 3902 memini
3217 3865 3312 3906 ve-

1741 3928 1875 3969 Straa
1901 3913 2336 3987 quastiunculte,
2362 3914 2471 3969 itno
2501 3916 2732 3987 maxime
2755 3913 3133 3987 ecclesiasticae
3161 3934 3308 3987 quae-

1751 3985 1965 4058 stionis,
1994 3997 2186 4058 utrum
2242 3985 2386 4054 lapsa
2437 3984 2680 4058 deﬁnio
2721 3986 2810 4058 sit,
2864 3994 2944 4058 ut_
2973 3984 3310 4058 Pythagoras

1743 4055 2112 4124 phil050phus,
2143 4053 2441 4124 omnesque
2480 4053 2741 4110 Platonici
2794 4064 2850 4108 et
2910 4053 3173 4122 Origenes
3213 4074 3311 4123 pu-

1743 4133 1887 4189 tant;
1921 4141 1988 4177 an
2028 4126 2291 4194 apropria
2321 4125 2439 4194 Dei
2483 4126 2806 4188 substantia,
2859 4135 2917 4178 ut
2953 4124 3142 4192 Stoici,
3194 4127 3307 4181 Ma-

1742 4194 2000 4266 nicbwus,
2030 4207 2085 4250 et
2107 4193 2380 4266 Hispaniae
2408 4193 2730 4266 Priscilliani
2763 4196 2996 4266 baereSes
3021 4198 3307 4266 suspican-

1744 4272 1849 4336 t_ur.
1875 4282 1894 4314 ι
1937 4263 2060 4336 Haec
2087 4265 2398 4336 observavit
2427 4263 2674 4329 Duelius,
2702 4264 2857 4331 cujus
2910 4267 3033 4336 viride
3083 4263 3309 4336 insuper

1742 4333 2184 4404 Origem’anorum
2213 4333 2306 4388 lib.
2335 4349 2396 4398 ll,
2418 4345 2608 4404 qutest.
2648 4336 2698 4396 1,
2738 4349 2888 4388 num.
2922 4335 2976 4386 7.

1809 4403 1924 4472 (89)
1981 4405 2076 4457 Ἐν
2107 4404 2418 4472 πνεύματι.
2460 4405 2744 4460 Ferrarius
2779 4405 2991 4473 legebat
3036 4405 3094 4457 ἐν
3137 4405 3306 4459 πνεύ-

103 4489 118 4519 .
140 4448 383 4546 sanius;
407 4448 961 4546 .1:..Iif...;.'.;':.:gai:fcz
983 4448 1636 4546 βδίεεῑιλειςέφῑεῖκιιςιε

1807 4448 2508 4546 ἴᾶἶὲαιῖλτὶὀὲῖᾷῖξῖὅεῷο

102 4558 117 4589 ι
144 4542 353 4612 virtutes
377 4561 391 4609 ;
421 4543 584 4598 sentit
614 4543 841 4597 interior
870 4542 1030 4598 homo
1057 4554 1262 4607 noster,
1284 4544 1378 4612 qui
1411 4543 1476 4596 ad
1499 4545 1633 4596 ima-

102 4629 116 4658 ι
140 4610 300 4678 ginem
331 4623 384 4666 ct
422 4613 831 4668 similitudinem
867 4613 957 4667 Dei
1003 4616 1251 4668 conditus
1281 4610 1382 4668 est.
1423 4613 1499 4665 Ei
1530 4630 1637 4682 quo

100 4699 116 4728 ι
145 4683 467 4753 concluditur
497 4683 689 4753 Deum,
709 4693 764 4753 et
790 4685 903 4738 [nec
927 4685 1323 4753 quodammodo
1341 4683 1496 4736 unius
1517 4699 1637 4737 esse

101 4766 121 4824 ι
143 4752 460 4824 substantiae.
488 4772 516 4824 γ»
548 4751 652 4824 sed
688 4751 961 4824 Origenes
986 4769 1170 4808 vocem
1198 4754 1423 4815 addens,
1453 4771 1473 4805 ι
1511 4768 1636 4822 qun-

97 4821 380 4893 tlztmntndo,
423 4843 442 4875 ι
484 4821 1288 4893 impietatis'reprehensionem
1321 4839 1349 4875 a
1372 4837 1430 4877 se
1459 4821 1637 4876 remo-

98 4899 188 4940 ιρι.
211 4889 411 4963 ιυιιιιηι
442 4889 645 4959 addit,»
675 4894 849 4962 inquit
879 4889 1262 4963 Hieronymus,
1320 4911 1340 4944 ι
1360 4894 1632 4963 “verbum,

96 4961 484 5036 quodammodo,
530 4976 584 5018 ut
633 4961 763 5036 tanti
793 4961 1282 5036 sacrilegiicrimen
1313 4961 1628 5036 effugeret.»

98 5031 278 5103 Quidni
299 5033 480 5100 potius
515 5043 572 5103 ut
587 5034 853 5103 Opinionis
879 5031 1037 5101 hujus
1076 5031 1381 5102 neutiquam
1419 5033 1630 5103 attinent

100 5113 156 5173 se
176 5100 634 5173 declararetZSic‘
657 5105 710 5157 in
737 5105 875 5158 libro
907 5100 979 5158 De
1032 5100 1310 5173 martyrio,
1361 5119 1510 5173 nunt.
1539 5102 1632 5165 47,

103 5167 203 5254 ᾜτι
227 5169 401 5254 δὲκαὶ
424 5172 704 5254 ἐφιλοξῶει
739 5174 1043 5254 ἇίνθρωπος,
1065 5167 1270 5244 πεῖσμα
1293 5170 1474 5254 λαϐὼν
1495 5173 1632 5254 περὶ

98 5238 259 5316 pasta;
278 5238 497 5316 λογικῆς
527 5243 717 5314 ψυχῆς,
748 5243 823 5316 ῶς
841 5238 1069 5316 ἐχούσης
1107 5261 1159 5297 τι
1191 5238 1444 5314 συγγενὲς
1491 5238 1627 5314 Θεῷ.

101 5308 233 5369 thd
254 5313 294 5363 si
325 5308 356 5366 e
379 5308 469 5366 Dei
514 5308 813 5367 s'ubEsiantia
837 5308 1130 5369 délibatam
1158 5308 1463 5369 censuisset
1512 5308 1632 5366 ani-

103 5392 248 5454 tuam,
271 5396 372 5434 non
405 5381 567 5436 aliine
597 5383 797 5454 aliquid
827 5384 1045 5451 habere,
1078 5386 1170 5439 sed
1196 5385 1366 5454 ipsius
1392 5385 1630 5454 particu-

103 5444 192 5523 lam
218 5465 332 5504 esse
355 5453 603 5523 dixisset.
626 5444 798 5507 Al'Iine
844 5444 1043 5508 auteni'
1080 5444 1310 5510 cum'eo
1351 5444 1626 5523 quidpiam

104 5513 427 5595 ha_bet,Aqu‘od
451 5523 518 5574 ad
542 5521 972 5595 ejusiim‘aginent
1002 5526 1212 5580 condita
1240 5526 1349 5592 sit,
1369 5513 1517 5594 quod
1541 5523 1626 5595 lu-

103 5591 231 5640 mine
259 5591 437 5664 divino
465 5593 644 5664 vultus
667 5591 837 5662 ipsius
861 5595 1103 5662 signatus
1132 5595 1222 5660 sit,
1257 5591 1408 5664 qued'
1437 5593 1626 5648 mortis

104 5667 278 5734 expers
298 5669 352 5714 et
372 5661 886 5734 beatitatis_:etern:e
922 5661 1104 5734 capax
1150 5668 1240 5720 sit.
1274 5661 1414 5719 'lioc
1461 5665 1624 5718 etiam

105 5727 310 5785 crimine
336 5745 395 5787 se
415 5742 607 5801 purgat
632 5731 892 5802 Origenes
933 5727 1074 5805 quod
1107 5735 1340 5792 animam
1371 5749 1624 5803 corpora-

1812 4543 1924 4620 (99)
1954 4527 2125 4620 codd:
2158 4527 2507 4620 Dodleianiis
2546 4552 2602 4620 et
2646 4543 3302 4620 Barberinus,_éx1:s1=op-

1739 4613 2004 4677 νευκέναι,
2043 4613 2241 4684 Regius
2263 4615 2712 4684 πεπορνευκέναι.
2763 4615 2903 4684 Μοιη
2928 4617 3098 4668 codex
3159 4613 3301 4671 Dod-

1739 4685 1947 4757 lcianus
1975 4682 2156 4757 habet,
2200 4683 2338 4757 ᾏλλ⁸
2360 4682 2473 4757 σῦχ’
2496 4687 2692 4757 ὁρῶσιν
2719 4687 2766 4738 οἱ
2805 4682 2979 4757 ταῦτα
3029 4684 3297 4754 λέγοντες,

1735 4755 1818 4808 ὅτι
1845 4756 2044 4818 παντὸς
2080 4754 2186 4808 τῶν
2213 4753 2468 4807 ἐναντίων
2489 4753 2580 4810 καὶ
2611 4756 2716 4809 τῶν
2745 4754 2922 4810 αὐτῶν
2950 4753 3212 4812 δεκτικόν.
3237 4759 3300 4810 Et

1734 4825 1791 4879 δὲ
1811 4825 2028 4898 ἐδέξατο
2057 4826 2118 4878 τὸ
2174 4825 2514 4898 πορνεῦσαιή
2546 4825 2884 4897 πνευματικὴ
2904 4824 3083 4893 φύσις,
3114 4827 3302 4898 ὁμοσύ-

1737 4912 1848 4959 σιος
1901 4894 2034 4950 οὖσα
2067 4898 2132 4966 τῇ
2163 4894 2839 4965 ἀγεννήτῳ,ἄνόσια,’‹τιο..
2871 4894 3056 4962 Sicque
3081 4894 3300 4953 sanitati

1733 4967 1916 5090 οιιὶιιὶἓ
1939 4970 2320 5090 restituuntur.
2352 4966 2509 5021 Modo
2539 4983 2636 5037 pro
2655 4967 2751 5020 καὶ
2787 4966 2896 5020 τῶν
2933 4967 3110 5021 αὐτῶν
3151 4969 3298 5036 legas

1733 5052 1804 5088 κα
1855 5055 1885 5088 τ
1941 5055 2090 5090 αυτ.

1733 5038 1826 5088 καὶ
1855 5038 1916 5090 τὸ
1941 5038 2090 5090 αὑτό.

1805 5108 1916 5179 (91)
1956 5111 2138 5179 Codex
2188 5106 2389 5179 Regius
2435 5109 2928 5179 perperamghabet
2969 5107 3295 5179 ἀναφέροντι

1733 5176 2198 5300 ἕὴνϐεὺχὲιρίστως
2223 5177 2302 5248 τῷ
2329 5176 2594 5246 πνεύματι
2635 5177 2750 5247 μετ’
2768 5176 3297 5249 ἐπιτιμήσεωςπρδς

1764 5265 1792 5297 ν
1859 5265 1917 5300 ου
1987 5265 2164 5300 μενον.

1764 5265 1792 5297 ν
1826 5265 2164 5302 βουλομενον.

1825 5248 2164 5319 βουλόμενον.
2984 5248 2987 5249 ⁷

1805 5319 1917 5386 (92)
1952 5319 2425 5402 '¥:Jt€p816p87'0:r'.
2468 5316 2694 5402 Videtur
2723 5315 3001 5402 legendum
3035 5319 3296 5402 ὑπερεχο-

1733 5389 1946 5460 μένους.
1975 5389 2098 5443 llzec
2124 5402 2301 5443 autem
2332 5396 2388 5442 et
2417 5388 2722 5455 sequentia,
2743 5391 2826 5460 in
2875 5389 3072 5456 quibus
3119 5388 3296 5442 Filius

1727 5458 2052 5526 Substantia,
2087 5461 2374 5530 dignitate,
2407 5467 2694 5530 potestate,
2723 5458 3027 5524 divinitate,
3093 5467 3171 5530 et,
3201 5475 3294 5513 sa-

1727 5531 1928 5598 pientia
1984 5529 2490 5596 Patri'neutiquam
2554 5529 2972 5598 acquiparandus
3013 5529 3296 5594 statuitur,

1726 5599 2111 5722 expenduntur
2157 5601 2210 5656 in
2281 5599 2618 5670 Origcnianis
2651 5636 2666 5664 ,
2722 5599 2813 5654 lib.
2861 5613 2920 5664 tt,
2963 5609 3153 5669 quasi:
3210 5599 3247 5652 2
3275 5639 3298 5667 ,

1727 5686 1876 5722 num.
1952 5709 1966 5722 .

1727 5686 1876 5727 num.
1923 5686 1966 5726 lo
