3702 6142
269 286 379 343 ειε

1722 277 2043 337 ORIGENIS

3400 277 3512 331 ιιι

275 403 350 457 sil.
381 397 666 468 doxologia
711 397 833 452 Filii
881 397 1256 452 antecedentis
1292 396 1540 461 thronos,
1595 397 1845 452 domina-

2073 396 2144 461 πὸς
2177 394 2436 468 ὀνόματος
2457 393 2872 465 ὀνομαζομένου,
2901 393 2960 446 οὐ
2985 392 3142 462 μόνον
3170 393 3227 444 ἐν
3243 389 3320 462 τῷ
3353 390 3514 444 αἰῶνι

274 493 478 552 tiones,
507 489 863 559 principatus,
891 497 1209 557 potestates,
1260 501 1424 558 atque
1455 504 1615 544 omne
1646 504 1839 544 nomen

271 585 414 652 quod
441 583 754 637 nominatur
795 598 902 637 non
933 582 1109 638 solum
1154 583 1208 636 in
1257 581 1360 637 hoc
1405 580 1620 645 saeculo,
1652 595 1840 636 verum

272 675 439 728 etiam
471 675 522 726 in
555 674 738 729 futuro
773 674 840 738 ⁸³,
866 683 923 728 et
951 685 1214 742 praeterea
1243 683 1464 728 sanctos
1505 672 1747 742 angelos,
1778 688 1843 728 ac

274 765 520 833 spiritus,
570 775 627 820 et
673 766 882 820 animas
921 766 1097 836 justas
1265 767 1430 820 etiam
1473 765 1676 820 dicere.
1735 762 1842 819 Sed

277 866 457 910 tamen
489 872 610 911 cum
661 857 775 926 ipse
804 860 969 912 tantis
1021 874 1086 913 ac
1136 858 1338 914 talibus
1385 858 1596 912 naturis
1627 865 1846 926 praestet

276 949 536 1012 essentia,
579 950 927 1019 antiquitate,
987 961 1044 1006 et
1089 960 1379 1021 potestate,
1438 966 1503 1005 ac
1535 950 1842 1017 divinitate,

278 1051 442 1110 atque
476 1044 736 1111 sapientia
771 1045 877 1115 (est
914 1045 1059 1098 enim
1085 1045 1384 1097 animatum
1427 1042 1711 1112 Verbum),
1747 1044 1846 1097 Pa-

277 1133 348 1187 tri
377 1133 523 1188 nulla
551 1149 610 1188 re
636 1145 1004 1202 comparatur.
1033 1133 1131 1188 Est
1161 1137 1306 1190 enim
1336 1133 1515 1203 imago
1545 1134 1708 1205 236
1728 1135 1846 1204 ejus

278 1229 558 1292 bonitatis,
607 1231 966 1299 splendorque
1027 1245 1132 1284 non
1169 1230 1296 1296 Dei,
1343 1232 1438 1284 sed
1484 1229 1600 1295 ejus
1638 1231 1843 1300 gloriae,

279 1321 506 1390 ejusque
551 1321 687 1376 lucis
718 1332 964 1388 aeternae;
1000 1333 1051 1377 et
1097 1324 1302 1388 radius,
1349 1339 1455 1377 non
1505 1322 1701 1388 Patris,
1751 1323 1846 1378 sed

279 1411 398 1480 ejus
426 1415 745 1482 potestatis;
787 1414 1111 1483 sinceraque
1137 1416 1486 1484 praepotentis
1512 1416 1630 1484 ejus
1661 1414 1848 1484 gloria:

275 1504 467 1572 .ﬂuxio,
503 1516 556 1559 et
585 1506 864 1576 speculum
909 1507 1262 1562 immutabilis
1292 1507 1530 1575 ejusdem
1577 1505 1848 1576 operatio-

280 1597 367 1652 nis
399 1597 462 1662 “,
491 1612 587 1666 per
612 1598 756 1667 quod
784 1598 1056 1666 speculum
1103 1599 1305 1655 Paulus
1345 1608 1401 1654 et
1448 1599 1638 1653 Petrus
1662 1600 1850 1668 eisque

281 1687 489 1741 similes
537 1687 701 1742 Deum
751 1689 960 1752 vident,
1008 1689 1288 1744 dicentis:
1343 1707 1363 1741 ι
1402 1688 1501 1755 Qui
1556 1688 1689 1743 vidit
1737 1703 1846 1754 me,

283 1777 417 1832 vidit
447 1778 660 1833 Patrem
691 1795 890 1843 meum,
923 1783 1012 1848 qui
1045 1781 1193 1835 misit
1222 1796 1308 1836 me
1338 1781 1404 1834 “.
1447 1799 1466 1832 ι

349 1870 440 1924 26.
463 1887 483 1922 ι
510 1869 648 1925 Dicit
667 1870 716 1923 ei
741 1871 935 1925 mulier
953 1887 967 1923 :
983 1869 1108 1925 Scio
1125 1869 1374 1925 Messiam
1392 1881 1681 1923 venturum
1703 1883 1843 1934 esse,

1938 485 2132 558 τούτῳ,
2161 487 2297 541 ἀλλά
2344 487 2438 540 καὶ
2469 487 2528 539 ἐν
2561 485 2639 555 τῷ
2673 483 2934 556 μέλλοντι,
2978 482 3112 553 πρὸς
3156 481 3364 544 τούτοις
3409 481 3512 534 καὶ

1941 578 2111 646 ἁγίων
2124 577 2389 646 ἀγγέλων,
2407 578 2499 632 καὶ
2519 577 2859 647 πνευμάτων,
2883 575 2976 628 καὶ
2987 573 3171 644 ψυχῶν
3189 573 3506 637 δικαίων,...

1942 670 2034 722 καὶ
2065 668 2240 738 λέγειν
2272 669 2406 740 (93).
2452 668 2587 722 Ἀλλ’
2616 670 2764 740 ὅμως
2793 667 2899 722 τῶν
2929 665 3197 720 τοσούτων
3230 666 3325 719 καὶ
3357 665 3512 736 τηλι-

1943 771 2147 822 κούτων
2171 768 2451 840 ὑπερέχων
2481 768 2655 838 οὐσίᾳ,
2693 767 2785 820 καὶ
2815 763 3096 836 πρεσϐείᾳ,
3128 764 3222 816 καὶ
3263 761 3513 831 δυνάμει,

1942 863 2037 916 καὶ
2057 860 2290 931 θειότητι
2317 859 2577 930 (ἔμψυχος
2607 858 2714 928 γάρ
2738 858 2853 909 ἐστι
2891 857 3103 926 Λόγος),
3128 855 3221 907 καὶ
3240 853 3420 923 σοφίᾳ,
3451 854 3514 906 οὐ

1945 952 2290 1024 συγκρίνεται
2321 951 2440 1003 κατ’
2479 948 2630 1002 οὐδὲν
2667 946 2746 1017 τῷ
2791 945 2964 1018 Πατρί
3005 945 3137 1016 (94).
3175 942 3352 997 Είκὼν
3402 940 3514 1012 γάρ

1944 1046 2058 1097 ἐστι
2089 1044 2191 1114 τῆς
2217 1041 2548 1111 ἀγαθότητος
2590 1037 2774 1104 αὐτοῦ,
2815 1038 2909 1091 καὶ
2945 1035 3280 1106 ἀπαύγασμα
3311 1034 3374 1088 οὐ
3414 1031 3513 1086 τοῦ

1943 1134 2098 1198 Θεοῦ,
2128 1133 2262 1188 ἀλλά
2293 1133 2392 1203 τῆς
2415 1131 2571 1202 δόξης
2599 1130 2782 1194 αὐτοῦ,
2813 1130 2907 1183 καὶ
2923 1127 3016 1182 τοῦ
3032 1128 3200 1182 ἀϊδίου
3221 1127 3398 1196 φωτὸς
3416 1125 3516 1180 αὐ-

1943 1228 2059 1293 τοῦ,
2077 1227 2171 1281 καὶ
2185 1226 2347 1296 ἀτμὶς
2375 1223 2487 1294 (95)
2502 1224 2562 1276 οὐ
2581 1222 2672 1275 τοῦ
2691 1222 2922 1292 Πατρὸς,
2945 1221 3079 1275 ἀλλά
3105 1222 3202 1291 τῆς
3230 1221 3517 1290 δυνάμεως

1946 1319 2130 1384 αὐτοῦ,
2158 1320 2252 1372 καὶ
2278 1318 2544 1389 ἀπόρῥοια
2573 1315 2865 1386 εἰλικρινὴς
2883 1316 2981 1384 τῆς
3013 1311 3516 1384 παντοκρατορικῆς

1944 1413 2099 1482 δόξης
2123 1410 2307 1474 αὐτοῦ,
2338 1411 2432 1463 καὶ
2454 1409 2713 1480 ἔσοπτρον
2741 1406 3067 1476 ἀκηλίδωτον
3096 1407 3194 1476 τῆς
3235 1403 3517 1477 ἐνεργείας

1945 1504 2130 1568 αὐτοῦ,
2161 1504 2227 1556 δι’
2252 1494 2312 1557 οὗ
2342 1501 2608 1574 ἐσόπτρου
2642 1501 2869 1565 Παῦλος,
2917 1499 3010 1553 καὶ
3053 1499 3279 1571 Πέτρος,
3321 1499 3416 1551 καὶ
3466 1499 3519 1552 οἱ

1946 1595 2315 1668 παραπλήσιοι
2339 1595 2520 1656 αὐτοῖς
2555 1591 2807 1662 βλέπουσι
2828 1591 2918 1644 τὸν
2942 1590 3073 1643 Θεὸν
3097 1589 3345 1658 λέγοντος
3377 1587 3514 1657 (96)·

1955 1707 1973 1740 ι
2017 1689 2074 1742 '0
2103 1686 2359 1760 ἑωρακὼς
2383 1686 2482 1757 ἐμὲ
2506 1683 2715 1756 ἐώρακε
2743 1682 2832 1738 τὸν
2865 1681 3083 1754 Πατέρα
3103 1681 3195 1735 τὸν
3218 1680 3519 1751 πέμψαντά

1953 1798 2101 1922 μὲϐῗ
2129 1883 2147 1915 ι
2184 1862 2346 1932 Λέγει
2387 1859 2534 1931 αὐτῷ
2564 1858 2598 1930 ἢ
2629 1856 2802 1928 γυνή·
2831 1848 2962 1907 Οἶδα
2983 1893 2997 1916 ,
3025 1852 3106 1905 ὅτι
3138 1848 3384 1912 Μεσσίας
3414 1847 3514 1918 ἐρ-

282 1963 377 2031 qui
411 1962 612 2016 dicitur
645 1961 896 2016 Christus
923 1979 936 2016 :
979 1975 1100 2015 cum
1132 1961 1342 2014 venerit
1365 1961 1476 2024 ille,
1506 1961 1845 2016 annuntiabil

2073 1974 2087 2009 ι
2124 1957 2153 2010 ό
2188 1953 2476 2024 λεγόμενος
2515 1947 2766 2021 Χριστός·
2809 1947 2938 1999 ὅταν
2978 1943 3104 2015 ἔλθῃ
3145 1945 3374 2004 ἐκεῖνος,
3412 1941 3515 1993 ἀν-

283 2055 441 2110 nobis
472 2053 653 2107 omnia
682 2053 746 2106 ⁸⁸.
789 2072 808 2104 ι
843 2052 1067 2122 Dignum
1091 2060 1176 2106 est
1219 2061 1280 2105 ut
1310 2051 1591 2105 videamus
1617 2066 1845 2121 quonam

2076 2049 2155 2102 λεῖ
2196 2050 2329 2118 ἡμῖν
2385 2044 2620 2098 ἅπαντα.
2671 2057 2690 2092 ι
2731 2036 2912 2102 ’Ἄξιον
2968 2036 3095 2089 ἰδεῖν
3135 2033 3255 2096 πῶς
3313 2033 3346 2102 ή
3408 2031 3515 2084 Σα-

283 2155 442 2216 pacto
474 2144 782 2210 Samaritis,
825 2143 958 2197 nihil
990 2143 1110 2212 plus
1170 2142 1464 2196 admittens
1496 2157 1658 2210 quam
1687 2144 1848 2211 quin-

289 2252 395 2306 que
420 2236 618 2308 Moysis
639 2236 829 2299 libros,
853 2234 1051 2290 Christi
1081 2237 1372 2289 adventum
1394 2241 1700 2302 exspectat,
1730 2233 1849 2287 vel-

283 2329 366 2384 uti
399 2339 605 2383 tantum
641 2341 672 2382 a
722 2327 839 2394 lege
870 2325 1177 2380 nuntiatum
1206 2347 1218 2379 :
1259 2338 1321 2380 ac
1352 2323 1595 2394 profecto
1624 2337 1854 2378 consen-

1940 2145 2187 2216 μαρεῖτις
2225 2139 2406 2194 πλεῖον
2466 2136 2564 2206 τῆς
2617 2129 2985 2200 Πεντατεύχου
3023 2125 3298 2188 Μωῦσέως
3351 2121 3516 2194 μηδὲν

1938 2212 2305 2308 προσιεμένη,
2343 2231 2444 2303 τὴν
2472 2227 2782 2300 ’παρουσίαν
2830 2219 3098 2295 Χριστοῦ,
3135 2219 3212 2282 ὡς
3268 2216 3376 2270 ἀπὸ
3420 2212 3518 2266 τοῦ

1938 2305 2103 2400 νόμου
2160 2327 2322 2398 μόνου
2374 2319 2826 2396 κηρυσσομένην,
2881 2313 3188 2388 προσδοκᾷ’
3240 2309 3336 2363 καὶ
3373 2305 3521 2400 siml;

287 2433 506 2476 taneum
539 2429 622 2474 est
648 2433 766 2473 eam
797 2417 1034 2473 futurum
1081 2418 1240 2487 hujus
1285 2416 1574 2471 adventum
1603 2429 1853 2484 sperasse

285 2526 354 2567 ex
385 2511 760 2568 benedictione
785 2524 944 2579 quam
979 2507 1128 2562 Judze
1156 2505 1326 2562 Jacob
1359 2507 1508 2561 dedit
1533 2507 1724 2560 dicens
1755 2504 1800 2536 ⁸⁷
1833 2520 1848 2557 :

294 2623 315 2657 ι
354 2605 510 2665 Juda.
566 2613 617 2658 te
664 2601 960 2656 laudabunt
999 2599 1195 2654 fratres
1241 2599 1362 2652 tui:
1397 2611 1591 2651 manus
1645 2604 1748 2649 tuae
1798 2595 1845 2650 in

2074 2622 2158 2669 ος·
2206 2623 2223 2656 ι
2271 2602 2462 2665 Ἰούδα,
2505 2600 2564 2653 σέ
2602 2598 2917 2652 αίνὲσαισαν
2953 2593 3002 2647 οἱ
3041 2587 3256 2659 ἀδελφοί
3297 2598 3424 2639 σου·
3468 2582 3527 2676 αἱ

293 2700 512 2755 cervice
536 2683 768 2751 hostium
804 2706 1018 2749 tuorum
1057 2711 1069 2746 :
1103 2708 1241 2764 genu
1272 2691 1489 2748 ﬂectent
1511 2691 1602 2745 tibi
1636 2690 1727 2744 lilii
1757 2704 1845 2759 pa-

2073 2699 2125 2762 ἐς
2163 2715 2257 2751 σου
2297 2695 2390 2749 ἐπὶ
2425 2692 2612 2772 νώτου¹
2641 2690 2750 2744 τῶν
2789 2685 2998 2759 ἐχθρῶν
3037 2701 3129 2738 σου
3151 2700 3165 2714 ·
3207 2674 3525 2752 προσκυνή-

290 2792 389 2845 tris
422 2791 533 2854 tui;
571 2809 590 2842 ι
619 2800 674 2844 et
727 2798 848 2857 post
892 2801 1108 2857 pauca:
1140 2804 1158 2836 ι
1188 2784 1303 2840 Non
1363 2784 1580 2838 deficiet
1634 2785 1741 2837 dux
1787 2780 1845 2837 de

2073 2791 2098 2843 ’ί
2139 2807 2222 2843 σοι
2261 2789 2368 2841 υίοὶ
2405 2784 2498 2839 τοῦ
2537 2770 2741 2854 πατρός
2793 2796 2922 2834 σου·
2972 2797 2991 2830 ι
3035 2775 3129 2830 καὶ
3172 2771 3288 2844 μετ’
3326 2768 3485 2838 ὀλίγα
3508 2785 3522 2797 ·

289 2883 451 2948 Juda,
479 2892 534 2936 et
559 2881 807 2950 princeps
833 2880 900 2934 de
922 2877 1218 2933 femoribus
1240 2877 1378 2946 ejus,
1405 2875 1577 2931 donec
1606 2873 1845 2928 venerint

2073 2883 2132 2936 ὐκ
2169 2879 2404 2949 ἐκλείψει
2442 2877 2624 2949 ἄρχων
2663 2874 2723 2938 ἐξ
2759 2871 2952 2935 Ἰούδα,
2991 2869 3085 2922 καὶ
3121 2863 3424 2936 ἡγούμενος
3464 2861 3530 2912 ἐκ

293 2976 528 3047 reposita
560 2974 655 3039 illi,
688 2983 744 3027 et
775 2974 889 3042 ipse
917 2971 1256 3042 exspectatio
1299 2967 1538 3039 gentium
1563 2966 1631 3020 “.
1664 2981 1684 3016 ι
1717 2965 1845 3032 Quin

2095 2972 2284 3045 μηρῶν
2323 2969 2510 3034 αὐτοῦ,
2549 2967 2655 3029 ἓως
2691 2965 2758 3019 ἂν
2795 2963 2926 3036 ἔλθῃ
2960 2961 3029 3014 τὰ
3063 2957 3400 3026 ἀποκείμενα
3437 2951 3534 3006 αὐ-

296 3045 594 3124 verisimile
634 3074 719 3120 est
761 3063 1134 3120 Samaritanos
1175 3076 1243 3117 ex
1291 3057 1590 3130 prophetiis
1646 3055 1845 3110 Balaau

2089 3069 2182 3121 καὶ
2221 3065 2382 3127 αὐτὸς
2419 3059 2716 3132 προσδοκία
2752 3055 2942 3110 ἐθνῶν.
2988 3064 3007 3104 i
3041 3049 3203 3112 Εἰκὸς
3238 3047 3297 3101 δὲ
3334 3046 3430 3099 καὶ
3468 3045 3534 3095 ἐκ

297 3162 440 3216 idem
485 3171 753 3228 sperasse,
780 3165 835 3211 et
859 3171 922 3209 ex
952 3155 1053 3210 hac
1095 3153 1395 3224 przesertim
1425 3152 1469 3183 ⁶⁹
1496 3167 1511 3204 :
1547 3169 1567 3202 ι
1605 3147 1845 3219 Εειοάίθς

2099 3155 2446 3232 προφητειῶν
2483 3151 2577 3207 τοῦ
2615 3148 2844 3219 Βαλαὰμ
2879 3145 2941 3200 τὸ
2977 3142 3106 3198 αὐτὸ
3144 3137 3340 3232 αὐτοὺς
3377 3133 3535 3232 ἐλπί-

299 3265 389 3310 tur
415 3227 576 3309 homo
604 3269 670 3308 ex
700 3252 908 3307 semine
937 3249 1075 3320 ejus,
1108 3257 1162 3302 et
1211 3245 1582 3302 dominabitur
1615 3245 1845 3316 gentibus

2075 3293 2090 3314 .
2257 3227 2336 3302 τε·
2378 3267 2397 3300 ι
2434 3244 2803 3310 Ἐξελεύσεται
2837 3238 3119 3310 ἄνθρωπος
3151 3235 3216 3286 ἐκ
3244 3229 3338 3283 τοῦ
3374 3227 3540 3321 σπερ-

300 3346 503 3408 multis,
535 3352 589 3399 et
615 3341 944 3398 exaltabitur
970 3319 1195 3409 regnum
1229 3336 1380 3407 Gog,
1409 3345 1464 3390 et
1493 3349 1718 3406 regnum
1752 3332 1845 3401 ejn:

2073 3360 2129 3407 ος
2161 3339 2348 3404 αὐτοῦ,
2381 3339 2475 3394 καὶ
2503 3334 2781 3408 κυριεύσει
2813 3329 2984 3386 ἐθνῶν
3015 3325 3244 3387 πολλῶν,
3274 3321 3369 3375 καὶ
3395 3319 3540 3389 ὑψω-

297 3440 583 3511 augehitur
619 3459 630 3492 :
664 3439 807 3492 Deus
843 3435 1073 3490 deducet
1104 3449 1226 3488 eum
1275 3447 1342 3486 ex
1373 3428 1606 3500 Egypto
1638 3444 1652 3480 :
1698 3427 1845 3497 glori:

2073 3451 2186 3488 εται
2232 3434 2266 3504 ή
2312 3430 2435 3499 Γὼγ
2470 3427 2734 3500 βασιλεία,
2769 3424 2863 3478 καὶ
2907 3419 3276 3511 αὐξηθήσεται
3317 3415 3351 3482 ἡ

297 3499 417 3602 ejus
440 3531 605 3587 veluti
626 3529 799 3600 gloria
826 3529 1102 3582 unicornis
1126 3545 1140 3580 :
1162 3499 1657 3591 devorabitgentes
1686 3519 1837 3574 inimi

2073 3547 2080 3580 ι
2117 3499 2303 3580 αὐτού·
2343 3499 2479 3586 Θεὸς
2514 3520 2793 3590 ὡδήγησεν
2831 3513 2993 3569 αὐτὸν
3031 3510 3088 3578 ἐξ
3126 3505 3425 3577 Αἰγύπτου,
3467 3499 3542 3562 ῶς

298 3639 484 3679 corum
510 3636 750 3683 suorum,
766 3630 821 3674 et
836 3618 1112 3674 crassities
1129 3615 1344 3670 illorum
1363 3613 1593 3667 medulla
1618 3609 1845 3680 privahit

2073 3637 2097 3672 ιι
2136 3613 2500 3689 μονοκέρωτος
2526 3607 2693 3678 αὐτῷ·
2735 3606 2909 3659 ἔδεται
2943 3603 3068 3672 ἔθνη
3108 3598 3314 3670 ἐχθρῶν
3347 3594 3537 3658 αὐτοῦ,

297 3728 353 3770 et
374 3715 569 3784 jaculis
595 3714 710 3770 suis
727 3711 1004 3766 inimicum
1037 3705 1635 3776 impetet:decumhens
1656 3700 1842 3769 requie

2091 3685 2160 3761 τά
2183 3706 2330 3776 πάχη
2351 3701 2529 3757 αὐτῶν
2559 3695 2850 3769 ἐκμυελιεῖ,
2881 3694 2976 3747 καὶ
3000 3693 3115 3755 ταῖς
3146 3688 3343 3760 βολίσιν
3372 3685 3540 3740 αὐτοῦ

299 3807 377 3861 vit
397 3815 453 3860 ut
474 3807 579 3871 leo,
602 3813 657 3860 et
677 3813 734 3858 ut
750 3802 960 3857 catulus
977 3801 1178 3856 leonis:
1197 3799 1318 3869 quis
1331 3796 1593 3852 excitabit
1608 3810 1732 3848 eum
1749 3793 1772 3847 ἲ
1788 3793 1845 3846 he

2073 3797 2352 3864 ατοξεύσει
2397 3790 2607 3864 ἐχθρόν·
2661 3783 3003 3846 κατακλιθεὶς
3049 3780 3158 3851 (97)
3200 3776 3543 3831 ἀνεπαύσατο

304 3898 620 3952 nedicentes
668 3906 719 3950 te
742 3895 1153 3958 benedicentur,
1177 3899 1229 3944 et
1261 3896 1609 3944 exsecrantes
1643 3895 1694 3939 te
1713 3900 1843 3939 exse

2073 3891 2226 3954 λέων,
2261 3886 2356 3942 κα)⁴
2392 3885 2466 3947 ὡς
2499 3880 2755 3952 σκύμνοςο
2789 3875 2872 3940 τίς
2914 3872 3206 3942 ἀναστήσει
3251 3867 3443 3928 αὐτόν;
3492 3864 3568 3917 οῖ’

302 3991 436 4044 crati
462 3990 619 4043 sint.»
642 3987 782 4054 Quin
805 3988 857 4040 in
878 3986 1231 4056 sequentibus
1257 3982 1422 4037 etiam
1450 3979 1623 4049 inquit
1646 3979 1759 4048 ipse
1781 3977 1845 4030 Ba

2073 3980 2320 4052 ογοῦντές
2344 3993 2402 4030 σε
2427 3972 2764 4042 εὐλόγηνται,
2784 3967 2876 4020 καὶ
2893 3967 2941 4019 οἱ
2963 3959 3337 4034 καταρώμενοι
3364 3974 3422 4010 σε
3452 3973 3546 4010 κε-

303 4081 446 4135 laam
475 4081 522 4114 ⁷⁸
551 4095 562 4128 :
596 4099 616 4130 ι
648 4049 929 4148 Ᾰρροτθιιο
955 4049 1106 4142 ἶΙΙὶε,
1149 4085 1204 4131 et
1246 4090 1352 4129 non
1397 4087 1544 4127 nunc
1577 4089 1592 4126 :
1624 4069 1845 4126 heatilic

2073 4049 2330 4148 :ﬁ'pav'cat.
2370 4089 2390 4122 ι
2419 4066 2528 4120 Καὶ
2553 4069 2610 4118 ἐν
2652 4064 2764 4124 τοῖς
2795 4059 2920 4128 ἐξῆς
2963 4057 3021 4110 δέ
3047 4071 3210 4126 φησιν
3237 4051 3394 4113 αὐτὸς
3439 4049 3548 4100 Ba-

304 4183 361 4229 et
409 4189 517 4229 non
563 4172 901 4242 approximat
929 4187 943 4224 :
974 4171 1181 4224 orietur
1229 4177 1434 4222 astrum
1480 4181 1549 4220 ex
1601 4161 1791 4228 Iacob,
1825 4174 1845 4215 ε

2177 4187 2194 4218 ι
2227 4162 2395 4226 Δείξω
2417 4160 2621 4220 αὐτοῖς,
2652 4153 2746 4208 καὶ
2784 4150 2906 4220 οὐχ).
2952 4146 3066 4201 νῦν·
3107 4143 3409 4216 μακαρίζω,
3455 4143 3552 4195 καὶ

307 4275 565 4337 exsurget
595 4267 756 4320 homo
785 4280 852 4320 ex
884 4261 1069 4326 Israel,
1096 4271 1147 4316 et
1178 4258 1485 4315 vulnerabit
1507 4257 1672 4312 duces
1695 4253 1845 4310 Moab

2073 4234 2352 4326 μ’ἐγγίζει·
2384 4249 2631 4306 ἀνατελεῖ
2675 4245 2871 4316 ἄστρον
2917 4239 2976 4305 ἐξ
3030 4235 3246 4299 Ἰακὼϐ,
3289 4234 3381 4288 καὶ
3413 4234 3548 4286 ἀνα-

309 4373 365 4416 οι
387 4325 628 4430 captivos
667 4360 829 4413 ducet
859 4325 1065 4410 omnes
1091 4354 1231 4408 filios
1259 4351 1415 4415 Seth,
1457 4357 1512 4404 et
1554 4348 1660 4402 erit
1707 4346 1845 4399 Edon

2073 4367 2236 4424 ισεται
2289 4344 2572 4416 ἄνθρωπος
2620 4337 2681 4404 ἐξ
2733 4333 2968 4406 Ἰσραὴλ,
3020 4331 3113 4387 καὶ
3159 4325 3380 4400 θραύσει
3425 4326 3554 4386 τούς

1940 2397 2015 2491 γε
2041 2423 2107 2475 ἐκ
2143 2397 2243 2490 τῆς
2281 2415 2531 2486 εὐλογίας
2566 2412 2661 2467 τοῦ
2701 2407 2895 2464 ’ῐακὼϐ
2932 2409 3032 2478 τῆς
3069 2404 3206 2476 πρὸς
3257 2401 3350 2455 τὸν
3387 2397 3524 2491 Ἰού-

1942 2489 2038 2570 δαν
2073 2489 2314 2577 ἐλπίζειν
2365 2508 2530 2563 αὐτοῦ
2567 2505 2788 2560 ἔσεσθαι
2828 2504 2920 2557 καὶ
2963 2500 3062 2572 τὴν
3098 2493 3393 2565 ἐπιδημίαν
3430 2489 3524 2542 λέ-

312 4457 598 4512 haereditas
633 4469 644 4504 :
679 4462 733 4508 et
767 4453 871 4507 erit
899 4451 1184 4506 [nereditas
1212 4449 1353 4502 Esau
1380 4444 1632 4498 inimicus
1661 4441 1800 4510 ejus,
1822 4445 1878 4492 et

314 4549 479 4605 Israel
507 4548 632 4604 fecit
666 4547 720 4600 in
750 4544 1085 4607 fortitudine,
1139 4549 1194 4595 et
1225 4537 1558 4594 excitabitur
1585 4549 1652 4588 ex
1683 4530 1875 4594 Jacob,

313 4651 368 4695 et
397 4640 586 4710 perdet
615 4646 886 4694 servatum
933 4651 1000 4691 ex
1033 4635 1184 4688 urbe.
1229 4651 1247 4684 ι
1279 4630 1536 4699 lnspicies
1583 4639 1714 4678 vero
1746 4635 1876 4676 num

315 4733 459 4789 forte
487 4732 845 4787 Samaritanis
871 4743 1084 4799 quoque
1109 4725 1440 4796 complaceat
1467 4729 1526 4774 ut
1558 4718 1757 4788 Moysis
1785 4716 1878 4771 be-

320 4831 551 4886 nedictio
581 4830 646 4882 ad
675 4829 893 4894 ludam,
931 4827 1200 4880 referatur
1227 4823 1292 4876 ad
1319 4820 1621 4881 Christum,
1673 4814 1752 4870 sic
1779 4814 1879 4867 ha-

320 4923 520 4980 hens"
556 4939 570 4976 :
605 4941 624 4974 ι
658 4921 883 4985 Exaudi,
947 4918 1186 4979 Domine,
1247 4929 1433 4969 vocem
1495 4909 1653 4973 Juda,
1705 4914 1760 4960 et
1809 4903 1878 4959 ad

395 5065 441 5098 ⁸⁸
486 5054 683 5138 Ephes.
729 5079 768 5124 ι,
794 5062 885 5115 21.
927 5061 1006 5138 _“
1046 5060 1172 5127 Sap.
1204 5072 1301 5138 vni:
1330 5055 1438 5138 θῇ,-
1468 5052 1559 5138 ειεξ

326 5138 412 5195 Ιθ.
490 5123 720 5188 “Pium.
748 5147 898 5194 xxiv,
927 5130 960 5184 7
985 5139 1040 5184 et
1065 5123 1180 5198 seq.
1255 5126 1300 5158 '°
1334 5124 1463 5180 ibid.
1493 5123 1556 5176 l7
1592 5129 1646 5176 et
1679 5132 1796 5187 seq.

1660 5049 1705 5081 ⁸⁸
1742 5045 1898 5101 Joan.
1929 5055 2029 5107 xu,
2059 5037 2149 5093 45.
2223 5035 2268 5067 ⁸⁸
2296 5033 2450 5107 Jo_an.
2483 5046 2556 5095 Iv,
2581 5028 2672 5082 ‘25.

1866 5114 1910 5146 "
1941 5103 2093 5166 Deut.
2129 5121 2322 5172 xxxnl,
2352 5103 2405 5157 7.

1980 4419 2255 4516 ἀρὶηγοὺς
2280 4435 2472 4500 Μωάδν
2504 4432 2598 4487 καὶ
2631 4427 2992 4502 προνοί-’λύσει
3021 4423 3227 4481 πάντας
3253 4420 3378 4481 τούς
3403 4419 3558 4479 υἱοὺς

1982 4506 2235 4604 Σίηθξκαὶ
2265 4527 2417 4580 ἔσται
2461 4521 2640 4591 Ἐδὼμ
2667 4513 3018 4589 κληρονομία’
3057 4510 3150 4564 καὶ
3173 4507 3323 4561 ἔσται
3352 4506 3557 4574 κληρο-

1983 4599 2144 4695 νομία
2176 4619 2288 4690 (98)
2327 4615 2494 4671 Ἢσαῦ
2524 4616 2551 4668 ὁ
2573 4611 2762 4682 ἐχθρὸς
2787 4607 2971 4670 αὐτοῦ,
3003 4605 3098 4658 καὶ
3135 4600 3349 4695 Ἰσραὴλ
3370 4599 3560 4667 ἐποίη-

1987 4691 2076 4770 σεν
2103 4717 2160 4768 ἐν
2190 4711 2354 4783 ίσχύῖ,
2388 4707 2483 4762 καὶ
2515 4701 2924 4774 ἐξεγερθήσεται
2954 4699 3012 4765 ἐξ
3057 4694 3272 4756 Ἶακὼὸ,
3295 4691 3390 4746 καὶ
3425 4693 3559 4744 ἀπο-

1981 4808 2064 4860 λεῖ
2090 4781 2391 4874 σωζόμενον
2432 4802 2496 4853 ἐκ
2533 4797 2762 4859 πόλεως.
2801 4813 2820 4846 ι
2870 4790 3217 4859 Ἐπιστήσεις
3241 4786 3298 4838 δὲ
3327 4785 3376 4837 εἰ
3404 4782 3502 4836 καὶ
3526 4781 3560 4850 ἡ

1983 4897 2079 4953 τού
2107 4894 2383 4957 Μωῦσὲως
2415 4891 2547 4962 πρὸς
2594 4887 2791 4942 Ἰούδαν
2819 4881 3038 4951 εὐλογία
3065 4880 3145 4942 είς
3178 4874 3408 4948 Χριστὸν
3430 4875 3560 4927 ἀνα-

2771 5025 2816 5057 ⁶⁷
2851 5021 2988 5079 Gen.
3017 5035 3164 5084 xLIx,
3191 5016 3246 5072 8.
3351 5015 3396 5046 ⁸⁸
3425 5014 3556 5068 ibid.

404 5252 514 5322 (9'5)
549 5249 658 5304 Καὶ
690 5246 1234 5322 λέγεινηίἰὶοιιιε-οει
1265 5243 1317 5297 in
1343 5255 1476 5296 mss.
1517 5237 1657 5306 Quid
1707 5245 1888 5290 autem
1996 5223 2343 5322 ipsum-quod
2374 5229 2482 5285 est,
2522 5217 2727 5273 habere
2786 5229 2868 5280 se,
2897 5209 3023 5280 quia
3072 5205 3238 5262 Pater
3257 5203 3516 5260 dedisset.
3543 5219 3560 5252 ι

334 5315 507 5384 desit."
526 5323 648 5374 aliis
677 5315 1024 5373 divinandum
1056 5315 1321 5382 relinquo.

405 5373 515 5465 (θλ)
529 5373 640 5445 ibi),
657 5389 1040 5465 συγκρίνεται
1073 5384 1196 5439 κατ’
1215 5373 1415 5465 ὀὐδέν’
1433 5379 1511 5461 τῷ
1526 5373 1896 5465 Perga}?—

337 5448 614 5525 vatianus.
645 5477 738 5514 seu
751 5448 1009 5526 'qnisquis
1036 5467 1240 5526 auctor
1256 5466 1338 5508 est
1362 5449 1591 5526 lihri‘De
1615 5448 1896 5526 Ττὶηὲιρέε,

342 5514 436 5602 qui
468 5514 735 5602 Ope—ribus
777 5514 1096 5602 Tertulliaqi
1159 5520 1589 5602 adjunginsolet,
1623 5531 1742 5602 Capi.

351 5574 375 5650 ἶ
409 5574 666 5665 Οιῖξιῗιῖνῐξ
708 5574 850 5655 cnim
876 5614 933 5653 se
955 5613 1019 5652 ex
1055 5597 1161 5650 Deo
1201 5574 1362 5666 est};
1395 5574 1588 5645 Deum'
1619 5574 1738 5640 esse
1790 5597 1906 5666 Ine-
2005 5574 2504 5666 Re;glt‘s,nlé¥pv13,

352 5662 614 5734 iniiiisset,
655 5686 924 5738 nunquam
959 5684 1018 5723 se
1050 5668 1157 5720 Deo
1213 5662 1356 5718 Patri
1412 5671 1504 5738 autt
1536 5662 1905 5738 comparavit,

355 5722 445 5791 aut
472 5722 720 5807 contulit,
750 5722 955 5794 memor
987 5753 1046 5795 se
1082 5749 1201 5791 esse
1237 5750 1300 5791 ex
1328 5747 1424 5788 suo
1454 5722 1613 5785 Patre
1639 5722 1670 5793 ,“
1704 5735 1754 5779 et
1805 5722 1910 5778 hoc

1997 5299 2318 5436 ιιυβέςυῗὲαι
2342 5360 2535 5436 ἀτμίς.
2573 5353 2862 5436 Perionius
2901 5349 3052 5436 legit,
3089 5341 3416 5436 Ϋκαξάκτίς,
3471 5343 3567 5400 sed

1998 5417 2356 5503 ex‘VS—apﬂu,
2379 5417 2471 5503 ἐξ,
2491 5417 2727 5503 omnino
2763 5421 3104 5503 retinendum
3139 5417 3323 5503 ἀτμίςἰ

2073 5485 2376 5578 (εἷοῖἁοᾱά.
2418 5485 2743 5553 Βοιιιοὶοιιιιε
2772 5503 2826 5547 et
2874 5485 3224 5551 Barherinus,
3273 5485 3564 5554 λέγοντος·

2073 5578 2227 5619 mins-
2258 5574 2504 5619 λέγοντα.
2542 5568 2702 5619 male.

2080 5584 2228 5645 :gius,
2260 5584 2504 5641 λεγοντα,
2542 5584 2702 5620 utate.

2080 5647 2190 5711 (97)
2225 5644 2407 5699 Codex
2445 5639 2666 5711 Reginis.
2703 5632 2798 5711 καὶ
2822 5629 3181 5711 κατακλιθείς.

2223 5697 2365 5770 Idctn
2385 5697 2556 5769 coch
2590 5697 2809 5779 Regius,
2853 5705 2890 5774 η
2923 5697 3272 5758 κλτοονομία,
