3702 6142
167 315 260 372 M5

1185 295 1537 354 COMMENT.
1575 294 1643 351 IN
1678 291 1872 349 JOAN.
1911 288 2150 348 TOMUS
2180 287 2320 342 Xlll.

3262 277 3370 334 4-56

170 427 399 503 φέρεσθαι
424 421 516 477 καὶ
543 422 654 485 τοῖς
705 418 1050 491 Σαμαρεῦσιν
1086 415 1151 470 ἂν
1185 414 1482 484 συνδοκοίη,
1533 413 1694 476 οὕτως

1877 408 2060 479 pulum
2112 421 2248 473 ejus,
2293 416 2496 473 quaeso,
2537 399 2727 455 venias
2764 413 2778 450 :
2811 409 3001 452 manus
3041 393 3162 464 ejus
3207 394 3368 448 simul

166 526 356 596 ἐχουσα’
407 536 425 568 t
461 516 812 576 Είσὰκουσον,
845 510 1034 581 Κύριε,
1064 507 1244 578 φωνὴν
1289 506 1477 569 Ἰούδα,
1506 507 1600 558 καὶ
1626 506 1705 567 εἰς

165 593 243 666 τδν
262 610 376 663 λαὸν
405 605 562 660 αὐτοῦ
595 603 770 666 ἔλθοις
800 603 884 656 ἄν·
918 601 976 652 αί
1012 601 1192 670 χεῖρες
1222 595 1385 650 αὑτοῦ
1420 596 1537 665 ἅμα
1581 593 1704 665 κρί-

165 716 324 757 νουσιν
355 695 520 765 αὐτῷ,
551 695 647 746 καὶ
679 690 870 763 βοηθὸς
909 691 974 742 ἐκ
1022 686 1130 739 τῶν
1165 685 1373 756 ἐχθρῶν
1405 683 1569 737 αὐτοῦ
1595 681 1704 753 (99)

165 795 267 867 ἔσῃ.
306 810 322 842 ι
361 789 509 842 Ἐπεὶ
546 787 605 840 δὲ
648 784 871 854 αὐχοῦσι
915 781 1257 852 πατριάρχην
1301 778 1575 847 Σαμαρεῖς
1613 775 1706 828 τὸν

176 865 366 952 Ἰωσὴφ,
402 878 659 947 ἐφίστημι
688 876 894 946 μήποτε
919 875 1018 943 τήν
1052 888 1112 924 τε
1146 869 1240 922 τοῦ
1275 865 1468 922 Ἰακὼϐ
1495 869 1574 928 εἰς
1612 865 1705 918 τὸν

175 975 345 1044 Ἰωσήφ
366 987 510 1034 τινες
552 967 797 1034 εὐλογίαν
839 964 1006 1034 αὐτῷ,
1054 962 1148 1016 καὶ
1180 960 1279 1032 τὴν
1309 960 1402 1014 τοῦ
1430 957 1705 1020 Μωῦσέως

162 1063 436 1128 ἐκδέξονται
478 1057 729 1128 λέγεσθαι
761 1059 838 1120 εἰς
866 1057 966 1126 τὴν
1006 1052 1240 1124 Χριστοῦ
1264 1050 1582 1122 παρουσίαν.
1614 1046 1704 1118 Τῷ

162 1153 210 1206 δὲ
237 1149 525 1222 βουλομένῳ
556 1147 770 1211 ἐξέσται
816 1145 908 1198 ἀπ’
940 1143 1110 1211 αὐτῆς
1138 1141 1236 1212 τῆς
1275 1139 1496 1212 Γραφῆς
1522 1137 1704 1192 λαϐεῖν

163 1244 223 1298 τὰ
246 1242 392 1314 ῥητά·
415 1242 510 1294 καὶ
531 1238 694 1302 αὐτὸς
712 1237 769 1289 δὲ
797 1238 828 1290 6
868 1235 1078 1305 Σωτὴρ,
1103 1233 1255 1298 εἰδὼς
1275 1231 1512 1286 Μωῦσέα
1535 1229 1704 1282 πολλὰ

162 1327 554 1400 ἀναγεγραφότα
575 1326 672 1396 τῆς
695 1325 820 1396 περὶ
840 1322 1076 1394 Χριστοῦ
1100 1321 1434 1394 προφητείας
1456 1319 1555 1392 (1),
1581 1319 1714 1391 φησὶ

161 1426 257 1487 τοῖς
277 1419 561 1482 Ἰουδαίοις·
588 1437 606 1470 ι
630 1419 693 1470 Ei
717 1414 1027 1470 ἐπιστεύετε
1049 1415 1295 1480 Μωῦσεῖ,
1315 1411 1628 1466 ἐπιστεύετε
1647 1411 1715 1465 ἂν

162 1512 286 1585 ἐμοί’
307 1511 430 1582 περὶ
465 1509 578 1581 γὰρ
617 1505 752 1577 ἐμοῦ
778 1507 983 1567 ἐκεῖνος
1023 1503 1248 1575 ἔγραψε.
1281 1521 1300 1554 ›
1325 1500 1582 1564 Τυπικῶς
1617 1501 1714 1571 μὲν

163 1604 243 1661 οὖν
264 1604 350 1658 καὶ
373 1598 788 1672 αἰνιγματωδῶς
823 1596 1203 1666 ἀναφερόμενα
1243 1596 1323 1658 είς
1364 1594 1455 1648 τὸν
1480 1591 1716 1664 Χριστὸν

161 1695 252 1749 τῶν
275 1691 776 1763 ἀναγεγραμμένων
803 1690 860 1741 ἐν
889 1687 966 1757 τῷ
990 1686 1158 1757 Νόμῳ
1185 1685 1412 1738 πλεῖστα
1435 1685 1537 1737 ὅσα
1570 1682 1715 1734 ἔστιν

1800 500 2044 569 iudicant
2072 511 2219 560 eum,
2248 501 2306 548 et
2328 491 2542 559 adjutor
2564 489 2668 545 sibi
2699 488 2768 544 ab
2801 487 3036 542 inimicis
3065 487 3182 554 ejus
3202 486 3364 539 eris.)

1806 591 1911 646 Sed
1942 587 2197 659 quoniam
2246 585 2550 655 gloriantur
2599 579 2928 635 Samaritani
2965 579 3033 633 de
3062 577 3368 648 patriarcha

1803 681 2025 749 Joseph,
2053 676 2211 748 237
2242 673 2470 745 inspicio
2507 686 2636 726 num
2684 670 2826 725 forte
2868 667 3033 737 aliqui
3074 677 3129 722 et
3148 667 3370 720 benedi-

1805 777 2042 830 ctionem
2091 767 2261 824 Jacob
2287 767 2353 820 ad
2380 763 2599 832 Ioseph,
2629 769 2684 817 et
2714 759 3144 816 benedictionem
3170 755 3369 831 Moysis

1805 863 2078 933 accipiant
2118 859 2224 915 dici
2272 856 2341 912 de
2382 852 2582 910 Christi
2627 853 2882 906 adventu.
2935 849 3144 904 Poterit
3189 856 3370 902 autem

1804 955 2048 1026 quisquis
2075 950 2309 1005 voluerit
2338 963 2405 1003 ex
2444 947 2560 1016 ipsa
2605 942 2886 1012 Scriptura
2927 953 3144 994 sumere
3181 937 3368 993 verba.

1803 1046 1946 1114 Quin
1979 1045 2241 1100 Servator
2266 1041 2384 1110 ipse
2415 1038 2596 1094 sciens
2627 1034 2842 1103 Moysen
2870 1031 3039 1086 multa
3069 1029 3138 1084 de
3161 1029 3372 1085 Messian

1803 1137 2084 1209 prophetia
2116 1133 2428 1203 scripsisse,
2463 1129 2530 1183 ad
2552 1124 2770 1182 Iudaeos
2794 1123 2973 1194 inquit
3005 1137 3021 1176 :
3057 1140 3076 1173 ι
3114 1121 3172 1176 Si
3202 1119 3370 1192 Moysi

1803 1227 2122 1292 crederetis,
2151 1223 2450 1281 crederetis
2493 1221 2656 1274 etiam
2694 1216 2849 1280 mihi,
2885 1215 2954 1270 de
2986 1229 3071 1268 me
3103 1213 3246 1268 enim
3279 1212 3370 1266 ille

1804 1321 2021 1391 scripsit
2065 1321 2134 1377 ⁷⁸.
2187 1337 2206 1370 ι
2257 1313 2622 1384 Quamobrem
2671 1307 3066 1378 quamplurima
3127 1305 3369 1359 invenire

1804 1413 1926 1468 licet
1957 1411 2160 1480 scripta
2195 1408 2246 1462 in
2279 1408 2400 1476 lege
2431 1413 2542 1456 tum
2580 1400 2760 1470 typice
2789 1406 2997 1467 aperte,
3035 1405 3144 1448 tum
3173 1395 3372 1448 obscu-

1804 1521 1886 1571 re,
1937 1518 2056 1573 quas
2088 1500 2400 1556 referantur
2427 1494 2493 1548 ad
2546 1491 2843 1548 Christum.
2904 1490 3190 1557 Apertiora
3245 1500 3372 1539 vero

1803 1597 1904 1651 alia
1938 1608 1994 1651 et
2029 1593 2401 1649 manifestiora
2437 1595 2634 1657 praeter
2687 1583 2822 1648 litec,
2850 1596 2949 1652 ego
2983 1582 3036 1634 in
3086 1578 3372 1650 praesentia

1806 1705 1911 1744 non
1949 1687 2128 1742 video.
2155 1687 2379 1742 Messias
2407 1686 2624 1756 quidem
2655 1684 2835 1754 lingua
2868 1681 3209 1736 llebrarorum
3233 1677 3372 1732 dici-

162 1787 340 1851 εὑρεῖν·
368 1756 433 1854 γυ
703 1782 761 1836 δὲ
785 1782 880 1834 καὶ
905 1756 1214 1850 σαφέστερα
1240 1778 1349 1847 ἐγὼ
1375 1778 1473 1848 οὐχ
1491 1774 1603 1846 όρῶ
1625 1775 1694 1826 ἐπ

1876 1795 1914 1842 r,
1953 1778 2097 1848 quod
2123 1777 2473 1848 Septuaginta
2511 1774 2855 1844 interpretati
2894 1781 3040 1838 sunt,
3094 1768 3372 1833 Christus;

160 1879 240 1932 τοῦ
268 1879 531 1951 παρόντος
562 1876 698 1930 ἄλλα
726 1874 851 1928 τινὰ
889 1873 1043 1944 παρὰ
1081 1872 1276 1928 ταῦτα.
1315 1869 1556 1932 Μεσσίας
1591 1867 1716 1940 μέν-

160 1989 288 2040 τοιγε
319 1971 618 2040 Ἐϐραϊστὶ.
649 1968 914 2022 καλεῖται.
938 1968 1075 2036 ὅπερ
1095 1967 1144 2018 οἱ
1173 1967 1270 2036 μὲν
1293 1962 1713 2033 Ἑϐδομήκοντα,

160 2067 417 2133 Χριστός,
460 2063 814 2135 ὴρμήνευσαν
835 2077 849 2091 ·
883 2062 912 2115 6
941 2060 999 2114 δὲ
1027 2057 1279 2122 Ἀκύλας,
1318 2053 1714 2124 Ἡλειμμένος.

223 2155 306 2210 27.
330 2151 648 2225 Θεωρητέον
676 2149 771 2204 καὶ
792 2147 873 2200 τό·
911 2166 930 2199 t
967 2146 1135 2199 Ὅταν
1159 2143 1286 2215 ἔλθῃ
1309 2143 1534 2205 ἐκεῖνος,
1552 2141 1720 2208 ἀναγ-

159 2247 291 2317 γελεῖ
335 2247 462 2316 ἡμῖν
506 2237 742 2306 ἅπαντα,
785 2258 804 2291 ι
841 2238 1068 2310 πότερον
1110 2235 1220 2290 ἀπὸ
1270 2232 1616 2305 παραδόσεως
1647 2232 1714 2302 τῇ

159 2337 487 2410 Σαμαρείτιδι
523 2336 757 2406 εἴρηται,
797 2333 829 2402 ἢ
869 2330 977 2384 ἀπὸ
1002 2329 1096 2382 τοῦ
1133 2328 1338 2399 Νόμου.
1376 2327 1488 2381 Οὐκ
1520 2327 1719 2395 ἀγνοη-

157 2432 264 2484 τέον
319 2430 587 2501 μέντοιγε,
614 2428 718 2489 ὅτι,
772 2424 960 2494 ὥσπερ
990 2421 1098 2475 ἀπὸ
1133 2419 1399 2474 Ἰουδαίων
1436 2419 1636 2488 ἀνέστη
1687 2418 1716 2470 6

169 2522 354 2594 Ἰησοῦς
381 2521 615 2593 Χριστὸς
638 2515 777 2572 εἶναι
805 2516 881 2588 (2)
925 2517 986 2568 οὐ
1022 2515 1178 2585 μόνον
1223 2513 1416 2582 λέγων,
1449 2513 1584 2566 ἀλλὰ
1623 2511 1717 2565 καὶ

156 2614 476 2678 ἀποδεικνύςο
523 2611 693 2674 οὕτως
725 2609 832 2663 ἀπὸ
869 2606 1168 2681 Σαμαρέων
1213 2605 1459 2668 Δοσίθεός
1493 2603 1568 2675 (5)
1631 2619 1716 2666 τις

157 2705 373 2769 ἀναστὰς
400 2705 638 2774 ἔφασκεν
664 2699 853 2755 ἑαυτὸν
902 2694 1042 2752 εἶναι
1079 2697 1170 2751 τὸν
1203 2692 1716 2765 προπεφητευμένον

156 2800 386 2870 Χριστὸν,
419 2798 516 2866 ἀφ’
557 2789 616 2850 οὗ
656 2794 813 2866 δεῦρο
850 2793 1012 2865 μέχρι
1051 2791 1186 2843 εἰσὶν
1217 2790 1265 2842 οἱ
1295 2785 1586 2840 Δοσιθεινοὶ
1614 2785 1713 2856 (4),

156 2893 390 2963 φέροντες
419 2891 519 2943 καὶ
559 2888 773 2959 βίϐλους
793 2886 888 2939 τοῦ
920 2883 1194 2945 Δοσιθέου,
1220 2882 1314 2935 καὶ
1346 2879 1546 2952 μύθους
1563 2878 1716 2943 τινὰς

155 2985 269 3055 περὶ
295 2983 452 3037 αὐτοῦ
490 2980 854 3052 διηγούμενοι,
883 2976 958 3040 ὡς
992 2976 1067 3046 μὴ
1087 2972 1426 3044 γευσαμένου
1461 2970 1713 3036 θανά-του,

155 3076 254 3128 ἀλλ’
278 3077 331 3126 ὲν
358 3073 433 3145 τῷ
465 3073 568 3144 βίῳ
604 3089 707 3125 που
735 3069 1111 3139 τυγχάνοντος.
1157 3065 1267 3118 Καὶ
1294 3062 1472 3116 ταῦτα
1514 3062 1610 3133 μὲν
1643 3062 1771 3149 ὼςο

155 3167 276 3236 πρὸς
301 3167 394 3238 τὴν
425 3165 596 3232 λέξιν.
631 3162 790 3216 Ἀλλὰ
811 3161 906 3213 καὶ
930 3161 964 3231 ἡ
989 3156 1291 3230 ἐτερόδοξος
1313 3153 1464 3226 παρὰ
1481 3156 1547 3225 τῇ
1566 3155 1715 3224 πηγῇ

155 3256 238 3308 τοῦ
291 3256 504 3321 Ἰακὼϐ,
565 3255 759 3326 φρέατι
809 3252 900 3305 ὑπ’
953 3249 1122 3319 αὐτῆς
1162 3243 1300 3300 εἶναι
1354 3243 1716 3316 νομιζομένῳ,

154 3349 328 3421 γνώμη
363 3351 460 3421 (5),
495 3350 558 3402 ὃν
590 3345 959 3417 ὑπολαμϐάνει
990 3339 1127 3396 εἶναι
1161 3340 1492 3409 τελειότερον
1522 3335 1715 3404 Λόγον,

154 3441 323 3496 τοῦτον
341 3441 578 3512 Χριστὸν
603 3435 944 3509 ὀνομάζουσά
967 3449 1152 3505 φησιν·
1182 3452 1200 3484 ι
1227 3432 1392 3485 Ὅταν
1419 3428 1546 3500 ἔλθῃ
1575 3430 1718 3481 ἐκεί-

153 3552 252 3600 νος,
310 3533 601 3603 ἀναγγελεῖ
637 3533 766 3602 ἡμῖν
818 3529 1054 3583 ἅπανταο
1095 3545 1114 3578 ι
1167 3523 1357 3596 παρὼν
1396 3523 1454 3575 δὲ
1495 3523 1632 3593 αὐτῇ
1689 3524 1716 3576 ὁ

155 3626 604 3696 προσδοκώμενος,
651 3623 748 3676 καὶ
793 3619 1162 3691 ὲλπιζόμενος,
1197 3616 1332 3689 φησὶ
1366 3615 1446 3669 τόο
1484 3634 1503 3666 ι
1579 3613 1742 3682 Ἐγώ,

153 3722 255 3791 εἰμι
285 3723 312 3773 6
336 3718 515 3772 λαλῶν
551 3733 654 3770 σοι.
687 3733 707 3766 ι
742 3711 885 3785 Ὅρα
916 3711 972 3764 δὲ
1002 3709 1096 3765 καὶ
1140 3709 1233 3764 τὸν
1286 3706 1636 3779 ’Ἡρακλέωνα
1662 3705 1716 3758 τί

155 3811 291 3880 φησί’
319 3810 466 3878 λέγει
486 3807 619 3879 γὰρ,
659 3807 741 3860 ὅτι
781 3823 801 3857 ι
840 3802 1256 3876 Προσεδέχετοὴ
1301 3797 1600 3870 Ἐκκλησία
1624 3796 1716 3850 τὸν

152 3902 388 3974 Χριστὸν,
436 3901 533 3955 καὶ
566 3899 856 3952 ἐπέπειστο
900 3895 1030 3968 περὶ
1073 3889 1262 3959 αὑτοῦ,
1307 3892 1390 3946 ὅτι
1436 3888 1506 3942 τὰ
1539 3887 1717 3942 πάντα

155 3993 301 4063 μόνος
327 3993 537 4054 ἐκεῖνος
571 3989 882 4043 ἐπίσταται.
917 4004 938 4037 ι

207 4083 294 4138 28.
331 4103 350 4134 ι
379 4082 547 4151 Λέγει
574 4081 711 4152 αὐτῇ
740 4081 770 4134 6
793 4076 1022 4150 Ἰησοῦς·
1045 4073 1192 4146 Ἐγώ
1215 4074 1331 4145 εἰμι
1348 4071 1380 4125 6
1407 4068 1585 4125 λαλῶν
1606 4079 1710 4120 σοι’

145 4190 232 4243 καὶ
259 4191 348 4244 ἐπὶ
381 4189 544 4243 τοῦτο
575 4185 738 4261 ἦλθον
764 4187 813 4240 οἱ
849 4185 1089 4257 μαθηταὶ
1121 4180 1318 4247 αὑτοῦ,
1351 4179 1446 4234 καὶ
1475 4175 1716 4245 ἐθαύμα-

148 4293 249 4361 ζον,
276 4297 357 4351 ὅτι
388 4296 532 4368 μετὰ
561 4293 821 4364 γυναικὸς
846 4292 1056 4346 ἐλάλει·
1087 4288 1260 4352 οὐδεὶς
1285 4285 1531 4358 μέντοιγε
1560 4275 1712 4334 εῐπε⁶

147 4399 206 4453 Τί
235 4399 447 4472 ζητεῖς,
492 4401 528 4471 ἢ
571 4400 622 4453 τί
665 4397 842 4461 λαλεῖς
887 4395 1002 4469 μετ’
1045 4392 1250 4462 αὐτῆς;
1305 4408 1324 4441 ι
1371 4383 1638 4458 Ζητητέον
1665 4379 1720 4435 εῐ

147 4522 240 4558 που
271 4509 299 4560 ὁ
324 4505 564 4578 Χριστὸς
595 4505 786 4559 ἐαυτὸν
828 4498 1247 4574 εὐηγγελίσατο,
1275 4495 1371 4549 καὶ
1400 4487 1717 4561 συγκριτέον

145 4610 306 4667 ταῦτα
329 4613 604 4685 ἀλλήλοις,
631 4611 838 4677 ὥσπερ·
862 4627 880 4661 t
910 4605 1057 4676 Ἐγὼ
1079 4607 1193 4676 είμι
1216 4604 1244 4656 6
1273 4595 1566 4673 μαρτυρῶν
1592 4589 1720 4662 περὶ

144 4717 386 4786 ἐμαυτοῦ,
420 4719 520 4771 καὶ
555 4717 816 4787 μαρτυρεῖ
845 4711 976 4784 περὶ
1003 4706 1136 4780 ἐμοῦ
1169 4708 1199 4762 6
1229 4705 1451 4777 πέμψας
1488 4722 1556 4776 με
1589 4702 1708 4756 Πα-

142 4811 254 4884 ’νεήρ⁸
278 4830 295 4863 ›
335 4811 430 4864 καὶ
461 4811 522 4862 ἐν
541 4807 635 4879 τῷ’
668 4825 687 4859 ι
712 4807 775 4859 Et
800 4802 1109 4859 ἐπιστεύετε
1125 4800 1368 4863 Μωῦσεί,
1393 4795 1707 4850 ἐπιστεύετε

141 4897 202 4951 ἂν
231 4899 367 4970 ἐμοί’
397 4898 530 4971 περὶ
567 4898 675 4970 γὰρ
706 4895 840 4968 ἐμοῦ
861 4896 1068 4957 ἐκεῖνος
1099 4890 1326 4964 ἐγραψεο
1373 4907 1392 4941 ι
1449 4887 1545 4941 καὶ
1573 4886 1626 4940 εἴ
1653 4901 1709 4939 τι

205 5037 247 5067 τ’
267 5035 419 5092 Joan.
451 5053 504 5102 ν,
532 5036 622 5092 46.
722 5037 768 5070 ⁷³
789 5036 945 5094 Joan.
980 5053 1054 5104 tv,
1091 5035 1183 5092 25.
1287 5033 1334 5066 ⁷⁸
1357 5032 1488 5089 ibid.
1512 5031 1601 5087 26.

210 5165 316 5238 (99)
343 5166 531 5219 Codex
560 5166 783 5238 Regius.
807 5170 1007 5224 αὐτῶν.

210 5234 283 5304 (1)
330 5234 722 5309 Προφῃτείᾶς.
771 5239 826 5292 In
882 5241 1122 5309 margine
1170 5253 1377 5294 coalcls
1425 5237 1706 5294 Bodleiani

147 5304 461 5382 admonetur
495 5304 1301 5382 ΐρτιοβιεεεη-ιιυιιιπαρουσίας.

207 5375 282 5505 g)
315 5374 577 5456 Χριστὸς
598 5373 771 5459 clara}.
812 5377 867 5433 In
895 5373 1129 5434 editione
1162 5373 1341 5460 llttetii
1386 5379 1539 5434 deest
1573 5379 1709 5450 Χρι-

269 5484 283 5505 .
313 5449 407 5500 sed
444 5454 753 5502 restituitur
783 5463 814 5503 e
857 5451 1015 5504 codd.
1064 5449 1359 5505 Bodleiano
1409 5458 1466 5504 et
1504 5449 1708 5504 Barbe-

148 5449 283 5524 σςιός,
313 5449 407 5500 sed
444 5449 753 5502 restituitur
783 5463 814 5503 e
857 5451 1015 5504 codd.
1064 5449 1359 5506 Bodleiano
1409 5458 1466 5504 et
1504 5449 1708 5504 Barbe-

152 5527 282 5566 l'Ino.

215 5584 287 5651 (5)
313 5584 615 5657 ᾼοσιθεος,
642 5596 748 5642 etc.
779 5587 1037 5657 Origenes
1059 5589 1151 5643 lib.
1184 5604 1202 5642 ι
1248 5599 1434 5643 contra
1471 5586 1703 5652 Celsum,

153 5665 300 5725 nutu.
332 5653 422 5718 57,
453 5664 508 5709 et
566 5659 658 5712 lib.
697 5673 771 5721 Vl,
808 5653 974 5723 mihi.
1023 5660 1128 5725 ll;
1181 5658 1362 5713 Tract.
1426 5674 1575 5712 xxv"
1649 5658 1702 5710 in

157 5719 360 5791 Matth,
385 5739 508 5796 pag.
541 5726 664 5794 851,
705 5719 970 5785 ethomil.
998 5729 1069 5784 Q5
1107 5719 1163 5784 in
1195 5728 1350 5796 Lttc.,
1403 5745 1525 5800 pag.
1563 5726 1699 5794 962;

1709 5031 1755 5063 ⁷³
1785 5029 1914 5086 ibid.
1956 5027 2048 5093 ‘26,
2083 5027 2173 5080 27.
2251 5023 2472 5080 "Joan.
2507 5041 2556 5091 ν,
2591 5025 2678 5091 5|,
2713 5025 2800 5079 37.

1802 1868 2025 1938 Aquilas
2049 1883 2197 1932 vero,
2232 1865 2276 1920 U
2284 1874 2454 1919 nctus.

1872 2134 1963 2188 27.
1996 2133 2318 2189 Intuendum
2347 2142 2404 2188 et
2430 2132 2558 2187 illud
2588 2146 2606 2188 :
2643 2149 2663 2184 ι
2695 2131 2830 2186 Cum
2879 2128 3093 2184 venerit
3142 2127 3256 2193 ille,
3285 2141 3380 2182 an-

1801 2226 2072 2280 nuntiabit
2109 2225 2262 2280 nobis
2295 2223 2478 2280 omnia
2511 2223 2578 2288 ⁷⁸,
2615 2242 2635 2273 δ
2673 2231 2856 2277 utrum
2888 2235 2956 2275 ex
2995 2218 3285 2274 traditione
3319 2217 3376 2272 id

1803 2316 2005 2371 dixerit
2050 2313 2362 2380 Samaritis,
2412 2329 2482 2367 an
2509 2328 2577 2368 ex
2634 2312 2772 2381 lege.
2805 2309 2918 2364 Nec
2953 2324 3084 2364 sane
3112 2307 3374 2379 ignoran-

1803 2409 1929 2464 dum
1959 2416 2065 2473 est,
2095 2416 2154 2461 ut
2176 2405 2333 2461 Jesus
2376 2406 2618 2475 seipsum
2648 2419 2756 2458 non
2803 2402 2978 2458 solum
3009 2416 3132 2456 esse
3180 2416 3246 2454 ex
3277 2397 3378 2454 Ju-

1803 2499 1932 2554 da:is
1966 2498 2215 2553 Messiam
2247 2499 2487 2564 dicebat,
2516 2497 2610 2551 sed
2635 2496 2800 2550 etiam
2825 2493 3257 2560 demonstrabat;
3293 2493 3376 2548 sic

1804 2591 2114 2646 Dositheutn
2148 2591 2314 2645 etiam
2341 2588 2629 2659 quemdam
2667 2587 2947 2643 exstitisse
2976 2601 3044 2640 ex
3070 2585 3374 2640 Samarita-

1803 2680 1910 2744 nis,
1943 2680 2032 2747 qui
2067 2680 2309 2747 seipsum
2361 2677 2569 2731 diceret
2625 2675 2874 2732 Messiam
2916 2677 3378 2746 prophetatum,a

1803 2784 1910 2838 quo
1930 2781 2101 2837 usque
2159 2783 2300 2822 nunc
2355 2766 2654 2822 Dositheini
2707 2775 2858 2831 sunt,
2921 2765 3088 2821 libros
3132 2764 3378 2821 Dosithei

1803 2860 2268 2922 circumferentes,
2299 2868 2354 2912 et
2385 2857 2594 2912 fabulas
2622 2857 2886 2925 quasdam
2941 2865 3263 2910 enarrantes
3310 2856 3378 2908 de

1802 2965 1886 3017 eo,
1915 2950 2143 3021 perinde
2191 2951 2348 3019 quasi
2381 2949 2469 3003 ille
2498 2963 2604 3003 non
2637 2948 2880 3017 perierit,
2941 2948 3036 3002 sed
3090 2945 3288 3001 alicubi
3321 2945 3378 3001 in

1803 3043 1907 3097 hac
1936 3042 2046 3096 vita
2083 3042 2262 3112 degat.
2321 3041 2386 3095 Et
2423 3043 2536 3095 hinc
2568 3041 2808 3110 quidem,
2849 3039 2992 3110 quod
3025 3038 3093 3094 ad
3127 3038 3380 3095 lectionis

1806 3133 2002 3189 seriem
2049 3133 2268 3187 attinet.
2311 3130 2451 3197 Quin
2513 3131 2679 3185 etiam
2724 3131 2956 3186 diversae
3001 3138 3162 3186 sectae
3185 3129 3380 3184 mulier

1805 3227 1945 3298 apud
2003 3225 2204 3280 fontem
2243 3222 2432 3287 Jacob,
2461 3237 2620 3292 queui
2669 3232 2888 3291 puteum
2937 3222 3184 3298 putabat,
3217 3234 3378 3290 quem

1809 3293 1986 3374 mente
2014 3318 2321 3387 suspicatur
2352 3331 2472 3371 esse
2530 3314 2912 3386 perfectiorem
2939 3293 3150 3383 Λόγον,’
3166 3313 3243 3385 [id
3297 3320 3383 3368 est

1811 3433 1832 3468 ι
1875 3413 2217 3476 Sermonem,
2252 3408 2300 3482 ι]
2341 3411 2484 3465 hunc
2513 3409 2791 3464 Christum
2827 3409 3118 3462 nominans
3147 3407 3324 3476 inquit
3361 3422 3376 3460 :

1811 3525 1831 3558 ι
1868 3507 2001 3562 Cum
2051 3505 2262 3560 venerit
2325 3502 2436 3571 ille,
2503 3500 2850 3556 annuntiabit
2903 3501 3060 3555 nobis
3103 3501 3316 3561 omnia;
3353 3518 3374 3552 ι

1807 3613 2048 3667 praesens
2073 3606 2252 3650 autem
2284 3610 2408 3650 cum
2444 3603 2589 3648 esset
2622 3592 2712 3646 ille
2745 3591 2836 3660 qui
2881 3600 2936 3645 et
2963 3591 3381 3660 exspectabatur

1805 3699 1858 3746 et
1885 3687 2203 3756 sperabatur
2231 3704 2245 3740 :
2285 3704 2304 3738 ι
2335 3683 2445 3754 Ego
2497 3697 2634 3748 sum,
2667 3681 2760 3750 qui
2793 3691 2966 3736 tecum
2997 3681 3205 3750 loquor,
3237 3697 3256 3730 ι
3296 3678 3382 3732 in-
3459 3691 3462 3694 ‘

1806 3782 1922 3852 quit
1944 3782 2008 3834 ⁷⁸.
2035 3779 2141 3834 Sed
2169 3778 2288 3833 vide
2313 3777 2442 3847 quid
2467 3776 2762 3831 Heracleon
2789 3775 2963 3840 dicat;
2991 3773 3168 3844 inquit
3191 3771 3334 3827 enim
3361 3788 3376 3823 :

1810 3889 1829 3922 ι
1885 3869 2232 3940 Exspectabat
2284 3867 2524 3922 Ecclesia
2583 3867 2900 3932 Christum,
2949 3875 3004 3921 et
3061 3879 3379 3935 persuasum

1809 3963 2042 4019 habebat
2079 3961 2250 4016 solum
2283 3961 2434 4014 illum
2461 3961 2642 4015 omnia
2673 3973 2850 4015 nosse.
2889 3976 2908 4009 ι

1875 4053 1965 4108 ‘28.
1991 4071 2011 4106 ι
2038 4053 2178 4108 Dicit
2210 4054 2282 4106 illi
2316 4052 2516 4111 .lesus:
2547 4051 2658 4120 Ego
2679 4065 2796 4105 smn
2819 4050 2913 4120 qui
2945 4048 3136 4119 loquor
3167 4057 3376 4107 tecum.

1807 4145 1875 4200 Et
1903 4145 2116 4200 interim
2153 4153 2418 4198 venerunt
2461 4141 2710 4210 discipuli
2744 4140 2883 4210 ejus,
2926 4141 3376 4208 mirabanturque

1806 4237 1948 4306 quod
1983 4251 2102 4290 cum
2138 4234 2363 4288 muliere
2400 4234 2752 4302 loqueretur;
2793 4245 2952 4286 nemo
2980 4241 3159 4285 tamen
3185 4230 3324 4284 dixit
3356 4245 3372 4282 :

1809 4328 1947 4396 Quid
1969 4329 2190 4396 quazris,
2220 4336 2313 4380 aut
2345 4342 2443 4381 cur
2461 4326 2702 4394 loqueris
2722 4339 2842 4378 cum
2866 4337 2929 4378 ea
2948 4321 3032 4376 7'?
3056 4341 3074 4373 ι
3104 4322 3382 4390 lnquirere

1811 4421 2070 4476 debemus
2119 4419 2292 4474 sicubi
2332 4420 2581 4474 Christus
2621 4417 3080 4489 evangelizaverit
3113 4416 3377 4485 seipsum,

1811 4515 2038 4583 locaque
2064 4513 2206 4568 inter
2241 4529 2302 4567 se
2345 4515 2617 4578 conferre,
2675 4512 2839 4566 veluti
2870 4528 2884 4565 :
2923 4529 2942 4563 ι
2970 4510 3082 4579 Ego
3108 4523 3248 4574 sum,
3288 4506 3380 4577 qui

1811 4601 1876 4656 de
1913 4601 2121 4669 meipso
2180 4601 2546 4655 testimonium
2601 4600 2739 4667 fero,
2787 4609 2840 4655 et
2896 4608 3127 4655 testatur
3169 4599 3238 4652 de
3272 4612 3380 4658 me,

1807 4692 1900 4763 qui
1931 4691 2083 4746 misit
2116 4707 2224 4760 me,
2269 4692 2434 4748 Pater
2459 4693 2544 4761 7‘;
2583 4710 2602 4744 ι
2637 4702 2692 4746 et
2727 4692 2899 4748 illud:
2941 4711 2961 4744 ι
2998 4691 3056 4746 Si
3085 4689 3382 4745 crederetis

1808 4781 2001 4852 Moysi,
2025 4785 2324 4840 crederetis
2349 4785 2510 4840 etiam
2546 4784 2700 4846 mihi,
2752 4782 2818 4836 de
2841 4796 2924 4836 me
2947 4782 3091 4836 enim
3125 4780 3216 4835 ille
3243 4779 3381 4834 scri-

1807 4876 1917 4948 psit
1937 4875 2008 4942 '7,
2040 4895 2061 4930 ι
2093 4887 2148 4934 et
2190 4877 2234 4932 si
2260 4878 2389 4947 quid
2439 4877 2630 4931 horum
2674 4877 2840 4947 238
2863 4875 3041 4932 simile
3071 4873 3272 4928 dictum
3301 4879 3387 4926 est

2900 5011 2955 5056 "7
2988 5022 3120 5077 ibid.
3150 5018 3241 5076 46.

1812 5161 2180 5216 Τρνιυιιίξιηιιε
2213 5159 2288 5214 De
2336 5176 2550 5228 prwscr.
2587 5165 2707 5214 adu.
2755 5160 3047 5225 hwreticos,
3101 5173 3224 5228 cap.
3273 5159 3379 5225 45;

1813 5232 2142 5302 Epiphanius
2171 5233 2363 5286 haeres.
2390 5246 2528 5293 xm;
2583 5230 2904 5285 Philastrius
2937 5246 3057 5300 Cap.
3083 5229 3140 5296 4,
3183 5237 3237 5283 et
3289 5230 3382 5284 alii

1810 5306 2076 5373 plerique.
2102 5301 2365 5373 Hunnus.

1883 5367 2332 5444 (4ῙΔοσιθειιτοί.
2348 5369 2658 5444 Δοσιθεηνοί
2685 5371 3038 5444 appellantur
3052 5371 3119 5422 ab
3145 5367 3385 5444 Origene

1806 5439 1902 5495 lib.
1933 5439 1983 5495 tu
2005 5452 2188 5495 contra
2215 5441 2442 5507 Gelani»,
2472 5439 2624 5497 nuru.
2646 5439 2734 5507 11,
2757 5439 2828 5496 ἐι
2872 5440 3174 5495 Dositheam'
3197 5439 3380 5494 Tract.

1813 5527 1961 5582 xxvii
1985 5515 2040 5565 in
2067 5510 2257 5564 Matth.
2286 5515 2495 5582 Veteris
2543 5513 3031 5582 interpretationis,
3071 5526 3194 5579 pag.
3229 5510 3324 5564 851
3365 5523 3382 5567 ξ

1804 5581 2044 5704 ριρσίθεοι
2072 5583 2140 5636 ab
2197 5581 2526 5651 Epiphanio,
2556 5583 2896 5640 Tlieodoreto
2930 5592 2986 5638 et
3028 5585 3380 5638 llatuasceuo.

1831 5668 1881 5706 D.

1877 5725 1954 5797 (5}
1991 5723 2224 5796 Γνώμη.
2255 5723 2547 5784 Ferrarius
2575 5724 2790 5797 legebat
2822 5727 2983 5798 γυνή.
