3702 6142
259 265 366 320 M7

1701 251 1861 307 ORIG
1871 250 2026 305 ENlS

3408 234 3510 290 M8

261 379 318 432 in
348 375 528 446 aliquo
553 354 861 442 Evangelio.
900 371 1308 433 Verumtamen,
1362 369 1504 439 quod
1533 370 1598 424 ad.
1633 369 1821 424 lectio-

2044 379 2131 426 τοις
2152 359 2530 434 παραπλήσιον
2563 357 2619 409 ἐν
2642 372 2746 408 τινι
2769 353 2876 408 τῶν
2903 348 3509 421 Εὑαγγελίωνεῐρηταιδ

266 468 351 522 nis
376 466 570 520 seriem
607 463 820 527 attinet,
855 460 921 515 ab
945 461 1062 530 ipso
1093 460 1218 514 hinc
1249 460 1530 524 discimus,
1553 461 1693 530 quod
1723 460 1825 513 mi-

267 560 336 614 tis
359 566 412 613 et
440 555 660 610 humilis
684 553 848 608 corde
878 552 924 584 "
947 553 1037 617 sit,
1058 551 1254 605 talibus
1276 550 1342 605 de
1373 551 1539 604 rebus
1567 550 1829 604 disserere

267 663 372 702 non
410 658 674 715 spernens
704 657 829 698 cum
890 643 1117 696 muliere
1165 655 1358 710 aquam
1393 649 1634 711 gerente,
1674 648 1729 694 et
1759 641 1829 693 ob

268 735 491 790 multam
531 743 905 804 paupertatem
933 749 997 788 ex
1034 733 1169 788 urbe
1199 746 1420 802 egressa
1461 747 1525 788 ac
1553 731 1833 786 laborante

268 828 321 882 in
355 826 654 882 haurienda
683 841 844 896 aqua.
881 827 959 880 Ac
988 823 1232 896 profecto
1285 823 1554 877 mirantur
1583 821 1832 891 discipuli

268 922 730 992 supervenientes,
767 919 858 989 qui
890 917 1256 987 praaviderant
1285 914 1712 985 magnitudinem
1745 913 1831 968 di-

268 1010 510 1065 vinitatis
533 1009 584 1063 in
610 1009 747 1079 ipso,
788 1010 1162 1077 miranturque
1196 1004 1468 1075 quomodo
1499 1011 1680 1058 tantus
1708 1019 1831 1059 cum

270 1101 495 1155 muliere
529 1099 879 1169 loqueretur;
907 1100 1002 1154 sed
1034 1113 1153 1161 nos,
1182 1097 1453 1166 jactantia
1477 1109 1543 1150 ac
1580 1095 1835 1164 superbia

275 1191 440 1255 ducti,
466 1189 742 1259 simplices
790 1188 1136 1260 despicimus,
1187 1185 1338 1240 obliti
1363 1185 1492 1239 illud
1522 1184 1835 1253 singulatim

277 1283 344 1337 ad
373 1282 618 1352 quemvis
668 1281 935 1336 hominem
987 1278 1300 1348 pertinere:
1334 1293 1355 1327 ι
1395 1275 1685 1332 Faciamus
1740 1277 1839 1332 bo-

274 1373 473 1428 minem
498 1373 566 1426 ad
593 1372 882 1442 imaginem
932 1381 987 1424 et
1008 1364 1420 1423 similitudinem
1455 1375 1696 1420 nostram
1719 1365 1788 1429 ⁷³,
1813 1383 1832 1416 ι

272 1472 328 1517 et
355 1463 614 1518 memoria
657 1477 762 1517 non
801 1469 1106 1530 repetentes
1144 1458 1441 1531 ﬁngentem
1473 1459 1527 1512 in
1579 1468 1756 1524 utero,
1784 1465 1841 1512 et

274 1554 566 1625 fingentem
605 1551 918 1622 singulatim
952 1550 1114 1605 corda
1155 1549 1436 1604 hominum
1467 1548 1730 1614 omnium,
1785 1555 1841 1603 et

276 1645 664 1715 intelligentem
697 1645 749 1698 in
781 1643 962 1698 omnia
1015 1655 1179 1711 opera
1208 1655 1398 1696 eorum
1429 1640 1500 1706 ⁸ο,
1539 1654 1644 1694 non
1676 1654 1840 1709 agno-

277 1707 480 1790 scimus
508 1735 652 1805 quod
702 1735 1034 1804 abjectorum
1055 1707 1070 1711 ν
1092 1741 1146 1785 et
1198 1731 1547 1800 parvulorum
1588 1707 1729 1785 Deus
1757 1739 1840 1784 est
1870 1707 1914 1761 Β

276 1827 587 1895 auxiliator,
622 1834 678 1882 et
705 1834 984 1897 susceptor
1014 1825 1374 1888 infirmorum,
1399 1835 1724 1878 succurrens
1749 1821 1844 1877 de-

275 1920 646 1988 sperantibus,
673 1927 729 1973 et
755 1931 850 1973 eos
872 1917 962 1986 qui
1000 1917 1263 1986 deplorati
1287 1923 1415 1970 sunt
1443 1928 1684 1970 servans.
1725 1912 1842 1968 Uti-

278 2022 368 2066 tur
388 2021 564 2066 autem
606 2010 709 2066 bac
763 2008 990 2063 muliere
1038 2007 1204 2062 veluti
1248 2007 1489 2077 apostola
1525 2007 1590 2060 ad
1626 2020 1720 2061 eos
1750 2005 1842 2074 qui

277 2113 436 2157 erant
472 2102 528 2157 in
557 2103 712 2167 urbe,
749 2101 800 2154 in
834 2108 1040 2154 tantum
1072 2113 1190 2154 eam
1235 2099 1577 2153 sermonibus
1627 2096 1842 2152 inﬂam-

281 2209 458 2259 mans,
484 2204 543 2246 ut
566 2191 788 2246 dimissa
817 2191 1010 2260 hydria
1037 2205 1132 2245 sua
1160 2188 1354 2243 mulier
1384 2189 1576 2245 abierit
1606 2188 1658 2242 in
1709 2188 1844 2243 civi-

284 2293 470 2348 tatem,
499 2282 804 2350 dixeritque
843 2281 1195 2340 hominibus:
1229 2297 1248 2332 ι
1281 2278 1493 2344 Venite,
1547 2279 1721 2335 videte
1755 2281 1847 2335 ho-

283 2375 506 2436 minem,
531 2373 624 2443 qui
657 2373 794 2426 dixit
827 2373 957 2425 mihi
986 2371 1166 2426 omnia
1215 2385 1550 2442 quaecunque
1581 2370 1683 2427 feci
1722 2388 1736 2425 :
1777 2388 1845 2427 an

283 2467 371 2521 hic
399 2474 481 2521 est
504 2465 592 2520 ille
615 2463 894 2520 Christus?
925 2462 1074 2518 Tunc
1102 2479 1171 2518 ex
1205 2465 1339 2518 urbe
1363 2465 1634 2529 exierunt,
1665 2473 1722 2518 et
1751 2479 1845 2519 ve-

285 2566 480 2612 nerunt
513 2559 580 2611 ad
619 2557 792 2626 ipsum
823 2555 902 2619 ⁸ίς
955 2575 974 2607 ι
1005 2565 1167 2625 atque
1216 2557 1492 2610 mulierem
1547 2558 1690 2611 hanc
1738 2571 1850 2612 non

283 2648 635 2717 posthabens,
689 2646 1032 2717 apertissime
1085 2651 1321 2717 seipsum
1370 2647 1608 2702 ostendit
1655 2645 1849 2702 Sermo

285 2737 380 2791 Dei
412 2737 602 2802 Filius,
640 2741 778 2793 adeo
807 2746 866 2792 ut
898 2753 1018 2793 cum
1051 2739 1324 2793 venissent
1365 2737 1624 2806 apostoli,
1679 2753 1848 2791 mira-

287 2839 476 2883 rentur
518 2830 563 2884 si
609 2844 734 2884 eum
784 2830 885 2884 hac
928 2829 1165 2896 femella,
1225 2838 1281 2884 et
1311 2843 1432 2899 qua;
1463 2828 1622 2884 facile
1671 2829 1849 2898 decipi

285 2931 489 2994 posset,
541 2914 1120 2995 dignaretur'colloqui
1172 2922 1366 2980 Sermo
1397 2921 1566 2978 Filius
1605 2921 1720 2981 Dei.
1750 2922 1850 2975 At-

1929 455 2073 526 Πλὴν
2095 456 2218 508 ὅσον
2258 452 2350 504 ἐπὶ
2395 449 2472 520 τῷ
2509 446 2655 520 ῥητῷ
2702 445 3042 517 μανθάνομεν
3071 442 3167 495 ἀπ’
3198 438 3364 494 αὑτοῦ
3415 441 3510 494 καὶ

1930 545 2194 609 ἐντεῦθεν,
2235 546 2316 598 ὅτι
2350 542 2523 614 πρᾶός
2575 543 2691 592 ἐστι
2743 537 2838 591 καὶ
2882 533 3137 598 ταπεινδς
3170 535 3236 605 τῇ
3287 532 3508 602 καρδία,

1933 640 2007 710 μὴ
2044 635 2404 709 ὑπερηφανῶν
2433 635 2562 706 περὶ
2586 629 2920 705 τηλικούτων
2951 627 3294 698 πραγμάτων
3335 624 3515 678 διαλέ-

1931 729 2123 799 γεσθαι
2167 727 2447 799 ὑδροφόρῳ
2477 725 2695 795 γυναικὶ
2725 722 2814 776 διὰ
2843 720 3042 791 πολλὴν
3067 718 3257 771 πενίαν
3292 715 3515 788 ἐξιούσῃ

1933 821 2032 890 τῆς
2059 819 2263 882 πόλεως
2293 817 2391 888 (7),
2435 817 2528 870 καὶ
2571 812 2850 886 καμνούσῃ
2895 813 2976 874 είς
3015 811 3077 863 τὸ
3126 807 3513 881 ὑδρεύσασθαι.

1934 909 2281 982 Θαυμάζουσί
2307 925 2372 978 γε
2401 907 2495 962 καὶ
2517 907 2568 960 οἱ
2593 904 2832 978 μαθηταὶ
2864 902 3180 965 ἐπελθόντες
3209 898 3508 972 προτεθεω-

1938 1000 2164 1072 ρηκότες
2189 1001 2248 1052 τδ
2276 997 2502 1070 μέγεθος
2544 997 2643 1068 τῆς
2671 999 2728 1049 ἐν
2759 995 2907 1066 αύτῷ
2944 994 3214 1064 θεότητος,
3251 995 3350 1046 καὶ
3371 993 3518 1044 ’θαυ-

1939 1090 2170 1162 μάζουσι
2225 1089 2346 1143 τίνα
2390 1089 2590 1161 τρόπον
2628 1090 2658 1142 ὁ
2695 1085 3011 1158 τηλικοῦτος
3067 1085 3208 1157 μετὰ
3255 1083 3521 1153 γυναικὸς

1937 1180 2134 1235 ἐλάλει·
2179 1183 2341 1251 ἡμεῖς
2371 1179 2448 1244 δέ,
2479 1179 2585 1232 ὑπὸ
2612 1178 2927 1242 ἀλαζονείας
2959 1179 3054 1231 καὶ
3079 1177 3184 1230 ὑπὸ
3229 1177 3522 1246 ὑπερηφα-

1937 1276 2056 1336 νίας
2082 1273 2363 1344 ἀγόμενοι,
2391 1274 2517 1336 τοὺς
2555 1271 2964 1342 εὐτελεστέρους
2989 1268 3394 1341 ὑπερορώμεθά
3437 1286 3519 1331 τε,

1939 1365 2417 1436 ἐπιλανθανόμενοι
2448 1364 2541 1417 τοῦ
2563 1365 2684 1418 καθ’
2713 1365 2942 1418 ἕκαστον
2970 1363 3253 1432 ἄνθρωπον
3273 1357 3420 1415 εἶναι
3440 1361 3518 1414 τό·

1945 1477 1964 1510 ι
2001 1459 2325 1528 Ποιήσωμεν
2354 1456 2636 1528 ἄνθρωπον
2663 1457 2783 1509 κατ’
2821 1455 3005 1508 εἰκόνα
3038 1454 3131 1507 καὶ
3167 1453 3292 1507 καθ’
3323 1453 3524 1523 ὁμοίως

1941 1566 2026 1603 σιν
2048 1549 2324 1622 ἡμετέραν
2348 1549 2446 1619 (8),
2481 1567 2500 1599 ι
2535 1548 2629 1601 καὶ
2657 1546 2730 1618 μὴ
2759 1546 3096 1618 μεμνημένοι
3127 1545 3219 1598 τοῦ
3251 1545 3525 1598 πλάσσονο

1939 1659 2031 1704 τος
2062 1643 2119 1694 ἐν
2143 1640 2340 1713 κοιλίᾳ,
2368 1641 2460 1694 καὶ
2475 1640 2803 1701 πλάσσοντος
2823 1637 2964 1691 κατὰ
2987 1637 3150 1708 μόνας
3172 1637 3272 1701 τὰς
3291 1638 3525 1709 καρδίας

1943 1731 2158 1785 πάντων
2185 1729 2508 1802 ἀνθρώπων,
2531 1730 2625 1782 καὶ
2656 1727 2925 1791 συνιέντος
2950 1729 3031 1791 είς
3063 1727 3242 1781 πάντα
3267 1727 3340 1780 τὰ
3387 1727 3525 1798 ἔργα

1942 1823 2119 1877 αὐτῶν
2155 1823 2216 1874 ού
2263 1821 2624 1891 γινώσκομεν,
2672 1820 2755 1873 ὅτι
2793 1817 3065 1872 ταπεινῶν
3106 1820 3255 1871 ἐστιν
3295 1821 3327 1872 ὁ
3370 1818 3524 1883 Θεὸς,

1943 1917 2037 1970 κα)¹
2063 1915 2358 1968 ἐλαττόνων
2383 1913 2595 1986 βοηθὸς,
2641 1913 2734 1966 καὶ
2757 1913 3099 1985 ἀντιλήπτωρ
3127 1911 3521 1980 ἀσθενούντων,

1943 2007 2369 2080 ἀπηλπισμένων
2405 2005 2738 2075 σκεπαστὴς,
2780 2007 2876 2058 καὶ
2923 2005 3368 2076 ἀπεγνωσμένων
3413 2005 3516 2058 Σια-

1941 2101 2067 2170 τήρ.
2101 2097 2274 2151 Οίονεὶ
2301 2097 2358 2150 δὲ
2405 2096 2500 2149 καὶ
2530 2095 2813 2165 ἀποστόλῳ
2845 2095 2980 2168 πρὸς
3023 2097 3149 2160 τοὺς
3186 2097 3244 2149 ἐν
3272 2098 3341 2168 τῇ
3377 2096 3526 2149 πόλει

1944 2190 2144 2260 χρῆται
2165 2191 2230 2260 τῇ
2267 2188 2484 2257 γυναικὶ
2513 2187 2706 2261 ταύτῃ,
2739 2189 2832 2241 ἐπὶ
2859 2187 3110 2242 τοσοῦτον
3133 2186 3340 2259 ἐξάψας
3361 2187 3526 2258 αὐτὴν

1945 2279 2032 2334 διὰ
2060 2279 2170 2333 τῶν
2199 2280 2392 2348 λόγων,
2413 2278 2538 2342 ἐως,
2561 2278 2759 2347 ἀφεῖσα
2779 2277 2877 2348 τὴν
2909 2277 3096 2349 ὑδρίαν
3108 2277 3298 2348 αὐτῆς,
3325 2279 3361 2349 ἡ
3393 2277 3528 2347 γυνὴ

1946 2371 2252 2427 ἀπελθοῦσα
2278 2373 2359 2434 είς
2386 2370 2484 2442 τὴν
2499 2370 2652 2424 πόλιν
2672 2369 2802 2441 εῐπῃ
2819 2373 2931 2432 τοῖς
2952 2369 3048 2424 ἀνθ
3057 2369 3277 2440 ρώποις·
3298 2389 3316 2420 ι
3341 2369 3526 2433 Δεῦτε,

1949 2465 2086 2518 ῐδετε
2120 2464 2428 2537 ἄνθρωπον,
2466 2465 2522 2526 ὃς
2569 2460 2689 2516 εἶπέ
2717 2480 2808 2534 μοι
2841 2464 3016 2516 πάντα
3039 2463 3139 2515 ὅσα
3169 2462 3409 2534 ἐποίησα
3435 2461 3524 2533 (9)*

1951 2559 2080 2630 μήτι
2111 2551 2266 2621 οὗτός
2299 2559 2445 2610 ἐστιν
2481 2557 2510 2608 ὁ
2542 2555 2808 2628 Χριστός;
2857 2575 2875 2607 ι
2900 2553 3028 2610 Ὅτε
3057 2554 3165 2625 (10)
3200 2554 3429 2626 ἐξῆλθον
3469 2556 3529 2606 ἐκ

1947 2649 2046 2719 τῆς
2078 2647 2304 2711 πόλεως,
2331 2647 2426 2701 καὶ
2460 2648 2690 2718 ἤρχοντο
2736 2646 2871 2718 πρὸς
2908 2644 3087 2711 αὑτὸν,
3119 2645 3213 2697 καὶ
3237 2647 3303 2716 τῇ
3351 2645 3530 2716 τοιᾷδε

1953 2741 2050 2810 μὲν
2075 2739 2148 2811 μὴ
2181 2739 2419 2810 ὑστερῶν
2445 2739 2565 2791 τότε
2606 2737 2917 2806 σαφέστατα
2945 2736 3231 2809 ἐμφανίζει
3258 2736 3374 2808 (ii)
3404 2739 3529 2791 ἐαυ-

1949 2831 2042 2885 τὸν
2067 2833 2098 2884 ὁ
2133 2831 2326 2898 Λόγος,
2358 2829 2435 2893 ὡς
2487 2829 2738 2892 ἐλθόντας
2784 2830 2910 2894 τοὺς
2951 2829 3197 2900 μαθητὰς
3233 2828 3531 2900 θαυμάζειν

1952 2927 2001 2979 εί
2052 2925 2147 2978 καὶ
2177 2923 2316 2994 αὕτη
2363 2923 2589 2994 ἠξίωται
2634 2924 2803 2997 θῆλύς
2840 2943 2922 2989 τις
2963 2924 3374 2996 εύεξαπάτητος
3401 2921 3532 2979 οῦσα

293 3027 470 3070 tamen
504 3017 684 3071 omnia
710 3015 968 3085 prmelare
998 3014 1116 3069 fieri
1139 3030 1168 3068 a
1200 3014 1462 3069 Sermone
1487 3013 1732 3082 persuasi
1769 3012 1848 3067 di-

2044 3017 2263 3090 [εῖν(12)
2292 3018 2392 3088 τῆς
2415 3017 2630 3088 ὁμιλίας
2659 3019 2795 3091 πρὸς
2827 3018 2994 3091 αὐτὴν
3019 3017 3113 3070 τοῦ
3157 3017 3356 3086 Λόγου.
3390 3018 3533 3087 Πλὴν

288 3106 508 3177 seipuli,
537 3122 642 3163 non
673 3108 954 3177 increpant
981 3105 1166 3161 Iesum
1189 3144 1204 3170 ,
1253 3119 1352 3160 nec
1378 3105 1624 3160 dubitant
1650 3105 1716 3160 de
1745 3105 1853 3160 dis-

294 3200 575 3267 putatione
604 3201 720 3270 ejus
747 3215 870 3255 eum
897 3197 1243 3261 Samaritide,
1270 3195 1355 3250 vel
1387 3197 1453 3251 de
1511 3197 1856 3252 Samaritidis

293 3289 652 3347 collocatione
681 3307 802 3346 cum
828 3291 954 3347 Jesu
993 3312 1004 3345 :
1033 3291 1281 3344 fortassis
1319 3304 1453 3345 vero
1475 3291 1639 3344 etiam
1666 3291 1856 3345 obstu-

291 3393 521 3454 puerant
549 3384 616 3439 de
636 3384 801 3438 multa
827 3383 1068 3437 bonitate
1094 3381 1214 3436 Filii
1243 3380 1340 3435 Dei
1369 3379 1857 3436 condescendentis

293 3473 489 3526 anima:
517 3473 792 3543 sperneuti
826 3471 980 3534 Sion,
1027 3479 1081 3526 et
1115 3486 1264 3537 spem
1301 3471 1354 3524 in
1391 3481 1628 3525 montem
1663 3469 1856 3526 Sama-

293 3562 388 3616 riae
410 3561 667 3628 habenti;
704 3576 863 3630 quam
893 3561 963 3615 ob
993 3575 1214 3615 causam
1241 3561 1498 3628 scriptum
1543 3569 1628 3614 est
1660 3575 1674 3613 :
1709 3578 1728 3612 ι
1761 3559 1859 3615 Mi-

293 3653 580 3716 rabantur,
611 3652 752 3720 quod
787 3666 908 3705 cum
935 3649 1163 3704 muliere
1188 3648 1500 3718 loqueretur
1528 3647 1595 3700 ⁸⁸.
1628 3665 1648 3698 ι
1689 3646 1862 3700 Hera-

292 3740 445 3796 cleon
470 3756 599 3796 vero
632 3742 683 3794 in
718 3756 779 3796 ea
813 3740 972 3795 verba
1009 3757 1023 3794 :
1063 3757 1082 3790 ε
1119 3739 1231 3807 Ego
1267 3751 1408 3801 sum,
1438 3737 1531 3805 qui
1565 3734 1756 3804 loquor
1783 3744 1864 3790 te—

295 3849 417 3886 cum
433 3833 499 3899 “,
521 3850 540 3882 ι
564 3833 759 3902 inquit,
777 3831 1108 3896 Samaritidi,
1129 3828 1381 3898 quoniam
1409 3842 1664 3896 persuasa
1689 3827 1864 3883 fuerat

291 3921 589 3988 Christum,
614 3939 736 3978 cum
771 3923 1028 3986 venisset,
1060 3922 1247 3976 omnia
1285 3920 1360 3975 illi
1385 3919 1856 3984 annuutiaturum,

299 4016 482 4070 dicere
503 4013 687 4070 Iesum
707 4015 820 4069 haec
838 4015 1002 4068 verba
1032 4030 1045 4066 :
1073 4032 1092 4065 ι
1125 4013 1276 4068 Scito
1302 4013 1449 4066 illum
1489 4027 1646 4081 quem
1688 4021 1744 4066 tu
1767 4026 1863 4065 ex-

298 4115 533 4175 spectas,
557 4105 633 4178 (6)
679 4103 789 4176 [me
810 4121 954 4172 esse,
989 4106 1080 4174 qui
1106 4114 1284 4160 tecum
1324 4105 1546 4174 loquor;
1581 4125 1598 4156 ι
1627 4114 1682 4160 et
1739 4117 1864 4159 eum

299 4199 536 4266 seipsum
573 4213 693 4252 eum
728 4211 850 4252 esse
871 4197 962 4267 qui
995 4206 1252 4252 venturus
1272 4207 1698 4267 exspectaretur,
1731 4211 1864 4250 con-

300 4289 478 4344 fessus
500 4289 690 4362 esset,]
712 4289 889 4356 inquit
911 4289 1073 4342 ctiam
1099 4287 1420 4352 Heracleon,
1457 4305 1475 4339 ι
1501 4287 1777 4342 Venerunt
1797 4285 1864 4338 ad

1955 3108 2266 3178 πειθόμενοι
2308 3107 2489 3171 καλῶς
2523 3108 2628 3161 ὑπὸ
2654 3108 2746 3162 τοῦ
2781 3109 2952 3176 Λόγου
2984 3109 3162 3162 πάντα
3209 3107 3458 3176 γίνεσθαι
3487 3109 3532 3160 οί

1960 3199 2197 3272 μαθηταὶ
2233 3199 2334 3252 οὐκ
2371 3199 2812 3271 ἐπιπλήττουσιν,
2859 3200 2978 3254 οὐδὲ
3024 3199 3364 3272 ἐπαποροῦσι
3409 3201 3533 3273 περὶ

1955 3291 2052 3361 τῆς
2072 3291 2207 3362 πρὸς
2232 3289 2330 3360 τὴν
2350 3291 2681 3362 Σαμαρεῖτιν
2713 3292 3008 3363 ζητήσεως,
3038 3293 3131 3344 καὶ
3161 3292 3261 3362 τῆς
3282 3292 3422 3362 πρὸς
3443 3292 3534 3346 αύ-

1957 3379 2052 3450 τὴν
2089 3378 2440 3448 κοινολογίας·
2494 3380 2636 3451 τάχα
2683 3381 2740 3434 δὲ
2795 3382 2890 3435 καὶ
2934 3381 3390 3453 καταπεπλήγασι
3438 3383 3534 3454 τὴν

1959 3471 2158 3542 πολλὴν
2186 3471 2528 3543 χρηστότητα
2559 3470 2654 3525 τοῦ
2687 3473 2860 3541 Λόγου
2892 3474 3414 3544 συγκαταϐαίνοντος
3443 3475 3534 3544 ψυ-

1958 3565 2027 3633 χῇ
2062 3561 2415 3636 ἐξουθενούσῃ
2449 3564 2610 3630 Σιὼν,
2639 3567 2735 3620 καὶ
2764 3567 3051 3640 πεποιθυίᾳ
3078 3568 3166 3621 ἐπὶ
3196 3567 3256 3620 τὸ
3280 3567 3408 3639 ὅρος
3435 3569 3535 3620 Σα-

1963 3654 2208 3726 μαρείας·
2239 3654 2427 3728 διόπερ
2456 3656 2781 3728 γέγραπται·
2825 3677 2844 3711 ι
2895 3657 3249 3730 Ἐθαύμαζον,
3290 3660 3374 3712 δτι
3402 3658 3534 3732 μετὰ

1960 3747 2214 3816 γυναικὸς
2236 3747 2434 3804 ἐλάλει.
2477 3768 2496 3801 ι
2522 3751 2632 3804 Καὶ
2659 3753 2687 3804 ὁ
2732 3750 3042 3822 Ἡρακλέων
3073 3752 3128 3804 δέ
3145 3768 3278 3822 φησι
3301 3753 3440 3823 πρὸς
3456 3751 3533 3804 τό⁴

1967 3856 1986 3889 t
2029 3837 2169 3908 Ἐγώ
2188 3842 2302 3911 ειμι
2323 3842 2352 3893 ό
2382 3839 2558 3895 λαλῶν
2589 3859 2693 3906 σοι,
2739 3861 2757 3894 ι
2789 3845 2891 3908 ὅτι,
2924 3844 3080 3914 εἴπερ
3101 3844 3213 3910 (15)
3247 3845 3536 3896 ἐπέπειστο

1961 3931 1996 4000 ή
2028 3931 2354 4002 Σαμαρεῖτις
2386 3931 2626 4003 περὶτοῦ
2645 3933 2900 4004 Χριστοῦ,
2927 3934 3002 3997 ὡς
3029 3935 3136 4005 ἄρα
3162 3933 3332 3987 ἐλθὼν
3362 3936 3534 3988 πάντα

1962 4021 2260 4090 ἀπαγγελεῖ
2303 4023 2460 4094 αὐτῇ,
2498 4023 2648 4095 φησί·
2701 4025 2739 4075 Γ
2747 4025 2941 4078 ίνωσκε
2975 4024 3106 4095 (14),
3137 4027 3219 4079 ὅτι
3251 4028 3457 4089 ἐκεῖνος
3478 4025 3533 4077 ὃν

1964 4109 2284 4181 προσδοκᾷς,
2307 4111 2418 4179 ἐγώ
2447 4112 2559 4182 είμι
2582 4114 2611 4165 ό
2642 4112 2816 4166 λαλῶν
2856 4129 2956 4165 σοι·
2991 4113 3084 4166 καὶ
3109 4113 3234 4165 ὅταν
3257 4113 3535 4182 ὡμολόγη-

1966 4219 2057 4258 σεν
2079 4204 2266 4257 ἐαυτὸν
2281 4204 2370 4256 τὸν
2400 4203 2844 4276 προσδοκώμενον
2875 4205 3209 4276 ἐληλυθέναι,
3228 4223 3247 4256 ι
3269 4201 3492 4266 τΗλθον,
3511 4220 3529 4252 ι

1965 4296 2148 4364 φησὶν,
2185 4314 2202 4346 ι
2233 4297 2282 4348 οἱ
2313 4295 2551 4366 μαθηταὶ
2573 4297 2708 4368 πρὸς
2736 4297 2917 4362 αὐτὸν,
2962 4297 3027 4352 δι’
3061 4296 3152 4360 οὓς
3182 4296 3434 4368 ἐληλύθει
3459 4297 3532 4358 εἰς

299 4394 427 4434 eum
484 4380 727 4448 discipuli
769 4378 931 4450 239
959 4395 1185 4449 quorum
1214 4394 1380 4435 causa
1413 4388 1637 4435 venerat
1683 4379 1737 4431 iu
1765 4376 1848 4432 ὃτι

2044 4403 2061 4440 ψ
2089 4386 2422 4458 Σαμάρειαν.
2468 4406 2486 4437 ι
2521 4387 2643 4450 Πῶς
2669 4389 2725 4441 δέ
2755 4387 2841 4441 διά
2868 4388 2992 4451 τοὺς
3023 4387 3268 4458 μαθητὰς
3296 4386 3531 4457 ἐληλύθει

306 4473 550 4525 muriam.
581 4491 600 4526 ι
632 4474 698 4526 At
725 4488 958 4542 quonam
992 4481 1150 4541 pacto
1178 4473 1561 4544 discipulorum
1609 4485 1773 4526 causa
1806 4472 1858 4525 iu

303 4563 608 4619 Samariam
643 4577 886 4632 venerat,
917 4567 1008 4635 qui
1043 4581 1166 4621 cum
1201 4567 1291 4620 illo
1320 4566 1474 4634 prius
1505 4563 1763 4617 fuerant?

372 4654 463 4721 29.
500 4673 520 4707 ι
555 4655 792 4727 Reliquit
821 4657 983 4728 igitur
1011 4657 1208 4712 mulier
1245 4657 1491 4728 hydriam
1512 4669 1686 4718 suam,
1709 4665 1765 4710 et
1792 4655 1864 4710 ci-

410 4818 456 4851 ⁷⁸
483 4817 673 4872 Matth.
725 4834 802 4884 ιι,
832 4818 922 4874 29.
993 4820 1038 4851 "
1069 4819 1204 4875 Gen.
1241 4835 1281 4885 ι,
1307 4820 1401 4875 26.
1491 4819 1538 4852 ⁸ο
1575 4818 1712 4874 Psal.
1749 4833 1920 4883 χχιιι,
1958 4818 2044 4874 15.
2122 4819 2165 4850 ³¹
2199 4817 2354 4873 Joan.
2391 4833 2465 4884 IV,
2497 4817 2587 4882 29,
2617 4817 2705 4871 50.
2782 4817 2830 4849 δ’
2863 4817 2993 4873 ibid.
3023 4816 3114 4871 27.

375 4962 456 5037 (δ)
479 4962 605 5037 Haec
626 4977 657 5018 e
681 4963 928 5037 Pet-ionio
955 4966 1340 5037 supplevimns.

380 5033 459 5105 (_7)
489 5033 604 5102 Τῆς
632 5034 880 5100 πόλεως.
921 5033 1206 5090 ὃίοὖοθοκ
1247 5036 1609 5100 Bodleianus;
1669 5035 1869 5105 Regius

309 5119 360 5157 et
389 5103 860 5175 Barbet'itttts,'rhv
889 5106 1062 5160 πόλιν.
1107 5106 1226 5160 Mox
1259 5107 1416 5162 codd.
1466 5103 1788 5161 Rodleianus
1818 5114 1875 5160 et

312 5174 668 5246 Barberinus,
696 5174 1076 5246 ὑδρεύσασθαι,
1106 5175 1325 5244 Regius,
1352 5176 1628 5246 ὑδρεῦσαι.

385 5244 460 5314 (8)
489 5243 627 5298 Κατ’
655 5243 857 5298 εἰκόνα
900 5247 997 5299 καὶ
1052 5243 1204 5301 καθ’
1229 5243 1510 5315 ὁμοίωσιν
1562 5243 1870 5315 ἡμετέραν.

314 5315 407 5369 Sic
430 5319 600 5370 codex
645 5315 1005 5380 Bodleianus;
1037 5315 1239 5384 Regius
1261 5314 1330 5368 et
1361 5315 1706 5384 Barberinus,
1752 5314 1873 5368 κατ’

314 5385 499 5468 εἰκόνα
532 5385 833 5468 ἡμετέραν,
858 5387 950 5468 κα)
977 5385 1098 5468 καθ’
1127 5383 1391 5468 ίὸμοίωσιν
1423 5383 1714 5456 ἡμετέραν.
1750 5385 1868 5466 Mox

319 5455 477 5525 iidem
503 5455 717 5509 codices
751 5457 947 5510 habent
989 5457 1069 5508 his
1127 5455 1452 5522 πλάσαντος,
1504 5471 1599 5525 pro
1651 5470 1757 5524 quo
1815 5455 1870 5508 iu

318 5523 606 5577 lio’llciano
641 5525 833 5594 legitur
858 5527 937 5580 his
971 5526 1322 5589 πλάσσοντος.

391 5594 466 5663 (9)
500 5594 652 5646 Ὅσα
674 5593 948 5662 ἐποίησα.
983 5598 1056 5649 Ita
1089 5599 1258 5653 codex
1295 5595 1646 5661 Bodleiauus;
1681 5593 1877 5663 Regius

326 5670 379 5712 et
403 5659 743 5727 Barbcrinus,
767 5665 804 5720 ἀ
833 5659 1080 5724 ἐποίησα.

1968 4478 2049 4539 εἰς
2077 4477 2174 4547 τὴν
2207 4477 2536 4550 Σαμάρειαν,
2563 4477 2757 4541 οἵτινες
2788 4479 2883 4531 καὶ
2933 4476 3193 4549 πρότερον
3225 4477 3377 4547 αὐτῷ
3412 4493 3531 4529 συν-

2015 4583 2110 4620 σαν
2126 4584 2140 4633 ;

2015 4583 2140 4633 σαν;

1971 4582 2007 4637 η
2035 4659 2122 4716 29.
2164 4679 2184 4712 ‹
2207 4661 2441 4732 Ἀφῆκεν
2468 4654 2561 4715 οῦν
2600 4660 2698 4732 τὴν
2729 4659 2915 4732 ὑδρίαν
2959 4659 3129 4730 αὐτῆς
3173 4661 3208 4730 ἠ
3239 4661 3399 4731 γυνὴ,
3447 4657 3532 4713 καὶ

3213 4815 3260 4847 ⁸⁸
3290 4817 3415 4870 ibid.
3445 4813 3528 4866 26.

2044 4965 2154 5037 (10)
2182 4967 2346 5037 (Ὅτε.
2376 4964 2431 5018 ln
2457 4964 2699 5037 margine
2731 4963 2935 5037 codicis
2963 4962 3486 5037 Bodleiani_notatur
3511 4975 3522 5008 :

1974 5031 2145 5090 Fo'rte'
2172 5036 2444 5103 legendum
2473 5031 2615 5104 τότε,
2649 5035 2793 5104 quod
2834 5043 3054 5104 secutus
3087 5042 3171 5086 est
3230 5031 3522 5104 Ferrarius.

2045 5106 2156 5175 (il)
2185 5097 2280 5172 Μὴ
2330 5097 2611 5175 ὑστερῶν
2641 5097 2775 5175 {dte
2823 5103 3170 5175 σαφέστατα
3219 5097 3525 5175 ἐμφανίζει.

1973 5171 2627 5263 Inta'codexBodleianus;
2687 5171 3029 5263 Re‘gius'pro
3076 5171 3320 5242 ὑστερῶν
3384 5171 3530 5223 habet

1977 5248 2221 5317 ὕστερον,
2253 5257 2303 5299 et
2327 5244 2598 5316 ἐμφανίζῃ
2625 5259 2721 5312 pro
2751 5244 3058 5313 ἐμφανίζει.

1979 5387 2010 5392 _
2051 5317 2160 5392 (Ψ)
2208 5313 2667 5392 Εῠεξαπάζητος
2699 5310 2868 5392 ρῦτζα
2932 5312 3160 5392 τυχεῖν.
3225 5309 3318 5364 Sic
3374 5307 3525 5392 codex

1979 5382 2352 5469 Bodleiauus,
2402 5386 2633 5453 optime;
2695 5384 2934 5452 Regius,
2993 5382 3332 5451 ἐξαπάτητος
3395 5382 3524 5431 οὐσα

1989 5475 2164 5595 “iii-3)
2194 5526 2393 5592 Εἴπερ.
2423 5523 2646 5595 Videtur
2677 5523 2970 5595 legendum
2994 5521 3238 5595 ἐπείπερ.

2055 5591 2482 5667 (14)Γίνωσκε.
2515 5594 2672 5649 Deest
2698 5591 2748 5648 iu
2790 5592 3084 5649 Bodleiano
3115 5591 3321 5646 codice.
