3702 6142
135 308 230 364 449

1063 268 1069 273 ’
1169 288 1525 346 εοιιιιΕΝτ.
1563 287 1628 342 IN
1664 285 1850 343 JOAN.
1889 282 2127 341 τοιιυε
2159 282 2298 338 xm.

3253 280 3359 335 450

140 417 357 490 ἀπῆλθεν
396 414 475 478 είς
520 411 622 482 τὴν
651 409 826 468 πόλιν,
883 406 977 460 καὶ
1027 404 1174 472 λέγει
1211 406 1324 466 τοῖς
1351 400 1656 472 ἀνθρώποις

1887 407 2020 450 atem
2053 395 2206 460 adiit,
2237 405 2291 448 et
2317 393 2631 449 hominibus
2661 393 2739 448 ait
2768 412 2779 448 :
2815 392 3031 456 Venite,
3070 392 3251 448 videte
3280 397 3361 446 vi.

139 512 304 572 Δεῦτε,
336 507 472 565 ἴδετε
491 503 797 578 ἄνθρωπον,
832 498 889 560 ὃς
910 493 1035 550 εἶπέ
1065 513 1154 566 μοι
1187 495 1364 548 πάντα
1387 494 1488 546 ὅσα
1516 491 1694 563 ἐποίη-

140 621 227 657 σα·
265 602 389 671 μήτι
439 585 594 656 οῦτός
642 593 791 643 ἐστιν
818 590 847 642 ὁ
875 586 1148 658 Χριστός;
1177 605 1194 635 ι
1229 586 1304 638 Ού
1342 583 1516 655 μάτην
1541 579 1694 654 οἶμαι

139 685 556 759 ἁναγεγραφέναι
599 680 694 735 τὸν
739 676 1128 747 εὐαγγελιστὴν
1173 676 1267 728 καὶ
1311 673 1382 727 τὰ
1431 675 1559 746 περὶ
1596 675 1694 745 τῆς

138 786 364 855 ἀφέσεως
388 780 486 850 τῆς
518 776 726 850 ὑδρίας,
759 775 948 845 ἥντινα
982 773 1183 840 ἀφεῖσα
1215 771 1250 842 ἡ
1287 767 1424 840 γυνὴ
1455 767 1694 838 ἀπῆλθεν

138 881 206 942 είς
229 876 321 947 τὴν
350 873 534 926 πόλιν·
566 869 708 924 κατὰ
743 867 842 938 μὲν
869 862 962 919 οῦν
1005 863 1103 935 τὴν
1135 861 1296 927 λέξιν,
1328 858 1560 930 σπουδὴν
1593 860 1693 929 ἐμ-

138 969 299 1041 φαίνει
323 965 543 1022 πλείονα
575 962 676 1032 τῆς
708 956 1095 1031 Σαμαρείτιδος
1127 952 1560 1022 καταλειπούσης
1596 950 1694 1021 τὴν

137 1062 326 1135 ὑδρίαν,
357 1059 452 1114 καὶ
495 1057 556 1110 οὐ
587 1054 837 1112 τοσοῦτον
869 1047 1290 1120 πεφροντικυίας
1331 1044 1426 1099 τοῦ
1461 1063 1698 1116 σωματι-

137 1155 223 1211 κοῦ
254 1153 359 1225 (15)
393 1149 488 1205 καὶ
519 1147 901 1218 ταπεινοτέρου
938 1142 1291 1214 καθήκοντος,
1325 1141 1446 1192 ὅσον
1465 1138 1566 1209 τῆς
1588 1139 1696 1191 τῶν

137 1248 328 1303 πολλῶν
354 1243 626 1316 ὠφελείας
643 1258 656 1272 ⁶
691 1237 1178 1311 φιλανθρωπότατα
1215 1233 1324 1303 γὰρ
1353 1231 1634 1302 κεκίνηται
1661 1232 1695 1302 ἡ

139 1340 438 1413 βουληθεῖσα
492 1339 607 1399 τοῖς
651 1333 897 1395 πολίταις
931 1325 1384 1398 εὐαγγελίσασθαι
1442 1324 1533 1377 τὸν
1565 1325 1699 1394 Χρι-

117 1431 267 1494 ’στδν.
332 1426 691 1502 μαρτυροῦσα
746 1422 894 1494 αύτῷ
946 1421 1193 1494 εἰρηκότι
1242 1419 1378 1489 αὑτῇ
1437 1416 1612 1470 πάντα
1661 1414 1698 1469 ἃ

137 1525 359 1595 ἐποίησε.
396 1520 572 1596 Καλεῖ
598 1520 657 1573 δέ
696 1517 893 1580 αὐτοὺς
922 1514 1016 1568 ἐπὶ
1043 1513 1106 1566 τὸ
1141 1511 1267 1564 ἰδεῖν
1293 1509 1582 1579 ἄνθρωπον
1611 1506 1700 1560 λό-

137 1635 220 1688 γον
249 1617 432 1688 ἔχοντα
467 1613 690 1686 μείζονα
711 1608 996 1682 ἀνθρώπου
1021 1623 1036 1637 °
1062 1605 1124 1658 τὸ
1147 1604 1255 1674 γὰρ
1281 1603 1475 1674 ὁρατὸν
1504 1598 1700 1668 ὀφθαλ-

141 1715 247 1784 μοῖς
265 1708 426 1764 αὑτοῦ
455 1705 746 1778 ἄνθρωπος
775 1698 863 1774 ἦν.
904 1701 1025 1773 Χρὴ
1055 1696 1148 1754 οὖν
1177 1697 1273 1751 καὶ
1299 1696 1449 1768 ἡμᾶς
1482 1694 1700 1747 ἐπιλαν-

1794 503 1933 552 rum,
1962 487 2052 556 qui
2095 487 2231 540 dixit
2263 485 2392 538 mihi
2425 485 2606 539 omnia
2634 499 2972 555 quaecunque
3003 482 3106 539 feci
3133 499 3147 537 :
3183 498 3251 537 an
3277 485 3361 539 hic

1793 589 1875 636 est
1913 580 2000 634 ille
2051 577 2301 633 Christus
2337 577 2384 609 ⁸⁸
2407 578 2430 631 7
2457 597 2476 630 ι
2512 577 2628 632 Νοη
2659 578 2857 632 frustra
2905 592 3033 632 reor
3077 577 3364 645 scripsisse

1791 669 2178 740 evangelistam
2205 667 2273 723 de
2309 665 2625 721 dimissione
2658 666 2882 738 hydriae,
2917 665 3057 735 quod
3087 665 3366 734 reliquerit

1797 760 1942 814 illam
1978 757 2173 812 mulier
2201 755 2441 825 profecta
2472 758 2540 812 ad
2592 755 2801 820 urbem,
2851 756 3166 820 ostendens,
3220 755 3365 823 quod

1795 854 1860 908 ad
1895 863 2102 906 textum
2131 851 2346 920 quidem
2373 851 2593 914 attinet,
2616 849 2852 905 studium
2880 847 3055 916 majus
3075 862 3236 916 quam
3269 861 3367 916 pro

1797 945 2146 1012 Samaritide,
2201 951 2264 998 ut
2308 957 2428 1012 qua:
2482 941 2763 1011 reliquerit
2811 941 3080 1010 hytlriam,
3129 953 3236 992 non
3285 937 3370 991 sic

1794 1036 1941 1091 cordi
1973 1036 2179 1090 habens
2204 1047 2527 1102 corporeum
2557 1041 2614 1086 et
2641 1029 2842 1084 humile
2874 1027 3131 1092 officium,
3153 1035 3212 1080 ut
3231 1026 3369 1080 mul-

1799 1138 1975 1182 torum
2011 1126 2336 1180 utilitatem:
2374 1121 2709 1176 humanitate
2734 1120 2878 1174 enim
2909 1128 3050 1173 mota
3097 1125 3200 1182 est,
3245 1131 3368 1184 quas

1797 1217 2205 1273 voluitcivihus
2233 1215 2608 1284 evangelizare
2636 1211 2949 1277 Christum;
2991 1210 3091 1278 ipsi
3129 1208 3371 1263 testimo-

1797 1314 1944 1368 nium
1981 1312 2142 1375 dans,
2185 1311 2327 1379 quod
2375 1308 2556 1360 omnia
2612 1317 2944 1374 quaecunque
2998 1301 3219 1357 fecisset
3265 1299 3370 1354 sibi

1798 1405 2016 1460 dixerit.
2054 1402 2252 1456 Invitat
2283 1413 2464 1456 autem
2507 1400 2652 1468 ipsos
2684 1398 2750 1451 ad
2773 1398 3062 1451 videndum
3096 1393 3367 1450 hominem

1800 1497 2085 1552 habentem
2142 1495 2411 1551 rationem
2461 1506 2525 1546 ac
2584 1504 2888 1545 sermonem
2944 1487 3100 1556 longe
3136 1483 3368 1548 homine

1800 1587 2235 1660 praestantiorem
2263 1604 2278 1641 :
2315 1586 2369 1640 id
2397 1585 2541 1639 enim
2574 1583 2717 1652 quod
2750 1581 2816 1636 de
2839 1594 2904 1635 eo
2949 1579 3154 1633 nostris
3200 1575 3374 1632 oculis

1801 1682 2134 1754 aspectabile
2163 1691 2304 1750 erat,
2332 1681 2494 1736 homo
2519 1690 2658 1732 erat.
2691 1673 3053 1742 Quamobrem
3081 1670 3373 1727 oblivisca-

140 1763 443 1872 θανομένους
469 1763 582 1851 τῶν
615 1763 1104 1866 σωματικωτέρίυν,
1133 1789 1228 1844 καὶ
1258 1763 1514 1859 ἀφιέντας
1541 1785 1674 1840 αὐτὰ

1887 1791 1926 1831 ιι*
1963 1783 2020 1829 et
2052 1788 2152 1828 nos
2181 1785 2404 1828 necesse
2429 1778 2510 1824 est
2532 1782 2713 1822 rerum
2745 1763 3136 1834 corporalium,
3179 1763 3373 1831 hisque

140 1893 366 1947 σπεύδειν
413 1889 508 1943 ἐπὶ
536 1887 600 1940 τὸ
630 1883 966 1957 μεταδιδόναι
1012 1877 1082 1953 ἦς
1118 1879 1520 1952 μετειλήφαμεν
1546 1876 1693 1946 ὠφε-

136 1985 269 2046 λείας
294 1981 499 2054 ὲτέροις
523 1995 538 2009 ⁸
576 1978 666 2030 ἐπὶ
708 1975 866 2029 τοῦτο
891 1973 1001 2045 γὰρ
1029 1972 1380 2044 προκαλεῖται
1406 1972 1435 2024 ό
1473 1969 1698 2038 εὐαγγε-

137 2076 307 2147 λιστὴς
329 2074 549 2127 ἔπαινον
595 2075 707 2136 τοῖς
732 2068 925 2123 εἰδόσιν
951 2063 1342 2134 ἀναγινώσκειν
1369 2062 1696 2132 ἀναγράφων

136 2167 223 2237 τῆς
249 2164 519 2236 γυναικός.
579 2161 723 2234 Πρὸς
755 2159 1001 2231 μέντοιγε
1046 2155 1142 2227 τὴν
1172 2151 1460 2223 ἀναγωγὴν
1490 2167 1697 2220 σκοπη-

136 2259 246 2313 τέον
272 2259 354 2322 τίς
396 2259 431 2328 ἡ
465 2255 652 2328 ὑδρία,
681 2255 748 2324 ἣν
778 2251 968 2323 ἀφίησι
1015 2246 1433 2320 παραδεξαμένη
1458 2261 1576 2307 πως
1605 2240 1698 2294 τοῦ

149 2350 308 2424 Ἰησοῦ
338 2350 532 2418 λόγους
582 2349 615 2419 ἡ
648 2345 977 2416 Σαμαρεῖτις
1000 2358 1014 2372 ·
1068 2340 1163 2394 καὶ
1212 2338 1353 2409 τάχα
1393 2335 1455 2389 τὸ
1497 2335 1702 2405 δοχεῖον

137 2444 221 2499 τοῦ
255 2439 744 2513 σεμνοποιουμένου
775 2433 886 2506 (16)
929 2432 1021 2487 ἐπὶ
1056 2429 1316 2502 βαθύτητι
1342 2426 1552 2488 ῦδατος,
1604 2424 1703 2494 τῆς

138 2534 491 2596 διδασκαλίας,
550 2524 626 2585 ὧν
681 2528 899 2600 ἐφρόνει
953 2525 1217 2595 πρότερον
1277 2517 1700 2584 ἐξευτελίζουσα,

140 2627 437 2683 ἀποτίθεται
469 2627 528 2678 ἐν
575 2621 654 2693 τῷ
681 2620 947 2692 κρείττονι
990 2617 1091 2688 τῆς
1123 2613 1330 2686 ὑδρίας,
1373 2608 1611 2666 λαϐοῦσα
1643 2610 1706 2660 ἐκ

142 2721 224 2775 τοῦ
256 2720 443 2782 ὓδατος
471 2715 575 2770 τοῦ
623 2711 913 2784 γενομένου
962 2709 1065 2780 ἠδη
1117 2708 1175 2760 ἐν
1220 2705 1356 2776 αὑτῇ
1385 2701 1567 2774 πηγῆς
1596 2697 1706 2772 (17)

142 2813 318 2878 ὓδατος
349 2809 656 2882 ἁλλομένου
711 2807 792 2868 είς
824 2801 968 2873 ζωὴν
1014 2799 1262 2854 αἰώνιονο
1312 2795 1431 2860 πῶς
1463 2794 1570 2864 γὰρ
1617 2791 1704 2855 ἂν,

141 2905 223 2959 τοῦ
271 2905 456 2967 ὓδατος
504 2898 704 2954 τούτου
761 2895 834 2968 μὴ
891 2892 1262 2965 μετειληφυῖα,
1315 2883 1711 2958 φιλανθρώπως

140 2998 358 3071 Χριστὸν
407 2997 520 3058 τοῖς
558 2990 801 3052 πολίταις
834 2987 1122 3058 ἐκήρυσσε,
1168 2976 1519 3050 θαυμάζουσα
1551 2971 1712 3030 αὑτὸν

141 3066 537 3158 ἀπαγγέλλοντα
565 3083 746 3137 πάντα
765 3079 809 3134 δέ
827 3078 1100 3149 ἐποίησεν,
1131 3075 1179 3127 εί
1213 3071 1286 3143 μὴ
1312 3068 1623 3142 μετειλήφει
1644 3066 1710 3119 δι’

142 3176 208 3235 ὧν
236 3182 430 3253 ἢκουσε
461 3175 580 3247 (18)
613 3172 710 3228 τοῦ
742 3170 1009 3243 σωτηρίου
1032 3167 1256 3228 ῦδατος;
1299 3162 1564 3216 Ῥεϐέκκα
1593 3159 1713 3230 μέν·

143 3290 237 3337 τοι,
261 3252 360 3327 καὶ
404 3269 546 3342 αὑτὴ
601 3266 788 3338 ὑδρίαν
822 3264 1020 3335 ἔχουσα
1061 3259 1154 3312 ἐπὶ
1197 3256 1306 3310 τῶν
1341 3254 1526 3325 ὤμων,
1583 3252 1712 3323 πρὶν

147 3357 449 3411 συντελέσαι
497 3337 771 3408 λαλοῦντα
817 3351 876 3402 ἐν
920 3349 986 3418 τῇ
1040 3344 1246 3414 διανοίᾳ
1290 3341 1383 3394 τὸν
1411 3339 1578 3392 παῖδα
1619 3337 1712 3390 τοῦ

157 3449 412 3521 Ἀϐραὰμ,
448 3442 808 3516 ἐξεπορεύετο
838 3438 977 3510 καλὴ
1005 3440 1072 3509 τῇ
1094 3435 1214 3506 ὄψει
1239 3431 1506 3504 παρθένος
1529 3446 1544 3461 ·
1571 3429 1712 3498 ἥτις,

148 3519 362 3613 ἐπείπερ
391 3541 492 3610 οὐχ
523 3536 729 3608 ὁμοίως
755 3532 934 3606 ἠντλει
965 3533 1031 3602 τῇ
1059 3525 1428 3600 Σαμαρείτιδι,
1459 3519 1720 3576 καταϐαί-

149 3651 220 3688 νει
248 3612 339 3687 ἐπῖ
363 3632 462 3704 τὴν
507 3628 718 3702 πηγὴν,
748 3625 843 3678 καὶ
869 3623 1067 3693 πληροῖ
1102 3621 1202 3692 τὴν
1232 3617 1440 3689 ὑδρίαν,
1471 3612 1718 3685 ἀναϐάσῃ

145 3745 199 3782 τε
225 3728 354 3797 αὐτῇ
381 3725 493 3796 (19)
529 3719 808 3793 ἐπιτρέχει
837 3718 918 3780 είς
951 3713 1271 3783 συνάντησιν
1291 3711 1319 3763 ὁ
1338 3706 1433 3763 τοῦ
1471 3706 1720 3778 Ἀϐραὰμ

148 3822 287 3885 παῖς,
316 3819 409 3873 καὶ
456 3812 586 3870 εἷπε
610 3831 625 3844 ⁸
682 3832 700 3864 ι
725 3809 950 3865 Πότισόν
1004 3823 1072 3876 με
1119 3801 1313 3874 μικρὸν
1355 3800 1498 3871 ὕδωρ
1527 3799 1592 3851 ἐκ
1620 3797 1720 3867 τῆς

149 3913 324 3985 ὑδρίας
354 3928 468 3965 σου.
501 3927 522 3961 ι
574 3905 730 3959 Ἐπεὶ
755 3902 865 3974 γὰρ
893 3901 1024 3963 παῖς
1052 3895 1120 3970 ἦν
1145 3893 1238 3950 τοῦ
1276 3891 1546 3964 Ἀϐραὰμ,
1586 3887 1722 3958 ἠγά-

150 3977 220 4056 πα
243 4003 342 4056 κᾶν
374 3997 578 4072 μικροῦ
617 3995 806 4056 ὓδατος
832 3990 940 4045 ἀπὸ
971 3989 1069 4058 τῆς
1092 3985 1279 4056 ὑδρίας
1317 3981 1607 4042 Ῥεϐέκκας
1635 3977 1723 4032 λα-

151 4096 254 4150 ϐεῖν
277 4112 290 4126 ο
340 4071 435 4148 καὶ
482 4092 754 4144 ἔσπευσεν
805 4087 838 4156 ἡ
894 4082 1175 4143 Ῥεϐέκκα,
1222 4076 1317 4131 καὶ
1362 4071 1578 4127 καθεῖλε
1623 4071 1722 4142 τὴν

152 4187 328 4259 ὑδρίαν
361 4184 456 4239 ἐπὶ
509 4182 607 4235 τὸν
657 4177 912 4252 βραχίονα
957 4173 1066 4245 (20)
1094 4169 1282 4240 αὑτῆς,
1337 4166 1431 4220 καὶ
1473 4162 1723 4216 ἐπότισεν

153 4283 323 4348 αὑτὸν,
347 4282 454 4348 ἕως
479 4275 761 4331 ἐπαύσατο
787 4270 976 4324 πίνων.
1026 4263 1284 4332 Ἐπείπερ
1305 4255 1398 4313 οῦν
1416 4253 1483 4328 ἦν
1511 4256 1726 4308 ἐπαινε-

154 4374 214 4447 τὴ
241 4375 272 4446 ἡ
304 4345 402 4444 τῆς
439 4345 743 4429 Ῥεϐέκκας
774 4361 951 4434 ὑδρία,
984 4359 1044 4412 οὐ
1082 4351 1469 4410 καταλείπεται
1497 4346 1590 4401 ἀπ’
1629 4345 1728 4398 αύ-

155 4436 272 4535 τῖίς,
293 4464 327 4536 ἡ
430 4461 533 4531 τῆς
555 4453 966 4529 Σαμαρείτιδος,
995 4443 1129 4503 οῦσα
1155 4445 1273 4516 ὥρα
1295 4442 1454 4512 ἐκτη,
1485 4436 1724 4507 ἀφίεται.
1760 4477 1806 4534 D

535 4549 604 4621 δὴ
629 4527 742 4610 τοῖς
774 4541 1138 4615 Σαμαρείταις
1163 4533 1299 4604 γυνὴ
1323 4527 1731 4600 εὐαγγελίξεται

1633 4619 1732 4690 τὴν
1839 4623 1992 4673 sexta
2020 4611 2088 4663 ⁸⁸.
2116 4607 2229 4662 Hoc
2264 4579 2430 4674 igitur
2463 4599 2515 4652 in
2545 4595 2665 4650 loco
2697 4588 2891 4646 mulier
2921 4579 3276 4640 Samaritanis
3297 4591 3399 4631 an-

159 4649 243 4703 τον
267 4621 524 4719 Χριστόν·
578 4641 673 4694 ἐπὶ
697 4637 840 4693 τέλει
886 4635 945 4690 δὲ
989 4632 1098 4686 τῶν
1125 4626 1472 4697 Εὑαγγελίων
1515 4621 1609 4676 καὶ

162 4689 445 4794 ἀνάστῖασιν
492 4733 592 4789 τοῦ
900 4727 1011 4788 τοῖς
1043 4689 1356 4783 ἀποστόλοις
1393 4718 1428 4788 ἡ
1455 4713 1562 4786 πρὸ
1599 4709 1675 4763 πά

1887 4704 2056 4762 untiat
2081 4697 2362 4756 Christum
2392 4709 2408 4758 ;
2439 4691 2495 4744 in
2533 4689 2640 4742 line

1606 4801 1733 4856 οὔτε
1839 4789 2233 4850 surrectionem
2288 4776 2601 4840 Servatoris

161 4849 262 4885 των
308 4828 468 4884 αὑτὸν
514 4822 830 4894 θεασαμένη
879 4816 1018 4888 γυνὴ
1059 4814 1347 4885 διηγεῖται.
1422 4804 1562 4860 Ἀλλ’

1795 1868 2010 1924 omissis
2039 1866 2358 1922 festinemus
2379 1862 2444 1915 ad
2473 1857 2977 1916 communicandam
3011 1854 3158 1917 aliis,
3203 1867 3370 1922 quam

1797 1957 2328 2029 participaverimus,
2370 1951 2658 2006 utilitatem
2691 1966 2704 2002 :
2737 1947 2804 2002 ad
2830 1948 2932 2002 hoc
2970 1961 3202 2013 namque
3235 1943 3373 1996 invi-

1801 2061 1878 2106 tat
1906 2049 2236 2120 evangelista
2281 2045 2496 2100 laudetn
2547 2041 2794 2095 scribens
2839 2036 3084 2093 mulieris
3118 2032 3374 2104 prudenti

1801 2140 2010 2197 lectori.
2044 2139 2152 2194 Sed
2189 2137 2254 2192 ad
2283 2135 2529 2190 altiorem
2560 2128 2974 2200 intelligentiam
3014 2125 3374 2181 intendendus

1799 2245 1885 2291 est
1917 2233 2152 2296 animus,
2176 2243 2426 2300 quaenam
2459 2227 2668 2282 scilicet
2698 2225 2768 2278 sit
2795 2221 2987 2293 hydria
3017 2233 3181 2288 quam
3211 2217 3378 2272 relin-

1801 2328 1916 2396 quit
1946 2324 2398 2392 Samaritis,quaa
2457 2319 2637 2387 aliquo
2686 2315 2844 2371 modo
2898 2319 3186 2382 acceperat
3245 2307 3378 2364 Jesu

1803 2429 2120 2478 sermones;
2151 2423 2207 2469 et
2235 2412 2469 2468 fortasse
2497 2425 2592 2464 vas
2620 2422 2774 2476 aquae
2805 2404 3104 2461 nobilitatae
3151 2399 3221 2477 ob
3249 2415 3376 2469 pro-

1805 2510 2127 2566 funditatem
2157 2505 2440 2567 doctrinae,
2464 2503 2552 2556 his
2578 2499 2739 2554 rebus
2766 2511 2901 2568 quas
2926 2505 3086 2550 antea
3121 2491 3378 2554 curabat,

1807 2600 2023 2671 spretis,
2056 2595 2270 2665 reponit
2295 2591 2435 2662 apud
2474 2603 2598 2645 eum
2634 2585 2726 2657 qui
2757 2598 2886 2638 vase
2911 2582 3070 2651 longe
3110 2586 3382 2649 praestan-

1809 2665 1915 2746 tior
1945 2697 2050 2755 est,
2080 2702 2203 2742 cum
2247 2682 2572 2752 sumpsisset
2597 2691 2661 2731 ex
2695 2676 2783 2730 illa
2818 2688 2982 2741 aqua,
3012 2685 3133 2738 quae
3174 2669 3288 2738 jam
3327 2665 3382 2719 in

1809 2798 1869 2838 se
1897 2781 2041 2835 facta
2082 2777 2263 2832 fuerat
2296 2774 2418 2829 fons
2459 2783 2615 2839 aquae
2645 2764 2891 2822 salientis
2923 2762 2993 2816 ad
3022 2761 3188 2814 vitam
3217 2767 3382 2812 teter—

1810 2889 1936 2930 nam
1961 2873 2030 2926 3'.
2067 2867 2352 2937 Quomodo
2379 2862 2524 2918 enim
2553 2861 2598 2916 si
2628 2873 2732 2913 non
2769 2855 3038 2926 particeps
3077 2849 3200 2904 talis
3230 2862 3385 2916 aquae

1811 2936 2332 3030 fuisset,quomodo,
2349 2954 2592 3022 inquam,
2615 2949 2848 3003 humane
2869 2943 3142 2997 Christum
3173 2936 3388 2993 civibus

1813 3053 2183 3125 praedicasset,
2212 3045 2492 3100 admirans
2530 3054 2652 3094 eum
2685 3035 2788 3091 sibi
2829 3032 3009 3088 omnia
3043 3041 3386 3098 quaecunque

1803 3145 2036 3203 fecisset
2095 3138 2522 3198 renuntiantem,
2554 3131 2657 3186 nisi
2688 3128 2958 3199 particeps
3005 3124 3145 3177 facta
3197 3121 3388 3175 fuisset

1814 3253 1968 3308 aqua:
1987 3232 2240 3291 salutaris
2263 3243 2361 3299 per
2381 3241 2446 3281 ea
2481 3224 2644 3278 verba
2675 3234 2794 3290 quae
2815 3213 3104 3270 audierat?
3143 3211 3389 3266 Rebecca

1813 3306 1946 3385 sane
1984 3335 2041 3382 et
2071 3325 2184 3394 ipsa
2215 3318 2465 3391 hydriam
2497 3313 2706 3368 habens
2733 3323 2899 3378 super
2925 3306 3202 3370 humeros,
3233 3309 3391 3356 ante»

1815 3437 1976 3494 quam
2008 3415 2242 3475 Abrahae
2275 3425 2412 3483 puer
2435 3408 2599 3464 tinem
2635 3399 2888 3472 loquendi
2917 3398 3124 3452 faceret
3157 3395 3208 3448 in
3239 3407 3389 3461 cogi-

1817 3515 2048 3579 tatione,
2078 3507 2465 3581 egrediebatur
2509 3501 2665 3568 virgo
2714 3493 2896 3563 specie
2944 3497 3270 3560 pervenusta
3303 3484 3385 3534 ⁸⁶ε

1817 3623 1939 3679 quae
1982 3578 2239 3676 quoniam
2291 3613 2396 3652 non
2444 3591 2670 3666 perinde
2722 3596 2887 3656 atque
2940 3579 3226 3638 Samaritis
3274 3578 3392 3633 haec

1819 3670 2091 3762 hauriret,
2116 3690 2394 3749 descendit
2427 3687 2496 3742 ad
2541 3683 2768 3744 fontem,
2811 3686 2867 3731 et
2901 3672 3086 3742 implet
3115 3670 3393 3740 hydriam,

1819 3795 1983 3862 eique
2011 3783 2326 3843 ascendenti
2359 3779 2576 3835 obviam
2627 3782 2922 3828 accurrens
2975 3763 3206 3819 Abrahae
3252 3773 3390 3828 puer

1821 3851 1960 3939 diait
1985 3897 1999 3934 :
2038 3897 2056 3932 ι
2086 3878 2282 3933 Ροιιιιιι
2309 3871 2490 3944 praebe
2521 3865 2652 3922 mihi
2684 3860 2974 3934 pauculum
3006 3869 3162 3923 aquae
3189 3865 3256 3906 ex
3286 3851 3390 3920 by-

1823 3975 1939 4031 dria
1970 3983 2060 4026 tua
2084 3970 2153 4024 ‘7.
2186 3986 2206 4019 ι
2237 3943 2505 4032 Quoniam
2535 3957 2704 4028 igitur
2737 3965 2871 4022 puer
2918 3955 3037 4003 erat
3090 3943 3392 4002 Abraham,

1822 4070 2105 4122 contentus
2129 4057 2228 4112 fuit
2252 4031 2336 4109 vel
2360 4047 2626 4105 tantulum
2651 4057 2806 4114 aqua:
2830 4055 2895 4096 ex
2923 4034 3112 4108 hydria
3136 4031 3395 4086 Rebecca;

1823 4168 2073 4218 sumere;
2105 4159 2163 4205 et
2220 4144 2492 4204 festinavit
2554 4137 2821 4200 Rebecca,
2875 4139 2930 4186 et
2963 4118 3396 4195 deposuith

1825 4216 2070 4321 hydriam
2104 4255 2266 4312 super
2289 4233 2570 4293 brachium
2598 4242 2778 4290 suum,
2803 4232 2984 4293 potum
3015 4218 3094 4272 illi
3123 4216 3392 4321 prteben‘s,

1826 4301 1998 4398 donec
2015 4301 2254 4393 cessaret
2269 4347 2298 4384 a
2312 4327 2546 4386 bibendo
2556 4322 2624 4376 ³³.
2649 4317 2915 4387 Quoniam
2932 4313 3095 4383 igitur
3110 4301 3398 4362 laudabilis

1827 4397 1946 4487 erat
1973 4427 2236 4482 Rebeccae
2277 4417 2495 4491 hydria,
2547 4427 2654 4468 non
2710 4404 3087 4474 relinquitura
3120 4397 3392 4457 Rebecca,

1837 4525 1932 4581 sed
1967 4490 2532 4582 Samaritidisliydria
2575 4501 2898 4571 relinquitur
2930 4497 3064 4550 hora
3105 4490 3401 4545 exsistente

2667 4697 2796 4739 vero
2845 4673 3279 4745 Evangeliorum,
3314 4681 3404 4720 re-

2655 4773 2818 4828 etiam
2868 4772 3092 4822 enarrat
3143 4757 3403 4831 apostolis

229 5017 273 5050 ⁸⁵
296 5014 452 5070 Joan.
483 5005 667 5072 tv,28,
692 5004 782 5061 29.
856 5003 902 5036 ⁸⁸
924 4999 1052 5057 ibid.
1083 4998 1172 5052 l4.
1245 4993 1292 5026 ⁸⁸
1315 4991 1453 5048 Gen.
1487 5000 1634 5042 xxiv.

1887 4977 1917 5032 ι.
1958 4973 2048 5031 Π.
2121 4969 2170 5003 ⁸⁸
2204 4965 2336 5024 ibid.
2367 4961 2456 5018 18.
2530 4957 2578 4992 ⁸⁹
2603 4955 2763 5012 Joan.
2792 4964 2866 5017 tv,
2903 4946 2958 5003 6.

235 5195 344 5262 (15)
377 5193 577 5262 Codex,
601 5186 945 5262 Bodleianus.
979 5178 1076 5235 καὶ
1105 5175 1277 5238 οὕτως
1310 5168 1480 5239 αὐτῆς
1502 5178 1733 5236 πεφρον-

170 5252 374 5330 τικυίας
399 5265 462 5319 οὐ
495 5261 594 5316 τοῦ
605 5252 964 5330 ’σωματικοῦ.

238 5357 542 5430 (l6)Codd.
568 5354 771 5424 Regius
802 5356 858 5402 et
883 5342 1237 5404 Barberinus,
1304 5329 1504 5406 σεμνοῦ
1549 5343 1734 5382 ποιου-

181 5431 353 5501 μένου.

244 5519 350 5589 (Π.)
375 5514 700 5589 Bodleianus
723 5509 898 5567 codex
920 5502 1125 5576 πηγῆς,
1163 5498 1362 5569 Regius
1392 5503 1448 5552 et
1481 5487 1738 5547 Barberi-

182 5588 296 5653 nus,
323 5588 521 5659 ἀρχῆς.

1837 5159 2010 5236 ticeps
2029 5153 2171 5236 facta
2196 5156 2344 5206 esset
2364 5157 2517 5216 aqua
2537 5147 2797 5212 perpetuo
2829 5131 3109 5194 salutaris,
3142 5144 3162 5179 ι
3192 5123 3404 5194 legebat

1836 5230 2118 5287 διηνεκῶς.

1887 5245 2366 5371 Ἧῗῆωξᾶναϐᾴρνῃ
2394 5301 2460 5338 τε
2509 5277 2687 5348 αὐτῇ,
2731 5289 2857 5371 (ξιξὶ
2883 5272 2958 5328 Ita
3013 5266 3297 5371 legepdtlnn
3336 5276 3404 5344 ex

1841 5335 2035 5425 adigi.
2062 5335 2459 5428 $721.66
2490 5335 2932 5428 ve_r_o'¥gca§éqn
2955 5384 2970 5408 ,
3005 5335 3296 5428 ut‘illuct‘i‘o
3325 5335 3410 5387 vi-

1842 5405 2336 5501 Ηὲίίιῗιθῖὸέηέέ.
2365 5405 2628 5501 xit“);
2662 5419 2811 5486 Quod
2845 5405 3410 5501 siLiocahlttprG-eite-

1843 5475 2369 5565 ἔέόέξιιῖιῖειιιιιίεεει
2409 5475 2737 5565 Ferrarius,
2793 5485 2958 5541 παῖδα
2985 5480 3110 5565 τοῦ..
3136 5475 3407 5549 Ἀϐραάμ.

1851 5551 2360 5632 amabat-filium}
2402 5551 2739 5636 ineptissime
2764 5573 2872 5613 non
2906 5551 3252 5609 reddidisset,
3291 5560 3350 5600 se
3391 5580 3408 5606 ,

247 5647 554 5753 (l8).C'ot'lex
589 5668 1034 5733 Bodleianus,6t‘
1068 5657 1143 5719 ὢν
1177 5663 1394 5732 ἤκουσε,
1445 5656 1644 5726 Regius
1683 5661 1741 5710 et
1848 5647 2112 5702 «Abrahae
2141 5653 2428 5712 puerum.»

557 5747 577 5753 -
619 5746 632 5753 ·
836 5740 879 5753 "
972 5741 1006 5753 '-
1411 5747 1426 5753 -
1461 5729 1561 5753 κιηι
1614 5741 1710 5753 -ι--ι
1919 5716 2034 5753 (om
2066 5713 2244 5753 ηηιιρτ
2271 5709 2428 5753 [ιοιιιρ

188 5729 795 5817 ω’τίἷέτῇἶιιξζδιήάςουε.
836 5729 1014 5796 Vertit
1057 5729 1361 5798 Perionius,
1407 5747 1426 5781 ι
1461 5729 1564 5783 nisi
1614 5741 1736 5796 par-

1919 5691 2614 5789 ati—)"anegllodleianus,
2649 5700 2742 5754 ἐπὶ
2760 5693 2854 5752 τοῦ
2886 5691 3188 5768 βραχίονος.
