3702 6142
282 271 384 331 ιιι

1723 263 1980 321 ORIGEN
1985 262 2046 318 IS

3419 261 3532 314 452

269 387 485 450 mulier,
513 390 638 438 ante
665 392 855 436 omnes
881 377 1057 448 ipsum
1085 379 1398 449 conspicata
1423 378 1494 437 θ’.
1529 376 1634 434 Sed
1663 395 1730 434 ne

2070 395 2096 447 ι,
2119 375 2196 441 ὡς
2219 374 2281 428 τὸ
2307 374 2510 429 τέλειον
2537 376 2634 446 τῆς
2661 374 2892 440 πίστεως
2913 373 3406 446 εὑαγγελισαμένη,
3433 376 3532 426 εὑ-

264 478 414 541 huic,
446 486 697 543 tanquam
730 487 852 542 quae
883 471 1208 526 renuntiarit
1252 470 1641 541 perfectionem
1684 471 1830 545 lidei,

263 571 452 640 gratia:
482 585 510 621 a
537 566 908 624 Samaritanis
950 566 1217 620 habentur
1257 565 1564 619 dicentibus
1597 562 1628 618 τ’
1663 582 1682 616 ι
1719 565 1832 619 Non

263 660 494 728 amplius
523 666 742 728 propter
766 655 1034 726 loquelam
1061 664 1206 710 tuam
1226 651 1530 722 credimus;
1565 660 1665 724 lpSI
1690 656 1832 710 enim

263 751 592 816 audivimus,
624 759 680 804 et
711 748 915 803 scimus
947 748 1093 802 hunc
1137 760 1260 802 esse
1299 760 1430 800 vere
1483 745 1832 800 Servatorem

263 843 446 896 mundi
475 841 516 873 "
539 854 772 910 pneque
802 839 878 894 illi
907 838 1278 894 conceduntur
1300 838 1555 907 primitiae
1580 836 1833 906 tangendi

261 933 560 996 Christum,
591 932 860 986 dicentem
894 931 942 984 ei
971 943 985 983 :
1018 948 1034 982 ι
1067 928 1182 982 Noli
1206 943 1292 984 me
1318 937 1539 998 tangere
1555 930 1622 994 ",
1651 947 1670 978 ι
1703 927 1832 996 quia

260 1024 498 1077 Thomas
519 1022 802 1075 auditurus
827 1029 981 1074 erat:
1011 1037 1031 1071 ι
1066 1019 1213 1073 All’er
1241 1019 1470 1088 digitum
1514 1028 1663 1074 tuum
1707 1019 1830 1083 huc,

259 1123 314 1168 et
340 1115 462 1169 vide
494 1129 691 1169 manus
721 1127 894 1174 meas,
921 1123 976 1164 et
999 1109 1134 1164 all‘er
1159 1125 1378 1165 manum
1406 1119 1574 1177 tuam,
1597 1119 1653 1164 et
1679 1109 1834 1164 mitte

258 1207 312 1261 in
354 1206 493 1261 latus
526 1205 818 1261 meum".i
855 1203 1046 1259 Omnia
1101 1212 1281 1256 autem
1327 1209 1501 1266 erant,
1541 1215 1661 1271 quae
1703 1200 1832 1256 fecit

258 1297 474 1363 mulier,
501 1295 842 1351 consuetudo
873 1309 993 1348 cum
1027 1293 1268 1363 quinque
1301 1292 1456 1358 viris,
1489 1301 1546 1346 et
1573 1303 1694 1360 post
1734 1292 1832 1356 hos

255 1389 650 1446 condescensio
711 1387 778 1442 ad
835 1395 1074 1453 sertum,
1123 1386 1214 1454 qui
1263 1385 1535 1455 legitimus
1581 1385 1666 1438 vir
1722 1399 1827 1438 non

254 1495 412 1550 erat;
442 1497 600 1554 quem
637 1497 757 1536 cum
791 1492 1066 1550 negasset,
1097 1478 1454 1550 hydriamqne
1502 1476 1828 1545 reliquisset,

256 1575 484 1629 honeste
512 1573 563 1626 in
591 1573 880 1642 septimum
914 1571 1206 1640 requiescit
1258 1568 1411 1640 [(2!)
1445 1567 1676 1624 all‘erens
1724 1569 1831 1628 utie-

255 1665 466 1720 litatem
500 1664 567 1718 iis
595 1678 811 1732 quoque
847 1662 937 1732 qui
999 1662 1192 1716 iisdem
1245 1661 1587 1730 dogmatibus
1635 1659 1825 1714 imbuti

255 1757 444 1812 urbem
480 1754 810 1820 incolebant,
848 1754 901 1808 id
937 1764 1043 1819 est,
1073 1753 1470 1808 institutionem
1511 1751 1823 1820 verborum,

253 1864 379 1918 quae
411 1862 516 1902 non
545 1856 692 1900 recta
731 1860 974 1914 sanaque
999 1853 1148 1907 sunt,
1172 1845 1418 1898 eamdem
1465 1857 1584 1912 qua:
1614 1843 1827 1897 mulieri

251 1939 430 2012 erat];
499 1955 620 2008 qua:
667 1939 829 1992 etiam
873 1938 924 1992 in
957 1952 1124 1992 causa
1177 1935 1299 1999 fuit,
1328 1944 1387 1990 ut
1420 1933 1498 1989 illi
1532 1949 1564 1989 e
1605 1935 1828 1990 civitate

249 2034 479 2094 exirent,
514 2042 568 2084 et
595 2029 841 2084 venirent
881 2029 950 2081 ad
1000 2026 1208 2082 Jesnm.
1251 2025 1442 2096 Magna
1494 2033 1678 2080 autem
1731 2026 1829 2079 ob-

250 2125 557 2181 servatione
577 2121 759 2176 Jesum
786 2128 979 2190 rogant
1001 2117 1332 2174 Samaritani
1363 2119 1415 2172 in
1449 2118 1820 2186 sequentibus,

256 2231 360 2270 nou
391 2223 451 2269 ut
475 2221 691 2268 maneat
727 2213 780 2266 in
815 2211 1052 2274 civitate,
1085 2210 1178 2266 sed
1217 2228 1236 2262 ι
1267 2209 1406 2278 apud
1434 2209 1578 2279 ipsos
1607 2207 1826 2274 “,ilioc

248 2314 355 2370 est,
383 2314 441 2359 ut
473 2305 548 2361 sit
575 2306 628 2359 in
660 2304 970 2376 principatu
1002 2318 1193 2358 eorum
1237 2301 1453 2374 [animae
1490 2309 1642 2370 parte
1683 2314 1823 2370 pra:-

249 2393 617 2466 stantissima]
655 2408 669 2443 :
713 2410 839 2449 nam
871 2394 1104 2449 fortasse
1137 2393 1397 2462 nequibat
1419 2390 1577 2448 Jesus
1603 2391 1659 2446 in
1689 2392 1823 2446 civi-

251 2493 359 2540 tate
396 2501 581 2540 eorum
608 2501 853 2551 manere,
903 2485 1345 2555 quandoquidem
1377 2484 1544 2538 etiam
1601 2482 1704 2553 ipsi
1755 2497 1821 2537 ex

248 2577 470 2630 civitate
495 2577 767 2640 exierant,
799 2578 1003 2644 optime
1050 2575 1332 2642 facientes,
1367 2583 1424 2629 et
1463 2580 1725 2627 venerant
1754 2571 1821 2627 ad

247 2680 394 2722 eum.
445 2667 602 2735 Quod
655 2677 836 2722 autem
879 2665 1248 2735 hujuscemodi
1297 2667 1542 2736 quaedam
1593 2667 1822 2718 innuan-

249 2767 359 2824 tur,
386 2773 582 2813 causas
613 2758 768 2813 nobis
797 2758 1083 2828 praebente
1114 2757 1445 2826 evangelista
1473 2755 1823 2810 accuratissi-

249 2865 336 2904 me
357 2850 423 2903 ad
451 2865 666 2905 sensum
695 2850 1077 2921 anagogicum,
1109 2849 1211 2904 hoc
1238 2857 1324 2904 est
1353 2849 1418 2903 ad
1445 2850 1816 2908 sublimiorem

245 2941 688 3011 intelligentiam,
714 2957 779 2996 ex
813 2942 897 2996 his
924 2939 1105 2996 verbis
1127 2939 1531 3008 diiudicandum
1563 2955 1670 2998 est.
1699 2942 1819 2997 Pri-

250 3049 398 3088 mum
443 3033 661 3103 quidem
695 3034 954 3102 scriptum
986 3030 1172 3087 est":
1211 3049 1229 3084 ι
1261 3031 1526 3087 Exierunt
1578 3048 1646 3088 ex
1681 3033 1816 3088 civi-
1845 3068 1888 3126 α

247 3133 378 3189 tate,
408 3134 462 3179 et
493 3137 758 3179 venerunt
795 3125 860 3179 ad
890 3140 1010 3179 eum
1035 3141 1050 3192 ;
1080 3144 1098 3176 ι
1127 3132 1182 3178 et
1212 3132 1332 3193 post
1374 3139 1544 3193 pauca
1570 3125 1618 3157 ⁹⁶
1643 3141 1659 3178 :
1692 3144 1712 3176 ι
1742 3126 1819 3180 Ex

247 3215 470 3270 civitate
513 3225 693 3270 autem
725 3216 812 3270 illa
862 3215 1016 3270 multi
1061 3216 1528 3271 Samaritanorum
1577 3218 1824 3274 credide-

246 3315 372 3359 runt
402 3307 453 3358 in
480 3321 625 3371 eum,
655 3315 872 3376 propter
907 3319 1214 3361 sermonem
1273 3307 1538 3372 mulieris,
1574 3323 1695 3378 quae
1745 3318 1823 3364 te-

242 3397 582 3452 Stilicabatur
604 3399 809 3462 dicens,
833 3397 968 3463 Quia
1000 3398 1140 3452 dixit
1181 3397 1311 3452 mihi
1341 3399 1522 3452 omnia
1562 3415 1820 3464 quaecun-

243 3504 349 3560 que
372 3490 494 3544 feci.
525 3487 598 3544 Ut
622 3504 752 3559 ergo
774 3499 1039 3544 venerunt
1068 3490 1134 3543 ad
1164 3503 1287 3544 eum
1319 3487 1626 3555 Samaritae,
1663 3506 1818 3560 roga-

244 3589 437 3634 verunt
456 3594 579 3634 eum
603 3587 661 3632 ut
683 3588 927 3634 maneret
946 3578 1085 3648 apud
1106 3579 1272 3648 ipsos.
1295 3597 1314 3632 ι
1336 3577 1505 3650 Igitur
1527 3580 1674 3649 prius
1695 3596 1815 3634 cum

241 3687 312 3726 ex
333 3671 554 3726 civitate
578 3672 644 3725 ad
675 3686 798 3726 eum
825 3671 1120 3738 venissent,
1147 3673 1310 3726 etiam
1339 3673 1518 3726 denuo
1549 3682 1820 3727 venerunt

247 3763 313 3814 ad
352 3777 474 3816 eum
506 3762 811 3826 Samaritm,
850 3763 1026 3816 adhuc
1049 3763 1401 3817 exsistentem
1433 3763 1576 3833 apud
1611 3763 1812 3818 fontem

245 3852 414 3910 Jacob
447 3857 571 3928 (nec
601 3857 748 3909 enim
776 3856 899 3909 inde
951 3854 1327 3924 discesserat),
1375 3865 1430 3909 et
1485 3866 1815 3926 rogaverunt

245 3961 368 4000 eum
397 3956 455 4001 ut
477 3958 721 4001 maneret
755 3947 891 4016 apud
910 3949 1078 4014 ipsos.
1101 3946 1210 4001 Nec
1232 3947 1493 4016 scriptum
1517 3956 1600 4002 est
1628 3955 1810 4018 postea

249 4041 393 4110 quod
428 4040 703 4110 ingressus
725 4040 797 4094 sit
823 4039 1231 4104 civitatem,sed
1271 4058 1291 4091 ‹
1324 4039 1530 4094 mansit
1570 4040 1642 4094 ibi
1677 4041 1815 4095 duos

244 4130 361 4186 dies
382 4131 448 4184 ’7.
485 4149 504 4181 ι
533 4130 673 4196 Quin
708 4131 869 4184 etiam
901 4129 1056 4200 24],
1100 4131 1152 4183 in
1182 4132 1534 4200 sequentibus
1583 4147 1686 4186 non
1739 4132 1814 4185 di-

243 4235 388 4277 ctum
415 4233 497 4279 est
525 4242 537 4276 :
574 4241 593 4274 ι
624 4223 750 4277 Post
770 4221 904 4276 duos
927 4238 1051 4277 vero
1079 4223 1194 4276 dies
1228 4243 1245 4276 ι
1280 4223 1447 4276 exivit
1468 4239 1534 4278 ex
1572 4225 1811 4288 civitate,

231 4316 339 4369 sed
371 4316 631 4384 scriptum
677 4323 801 4369 est:
841 4331 859 4365 ι
888 4313 953 4367 Ει
999 4313 1170 4367 exivit
1224 4315 1345 4368 inde
1367 4314 1413 4345 ³⁸
1439 4330 1453 4379 ;
1482 4334 1500 4366 ›
1554 4325 1814 4384 quantum

1936 471 2274 539 χαριστείται
2303 468 2407 520 ὑπὸ
2437 467 2547 520 τῶν
2578 468 2930 539 Σαμαρειτῶν
2958 469 3225 538 λεγόντων
3246 487 3261 500 ο
3297 489 3315 520 ι
3343 471 3535 523 Οὑκέ-

1935 575 1988 611 τι
2019 558 2106 612 διὰ
2137 558 2233 630 τὴν
2263 559 2449 612 λαλιάν
2484 577 2576 612 σου
2627 561 2956 632 πιστεύομεν
2981 581 2993 592 ·
3047 563 3201 616 αὐτοὶ
3246 565 3353 636 γὰρ
3377 566 3537 636 ἀκη-

1935 651 2160 722 κόαμεν,
2189 654 2282 706 καὶ
2311 653 2553 723 οἴδαμεν,
2609 654 2690 706 ὅτι
2729 649 2881 718 οὗτός
2910 657 3057 708 ἐστιν
3099 656 3310 727 ἀληθῶς
3339 659 3366 710 ὁ
3399 657 3533 709 Σω-

1933 743 2038 815 τὴρ
2083 743 2175 796 τοῦ
2206 745 2438 814 κόσμου’
2470 762 2488 794 ι
2527 744 2712 816 ἐκείνη
2739 762 2798 798 τε
2839 745 2937 818 τὴν
2965 747 3215 818 ἀπαρχὴν
3243 748 3338 819 τῆς
3367 748 3535 818 ἁφῆς

1933 835 2027 887 τοῦ
2075 834 2310 906 Χριστοῦ
2363 835 2424 887 οὑ
2475 836 2808 898 πιστεύεται,
2857 836 3104 904 λέγοντος
3145 838 3316 908 αὑτῇο
3372 857 3394 889 ι
3424 839 3532 908 Μή

1938 943 2038 996 μου
2066 926 2238 979 ἅπτου
2260 943 2272 956 ·
2303 945 2321 976 ι
2372 925 2563 996 ἔμελλε
2593 925 2702 999 γὰρ
2729 929 2758 980 ὁ
2789 927 2989 999 Θωμᾶς
3019 928 3264 982 ἀκούειν·
3323 947 3342 980 ι
3372 929 3535 999 Φέρε

1932 1017 2024 1070 τὸν
2053 1016 2315 1071 δάκτυλόν
2349 1035 2439 1070 σου
2485 1013 2608 1083 ὧδε,
2644 1019 2738 1071 καὶ
2786 1019 2863 1072 ἴδε
2912 1020 3011 1098 ταις
3042 1021 3229 1092 χεῖράς
3259 1038 3383 1092 μου,
3423 1020 3536 1074 καὶ

1933 1109 2065 1180 φέρε
2093 1109 2191 1181 τὴν
2218 1111 2377 1182 χεῖρά
2398 1129 2514 1176 σου,
2537 1111 2631 1165 καὶ¹
2663 1110 2819 1181 βάλλε
2844 1114 2922 1176 είς
2947 1113 3045 1184 τὴν
3068 1112 3304 1184 πλευράν
3335 1130 3479 1184 μου.
3505 1131 3526 1163 ι

1931 1201 2113 1254 Πάντα
2139 1202 2195 1255 δὲ
2225 1199 2293 1274 ἦν
2322 1203 2358 1258 ὃ.
2385 1204 2640 1275 ἐποίησεν
2669 1207 2702 1275 ἡ
2731 1203 2887 1275 γυνὴ,
2917 1205 2950 1276 ἦ
2981 1221 3040 1257 τε
3066 1204 3201 1277 πρὸς
3227 1207 3351 1268 τοὺς
3381 1205 3537 1258 πέν-

1931 1309 1989 1345 τε
2018 1292 2215 1363 ἄνδρας
2267 1296 2538 1360 κοινωνία,
2577 1283 2672 1350 καί
2728 1299 2841 1368 μετ’
2889 1297 3131 1361 ἐκείνους
3169 1297 3368 1368 ἡπρδς
3424 1298 3533 1350 τὸν

1929 1383 2086 1437 ἕκτον
2123 1385 2182 1438 οὑ
2213 1387 2433 1457 γνήσιον
2469 1388 2636 1459 ἄνδρα
2669 1388 3076 1457 συγκατάϐασις
3096 1405 3110 1419 ⁸
3139 1390 3319 1443 ὅντινα
3339 1392 3534 1461 ἀρνη-

1932 1476 2164 1547 σαμένη,
2216 1479 2308 1531 καὶ⁵
2351 1479 2449 1551 τὴν
2483 1481 2670 1550 ὑδρίαν
2717 1481 3107 1546 καταλιποῦσα,
3150 1483 3227 1544 εἰς
3275 1481 3532 1552 ἕϐδομον

1929 1567 2042 1639 (22)
2087 1569 2298 1640 σεμνῶς
2331 1570 2684 1636 ἀναπαύεται,
2741 1571 3076 1644 προξενοῦσα
3102 1572 3199 1643 τὴν
3237 1572 3530 1641 ὠφέλειαν

1929 1657 2024 1712 καὶ
2051 1662 2164 1724 τοῖς
2192 1661 2302 1714 ἀπὸ
2349 1661 2456 1715 τῶν
2481 1663 2760 1733 προτέρων
2807 1664 2943 1734 αὑτῇ
2986 1663 3266 1733 δογμάτων
3290 1663 3530 1716 οἰκοῦσι

1929 1750 2101 1814 πόλιν,
2131 1751 2231 1824 τὴν
2258 1754 2544 1826 οἰκοδομὴν
2576 1755 2683 1809 τῶν
2715 1757 2811 1826 οὑχ
2847 1755 3016 1824 ὑγιῶν
3053 1755 3243 1825 λόγων,
3274 1755 3370 1826 τὴν
3413 1757 3531 1809 αὑ-

1928 1848 2028 1918 τὴν
2057 1851 2122 1920 τῇ
2174 1850 2425 1918 γυναικί·
2467 1845 2550 1914 οἷς
2590 1852 2684 1904 καὶ
2721 1851 2869 1903 αἰτία
2903 1851 3111 1920 γίνεται
3143 1849 3374 1916 ἐξελθεῖν
3407 1849 3529 1919 τῆς

1928 1941 2154 2006 πόλεως,
2181 1941 2274 1994 καὶ
2302 1941 2474 1996 ἐλθεῖν
2503 1943 2638 2014 πρὸς
2666 1944 2756 1996 τὸν
2794 1943 3020 2012 Ἰησοῦν.
3053 1943 3201 1996 Πάνυ
3234 1943 3289 1994 δὲ
3321 1959 3528 2012 παρα-

1925 2032 2311 2104 τετηρημένως
2348 2036 2406 2087 ὲν
2456 2037 2568 2098 τοῖς
2613 2034 2741 2105 ἑξῆς
2785 2035 2834 2088 οἱ
2877 2035 3210 2105 Σαμαρεῖται
3255 2033 3527 2104 ἐρωτῶσι

1925 2122 2016 2175 τὸν
2059 2122 2286 2194 Ἰησοῦν,
2331 2125 2430 2195 οὑχ
2456 2124 2542 2178 ἵνα
2574 2124 2730 2195 μείνῃ
2758 2125 2816 2177 ὲν
2841 2127 2905 2196 τῇ
2937 2123 3107 2188 πόλει,
3153 2122 3285 2176 ἀλλὰ
3322 2141 3341 2173 ‹
3370 2124 3525 2192 παρ’

1925 2214 2128 2280 αὑτοῖς,
2159 2235 2178 2268 ι
2235 2217 2511 2271 τουτέστιν
2551 2217 2638 2270 ἵνα
2679 2216 2904 2286 γένηται
2949 2217 3007 2268 ὲν
3062 2215 3140 2286 τῷ
3191 2215 3526 2285 ἡγεμονικῷ

1925 2307 2134 2360 αὐτῶν·
2165 2308 2306 2378 τάχα
2329 2307 2437 2380 γὰρ
2463 2306 2562 2360 οὑκ
2589 2303 2656 2378 ἦν
2680 2307 2904 2361 δυνατὸν
2956 2309 3132 2376 μεῖναι
3160 2305 3320 2358 αὑτὸν
3346 2307 3410 2358 ὲν
3449 2308 3524 2376 τῇ

1924 2398 2077 2451 πόλει
2106 2399 2304 2463 αὐτῶν,
2335 2399 2566 2470 ἐπείπερ
2592 2400 2686 2452 καὶ
2711 2400 2862 2452 αὐτοὶ
2890 2397 3112 2466 ἐξῆλθον
3136 2393 3194 2450 εὖ
3225 2396 3528 2458 ποιοῦντες

1922 2489 1987 2542 ὲκ
2016 2489 2114 2560 τῆς
2140 2490 2365 2555 πτόλεως,
2397 2491 2489 2542 καὶ
2518 2490 2746 2562 ἦρχοντο
2775 2489 2909 2558 πρὸς
2931 2489 3114 2543 αὐτόν.
3151 2489 3271 2540 Ὅτι
3309 2487 3367 2540 δὲ
3400 2503 3530 2539 τοι-

1922 2579 2062 2634 αῦτά
2093 2597 2215 2634 τινα
2242 2580 2492 2650 δηλοῦται
2525 2580 2913 2652 ἀκριϐέστατα,
2960 2580 3040 2643 είς
3075 2577 3174 2641 τὰς
3213 2576 3527 2644 ἀναγωγὰς

1923 2671 2033 2740 (9.3)
2083 2671 2338 2742 ἀφορμὰς
2385 2673 2517 2743 ἡμῖν
2563 2671 2792 2735 διδόντος
2843 2669 2936 2723 τοῦ
2983 2667 3392 2738 εὐαγγελιστοῦ,
3450 2669 3528 2720 ἐκ

1919 2756 2123 2818 τούτων
2151 2763 2524 2834 κατακριτέον.
2563 2763 2832 2834 Πρότερον
2859 2763 2954 2832 μὲν
2980 2760 3316 2832 γέγραπται·
3350 2778 3368 2810 ι
3394 2758 3528 2824 Ἐξ-

1919 2853 2078 2924 ῆλθον
2124 2856 2187 2908 ὲκ
2231 2855 2332 2925 τῆς
2365 2855 2588 2919 πόλεως,
2652 2856 2744 2908 καὶ
2788 2855 3016 2925 ἤρχοντο
3069 2853 3206 2924 πρὸς
3253 2851 3464 2904 αὑτόν·
3497 2871 3519 2902 ι

1920 2946 2015 2999 καὶ
2045 2947 2162 3016 μετ’
2189 2945 2344 3014 ὀλίγα
2368 2962 2381 2975 ο
2439 2965 2457 2997 ι
2481 2947 2574 2998 Ἐκ
2605 2945 2685 2999 δὲ-
2700 2946 2798 3014 τῆς
2837 2943 3047 3007 πόλεως
3081 2943 3294 3012 ἐκείνης
3317 2941 3527 2994 πολλοὶ

1921 3037 2246 3091 ἐπίστευσαν
2278 3040 2357 3100 εἰς
2389 3037 2549 3090 αὑτὸν
2582 3035 2688 3090 τῶν
2722 3035 3076 3108 Σαμαρειτῶν
3102 3033 3190 3088 διὰ
3221 3033 3310 3087 τὸν
3344 3032 3526 3100 λόγον

1919 3130 2021 3200 τῆς
2073 3130 2330 3199 γυναικὸς
2365 3127 2766 3200 μαρτυρούσης,
2809 3129 2910 3192 ὅτι,
2957 3122 3089 3179 Εῐπέ
3133 3143 3220 3196 μοι
3253 3124 3446 3178 πάντα
3483 3123 3528 3179 ἃ

1922 3219 2154 3290 ἐποίησα
2176 3237 2188 3250 ·
2226 3221 2302 3283 ὡς
2342 3215 2435 3274 οῦν
2483 3215 2644 3289 ἦλθον
2679 3219 2813 3291 πρὸς
2865 3218 3026 3271 αὑτὸν
3056 3218 3105 3270 οἱ
3137 3217 3520 3287 Σαμαρεῖται,

1922 3309 2150 3381 ἠρώτων
2195 3310 2357 3363 αὐτὸν
2389 3313 2566 3382 μεῖναι
2621 3311 2749 3381 παρ’
2777 3311 2978 3373 αὑτοῖς.
3004 3326 3022 3359 ι
3082 3308 3192 3361 Καὶ
3235 3306 3525 3377 πρότερον

1921 3398 2014 3455 οὖν
2046 3404 2110 3455 ὲκ
2132 3403 2230 3474 τῆς
2260 3402 2466 3466 πόλεως
2489 3403 2718 3473 ἤρχοντο
2739 3401 2874 3471 πρὸς
2908 3399 3086 3462 αὑτὸν,
3124 3398 3217 3450 καὶ
3248 3397 3524 3468 δεύτερον

1921 3487 2086 3562 ἦλθον
2117 3491 2253 3561 πρὸς
2283 3490 2442 3543 αὑτὸν
2489 3491 2539 3543 οἱ
2567 3491 2918 3562 Σαμαρεῖται,
2966 3486 3046 3540 ἔτι
3077 3486 3206 3540 ὄντα
3237 3484 3390 3556 παρὰ
3443 3489 3521 3557 τῇ

1923 3587 2074 3655 πηγῇ
2123 3583 2218 3636 τοῦ
2277 3583 2492 3648 Ἰακὼϐ,
2548 3582 2628 3653 (οὑ
2673 3582 2781 3653 γὰρ
2846 3580 3093 3650 φαίνεται
3143 3578 3525 3648 κεκινημένος

1923 3674 2189 3746 ἐκεῖθενο)
2219 3675 2314 3728 καὶ
2359 3673 2590 3746 ἠρώτων
2616 3673 2775 3726 αὑτὸν
2809 3675 2986 3743 μεῖναι
3019 3672 3148 3740 παρ’
3175 3671 3376 3732 αὑτοῖς.
3428 3671 3513 3722 Οὐ

1921 3763 2229 3833 γέγραπται
2273 3762 2330 3815 δὲ
2381 3762 2518 3834 μετὰ
2549 3761 2726 3824 τοῦτο,
2761 3761 2843 3814 ὅτι
2873 3759 3120 3829 εἰσῆλθεν
3166 3761 3245 3822 είς
3268 3758 3366 3828 τὴν
3403 3758 3516 3810 πό-

1920 3853 2024 3918 λιν,
2057 3854 2170 3907 άλλ’
2196 3871 2210 3885 ο
2247 3855 2535 3925 «Ἔμεινεν
2577 3855 2692 3907 ἐκεῖ
2724 3853 2816 3905 δύο
2859 3850 3091 3923 ἡμέρας.
3123 3868 3142 3901 ι
3203 3847 3362 3901 Ἀλλὰ
3405 3851 3517 3902 καὶ

1919 3948 1978 3999 ὲν
2009 3950 2118 4011 τοῖς
2147 3947 2274 4017 ἑξῆς
2310 3947 2410 4000 οὑκ
2428 3946 2641 4018 εἴρηται
2660 3963 2673 3975 ο
2710 3963 2728 3996 ι
2752 3943 2908 3998 Μετὰ
2925 3943 2981 3996 δὲ
3006 3943 3103 4006 τὰς
3125 3941 3216 3996 δύο
3240 3941 3467 4012 ἡμέρας
3490 3962 3512 3994 ι

1920 4039 2142 4109 ἐξῆλθεν
2190 4042 2254 4092 ὲκ
2303 4040 2394 4110 τῆς
2427 4038 2654 4101 πόλεως,
2706 4037 2874 4090 ἁλλάο
2911 4055 2928 4086 ι
2953 4037 3062 4089 Καὶ
3093 4034 3314 4105 ἐξῆλθεν
3351 4037 3507 4087 ἐκεῖ-

1921 4130 2048 4183 θενο
2082 4150 2100 4182 ›
2145 4132 2265 4184 ὅσον
2313 4130 2423 4202 γὰρ
2473 4130 2565 4182 ἐπὶ
2601 4128 2679 4200 τῷ
2707 4127 2900 4200 νοητῷ,
2953 4129 3167 4198 πᾶσαή
3217 4126 3506 4196 οἰκονομία

1920 4223 2016 4293 τῆς
2047 4221 2314 4292 ὠφελείας
2346 4223 2458 4282 τοῖς
2503 4218 2817 4291 Σαμαρεῦσι
2858 4219 3009 4291 παρὰ
3051 4221 3115 4289 τῇ
3151 4221 3299 4290 πηγῇ
3341 4219 3506 4286 γεγὲ-

1921 4333 2078 4386 νηται
2100 4313 2192 4367 τοῦ
2235 4311 2448 4368 Ἰακώϐ.

243 4408 389 4461 enim
425 4410 491 4461 ad
523 4409 932 4477 intelligentiam
957 4408 1213 4478 pertinet,
1243 4409 1422 4463 omnis
1447 4411 1749 4465 oeconomia
1786 4411 2030 4465 utilitatis
2068 4425 2194 4480 erga
2233 4408 2604 4462 Samaritanos
2627 4406 2768 4462 facta
2797 4417 2879 4462 est
2907 4407 3046 4476 apud
3071 4405 3274 4460 fontem
3306 4402 3500 4460 Iacob.

315 4501 406 4557 '50.
436 4501 598 4556 Porto
629 4501 925 4556 Hcracleon
962 4501 1211 4571 hydriam
1247 4514 1368 4555 esse
1394 4501 1675 4555 existimat
1706 4503 1777 4555 dis

2038 4502 2075 4555 ),
2109 4501 2165 4552 '0
2184 4499 2240 4552 δὲ
2269 4497 2577 4571 Ἡρακλέων
2607 4499 2705 4570 τὴν
2732 4499 2918 4571 ὑδρίαν
2945 4498 3044 4568 τὴν
3065 4496 3318 4567 δεκτικὴν
3348 4495 3500 4563 ζωῆς

245 4597 565 4665 positionem
614 4605 668 4648 et
707 4596 984 4650 notionem
1033 4594 1397 4662 susceptivam
1456 4593 1599 4657 vitae,
1651 4603 1812 4661 atque

245 4687 408 4741 etiam
457 4687 575 4755 ejus
617 4687 892 4756 potentia,
925 4700 1043 4754 quae
1066 4700 1096 4738 a
1128 4682 1419 4738 Servatore
1459 4692 1562 4750 est,
1601 4701 1621 4734 ‹
1652 4699 1811 4751 quam

228 4776 581 4845 relinquens,
635 4777 829 4846 inquit,
871 4777 1012 4845 apud
1050 4775 1249 4843 ipsum,
1303 4774 1409 4827 hoc
1449 4781 1561 4837 est,
1608 4773 1816 4827 habens

246 4868 386 4936 apud
423 4866 769 4922 Servatorem
817 4866 922 4920 tale
967 4880 1083 4928 vas,
1126 4864 1178 4916 in
1225 4877 1332 4933 quo
1381 4863 1446 4916 ad
1495 4862 1813 4916 sumendam

245 4961 425 5013 vivam
471 4973 664 5028 aquam
719 4967 979 5021 venerat,
1036 4971 1251 5011 reversa
1302 4965 1386 5008 est
1429 4955 1482 5007 in
1530 4953 1809 5017 mundum,

247 5050 503 5104 nuntians
537 5063 670 5103 voce
718 5049 1064 5118 praesentiant
1122 5056 1176 5101 et
1223 5047 1514 5100 adventum
1565 5044 1808 5100 Christi:

246 5154 343 5210 per
369 5137 617 5208 spiritum
640 5139 782 5192 enim
806 5147 861 5191 et
885 5154 913 5190 a
945 5137 1136 5208 spiritu
1162 5136 1339 5189 anima
1365 5135 1431 5189 ad
1467 5135 1812 5191 Servatorern

351 5285 397 5317 ”
414 5283 575 5340 ioan.
611 5299 703 5345 xx,
731 5282 820 5336 18.
884 5283 939 5317 μοί
965 5281 1122 5336 Joan.
1147 5295 1223 5336 iv.
1256 5279 1345 5333 42.
1422 5279 1467 5312 ⁸³
1493 5278 1645 5335 Joan.
1669 5281 1805 5347 ΠΛ

1725 5279 1869 5347 ι,17.
1943 5280 1990 5312 ’³
2017 5281 2147 5336 ibid.
2175 5281 2265 5336 27.
2355 5281 2404 5314 ⁸⁸
2423 5279 2579 5336 Juan.
2611 5296 2684 5347 tv,
2709 5280 2795 5338 40.
2869 5281 2914 5313 ⁸⁸
2947 5280 3071 5336 ibid.
3100 5279 3187 5334 50.

242 5353 328 5419 31],
351 5354 443 5409 40.
519 5355 564 5386 ⁸⁷
589 5354 717 5407 ibid.
753 5349 844 5406 40.
917 5353 963 5383 ’⁸
988 5352 1115 5405 ibid.
1151 5352 1241 5406 45.

317 5494 427 5564 (21)
451 5495 574 5550 llaec
603 5511 632 5550 a
658 5493 914 5549 Ferrario
940 5493 1328 5565 praetermissa,
1352 5505 1383 5546 e
1406 5490 1658 5548 Perionio
1681 5508 1810 5563 sup-

246 5578 557 5704 wfégil‘a}
574 5634 842 5704 ἕϐδομον.
875 5634 966 5688 Sic
993 5643 1139 5688 recte
1196 5635 1400 5689 habent
1425 5691 1432 5697 θ
1457 5632 1616 5687 codd.
1640 5630 1820 5704 “Bodf

251 5699 457 5755 ieianus
497 5714 550 5757 et
604 5699 961 5770 Barberinus;
1017 5704 1072 5757 in
1115 5704 1354 5759 editione
1409 5716 1588 5758 autem
1640 5700 1817 5756 lluetii

1917 4591 2286 4662 ὑπολαμϐάνει
2313 4587 2452 4644 εἶναι
2485 4590 2740 4654 διάθεσιν,
2775 4591 2869 4644 καὶ
2900 4589 3128 4650 ἔννοιαν,
3159 4587 3254 4640 καὶ
3279 4588 3376 4658 τῆς
3405 4586 3502 4638 δυ-

1917 4686 2132 4756 νάμεως
2155 4685 2254 4755 τῆς
2287 4683 2436 4756 παρὰ
2464 4683 2558 4736 τοῦ
2591 4683 2862 4754 Σωτῆρος,
2891 4682 3078 4752 ἥντινα
3101 4679 3500 4743 καταλιποῦσα,

1918 4775 2073 4846 φησὶ,
2108 4777 2240 4847 παρ’
2269 4774 2437 4846 αὑτῷ,
2471 4775 2747 4829 τουτέστιν
2789 4774 2985 4843 ἔχουσα
3017 4771 3167 4842 παρὰ
3198 4770 3277 4840 τῷ
3312 4771 3502 4841 ἃοτῆ-

1922 4885 1975 4939 ρι
1998 4867 2056 4921 τὸ
2082 4867 2317 4922 τοιοῦτον
2351 4868 2565 4933 σκεῦος,
2611 4871 2668 4921 ὲν
2783 4866 3028 4939 ἐληλύθει
3076 4864 3260 4918 λαϐεῖν
3289 4864 3350 4916 τὸ
3381 4863 3502 4927 ζῶν

1909 4955 2084 5028 ¹ὓδωρ,
2121 4957 2456 5028 ὑπέστρεψεν
2486 4959 2565 5020 εἰς
2587 4957 2679 5010 τὸν
2710 4958 2910 5028 κόσμον
2940 4953 3396 5025 εὑαγγελιζομένη
3433 4957 3502 5025 τῇ

1917 5047 2108 5119 κλήσει
2139 5049 2236 5116 τὴν
2267 5047 2502 5117 Χριστοῦ
2551 5048 2853 5119 παρουσίαν
2875 5065 2888 5078 ο
2941 5047 3028 5101 διὰ
3068 5049 3176 5118 γὰρ
3204 5047 3297 5100 τοῦ
3333 5048 3503 5099 πνεύ-

1922 5153 2088 5207 ματος
2122 5137 2212 5190 καὶ
2257 5138 2361 5191 ὑπὸ
2406 5137 2500 5191 τοῦ
2546 5138 2853 5210 πνεύματος
2898 5138 3235 5209 προσάγεται
3277 5141 3311 5208 ἡ
3346 5137 3498 5208 ψυχὴ

3287 5280 3334 5310 ⁸⁸
3361 5279 3500 5335 ibid.

1923 5492 2374 5638 défgt’iizgodices
2401 5565 2739 5622 Barlierinns
2778 5578 2832 5624 et
2869 5566 3217 5638 Bndleianus,
3271 5568 3497 5636 ἀναγω-

1925 5634 2059 5702 γάς-;
2089 5636 2303 5706 lii-gius,
2340 5652 2643 5706 perperam,
2684 5637 3014 5708 συναγωγάς.
