3702 6142
145 262 247 316 ιεδ

1199 249 1557 309 COMMENT.
1596 247 1664 303 ΙΝ
1702 245 1896 304 JOAN.
1933 245 2171 303 TOMUS
2204 246 2339 302 XIII.

3281 254 3389 310 45.5

139 381 215 452 τῷ
246 376 484 450 Σωτῆρι.
519 377 868 447 Κατανόησον
912 372 975 445 δὴ
1006 374 1053 426 εἰ
1096 372 1316 427 δύναται
1343 367 1694 440 ἐπαινουμέντ

1873 363 2127 418 ld’ucitur.
2164 383 2184 416 ι
2220 363 2388 435 Igitur
2411 364 2700 422 considera
2731 361 3088 418 laudabilisne
3116 378 3236 419 esse
3267 382 3389 436 pos-

140 469 432 540 τυγχάνειν
455 470 488 538 ἠ
517 467 671 538 ὑδρία
699 464 838 536 αὕτη
873 466 1048 536 πάντη
1074 463 1338 535 άφιεμένη
1357 481 1371 494 ’
1419 482 1438 514 ι
1462 461 1664 532 Ἀφῆκε
1691 480 1710 513 ι

138 560 263 631 γὰρ,
312 559 471 628 φησὶ,
536 556 677 626 «τὴν
714 556 904 627 ὑδρίαν
942 556 1111 626 αὐτῆς
1157 557 1191 626 ἡ
1239 556 1411 626 γυνή’
1439 572 1458 605 ι
1507 554 1567 608 οὐ
1607 552 1714 624 γὰρ

138 653 477 723 πρόσκειται,
507 651 588 703 ὅτι
617 648 827 719 ἀφῆκεν
856 647 1024 719 αὐτὴν
1053 646 1200 718 παρὰ
1217 645 1294 717 τῷ
1321 647 1552 717 Σωτῆρι.
1587 645 1714 709 Πῶς

135 744 188 797 δὲ
221 741 314 796 καὶ
345 741 448 795 οὐκ
474 739 734 794 ἀπίθανον
765 737 1164 794 καταλιποῦσαν
1207 739 1375 810 αὐτὴν
1407 738 1505 810 τὴν
1536 737 1712 790 δεκτι-

136 833 231 904 κὴν
259 833 359 903 τῆς
389 833 534 902 ζωῆς
582 832 838 896 διάθεσιν,
874 831 970 886 καὶ
1016 831 1116 902 τὴν
1166 831 1373 886 ἔννοιαν
1422 832 1523 902 τῆς
1551 831 1712 885 δυνάο

137 913 278 994 μεως
325 924 428 995 τῆς
476 923 627 995 παρὰ
674 922 768 977 τοῦ
817 923 1087 996 Σωτῆρος,
1119 923 1213 977 καὶ
1257 922 1318 976 τὺ
1348 923 1538 987 σκεῦος
1582 925 1640 978 ἐν
1666 917 1710 993 ᾧ

134 1014 374 1084 ἐληλύθει
405 1014 703 1086 λαμϐάνειν
748 1014 810 1068 τὸ
855 1015 963 1080 ζῶν
992 1016 1154 1088 ὕδωρ.
1209 1015 1600 1087 ἀπεληλυθέναι
1630 1018 1709 1080 εἰς

134 1106 219 1157 τὸν
246 1107 454 1177 κόσμον
486 1108 653 1179 χωρὶς
681 1109 906 1174 τούτων,
934 1109 1387 1178 εὐαγγελίσασθαι
1419 1112 1484 1181 τῇ
1517 1111 1706 1182 κλήσει

134 1199 224 1269 τὴν
250 1198 489 1270 Χριστοῦ
529 1201 869 1272 παρουσίαν;
919 1202 1043 1266 Πῶς
1071 1202 1127 1255 δέ
1159 1203 1252 1255 καὶ
1295 1204 1328 1274 ὴ
1364 1204 1704 1276 πνευματικὴ

135 1288 265 1358 μετὰ
290 1290 578 1354 τοσούτους
605 1291 793 1360 λόγους
819 1293 879 1346 οὺ
910 1293 1197 1346 πέπεισται
1228 1293 1412 1362 σαφῶς
1453 1293 1578 1364 περὶ
1609 1293 1702 1346 τοῦ

134 1380 380 1452 Χριστοῦ,
415 1381 556 1436 ἀλλά
577 1401 708 1455 φησι
728 1385 920 1456 οιΜήτι
940 1378 1093 1450 οὗτος
1115 1389 1143 1439 ὁ
1170 1384 1400 1457 Χριστός
1416 1386 1574 1452 ;ιΚαὶ
1606 1385 1665 1439 τό
1684 1403 1698 1416 ·

139 1492 156 1524 ι
178 1473 426 1544 Ἐξῆλθον
459 1475 518 1528 δὲ
566 1478 630 1530 ἐκ
658 1477 756 1548 τῆς
786 1477 1013 1543 πόλεως,
1041 1497 1058 1530 ι
1111 1479 1408 1550 διηγήσατο
1455 1479 1576 1532 ἀντὶ
1606 1479 1700 1551 τοῦ

132 1568 191 1620 ἐκ
218 1565 310 1636 τῆς
337 1568 614 1640 προτέρας
639 1567 817 1623 αὐτῶν
843 1569 1192 1648 ’ἀναστροφῆς
1223 1569 1388 1643 οὔσης
1409 1572 1696 1642 κοσμικῆς,

138 1676 154 1707 ι
177 1656 262 1710 καὶ
304 1657 540 1728 ἤρχοντο
571 1657 659 1712 διὰ
690 1659 791 1729 τῆς
838 1659 1092 1724 πίστεως,
1122 1679 1140 1711 ι
1202 1661 1354 1732 φησι,
1396 1679 1414 1712 ι
1439 1661 1574 1734 πρὸς
1606 1661 1698 1714 τὸν

1821 453 1893 509 sit
1918 452 2030 508 haec
2054 454 2268 524 hydria,
2299 471 2418 524 qua:
2445 456 2667 510 omnino
2690 454 3050 524 relinquitur:
3081 471 3102 507 ι
3131 456 3344 512 Dimisit
3364 477 3383 510 ο

1821 541 1987 607 enim,
2015 542 2208 613 inquit,
2243 563 2262 595 ι
2299 545 2541 615 hydriam
2574 559 2724 599 suam
2753 545 2944 601 mulier
2959 544 3038 608 ”;
3063 563 3082 596 ι
3114 560 3218 600 non
3243 547 3390 602 enim

1821 635 2042 688 additur
2075 635 2218 704 quod
2253 635 2524 691 dimiserit
2561 650 2680 689 eam
2713 634 2852 703 apud
2879 632 3244 692 Servatorem.
3278 636 3390 693 Sed

1818 726 2088 792 quomodo
2109 741 2214 780 non
2247 726 2540 780 absurdum
2571 729 2677 779 erit
2707 738 2849 787 eam,
2880 740 3001 794 quae
3033 725 3388 796 deseruisset,

1817 817 2228 886 dispositionem
2254 828 2308 872 et
2331 819 2604 873 notionem
2638 819 3000 887 susceptivam
3035 819 3157 874 vitae
3195 829 3252 875 et
3283 837 3384 891 po-

1818 909 2024 971 tentiae,
2050 923 2079 962 a
2104 907 2400 965 Servatore
2432 919 2764 974 manantem,
2796 918 2850 964 et
2875 922 2973 963 vas
2999 909 3050 964 in
3079 925 3187 980 quo
3214 926 3384 968 vene-

1815 1011 1903 1055 rat
1943 1010 2001 1055 ut
2037 1002 2310 1072 acciperet
2339 1017 2534 1072 aquam
2565 1002 2766 1065 vivam,
2795 999 2995 1056 abiisse
3037 1001 3090 1055 in
3124 1004 3384 1060 mundum

1813 1098 1932 1150 sine
1967 1095 2073 1162 his,
2107 1105 2167 1149 ut
2214 1095 2621 1162 evangelizaret
2669 1108 2800 1150 voce
2844 1093 3050 1149 Christi
3094 1096 3385 1152 adventum

1811 1200 1865 1242 et
1897 1186 2284 1258 praesentiam?
2304 1187 2584 1254 Quomodo
2613 1187 2776 1241 etiam
2804 1186 2917 1240 haec
2944 1184 3239 1254 spiritualis
3265 1197 3387 1255 post

1811 1285 1890 1330 tot
1917 1291 2196 1331 sermones
2223 1291 2481 1346 persuasa
2513 1277 2658 1332 clare
2687 1292 2793 1330 non
2824 1286 2906 1330 est
2931 1276 2996 1330 de
3023 1276 3264 1336 Christo.
3287 1280 3381 1334 sed

1810 1367 1986 1438 inquit
2019 1387 2033 1424 :
2076 1387 2094 1420 ι
2125 1371 2206 1423 An
2235 1369 2324 1424 hic
2353 1377 2436 1424 est
2459 1369 2549 1424 ille
2566 1368 2850 1424 Christus'
2875 1367 2900 1422 ?
2928 1389 2944 1420 ι
2971 1368 3110 1435 Quin
3134 1377 3187 1424 et
3213 1368 3377 1428 illud:

1813 1477 1834 1512 ι
1868 1459 2132 1515 Exierunt
2166 1468 2343 1515 autem
2371 1475 2401 1514 e
2434 1461 2656 1515 civitate
2679 1463 2723 1525 ',
2751 1479 2770 1513 ι
2804 1461 3052 1531 exposuit
3082 1476 3180 1530 pro
3206 1461 3384 1530 prima

1805 1565 1990 1607 eorum
2023 1551 2401 1618 conversione,
2430 1567 2550 1621 quae
2579 1551 2847 1606 mundana
2887 1560 3033 1616 erat,
3069 1567 3088 1603 ι
3122 1561 3179 1605 et
3216 1565 3386 1605 vene-

1807 1655 1933 1701 runt
1985 1661 2083 1717 per
2127 1645 2310 1711 fidem,
2363 1645 2560 1713 inquit,
2619 1647 2687 1699 ad
2735 1642 3164 1709 Servatoremn
3203 1643 3296 1697 sed
3329 1644 3380 1697 ei

133 1741 378 1812 Σωτῆραο
423 1762 444 1795 ι
495 1741 710 1796 λεκτέον
757 1743 814 1796 δὲ
861 1743 997 1815 πρὸς
1027 1744 1210 1813 αὐτὸν,
1241 1746 1358 1809 πῶς
1394 1732 1543 1816 μένει
1571 1750 1694 1812 παρ’

1873 1738 2240 1809 spondendum
2270 1745 2352 1792 est
2377 1752 2390 1788 :
2424 1735 2706 1802 Quomodo
2731 1743 2915 1788 manet
2943 1734 3080 1787 duos
3103 1732 3218 1787 dies
3240 1733 3382 1801 apud

133 1833 301 1896 αὐτοῖς
327 1833 426 1897 τὰς
459 1833 554 1887 δύο
581 1834 820 1906 ήμέρας;
847 1836 907 1889 οὐ
940 1836 1046 1907 γὰρ
1064 1837 1362 1909 τετήρηκεν
1393 1838 1422 1891 ὃ
1454 1856 1704 1912 προπαρ-

132 1923 348 1994 εθέμεθα
399 1926 564 1995 ἡμεῖς
593 1926 720 1996 περὶ¹
752 1925 845 1978 τοῦ
894 1928 950 1980 ἐν
978 1929 1043 1998 τῇ
1074 1928 1226 1980 πόλει
1291 1929 1452 1983 αὑτὸν
1501 1929 1704 1998 ἀναγε-

131 2015 357 2086 γράφθαι
390 2016 504 2088 (24)
539 2018 903 2088 μεμενηκέναι
932 2003 1030 2082 τὰς
1066 2019 1158 2073 δύο
1189 2021 1419 2093 ἡμέρας.

193 2107 278 2161 51.
301 2121 321 2156 ι
359 2107 448 2159 Ἐν
479 2105 558 2177 τῷ
586 2107 787 2177 μεταξὺ
818 2107 1042 2180 ἠρώτων
1067 2109 1227 2164 αὐτὸν
1251 2113 1299 2165 οἱ
1336 2110 1595 2183 μαθηταὶ,
1625 2110 1704 2166 λέ-

130 2215 304 2266 γοντες
325 2214 339 2228 °
381 2197 593 2263 'Pa66‘t,
615 2198 773 2268 φάγε.
801 2218 819 2252 ι
845 2199 997 2253 Μετὰ
1023 2201 1122 2273 τὴν
1140 2201 1265 2273 περὶ
1291 2202 1350 2255 τὸ
1373 2203 1534 2257 ποτὸν
1560 2205 1704 2258 οίκο-

132 2289 306 2356 νομίαν
358 2289 453 2342 καὶ
505 2288 602 2361 τὴν
648 2290 994 2345 διδασκαλίαν
1020 2292 1118 2363 τῆς
1149 2293 1410 2364 διαφορᾶς
1438 2294 1545 2348 τῶν
1575 2296 1702 2350 ὑδά-

130 2400 227 2435 των
255 2381 548 2436 ἀκόλουθον
596 2376 665 2453 ἦν
717 2383 913 2437 καὶτὰ
967 2387 1095 2456 περὶ
1143 2387 1348 2458 τροφῆς
1397 2388 1701 2459 ἀναγεγρά-

132 2475 267 2543 φθαι.
309 2474 373 2527 Ἦ
397 2473 502 2544 μὲν
524 2468 616 2527 οὖν
644 2475 972 2549 Σαμαρεῖτις
991 2477 1283 2550 αἰτουμένη
1311 2481 1454 2532 πιεῖν
1484 2479 1570 2534 διὰ
1591 2480 1700 2534 τῶν

134 2570 516 2641 ἐπαπορήσεων
546 2571 657 2644 (25)
688 2571 876 2641 αὐτῆς,
932 2570 1093 2623 οἱονεὶ
1122 2569 1178 2624 δὲ
1207 2570 1293 2636 διᾲ
1334 2571 1426 2624 τὸν
1449 2574 1700 2646 αἰτήσαν-

131 2678 192 2716 τα
239 2661 377 2733 (οὔτε
401 2663 516 2736 γὰρ
556 2659 668 2734 εἶχε
699 2661 882 2715 δοῦναι
905 2661 981 2732 τῷ
1025 2661 1197 2732 Ἰησοῦ
1229 2660 1378 2728 ἄξιον
1408 2663 1568 2717 αὐτοῦ
1599 2665 1698 2718 πόα

134 2754 240 2824 μα),
271 2757 318 2808 εἰ
368 2757 623 2819 κάκεῖνος
667 2757 726 2808 ἐν
770 2753 848 2824 τῷ
901 2754 1115 2825 ἐκείνην
1157 2751 1468 2826 αἰτηθεῖσαν
1512 2755 1697 2827 ὀρέξαι

131 2847 360 2901 ἐϐούλετο
385 2849 748 2921 εὐεργετῆσαι
771 2845 858 2900 διὰ
878 2846 1065 2900 τούτου
1085 2847 1180 2900 τοῦ
1207 2850 1352 2901 πιεῖν
1379 2848 1693 2903 δεδωκυῖαν.

137 2938 392 3009 Ἔπρεπεν
441 2939 546 3012 ῆδη
582 2981 596 2996 .
620 2980 635 2997 .
657 2977 673 2994 .
695 2980 708 2993 .
732 2979 745 2994 .
783 2940 892 2994 ἀπὸ
921 2940 1024 3010 τῆς
1069 2939 1480 3012 Σαμαρείτιδος.
1531 2943 1593 2995 Oi
1637 2942 1696 2994 δὲ

137 3029 352 3103 μαθηταὶ
378 3072 393 3086 .
417 3074 431 3089 .
453 3071 470 3086 .
487 3071 502 3086 .
521 3070 537 3084 .
572 3031 987 3104 ἀπεληλυθότων
1010 3033 1090 3095 εἰς
1118 3030 1214 3103 τὴν
1244 3030 1418 3096 πόλιν,
1455 3031 1543 3086 ἵνα
1569 3049 1693 3103 τρο-

135 3123 226 3192 φὰς
255 3125 616 3197 ἀγοράσωσιν,
651 3125 771 3198 ῆτοι
799 3124 1090 3196 εὑρηκότες
1122 3123 1459 3194 ἐπιτηδείους
1485 3126 1692 3196 τροφὰς

135 3217 268 3286 παρὰ
287 3221 394 3282 τοῖς
416 3217 747 3290 ἐτεροδόξοις
767 3216 959 3285 λόγους
979 3215 1128 3280 τινὰς
1147 3215 1504 3286 ἁρμόζοντας,
1532 3255 1547 3271 .
1568 3255 1583 3270 .
1607 3257 1620 3271 .
1639 3257 1652 3270 .
1675 3259 1690 3275 .

136 3308 297 3378 αὐτῷ·
334 3329 352 3361 ι
383 3310 556 3378 Φάγε,
585 3329 604 3362 ι
651 3308 842 3380 καιρὸν
878 3307 1195 3379 νομίσαντες
1227 3308 1527 3378 ἐπιτήδειον
1557 3303 1693 3360 εἶναι

136 3401 266 3472 αὐτῷ
304 3404 509 3475 τροφῆς
540 3400 634 3455 τὸν
688 3400 888 3472 μεταξὺ
920 3401 1014 3453 τοῦ
1061 3398 1454 3470 ἀπεληλυθέναι
1483 3401 1563 3463 είς
1594 3398 1692 3470 τὴν

138 3495 272 3549 πόλιν
316 3498 412 3568 τὴν
461 3496 716 3566 γυναῖκα,
769 3484 987 3548 καὶτοῦ
1019 3493 1330 3564 ἐληλυθέναι
1370 3492 1506 3564 πρὸς
1532 3493 1692 3545 αὐτὸν

135 3589 246 3652 τοὺς
271 3589 642 3660 Σαμαρείτας·
680 3591 764 3642 ἐπ’
809 3586 1020 3651 οὐδενὸς
1051 3585 1158 3657 γὰρ
1205 3584 1354 3650 ξένου
1407 3585 1694 3656 παρετίθε-

139 3695 224 3731 σαν
267 3680 408 3752 αὐτῷ
434 3681 536 3751 τὴν
579 3681 818 3752 τροφήνε
874 3680 1004 3742 ἴσως
1057 3676 1544 3749 ἐπιθορυϐηθείσης
1579 3675 1688 3746 (26)

140 3773 195 3824 ἂν
219 3773 308 3844 τῆς
353 3773 743 3845 Σαμαρείτιδος
791 3775 839 3826 εί
867 3771 1014 3844 ἐώρα
1062 3773 1187 3835 τοὺς
1217 3770 1463 3842 μαθητὰς
1488 3769 1554 3823 τὰ
1584 3771 1690 3823 ἀπὸ

135 3863 224 3932 τῆς
252 3864 450 3928 πόλεως
477 3866 648 3936 αὐτῆς
676 3866 937 3936 τρόφιμα,
965 3865 1083 3935 ἦτοι
1116 3863 1264 3927 ὄντα,
1297 3862 1330 3934 ἢ
1364 3862 1690 3932 νομιζόμενα

135 3955 468 4027 παρατιθέναι
515 3957 871 4028 βουλομένους
918 3956 996 4027 τῷ
1039 3954 1376 4024 διδασκάλῳο
1424 3953 1537 4007 ἀλλ’
1570 3953 1687 4007 οὐδὲ

137 4046 341 4101 ἐνώπιον
367 4048 475 4102 τῶν
507 4048 860 4121 Σαμαρειτῶν
900 4048 1126 4110 δεόντως
1152 4045 1217 4101 ἃν
1245 4048 1438 4099 ἐκεῖνοι
1471 4043 1683 4112 ἔλεγον·

1807 1831 2036 1901 ipsos'?
2073 1846 2178 1886 non
2227 1830 2375 1884 enim
2414 1827 2744 1894 observavit,
2775 1827 2918 1896 quod
2954 1841 3050 1880 nos
3088 1825 3380 1894 proposui-

1805 1936 1947 1985 mus,
1981 1919 2243 1989 scriptum
2276 1916 2487 1973 scilicet
2517 1931 2622 1971 non
2653 1931 2793 1982 esse,
2828 1931 2949 1971 eum
2997 1916 3129 1970 duos
3169 1914 3286 1970 dies
3317 1915 3373 1970 in

1803 2013 2022 2068 civitate
2049 2013 2335 2068 mansisse.

1873 2130 1965 2185 51.
2015 2147 2034 2181 ι
2060 2127 2282 2184 Interim
2317 2127 2579 2198 rogabant
2611 2141 2734 2182 eum
2779 2125 3051 2194 discipuli,
3094 2126 3372 2181 dicentes:

1804 2221 2000 2287 Rabbi,
2047 2221 2275 2277 comede
2303 2222 2378 2277 ⁸.»
2413 2219 2542 2276 Post
2568 2220 2924 2276 aaconomiam
2950 2229 3128 2290 potus,
3162 2228 3218 2274 et
3258 2227 3380 2289 post

1803 2315 2108 2373 doctrinam
2153 2313 2486 2369 diversitatis
2531 2328 2817 2381 aquarum,
2864 2327 3206 2382 consequens
3249 2322 3372 2366 erat

1804 2407 2033 2462 inscribi
2069 2421 2187 2476 quae
2215 2407 2282 2460 ad
2325 2406 2507 2460 cihum
2557 2403 2920 2472 pertinebant.
2959 2403 3249 2458 Samaritis
3277 2403 3378 2458 ita-

1800 2512 1907 2566 que
1939 2512 2061 2552 cum
2115 2506 2406 2565 rogaretur
2452 2506 2663 2566 potum,
2710 2495 2947 2560 dubitat,
3001 2506 3221 2565 propter
3250 2511 3375 2550 eum

1801 2588 1895 2656 qui
1927 2590 2166 2654 petierat
2189 2587 2390 2659 (neque
2416 2589 2558 2643 enim
2587 2597 2800 2657 poterat
2824 2586 2956 2642 dare
2979 2585 3110 2641 Jesu
3152 2587 3372 2657 dignum

1802 2680 1896 2734 illo
1925 2679 2160 2750 potum),
2189 2695 2316 2733 num
2345 2693 2407 2734 se
2435 2679 2644 2750 jussam
2665 2693 2864 2745 aquam
2895 2678 3192 2748 porrigere,
3217 2678 3379 2733 vellet

1799 2769 1956 2826 Jesus
2006 2771 2274 2826 beneticio
2317 2770 2537 2825 afﬁcere
2576 2785 2673 2839 per
2702 2771 2844 2824 hunc
2869 2780 3077 2840 potmn.
3134 2771 3375 2826 Decebat

1799 2863 2082 2932 igitur.....
2115 2875 2144 2914 a
2172 2859 2516 2916 Samaritide.
2563 2860 2736 2914 Porro
2759 2857 3031 2927 discipuli,
3058 2861 3148 2927 qui
3173 2858 3371 2912 civita-

1801 2963 1906 3006 tem
1931 2951 2183 3006 adierant
2210 2960 2270 3004 ut
2295 2952 2448 3008 cibos
2477 2961 2726 3008 emerent
2749 2952 2794 3016 ⁸,
2823 2965 2945 3005 cum
2974 2965 3068 3004 eus
3097 2949 3239 3018 apud
3270 2949 3374 3002 ho-

1799 3045 1977 3102 mines
2008 3045 2236 3100 diversze
2282 3055 2444 3100 sectaa
2497 3060 2566 3100 ex
2612 3044 2779 3098 animi
2832 3043 3100 3099 sententia
3134 3041 3374 3096 invenis-

1795 3149 1940 3204 sent,
1982 3154 2182 3209 nempe
2212 3153 2492 3194 sermones
2529 3139 2789 3208 quosdam
2839 3136 3244 3198 convenientes,
3275 3135 3369 3188 di-

1794 3241 1925 3286 cunt
1948 3230 2110 3303 242
2145 3230 2260 3285 illi:
2297 3248 2316 3282 ι
2341 3229 2576 3284 Comede
2597 3229 2639 3293 ⁸,
2665 3247 2684 3281 ι
2719 3236 2930 3296 tempus
2955 3225 3083 3280 illud
3116 3225 3373 3281 idoneum

1796 3325 1922 3389 rati,
1958 3334 2017 3379 ut
2047 3324 2204 3380 Jesus
2234 3325 2566 3386 comederet,
2615 3324 2669 3375 in
2701 3335 2809 3389 quo
2851 3319 3048 3374 mulier
3089 3317 3368 3372 civitatem

1795 3416 2048 3486 petierat,
2075 3415 2398 3482 venturique
2427 3421 2586 3469 erant
2622 3411 2690 3466 ad
2717 3425 2839 3465 eum
2864 3410 3220 3475 Samaritani,
3241 3424 3366 3464 cum

1794 3508 1992 3579 alioqui
2021 3508 2202 3564 cibum
2237 3522 2420 3562 coram
2469 3505 2579 3560 ullo
2610 3503 2828 3573 hospite
2857 3502 2930 3556 illi
2959 3518 3061 3557 non
3085 3502 3369 3571 apposuis-

1792 3609 1941 3656 sent.
1981 3600 2058 3654 Ac
2086 3597 2340 3652 fortassis
2375 3596 2615 3650 futurum
2653 3602 2788 3658 erat,
2815 3592 2892 3646 uti
2923 3591 3214 3646 Samaritis
3234 3605 3368 3645 con-

1793 3691 2126 3753 turbaretur,
2151 3689 2196 3743 si
2226 3687 2452 3742 vidisset
2481 3683 2776 3752 discipulos
2801 3682 3063 3752 magistro
3093 3695 3368 3751 apponere

1792 3779 2038 3836 volentes
2065 3781 2293 3843 cibaria,
2321 3794 2442 3848 qua:
2470 3777 2554 3831 vel
2590 3777 2642 3830 iu
2675 3775 2918 3830 Samaria
2961 3775 3247 3836 emissent,
3275 3772 3360 3826 vel

1791 3872 1991 3926 emisse
2029 3870 2329 3925 verisimile
2361 3879 2546 3936 esset;
2586 3883 2761 3939 neque
2803 3867 2998 3920 merito
3050 3880 3232 3920 coram
3265 3863 3369 3918 Sa-

1791 3955 2079 4018 maritanis
2132 3959 2442 4015 volentibus
2490 3973 2642 4014 suam
2697 3959 2938 4026 ipsorum
2987 3955 3367 4024 derelinquere

1794 4052 2070 4106 civitatem
2107 4051 2406 4106 dixissent:
2455 4067 2475 4102 ι
2507 4049 2703 4113 Babbi,
2741 4047 2994 4114 comede;
3024 4065 3043 4098 ι
3084 4046 3204 4101 ideo
3230 4046 3367 4102 bene

142 4156 158 4187 ι
178 4137 369 4202 Ῥαὸϐὶ,
401 4140 565 4209 φάγε,
596 4159 614 4190 ι
643 4139 951 4211 χρῃςόντων
976 4136 1324 4192 καταλείπειν
1361 4135 1567 4189 ἑαυτῶν
1588 4135 1687 4206 τὴν

1873 4144 2033 4198 litum
2061 4154 2144 4198 est
2171 4161 2185 4196 :
2227 4159 2247 4194 ι
2284 4142 2506 4197 Interim
2534 4141 2799 4211 rogabant
2823 4154 2943 4196 eum
2973 4137 3250 4208 discipuli,
3282 4139 3366 4192 di-

137 4229 303 4284 πόλινο
335 4231 421 4286 διά
446 4232 606 4286 τοῦτο
630 4231 809 4295 καλῶς
841 4230 1160 4302 πρόσκειται
1184 4229 1280 4305 τόῖ
1317 4247 1335 4278 ι
1360 4227 1446 4280 Ἐν
1478 4226 1554 4298 τῷ
1587 4244 1685 4297 με·-

137 4323 253 4388 ταξὺ
282 4323 504 4394 ἠρώτων
557 4324 717 4377 αὐτὸν
770 4326 819 4377 οἱ
865 4323 1104 4394 μαθηταὶ
1143 4321 1426 4390 λέγοντες·
1474 4318 1682 4385 Ῥαϐϐὶ,

1787 4247 1974 4293 centes
2020 4255 2035 4292 :
2080 4236 2277 4303 Rahbi,
2304 4239 2620 4292 manduca.»
2668 4235 2772 4290 Sed
2825 4223 2986 4304 quam
3025 4233 3096 4289 ob
3143 4248 3364 4288 causam

1789 4331 2052 4400 scriptum
2085 4328 2177 4396 sit,
2209 4346 2227 4380 ι
2257 4329 2525 4399 rogabant
2554 4328 2754 4397 ipsum,
2784 4344 2804 4378 ι
2835 4335 2890 4379 et
2927 4339 3056 4389 non,
3102 4323 3366 4378 Dicebant

137 4413 280 4483 φάγε.
306 4434 325 4468 ι
353 4415 448 4469 Διὰ
478 4414 611 4468 τίδὲ
643 4435 662 4465 ι
683 4413 854 4467 Αὐτὸν
885 4411 1132 4485 ἠρώτων,
1160 4430 1179 4462 ι
1228 4411 1322 4465 καὶ
1353 4409 1492 4480 οὐχὶ,
1525 4409 1682 4462 Ἔλε-

1878 4463 1894 4488 ,
1923 4422 2140 4492 dignum
2167 4431 2251 4474 est
2284 4434 2550 4482 cernere;
2589 4417 2891 4488 simplicius
2922 4417 3064 4470 enim
3097 4415 3362 4481 scriptum

136 4521 218 4573 γον
246 4507 402 4579 αὐτῷ,
437 4508 587 4574 ἄξιον
619 4509 744 4561 ἰδεῖν
764 4525 777 4540 ο
808 4507 1169 4577 ἁπλούστερον
1197 4507 1304 4576 γὰρ
1344 4505 1682 4573 ἐγέγραπτοο

1875 4522 2004 4569 sset.
2040 4532 2059 4566 ι
2089 4513 2310 4567 Interim
2343 4532 2362 4566 ι
2400 4511 2652 4566 dicebant
2676 4510 2726 4564 ei
2774 4527 2793 4560 ι
2842 4508 3129 4578 discipuli:
3165 4505 3361 4568 Rahbi,

142 4615 159 4647 ι
179 4599 255 4652 Ἐν
277 4601 331 4654 δέ
348 4601 423 4672 τῷ
449 4601 649 4674 μεταξὺ
686 4620 704 4653 ι
736 4600 920 4668 ἔλεγον
943 4599 1092 4670 αὑτῷ
1118 4617 1136 4651 ι
1160 4599 1209 4651 οἱ
1235 4597 1470 4669 μαθηταί
1485 4615 1499 4628 ’
1540 4598 1691 4650 Ῥαό-

1873 4605 2072 4662 mede.»
2096 4605 2330 4660 Proinde
2369 4617 2561 4673 rogare
2591 4611 2649 4657 ut
2683 4601 2953 4663 comedat,
2979 4608 3033 4653 et
3053 4598 3364 4669 supplicare

138 4688 203 4751 σι,
231 4691 379 4760 φάγε.
409 4712 427 4745 ι
471 4694 545 4747 To
570 4694 626 4747 δέ
659 4693 752 4746 καὶ
785 4693 996 4763 ἐρωτᾷν
1037 4692 1124 4746 ἵνα
1155 4690 1322 4762 φάγῃ,
1363 4689 1455 4743 καὶ
1481 4687 1688 4742 ἱκετεύ-

1873 4715 1939 4766 ηι,
1975 4706 2029 4753 et
2057 4696 2290 4767 precari,
2324 4694 2575 4750 fortassis
2605 4693 2811 4762 aliquid
2847 4690 3019 4745 innuit
3049 4701 3174 4744 ante
3226 4703 3361 4756 sup-

139 4797 207 4835 ειν
234 4783 403 4850 αὐτὸν,
433 4787 526 4839 καὶ
556 4785 783 4853 δεῖσθαι,
825 4785 965 4854 τάχα
989 4801 1043 4836 τι
1073 4782 1223 4855 δηλοῖ
1249 4781 1353 4854 πρὸ
1379 4781 1479 4852 τῆς
1507 4779 1692 4845 ἐξετά-

1873 4791 2174 4852 cationem,
2215 4796 2380 4858 atque
2407 4787 2569 4841 etiam
2609 4783 2880 4838 interdum
2922 4791 3040 4850 post
3081 4779 3362 4850 supplica—

141 4891 280 4943 σεως,
305 4879 467 4933 ἐνίοτε
493 4881 548 4934 δὲ
576 4879 669 4933 καὶ
717 4877 853 4949 μετὰ
885 4876 984 4948 τὴν
1011 4875 1274 4940 ἐξέτασιν.
1322 4872 1432 4926 Καὶ
1456 4873 1558 4944 ὅρα
1585 4872 1690 4942 μή·

1874 4895 2018 4934 nem.
2063 4879 2194 4933 Vide
2224 4892 2374 4942 vero,
2416 4892 2482 4931 ne
2510 4876 2652 4932 forte
2679 4883 2967 4929 vereantur
2993 4871 3266 4942 discipuli,
3295 4888 3363 4925 ne

141 4982 253 5020 ποτε
275 4970 616 5026 εὐλαϐοῦνται
643 4971 718 5044 μὴ
748 5011 760 5025 .
779 5010 794 5024 .
817 5009 831 5025 .
851 5008 899 5027 ..
929 4969 958 5021 ὁ
980 4967 1134 5036 λόγος
1303 4967 1423 5028 ταῖς
1461 4963 1688 5026 οἰκείαις

1875 4987 1992 5027 rmo
2027 4970 2121 5026 Dei
2148 4970 2316 5026 Filius
2340 4968 2578 5040 propriis
2603 4967 2766 5022 alitus
2791 4966 2863 5023 sit
2900 4967 2984 5021 vel
3033 4965 3361 5021 fortiﬁcatus

231 5127 272 5160 ”
294 5127 441 5188 Joan.
474 5149 547 5201 Iv,
578 5133 666 5190 28.
746 5133 762 5163 ¹
796 5130 926 5186 ibid.
949 5129 1038 5186 29.
1113 5130 1134 5160 ⁸
1158 5125 1290 5182 ibid.
1321 5123 1411 5181 50.
1487 5125 1509 5157 ³
1545 5123 1677 5179 ibid.
1709 5123 1801 5184 40.
1875 5127 1900 5159 ⁸
1931 5125 2061 5182 ibid.
2094 5090 2187 5181 δέ.
2262 5125 2284 5158 ⁸
2317 5123 2446 5180 ibid.
2478 5123 2534 5178 8.
2610 5123 2631 5154 ⁶
2655 5121 2787 5179 ibid.
2818 5120 2909 5175 5|.

208 5283 384 5358 (ﬁlia
434 5288 673 5358 margine
696 5285 907 5358 codicis
933 5281 1211 5358 Bodleiaui
1267 5289 1490 5336 notatur
1539 5277 1683 5334 forte
1781 5288 1836 5358 et
1869 5279 2414 5358 interrogationibus,
2444 5275 2598 5358 quasi
2630 5285 2851 5358 propter
2881 5288 3021 5358 eum,
3053 5270 3354 5358 qui-pete.~

147 5344 400 5429 legendum
432 5344 653 5429 εδθθυμὴ
682 5353 1118 5429 ἀναγεγράφθω·
1201 5420 1237 5429 _
1297 5419 1328 5429 ..
1368 5420 1380 5429 .
1576 5417 1614 5429 -ι

1873 5368 1914 5416 ,;
1946 5344 2292 5429 nequeenim
2316 5347 2440 5403 Jesu
2464 5344 2597 5401 dare
2634 5344 2847 5414 poterat
2871 5344 3093 5410 dignam
3139 5355 3203 5429 eo
3249 5355 3350 5409 po-

209 5417 308 5494 (2⁵)
341 5417 812 5496 Ἐπαπορήῖῖεωνί
845 5417 937 5481 έῘο
955 5417 1171 5496 κ’(ῑοάθπ,
1201 5419 1552 5496 BOdlﬁiaﬂllﬁ;
1576 5417 1682 5472 Βε-
1784 5421 2018 5496 tionem}
2037 5417 2143 5496 etsi
2170 5420 2260 5496 ille
2282 5434 2405 5496 cum
2435 5433 2498 5472 ea
2526 5432 2647 5486 quae
2673 5426 2954 5485 rogaretur
2975 5420 3229 5481 cuperet,
3258 5425 3356 5464 vo-

151 5488 626 5568 κῇιιελιπορήσεωνξ
651 5497 919 5564 Quoniam
953 5494 1136 5568 luxata
1160 5493 1273 5568 haec
1301 5500 1456 5568 sunt,
1488 5489 1686 5543 Ferra-
1781 5489 2092 5568 lebatjllfLm
2127 5488 2541 5568 bonis‘aﬂ‘icere.
2584 5505 2602 5538 ι
2638 5556 2654 5568 _
2845 5553 2860 5568 ἱ
2993 5551 3034 5568 ἢ
3088 5550 3120 5568 η
3161 5550 3174 5562 _

152 5550 295 5619 Pinna:
318 5550 734 5636 interpretationi
763 5567 1140 5622 Perionianam
1180 5550 1549 5636 adjunginius,
1575 5573 1684 5628 quo
1782 5631 1816 5636 _
1852 5561 1964 5636 (26)
2007 5557 2583 5636 Ἐπιθορυόίηθείσῃς.
2638 5556 2712 5636 illa
2743 5553 2935 5636 ,codex
2993 5550 3352 5618 Bodleianus;

156 5644 345 5706 sensum
400 5625 560 5692 lector
607 5639 820 5693 facilius
861 5625 1296 5706 expiscetur:_'i
1328 5625 1682 5706 Samaritana
1782 5625 1984 5702 negans
2016 5641 2073 5689 ει
2102 5625 2454 5694 Βιιιῐδθκίίιυε,
2487 5625 2879 5700 ὲπιτριϐείσης,

157 5702 344 5762 quidem
376 5717 573 5775 rogata,
611 5720 670 5766 ut
701 5718 884 5776 potum
911 5699 1087 5772 daret,
1113 5699 1543 5760 dubitatiouibus
1571 5699 1684 5757 suis
