3702 6142
343 230 448 286 455

1820 223 2142 282 CRICENIS

3489 215 3584 269 ιπο

349 347 510 408 cibis,
541 353 596 400 et
623 345 745 400 ideo
793 353 954 399 orent
1000 358 1122 398 eum
1147 343 1431 402 comedere
1463 342 1716 396 inventos
1744 341 1916 395 cibos.

2098 375 2111 388 .
2134 372 2149 388 .
2177 373 2190 387 .
2235 333 2268 404 ἢ
2300 331 2806 404 ίσχυροποιοὺμενος
2846 328 3089 400 τροφαῖς,
3132 325 3409 391 ἐρωτῶσιν
3437 326 3583 381 αὑτὸν

351 436 446 491 His
475 437 618 490 enim
658 451 778 505 qua:
807 435 1093 490 inveniunt
1132 435 1416 503 discipuli,
1453 449 1667 505 semper
1713 433 1921 486 nutrire

349 527 523 595 Λόγον
561 527 768 590 volunt,
799 535 859 582 ut
890 524 1238 588 fortiﬁcatus,
1280 536 1336 580 et
1368 524 1598 591 validus,
1652 533 1705 578 et
1738 538 1922 577 corro-

349 617 595 683 boratus,
623 619 828 675 diutius
860 620 1103 675 assideat
1129 620 1304 688 ipsum
1335 619 1730 683 nutrientibus;
1761 617 1923 671 vicis-

350 711 452 764 sim
479 711 728 767 nutriens
753 721 1090 782 apponentes
1118 711 1192 766 illi
1229 711 1403 767 cibos.
1427 710 1577 765 Hanc
1607 711 1678 766 ob
1699 723 1920 764 causam

347 801 501 872 jubet
523 811 670 857 stare
701 803 767 856 ad
793 803 1017 869 ostium,
1052 813 1108 857 et
1135 803 1378 873 pulsare,
1408 802 1536 856 ιιιεί
1575 803 1694 870 quis
1721 801 1920 854 ostium

349 895 649 962 aperuerit,
689 895 1030 966 ingrediatur
1059 895 1124 948 ad
1157 910 1302 960 eum,
1332 905 1387 948 et
1416 903 1600 948 cmnet
1649 909 1770 946 cum
1807 891 1920 954 illo,

350 992 412 1036 ut
440 995 626 1050 postea
653 984 970 1040 convivator
992 983 1165 1054 possit
1187 983 1429 1038 vicissim
1460 982 1708 1038 convivio
1743 982 1922 1051 excipi

350 1092 384 1130 a
415 1075 572 1147 Λόγῳ
602 1075 693 1145 qni
719 1075 860 1145 apud
889 1074 1036 1128 illum
1066 1075 1364 1130 cmnaverit
1387 1075 1428 1128 ".

422 1337 510 1393 '52.
539 1337 682 1392 Sane
717 1336 1015 1392 Heracleon
1036 1335 1212 1405 inquit
1231 1335 1524 1405 discipulos
1546 1335 1780 1391 voluisse
1801 1349 1922 1389 cum

349 1428 477 1485 Jesu
506 1429 908 1484 communicare
938 1443 1056 1496 quae
1098 1429 1390 1493 emissent,
1425 1436 1587 1496 atque
1615 1442 1645 1480 a
1675 1427 1921 1481 Samaria

2025 425 2444 495 εὑρισκομένους
2484 423 2726 476 ἔδεσθαι·
2760 416 2842 484 οἷς
2874 419 2981 490 γὰρ
3015 417 3360 490 εὑρίσκουσιν
3399 418 3446 469 oi
3495 435 3586 488 μα-

2022 518 2182 589 θηταὶ
2211 517 2298 571 ἀεὶ
2324 516 2544 588 τρέφειν
2591 515 2680 567 τὸν
2707 513 2878 582 Λόγον
2910 511 3210 582 βούλονται,
3246 509 3333 563 ἵνα
3385 511 3585 581 ίσχυρο-

2023 609 2363 680 ποιούμενος,
2415 608 2510 661 καὶ
2537 606 2876 676 τονούμενος,
2912 603 3006 657 καὶ
3046 601 3446 674 δυναμούμενος
3476 604 3584 654 ἐπι-

2021 701 2205 754 πλεῖον
2233 699 2548 772 παραμείνῃ
2597 702 2709 762 τοῖς
2737 699 2899 754 αὑτὸν
2927 699 3237 771 τρέφουσιν,
3267 695 3586 765 ἁντιτρέφων

2021 793 2147 854 τοὺς
2194 790 2594 862 παρατιθέντας
2642 789 2790 860 αὑτῷ
2844 789 2911 842 τὰ
2971 787 3253 860 βρώματα.
3314 787 3415 840 Διά
3446 785 3588 838 τοῦτο

2023 881 2309 953 ἐστηκέναι
2342 883 2504 950 φησὶν
2533 883 2625 934 ἐπὶ
2652 882 2752 954 τὴν
2777 881 2964 951 θύραν,
3002 881 3094 934 καὶ
3125 879 3366 951 κρούειν,
3394 880 3479 940 ἶν’,
3507 881 3587 932 ἐάν

2023 993 2104 1038 τις
2135 973 2320 1047 ἀνοίξῃ
2348 973 2449 1045 τὴν
2499 973 2687 1045 θύραν,
2719 973 2937 1046 είσέλθῃ
2982 965 3116 1044 πρὸς
3149 972 3335 1034 αὑτὸν,
3370 972 3463 1024 καὶ
3497 971 3588 1024 δει-

2023 1063 2202 1135 πνήσῃ
2230 1063 2347 1132 μετ’
2379 1062 2606 1125 ἐκείνου,
2641 1061 2782 1116 ὥστε
2817 1061 3037 1133 ὕστερον
3059 1061 3356 1132 δυνηθέντα
3378 1063 3467 1114 τὸν
3493 1062 3587 1114 δει-

2023 1155 2304 1225 πνήσαντα
2331 1155 2797 1226 ἀντιδειπνηθῆναι
2830 1156 2936 1210 ἀπὸ
2967 1155 3061 1209 τοῦ
3089 1155 3478 1227 δειπνήσαντκ
3497 1154 3585 1208 Λό-

2022 1263 2121 1314 γου
2155 1245 2307 1318 παρὰ
2338 1244 2416 1316 τῷ
2445 1246 2734 1317 ἀνθρώπῳ.

2092 1337 2182 1392 52.
2224 1338 2281 1391 't)
2309 1338 2365 1390 δέ
2403 1337 2714 1409 ’Πρακλέων
2741 1339 2925 1409 φησὶν,
2967 1339 3049 1392 ὅτι
3083 1337 3368 1391 ἐϐούλοντο
3408 1353 3586 1389 κοινω-

2021 1431 2134 1482 νεῖν
2184 1427 2332 1498 αὑτῷ
2376 1427 2435 1495 ἐξ
2485 1421 2559 1483 ὧν
2607 1429 2974 1500 ἀγοράσαντες
3025 1428 3131 1482 ἀπὸ
3157 1428 3260 1499 τῆς
3287 1428 3589 1498 Σαμαρείας

353 1523 677 1577 attulissent.
707 1520 727 1593 [
752 1520 863 1593 (27)
893 1520 1016 1576 Haec
1062 1529 1241 1574 autem
1277 1529 1686 1586 commemorat,
1721 1529 1781 1574 ut
1823 1521 1920 1573 ali-

2078 1522 2431 1591 ικομίκεισαν.
2490 1521 2628 1576 Τάδε
2672 1521 2835 1592 φησὶν
2877 1522 2963 1574 ἵνα
2994 1522 3113 1574 τινὰ
3247 1561 3262 1574 .
3285 1562 3298 1575 .
3337 1523 3391 1575 αί
3448 1521 3588 1574 πέντε

350 1629 575 1684 qua.....
607 1613 844 1682 quinque
868 1611 1027 1667 fatuae
1044 1612 1397 1682 Virgines“...
1423 1628 1453 1666 a
1481 1611 1691 1683 Sponsa
1713 1613 1755 1664 ⁸.
1787 1611 1920 1678 Quo-

2078 1615 2206 1684 ιοραὶ
2232 1613 2492 1685 παρθένοι
2523 1651 2537 1666 .
2563 1652 2578 1665 .
2604 1652 2617 1665 .
2639 1650 2653 1665 .
2673 1651 2689 1666 .
2726 1613 2832 1667 ἀπὸ
2856 1612 2949 1666 τοῦ
2988 1614 3264 1685 Νυμφίου.
3304 1613 3436 1675 Πῶς
3455 1613 3508 1666 δὲ
3533 1609 3590 1665 οἵ·

355 1705 515 1759 modo
548 1714 728 1758 autem
766 1703 1121 1758 arbitror.....
1152 1704 1340 1758 eadem
1375 1705 1692 1758 babere.....
1728 1703 1920 1773 quibus

2078 1723 2126 1757 ιιι
2343 1704 2902 1774 ὰαὺτάἐχειν.....
2933 1705 3145 1774 έγονται
3365 1700 3590 1768 αἷςάπο-

351 1797 587 1852 occlusis
615 1795 776 1850 fatuis
807 1794 1133 1864 virginibus,
1161 1810 1342 1866 opera:
1363 1795 1595 1866 pretium
1623 1805 1708 1850 est
1729 1795 1920 1851 videre

353 1905 414 1943 ea
431 1905 550 1959 qua:
567 1888 950 1958 discipulorum
974 1887 1377 1942 accusationem
1397 1885 1694 1953 continent,
1727 1886 1916 1942 eodem

355 1983 516 2035 modo
550 1996 658 2050 quo
681 1981 841 2034 fatuae
868 1981 1105 2050 virgines
1132 1980 1540 2034 dormientium.
1589 1978 1703 2035 Hoc
1734 1990 1918 2036 autem

353 2075 598 2129 eamdem
625 2075 892 2128 rationem
918 2073 1282 2128 habeat-lucis
1305 2073 1371 2127 ad
1399 2074 1600 2138 cibum,
1629 2087 1790 2142 quam
1821 2089 1922 2143 po-

357 2175 446 2218 tus
487 2167 550 2219 ad
583 2166 760 2219 cibum
793 2164 1068 2220 babet.....
1101 2178 1382 2228 accusare,
1417 2164 1924 2234 reprehendereque

356 2255 882 2323 interpretationem.
928 2257 1246 2323 Quanquam
1304 2269 1401 2324 pro
1455 2253 1596 2307 virili
1651 2261 1806 2322 parte
1867 2253 1920 2308 id

354 2345 500 2416 quod
536 2346 612 2398 ait
639 2345 855 2414 planum
884 2346 1064 2399 facere
1092 2345 1305 2408 debuit,
1339 2353 1394 2397 et
1425 2343 1670 2414 pluribus
1703 2343 1919 2408 docere,

355 2438 683 2491 conllrmans
718 2437 1219 2506 interpretationem
1251 2432 1469 2506 suam.]

425 2528 514 2583 55.
560 2549 578 2581 ι
611 2529 680 2582 At
708 2530 822 2599 ipse
858 2530 997 2585 dixit
1024 2531 1104 2585 eis
1135 2543 1150 2582 :
1181 2530 1294 2598 Ego
1327 2527 1505 2582 cibum
1538 2526 1714 2583 habeo
1762 2526 1924 2599 243

354 2620 672 2686 comedere,
720 2635 876 2689 quem
943 2635 1038 2676 vos
1096 2608 1315 2676 nescitis
1357 2620 1402 2675 °.
1447 2638 1467 2672 ι
1523 2619 1578 2674 ld
1626 2620 1770 2690 quod
1820 2619 1925 2673 sibi

352 2710 571 2776 sullicit,
608 2726 713 2766 non
773 2722 893 2782 eget
942 2713 1106 2779 cibo;
1157 2712 1384 2782 proinde
1426 2711 1572 2782 quod
1613 2713 1736 2766 cibo
1776 2720 1922 2783 eget,

355 2818 461 2858 non
495 2803 596 2856 sibi
631 2801 851 2859 subicit.
880 2802 1018 2858 llinc
1062 2805 1403 2874 perspicuum
1430 2813 1512 2858 est
1547 2804 1922 2859 comedentem

354 2895 657 2961 comedere,
687 2910 792 2948 non
823 2895 945 2964 quia
975 2912 1078 2949 non
1113 2905 1308 2965 egeat;
1367 2896 1458 2951 sed
1510 2896 1636 2966 quia
1689 2904 1846 2966 egeat
1871 2903 1926 2950 et

353 2987 508 3040 valde
538 2995 715 3056 egeat.
745 2985 810 3039 Et
839 3001 1068 3056 cerpora
1109 2989 1346 3056 quidem,
1378 2987 1508 3055 quia
1538 2997 1732 3041 natura
1763 2984 1926 3040 ﬂuxi-

355 3076 488 3130 bilia
521 3085 669 3143 sunt,
705 3077 1018 3130 nutriuntur
1051 3075 1174 3130 cibo
1221 3077 1461 3147 replente
1508 3071 1683 3132 locum
1733 3091 1920 3131 eorum
1951 3053 1994 3110 (ἶ

352 3182 476 3236 quae
519 3167 802 3234 deﬂuunt;
845 3170 938 3223 sed
965 3184 1084 3238 qua:
1117 3172 1236 3239 ipso
1279 3185 1506 3239 corpore
1541 3170 1920 3238 praestantiora

354 3267 508 3322 sunt,
533 3260 846 3313 nutriuntur
872 3260 1242 3330 iutelligentiis
1266 3261 1624 3330 incorporeis,
1647 3269 1700 3316 et
1715 3275 1922 3315 sermo-

355 3353 515 3404 nibus
547 3352 963 3422 actionibusque
998 3353 1146 3406 sanis
1177 3371 1188 3405 :
1233 3368 1336 3406 non
1373 3354 1517 3421 quod
1567 3352 1634 3406 ad
1666 3365 1771 3406 non
1801 3365 1922 3406 esse

356 3443 806 3513 dissolverentur,
846 3445 948 3500 nisi
1002 3445 1340 3499 nutrirentur
1375 3461 1389 3498 :
1420 3458 1592 3514 neque
1629 3443 1772 3498 enim
1809 3459 1924 3497 cor-

355 3552 486 3603 pora
517 3539 634 3593 base
666 3553 787 3608 quas
812 3553 916 3593 non
950 3539 1282 3602 nutriuntur,
1328 3537 1392 3590 ad
1429 3552 1534 3591 non
1573 3550 1694 3591 esse
1729 3536 1923 3590 dissol-

352 3637 588 3694 vuntur;
614 3630 708 3684 sed
733 3631 874 3698 quod
895 3630 1124 3696 perdant
1142 3643 1262 3682 esse
1291 3628 1436 3694 talia,
1461 3628 1505 3684 si
1532 3644 1636 3683 non
1669 3629 1923 3683 nutrian-

357 3730 447 3775 tur
476 3721 670 3775 talibus
712 3736 832 3791 quaa
864 3721 972 3776 sint
1029 3721 1424 3790 praestantioris
1478 3735 1641 3789 quam
1693 3735 1920 3790 corpora

355 3823 583 3868 naturae.
635 3812 705 3867 Ut
731 3822 908 3866 autem
943 3825 1169 3881 corpora
1205 3825 1325 3879 quae
1351 3811 1476 3865 cibo
1503 3820 1682 3878 egent,
1705 3827 1812 3865 non
1836 3811 1922 3866 his

356 3902 574 3956 aluntur
602 3902 735 3954 cibis
765 3905 858 3968 qui
887 3917 916 3955 a
957 3901 1307 3970 qualitatibus
1354 3903 1692 3970 procedunt,
1747 3917 1922 3972 neque

354 3995 544 4049 eadem
575 3995 818 4048 ciborum
850 3995 1124 4064 quantitas
1149 3997 1399 4048 omnibus
1416 3993 1630 4059 stnﬂicit,
1655 3994 1734 4050 sic
1756 3995 1918 4050 etiam

357 4087 722 4156 intelligamus
761 4097 970 4157 oportet
1027 4090 1092 4142 de
1138 4089 1223 4143 bis
1255 4104 1374 4156 quae
1410 4098 1535 4143 sunt
1565 4089 1810 4154 meliora,
1868 4098 1922 4143 et

358 4181 734 4249 praestantiora
779 4178 1143 4250 corporibus:
1178 4180 1318 4235 inter
1365 4182 1481 4236 haec
1542 4182 1686 4235 enim
1738 4181 1919 4251 aliqua

356 4273 682 4343 cepiosiore,
711 4272 890 4342 aliqua
917 4273 1123 4328 minore
1144 4273 1265 4327 cibo
1291 4285 1472 4344 egent,
1504 4285 1761 4344 tanquam
1801 4251 1922 4344 quae

355 4365 597 4419 eamdem
627 4379 936 4419 mensuram
967 4380 1072 4419 non
1102 4367 1318 4435 capiant
1350 4383 1364 4419 :
1395 4365 1489 4420 sed
1537 4379 1712 4434 neque
1741 4366 1920 4435 quali-

358 4463 441 4508 tas
490 4469 803 4511 sermonum
834 4465 886 4508 et
915 4466 1268 4524 conceptuum
1317 4457 1371 4510 in
1425 4456 1880 4526 contemplatione
1904 4497 1919 4523 ,

355 4545 447 4612 qui
494 4556 622 4600 suat
677 4547 916 4602 actiones
976 4547 1060 4600 bis
1112 4546 1518 4612 convenientes,
1567 4547 1752 4600 eadem
1792 4560 1924 4600 con-

356 4637 501 4706 gruit
532 4637 784 4692 omnibus
810 4638 1112 4693 animabus.
1146 4635 1285 4704 Quin
1315 4636 1483 4692 etiam
1515 4636 1636 4692 olus
1665 4645 1720 4691 et
1767 4638 1921 4693 cibus

356 4729 560 4784 solidus
595 4745 697 4782 non
735 4731 921 4786 eodem
951 4738 1190 4800 tempore
1239 4744 1334 4785 eos
1382 4729 1649 4793 nutriunt,
1706 4729 1796 4798 qui
1851 4745 1919 4784 ex

357 4821 490 4890 ipsis
520 4821 752 4874 fructum
783 4822 1015 4891 aliquem
1047 4821 1356 4892 percepturi
1391 4831 1516 4875 sunt
1541 4837 1556 4872 :
1584 4837 1709 4875 nam
1739 4821 1918 4875 infan-

357 4923 439 4966 tes
468 4926 652 4966 recens
683 4914 791 4965 nati
814 4952 828 4976 ,
871 4923 930 4967 ut
967 4914 1138 4983 inquit
1175 4913 1367 4968 Petrus
1403 4913 1502 4988 “,_
1526 4913 1606 4968 lae
1664 4911 1771 4966 doli
1822 4928 1917 4967 ne-

357 5005 551 5068 scium,
583 5002 743 5071 idque
770 5004 961 5070 animi,
990 5019 1092 5058 non
1119 5005 1363 5076 corporis
1384 5003 1694 5060 desiderant
1718 5019 1732 5057 :
1756 5003 1917 5073 idque

356 5094 521 5147 etiam
557 5093 843 5160 desideret,
891 5095 936 5150 si
988 5097 1108 5166 quis
1166 5095 1448 5150 infantiam
1511 5095 1915 5151 Corinthiorum

356 5185 539 5249 habet,
585 5187 651 5238 ad
679 5199 812 5252 quos
845 5186 1016 5254 inquit
1041 5185 1240 5240 Paulus
1275 5186 1317 5218 “
1349 5200 1364 5239 :
1401 5205 1420 5237 ι
1453 5185 1634 5240 Laetis
1667 5200 1761 5240 vos
1787 5193 1915 5254 potu

356 5276 487 5332 alui.
520 5291 624 5330 non
653 5277 793 5342 cibo;
818 5294 837 5328 ι
861 5277 952 5330 inti
965 5292 1110 5331 rmus
1134 5293 1283 5344 vero,
1311 5293 1375 5333 eo
1397 5276 1538 5346 quod
1571 5291 1674 5330 non
1707 5275 1915 5340 credat,

428 5396 450 5426 '
474 5397 636 5459 Apoc.
668 5411 754 5461 ιιι,
776 5395 868 5450 20.
940 5395 962 5428 ⁸
987 5395 1176 5452 Matth.
1205 5412 1334 5452 xxv.
1408 5399 1428 5430 °
1453 5395 1608 5452 Joan.
1636 5412 1708 5464 ιν,
1739 5397 1829 5454 '52.
1905 5397 1920 5427 ‘

2078 5407 2178 5452 etr.
2210 5412 2270 5462 ιι,
2299 5395 2354 5448 2.

425 5531 540 5606 (Ξῖ)
565 5530 797 5606 Perionii
838 5533 1239 5606 interpretatio.

427 5601 541 5674 (28)
589 5603 938 5674 Ἀπόλλυσι.
967 5601 1057 5663 Sic
1087 5607 1259 5662 codex
1290 5603 1646 5670 Bodleianus;
1693 5603 1916 5674 Regius,

361 5669 632 5738 ἀπόλυσιν,
667 5673 822 5729 male.

1953 4407 2000 4463 D

2027 1798 2325 1861 κλιθείσαις
2352 1799 2559 1869 μωραῖς
2591 1797 2901 1867 παρθένοις,
2931 1797 3077 1863 ἀξιον
3107 1798 3233 1852 ίδεῖν
3268 1798 3590 1868 κατηγορίαν

2026 1889 2346 1960 περιέχοντα
2393 1887 2504 1941 τῶν
2553 1888 2808 1959 μαθητῶν
2858 1890 2972 1952 τοῖς
3019 1891 3200 1953 αὑτοῖς
3244 1888 3590 1958 κοιμωμένων

2024 1985 2142 2045 ταῖς
2179 1985 2389 2054 μωραῖς
2438 1980 2755 2050 παρθένοις·
2811 1982 2926 2036 ἐστι
2958 1983 3015 2036 δὲ
3056 1983 3148 2036 καὶ
3179 1983 3310 2036 αὑτὸ
3353 1983 3589 2052 ἀνόμοιον

2026 2072 2118 2125 τοῦ
2151 2072 2327 2140 φωτὸς
2357 2072 2495 2142 πρὸς
2525 2071 2748 2142 τροφὴν,
2778 2073 2872 2125 καὶ
2898 2070 2994 2124 τοῦ
3018 2071 3180 2126 ποτοῦ
3203 2072 3341 2143 πρὸς
3369 2073 3443 2125 τά
3476 2072 3589 2143 βρώ-

2033 2178 2178 2232 ματα
2209 2202 2222 2214 .
2246 2201 2260 2214 .
2283 2201 2296 2215 .
2321 2198 2336 2214 .
2357 2201 2371 2215 .
2405 2178 2600 2225 σαντας
2637 2160 2979 2215 αἰτιάσασθαι
3006 2163 3103 2231 τὴν
3131 2161 3378 2233 ἐκδοχὴν,
3402 2161 3585 2232 καίπρ

2029 2253 2171 2306 κατά
2197 2271 2247 2307 τι
2279 2253 2573 2323 δυνάμενον
2603 2254 2746 2324 σαφῆ
2780 2255 2998 2326 ποιῆσαι
3016 2254 3107 2307 τὸν
3137 2253 3290 2322 λόγον
3317 2254 3485 2324 ἐχρῆν
3506 2259 3586 2306 αὑ-

2028 2344 2120 2399 τὸν
2163 2345 2251 2398 διά
2279 2345 2538 2399 πλειόνων
2583 2346 3079 2419 παραμυθήσασθαι
3125 2347 3586 2410 κατασκευάζοντα

2029 2437 2129 2508 τὴν
2161 2437 2299 2491 ἰδίαν
2330 2438 2578 2510 ἐκδοχήν.

2099 2529 2217 2585 53.!
2233 2531 2290 2584 Ὀ
2324 2531 2381 2585 δέ
2409 2527 2558 2584 εἶπεν
2583 2533 2764 2596 αὑτοῖς
2786 2548 2800 2562 ·
2848 2529 2989 2600 Ἐγὼ
3016 2529 3216 2602 βρῶσιν
3247 2531 3358 2602 ἔχω
3387 2535 3584 2600 φαγεῖν,

2029 2619 2098 2691 ἢν
2139 2619 2296 2689 ὑμεῖς
2351 2619 2450 2672 οὑκ
2485 2619 2680 2673 οἴδατε.
2709 2640 2727 2672 ι
2764 2618 2837 2672 Τὸ
2870 2619 2969 2691 μὲν
2995 2618 3239 2682 ἀνενδεές
3284 2619 3349 2671 οὑ
3409 2617 3586 2689 χρῄζει

2033 2709 2307 2782 βρώσεως,
2334 2710 2396 2764 τὸ
2425 2711 2483 2764 δὲ
2509 2711 2705 2782 χρῇζον
2737 2709 2994 2782 βρώσεως
3016 2713 3114 2764 οὑκ
3156 2709 3302 2763 ἔστιν
3333 2710 3583 2772 άνενδεές.

2031 2803 2140 2856 Καὶ
2167 2803 2344 2874 δῆλον,
2385 2803 2466 2854 ὅτι
2499 2804 2527 2854 6
2560 2801 2754 2854 ἐσθίων
2782 2801 2903 2870 οὐχὶ
2954 2802 3028 2872 μὴ
3075 2802 3292 2873 χρῄζων
3348 2799 3586 2873 βρώσεως

2031 2893 2220 2958 ἐσθίει,
2249 2893 2384 2947 ἀλλά
2411 2893 2624 2965 χρῄζων
2657 2895 2750 2946 καὶ¹
2773 2894 3023 2966 δεόμενος
3050 2894 3237 2963 αὐτῆς.
3269 2895 3383 2947 Καὶ
3408 2894 3473 2947 τὰ
3503 2894 3587 2964 μὲν

2034 2985 2287 3055 σώματα,
2333 2985 2427 3039 άτε
2465 2987 2531 3056 τῇ
2573 2985 2732 3054 φύσει
2773 2986 2898 3040 ὄντα
2939 2987 3169 3057 ῥευστὰ,
3211 2988 3469 3057 τρέφεται
3502 2987 3588 3056 τῆς

2025 3078 2232 3150 τροφῆς
2262 3077 2680 3149 ἀναπληρούσης
2715 3079 2807 3132 τὸν
2844 3079 3007 3132 τόπον
3039 3080 3145 3134 τῶν
3187 3080 3585 3152 ἀπορρεόντων

2025 3178 2094 3232 τὰ
2119 3179 2401 3250 κρείττονα
2431 3178 2680 3246 σώματος
2703 3179 2961 3250 τρέφεται
2990 3181 3100 3242 τοῖς
3129 3176 3442 3246 ἀσωμάτοις
3473 3173 3583 3242 νοή·

2031 3287 2181 3340 μασι,
2215 3271 2311 3323 καὶ
2345 3270 2542 3339 λόγοις,
2577 3272 2670 3324 καὶ
2700 3269 2960 3341 πράξεσιν
3003 3269 3208 3338 ὑγιέσιν
3229 3308 3244 3332 ,
3285 3266 3406 3336 οὐχὶ
3436 3266 3510 3328 είς
3536 3263 3586 3315 τὸ

2031 3360 2104 3431 μὴ
2141 3354 2280 3414 εἶναι
2327 3360 2758 3432 διαλυθησόμενα
2785 3399 2800 3423 ,
2835 3362 2882 3413 εἰ
2932 3359 3004 3431 μὴ
3030 3358 3298 3431 τρέφοιτοο
3338 3355 3459 3407 οὐδὲ
3491 3352 3586 3422 γὰρ

2029 3450 2255 3522 σώματα
2289 3453 2363 3523 μὴ
2412 3453 2718 3524 τρεφόμενα
2755 3455 2833 3516 είς
2879 3453 2938 3506 τὸ
2983 3452 3055 3523 μὴ
3108 3446 3244 3503 εἶναι
3290 3447 3580 3501 διαλύεται·

2027 3536 2291 3598 ἀπόλλυσι
2341 3546 2452 3618 (28)
2481 3546 2537 3599 δὲ
2577 3547 2638 3600 τὸ
2670 3543 2806 3599 εἶναι
2859 3545 3066 3607 τοιάδε,
3101 3545 3181 3596 ὅτι
3228 3542 3289 3595 οὑ
3348 3543 3582 3614 τρέφεται

2025 3639 2140 3698 τοῖς
2161 3627 2512 3707 τοιοῖσδέτῆς
2539 3636 2900 3708 διαφερούσης
2926 3635 3031 3688 τῶν
3067 3634 3334 3705 σωμάτων
3365 3633 3581 3701 φύσεως.

2031 3727 2241 3798 Ὥσπερ
2264 3728 2322 3780 δέ
2347 3726 2415 3780 τὰ
2444 3727 2672 3798 δεόμενα
2702 3728 2907 3798 τροφῆς
2939 3724 3164 3796 σώματα
3191 3724 3316 3777 οὔτε
3345 3727 3458 3787 τοῖς
3489 3723 3581 3777 ἀπὸ

2027 3815 2135 3870 τῶν
2165 3818 2463 3887 ποιοτήτων
2508 3817 2797 3889 τρέφεται,
2859 3816 2980 3870 οὑδέ
3032 3816 3265 3886 ποσότης
3314 3813 3581 3886 τροφῶν-1]

2029 3907 2165 3979 αὑτὴ
2194 3910 2357 3962 πᾶσιν
2389 3909 2568 3981 ἀρκεῖ,
2599 3909 2740 3964 οὑτω
2779 3910 2997 3981 νοητέον
3031 3909 3123 3963 καὶ⁸
3151 3908 3243 3961 ἐπὶ
3275 3907 3384 3961 τῶν
3414 3922 3579 3977 κρειτ-

2027 4001 2192 4054 τόνων
2249 4002 2397 4076 παρά
2430 4002 2498 4055 τὰ
2551 4002 2797 4073 σώματα.
2854 4003 2964 4056 Καὶ
3005 4002 3112 4072 γάρ
3161 3999 3337 4053 ταῦτα
3383 3999 3448 4052 τὰ
3492 3998 3579 4069 μὲν

2028 4091 2304 4158 πλείονος,
2351 4093 2418 4147 τὰ
2469 4093 2526 4146 δὲ
2585 4093 2865 4157 ἐλάττονος
2909 4094 3080 4147 δεῖται
3114 4091 3352 4162 τροφῆς,
3388 4091 3448 4144 ού
3482 4090 3576 4143 τῶν

2030 4183 2158 4236 ῖσων
2187 4184 2312 4236 ὄντα
2341 4185 2623 4256 χωρητικά
2641 4202 2654 4216 ·
2681 4184 2795 4238 ἀλλ’
2819 4185 2938 4238 οὑδέ
2976 4187 3010 4256 ή
3059 4184 3280 4254 ποιότης
3314 4183 3422 4236 τῶν
3464 4195 3574 4252 τρε·

2027 4273 2236 4341 φόντων
2263 4272 2435 4341 λόγων
2463 4275 2556 4326 καὶ
2588 4273 2872 4344 νοημάτων
2895 4272 3002 4326 τῶν
3029 4274 3084 4326 ἐν
3113 4273 3315 4344 θεωρίᾳ
3344 4271 3573 4343 πράξεων

2026 4364 2133 4417 τῶν
2179 4364 2388 4428 τούτοις
2425 4365 2778 4436 ἀρμοζουσῶν
2833 4368 2865 4436 ἡ
2925 4363 3061 4436 αὑτὴ
3110 4364 3340 4436 ἁρμόζει
3396 4363 3574 4424 πάσαις

2025 4459 2144 4518 ταῖς
2190 4456 2406 4525 ψυχαῖς.
2469 4456 2629 4509 Ἀλλὰ
2676 4457 2783 4529 γὰρ
2834 4457 2928 4509 καὶ
2985 4456 3212 4527 λάχανον
3248 4457 3343 4508 καὶ
3399 4453 3572 4526 στερεά

2022 4545 2196 4618 τροφὴ
2223 4546 2342 4616 οὑχὶ
2372 4545 2512 4599 κατά
2542 4547 2631 4600 τὸν
2658 4547 2820 4600 αὑτὸν
2864 4545 3053 4617 καιρὸν
3080 4544 3267 4615 τρέφει
3306 4543 3434 4607 τοὺς
3477 4542 3570 4594 δεο-

2027 4637 2219 4706 μένους
2253 4636 2351 4706 τῆς
2385 4635 2491 4689 ἀπὸ
2519 4635 2721 4690 τούτων
2776 4634 3104 4705 βελτιώσεως
3139 4651 3154 4665 ο
3208 4632 3281 4686 τά
3329 4633 3427 4703 μὲν
3481 4629 3569 4699 γὰρ

2023 4729 2379 4799 ἀρτιγέννητα
2411 4727 2604 4800 βρέφη,
2628 4727 2703 4790 ὣς
2740 4745 2901 4798 φησιν
2928 4730 2956 4780 6
2983 4727 3183 4797 Πέτρος
3207 4764 3222 4790 ,
3277 4724 3341 4777 τὸ
3381 4723 3569 4792 λογικὸν

2023 4820 2205 4874 ἄδολον
2239 4819 2380 4888 γάλα
2412 4820 2687 4873 ἐπιποθεῖ·
2726 4817 3050 4872 ἐπιποθείτω
3079 4817 3135 4870 δὲ
3165 4817 3259 4870 καὶ
3290 4816 3401 4887 (29)
3428 4816 3478 4868 εί
3501 4829 3568 4874 τις

2023 4911 2120 4982 τὴν
2150 4914 2449 4984 νηπιότητα
2501 4911 2613 4983 ἔχει
2666 4909 3000 4982 Κορινθίων,
3043 4909 3180 4978 πρὸς
3221 4909 3315 4972 οὓς
3350 4925 3504 4980 φησιν
3544 4905 3568 4955 6

2023 5003 2262 5067 Παῦλος·
2295 5024 2314 5054 ι
2349 5004 2492 5058 Γάλα
2537 5005 2680 5074 ὑμᾶς
2716 5003 2941 5056 ἐπότισα
2965 5042 2978 5065 ,
3035 5003 3096 5055 οὑ
3149 5001 3382 5072 βρῶμα·
3413 5020 3432 5050 ι
3465 5001 3490 5052 6
3519 4997 3564 5049 δὲ

2024 5095 2285 5160 ἀσθενῶν,
2316 5096 2404 5150 διὰ
2441 5095 2500 5148 τὸ
2537 5096 2609 5166 μὴ
2635 5094 2907 5147 πιστεύειν
2927 5133 2940 5158 ,
2973 5092 3178 5163 λάχανα
3199 5091 3446 5144 ἐσθιέτω.
3474 5090 3564 5142 Καὶ

2023 5187 2182 5240 τοῦτο
2213 5189 2269 5241 δὲ
2297 5189 2326 5240 6
2353 5186 2563 5250 Παῦλος
2585 5186 2819 5240 διδάσκει
2845 5186 3034 5254 λέγων·
3067 5204 3085 5235 ι
3102 5186 3196 5247 Ὃς
3220 5184 3320 5254 μὲν
3344 5180 3563 5236 πιστεύει

2024 5280 2218 5347 φαγεῖν
2265 5277 2468 5330 πάντα·
2505 5276 2534 5328 ὁ
2570 5276 2625 5330 δέ
2654 5274 2893 5328 ἀσθενῶν
2944 5274 3150 5344 λάχανα
3201 5269 3392 5323 ἐσθίει.
3424 5289 3442 5321 ι
3472 5266 3564 5322 Καὶ

2468 5397 2508 5426 ¹¹
2537 5395 2554 5448 l
2588 5395 2713 5450 Cor.
2742 5409 2827 5461 ιιι,
2865 5395 2916 5449 2.

2097 5529 2207 5601 (99)
2250 5530 2572 5584 Ἐπιποθεῖ·
2598 5530 2942 5601 ἐπιποθεζτω
2961 5530 3027 5583 δὲ
3046 5529 3165 5592 καί,
3189 5538 3298 5584 etc.
3329 5529 3404 5601 l_ta
3442 5526 3560 5601 legi-

2026 5597 2117 5655 tur
2146 5597 2197 5654 iu
2227 5602 2408 5655 codice
2437 5601 2742 5666 Bodleiano,
2771 5604 2820 5657 in
2850 5600 3016 5671 Regio
3040 5615 3215 5658 autem
3245 5611 3301 5658 et
3339 5597 3561 5655 Barberi-

2027 5688 2096 5727 n0
2119 5676 2270 5727 deest
2295 5671 2564 5730 ἐπιποθεῖ,
