  <div class='ocr_page' id='page_1' title='image "/cluster/home/n/w/nwhite01/storage/ocr_20150623/14/mdp.39015052831362/248.png"; bbox 0 0 3702 6142; ppageno 0'>
   <div class='ocr_carea' id='block_1_1' title="bbox 116 359 2268 434">
    <p class='ocr_par' dir='ltr' id='par_1_1' title="bbox 116 359 2268 434">
     <span class='ocr_line' id='line_1_1' title="bbox 116 359 2268 434; baseline -0.006 -2"><span class='ocrx_word' id='word_1_1' title='bbox 116 378 201 434; x_wconf 72' lang='lat' dir='ltr'><strong>I57</strong></span> <span class='ocrx_word' id='word_1_2' title='bbox 1130 365 1486 424; x_wconf 74' lang='lat' dir='ltr'><strong>COMMENT.</strong></span> <span class='ocrx_word' id='word_1_3' title='bbox 1524 363 1590 418; x_wconf 83' lang='lat' dir='ltr'><strong>IN</strong></span> <span class='ocrx_word' id='word_1_4' title='bbox 1623 361 1814 420; x_wconf 78' lang='lat' dir='ltr'><strong>.IOAN.</strong></span> <span class='ocrx_word' id='word_1_5' title='bbox 1856 359 2095 416; x_wconf 82' lang='lat' dir='ltr'><strong>TOMUS</strong></span> <span class='ocrx_word' id='word_1_6' title='bbox 2132 359 2268 419; x_wconf 73' lang='lat' dir='ltr'><strong>XIII.</strong></span> 
     </span>
    </p>
   </div>
   <div class='ocr_carea' id='block_1_2' title="bbox 3207 362 3310 418">
    <p class='ocr_par' dir='ltr' id='par_1_2' title="bbox 3207 362 3310 418">
     <span class='ocr_line' id='line_1_2' title="bbox 3207 362 3310 418; baseline 0.019 -3"><span class='ocrx_word' id='word_1_7' title='bbox 3207 362 3310 418; x_wconf 67' lang='grc'><strong>458</strong></span> 
     </span>
    </p>
   </div>
   <div class='ocr_carea' id='block_1_3' title="bbox 117 472 1629 560">
    <p class='ocr_par' dir='ltr' id='par_1_3' title="bbox 117 478 1629 560">
     <span class='ocr_line' id='line_1_3' title="bbox 117 478 1629 560; baseline -0.011 -13"><span class='ocrx_word' id='word_1_8' title='bbox 117 515 132 546; x_wconf 85' lang='grc' dir='ltr'><strong>ι</strong></span> <span class='ocrx_word' id='word_1_9' title='bbox 165 492 267 546; x_wconf 83' lang='grc' dir='ltr'><strong>ἔστι</strong></span> <span class='ocrx_word' id='word_1_10' title='bbox 300 509 318 542; x_wconf 84' lang='lat' dir='ltr'><strong>t</strong></span> <span class='ocrx_word' id='word_1_11' title='bbox 351 488 410 560; x_wconf 84' lang='grc' dir='ltr'><strong>γέ</strong></span> <span class='ocrx_word' id='word_1_12' title='bbox 441 504 566 541; x_wconf 88' lang='grc' dir='ltr'><strong>ποτε</strong></span> <span class='ocrx_word' id='word_1_13' title='bbox 608 505 626 537; x_wconf 79' lang='grc' dir='ltr'><strong>ι</strong></span> <span class='ocrx_word' id='word_1_14' title='bbox 664 484 913 557; x_wconf 70' lang='grc' dir='ltr'><strong>ξενισμδς</strong></span> <span class='ocrx_word' id='word_1_15' title='bbox 944 482 1191 553; x_wconf 77' lang='grc' dir='ltr'>λαχάνων</span> <span class='ocrx_word' id='word_1_16' title='bbox 1223 480 1335 553; x_wconf 77' lang='lat'><strong>(50)</strong></span> <span class='ocrx_word' id='word_1_17' title='bbox 1380 478 1515 551; x_wconf 80' lang='grc' dir='ltr'><strong>πρὸς</strong></span> <span class='ocrx_word' id='word_1_18' title='bbox 1559 495 1629 546; x_wconf 82' lang='grc' dir='ltr'><strong>φι-</strong></span> 
     </span>
    </p>
   </div>
   <div class='ocr_carea' id='block_1_4' title="bbox 1804 472 3409 560">
    <p class='ocr_par' dir='ltr' id='par_1_4' title="bbox 1804 472 3409 551">
     <span class='ocr_line' id='line_1_4' title="bbox 1804 472 3409 551; baseline 0.001 -23"><span class='ocrx_word' id='word_1_19' title='bbox 1804 489 1895 528; x_wconf 88' lang='lat' dir='ltr'><strong>era</strong></span> <span class='ocrx_word' id='word_1_20' title='bbox 1948 474 2215 551; x_wconf 86' lang='lat' dir='ltr'><strong>comedat.</strong></span> <span class='ocrx_word' id='word_1_21' title='bbox 2257 473 2457 545; x_wconf 81' lang='lat' dir='ltr'><strong>[Atque</strong></span> <span class='ocrx_word' id='word_1_22' title='bbox 2486 472 2594 527; x_wconf 90' lang='lat' dir='ltr'><strong>hoc</strong></span> <span class='ocrx_word' id='word_1_23' title='bbox 2632 472 2793 528; x_wconf 85' lang='lat' dir='ltr'><strong>etiam</strong></span> <span class='ocrx_word' id='word_1_24' title='bbox 2844 472 3001 529; x_wconf 99' lang='lat' dir='ltr'><strong>docet</strong></span> <span class='ocrx_word' id='word_1_25' title='bbox 3038 474 3236 531; x_wconf 80' lang='lat' dir='ltr'><strong>Paulus</strong></span> <span class='ocrx_word' id='word_1_26' title='bbox 3268 478 3310 510; x_wconf 69' lang='grc' dir='ltr'><strong>ι’</strong></span> <span class='ocrx_word' id='word_1_27' title='bbox 3408 518 3409 521; x_wconf 57' lang='grc' dir='ltr'><strong>η</strong></span> 
     </span>
    </p>
   </div>
   <div class='ocr_carea' id='block_1_5' title="bbox 112 567 1643 650">
    <p class='ocr_par' dir='ltr' id='par_1_5' title="bbox 112 567 1643 650">
     <span class='ocr_line' id='line_1_5' title="bbox 112 567 1643 650; baseline -0.01 -15"><span class='ocrx_word' id='word_1_28' title='bbox 112 583 211 636; x_wconf 83' lang='grc' dir='ltr'><strong>λίαν</strong></span> <span class='ocrx_word' id='word_1_29' title='bbox 232 580 317 635; x_wconf 71' lang='grc' dir='ltr'><strong>καὶ</strong></span> <span class='ocrx_word' id='word_1_30' title='bbox 349 579 507 650; x_wconf 86' lang='grc' dir='ltr'>χάριν</span> <span class='ocrx_word' id='word_1_31' title='bbox 536 576 600 647; x_wconf 84' lang='grc' dir='ltr'><strong>,ἢ</strong></span> <span class='ocrx_word' id='word_1_32' title='bbox 630 576 818 647; x_wconf 78' lang='grc' dir='ltr'><strong>μόσχοι</strong></span> <span class='ocrx_word' id='word_1_33' title='bbox 843 574 952 645; x_wconf 78' lang='grc'><strong>(51)</strong></span> <span class='ocrx_word' id='word_1_34' title='bbox 997 571 1236 641; x_wconf 69' lang='lat'><strong>61:6(52)</strong></span> <span class='ocrx_word' id='word_1_35' title='bbox 1271 570 1479 641; x_wconf 80' lang='grc' dir='ltr'>φάτνης</span> <span class='ocrx_word' id='word_1_36' title='bbox 1506 567 1643 640; x_wconf 85' lang='grc' dir='ltr'><strong>μετὰ</strong></span> 
     </span>
    </p>
   </div>
   <div class='ocr_carea' id='block_1_6' title="bbox 108 657 1646 744">
    <p class='ocr_par' dir='ltr' id='par_1_6' title="bbox 108 657 1646 744">
     <span class='ocr_line' id='line_1_6' title="bbox 108 657 1646 744; baseline -0.01 -17"><span class='ocrx_word' id='word_1_37' title='bbox 108 672 299 744; x_wconf 77' lang='grc' dir='ltr'><strong>ἔχθρας.</strong></span> <span class='ocrx_word' id='word_1_38' title='bbox 329 668 557 723; x_wconf 83' lang='grc' dir='ltr'><strong>Τελείων</strong></span> <span class='ocrx_word' id='word_1_39' title='bbox 598 667 654 720; x_wconf 81' lang='grc' dir='ltr'><strong>δέ</strong></span> <span class='ocrx_word' id='word_1_40' title='bbox 707 667 857 718; x_wconf 79' lang='grc' dir='ltr'><strong>ἐστιν</strong></span> <span class='ocrx_word' id='word_1_41' title='bbox 888 666 922 737; x_wconf 81' lang='grc' dir='ltr'><strong>η</strong></span> <span class='ocrx_word' id='word_1_42' title='bbox 954 662 1150 735; x_wconf 81' lang='grc' dir='ltr'><strong>στερεὰ</strong></span> <span class='ocrx_word' id='word_1_43' title='bbox 1183 662 1377 732; x_wconf 81' lang='grc' dir='ltr'><strong>τροφὴ,</strong></span> <span class='ocrx_word' id='word_1_44' title='bbox 1410 659 1519 715; x_wconf 82' lang='grc' dir='ltr'><strong>τῶν</strong></span> <span class='ocrx_word' id='word_1_45' title='bbox 1557 657 1646 712; x_wconf 80' lang='grc' dir='ltr'><strong>διὰ</strong></span> 
     </span>
    </p>
   </div>
   <div class='ocr_carea' id='block_1_7' title="bbox 106 750 1646 834">
    <p class='ocr_par' dir='ltr' id='par_1_7' title="bbox 106 750 1646 834">
     <span class='ocr_line' id='line_1_7' title="bbox 106 750 1646 834; baseline -0.01 -18"><span class='ocrx_word' id='word_1_46' title='bbox 106 764 188 834; x_wconf 83' lang='grc' dir='ltr'><strong>τὴν</strong></span> <span class='ocrx_word' id='word_1_47' title='bbox 213 761 315 829; x_wconf 74' lang='grc' dir='ltr'><strong>ἕξιν</strong></span> <span class='ocrx_word' id='word_1_48' title='bbox 339 759 405 814; x_wconf 80' lang='grc' dir='ltr'><strong>τὰ</strong></span> <span class='ocrx_word' id='word_1_49' title='bbox 426 758 755 829; x_wconf 75' lang='grc' dir='ltr'><strong>αἰσθητήρια</strong></span> <span class='ocrx_word' id='word_1_50' title='bbox 778 753 1207 827; x_wconf 81' lang='grc' dir='ltr'><strong>γεγυμνασμένα</strong></span> <span class='ocrx_word' id='word_1_51' title='bbox 1249 752 1481 823; x_wconf 83' lang='grc' dir='ltr'><strong>ἐχόντων</strong></span> <span class='ocrx_word' id='word_1_52' title='bbox 1510 750 1646 822; x_wconf 82' lang='grc' dir='ltr'><strong>πρὸς</strong></span> 
     </span>
    </p>
   </div>
   <div class='ocr_carea' id='block_1_8' title="bbox 106 842 1646 925">
    <p class='ocr_par' dir='ltr' id='par_1_8' title="bbox 106 842 1646 925">
     <span class='ocr_line' id='line_1_8' title="bbox 106 842 1646 925; baseline -0.008 -18"><span class='ocrx_word' id='word_1_53' title='bbox 106 855 342 925; x_wconf 80' lang='grc' dir='ltr'><strong>διάκρισιν</strong></span> <span class='ocrx_word' id='word_1_54' title='bbox 376 849 538 905; x_wconf 81' lang='grc' dir='ltr'><strong>καλοῦ</strong></span> <span class='ocrx_word' id='word_1_55' title='bbox 570 866 631 902; x_wconf 81' lang='grc' dir='ltr'><strong>τε</strong></span> <span class='ocrx_word' id='word_1_56' title='bbox 659 850 754 904; x_wconf 79' lang='grc' dir='ltr'><strong>καὶ</strong></span> <span class='ocrx_word' id='word_1_57' title='bbox 790 845 984 902; x_wconf 80' lang='grc' dir='ltr'><strong>κακοῦ.</strong></span> <span class='ocrx_word' id='word_1_58' title='bbox 1012 867 1031 899; x_wconf 82' lang='lat' dir='ltr'><strong>t</strong></span> <span class='ocrx_word' id='word_1_59' title='bbox 1058 846 1216 899; x_wconf 83' lang='grc' dir='ltr'><strong>Ἐστι</strong></span> <span class='ocrx_word' id='word_1_60' title='bbox 1240 844 1297 897; x_wconf 87' lang='grc' dir='ltr'><strong>δέ</strong></span> <span class='ocrx_word' id='word_1_61' title='bbox 1314 860 1400 907; x_wconf 89' lang='grc' dir='ltr'><strong>τις</strong></span> <span class='ocrx_word' id='word_1_62' title='bbox 1429 842 1524 896; x_wconf 79' lang='grc' dir='ltr'><strong>καὶ</strong></span> <span class='ocrx_word' id='word_1_63' title='bbox 1550 842 1646 913; x_wconf 90' lang='grc' dir='ltr'><strong>δη-</strong></span> 
     </span>
    </p>
   </div>
   <div class='ocr_carea' id='block_1_9' title="bbox 106 934 1644 1016">
    <p class='ocr_par' dir='ltr' id='par_1_9' title="bbox 106 934 1644 1016">
     <span class='ocr_line' id='line_1_9' title="bbox 106 934 1644 1016; baseline -0.007 -18"><span class='ocrx_word' id='word_1_64' title='bbox 106 946 328 1016; x_wconf 78' lang='grc' dir='ltr'><strong>λητήριος</strong></span> <span class='ocrx_word' id='word_1_65' title='bbox 356 939 547 1014; x_wconf 78' lang='grc' dir='ltr'><strong>τροφὴ,</strong></span> <span class='ocrx_word' id='word_1_66' title='bbox 576 941 769 1012; x_wconf 75' lang='grc' dir='ltr'><strong>ἥντινα</strong></span> <span class='ocrx_word' id='word_1_67' title='bbox 818 937 1158 1011; x_wconf 86' lang='grc' dir='ltr'><strong>μανθάνομεν</strong></span> <span class='ocrx_word' id='word_1_68' title='bbox 1186 935 1296 991; x_wconf 72' lang='grc' dir='ltr'><strong>ἀπὸ</strong></span> <span class='ocrx_word' id='word_1_69' title='bbox 1321 934 1420 1006; x_wconf 87' lang='grc' dir='ltr'><strong>τῆς</strong></span> <span class='ocrx_word' id='word_1_70' title='bbox 1448 934 1644 1004; x_wconf 85' lang='grc' dir='ltr'><strong>τετάρ-</strong></span> 
     </span>
    </p>
   </div>
   <div class='ocr_carea' id='block_1_10' title="bbox 104 1017 1647 1107">
    <p class='ocr_par' dir='ltr' id='par_1_10' title="bbox 104 1017 1647 1107">
     <span class='ocr_line' id='line_1_10' title="bbox 104 1017 1647 1107; baseline -0.008 -17"><span class='ocrx_word' id='word_1_71' title='bbox 104 1055 187 1107; x_wconf 87' lang='grc' dir='ltr'><strong>της</strong></span> <span class='ocrx_word' id='word_1_72' title='bbox 257 1034 357 1089; x_wconf 82' lang='grc' dir='ltr'><strong>τῶν</strong></span> <span class='ocrx_word' id='word_1_73' title='bbox 402 1032 695 1087; x_wconf 88' lang='grc' dir='ltr'><strong>Βασιλειῶν</strong></span> <span class='ocrx_word' id='word_1_74' title='bbox 728 1073 743 1097; x_wconf 96' lang='grc'><strong>,</strong></span> <span class='ocrx_word' id='word_1_75' title='bbox 791 1031 1058 1101; x_wconf 88' lang='grc' dir='ltr'><strong>λεγόντων</strong></span> <span class='ocrx_word' id='word_1_76' title='bbox 1132 1027 1270 1100; x_wconf 85' lang='grc' dir='ltr'><strong>πρὸς</strong></span> <span class='ocrx_word' id='word_1_77' title='bbox 1338 1026 1429 1080; x_wconf 76' lang='grc' dir='ltr'><strong>τὸν</strong></span> <span class='ocrx_word' id='word_1_78' title='bbox 1463 1017 1647 1079; x_wconf 84' lang='grc' dir='ltr'><strong>Ἐλισ-</strong></span> 
     </span>
    </p>
   </div>
   <div class='ocr_carea' id='block_1_11' title="bbox 106 1117 1644 1198">
    <p class='ocr_par' dir='ltr' id='par_1_11' title="bbox 106 1117 1644 1198">
     <span class='ocr_line' id='line_1_11' title="bbox 106 1117 1644 1198; baseline -0.008 -17"><span class='ocrx_word' id='word_1_79' title='bbox 106 1130 233 1183; x_wconf 84' lang='grc' dir='ltr'><strong>σαῖόν</strong></span> <span class='ocrx_word' id='word_1_80' title='bbox 259 1127 364 1198; x_wconf 75' lang='grc'><strong>(53)</strong></span> <span class='ocrx_word' id='word_1_81' title='bbox 400 1143 589 1181; x_wconf 69' lang='grc' dir='ltr'><strong>τινων*</strong></span> <span class='ocrx_word' id='word_1_82' title='bbox 627 1144 646 1176; x_wconf 88' lang='grc' dir='ltr'><strong>ι</strong></span> <span class='ocrx_word' id='word_1_83' title='bbox 670 1124 911 1187; x_wconf 82' lang='grc' dir='ltr'><strong>Θάνατος</strong></span> <span class='ocrx_word' id='word_1_84' title='bbox 940 1123 999 1177; x_wconf 82' lang='grc' dir='ltr'><strong>ἐν</strong></span> <span class='ocrx_word' id='word_1_85' title='bbox 1036 1119 1116 1193; x_wconf 80' lang='grc' dir='ltr'><strong>τῷ</strong></span> <span class='ocrx_word' id='word_1_86' title='bbox 1154 1118 1362 1192; x_wconf 79' lang='grc' dir='ltr'><strong>λέϐητι,</strong></span> <span class='ocrx_word' id='word_1_87' title='bbox 1391 1117 1644 1190; x_wconf 80' lang='grc' dir='ltr'><strong>ἄνθρωπε</strong></span> 
     </span>
    </p>
   </div>
   <div class='ocr_carea' id='block_1_12' title="bbox 104 1208 1645 1288">
    <p class='ocr_par' dir='ltr' id='par_1_12' title="bbox 104 1208 1645 1288">
     <span class='ocr_line' id='line_1_12' title="bbox 104 1208 1645 1288; baseline -0.007 -17"><span class='ocrx_word' id='word_1_88' title='bbox 104 1218 183 1272; x_wconf 79' lang='grc' dir='ltr'><strong>τοῦ</strong></span> <span class='ocrx_word' id='word_1_89' title='bbox 212 1216 354 1272; x_wconf 76' lang='grc' dir='ltr'><strong>Θεοῦ.</strong></span> <span class='ocrx_word' id='word_1_90' title='bbox 380 1237 398 1269; x_wconf 89' lang='lat' dir='ltr'><strong>t</strong></span> <span class='ocrx_word' id='word_1_91' title='bbox 440 1216 550 1271; x_wconf 76' lang='lat' dir='ltr'><strong>Kal.</strong></span> <span class='ocrx_word' id='word_1_92' title='bbox 582 1217 617 1288; x_wconf 79' lang='grc' dir='ltr'>ἡ</span> <span class='ocrx_word' id='word_1_93' title='bbox 659 1214 759 1286; x_wconf 89' lang='grc' dir='ltr'><strong>μέν</strong></span> <span class='ocrx_word' id='word_1_94' title='bbox 823 1230 907 1278; x_wconf 88' lang='grc' dir='ltr'><strong>τις</strong></span> <span class='ocrx_word' id='word_1_95' title='bbox 951 1211 1070 1266; x_wconf 77' lang='grc' dir='ltr'><strong>ἐστὶ</strong></span> <span class='ocrx_word' id='word_1_96' title='bbox 1119 1209 1230 1263; x_wconf 85' lang='grc' dir='ltr'><strong>τῶν</strong></span> <span class='ocrx_word' id='word_1_97' title='bbox 1294 1208 1645 1280; x_wconf 85' lang='grc' dir='ltr'><strong>ἁλογωτέρων</strong></span> 
     </span>
    </p>
   </div>
   <div class='ocr_carea' id='block_1_13' title="bbox 104 1300 1647 1381">
    <p class='ocr_par' dir='ltr' id='par_1_13' title="bbox 104 1300 1647 1381">
     <span class='ocr_line' id='line_1_13' title="bbox 104 1300 1647 1381; baseline -0.006 -19"><span class='ocrx_word' id='word_1_98' title='bbox 104 1309 263 1381; x_wconf 79' lang='grc' dir='ltr'><strong>ψυχῶν</strong></span> <span class='ocrx_word' id='word_1_99' title='bbox 292 1309 630 1380; x_wconf 78' lang='grc' dir='ltr'><strong>πνευματικὴ</strong></span> <span class='ocrx_word' id='word_1_100' title='bbox 661 1306 875 1377; x_wconf 87' lang='grc' dir='ltr'><strong>ποώδης</strong></span> <span class='ocrx_word' id='word_1_101' title='bbox 904 1304 1100 1377; x_wconf 85' lang='grc' dir='ltr'><strong>τροφὴ,</strong></span> <span class='ocrx_word' id='word_1_102' title='bbox 1140 1303 1235 1358; x_wconf 75' lang='grc' dir='ltr'><strong>καὶ</strong></span> <span class='ocrx_word' id='word_1_103' title='bbox 1272 1300 1407 1372; x_wconf 79' lang='grc' dir='ltr'><strong>ἄλλη</strong></span> <span class='ocrx_word' id='word_1_104' title='bbox 1454 1300 1647 1373; x_wconf 78' lang='grc' dir='ltr'>χόρτος</span> 
     </span>
    </p>
   </div>
   <div class='ocr_carea' id='block_1_14' title="bbox 104 1392 1645 1472">
    <p class='ocr_par' dir='ltr' id='par_1_14' title="bbox 104 1392 1645 1472">
     <span class='ocr_line' id='line_1_14' title="bbox 104 1392 1645 1472; baseline -0.006 -19"><span class='ocrx_word' id='word_1_105' title='bbox 104 1400 132 1472; x_wconf 77' lang='grc' dir='ltr'>ἢ</span> <span class='ocrx_word' id='word_1_106' title='bbox 158 1400 354 1472; x_wconf 81' lang='grc' dir='ltr'><strong>ἄχυρον,</strong></span> <span class='ocrx_word' id='word_1_107' title='bbox 390 1399 532 1471; x_wconf 75' lang='grc' dir='ltr'><strong>ἅπερ</strong></span> <span class='ocrx_word' id='word_1_108' title='bbox 569 1396 893 1468; x_wconf 84' lang='grc' dir='ltr'><strong>σημαίνεται</strong></span> <span class='ocrx_word' id='word_1_109' title='bbox 928 1395 1017 1450; x_wconf 82' lang='grc' dir='ltr'><strong>διά</strong></span> <span class='ocrx_word' id='word_1_110' title='bbox 1047 1393 1143 1448; x_wconf 83' lang='grc' dir='ltr'><strong>τοῦ</strong></span> <span class='ocrx_word' id='word_1_111' title='bbox 1171 1409 1185 1421; x_wconf 90' lang='grc'>·</span> <span class='ocrx_word' id='word_1_112' title='bbox 1242 1412 1261 1445; x_wconf 81' lang='grc' dir='ltr'><strong>ι</strong></span> <span class='ocrx_word' id='word_1_113' title='bbox 1293 1392 1494 1464; x_wconf 80' lang='grc' dir='ltr'><strong>Κύριος</strong></span> <span class='ocrx_word' id='word_1_114' title='bbox 1524 1409 1645 1445; x_wconf 89' lang='grc' dir='ltr'><strong>ποι-</strong></span> 
     </span>
    </p>
   </div>
   <div class='ocr_carea' id='block_1_15' title="bbox 107 1485 1646 1565">
    <p class='ocr_par' dir='ltr' id='par_1_15' title="bbox 107 1485 1646 1565">
     <span class='ocr_line' id='line_1_15' title="bbox 107 1485 1646 1565; baseline -0.005 -20"><span class='ocrx_word' id='word_1_115' title='bbox 107 1496 242 1565; x_wconf 84' lang='grc' dir='ltr'><strong>μανεῖ</strong></span> <span class='ocrx_word' id='word_1_116' title='bbox 267 1509 348 1564; x_wconf 88' lang='grc' dir='ltr'><strong>με,</strong></span> <span class='ocrx_word' id='word_1_117' title='bbox 389 1491 485 1545; x_wconf 75' lang='grc' dir='ltr'><strong>καὶ</strong></span> <span class='ocrx_word' id='word_1_118' title='bbox 516 1490 670 1544; x_wconf 84' lang='grc' dir='ltr'><strong>οὐδέν</strong></span> <span class='ocrx_word' id='word_1_119' title='bbox 720 1508 789 1561; x_wconf 90' lang='grc' dir='ltr'><strong>με</strong></span> <span class='ocrx_word' id='word_1_120' title='bbox 821 1489 1138 1562; x_wconf 66' lang='grc' dir='ltr'><strong>ὑστερήσειυ</strong></span> <span class='ocrx_word' id='word_1_121' title='bbox 1177 1487 1256 1550; x_wconf 85' lang='grc' dir='ltr'><strong>εἰς</strong></span> <span class='ocrx_word' id='word_1_122' title='bbox 1295 1486 1457 1540; x_wconf 89' lang='grc' dir='ltr'><strong>τόπον</strong></span> <span class='ocrx_word' id='word_1_123' title='bbox 1485 1485 1646 1558; x_wconf 82' lang='grc' dir='ltr'><strong>χλόης</strong></span> 
     </span>
    </p>
   </div>
   <div class='ocr_carea' id='block_1_16' title="bbox 103 1577 1647 1656">
    <p class='ocr_par' dir='ltr' id='par_1_16' title="bbox 103 1577 1647 1656">
     <span class='ocr_line' id='line_1_16' title="bbox 103 1577 1647 1656; baseline -0.005 -19"><span class='ocrx_word' id='word_1_124' title='bbox 103 1585 201 1639; x_wconf 80' lang='grc' dir='ltr'><strong>ἐκεῖ</strong></span> <span class='ocrx_word' id='word_1_125' title='bbox 227 1601 289 1656; x_wconf 87' lang='grc' dir='ltr'><strong>με</strong></span> <span class='ocrx_word' id='word_1_126' title='bbox 317 1583 731 1655; x_wconf 81' lang='grc' dir='ltr'><strong>κατεσκήνωσεν</strong></span> <span class='ocrx_word' id='word_1_127' title='bbox 749 1600 765 1614; x_wconf 90' lang='grc'><strong>·</strong></span> <span class='ocrx_word' id='word_1_128' title='bbox 801 1581 895 1635; x_wconf 78' lang='grc' dir='ltr'><strong>ἐπὶ</strong></span> <span class='ocrx_word' id='word_1_129' title='bbox 923 1579 1113 1643; x_wconf 78' lang='grc' dir='ltr'><strong>ὕδατος</strong></span> <span class='ocrx_word' id='word_1_130' title='bbox 1147 1577 1505 1641; x_wconf 83' lang='grc' dir='ltr'><strong>ἀναπαύσεως</strong></span> <span class='ocrx_word' id='word_1_131' title='bbox 1533 1577 1647 1642; x_wconf 82' lang='grc' dir='ltr'><strong>ἐξέ-</strong></span> 
     </span>
    </p>
   </div>
   <div class='ocr_carea' id='block_1_17' title="bbox 1748 565 3313 635">
    <p class='ocr_par' dir='ltr' id='par_1_17' title="bbox 1748 565 3313 635">
     <span class='ocr_line' id='line_1_17' title="bbox 1748 565 3313 635; baseline 0.004 -16"><span class='ocrx_word' id='word_1_132' title='bbox 1748 566 1833 620; x_wconf 88' lang='lat' dir='ltr'><strong>his</strong></span> <span class='ocrx_word' id='word_1_133' title='bbox 1891 566 2073 621; x_wconf 78' lang='lat' dir='ltr'><strong>verbis</strong></span> <span class='ocrx_word' id='word_1_134' title='bbox 2110 584 2123 619; x_wconf 91' lang='lat'><strong>:</strong></span> <span class='ocrx_word' id='word_1_135' title='bbox 2160 584 2178 616; x_wconf 82' lang='lat' dir='ltr'><strong>t</strong></span> <span class='ocrx_word' id='word_1_136' title='bbox 2213 566 2365 621; x_wconf 74' lang='lat' dir='ltr'><strong>Alius</strong></span> <span class='ocrx_word' id='word_1_137' title='bbox 2408 565 2625 635; x_wconf 80' lang='lat' dir='ltr'><strong>quidem</strong></span> <span class='ocrx_word' id='word_1_138' title='bbox 2662 567 2833 622; x_wconf 79' lang='lat' dir='ltr'><strong>credit</strong></span> <span class='ocrx_word' id='word_1_139' title='bbox 2880 581 2938 623; x_wconf 90' lang='lat' dir='ltr'><strong>se</strong></span> <span class='ocrx_word' id='word_1_140' title='bbox 2987 571 3313 625; x_wconf 89' lang='lat' dir='ltr'><strong>manducare</strong></span> 
     </span>
    </p>
   </div>
   <div class='ocr_carea' id='block_1_18' title="bbox 1744 656 3309 736">
    <p class='ocr_par' dir='ltr' id='par_1_18' title="bbox 1744 656 3309 736">
     <span class='ocr_line' id='line_1_18' title="bbox 1744 656 3309 736; baseline 0.003 -27"><span class='ocrx_word' id='word_1_141' title='bbox 1744 657 1925 710; x_wconf 84' lang='lat' dir='ltr'><strong>omnia</strong></span> <span class='ocrx_word' id='word_1_142' title='bbox 1962 673 1976 708; x_wconf 90' lang='lat'><strong>:</strong></span> <span class='ocrx_word' id='word_1_143' title='bbox 2008 657 2099 724; x_wconf 91' lang='lat' dir='ltr'><strong>qui</strong></span> <span class='ocrx_word' id='word_1_144' title='bbox 2134 667 2315 712; x_wconf 89' lang='lat' dir='ltr'><strong>autem</strong></span> <span class='ocrx_word' id='word_1_145' title='bbox 2348 656 2598 711; x_wconf 85' lang='lat' dir='ltr'><strong>inﬁrmus</strong></span> <span class='ocrx_word' id='word_1_146' title='bbox 2619 665 2723 724; x_wconf 91' lang='lat' dir='ltr'><strong>est,</strong></span> <span class='ocrx_word' id='word_1_147' title='bbox 2750 658 2876 713; x_wconf 89' lang='lat' dir='ltr'><strong>olus</strong></span> <span class='ocrx_word' id='word_1_148' title='bbox 2912 660 3223 718; x_wconf 88' lang='lat' dir='ltr'><strong>manducat.</strong></span> <span class='ocrx_word' id='word_1_149' title='bbox 3260 660 3309 736; x_wconf 67' lang='grc' dir='ltr'><strong>ι]</strong></span> 
     </span>
    </p>
   </div>
   <div class='ocr_carea' id='block_1_19' title="bbox 1744 748 3310 819">
    <p class='ocr_par' dir='ltr' id='par_1_19' title="bbox 1744 748 3310 819">
     <span class='ocr_line' id='line_1_19' title="bbox 1744 748 3310 819; baseline 0.004 -16"><span class='ocrx_word' id='word_1_150' title='bbox 1744 757 1825 803; x_wconf 85' lang='lat' dir='ltr'><strong>Ac</strong></span> <span class='ocrx_word' id='word_1_151' title='bbox 1851 748 2098 818; x_wconf 79' lang='lat' dir='ltr'><strong>profecto</strong></span> <span class='ocrx_word' id='word_1_152' title='bbox 2128 767 2147 800; x_wconf 78' lang='grc' dir='ltr'><strong>ι</strong></span> <span class='ocrx_word' id='word_1_153' title='bbox 2175 748 2365 804; x_wconf 86' lang='lat' dir='ltr'><strong>melius</strong></span> <span class='ocrx_word' id='word_1_154' title='bbox 2409 759 2490 804; x_wconf 90' lang='lat' dir='ltr'><strong>est</strong></span> <span class='ocrx_word' id='word_1_155' title='bbox 2513 767 2532 802; x_wconf 84' lang='lat' dir='ltr'><strong>t</strong></span> <span class='ocrx_word' id='word_1_156' title='bbox 2584 749 2875 819; x_wconf 80' lang='lat' dir='ltr'><strong>aliquando</strong></span> <span class='ocrx_word' id='word_1_157' title='bbox 2933 770 2954 804; x_wconf 74' lang='grc' dir='ltr'><strong>ι</strong></span> <span class='ocrx_word' id='word_1_158' title='bbox 2980 752 3125 808; x_wconf 83' lang='lat' dir='ltr'><strong>olera</strong></span> <span class='ocrx_word' id='word_1_159' title='bbox 3187 769 3310 810; x_wconf 89' lang='lat' dir='ltr'><strong>cum</strong></span> 
     </span>
    </p>
   </div>
   <div class='ocr_carea' id='block_1_20' title="bbox 1747 840 3310 912">
    <p class='ocr_par' dir='ltr' id='par_1_20' title="bbox 1747 840 3310 912">
     <span class='ocr_line' id='line_1_20' title="bbox 1747 840 3310 912; baseline 0.004 -19"><span class='ocrx_word' id='word_1_160' title='bbox 1747 840 1984 894; x_wconf 72' lang='lat' dir='ltr'><strong>amicitia</strong></span> <span class='ocrx_word' id='word_1_161' title='bbox 2028 851 2086 896; x_wconf 90' lang='lat' dir='ltr'><strong>et</strong></span> <span class='ocrx_word' id='word_1_162' title='bbox 2144 840 2411 896; x_wconf 87' lang='lat' dir='ltr'><strong>charitate</strong></span> <span class='ocrx_word' id='word_1_163' title='bbox 2461 840 2785 908; x_wconf 84' lang='lat' dir='ltr'><strong>comedere,</strong></span> <span class='ocrx_word' id='word_1_164' title='bbox 2859 855 3025 912; x_wconf 90' lang='lat' dir='ltr'><strong>quam</strong></span> <span class='ocrx_word' id='word_1_165' title='bbox 3080 845 3310 899; x_wconf 88' lang='lat' dir='ltr'><strong>vitulum</strong></span> 
     </span>
    </p>
   </div>
   <div class='ocr_carea' id='block_1_21' title="bbox 1746 932 3312 1002">
    <p class='ocr_par' dir='ltr' id='par_1_21' title="bbox 1746 932 3312 1002">
     <span class='ocr_line' id='line_1_21' title="bbox 1746 932 3312 1002; baseline 0.004 -14"><span class='ocrx_word' id='word_1_166' title='bbox 1746 933 2049 1002; x_wconf 84' lang='lat' dir='ltr'><strong>saginatum</strong></span> <span class='ocrx_word' id='word_1_167' title='bbox 2073 948 2195 988; x_wconf 90' lang='lat' dir='ltr'><strong>cum</strong></span> <span class='ocrx_word' id='word_1_168' title='bbox 2219 935 2345 989; x_wconf 91' lang='lat' dir='ltr'><strong>odio</strong></span> <span class='ocrx_word' id='word_1_169' title='bbox 2379 933 2445 987; x_wconf 75' lang='grc' dir='ltr'><strong>ι’.</strong></span> <span class='ocrx_word' id='word_1_170' title='bbox 2477 932 2845 991; x_wconf 81' lang='lat' dir='ltr'><strong>Perfectorum</strong></span> <span class='ocrx_word' id='word_1_171' title='bbox 2874 950 3003 990; x_wconf 85' lang='lat' dir='ltr'><strong>vero</strong></span> <span class='ocrx_word' id='word_1_172' title='bbox 3051 947 3135 992; x_wconf 89' lang='lat' dir='ltr'><strong>est</strong></span> <span class='ocrx_word' id='word_1_173' title='bbox 3177 939 3312 994; x_wconf 91' lang='lat' dir='ltr'><strong>soli-</strong></span> 
     </span>
    </p>
   </div>
   <div class='ocr_carea' id='block_1_22' title="bbox 1746 1026 3311 1097">
    <p class='ocr_par' dir='ltr' id='par_1_22' title="bbox 1746 1026 3311 1097">
     <span class='ocr_line' id='line_1_22' title="bbox 1746 1026 3311 1097; baseline 0.005 -18"><span class='ocrx_word' id='word_1_174' title='bbox 1746 1026 1848 1081; x_wconf 89' lang='lat' dir='ltr'><strong>dus</strong></span> <span class='ocrx_word' id='word_1_175' title='bbox 1903 1027 2078 1090; x_wconf 89' lang='lat' dir='ltr'><strong>cibus,</strong></span> <span class='ocrx_word' id='word_1_176' title='bbox 2124 1040 2315 1097; x_wconf 88' lang='lat' dir='ltr'><strong>nempe</strong></span> <span class='ocrx_word' id='word_1_177' title='bbox 2364 1041 2550 1082; x_wconf 89' lang='lat' dir='ltr'><strong>eorum</strong></span> <span class='ocrx_word' id='word_1_178' title='bbox 2599 1028 2690 1096; x_wconf 91' lang='lat' dir='ltr'><strong>qui</strong></span> <span class='ocrx_word' id='word_1_179' title='bbox 2738 1040 2835 1096; x_wconf 90' lang='lat' dir='ltr'><strong>per</strong></span> <span class='ocrx_word' id='word_1_180' title='bbox 2864 1030 3311 1087; x_wconf 75' lang='lat' dir='ltr'><strong>consuetudinem</strong></span> 
     </span>
    </p>
   </div>
   <div class='ocr_carea' id='block_1_23' title="bbox 1746 1118 3317 1181">
    <p class='ocr_par' dir='ltr' id='par_1_23' title="bbox 1746 1118 3317 1181">
     <span class='ocr_line' id='line_1_23' title="bbox 1746 1118 3317 1181; baseline 0.005 -9"><span class='ocrx_word' id='word_1_181' title='bbox 1746 1118 2072 1173; x_wconf 75' lang='lat' dir='ltr'><strong>exercitatos</strong></span> <span class='ocrx_word' id='word_1_182' title='bbox 2103 1118 2301 1173; x_wconf 88' lang='lat' dir='ltr'><strong>habent</strong></span> <span class='ocrx_word' id='word_1_183' title='bbox 2322 1132 2513 1174; x_wconf 90' lang='lat' dir='ltr'><strong>sensus</strong></span> <span class='ocrx_word' id='word_1_184' title='bbox 2552 1121 2619 1174; x_wconf 85' lang='lat' dir='ltr'><strong>ad</strong></span> <span class='ocrx_word' id='word_1_185' title='bbox 2658 1119 3042 1176; x_wconf 87' lang='lat' dir='ltr'><strong>discretionem</strong></span> <span class='ocrx_word' id='word_1_186' title='bbox 3089 1120 3215 1177; x_wconf 88' lang='lat' dir='ltr'><strong>boni</strong></span> <span class='ocrx_word' id='word_1_187' title='bbox 3259 1131 3317 1181; x_wconf 83' lang='lat' dir='ltr'><strong>et</strong></span> 
     </span>
    </p>
   </div>
   <div class='ocr_carea' id='block_1_24' title="bbox 1749 1206 3313 1279">
    <p class='ocr_par' dir='ltr' id='par_1_24' title="bbox 1749 1206 3313 1279">
     <span class='ocr_line' id='line_1_24' title="bbox 1749 1206 3313 1279; baseline 0.004 -19"><span class='ocrx_word' id='word_1_188' title='bbox 1749 1207 1871 1260; x_wconf 87' lang='lat' dir='ltr'><strong>mali</strong></span> <span class='ocrx_word' id='word_1_189' title='bbox 1900 1207 1967 1261; x_wconf 65' lang='grc' dir='ltr'><strong>ιδ.</strong></span> <span class='ocrx_word' id='word_1_190' title='bbox 1999 1224 2018 1259; x_wconf 83' lang='lat' dir='ltr'><strong>t</strong></span> <span class='ocrx_word' id='word_1_191' title='bbox 2055 1206 2154 1263; x_wconf 82' lang='lat' dir='ltr'><strong>ESl.</strong></span> <span class='ocrx_word' id='word_1_192' title='bbox 2179 1206 2342 1262; x_wconf 86' lang='lat' dir='ltr'><strong>etiam</strong></span> <span class='ocrx_word' id='word_1_193' title='bbox 2367 1208 2587 1277; x_wconf 86' lang='lat' dir='ltr'><strong>quidam</strong></span> <span class='ocrx_word' id='word_1_194' title='bbox 2618 1206 2771 1263; x_wconf 84' lang='lat' dir='ltr'><strong>cibus</strong></span> <span class='ocrx_word' id='word_1_195' title='bbox 2800 1206 3119 1276; x_wconf 84' lang='lat' dir='ltr'><strong>mortiﬂcus,</strong></span> <span class='ocrx_word' id='word_1_196' title='bbox 3151 1224 3313 1279; x_wconf 85' lang='lat' dir='ltr'><strong>quem</strong></span> 
     </span>
    </p>
   </div>
   <div class='ocr_carea' id='block_1_25' title="bbox 1747 1298 3307 1371">
    <p class='ocr_par' dir='ltr' id='par_1_25' title="bbox 1747 1298 3307 1371">
     <span class='ocr_line' id='line_1_25' title="bbox 1747 1298 3307 1371; baseline 0.004 -18"><span class='ocrx_word' id='word_1_197' title='bbox 1747 1300 2007 1354; x_wconf 73' lang='lat' dir='ltr'><strong>discimus</strong></span> <span class='ocrx_word' id='word_1_198' title='bbox 2037 1314 2103 1356; x_wconf 82' lang='lat' dir='ltr'><strong>ex</strong></span> <span class='ocrx_word' id='word_1_199' title='bbox 2134 1309 2329 1369; x_wconf 82' lang='lat' dir='ltr'><strong>quarto</strong></span> <span class='ocrx_word' id='word_1_200' title='bbox 2358 1298 2563 1371; x_wconf 86' lang='lat' dir='ltr'><strong>Regum</strong></span> <span class='ocrx_word' id='word_1_201' title='bbox 2589 1341 2604 1367; x_wconf 89' lang='lat'><strong>,</strong></span> <span class='ocrx_word' id='word_1_202' title='bbox 2638 1298 2940 1356; x_wconf 87' lang='lat' dir='ltr'><strong>dicentibus</strong></span> <span class='ocrx_word' id='word_1_203' title='bbox 2985 1301 3307 1371; x_wconf 79' lang='lat' dir='ltr'><strong>quibusdam</strong></span> 
     </span>
    </p>
   </div>
   <div class='ocr_carea' id='block_1_26' title="bbox 1747 1390 3308 1459">
    <p class='ocr_par' dir='ltr' id='par_1_26' title="bbox 1747 1390 3308 1459">
     <span class='ocr_line' id='line_1_26' title="bbox 1747 1390 3308 1459; baseline 0.005 -18"><span class='ocrx_word' id='word_1_204' title='bbox 1747 1398 1812 1443; x_wconf 84' lang='lat' dir='ltr'><strong>ad</strong></span> <span class='ocrx_word' id='word_1_205' title='bbox 1837 1390 2083 1446; x_wconf 64' lang='lat' dir='ltr'><strong>Elisceum</strong></span> <span class='ocrx_word' id='word_1_206' title='bbox 2114 1410 2128 1446; x_wconf 90' lang='lat'><strong>:</strong></span> <span class='ocrx_word' id='word_1_207' title='bbox 2163 1411 2181 1443; x_wconf 81' lang='grc' dir='ltr'><strong>ι</strong></span> <span class='ocrx_word' id='word_1_208' title='bbox 2215 1390 2359 1447; x_wconf 81' lang='lat' dir='ltr'><strong>Mors</strong></span> <span class='ocrx_word' id='word_1_209' title='bbox 2384 1402 2467 1447; x_wconf 90' lang='lat' dir='ltr'><strong>est</strong></span> <span class='ocrx_word' id='word_1_210' title='bbox 2498 1392 2553 1445; x_wconf 88' lang='lat' dir='ltr'><strong>in</strong></span> <span class='ocrx_word' id='word_1_211' title='bbox 2589 1390 2767 1447; x_wconf 89' lang='lat' dir='ltr'><strong>lebete</strong></span> <span class='ocrx_word' id='word_1_212' title='bbox 2791 1431 2809 1459; x_wconf 92' lang='lat'><strong>,</strong></span> <span class='ocrx_word' id='word_1_213' title='bbox 2832 1406 2868 1447; x_wconf 90' lang='lat'><strong>0</strong></span> <span class='ocrx_word' id='word_1_214' title='bbox 2888 1391 3049 1448; x_wconf 88' lang='lat' dir='ltr'><strong>homo</strong></span> <span class='ocrx_word' id='word_1_215' title='bbox 3071 1393 3163 1449; x_wconf 88' lang='lat' dir='ltr'><strong>Dei</strong></span> <span class='ocrx_word' id='word_1_216' title='bbox 3190 1395 3255 1451; x_wconf 83' lang='grc'><strong>¹⁵.</strong></span> <span class='ocrx_word' id='word_1_217' title='bbox 3286 1416 3308 1449; x_wconf 81' lang='lat' dir='ltr'><strong>t</strong></span> 
     </span>
    </p>
   </div>
   <div class='ocr_carea' id='block_1_27' title="bbox 1746 1479 3314 1554">
    <p class='ocr_par' dir='ltr' id='par_1_27' title="bbox 1746 1479 3314 1554">
     <span class='ocr_line' id='line_1_27' title="bbox 1746 1479 3314 1554; baseline 0.007 -23"><span class='ocrx_word' id='word_1_218' title='bbox 1746 1479 1884 1547; x_wconf 82' lang='lat' dir='ltr'><strong>Quin</strong></span> <span class='ocrx_word' id='word_1_219' title='bbox 1909 1483 2076 1536; x_wconf 91' lang='lat' dir='ltr'><strong>etiam</strong></span> <span class='ocrx_word' id='word_1_220' title='bbox 2107 1491 2190 1535; x_wconf 89' lang='lat' dir='ltr'><strong>est</strong></span> <span class='ocrx_word' id='word_1_221' title='bbox 2214 1481 2353 1537; x_wconf 89' lang='lat' dir='ltr'><strong>alius</strong></span> <span class='ocrx_word' id='word_1_222' title='bbox 2373 1496 2559 1537; x_wconf 90' lang='lat' dir='ltr'><strong>earum</strong></span> <span class='ocrx_word' id='word_1_223' title='bbox 2579 1480 2905 1546; x_wconf 87' lang='lat' dir='ltr'><strong>animarum,</strong></span> <span class='ocrx_word' id='word_1_224' title='bbox 2933 1498 3054 1554; x_wconf 69' lang='lat' dir='ltr'><strong>quae</strong></span> <span class='ocrx_word' id='word_1_225' title='bbox 3086 1485 3314 1541; x_wconf 80' lang='lat' dir='ltr'><strong>rationis</strong></span> 
     </span>
    </p>
   </div>
   <div class='ocr_carea' id='block_1_28' title="bbox 1748 1570 3317 1642">
    <p class='ocr_par' dir='ltr' id='par_1_28' title="bbox 1748 1570 3317 1642">
     <span class='ocr_line' id='line_1_28' title="bbox 1748 1570 3317 1642; baseline 0.006 -20"><span class='ocrx_word' id='word_1_226' title='bbox 1748 1584 1851 1623; x_wconf 88' lang='lat' dir='ltr'><strong>nou</strong></span> <span class='ocrx_word' id='word_1_227' title='bbox 1881 1579 2009 1625; x_wconf 86' lang='lat' dir='ltr'><strong>sunt</strong></span> <span class='ocrx_word' id='word_1_228' title='bbox 2037 1581 2348 1641; x_wconf 86' lang='lat' dir='ltr'><strong>compotes,</strong></span> <span class='ocrx_word' id='word_1_229' title='bbox 2384 1570 2538 1627; x_wconf 87' lang='lat' dir='ltr'><strong>cibus</strong></span> <span class='ocrx_word' id='word_1_230' title='bbox 2581 1571 2882 1642; x_wconf 88' lang='lat' dir='ltr'><strong>spiritualis</strong></span> <span class='ocrx_word' id='word_1_231' title='bbox 2925 1572 3226 1642; x_wconf 86' lang='lat' dir='ltr'><strong>herbarius,</strong></span> <span class='ocrx_word' id='word_1_232' title='bbox 3259 1587 3317 1632; x_wconf 76' lang='lat' dir='ltr'><strong>et</strong></span> 
     </span>
    </p>
   </div>
   <div class='ocr_carea' id='block_1_29' title="bbox 103 1661 1629 1746">
    <p class='ocr_par' dir='ltr' id='par_1_29' title="bbox 103 1666 1629 1746">
     <span class='ocr_line' id='line_1_29' title="bbox 103 1666 1629 1746; baseline 0.002 -19"><span class='ocrx_word' id='word_1_233' title='bbox 103 1675 242 1746; x_wconf 84' lang='grc' dir='ltr'><strong>θρεψέ</strong></span> <span class='ocrx_word' id='word_1_234' title='bbox 268 1691 351 1746; x_wconf 84' lang='grc' dir='ltr'><strong>με.</strong></span> <span class='ocrx_word' id='word_1_235' title='bbox 383 1694 402 1726; x_wconf 79' lang='lat' dir='ltr'><strong>t</strong></span> <span class='ocrx_word' id='word_1_236' title='bbox 435 1674 549 1727; x_wconf 75' lang='grc' dir='ltr'><strong>Καὶ</strong></span> <span class='ocrx_word' id='word_1_237' title='bbox 594 1674 623 1727; x_wconf 87' lang='lat'><strong>6</strong></span> <span class='ocrx_word' id='word_1_238' title='bbox 682 1673 908 1736; x_wconf 79' lang='grc' dir='ltr'><strong>Ἡσαΐας</strong></span> <span class='ocrx_word' id='word_1_239' title='bbox 945 1670 1004 1725; x_wconf 87' lang='grc' dir='ltr'><strong>δέ</strong></span> <span class='ocrx_word' id='word_1_240' title='bbox 1046 1686 1207 1741; x_wconf 77' lang='grc' dir='ltr'><strong>φησι’</strong></span> <span class='ocrx_word' id='word_1_241' title='bbox 1256 1687 1274 1719; x_wconf 86' lang='grc' dir='ltr'><strong>ι</strong></span> <span class='ocrx_word' id='word_1_242' title='bbox 1297 1668 1448 1722; x_wconf 83' lang='grc' dir='ltr'><strong>Λέων</strong></span> <span class='ocrx_word' id='word_1_243' title='bbox 1481 1666 1537 1720; x_wconf 82' lang='grc' dir='ltr'><strong>δὲ</strong></span> <span class='ocrx_word' id='word_1_244' title='bbox 1570 1666 1629 1730; x_wconf 68' lang='grc' dir='ltr'>ὡς</span> 
     </span>
    </p>
   </div>
   <div class='ocr_carea' id='block_1_30' title="bbox 1804 1661 3315 1746">
    <p class='ocr_par' dir='ltr' id='par_1_30' title="bbox 1808 1662 3315 1740">
     <span class='ocr_line' id='line_1_30' title="bbox 1808 1662 3315 1740; baseline 0.006 -24"><span class='ocrx_word' id='word_1_245' title='bbox 1808 1662 1889 1718; x_wconf 89' lang='lat' dir='ltr'><strong>ius</strong></span> <span class='ocrx_word' id='word_1_246' title='bbox 1927 1664 2107 1719; x_wconf 82' lang='lat' dir='ltr'><strong>fenum</strong></span> <span class='ocrx_word' id='word_1_247' title='bbox 2137 1705 2154 1730; x_wconf 91' lang='lat'><strong>,</strong></span> <span class='ocrx_word' id='word_1_248' title='bbox 2198 1674 2254 1719; x_wconf 90' lang='lat' dir='ltr'><strong>et</strong></span> <span class='ocrx_word' id='word_1_249' title='bbox 2276 1664 2506 1735; x_wconf 87' lang='lat' dir='ltr'><strong>stipula;</strong></span> <span class='ocrx_word' id='word_1_250' title='bbox 2563 1678 2684 1734; x_wconf 83' lang='lat' dir='ltr'><strong>quae</strong></span> <span class='ocrx_word' id='word_1_251' title='bbox 2729 1664 3109 1736; x_wconf 76' lang='lat' dir='ltr'><strong>signiﬁcantur</strong></span> <span class='ocrx_word' id='word_1_252' title='bbox 3127 1684 3224 1740; x_wconf 88' lang='lat' dir='ltr'><strong>per</strong></span> <span class='ocrx_word' id='word_1_253' title='bbox 3249 1682 3315 1725; x_wconf 90' lang='lat' dir='ltr'><strong>ea</strong></span> 
     </span>
    </p>
   </div>
   <div class='ocr_carea' id='block_1_31' title="bbox 104 1758 1647 1836">
    <p class='ocr_par' dir='ltr' id='par_1_31' title="bbox 104 1758 1647 1836">
     <span class='ocr_line' id='line_1_31' title="bbox 104 1758 1647 1836; baseline -0.005 -19"><span class='ocrx_word' id='word_1_254' title='bbox 104 1762 207 1835; x_wconf 79' lang='grc' dir='ltr'><strong>βοῦς</strong></span> <span class='ocrx_word' id='word_1_255' title='bbox 239 1763 426 1836; x_wconf 81' lang='grc' dir='ltr'><strong>ἄχυρον</strong></span> <span class='ocrx_word' id='word_1_256' title='bbox 455 1765 709 1833; x_wconf 84' lang='grc' dir='ltr'><strong>φάγεται.</strong></span> <span class='ocrx_word' id='word_1_257' title='bbox 744 1782 764 1815; x_wconf 76' lang='lat' dir='ltr'><strong>t</strong></span> <span class='ocrx_word' id='word_1_258' title='bbox 816 1760 977 1816; x_wconf 82' lang='grc' dir='ltr'><strong>Ἀλλὰ</strong></span> <span class='ocrx_word' id='word_1_259' title='bbox 1002 1761 1098 1816; x_wconf 77' lang='grc' dir='ltr'><strong>καὶ</strong></span> <span class='ocrx_word' id='word_1_260' title='bbox 1130 1759 1321 1833; x_wconf 84' lang='grc' dir='ltr'><strong>χόρτον</strong></span> <span class='ocrx_word' id='word_1_261' title='bbox 1355 1760 1470 1821; x_wconf 59' lang='lat' dir='ltr'><strong>tot;</strong></span> <span class='ocrx_word' id='word_1_262' title='bbox 1514 1758 1647 1829; x_wconf 75' lang='grc' dir='ltr'><strong>κτη-</strong></span> 
     </span>
    </p>
   </div>
   <div class='ocr_carea' id='block_1_32' title="bbox 1749 1753 3315 1827">
    <p class='ocr_par' dir='ltr' id='par_1_32' title="bbox 1749 1753 3315 1827">
     <span class='ocr_line' id='line_1_32' title="bbox 1749 1753 3315 1827; baseline 0.005 -19"><span class='ocrx_word' id='word_1_263' title='bbox 1749 1753 1941 1811; x_wconf 73' lang='lat' dir='ltr'><strong>Psalta:</strong></span> <span class='ocrx_word' id='word_1_264' title='bbox 1998 1756 2162 1812; x_wconf 88' lang='lat' dir='ltr'><strong>verba</strong></span> <span class='ocrx_word' id='word_1_265' title='bbox 2184 1757 2271 1811; x_wconf 80' lang='lat'><strong>“:</strong></span> <span class='ocrx_word' id='word_1_266' title='bbox 2310 1775 2329 1810; x_wconf 84' lang='grc' dir='ltr'><strong>ι</strong></span> <span class='ocrx_word' id='word_1_267' title='bbox 2358 1757 2619 1812; x_wconf 89' lang='lat' dir='ltr'><strong>Dominus</strong></span> <span class='ocrx_word' id='word_1_268' title='bbox 2655 1760 2833 1826; x_wconf 87' lang='lat' dir='ltr'><strong>pascit</strong></span> <span class='ocrx_word' id='word_1_269' title='bbox 2882 1773 3001 1827; x_wconf 92' lang='lat' dir='ltr'><strong>me,</strong></span> <span class='ocrx_word' id='word_1_270' title='bbox 3057 1769 3113 1815; x_wconf 84' lang='lat' dir='ltr'><strong>et</strong></span> <span class='ocrx_word' id='word_1_271' title='bbox 3177 1760 3315 1816; x_wconf 91' lang='lat' dir='ltr'><strong>nihil</strong></span> 
     </span>
    </p>
   </div>
   <div class='ocr_carea' id='block_1_33' title="bbox 101 1828 1629 1925">
    <p class='ocr_par' dir='ltr' id='par_1_33' title="bbox 101 1828 1629 1925">
     <span class='ocr_line' id='line_1_33' title="bbox 101 1828 1629 1925; baseline -0.005 -19"><span class='ocrx_word' id='word_1_272' title='bbox 101 1828 225 1907; x_wconf 79' lang='grc' dir='ltr'><strong>νεσιν</strong></span> <span class='ocrx_word' id='word_1_273' title='bbox 339 1828 437 1925; x_wconf 49' lang='grc' dir='ltr'>’τῷ</span> <span class='ocrx_word' id='word_1_274' title='bbox 468 1828 636 1923; x_wconf 43' lang='grc' dir='ltr'><strong>-οέχῳ</strong></span> <span class='ocrx_word' id='word_1_275' title='bbox 666 1851 766 1923; x_wconf 82' lang='grc' dir='ltr'><strong>τῆς</strong></span> <span class='ocrx_word' id='word_1_276' title='bbox 804 1851 1101 1914; x_wconf 80' lang='grc' dir='ltr'><strong>Ῥεϐέκκας</strong></span> <span class='ocrx_word' id='word_1_277' title='bbox 1131 1828 1499 1921; x_wconf 62' lang='grc' dir='ltr'><strong>τεαρατιθέασι</strong></span> <span class='ocrx_word' id='word_1_278' title='bbox 1551 1828 1629 1899; x_wconf 81' lang='grc' dir='ltr'><strong>τοῐ</strong></span> 
     </span>
    </p>
   </div>
   <div class='ocr_carea' id='block_1_34' title="bbox 1804 1828 3316 1925">
    <p class='ocr_par' dir='ltr' id='par_1_34' title="bbox 1804 1846 3316 1914">
     <span class='ocr_line' id='line_1_34' title="bbox 1804 1846 3316 1914; baseline 0.005 -13"><span class='ocrx_word' id='word_1_279' title='bbox 1804 1846 1879 1902; x_wconf 91' lang='lat' dir='ltr'><strong>ihi</strong></span> <span class='ocrx_word' id='word_1_280' title='bbox 1912 1847 2119 1914; x_wconf 86' lang='lat' dir='ltr'><strong>deerit;</strong></span> <span class='ocrx_word' id='word_1_281' title='bbox 2148 1847 2201 1902; x_wconf 91' lang='lat' dir='ltr'><strong>in</strong></span> <span class='ocrx_word' id='word_1_282' title='bbox 2230 1847 2406 1904; x_wconf 90' lang='lat' dir='ltr'><strong>locum</strong></span> <span class='ocrx_word' id='word_1_283' title='bbox 2434 1848 2618 1905; x_wconf 74' lang='lat' dir='ltr'><strong>herba:</strong></span> <span class='ocrx_word' id='word_1_284' title='bbox 2649 1850 2878 1905; x_wconf 77' lang='lat' dir='ltr'><strong>virentis</strong></span> <span class='ocrx_word' id='word_1_285' title='bbox 2919 1851 2990 1907; x_wconf 88' lang='lat' dir='ltr'><strong>ibi</strong></span> <span class='ocrx_word' id='word_1_286' title='bbox 3043 1851 3316 1910; x_wconf 86' lang='lat' dir='ltr'><strong>accubare</strong></span> 
     </span>
    </p>
   </div>
   <div class='ocr_carea' id='block_1_35' title="bbox 100 1938 1643 2017">
    <p class='ocr_par' dir='ltr' id='par_1_35' title="bbox 100 1938 1643 2017">
     <span class='ocr_line' id='line_1_35' title="bbox 100 1938 1643 2017; baseline -0.004 -17"><span class='ocrx_word' id='word_1_287' title='bbox 100 1946 260 2010; x_wconf 82' lang='grc' dir='ltr'><strong>παιδὸς</strong></span> <span class='ocrx_word' id='word_1_288' title='bbox 303 1944 412 2015; x_wconf 74' lang='grc'><strong>(54)</strong></span> <span class='ocrx_word' id='word_1_289' title='bbox 474 1944 748 2016; x_wconf 74' lang='grc' dir='ltr'><strong>Ἀδραάμ.</strong></span> <span class='ocrx_word' id='word_1_290' title='bbox 800 1943 926 1997; x_wconf 84' lang='grc' dir='ltr'><strong>Ἐάν</strong></span> <span class='ocrx_word' id='word_1_291' title='bbox 965 1942 1023 1996; x_wconf 85' lang='grc' dir='ltr'><strong>δέ</strong></span> <span class='ocrx_word' id='word_1_292' title='bbox 1067 1938 1211 2017; x_wconf 79' lang='grc' dir='ltr'><strong>τιςῇ</strong></span> <span class='ocrx_word' id='word_1_293' title='bbox 1245 1940 1603 2011; x_wconf 84' lang='grc' dir='ltr'><strong>λογικώτερος</strong></span> <span class='ocrx_word' id='word_1_294' title='bbox 1628 1977 1643 2002; x_wconf 87' lang='grc'><strong>,</strong></span> 
     </span>
    </p>
   </div>
   <div class='ocr_carea' id='block_1_36' title="bbox 103 2031 1646 2108">
    <p class='ocr_par' dir='ltr' id='par_1_36' title="bbox 103 2031 1646 2108">
     <span class='ocr_line' id='line_1_36' title="bbox 103 2031 1646 2108; baseline -0.005 -15"><span class='ocrx_word' id='word_1_295' title='bbox 103 2041 181 2093; x_wconf 80' lang='grc' dir='ltr'><strong>καὶ</strong></span> <span class='ocrx_word' id='word_1_296' title='bbox 203 2040 282 2093; x_wconf 77' lang='grc' dir='ltr'><strong>διὰ</strong></span> <span class='ocrx_word' id='word_1_297' title='bbox 306 2039 458 2093; x_wconf 81' lang='grc' dir='ltr'><strong>τοῦτο</strong></span> <span class='ocrx_word' id='word_1_298' title='bbox 487 2040 587 2093; x_wconf 74' lang='grc' dir='ltr'><strong>καὶ</strong></span> <span class='ocrx_word' id='word_1_299' title='bbox 621 2035 810 2108; x_wconf 83' lang='grc' dir='ltr'><strong>νοητὸς</strong></span> <span class='ocrx_word' id='word_1_300' title='bbox 845 2034 941 2089; x_wconf 80' lang='grc' dir='ltr'><strong>ἄνθ</strong></span> <span class='ocrx_word' id='word_1_301' title='bbox 951 2052 1153 2108; x_wconf 82' lang='grc' dir='ltr'><strong>ρωπος,</strong></span> <span class='ocrx_word' id='word_1_302' title='bbox 1184 2034 1279 2088; x_wconf 73' lang='grc' dir='ltr'><strong>καὶ</strong></span> <span class='ocrx_word' id='word_1_303' title='bbox 1308 2032 1496 2103; x_wconf 84' lang='grc' dir='ltr'><strong>νοητὸν</strong></span> <span class='ocrx_word' id='word_1_304' title='bbox 1547 2031 1646 2103; x_wconf 83' lang='grc' dir='ltr'><strong>άρ-</strong></span> 
     </span>
    </p>
   </div>
   <div class='ocr_carea' id='block_1_37' title="bbox 98 2123 1643 2200">
    <p class='ocr_par' dir='ltr' id='par_1_37' title="bbox 98 2123 1643 2200">
     <span class='ocr_line' id='line_1_37' title="bbox 98 2123 1643 2200; baseline -0.007 -15"><span class='ocrx_word' id='word_1_305' title='bbox 98 2147 173 2184; x_wconf 79' lang='grc' dir='ltr'><strong>τον</strong></span> <span class='ocrx_word' id='word_1_306' title='bbox 197 2130 371 2198; x_wconf 67' lang='grc' dir='ltr'><strong>ἐσθίει,</strong></span> <span class='ocrx_word' id='word_1_307' title='bbox 398 2130 473 2194; x_wconf 86' lang='grc' dir='ltr'><strong>ὡς</strong></span> <span class='ocrx_word' id='word_1_308' title='bbox 501 2131 563 2182; x_wconf 83' lang='grc' dir='ltr'><strong>ὲν</strong></span> <span class='ocrx_word' id='word_1_309' title='bbox 659 2127 912 2200; x_wconf 76' lang='grc' dir='ltr'><strong>Ψαλμοῖς</strong></span> <span class='ocrx_word' id='word_1_310' title='bbox 995 2126 1301 2198; x_wconf 86' lang='grc' dir='ltr'><strong>γέγραπται</strong></span> <span class='ocrx_word' id='word_1_311' title='bbox 1329 2141 1341 2155; x_wconf 91' lang='grc'><strong>·</strong></span> <span class='ocrx_word' id='word_1_312' title='bbox 1387 2141 1407 2174; x_wconf 85' lang='grc' dir='ltr'><strong>ι</strong></span> <span class='ocrx_word' id='word_1_313' title='bbox 1444 2123 1643 2195; x_wconf 81' lang='grc' dir='ltr'><strong>Ἀρτος</strong></span> 
     </span>
    </p>
   </div>
   <div class='ocr_carea' id='block_1_38' title="bbox 99 2214 1643 2296">
    <p class='ocr_par' dir='ltr' id='par_1_38' title="bbox 99 2214 1643 2296">
     <span class='ocr_line' id='line_1_38' title="bbox 99 2214 1643 2296; baseline -0.006 -19"><span class='ocrx_word' id='word_1_314' title='bbox 99 2223 313 2295; x_wconf 73' lang='grc' dir='ltr'><strong>στηρίξει</strong></span> <span class='ocrx_word' id='word_1_315' title='bbox 350 2222 576 2296; x_wconf 83' lang='grc' dir='ltr'><strong>καρδίαν</strong></span> <span class='ocrx_word' id='word_1_316' title='bbox 624 2218 946 2293; x_wconf 85' lang='grc' dir='ltr'><strong>ἀνθρώπου,</strong></span> <span class='ocrx_word' id='word_1_317' title='bbox 983 2238 1003 2273; x_wconf 73' lang='grc' dir='ltr'><strong>ι</strong></span> <span class='ocrx_word' id='word_1_318' title='bbox 1043 2220 1139 2274; x_wconf 76' lang='grc' dir='ltr'><strong>καὶ</strong></span> <span class='ocrx_word' id='word_1_319' title='bbox 1181 2217 1261 2290; x_wconf 80' lang='grc' dir='ltr'><strong>τῷ</strong></span> <span class='ocrx_word' id='word_1_320' title='bbox 1310 2214 1485 2289; x_wconf 86' lang='grc' dir='ltr'><strong>νοητῷ</strong></span> <span class='ocrx_word' id='word_1_321' title='bbox 1514 2215 1643 2286; x_wconf 71' lang='grc' dir='ltr'><strong>οϊνῳ</strong></span> 
     </span>
    </p>
   </div>
   <div class='ocr_carea' id='block_1_39' title="bbox 98 2304 1639 2388">
    <p class='ocr_par' dir='ltr' id='par_1_39' title="bbox 98 2304 1639 2388">
     <span class='ocr_line' id='line_1_39' title="bbox 98 2304 1639 2388; baseline -0.007 -19"><span class='ocrx_word' id='word_1_322' title='bbox 98 2316 412 2388; x_wconf 79' lang='grc' dir='ltr'><strong>εὐφραίνεται</strong></span> <span class='ocrx_word' id='word_1_323' title='bbox 453 2316 559 2368; x_wconf 81' lang='grc' dir='ltr'><strong>οὐκ</strong></span> <span class='ocrx_word' id='word_1_324' title='bbox 586 2311 745 2385; x_wconf 75' lang='grc' dir='ltr'><strong>άλλος</strong></span> <span class='ocrx_word' id='word_1_325' title='bbox 777 2313 810 2385; x_wconf 82' lang='grc' dir='ltr'>ἢ</span> <span class='ocrx_word' id='word_1_326' title='bbox 842 2312 1126 2384; x_wconf 81' lang='grc' dir='ltr'><strong>ἄνθρωπος</strong></span> <span class='ocrx_word' id='word_1_327' title='bbox 1147 2329 1160 2342; x_wconf 79' lang='grc' dir='ltr'><strong>ο</strong></span> <span class='ocrx_word' id='word_1_328' title='bbox 1207 2329 1226 2361; x_wconf 86' lang='grc' dir='ltr'><strong>ι</strong></span> <span class='ocrx_word' id='word_1_329' title='bbox 1267 2304 1423 2373; x_wconf 80' lang='grc' dir='ltr'><strong>υἷνος</strong></span> <span class='ocrx_word' id='word_1_330' title='bbox 1455 2327 1475 2359; x_wconf 71' lang='grc' dir='ltr'><strong>ι</strong></span> <span class='ocrx_word' id='word_1_331' title='bbox 1530 2306 1639 2379; x_wconf 83' lang='grc' dir='ltr'><strong>γὰρ</strong></span> 
     </span>
    </p>
   </div>
   <div class='ocr_carea' id='block_1_40' title="bbox 101 2397 1640 2482">
    <p class='ocr_par' dir='ltr' id='par_1_40' title="bbox 101 2397 1640 2482">
     <span class='ocr_line' id='line_1_40' title="bbox 101 2397 1640 2482; baseline -0.005 -21"><span class='ocrx_word' id='word_1_332' title='bbox 101 2428 118 2461; x_wconf 79' lang='grc' dir='ltr'><strong>ι</strong></span> <span class='ocrx_word' id='word_1_333' title='bbox 143 2410 399 2482; x_wconf 82' lang='grc' dir='ltr'><strong>εὐφραίνει</strong></span> <span class='ocrx_word' id='word_1_334' title='bbox 419 2408 648 2481; x_wconf 79' lang='grc' dir='ltr'><strong>καρδίαν</strong></span> <span class='ocrx_word' id='word_1_335' title='bbox 677 2404 987 2480; x_wconf 83' lang='grc' dir='ltr'><strong>ἀνθρώπου.</strong></span> <span class='ocrx_word' id='word_1_336' title='bbox 1026 2423 1045 2456; x_wconf 81' lang='lat' dir='ltr'><strong>t</strong></span> <span class='ocrx_word' id='word_1_337' title='bbox 1090 2401 1413 2458; x_wconf 79' lang='grc' dir='ltr'><strong>’Δναϐατέον</strong></span> <span class='ocrx_word' id='word_1_338' title='bbox 1460 2399 1517 2455; x_wconf 79' lang='grc' dir='ltr'><strong>δὲ</strong></span> <span class='ocrx_word' id='word_1_339' title='bbox 1560 2397 1640 2468; x_wconf 82' lang='grc' dir='ltr'><strong>τῷ</strong></span> 
     </span>
    </p>
   </div>
   <div class='ocr_carea' id='block_1_41' title="bbox 95 2492 1639 2574">
    <p class='ocr_par' dir='ltr' id='par_1_41' title="bbox 95 2492 1639 2574">
     <span class='ocr_line' id='line_1_41' title="bbox 95 2492 1639 2574; baseline -0.007 -18"><span class='ocrx_word' id='word_1_340' title='bbox 95 2500 218 2574; x_wconf 80' lang='grc' dir='ltr'><strong>λόγῳ</strong></span> <span class='ocrx_word' id='word_1_341' title='bbox 247 2502 350 2555; x_wconf 82' lang='grc' dir='ltr'>ἀπὸ</span> <span class='ocrx_word' id='word_1_342' title='bbox 376 2500 485 2554; x_wconf 84' lang='grc' dir='ltr'><strong>τῶν</strong></span> <span class='ocrx_word' id='word_1_343' title='bbox 524 2500 737 2569; x_wconf 82' lang='grc' dir='ltr'><strong>ἀλόγων</strong></span> <span class='ocrx_word' id='word_1_344' title='bbox 782 2499 879 2552; x_wconf 78' lang='grc' dir='ltr'><strong>καὶ</strong></span> <span class='ocrx_word' id='word_1_345' title='bbox 929 2496 1039 2550; x_wconf 84' lang='grc' dir='ltr'><strong>τῶν</strong></span> <span class='ocrx_word' id='word_1_346' title='bbox 1071 2493 1373 2567; x_wconf 85' lang='grc' dir='ltr'><strong>ἀνθρώπων</strong></span> <span class='ocrx_word' id='word_1_347' title='bbox 1414 2493 1509 2548; x_wconf 76' lang='grc' dir='ltr'><strong>καὶ</strong></span> <span class='ocrx_word' id='word_1_348' title='bbox 1548 2492 1639 2545; x_wconf 75' lang='grc' dir='ltr'><strong>ἐπὶ</strong></span> 
     </span>
    </p>
   </div>
   <div class='ocr_carea' id='block_1_42' title="bbox 94 2581 1636 2662">
    <p class='ocr_par' dir='ltr' id='par_1_42' title="bbox 94 2581 1636 2662">
     <span class='ocr_line' id='line_1_42' title="bbox 94 2581 1636 2662; baseline -0.008 -17"><span class='ocrx_word' id='word_1_349' title='bbox 94 2592 202 2655; x_wconf 80' lang='grc' dir='ltr'><strong>τοὺς</strong></span> <span class='ocrx_word' id='word_1_350' title='bbox 247 2591 502 2662; x_wconf 80' lang='grc' dir='ltr'><strong>ἀγγέλους</strong></span> <span class='ocrx_word' id='word_1_351' title='bbox 533 2590 630 2644; x_wconf 72' lang='grc' dir='ltr'><strong>καὶ</strong></span> <span class='ocrx_word' id='word_1_352' title='bbox 657 2590 854 2652; x_wconf 74' lang='grc' dir='ltr'><strong>αὐτοὺς</strong></span> <span class='ocrx_word' id='word_1_353' title='bbox 882 2584 1247 2659; x_wconf 83' lang='grc' dir='ltr'><strong>τρεφομένους</strong></span> <span class='ocrx_word' id='word_1_354' title='bbox 1266 2602 1278 2613; x_wconf 94' lang='grc'><strong>·</strong></span> <span class='ocrx_word' id='word_1_355' title='bbox 1309 2584 1371 2636; x_wconf 83' lang='grc' dir='ltr'><strong>οὐ</strong></span> <span class='ocrx_word' id='word_1_356' title='bbox 1398 2581 1506 2654; x_wconf 90' lang='grc' dir='ltr'><strong>γάρ</strong></span> <span class='ocrx_word' id='word_1_357' title='bbox 1531 2581 1636 2635; x_wconf 90' lang='grc' dir='ltr'><strong>είσι</strong></span> 
     </span>
    </p>
   </div>
   <div class='ocr_carea' id='block_1_43' title="bbox 97 2674 1638 2756">
    <p class='ocr_par' dir='ltr' id='par_1_43' title="bbox 97 2674 1638 2756">
     <span class='ocr_line' id='line_1_43' title="bbox 97 2674 1638 2756; baseline -0.009 -17"><span class='ocrx_word' id='word_1_358' title='bbox 97 2685 247 2756; x_wconf 81' lang='grc' dir='ltr'><strong>πάντη</strong></span> <span class='ocrx_word' id='word_1_359' title='bbox 279 2683 560 2748; x_wconf 82' lang='grc' dir='ltr'><strong>ἀνενδεεῖς.</strong></span> <span class='ocrx_word' id='word_1_360' title='bbox 608 2702 627 2734; x_wconf 82' lang='grc' dir='ltr'><strong>ι</strong></span> <span class='ocrx_word' id='word_1_361' title='bbox 654 2685 852 2754; x_wconf 81' lang='grc' dir='ltr'><strong>Ἀρτον</strong></span> <span class='ocrx_word' id='word_1_362' title='bbox 880 2698 897 2731; x_wconf 81' lang='lat' dir='ltr'><strong>t</strong></span> <span class='ocrx_word' id='word_1_363' title='bbox 935 2678 1066 2747; x_wconf 86' lang='grc' dir='ltr'><strong>γοῦν</strong></span> <span class='ocrx_word' id='word_1_364' title='bbox 1106 2695 1124 2728; x_wconf 83' lang='grc' dir='ltr'><strong>ι</strong></span> <span class='ocrx_word' id='word_1_365' title='bbox 1146 2674 1391 2746; x_wconf 86' lang='grc' dir='ltr'><strong>ἀγγέλων</strong></span> <span class='ocrx_word' id='word_1_366' title='bbox 1434 2674 1638 2743; x_wconf 73' lang='grc' dir='ltr'><strong>ἔφαγεν</strong></span> 
     </span>
    </p>
   </div>
   <div class='ocr_carea' id='block_1_44' title="bbox 94 2764 1639 2849">
    <p class='ocr_par' dir='ltr' id='par_1_44' title="bbox 94 2764 1639 2849">
     <span class='ocr_line' id='line_1_44' title="bbox 94 2764 1639 2849; baseline -0.01 -16"><span class='ocrx_word' id='word_1_367' title='bbox 94 2776 364 2849; x_wconf 74' lang='grc' dir='ltr'><strong>ἄνθρωπος·</strong></span> <span class='ocrx_word' id='word_1_368' title='bbox 405 2795 423 2827; x_wconf 80' lang='lat' dir='ltr'><strong>t</strong></span> <span class='ocrx_word' id='word_1_369' title='bbox 455 2774 728 2847; x_wconf 80' lang='grc' dir='ltr'><strong>μακάριός</strong></span> <span class='ocrx_word' id='word_1_370' title='bbox 772 2788 837 2842; x_wconf 88' lang='grc' dir='ltr'><strong>γε</strong></span> <span class='ocrx_word' id='word_1_371' title='bbox 873 2772 902 2825; x_wconf 88' lang='lat'><strong>6</strong></span> <span class='ocrx_word' id='word_1_372' title='bbox 944 2766 1194 2841; x_wconf 75' lang='grc' dir='ltr'><strong>Ἀϐραὰμ</strong></span> <span class='ocrx_word' id='word_1_373' title='bbox 1246 2764 1493 2837; x_wconf 75' lang='grc' dir='ltr'><strong>δυνηθεὶς</strong></span> <span class='ocrx_word' id='word_1_374' title='bbox 1523 2766 1639 2828; x_wconf 88' lang='grc' dir='ltr'><strong>τοῖς</strong></span> 
     </span>
    </p>
   </div>
   <div class='ocr_carea' id='block_1_45' title="bbox 98 2858 1636 2955">
    <p class='ocr_par' dir='ltr' id='par_1_45' title="bbox 98 2858 1636 2955">
     <span class='ocr_line' id='line_1_45' title="bbox 98 2858 1636 2955; baseline -0.01 -32"><span class='ocrx_word' id='word_1_375' title='bbox 98 2870 399 2955; x_wconf 56' lang='grc' dir='ltr'><strong>ἱξτιφανεῖσιν</strong></span> <span class='ocrx_word' id='word_1_376' title='bbox 427 2866 581 2938; x_wconf 87' lang='grc' dir='ltr'><strong>αὐτῷ</strong></span> <span class='ocrx_word' id='word_1_377' title='bbox 611 2866 790 2938; x_wconf 74' lang='grc' dir='ltr'><strong>τρισὶν</strong></span> <span class='ocrx_word' id='word_1_378' title='bbox 838 2860 1143 2935; x_wconf 74' lang='grc' dir='ltr'><strong>ἐγκρυφίας</strong></span> <span class='ocrx_word' id='word_1_379' title='bbox 1175 2858 1419 2930; x_wconf 81' lang='grc' dir='ltr'><strong>ἀζύμους</strong></span> <span class='ocrx_word' id='word_1_380' title='bbox 1454 2872 1636 2928; x_wconf 81' lang='grc' dir='ltr'><strong>παρα-</strong></span> 
     </span>
    </p>
   </div>
   <div class='ocr_carea' id='block_1_46' title="bbox 97 2959 266 3015">
    <p class='ocr_par' dir='ltr' id='par_1_46' title="bbox 97 2959 266 3015">
     <span class='ocr_line' id='line_1_46' title="bbox 97 2959 266 3015; baseline 0.006 -1"><span class='ocrx_word' id='word_1_381' title='bbox 97 2959 266 3015; x_wconf 80' lang='grc' dir='ltr'><strong>θεῖναι.</strong></span> 
     </span>
    </p>
   </div>
   <div class='ocr_carea' id='block_1_47' title="bbox 1747 1938 3311 2012">
    <p class='ocr_par' dir='ltr' id='par_1_47' title="bbox 1747 1938 3311 2012">
     <span class='ocr_line' id='line_1_47' title="bbox 1747 1938 3311 2012; baseline 0.006 -21"><span class='ocrx_word' id='word_1_382' title='bbox 1747 1952 1832 1992; x_wconf 92' lang='lat' dir='ltr'><strong>me</strong></span> <span class='ocrx_word' id='word_1_383' title='bbox 1861 1938 1991 1993; x_wconf 80' lang='lat' dir='ltr'><strong>fecit</strong></span> <span class='ocrx_word' id='word_1_384' title='bbox 2020 1957 2034 1993; x_wconf 91' lang='lat'><strong>:</strong></span> <span class='ocrx_word' id='word_1_385' title='bbox 2070 1954 2232 2009; x_wconf 82' lang='lat' dir='ltr'><strong>super</strong></span> <span class='ocrx_word' id='word_1_386' title='bbox 2277 1954 2472 2010; x_wconf 89' lang='lat' dir='ltr'><strong>aquam</strong></span> <span class='ocrx_word' id='word_1_387' title='bbox 2503 1938 2950 1997; x_wconf 79' lang='lat' dir='ltr'><strong>refocillationem</strong></span> <span class='ocrx_word' id='word_1_388' title='bbox 2978 1944 3311 2012; x_wconf 67' lang='lat' dir='ltr'><strong>praebentem</strong></span> 
     </span>
    </p>
   </div>
   <div class='ocr_carea' id='block_1_48' title="bbox 1745 2029 3314 2100">
    <p class='ocr_par' dir='ltr' id='par_1_48' title="bbox 1745 2029 3314 2100">
     <span class='ocr_line' id='line_1_48' title="bbox 1745 2029 3314 2100; baseline 0.007 -17"><span class='ocrx_word' id='word_1_389' title='bbox 1745 2029 1975 2084; x_wconf 79' lang='lat' dir='ltr'><strong>nutrivit</strong></span> <span class='ocrx_word' id='word_1_390' title='bbox 2006 2045 2110 2084; x_wconf 90' lang='lat' dir='ltr'><strong>me.</strong></span> <span class='ocrx_word' id='word_1_391' title='bbox 2141 2049 2159 2082; x_wconf 74' lang='grc' dir='ltr'><strong>ι</strong></span> <span class='ocrx_word' id='word_1_392' title='bbox 2202 2033 2374 2100; x_wconf 78' lang='lat' dir='ltr'><strong>Atque</strong></span> <span class='ocrx_word' id='word_1_393' title='bbox 2399 2032 2564 2087; x_wconf 80' lang='lat' dir='ltr'><strong>etiam</strong></span> <span class='ocrx_word' id='word_1_394' title='bbox 2591 2032 2754 2090; x_wconf 88' lang='lat' dir='ltr'><strong>Isaias</strong></span> <span class='ocrx_word' id='word_1_395' title='bbox 2783 2033 2860 2088; x_wconf 85' lang='lat' dir='ltr'><strong>ait</strong></span> <span class='ocrx_word' id='word_1_396' title='bbox 2891 2051 2908 2088; x_wconf 92' lang='lat'><strong>:</strong></span> <span class='ocrx_word' id='word_1_397' title='bbox 2939 2051 2960 2086; x_wconf 77' lang='grc' dir='ltr'><strong>ι</strong></span> <span class='ocrx_word' id='word_1_398' title='bbox 2989 2033 3100 2091; x_wconf 89' lang='lat' dir='ltr'><strong>Leo</strong></span> <span class='ocrx_word' id='word_1_399' title='bbox 3131 2048 3314 2094; x_wconf 70' lang='lat' dir='ltr'><strong>autem</strong></span> 
     </span>
    </p>
   </div>
   <div class='ocr_carea' id='block_1_49' title="bbox 1744 2120 3311 2191">
    <p class='ocr_par' dir='ltr' id='par_1_49' title="bbox 1744 2120 3311 2191">
     <span class='ocr_line' id='line_1_49' title="bbox 1744 2120 3311 2191; baseline 0.006 -17"><span class='ocrx_word' id='word_1_400' title='bbox 1744 2131 1803 2174; x_wconf 85' lang='grc' dir='ltr'><strong>ιιι</strong></span> <span class='ocrx_word' id='word_1_401' title='bbox 1846 2120 1947 2174; x_wconf 88' lang='lat' dir='ltr'><strong>hos</strong></span> <span class='ocrx_word' id='word_1_402' title='bbox 2006 2120 2194 2190; x_wconf 82' lang='lat' dir='ltr'><strong>paleas</strong></span> <span class='ocrx_word' id='word_1_403' title='bbox 2244 2122 2490 2178; x_wconf 88' lang='lat' dir='ltr'><strong>comedet</strong></span> <span class='ocrx_word' id='word_1_404' title='bbox 2530 2122 2642 2181; x_wconf 82' lang='lat' dir='ltr'><strong>&quot;.t</strong></span> <span class='ocrx_word' id='word_1_405' title='bbox 2706 2122 2846 2191; x_wconf 83' lang='lat' dir='ltr'><strong>Quin</strong></span> <span class='ocrx_word' id='word_1_406' title='bbox 2899 2126 3065 2181; x_wconf 87' lang='lat' dir='ltr'><strong>etiam</strong></span> <span class='ocrx_word' id='word_1_407' title='bbox 3126 2126 3311 2183; x_wconf 79' lang='lat' dir='ltr'><strong>fenum</strong></span> 
     </span>
    </p>
   </div>
   <div class='ocr_carea' id='block_1_50' title="bbox 1737 2210 3313 2291">
    <p class='ocr_par' dir='ltr' id='par_1_50' title="bbox 1737 2210 3313 2291">
     <span class='ocr_line' id='line_1_50' title="bbox 1737 2210 3313 2291; baseline 0.008 -28"><span class='ocrx_word' id='word_1_408' title='bbox 1737 2210 2000 2281; x_wconf 74' lang='lat' dir='ltr'><strong>iumentis</strong></span> <span class='ocrx_word' id='word_1_409' title='bbox 2056 2213 2108 2265; x_wconf 91' lang='lat' dir='ltr'><strong>in</strong></span> <span class='ocrx_word' id='word_1_410' title='bbox 2161 2212 2320 2267; x_wconf 89' lang='lat' dir='ltr'><strong>domo</strong></span> <span class='ocrx_word' id='word_1_411' title='bbox 2348 2212 2608 2270; x_wconf 70' lang='lat' dir='ltr'><strong>Rebeccae</strong></span> <span class='ocrx_word' id='word_1_412' title='bbox 2667 2215 2830 2288; x_wconf 66' lang='grc'><strong>244</strong></span> <span class='ocrx_word' id='word_1_413' title='bbox 2874 2216 3110 2273; x_wconf 83' lang='lat' dir='ltr'><strong>Abrahae</strong></span> <span class='ocrx_word' id='word_1_414' title='bbox 3161 2223 3313 2291; x_wconf 88' lang='lat' dir='ltr'><strong>pueri</strong></span> 
     </span>
    </p>
   </div>
   <div class='ocr_carea' id='block_1_51' title="bbox 1743 2302 3317 2380">
    <p class='ocr_par' dir='ltr' id='par_1_51' title="bbox 1743 2302 3317 2380">
     <span class='ocr_line' id='line_1_51' title="bbox 1743 2302 3317 2380; baseline 0.009 -24"><span class='ocrx_word' id='word_1_415' title='bbox 1743 2313 2025 2374; x_wconf 89' lang='lat' dir='ltr'><strong>apponunt</strong></span> <span class='ocrx_word' id='word_1_416' title='bbox 2051 2304 2111 2358; x_wconf 81' lang='grc'><strong>¹⁸.</strong></span> <span class='ocrx_word' id='word_1_417' title='bbox 2147 2302 2300 2370; x_wconf 88' lang='lat' dir='ltr'><strong>Quod</strong></span> <span class='ocrx_word' id='word_1_418' title='bbox 2342 2304 2388 2361; x_wconf 88' lang='lat' dir='ltr'><strong>si</strong></span> <span class='ocrx_word' id='word_1_419' title='bbox 2438 2307 2561 2377; x_wconf 89' lang='lat' dir='ltr'><strong>quis</strong></span> <span class='ocrx_word' id='word_1_420' title='bbox 2597 2306 2975 2364; x_wconf 86' lang='lat' dir='ltr'><strong>rationabilior</strong></span> <span class='ocrx_word' id='word_1_421' title='bbox 3021 2310 3204 2380; x_wconf 83' lang='lat' dir='ltr'><strong>fuerit,</strong></span> <span class='ocrx_word' id='word_1_422' title='bbox 3260 2325 3317 2369; x_wconf 90' lang='lat' dir='ltr'><strong>et</strong></span> 
     </span>
    </p>
   </div>
   <div class='ocr_carea' id='block_1_52' title="bbox 1743 2395 3312 2476">
    <p class='ocr_par' dir='ltr' id='par_1_52' title="bbox 1743 2395 3312 2476">
     <span class='ocr_line' id='line_1_52' title="bbox 1743 2395 3312 2476; baseline 0.01 -29"><span class='ocrx_word' id='word_1_423' title='bbox 1743 2395 1885 2449; x_wconf 88' lang='lat' dir='ltr'><strong>hanc</strong></span> <span class='ocrx_word' id='word_1_424' title='bbox 1907 2395 2074 2450; x_wconf 88' lang='lat' dir='ltr'><strong>etiam</strong></span> <span class='ocrx_word' id='word_1_425' title='bbox 2106 2396 2176 2452; x_wconf 91' lang='lat' dir='ltr'><strong>ob</strong></span> <span class='ocrx_word' id='word_1_426' title='bbox 2199 2410 2420 2452; x_wconf 79' lang='lat' dir='ltr'><strong>causam</strong></span> <span class='ocrx_word' id='word_1_427' title='bbox 2449 2398 2805 2469; x_wconf 85' lang='lat' dir='ltr'><strong>intelligihilis</strong></span> <span class='ocrx_word' id='word_1_428' title='bbox 2862 2401 3024 2458; x_wconf 88' lang='lat' dir='ltr'><strong>homo</strong></span> <span class='ocrx_word' id='word_1_429' title='bbox 3047 2446 3063 2473; x_wconf 92' lang='lat'><strong>,</strong></span> <span class='ocrx_word' id='word_1_430' title='bbox 3118 2419 3312 2476; x_wconf 88' lang='lat' dir='ltr'><strong>panem</strong></span> 
     </span>
    </p>
   </div>
   <div class='ocr_carea' id='block_1_53' title="bbox 1745 2484 3315 2568">
    <p class='ocr_par' dir='ltr' id='par_1_53' title="bbox 1745 2484 3315 2568">
     <span class='ocr_line' id='line_1_53' title="bbox 1745 2484 3315 2568; baseline 0.01 -30"><span class='ocrx_word' id='word_1_431' title='bbox 1745 2484 2141 2555; x_wconf 80' lang='lat' dir='ltr'><strong>intelligibilem</strong></span> <span class='ocrx_word' id='word_1_432' title='bbox 2194 2488 2517 2557; x_wconf 87' lang='lat' dir='ltr'><strong>manducat,</strong></span> <span class='ocrx_word' id='word_1_433' title='bbox 2547 2491 3003 2562; x_wconf 87' lang='lat' dir='ltr'><strong>quemadmodum</strong></span> <span class='ocrx_word' id='word_1_434' title='bbox 3050 2497 3315 2568; x_wconf 85' lang='lat' dir='ltr'><strong>scriptum</strong></span> 
     </span>
    </p>
   </div>
   <div class='ocr_carea' id='block_1_54' title="bbox 1738 2578 3306 2655">
    <p class='ocr_par' dir='ltr' id='par_1_54' title="bbox 1738 2578 3306 2655">
     <span class='ocr_line' id='line_1_54' title="bbox 1738 2578 3306 2655; baseline 0.008 -24"><span class='ocrx_word' id='word_1_435' title='bbox 1738 2589 1823 2633; x_wconf 75' lang='lat' dir='ltr'><strong>ost</strong></span> <span class='ocrx_word' id='word_1_436' title='bbox 1850 2578 1902 2632; x_wconf 94' lang='lat' dir='ltr'><strong>in</strong></span> <span class='ocrx_word' id='word_1_437' title='bbox 1932 2578 2161 2636; x_wconf 87' lang='lat' dir='ltr'><strong>Psalmis</strong></span> <span class='ocrx_word' id='word_1_438' title='bbox 2198 2579 2242 2612; x_wconf 82' lang='lat'>“</span> <span class='ocrx_word' id='word_1_439' title='bbox 2266 2598 2279 2633; x_wconf 91' lang='lat'><strong>:</strong></span> <span class='ocrx_word' id='word_1_440' title='bbox 2307 2598 2326 2632; x_wconf 74' lang='grc' dir='ltr'><strong>ι</strong></span> <span class='ocrx_word' id='word_1_441' title='bbox 2355 2579 2517 2637; x_wconf 85' lang='lat' dir='ltr'><strong>Panis</strong></span> <span class='ocrx_word' id='word_1_442' title='bbox 2543 2585 2848 2641; x_wconf 88' lang='lat' dir='ltr'><strong>consolidat</strong></span> <span class='ocrx_word' id='word_1_443' title='bbox 2870 2602 2965 2642; x_wconf 89' lang='lat' dir='ltr'><strong>eor</strong></span> <span class='ocrx_word' id='word_1_444' title='bbox 2997 2588 3255 2655; x_wconf 79' lang='lat' dir='ltr'><strong>hominis,</strong></span> <span class='ocrx_word' id='word_1_445' title='bbox 3286 2610 3306 2643; x_wconf 74' lang='grc' dir='ltr'><strong><em>ι</em></strong></span> 
     </span>
    </p>
   </div>
   <div class='ocr_carea' id='block_1_55' title="bbox 1741 2671 3317 2748">
    <p class='ocr_par' dir='ltr' id='par_1_55' title="bbox 1741 2671 3317 2748">
     <span class='ocr_line' id='line_1_55' title="bbox 1741 2671 3317 2748; baseline 0.011 -26"><span class='ocrx_word' id='word_1_446' title='bbox 1741 2678 1799 2723; x_wconf 87' lang='lat' dir='ltr'><strong>et</strong></span> <span class='ocrx_word' id='word_1_447' title='bbox 1830 2671 1961 2726; x_wconf 89' lang='lat' dir='ltr'><strong>vino</strong></span> <span class='ocrx_word' id='word_1_448' title='bbox 1997 2671 2321 2744; x_wconf 86' lang='lat' dir='ltr'><strong>intelligibili</strong></span> <span class='ocrx_word' id='word_1_449' title='bbox 2355 2687 2462 2729; x_wconf 92' lang='lat' dir='ltr'><strong>non</strong></span> <span class='ocrx_word' id='word_1_450' title='bbox 2493 2675 2633 2731; x_wconf 89' lang='lat' dir='ltr'><strong>alius</strong></span> <span class='ocrx_word' id='word_1_451' title='bbox 2685 2692 2848 2748; x_wconf 88' lang='lat' dir='ltr'><strong>quam</strong></span> <span class='ocrx_word' id='word_1_452' title='bbox 2883 2678 3046 2734; x_wconf 91' lang='lat' dir='ltr'><strong>homo</strong></span> <span class='ocrx_word' id='word_1_453' title='bbox 3078 2679 3317 2738; x_wconf 87' lang='lat' dir='ltr'><strong>oblecta-</strong></span> 
     </span>
    </p>
   </div>
   <div class='ocr_carea' id='block_1_56' title="bbox 1743 2763 3312 2830">
    <p class='ocr_par' dir='ltr' id='par_1_56' title="bbox 1743 2763 3312 2830">
     <span class='ocr_line' id='line_1_56' title="bbox 1743 2763 3312 2830; baseline 0.01 -17"><span class='ocrx_word' id='word_1_454' title='bbox 1743 2770 1832 2816; x_wconf 79' lang='lat' dir='ltr'><strong>tur</strong></span> <span class='ocrx_word' id='word_1_455' title='bbox 1862 2780 1877 2815; x_wconf 72' lang='grc' dir='ltr'><strong>τ</strong></span> <span class='ocrx_word' id='word_1_456' title='bbox 1913 2781 1932 2814; x_wconf 85' lang='grc' dir='ltr'><strong>ι</strong></span> <span class='ocrx_word' id='word_1_457' title='bbox 1962 2763 2163 2818; x_wconf 81' lang='lat' dir='ltr'><strong>Vinum</strong></span> <span class='ocrx_word' id='word_1_458' title='bbox 2195 2783 2216 2817; x_wconf 72' lang='grc' dir='ltr'><strong>ι</strong></span> <span class='ocrx_word' id='word_1_459' title='bbox 2253 2764 2400 2821; x_wconf 89' lang='lat' dir='ltr'><strong>enim</strong></span> <span class='ocrx_word' id='word_1_460' title='bbox 2448 2785 2467 2818; x_wconf 82' lang='grc' dir='ltr'><strong>ι</strong></span> <span class='ocrx_word' id='word_1_461' title='bbox 2495 2766 2735 2824; x_wconf 71' lang='lat' dir='ltr'><strong>laetiﬁcat</strong></span> <span class='ocrx_word' id='word_1_462' title='bbox 2787 2786 2883 2826; x_wconf 90' lang='lat' dir='ltr'><strong>cor</strong></span> <span class='ocrx_word' id='word_1_463' title='bbox 2922 2771 3157 2828; x_wconf 86' lang='lat' dir='ltr'><strong>hominis</strong></span> <span class='ocrx_word' id='word_1_464' title='bbox 3185 2775 3251 2830; x_wconf 76' lang='grc'><strong>⁸⁸.</strong></span> <span class='ocrx_word' id='word_1_465' title='bbox 3290 2794 3312 2829; x_wconf 76' lang='lat' dir='ltr'><strong>t</strong></span> 
     </span>
    </p>
   </div>
   <div class='ocr_carea' id='block_1_57' title="bbox 1742 2853 3317 2921">
    <p class='ocr_par' dir='ltr' id='par_1_57' title="bbox 1742 2853 3317 2921">
     <span class='ocr_line' id='line_1_57' title="bbox 1742 2853 3317 2921; baseline 0.008 -11"><span class='ocrx_word' id='word_1_466' title='bbox 1742 2853 1849 2910; x_wconf 88' lang='lat' dir='ltr'><strong>Sed</strong></span> <span class='ocrx_word' id='word_1_467' title='bbox 1884 2855 2097 2911; x_wconf 88' lang='lat' dir='ltr'><strong>ratione</strong></span> <span class='ocrx_word' id='word_1_468' title='bbox 2123 2859 2480 2914; x_wconf 88' lang='lat' dir='ltr'><strong>ascendamus</strong></span> <span class='ocrx_word' id='word_1_469' title='bbox 2502 2874 2724 2917; x_wconf 91' lang='lat' dir='ltr'><strong>necesse</strong></span> <span class='ocrx_word' id='word_1_470' title='bbox 2752 2871 2836 2917; x_wconf 92' lang='lat' dir='ltr'><strong>est</strong></span> <span class='ocrx_word' id='word_1_471' title='bbox 2870 2861 2938 2917; x_wconf 86' lang='lat' dir='ltr'><strong>ab</strong></span> <span class='ocrx_word' id='word_1_472' title='bbox 2979 2863 3317 2921; x_wconf 87' lang='lat' dir='ltr'><strong>irrationali-</strong></span> 
     </span>
    </p>
   </div>
   <div class='ocr_carea' id='block_1_58' title="bbox 1744 2946 3312 3028">
    <p class='ocr_par' dir='ltr' id='par_1_58' title="bbox 1744 2946 3312 3028">
     <span class='ocr_line' id='line_1_58' title="bbox 1744 2946 3312 3028; baseline 0.006 -24"><span class='ocrx_word' id='word_1_473' title='bbox 1744 2949 1877 3015; x_wconf 86' lang='lat' dir='ltr'><strong>bus,</strong></span> <span class='ocrx_word' id='word_1_474' title='bbox 1940 2957 1994 3002; x_wconf 92' lang='lat' dir='ltr'><strong>et</strong></span> <span class='ocrx_word' id='word_1_475' title='bbox 2046 2946 2115 3002; x_wconf 87' lang='lat' dir='ltr'><strong>ab</strong></span> <span class='ocrx_word' id='word_1_476' title='bbox 2153 2948 2463 3005; x_wconf 88' lang='lat' dir='ltr'><strong>hominibus</strong></span> <span class='ocrx_word' id='word_1_477' title='bbox 2519 2967 2691 3021; x_wconf 89' lang='lat' dir='ltr'><strong>usque</strong></span> <span class='ocrx_word' id='word_1_478' title='bbox 2751 2954 2815 3007; x_wconf 89' lang='lat' dir='ltr'><strong>ad</strong></span> <span class='ocrx_word' id='word_1_479' title='bbox 2865 2954 3010 3024; x_wconf 91' lang='lat' dir='ltr'><strong>ipsos</strong></span> <span class='ocrx_word' id='word_1_480' title='bbox 3066 2957 3312 3028; x_wconf 82' lang='lat' dir='ltr'><strong>angelos.</strong></span> 
     </span>
    </p>
   </div>
   <div class='ocr_carea' id='block_1_59' title="bbox 98 3041 3314 3127">
    <p class='ocr_par' dir='ltr' id='par_1_59' title="bbox 98 3041 3314 3127">
     <span class='ocr_line' id='line_1_59' title="bbox 98 3041 3314 3127; baseline -0.001 -16"><span class='ocrx_word' id='word_1_481' title='bbox 98 3057 493 3127; x_wconf 85' lang='lat' dir='ltr'><strong>quandoquidem</strong></span> <span class='ocrx_word' id='word_1_482' title='bbox 535 3054 704 3110; x_wconf 90' lang='lat' dir='ltr'><strong>etiam</strong></span> <span class='ocrx_word' id='word_1_483' title='bbox 753 3052 859 3121; x_wconf 89' lang='lat' dir='ltr'><strong>ipsi</strong></span> <span class='ocrx_word' id='word_1_484' title='bbox 908 3049 1246 3113; x_wconf 90' lang='lat' dir='ltr'><strong>nutriuntur,</strong></span> <span class='ocrx_word' id='word_1_485' title='bbox 1317 3045 1420 3101; x_wconf 90' lang='lat' dir='ltr'><strong>sibi</strong></span> <span class='ocrx_word' id='word_1_486' title='bbox 1484 3043 1708 3099; x_wconf 89' lang='lat' dir='ltr'><strong>omnino</strong></span> <span class='ocrx_word' id='word_1_487' title='bbox 1773 3059 1876 3098; x_wconf 92' lang='lat' dir='ltr'><strong>non</strong></span> <span class='ocrx_word' id='word_1_488' title='bbox 1939 3041 2287 3100; x_wconf 85' lang='lat' dir='ltr'><strong>suIIIcientes.</strong></span> <span class='ocrx_word' id='word_1_489' title='bbox 2364 3044 2665 3102; x_wconf 64' lang='lat' dir='ltr'><strong>«Panem:</strong></span> <span class='ocrx_word' id='word_1_490' title='bbox 2735 3050 2898 3122; x_wconf 89' lang='lat' dir='ltr'><strong>igitur</strong></span> <span class='ocrx_word' id='word_1_491' title='bbox 2960 3054 3314 3124; x_wconf 71' lang='lat' dir='ltr'><strong>«angelorum</strong></span> 
     </span>
    </p>
   </div>
   <div class='ocr_carea' id='block_1_60' title="bbox 100 3136 3316 3221">
    <p class='ocr_par' dir='ltr' id='par_1_60' title="bbox 100 3136 3316 3221">
     <span class='ocr_line' id='line_1_60' title="bbox 100 3136 3316 3221; baseline 0.001 -19"><span class='ocrx_word' id='word_1_492' title='bbox 100 3152 414 3207; x_wconf 79' lang='lat' dir='ltr'><strong>manducavit</strong></span> <span class='ocrx_word' id='word_1_493' title='bbox 462 3151 629 3205; x_wconf 85' lang='lat' dir='ltr'><strong>homo</strong></span> <span class='ocrx_word' id='word_1_494' title='bbox 660 3148 737 3212; x_wconf 71' lang='grc' dir='ltr'><strong>ἐς</strong></span> <span class='ocrx_word' id='word_1_495' title='bbox 771 3165 791 3198; x_wconf 75' lang='grc' dir='ltr'><strong>ι</strong></span> <span class='ocrx_word' id='word_1_496' title='bbox 830 3148 1125 3213; x_wconf 83' lang='lat' dir='ltr'><strong>beatusque</strong></span> <span class='ocrx_word' id='word_1_497' title='bbox 1164 3153 1297 3195; x_wconf 89' lang='lat' dir='ltr'><strong>sane</strong></span> <span class='ocrx_word' id='word_1_498' title='bbox 1339 3136 1735 3206; x_wconf 81' lang='lat' dir='ltr'><strong>Abraham,qui</strong></span> <span class='ocrx_word' id='word_1_499' title='bbox 1771 3136 1944 3192; x_wconf 90' lang='lat' dir='ltr'><strong>tribus</strong></span> <span class='ocrx_word' id='word_1_500' title='bbox 1988 3137 2128 3203; x_wconf 90' lang='lat' dir='ltr'><strong>illis,</strong></span> <span class='ocrx_word' id='word_1_501' title='bbox 2186 3139 2276 3207; x_wconf 88' lang='lat' dir='ltr'><strong>qui</strong></span> <span class='ocrx_word' id='word_1_502' title='bbox 2313 3139 2415 3195; x_wconf 92' lang='lat' dir='ltr'><strong>sibi</strong></span> <span class='ocrx_word' id='word_1_503' title='bbox 2476 3153 2864 3211; x_wconf 80' lang='lat' dir='ltr'><strong>apparuerunt,</strong></span> <span class='ocrx_word' id='word_1_504' title='bbox 2912 3161 3186 3217; x_wconf 86' lang='lat' dir='ltr'><strong>apponere</strong></span> <span class='ocrx_word' id='word_1_505' title='bbox 3217 3166 3316 3221; x_wconf 88' lang='lat' dir='ltr'><strong>po-</strong></span> 
     </span>
    </p>
   </div>
   <div class='ocr_carea' id='block_1_61' title="bbox 98 3241 868 3317">
    <p class='ocr_par' dir='ltr' id='par_1_61' title="bbox 98 3241 868 3317">
     <span class='ocr_line' id='line_1_61' title="bbox 98 3241 868 3317; baseline -0.013 -17"><span class='ocrx_word' id='word_1_506' title='bbox 98 3246 180 3301; x_wconf 89' lang='lat' dir='ltr'><strong>tuit</strong></span> <span class='ocrx_word' id='word_1_507' title='bbox 195 3260 369 3317; x_wconf 85' lang='lat' dir='ltr'><strong>azyma</strong></span> <span class='ocrx_word' id='word_1_508' title='bbox 402 3241 767 3300; x_wconf 86' lang='lat' dir='ltr'><strong>subcinericia</strong></span> <span class='ocrx_word' id='word_1_509' title='bbox 800 3241 868 3290; x_wconf 72' lang='grc' dir='ltr'><strong>η.</strong></span> 
     </span>
    </p>
   </div>
   <div class='ocr_carea' id='block_1_62' title="bbox 149 3324 1629 3413">
    <p class='ocr_par' dir='ltr' id='par_1_62' title="bbox 149 3325 1629 3413">
     <span class='ocr_line' id='line_1_62' title="bbox 149 3325 1629 3413; baseline -0.012 -15"><span class='ocrx_word' id='word_1_510' title='bbox 149 3343 229 3398; x_wconf 71' lang='grc'><strong>54.</strong></span> <span class='ocrx_word' id='word_1_511' title='bbox 269 3340 393 3395; x_wconf 75' lang='grc' dir='ltr'><strong>Ἀλὶέ</strong></span> <span class='ocrx_word' id='word_1_512' title='bbox 434 3341 537 3413; x_wconf 72' lang='grc' dir='ltr'><strong>ήδη</strong></span> <span class='ocrx_word' id='word_1_513' title='bbox 569 3339 664 3393; x_wconf 72' lang='grc' dir='ltr'><strong>ἐπὶ</strong></span> <span class='ocrx_word' id='word_1_514' title='bbox 683 3337 775 3391; x_wconf 80' lang='grc' dir='ltr'><strong>τὸν</strong></span> <span class='ocrx_word' id='word_1_515' title='bbox 799 3333 1155 3407; x_wconf 78' lang='grc' dir='ltr'><strong>προκείμενον</strong></span> <span class='ocrx_word' id='word_1_516' title='bbox 1178 3330 1334 3399; x_wconf 90' lang='grc' dir='ltr'><strong>λόγον</strong></span> <span class='ocrx_word' id='word_1_517' title='bbox 1381 3328 1473 3383; x_wconf 80' lang='grc' dir='ltr'><strong>τὸν</strong></span> <span class='ocrx_word' id='word_1_518' title='bbox 1501 3325 1629 3398; x_wconf 78' lang='grc' dir='ltr'><strong>περὶ</strong></span> 
     </span>
    </p>
   </div>
   <div class='ocr_carea' id='block_1_63' title="bbox 1804 3324 3311 3413">
    <p class='ocr_par' dir='ltr' id='par_1_63' title="bbox 1809 3324 3311 3402">
     <span class='ocr_line' id='line_1_63' title="bbox 1809 3324 3311 3402; baseline 0.006 -23"><span class='ocrx_word' id='word_1_519' title='bbox 1809 3326 1901 3380; x_wconf 73' lang='grc'><strong>54.</strong></span> <span class='ocrx_word' id='word_1_520' title='bbox 1938 3324 2045 3380; x_wconf 81' lang='lat' dir='ltr'><strong>Sed</strong></span> <span class='ocrx_word' id='word_1_521' title='bbox 2075 3339 2267 3380; x_wconf 88' lang='lat' dir='ltr'><strong>rursus</strong></span> <span class='ocrx_word' id='word_1_522' title='bbox 2293 3338 2359 3379; x_wconf 90' lang='lat' dir='ltr'><strong>eo</strong></span> <span class='ocrx_word' id='word_1_523' title='bbox 2399 3325 2586 3380; x_wconf 83' lang='lat' dir='ltr'><strong>redeat</strong></span> <span class='ocrx_word' id='word_1_524' title='bbox 2608 3328 2751 3382; x_wconf 88' lang='lat' dir='ltr'><strong>umle</strong></span> <span class='ocrx_word' id='word_1_525' title='bbox 2779 3327 3080 3387; x_wconf 82' lang='lat' dir='ltr'><strong>deﬂuxerat</strong></span> <span class='ocrx_word' id='word_1_526' title='bbox 3108 3334 3311 3402; x_wconf 86' lang='lat' dir='ltr'><strong>oratio,</strong></span> 
     </span>
    </p>
   </div>
   <div class='ocr_carea' id='block_1_64' title="bbox 94 3418 1635 3507">
    <p class='ocr_par' dir='ltr' id='par_1_64' title="bbox 94 3418 1635 3507">
     <span class='ocr_line' id='line_1_64' title="bbox 94 3418 1635 3507; baseline -0.012 -17"><span class='ocrx_word' id='word_1_527' title='bbox 94 3434 179 3505; x_wconf 77' lang='grc' dir='ltr'><strong>τῆς</strong></span> <span class='ocrx_word' id='word_1_528' title='bbox 207 3433 429 3507; x_wconf 81' lang='grc' dir='ltr'><strong>Χριστοῦ</strong></span> <span class='ocrx_word' id='word_1_529' title='bbox 461 3432 721 3507; x_wconf 83' lang='grc' dir='ltr'><strong>βρώσεως</strong></span> <span class='ocrx_word' id='word_1_530' title='bbox 752 3425 1018 3491; x_wconf 84' lang='grc' dir='ltr'><strong>δδευτέον,</strong></span> <span class='ocrx_word' id='word_1_531' title='bbox 1046 3424 1114 3496; x_wconf 77' lang='grc' dir='ltr'><strong>ἢν</strong></span> <span class='ocrx_word' id='word_1_532' title='bbox 1144 3424 1194 3476; x_wconf 81' lang='grc' dir='ltr'><strong>οἱ</strong></span> <span class='ocrx_word' id='word_1_533' title='bbox 1244 3420 1483 3492; x_wconf 78' lang='grc' dir='ltr'><strong>μαθηταὶ</strong></span> <span class='ocrx_word' id='word_1_534' title='bbox 1513 3418 1635 3472; x_wconf 85' lang='grc' dir='ltr'><strong>τότε</strong></span> 
     </span>
    </p>
   </div>
   <div class='ocr_carea' id='block_1_65' title="bbox 93 3509 1633 3601">
    <p class='ocr_par' dir='ltr' id='par_1_65' title="bbox 93 3509 1633 3601">
     <span class='ocr_line' id='line_1_65' title="bbox 93 3509 1633 3601; baseline -0.014 -18"><span class='ocrx_word' id='word_1_535' title='bbox 93 3529 177 3582; x_wconf 79' lang='grc' dir='ltr'><strong>οὐκ</strong></span> <span class='ocrx_word' id='word_1_536' title='bbox 197 3528 408 3601; x_wconf 67' lang='grc' dir='ltr'><strong>ᾔδεσαν·</strong></span> <span class='ocrx_word' id='word_1_537' title='bbox 457 3523 713 3598; x_wconf 80' lang='grc' dir='ltr'><strong>ἀληθεύει</strong></span> <span class='ocrx_word' id='word_1_538' title='bbox 743 3518 852 3591; x_wconf 83' lang='grc' dir='ltr'><strong>γὰρ</strong></span> <span class='ocrx_word' id='word_1_539' title='bbox 892 3519 1065 3588; x_wconf 83' lang='grc' dir='ltr'><strong>λέγων</strong></span> <span class='ocrx_word' id='word_1_540' title='bbox 1086 3519 1115 3570; x_wconf 97' lang='lat'><strong>6</strong></span> <span class='ocrx_word' id='word_1_541' title='bbox 1155 3512 1361 3586; x_wconf 80' lang='grc' dir='ltr'><strong>Ἰησοῦς</strong></span> <span class='ocrx_word' id='word_1_542' title='bbox 1384 3529 1399 3543; x_wconf 90' lang='grc'><strong>·</strong></span> <span class='ocrx_word' id='word_1_543' title='bbox 1434 3531 1452 3565; x_wconf 78' lang='grc' dir='ltr'><strong>ι</strong></span> <span class='ocrx_word' id='word_1_544' title='bbox 1490 3509 1633 3580; x_wconf 85' lang='grc' dir='ltr'><strong>Ἐγὼ</strong></span> 
     </span>
    </p>
   </div>
   <div class='ocr_carea' id='block_1_66' title="bbox 95 3602 1634 3690">
    <p class='ocr_par' dir='ltr' id='par_1_66' title="bbox 95 3602 1634 3690">
     <span class='ocr_line' id='line_1_66' title="bbox 95 3602 1634 3690; baseline -0.012 -18"><span class='ocrx_word' id='word_1_545' title='bbox 95 3616 268 3690; x_wconf 82' lang='grc' dir='ltr'><strong>βρῶσιν</strong></span> <span class='ocrx_word' id='word_1_546' title='bbox 294 3616 397 3689; x_wconf 77' lang='grc' dir='ltr'><strong>ἔχω</strong></span> <span class='ocrx_word' id='word_1_547' title='bbox 427 3616 648 3685; x_wconf 82' lang='grc' dir='ltr'><strong>φαγεῖν,</strong></span> <span class='ocrx_word' id='word_1_548' title='bbox 701 3612 770 3684; x_wconf 76' lang='grc' dir='ltr'><strong>ἦν</strong></span> <span class='ocrx_word' id='word_1_549' title='bbox 814 3611 971 3682; x_wconf 83' lang='grc' dir='ltr'><strong>ὑμεῖς</strong></span> <span class='ocrx_word' id='word_1_550' title='bbox 1024 3606 1125 3660; x_wconf 83' lang='grc' dir='ltr'><strong>οὐκ</strong></span> <span class='ocrx_word' id='word_1_551' title='bbox 1176 3603 1352 3659; x_wconf 74' lang='grc' dir='ltr'><strong>οἴδατε</strong></span> <span class='ocrx_word' id='word_1_552' title='bbox 1377 3622 1424 3661; x_wconf 81' lang='lat' dir='ltr'><strong>.t</strong></span> <span class='ocrx_word' id='word_1_553' title='bbox 1461 3602 1634 3673; x_wconf 84' lang='grc' dir='ltr'><strong>’Ὅπερ</strong></span> 
     </span>
    </p>
   </div>
   <div class='ocr_carea' id='block_1_67' title="bbox 92 3693 1635 3782">
    <p class='ocr_par' dir='ltr' id='par_1_67' title="bbox 92 3693 1635 3782">
     <span class='ocr_line' id='line_1_67' title="bbox 92 3693 1635 3782; baseline -0.012 -18"><span class='ocrx_word' id='word_1_554' title='bbox 92 3709 185 3782; x_wconf 86' lang='grc' dir='ltr'><strong>γὰρ</strong></span> <span class='ocrx_word' id='word_1_555' title='bbox 212 3710 300 3765; x_wconf 77' lang='grc' dir='ltr'><strong>καὶ</strong></span> <span class='ocrx_word' id='word_1_556' title='bbox 348 3711 621 3781; x_wconf 73' lang='grc' dir='ltr'><strong>ἔπραττεν</strong></span> <span class='ocrx_word' id='word_1_557' title='bbox 669 3708 698 3761; x_wconf 91' lang='lat'><strong>6</strong></span> <span class='ocrx_word' id='word_1_558' title='bbox 764 3702 972 3777; x_wconf 80' lang='grc' dir='ltr'><strong>Ἰησοῦς</strong></span> <span class='ocrx_word' id='word_1_559' title='bbox 1005 3699 1176 3754; x_wconf 82' lang='grc' dir='ltr'><strong>ποιῶν</strong></span> <span class='ocrx_word' id='word_1_560' title='bbox 1202 3698 1263 3752; x_wconf 83' lang='grc' dir='ltr'><strong>τὸ</strong></span> <span class='ocrx_word' id='word_1_561' title='bbox 1300 3696 1511 3768; x_wconf 88' lang='grc' dir='ltr'><strong>θέλημα</strong></span> <span class='ocrx_word' id='word_1_562' title='bbox 1540 3693 1635 3748; x_wconf 80' lang='grc' dir='ltr'><strong>τοῦ</strong></span> 
     </span>
    </p>
   </div>
   <div class='ocr_carea' id='block_1_68' title="bbox 93 3787 1636 3872">
    <p class='ocr_par' dir='ltr' id='par_1_68' title="bbox 93 3787 1636 3872">
     <span class='ocr_line' id='line_1_68' title="bbox 93 3787 1636 3872; baseline -0.012 -16"><span class='ocrx_word' id='word_1_563' title='bbox 93 3800 375 3872; x_wconf 65' lang='grc' dir='ltr'><strong>πέμψαντος</strong></span> <span class='ocrx_word' id='word_1_564' title='bbox 402 3800 568 3855; x_wconf 74' lang='grc' dir='ltr'><strong>αὐτὸν</strong></span> <span class='ocrx_word' id='word_1_565' title='bbox 594 3796 816 3852; x_wconf 86' lang='grc' dir='ltr'><strong>τελειῶν</strong></span> <span class='ocrx_word' id='word_1_566' title='bbox 846 3792 1011 3850; x_wconf 82' lang='grc' dir='ltr'><strong>αὐτοῦ</strong></span> <span class='ocrx_word' id='word_1_567' title='bbox 1042 3792 1103 3846; x_wconf 82' lang='grc' dir='ltr'><strong>τὸ</strong></span> <span class='ocrx_word' id='word_1_568' title='bbox 1134 3791 1316 3864; x_wconf 73' lang='grc' dir='ltr'><strong>ἔργον,</strong></span> <span class='ocrx_word' id='word_1_569' title='bbox 1341 3787 1498 3842; x_wconf 85' lang='grc' dir='ltr'><strong>τοῦτο</strong></span> <span class='ocrx_word' id='word_1_570' title='bbox 1536 3787 1636 3840; x_wconf 80' lang='grc' dir='ltr'><strong>οὐκ</strong></span> 
     </span>
    </p>
   </div>
   <div class='ocr_carea' id='block_1_69' title="bbox 89 3876 1630 3965">
    <p class='ocr_par' dir='ltr' id='par_1_69' title="bbox 89 3876 1630 3965">
     <span class='ocr_line' id='line_1_69' title="bbox 89 3876 1630 3965; baseline -0.012 -16"><span class='ocrx_word' id='word_1_571' title='bbox 89 3890 260 3963; x_wconf 68' lang='grc' dir='ltr'><strong>ᾔδεσαν</strong></span> <span class='ocrx_word' id='word_1_572' title='bbox 281 3894 328 3947; x_wconf 81' lang='lat' dir='ltr'><strong>oi</strong></span> <span class='ocrx_word' id='word_1_573' title='bbox 365 3889 626 3965; x_wconf 85' lang='grc' dir='ltr'><strong>μαθηταί.</strong></span> <span class='ocrx_word' id='word_1_574' title='bbox 670 3890 788 3942; x_wconf 78' lang='grc' dir='ltr'><strong>ἰνα</strong></span> <span class='ocrx_word' id='word_1_575' title='bbox 849 3887 908 3940; x_wconf 88' lang='grc' dir='ltr'><strong>δὲ</strong></span> <span class='ocrx_word' id='word_1_576' title='bbox 958 3884 1123 3957; x_wconf 81' lang='grc' dir='ltr'><strong>νοηθῇ</strong></span> <span class='ocrx_word' id='word_1_577' title='bbox 1169 3881 1493 3955; x_wconf 86' lang='grc' dir='ltr'><strong>τρανότερον</strong></span> <span class='ocrx_word' id='word_1_578' title='bbox 1536 3876 1595 3931; x_wconf 85' lang='grc' dir='ltr'><strong>τό</strong></span> <span class='ocrx_word' id='word_1_579' title='bbox 1617 3894 1630 3907; x_wconf 89' lang='grc'>·</span> 
     </span>
    </p>
   </div>
   <div class='ocr_carea' id='block_1_70' title="bbox 96 3970 1627 4055">
    <p class='ocr_par' dir='ltr' id='par_1_70' title="bbox 96 3970 1627 4055">
     <span class='ocr_line' id='line_1_70' title="bbox 96 3970 1627 4055; baseline -0.011 -20"><span class='ocrx_word' id='word_1_580' title='bbox 96 4000 111 4030; x_wconf 84' lang='grc' dir='ltr'><strong>ι</strong></span> <span class='ocrx_word' id='word_1_581' title='bbox 150 3980 275 4051; x_wconf 84' lang='grc' dir='ltr'><strong>Ἐγὼ</strong></span> <span class='ocrx_word' id='word_1_582' title='bbox 300 3982 500 4055; x_wconf 78' lang='grc' dir='ltr'><strong>βρῶσιν</strong></span> <span class='ocrx_word' id='word_1_583' title='bbox 525 3980 635 4051; x_wconf 79' lang='grc' dir='ltr'><strong>ἔχω</strong></span> <span class='ocrx_word' id='word_1_584' title='bbox 666 3979 881 4049; x_wconf 81' lang='grc' dir='ltr'><strong>φαγεῖν,</strong></span> <span class='ocrx_word' id='word_1_585' title='bbox 913 3976 981 4048; x_wconf 73' lang='grc' dir='ltr'><strong>ἣν</strong></span> <span class='ocrx_word' id='word_1_586' title='bbox 1008 3976 1165 4047; x_wconf 77' lang='grc' dir='ltr'><strong>ὑμεῖς</strong></span> <span class='ocrx_word' id='word_1_587' title='bbox 1203 3973 1304 4027; x_wconf 84' lang='grc' dir='ltr'><strong>οὐκ</strong></span> <span class='ocrx_word' id='word_1_588' title='bbox 1345 3970 1522 4025; x_wconf 74' lang='grc' dir='ltr'><strong>οἴδατε</strong></span> <span class='ocrx_word' id='word_1_589' title='bbox 1550 4006 1565 4032; x_wconf 88' lang='grc'><strong>,</strong></span> <span class='ocrx_word' id='word_1_590' title='bbox 1609 3986 1627 4018; x_wconf 80' lang='lat' dir='ltr'><strong>t</strong></span> 
     </span>
    </p>
   </div>
   <div class='ocr_carea' id='block_1_71' title="bbox 90 4058 1633 4142">
    <p class='ocr_par' dir='ltr' id='par_1_71' title="bbox 90 4058 1633 4142">
     <span class='ocr_line' id='line_1_71' title="bbox 90 4058 1633 4142; baseline -0.007 -18"><span class='ocrx_word' id='word_1_591' title='bbox 90 4071 265 4142; x_wconf 77' lang='grc' dir='ltr'><strong>λεγέτω</strong></span> <span class='ocrx_word' id='word_1_592' title='bbox 295 4075 386 4128; x_wconf 72' lang='grc' dir='ltr'><strong>καὶ</strong></span> <span class='ocrx_word' id='word_1_593' title='bbox 421 4076 450 4128; x_wconf 89' lang='lat'><strong>6</strong></span> <span class='ocrx_word' id='word_1_594' title='bbox 475 4070 690 4134; x_wconf 81' lang='grc' dir='ltr'><strong>Παῦλος</strong></span> <span class='ocrx_word' id='word_1_595' title='bbox 746 4071 858 4132; x_wconf 90' lang='grc' dir='ltr'><strong>τοῖς</strong></span> <span class='ocrx_word' id='word_1_596' title='bbox 908 4066 1090 4138; x_wconf 85' lang='grc' dir='ltr'><strong>χρείαν</strong></span> <span class='ocrx_word' id='word_1_597' title='bbox 1127 4065 1307 4135; x_wconf 79' lang='grc' dir='ltr'><strong>έχουσι</strong></span> <span class='ocrx_word' id='word_1_598' title='bbox 1335 4058 1602 4131; x_wconf 85' lang='grc' dir='ltr'><strong>γάλακτος</strong></span> <span class='ocrx_word' id='word_1_599' title='bbox 1618 4100 1633 4125; x_wconf 91' lang='grc'><strong>,</strong></span> 
     </span>
    </p>
   </div>
   <div class='ocr_carea' id='block_1_72' title="bbox 90 4152 1634 4237">
    <p class='ocr_par' dir='ltr' id='par_1_72' title="bbox 90 4152 1634 4237">
     <span class='ocr_line' id='line_1_72' title="bbox 90 4152 1634 4237; baseline -0.007 -21"><span class='ocrx_word' id='word_1_600' title='bbox 90 4166 169 4217; x_wconf 74' lang='grc' dir='ltr'><strong>καὶ</strong></span> <span class='ocrx_word' id='word_1_601' title='bbox 196 4166 248 4218; x_wconf 73' lang='grc' dir='ltr'><strong>οὐ</strong></span> <span class='ocrx_word' id='word_1_602' title='bbox 274 4166 495 4237; x_wconf 77' lang='grc' dir='ltr'><strong>στερεᾶς</strong></span> <span class='ocrx_word' id='word_1_603' title='bbox 524 4162 752 4234; x_wconf 82' lang='grc' dir='ltr'><strong>τροφῆς,</strong></span> <span class='ocrx_word' id='word_1_604' title='bbox 778 4156 1102 4230; x_wconf 81' lang='grc' dir='ltr'><strong>Κορινθίοις,</strong></span> <span class='ocrx_word' id='word_1_605' title='bbox 1132 4155 1227 4210; x_wconf 77' lang='grc' dir='ltr'><strong>καὶ</strong></span> <span class='ocrx_word' id='word_1_606' title='bbox 1251 4155 1393 4224; x_wconf 85' lang='grc' dir='ltr'><strong>γάλα</strong></span> <span class='ocrx_word' id='word_1_607' title='bbox 1417 4152 1634 4218; x_wconf 78' lang='grc' dir='ltr'><strong>ποτιζο-</strong></span> 
     </span>
    </p>
   </div>
   <div class='ocr_carea' id='block_1_73' title="bbox 92 4241 1635 4329">
    <p class='ocr_par' dir='ltr' id='par_1_73' title="bbox 92 4241 1635 4329">
     <span class='ocr_line' id='line_1_73' title="bbox 92 4241 1635 4329; baseline -0.006 -24"><span class='ocrx_word' id='word_1_608' title='bbox 92 4253 268 4321; x_wconf 85' lang='grc' dir='ltr'><strong>μένοις,</strong></span> <span class='ocrx_word' id='word_1_609' title='bbox 300 4255 392 4309; x_wconf 74' lang='grc' dir='ltr'><strong>καὶ</strong></span> <span class='ocrx_word' id='word_1_610' title='bbox 420 4254 481 4307; x_wconf 69' lang='grc' dir='ltr'><strong>οὔ</strong></span> <span class='ocrx_word' id='word_1_611' title='bbox 513 4251 732 4324; x_wconf 81' lang='grc' dir='ltr'><strong>βρῶμα,</strong></span> <span class='ocrx_word' id='word_1_612' title='bbox 761 4248 841 4319; x_wconf 82' lang='grc' dir='ltr'><strong>τῷ</strong></span> <span class='ocrx_word' id='word_1_613' title='bbox 875 4247 1098 4320; x_wconf 81' lang='grc' dir='ltr'><strong>μηδέπω</strong></span> <span class='ocrx_word' id='word_1_614' title='bbox 1139 4245 1335 4329; x_wconf 68' lang='grc' dir='ltr'><strong>αὐτοὺς</strong></span> <span class='ocrx_word' id='word_1_615' title='bbox 1376 4241 1635 4299; x_wconf 85' lang='grc' dir='ltr'><strong>δύνασθαι</strong></span> 
     </span>
    </p>
   </div>
   <div class='ocr_carea' id='block_1_74' title="bbox 92 4341 1635 4422">
    <p class='ocr_par' dir='ltr' id='par_1_74' title="bbox 92 4341 1635 4422">
     <span class='ocr_line' id='line_1_74' title="bbox 92 4341 1635 4422; baseline -0.005 -20"><span class='ocrx_word' id='word_1_616' title='bbox 92 4347 344 4420; x_wconf 84' lang='grc' dir='ltr'><strong>βρώματος</strong></span> <span class='ocrx_word' id='word_1_617' title='bbox 391 4347 856 4422; x_wconf 56' lang='grc' dir='ltr'><strong>μεταλαμϐάνειν</strong></span> <span class='ocrx_word' id='word_1_618' title='bbox 897 4365 917 4397; x_wconf 76' lang='grc' dir='ltr'><strong>ι</strong></span> <span class='ocrx_word' id='word_1_619' title='bbox 964 4344 1105 4413; x_wconf 86' lang='grc' dir='ltr'><strong>Ἐγὼ</strong></span> <span class='ocrx_word' id='word_1_620' title='bbox 1138 4342 1338 4416; x_wconf 82' lang='grc' dir='ltr'><strong>βρῶσιν</strong></span> <span class='ocrx_word' id='word_1_621' title='bbox 1383 4341 1490 4412; x_wconf 72' lang='grc' dir='ltr'><strong>ἔχω</strong></span> <span class='ocrx_word' id='word_1_622' title='bbox 1530 4358 1635 4412; x_wconf 87' lang='grc' dir='ltr'><strong>φα·-</strong></span> 
     </span>
    </p>
   </div>
   <div class='ocr_carea' id='block_1_75' title="bbox 87 4434 1633 4513">
    <p class='ocr_par' dir='ltr' id='par_1_75' title="bbox 87 4434 1633 4513">
     <span class='ocr_line' id='line_1_75' title="bbox 87 4434 1633 4513; baseline -0.005 -21"><span class='ocrx_word' id='word_1_623' title='bbox 87 4443 203 4505; x_wconf 83' lang='grc' dir='ltr'><strong>γεῖν,</strong></span> <span class='ocrx_word' id='word_1_624' title='bbox 236 4442 298 4513; x_wconf 80' lang='grc' dir='ltr'><strong>ἣν</strong></span> <span class='ocrx_word' id='word_1_625' title='bbox 326 4443 483 4513; x_wconf 83' lang='grc' dir='ltr'><strong>ὑμεῖς</strong></span> <span class='ocrx_word' id='word_1_626' title='bbox 527 4441 631 4495; x_wconf 78' lang='grc' dir='ltr'><strong>οὐκ</strong></span> <span class='ocrx_word' id='word_1_627' title='bbox 677 4439 876 4494; x_wconf 81' lang='grc' dir='ltr'><strong>οἴδατε.</strong></span> <span class='ocrx_word' id='word_1_628' title='bbox 905 4458 924 4490; x_wconf 77' lang='grc' dir='ltr'><strong>ι</strong></span> <span class='ocrx_word' id='word_1_629' title='bbox 956 4436 1069 4491; x_wconf 75' lang='grc' dir='ltr'><strong>Καὶ</strong></span> <span class='ocrx_word' id='word_1_630' title='bbox 1096 4435 1183 4490; x_wconf 84' lang='grc' dir='ltr'><strong>ἀεί</strong></span> <span class='ocrx_word' id='word_1_631' title='bbox 1218 4452 1283 4504; x_wconf 90' lang='grc' dir='ltr'><strong>γε</strong></span> <span class='ocrx_word' id='word_1_632' title='bbox 1312 4435 1342 4488; x_wconf 89' lang='lat'><strong>6</strong></span> <span class='ocrx_word' id='word_1_633' title='bbox 1362 4434 1633 4504; x_wconf 83' lang='grc' dir='ltr'><strong>διαφέρων</strong></span> 
     </span>
    </p>
   </div>
   <div class='ocr_carea' id='block_1_76' title="bbox 88 4526 1634 4606">
    <p class='ocr_par' dir='ltr' id='par_1_76' title="bbox 88 4526 1634 4606">
     <span class='ocr_line' id='line_1_76' title="bbox 88 4526 1634 4606; baseline -0.003 -23"><span class='ocrx_word' id='word_1_634' title='bbox 88 4536 183 4595; x_wconf 84' lang='grc' dir='ltr'><strong>τοῖς</strong></span> <span class='ocrx_word' id='word_1_635' title='bbox 217 4534 618 4606; x_wconf 81' lang='grc' dir='ltr'><strong>ὑποδεεστέροις</strong></span> <span class='ocrx_word' id='word_1_636' title='bbox 659 4533 752 4587; x_wconf 75' lang='grc' dir='ltr'><strong>καὶ</strong></span> <span class='ocrx_word' id='word_1_637' title='bbox 785 4532 860 4602; x_wconf 80' lang='grc' dir='ltr'><strong>μὴ</strong></span> <span class='ocrx_word' id='word_1_638' title='bbox 888 4528 1208 4601; x_wconf 85' lang='grc' dir='ltr'><strong>δυναμένοις</strong></span> <span class='ocrx_word' id='word_1_639' title='bbox 1251 4527 1321 4581; x_wconf 83' lang='grc' dir='ltr'><strong>τὰ</strong></span> <span class='ocrx_word' id='word_1_640' title='bbox 1354 4526 1494 4581; x_wconf 77' lang='grc' dir='ltr'><strong>αὐτὰ</strong></span> <span class='ocrx_word' id='word_1_641' title='bbox 1521 4528 1634 4589; x_wconf 88' lang='grc' dir='ltr'><strong>τοῖς</strong></span> 
     </span>
    </p>
   </div>
   <div class='ocr_carea' id='block_1_77' title="bbox 87 4621 1709 4721">
    <p class='ocr_par' dir='ltr' id='par_1_77' title="bbox 87 4621 1709 4721">
     <span class='ocr_line' id='line_1_77' title="bbox 87 4621 1709 4721; baseline -0.004 -38"><span class='ocrx_word' id='word_1_642' title='bbox 87 4629 329 4701; x_wconf 65' lang='grc' dir='ltr'><strong>κρείττοσι</strong></span> <span class='ocrx_word' id='word_1_643' title='bbox 353 4629 580 4700; x_wconf 85' lang='grc' dir='ltr'><strong>θεωρεῖν</strong></span> <span class='ocrx_word' id='word_1_644' title='bbox 607 4630 749 4699; x_wconf 76' lang='grc' dir='ltr'><strong>ἐρεῖ·</strong></span> <span class='ocrx_word' id='word_1_645' title='bbox 787 4646 805 4678; x_wconf 85' lang='grc' dir='ltr'><strong>ι</strong></span> <span class='ocrx_word' id='word_1_646' title='bbox 853 4623 993 4694; x_wconf 87' lang='grc' dir='ltr'><strong>Ἐγὼ</strong></span> <span class='ocrx_word' id='word_1_647' title='bbox 1031 4623 1233 4721; x_wconf 79' lang='grc' dir='ltr'><strong>βρῶσιν</strong></span> <span class='ocrx_word' id='word_1_648' title='bbox 1262 4621 1368 4721; x_wconf 78' lang='grc' dir='ltr'><strong>ἔχω</strong></span> <span class='ocrx_word' id='word_1_649' title='bbox 1397 4622 1589 4721; x_wconf 80' lang='grc' dir='ltr'><strong>φαγεῖν</strong></span> <span class='ocrx_word' id='word_1_650' title='bbox 1603 4659 1629 4721; x_wconf 33' lang='grc' dir='ltr'><strong>ι,</strong></span> <span class='ocrx_word' id='word_1_651' title='bbox 1665 4666 1709 4721; x_wconf 78' lang='lat' dir='ltr'><strong>D</strong></span> 
     </span>
    </p>
   </div>
   <div class='ocr_carea' id='block_1_78' title="bbox 86 4712 1631 4795">
    <p class='ocr_par' dir='ltr' id='par_1_78' title="bbox 86 4712 1631 4795">
     <span class='ocr_line' id='line_1_78' title="bbox 86 4712 1631 4795; baseline -0.008 -18"><span class='ocrx_word' id='word_1_652' title='bbox 86 4722 145 4794; x_wconf 73' lang='grc' dir='ltr'><strong>ἢν</strong></span> <span class='ocrx_word' id='word_1_653' title='bbox 166 4724 309 4795; x_wconf 82' lang='grc' dir='ltr'><strong>ὑμεῖς</strong></span> <span class='ocrx_word' id='word_1_654' title='bbox 332 4725 432 4778; x_wconf 80' lang='grc' dir='ltr'><strong>οὐκ</strong></span> <span class='ocrx_word' id='word_1_655' title='bbox 453 4724 658 4778; x_wconf 79' lang='grc' dir='ltr'><strong>οἴδατε.</strong></span> <span class='ocrx_word' id='word_1_656' title='bbox 696 4740 715 4775; x_wconf 83' lang='lat' dir='ltr'><strong>t</strong></span> <span class='ocrx_word' id='word_1_657' title='bbox 753 4720 863 4775; x_wconf 74' lang='grc' dir='ltr'><strong>Καὶ</strong></span> <span class='ocrx_word' id='word_1_658' title='bbox 887 4720 986 4774; x_wconf 73' lang='grc' dir='ltr'><strong>οὐκ</strong></span> <span class='ocrx_word' id='word_1_659' title='bbox 1018 4717 1218 4772; x_wconf 76' lang='grc' dir='ltr'><strong>ἄτοπόν</strong></span> <span class='ocrx_word' id='word_1_660' title='bbox 1249 4733 1313 4785; x_wconf 91' lang='grc' dir='ltr'><strong>γε</strong></span> <span class='ocrx_word' id='word_1_661' title='bbox 1353 4715 1528 4783; x_wconf 86' lang='grc' dir='ltr'><strong>λέγειν</strong></span> <span class='ocrx_word' id='word_1_662' title='bbox 1557 4712 1631 4784; x_wconf 81' lang='grc' dir='ltr'><strong>μὴ</strong></span> 
     </span>
    </p>
   </div>
   <div class='ocr_carea' id='block_1_79' title="bbox 92 4805 1632 4890">
    <p class='ocr_par' dir='ltr' id='par_1_79' title="bbox 92 4805 1632 4890">
     <span class='ocr_line' id='line_1_79' title="bbox 92 4805 1632 4890; baseline -0.009 -17"><span class='ocrx_word' id='word_1_663' title='bbox 92 4819 226 4886; x_wconf 83' lang='grc' dir='ltr'><strong>μόνον</strong></span> <span class='ocrx_word' id='word_1_664' title='bbox 267 4819 580 4890; x_wconf 84' lang='grc' dir='ltr'><strong>ἀνθρώπους</strong></span> <span class='ocrx_word' id='word_1_665' title='bbox 632 4815 727 4870; x_wconf 69' lang='grc' dir='ltr'><strong>καὶ</strong></span> <span class='ocrx_word' id='word_1_666' title='bbox 778 4812 1042 4883; x_wconf 82' lang='grc' dir='ltr'><strong>ἀγγέλους</strong></span> <span class='ocrx_word' id='word_1_667' title='bbox 1087 4810 1285 4874; x_wconf 75' lang='grc' dir='ltr'><strong>ἐνδεεῖς</strong></span> <span class='ocrx_word' id='word_1_668' title='bbox 1330 4805 1471 4864; x_wconf 81' lang='grc' dir='ltr'><strong>εἶναι</strong></span> <span class='ocrx_word' id='word_1_669' title='bbox 1522 4806 1632 4860; x_wconf 85' lang='grc' dir='ltr'><strong>τῶν</strong></span> 
     </span>
    </p>
   </div>
   <div class='ocr_carea' id='block_1_80' title="bbox 88 4898 1626 4981">
    <p class='ocr_par' dir='ltr' id='par_1_80' title="bbox 88 4898 1626 4981">
     <span class='ocr_line' id='line_1_80' title="bbox 88 4898 1626 4981; baseline -0.006 -21"><span class='ocrx_word' id='word_1_670' title='bbox 88 4925 267 4978; x_wconf 74' lang='grc' dir='ltr'><strong>νοητων</strong></span> <span class='ocrx_word' id='word_1_671' title='bbox 311 4907 560 4981; x_wconf 82' lang='grc' dir='ltr'><strong>τροφῶν,</strong></span> <span class='ocrx_word' id='word_1_672' title='bbox 603 4905 740 4960; x_wconf 82' lang='grc' dir='ltr'><strong>ἀλλὰ</strong></span> <span class='ocrx_word' id='word_1_673' title='bbox 790 4905 886 4959; x_wconf 72' lang='grc' dir='ltr'><strong>καὶ</strong></span> <span class='ocrx_word' id='word_1_674' title='bbox 929 4905 1021 4959; x_wconf 83' lang='grc' dir='ltr'><strong>τὸν</strong></span> <span class='ocrx_word' id='word_1_675' title='bbox 1073 4901 1307 4976; x_wconf 82' lang='grc' dir='ltr'><strong>Χριστὸν</strong></span> <span class='ocrx_word' id='word_1_676' title='bbox 1349 4899 1443 4955; x_wconf 81' lang='grc' dir='ltr'><strong>τοῦ</strong></span> <span class='ocrx_word' id='word_1_677' title='bbox 1491 4898 1626 4953; x_wconf 80' lang='grc' dir='ltr'><strong>Θεοῦ</strong></span> 
     </span>
    </p>
   </div>
   <div class='ocr_carea' id='block_1_81' title="bbox 89 4990 1625 5072">
    <p class='ocr_par' dir='ltr' id='par_1_81' title="bbox 89 4990 1625 5072">
     <span class='ocr_line' id='line_1_81' title="bbox 89 4990 1625 5072; baseline -0.006 -18"><span class='ocrx_word' id='word_1_678' title='bbox 89 4999 199 5070; x_wconf 78' lang='grc'><strong>(55)·</strong></span> <span class='ocrx_word' id='word_1_679' title='bbox 230 5001 319 5054; x_wconf 76' lang='grc' dir='ltr'><strong>καὶ</strong></span> <span class='ocrx_word' id='word_1_680' title='bbox 347 5001 509 5066; x_wconf 80' lang='grc' dir='ltr'><strong>αὐτὸς</strong></span> <span class='ocrx_word' id='word_1_681' title='bbox 552 4999 692 5072; x_wconf 81' lang='grc' dir='ltr'><strong>γὰρ,</strong></span> <span class='ocrx_word' id='word_1_682' title='bbox 724 4998 790 5052; x_wconf 78' lang='grc' dir='ltr'><strong>ἵν’</strong></span> <span class='ocrx_word' id='word_1_683' title='bbox 814 4997 986 5061; x_wconf 75' lang='grc' dir='ltr'><strong>οὕτως</strong></span> <span class='ocrx_word' id='word_1_684' title='bbox 1012 4996 1172 5062; x_wconf 81' lang='grc' dir='ltr'><strong>εἴπω,</strong></span> <span class='ocrx_word' id='word_1_685' title='bbox 1209 4990 1625 5056; x_wconf 76' lang='grc' dir='ltr'><strong>ἐπισκευάζεται</strong></span> 
     </span>
    </p>
   </div>
   <div class='ocr_carea' id='block_1_82' title="bbox 148 5093 1244 5162">
    <p class='ocr_par' dir='ltr' id='par_1_82' title="bbox 148 5093 1244 5162">
     <span class='ocr_line' id='line_1_82' title="bbox 148 5093 1244 5162; baseline -0.005 -10"><span class='ocrx_word' id='word_1_686' title='bbox 148 5095 187 5127; x_wconf 85' lang='grc'>¹²</span> <span class='ocrx_word' id='word_1_687' title='bbox 218 5096 363 5151; x_wconf 83' lang='lat' dir='ltr'><strong>Rom.</strong></span> <span class='ocrx_word' id='word_1_688' title='bbox 413 5112 526 5162; x_wconf 75' lang='lat' dir='ltr'><strong>xuv,</strong></span> <span class='ocrx_word' id='word_1_689' title='bbox 578 5097 636 5152; x_wconf 70' lang='lat'><strong>2.</strong></span> <span class='ocrx_word' id='word_1_690' title='bbox 736 5096 780 5127; x_wconf 84' lang='grc'><strong>¹³</strong></span> <span class='ocrx_word' id='word_1_691' title='bbox 815 5095 974 5149; x_wconf 83' lang='lat' dir='ltr'><strong>Prov.</strong></span> <span class='ocrx_word' id='word_1_692' title='bbox 1020 5111 1110 5154; x_wconf 82' lang='lat' dir='ltr'><strong>xv,</strong></span> <span class='ocrx_word' id='word_1_693' title='bbox 1156 5093 1244 5146; x_wconf 81' lang='grc'><strong>17.</strong></span> 
     </span>
    </p>
   </div>
   <div class='ocr_carea' id='block_1_83' title="bbox 1353 5087 1796 5155">
    <p class='ocr_par' dir='ltr' id='par_1_83' title="bbox 1353 5087 1796 5155">
     <span class='ocr_line' id='line_1_83' title="bbox 1353 5087 1796 5155; baseline -0.011 -9"><span class='ocrx_word' id='word_1_694' title='bbox 1353 5091 1398 5122; x_wconf 68' lang='grc'>’⁸</span> <span class='ocrx_word' id='word_1_695' title='bbox 1422 5090 1585 5145; x_wconf 81' lang='lat' dir='ltr'><strong>Hebr.</strong></span> <span class='ocrx_word' id='word_1_696' title='bbox 1617 5104 1670 5155; x_wconf 89' lang='lat' dir='ltr'><strong>v,</strong></span> <span class='ocrx_word' id='word_1_697' title='bbox 1707 5087 1796 5141; x_wconf 77' lang='lat' dir='ltr'><strong>H.</strong></span> 
     </span>
    </p>
   </div>
   <div class='ocr_carea' id='block_1_84' title="bbox 1745 3416 3314 3491">
    <p class='ocr_par' dir='ltr' id='par_1_84' title="bbox 1745 3416 3314 3491">
     <span class='ocr_line' id='line_1_84' title="bbox 1745 3416 3314 3491; baseline 0.003 -17"><span class='ocrx_word' id='word_1_698' title='bbox 1745 3418 2002 3475; x_wconf 89' lang='lat' dir='ltr'><strong>nimirum</strong></span> <span class='ocrx_word' id='word_1_699' title='bbox 2032 3418 2099 3472; x_wconf 92' lang='lat' dir='ltr'><strong>ad</strong></span> <span class='ocrx_word' id='word_1_700' title='bbox 2123 3430 2431 3473; x_wconf 88' lang='lat' dir='ltr'><strong>sermonem</strong></span> <span class='ocrx_word' id='word_1_701' title='bbox 2456 3416 2524 3472; x_wconf 91' lang='lat' dir='ltr'><strong>de</strong></span> <span class='ocrx_word' id='word_1_702' title='bbox 2547 3416 2669 3473; x_wconf 90' lang='lat' dir='ltr'><strong>cibo</strong></span> <span class='ocrx_word' id='word_1_703' title='bbox 2694 3416 2920 3488; x_wconf 87' lang='lat' dir='ltr'><strong>Christi,</strong></span> <span class='ocrx_word' id='word_1_704' title='bbox 2960 3438 3121 3491; x_wconf 84' lang='lat' dir='ltr'><strong>quem</strong></span> <span class='ocrx_word' id='word_1_705' title='bbox 3149 3423 3314 3479; x_wconf 87' lang='lat' dir='ltr'><strong>disci-</strong></span> 
     </span>
    </p>
   </div>
   <div class='ocr_carea' id='block_1_85' title="bbox 1739 3512 3307 3582">
    <p class='ocr_par' dir='ltr' id='par_1_85' title="bbox 1739 3512 3307 3582">
     <span class='ocr_line' id='line_1_85' title="bbox 1739 3512 3307 3582; baseline 0.003 -14"><span class='ocrx_word' id='word_1_706' title='bbox 1739 3512 1850 3582; x_wconf 90' lang='lat' dir='ltr'><strong>puli</strong></span> <span class='ocrx_word' id='word_1_707' title='bbox 1879 3520 2007 3565; x_wconf 93' lang='lat' dir='ltr'><strong>tunc</strong></span> <span class='ocrx_word' id='word_1_708' title='bbox 2034 3526 2141 3565; x_wconf 90' lang='lat' dir='ltr'><strong>non</strong></span> <span class='ocrx_word' id='word_1_709' title='bbox 2180 3521 2483 3575; x_wconf 86' lang='lat' dir='ltr'><strong>noverant;</strong></span> <span class='ocrx_word' id='word_1_710' title='bbox 2542 3525 2671 3566; x_wconf 84' lang='lat' dir='ltr'><strong>vere</strong></span> <span class='ocrx_word' id='word_1_711' title='bbox 2729 3512 2872 3565; x_wconf 91' lang='lat' dir='ltr'><strong>enim</strong></span> <span class='ocrx_word' id='word_1_712' title='bbox 2921 3513 3056 3569; x_wconf 87' lang='lat' dir='ltr'><strong>dicit</strong></span> <span class='ocrx_word' id='word_1_713' title='bbox 3100 3512 3307 3573; x_wconf 79' lang='lat' dir='ltr'><strong>Jesus:</strong></span> 
     </span>
    </p>
   </div>
   <div class='ocr_carea' id='block_1_86' title="bbox 1742 3601 3313 3675">
    <p class='ocr_par' dir='ltr' id='par_1_86' title="bbox 1742 3601 3313 3675">
     <span class='ocr_line' id='line_1_86' title="bbox 1742 3601 3313 3675; baseline 0.004 -19"><span class='ocrx_word' id='word_1_714' title='bbox 1742 3622 1763 3656; x_wconf 73' lang='grc' dir='ltr'><strong>ι</strong></span> <span class='ocrx_word' id='word_1_715' title='bbox 1791 3603 1906 3674; x_wconf 82' lang='lat' dir='ltr'><strong>Ego</strong></span> <span class='ocrx_word' id='word_1_716' title='bbox 1950 3601 2125 3657; x_wconf 87' lang='lat' dir='ltr'><strong>habeo</strong></span> <span class='ocrx_word' id='word_1_717' title='bbox 2169 3602 2348 3657; x_wconf 92' lang='lat' dir='ltr'><strong>cibum</strong></span> <span class='ocrx_word' id='word_1_718' title='bbox 2398 3602 2731 3659; x_wconf 87' lang='lat' dir='ltr'><strong>manducare</strong></span> <span class='ocrx_word' id='word_1_719' title='bbox 2773 3618 2931 3675; x_wconf 89' lang='lat' dir='ltr'><strong>quem</strong></span> <span class='ocrx_word' id='word_1_720' title='bbox 2974 3619 3073 3662; x_wconf 89' lang='lat' dir='ltr'><strong>vos</strong></span> <span class='ocrx_word' id='word_1_721' title='bbox 3135 3610 3313 3665; x_wconf 85' lang='lat' dir='ltr'><strong>nesei-</strong></span> 
     </span>
    </p>
   </div>
   <div class='ocr_carea' id='block_1_87' title="bbox 1744 3693 3315 3764">
    <p class='ocr_par' dir='ltr' id='par_1_87' title="bbox 1744 3693 3315 3764">
     <span class='ocr_line' id='line_1_87' title="bbox 1744 3693 3315 3764; baseline 0.003 -13"><span class='ocrx_word' id='word_1_722' title='bbox 1744 3696 1812 3753; x_wconf 90' lang='lat' dir='ltr'><strong>tis</strong></span> <span class='ocrx_word' id='word_1_723' title='bbox 1845 3694 1911 3748; x_wconf 79' lang='grc'><strong>³³.</strong></span> <span class='ocrx_word' id='word_1_724' title='bbox 1939 3712 1960 3748; x_wconf 76' lang='lat' dir='ltr'><strong>t</strong></span> <span class='ocrx_word' id='word_1_725' title='bbox 1991 3693 2148 3761; x_wconf 82' lang='lat' dir='ltr'><strong>Quod</strong></span> <span class='ocrx_word' id='word_1_726' title='bbox 2190 3695 2335 3750; x_wconf 91' lang='lat' dir='ltr'><strong>enim</strong></span> <span class='ocrx_word' id='word_1_727' title='bbox 2373 3694 2570 3764; x_wconf 79' lang='lat' dir='ltr'><strong>agebat</strong></span> <span class='ocrx_word' id='word_1_728' title='bbox 2604 3693 2786 3759; x_wconf 81' lang='lat' dir='ltr'><strong>Jesus,</strong></span> <span class='ocrx_word' id='word_1_729' title='bbox 2828 3697 3162 3756; x_wconf 83' lang='lat' dir='ltr'><strong>voluntatem</strong></span> <span class='ocrx_word' id='word_1_730' title='bbox 3208 3700 3315 3755; x_wconf 81' lang='lat' dir='ltr'><strong>Pa-</strong></span> 
     </span>
    </p>
   </div>
   <div class='ocr_carea' id='block_1_88' title="bbox 1745 3785 3314 3859">
    <p class='ocr_par' dir='ltr' id='par_1_88' title="bbox 1745 3785 3314 3859">
     <span class='ocr_line' id='line_1_88' title="bbox 1745 3785 3314 3859; baseline 0.006 -19"><span class='ocrx_word' id='word_1_731' title='bbox 1745 3786 1861 3849; x_wconf 89' lang='lat' dir='ltr'><strong>tris,</strong></span> <span class='ocrx_word' id='word_1_732' title='bbox 1916 3802 1946 3841; x_wconf 89' lang='lat' dir='ltr'><strong>a</strong></span> <span class='ocrx_word' id='word_1_733' title='bbox 2003 3799 2110 3855; x_wconf 91' lang='lat' dir='ltr'><strong>quo</strong></span> <span class='ocrx_word' id='word_1_734' title='bbox 2140 3787 2338 3841; x_wconf 83' lang='lat' dir='ltr'><strong>missus</strong></span> <span class='ocrx_word' id='word_1_735' title='bbox 2388 3785 2593 3850; x_wconf 79' lang='lat' dir='ltr'><strong>fuerat,</strong></span> <span class='ocrx_word' id='word_1_736' title='bbox 2646 3785 2873 3853; x_wconf 80' lang='lat' dir='ltr'><strong>iaciens,</strong></span> <span class='ocrx_word' id='word_1_737' title='bbox 2915 3796 2970 3844; x_wconf 85' lang='lat' dir='ltr'><strong>et</strong></span> <span class='ocrx_word' id='word_1_738' title='bbox 3022 3789 3314 3859; x_wconf 83' lang='lat' dir='ltr'><strong>perﬁciens</strong></span> 
     </span>
    </p>
   </div>
   <div class='ocr_carea' id='block_1_89' title="bbox 1741 3876 3317 3948">
    <p class='ocr_par' dir='ltr' id='par_1_89' title="bbox 1741 3876 3317 3948">
     <span class='ocr_line' id='line_1_89' title="bbox 1741 3876 3317 3948; baseline 0.006 -17"><span class='ocrx_word' id='word_1_739' title='bbox 1741 3877 1890 3934; x_wconf 90' lang='lat' dir='ltr'><strong>illius</strong></span> <span class='ocrx_word' id='word_1_740' title='bbox 1919 3892 2076 3948; x_wconf 83' lang='lat' dir='ltr'><strong>Opus,</strong></span> <span class='ocrx_word' id='word_1_741' title='bbox 2125 3877 2228 3933; x_wconf 92' lang='lat' dir='ltr'><strong>hoc</strong></span> <span class='ocrx_word' id='word_1_742' title='bbox 2282 3876 2533 3947; x_wconf 86' lang='lat' dir='ltr'><strong>discipuli</strong></span> <span class='ocrx_word' id='word_1_743' title='bbox 2586 3892 2692 3932; x_wconf 90' lang='lat' dir='ltr'><strong>non</strong></span> <span class='ocrx_word' id='word_1_744' title='bbox 2745 3890 2963 3935; x_wconf 90' lang='lat' dir='ltr'><strong>norant.</strong></span> <span class='ocrx_word' id='word_1_745' title='bbox 3010 3881 3207 3938; x_wconf 78' lang='lat' dir='ltr'><strong>Verum</strong></span> <span class='ocrx_word' id='word_1_746' title='bbox 3255 3894 3317 3942; x_wconf 90' lang='lat' dir='ltr'><strong>ut</strong></span> 
     </span>
    </p>
   </div>
   <div class='ocr_carea' id='block_1_90' title="bbox 1739 3970 3309 4042">
    <p class='ocr_par' dir='ltr' id='par_1_90' title="bbox 1739 3970 3309 4042">
     <span class='ocr_line' id='line_1_90' title="bbox 1739 3970 3309 4042; baseline 0.004 -16"><span class='ocrx_word' id='word_1_747' title='bbox 1739 3970 1982 4041; x_wconf 85' lang='lat' dir='ltr'><strong>apertius</strong></span> <span class='ocrx_word' id='word_1_748' title='bbox 2008 3970 2384 4041; x_wconf 76' lang='lat' dir='ltr'><strong>intelligantur</strong></span> <span class='ocrx_word' id='word_1_749' title='bbox 2412 3985 2475 4027; x_wconf 89' lang='lat' dir='ltr'><strong>ea</strong></span> <span class='ocrx_word' id='word_1_750' title='bbox 2503 3971 2706 4026; x_wconf 88' lang='lat' dir='ltr'><strong>verba:</strong></span> <span class='ocrx_word' id='word_1_751' title='bbox 2739 3990 2757 4024; x_wconf 81' lang='grc' dir='ltr'><strong>ι</strong></span> <span class='ocrx_word' id='word_1_752' title='bbox 2785 3971 2896 4042; x_wconf 84' lang='lat' dir='ltr'><strong>Ego</strong></span> <span class='ocrx_word' id='word_1_753' title='bbox 2928 3974 3100 4031; x_wconf 84' lang='lat' dir='ltr'><strong>habeo</strong></span> <span class='ocrx_word' id='word_1_754' title='bbox 3126 3976 3309 4033; x_wconf 90' lang='lat' dir='ltr'><strong>cibum</strong></span> 
     </span>
    </p>
   </div>
   <div class='ocr_carea' id='block_1_91' title="bbox 1741 4061 3311 4133">
    <p class='ocr_par' dir='ltr' id='par_1_91' title="bbox 1741 4061 3311 4133">
     <span class='ocr_line' id='line_1_91' title="bbox 1741 4061 3311 4133; baseline 0.004 -18"><span class='ocrx_word' id='word_1_755' title='bbox 1741 4061 2068 4119; x_wconf 88' lang='lat' dir='ltr'><strong>manducare</strong></span> <span class='ocrx_word' id='word_1_756' title='bbox 2104 4076 2267 4132; x_wconf 89' lang='lat' dir='ltr'><strong>quem</strong></span> <span class='ocrx_word' id='word_1_757' title='bbox 2314 4075 2416 4116; x_wconf 93' lang='lat' dir='ltr'><strong>vos</strong></span> <span class='ocrx_word' id='word_1_758' title='bbox 2475 4061 2724 4130; x_wconf 88' lang='lat' dir='ltr'><strong>nescitis,</strong></span> <span class='ocrx_word' id='word_1_759' title='bbox 2756 4081 2775 4116; x_wconf 72' lang='grc' dir='ltr'><strong>ο</strong></span> <span class='ocrx_word' id='word_1_760' title='bbox 2818 4062 3069 4133; x_wconf 90' lang='lat' dir='ltr'><strong>loquatur</strong></span> <span class='ocrx_word' id='word_1_761' title='bbox 3108 4062 3311 4123; x_wconf 81' lang='lat' dir='ltr'><strong>Paulus</strong></span> 
     </span>
    </p>
   </div>
   <div class='ocr_carea' id='block_1_92' title="bbox 1737 4151 3310 4224">
    <p class='ocr_par' dir='ltr' id='par_1_92' title="bbox 1737 4151 3310 4224">
     <span class='ocr_line' id='line_1_92' title="bbox 1737 4151 3310 4224; baseline 0.003 -15"><span class='ocrx_word' id='word_1_762' title='bbox 1737 4152 2037 4211; x_wconf 83' lang='lat' dir='ltr'><strong>Corinthiis</strong></span> <span class='ocrx_word' id='word_1_763' title='bbox 2059 4151 2199 4209; x_wconf 89' lang='lat' dir='ltr'><strong>lacte</strong></span> <span class='ocrx_word' id='word_1_764' title='bbox 2223 4167 2361 4224; x_wconf 89' lang='lat' dir='ltr'><strong>opus</strong></span> <span class='ocrx_word' id='word_1_765' title='bbox 2393 4152 2737 4219; x_wconf 89' lang='lat' dir='ltr'><strong>habentibus,</strong></span> <span class='ocrx_word' id='word_1_766' title='bbox 2759 4169 2865 4211; x_wconf 91' lang='lat' dir='ltr'><strong>non</strong></span> <span class='ocrx_word' id='word_1_767' title='bbox 2894 4154 3066 4212; x_wconf 88' lang='lat' dir='ltr'><strong>solido</strong></span> <span class='ocrx_word' id='word_1_768' title='bbox 3095 4156 3215 4214; x_wconf 91' lang='lat' dir='ltr'><strong>cibo</strong></span> <span class='ocrx_word' id='word_1_769' title='bbox 3241 4157 3310 4223; x_wconf 73' lang='grc'><strong>⁸⁵,</strong></span> 
     </span>
    </p>
   </div>
   <div class='ocr_carea' id='block_1_93' title="bbox 1738 4242 3309 4317">
    <p class='ocr_par' dir='ltr' id='par_1_93' title="bbox 1738 4242 3309 4317">
     <span class='ocr_line' id='line_1_93' title="bbox 1738 4242 3309 4317; baseline 0.001 -16"><span class='ocrx_word' id='word_1_770' title='bbox 1738 4245 1832 4315; x_wconf 85' lang='lat' dir='ltr'><strong>qui</strong></span> <span class='ocrx_word' id='word_1_771' title='bbox 1860 4244 2024 4301; x_wconf 88' lang='lat' dir='ltr'><strong>etiam</strong></span> <span class='ocrx_word' id='word_1_772' title='bbox 2052 4243 2138 4299; x_wconf 85' lang='lat' dir='ltr'><strong>lac</strong></span> <span class='ocrx_word' id='word_1_773' title='bbox 2166 4242 2438 4307; x_wconf 86' lang='lat' dir='ltr'><strong>biberant,</strong></span> <span class='ocrx_word' id='word_1_774' title='bbox 2484 4257 2594 4298; x_wconf 91' lang='lat' dir='ltr'><strong>non</strong></span> <span class='ocrx_word' id='word_1_775' title='bbox 2632 4243 2812 4299; x_wconf 89' lang='lat' dir='ltr'><strong>cibum</strong></span> <span class='ocrx_word' id='word_1_776' title='bbox 2836 4285 2852 4309; x_wconf 92' lang='lat'><strong>,</strong></span> <span class='ocrx_word' id='word_1_777' title='bbox 2908 4259 2973 4300; x_wconf 91' lang='lat' dir='ltr'><strong>eo</strong></span> <span class='ocrx_word' id='word_1_778' title='bbox 3009 4247 3153 4317; x_wconf 92' lang='lat' dir='ltr'><strong>quod</strong></span> <span class='ocrx_word' id='word_1_779' title='bbox 3200 4246 3309 4303; x_wconf 89' lang='lat' dir='ltr'><strong>cibi</strong></span> 
     </span>
    </p>
   </div>
   <div class='ocr_carea' id='block_1_94' title="bbox 1738 4333 3310 4409">
    <p class='ocr_par' dir='ltr' id='par_1_94' title="bbox 1738 4333 3310 4409">
     <span class='ocr_line' id='line_1_94' title="bbox 1738 4333 3310 4409; baseline 0 -16"><span class='ocrx_word' id='word_1_780' title='bbox 1738 4338 2029 4409; x_wconf 89' lang='lat' dir='ltr'><strong>participes</strong></span> <span class='ocrx_word' id='word_1_781' title='bbox 2059 4350 2183 4392; x_wconf 89' lang='lat' dir='ltr'><strong>esse</strong></span> <span class='ocrx_word' id='word_1_782' title='bbox 2229 4351 2337 4392; x_wconf 91' lang='lat' dir='ltr'><strong>non</strong></span> <span class='ocrx_word' id='word_1_783' title='bbox 2381 4345 2636 4405; x_wconf 86' lang='lat' dir='ltr'><strong>possent;</strong></span> <span class='ocrx_word' id='word_1_784' title='bbox 2672 4333 2805 4409; x_wconf 86' lang='lat' dir='ltr'><strong>[ltis,</strong></span> <span class='ocrx_word' id='word_1_785' title='bbox 2836 4335 3090 4408; x_wconf 88' lang='lat' dir='ltr'><strong>inquam,</strong></span> <span class='ocrx_word' id='word_1_786' title='bbox 3122 4338 3310 4409; x_wconf 90' lang='lat' dir='ltr'><strong>loqua-</strong></span> 
     </span>
    </p>
   </div>
   <div class='ocr_carea' id='block_1_95' title="bbox 1740 4425 3307 4502">
    <p class='ocr_par' dir='ltr' id='par_1_95' title="bbox 1740 4425 3307 4502">
     <span class='ocr_line' id='line_1_95' title="bbox 1740 4425 3307 4502; baseline 0.001 -17"><span class='ocrx_word' id='word_1_787' title='bbox 1740 4442 1827 4485; x_wconf 89' lang='lat' dir='ltr'><strong>tur</strong></span> <span class='ocrx_word' id='word_1_788' title='bbox 1857 4430 2055 4485; x_wconf 86' lang='lat' dir='ltr'><strong>Paulus</strong></span> <span class='ocrx_word' id='word_1_789' title='bbox 2087 4425 2146 4500; x_wconf 88' lang='lat'><strong>:]</strong></span> <span class='ocrx_word' id='word_1_790' title='bbox 2175 4447 2192 4479; x_wconf 87' lang='grc' dir='ltr'><strong>ι</strong></span> <span class='ocrx_word' id='word_1_791' title='bbox 2216 4427 2329 4498; x_wconf 80' lang='lat' dir='ltr'><strong>Ego</strong></span> <span class='ocrx_word' id='word_1_792' title='bbox 2363 4426 2536 4483; x_wconf 86' lang='lat' dir='ltr'><strong>habeo</strong></span> <span class='ocrx_word' id='word_1_793' title='bbox 2561 4427 2741 4483; x_wconf 90' lang='lat' dir='ltr'><strong>cibum</strong></span> <span class='ocrx_word' id='word_1_794' title='bbox 2772 4430 3120 4494; x_wconf 81' lang='lat' dir='ltr'><strong>manducare,</strong></span> <span class='ocrx_word' id='word_1_795' title='bbox 3144 4447 3307 4502; x_wconf 88' lang='lat' dir='ltr'><strong>quem</strong></span> 
     </span>
    </p>
   </div>
   <div class='ocr_carea' id='block_1_96' title="bbox 1738 4517 3307 4591">
    <p class='ocr_par' dir='ltr' id='par_1_96' title="bbox 1738 4517 3307 4591">
     <span class='ocr_line' id='line_1_96' title="bbox 1738 4517 3307 4591; baseline 0.001 -16"><span class='ocrx_word' id='word_1_796' title='bbox 1738 4537 1836 4578; x_wconf 90' lang='lat' dir='ltr'><strong>vos</strong></span> <span class='ocrx_word' id='word_1_797' title='bbox 1885 4521 2178 4577; x_wconf 55' lang='lat' dir='ltr'><strong>nescitisu</strong></span> <span class='ocrx_word' id='word_1_798' title='bbox 2243 4518 2582 4588; x_wconf 89' lang='lat' dir='ltr'><strong>Semperque</strong></span> <span class='ocrx_word' id='word_1_799' title='bbox 2627 4517 2877 4589; x_wconf 80' lang='lat' dir='ltr'><strong>profecto</strong></span> <span class='ocrx_word' id='word_1_800' title='bbox 2928 4519 3021 4590; x_wconf 91' lang='lat' dir='ltr'><strong>qui</strong></span> <span class='ocrx_word' id='word_1_801' title='bbox 3079 4532 3307 4591; x_wconf 70' lang='lat' dir='ltr'><strong>praestat</strong></span> 
     </span>
    </p>
   </div>
   <div class='ocr_carea' id='block_1_97' title="bbox 1736 4609 3306 4683">
    <p class='ocr_par' dir='ltr' id='par_1_97' title="bbox 1736 4609 3306 4683">
     <span class='ocr_line' id='line_1_97' title="bbox 1736 4609 3306 4683; baseline 0.002 -16"><span class='ocrx_word' id='word_1_802' title='bbox 1736 4612 2121 4677; x_wconf 90' lang='lat' dir='ltr'><strong>deterioribus,</strong></span> <span class='ocrx_word' id='word_1_803' title='bbox 2171 4609 2366 4679; x_wconf 88' lang='lat' dir='ltr'><strong>hisque</strong></span> <span class='ocrx_word' id='word_1_804' title='bbox 2411 4610 2501 4679; x_wconf 92' lang='lat' dir='ltr'><strong>qui</strong></span> <span class='ocrx_word' id='word_1_805' title='bbox 2544 4610 2731 4664; x_wconf 89' lang='lat' dir='ltr'><strong>videre</strong></span> <span class='ocrx_word' id='word_1_806' title='bbox 2774 4622 3046 4680; x_wconf 88' lang='lat' dir='ltr'><strong>nequeant</strong></span> <span class='ocrx_word' id='word_1_807' title='bbox 3089 4628 3155 4668; x_wconf 82' lang='lat' dir='ltr'><strong>ea</strong></span> <span class='ocrx_word' id='word_1_808' title='bbox 3184 4629 3306 4683; x_wconf 80' lang='lat' dir='ltr'><strong>quae</strong></span> 
     </span>
    </p>
   </div>
   <div class='ocr_carea' id='block_1_98' title="bbox 1738 4701 3304 4776">
    <p class='ocr_par' dir='ltr' id='par_1_98' title="bbox 1738 4701 3304 4776">
     <span class='ocr_line' id='line_1_98' title="bbox 1738 4701 3304 4776; baseline 0.001 -14"><span class='ocrx_word' id='word_1_809' title='bbox 1738 4709 1921 4764; x_wconf 88' lang='lat' dir='ltr'><strong>vident</strong></span> <span class='ocrx_word' id='word_1_810' title='bbox 1971 4703 2376 4776; x_wconf 56' lang='lat' dir='ltr'><strong>prastantiores</strong></span> <span class='ocrx_word' id='word_1_811' title='bbox 2400 4742 2416 4767; x_wconf 96' lang='lat'><strong>,</strong></span> <span class='ocrx_word' id='word_1_812' title='bbox 2476 4701 2666 4756; x_wconf 90' lang='lat' dir='ltr'><strong>dicet:</strong></span> <span class='ocrx_word' id='word_1_813' title='bbox 2702 4721 2720 4753; x_wconf 87' lang='grc' dir='ltr'><strong>ι</strong></span> <span class='ocrx_word' id='word_1_814' title='bbox 2745 4701 2859 4772; x_wconf 83' lang='lat' dir='ltr'><strong>Ego</strong></span> <span class='ocrx_word' id='word_1_815' title='bbox 2902 4703 3084 4758; x_wconf 91' lang='lat' dir='ltr'><strong>cibum</strong></span> <span class='ocrx_word' id='word_1_816' title='bbox 3130 4706 3304 4764; x_wconf 87' lang='lat' dir='ltr'><strong>habeo</strong></span> 
     </span>
    </p>
   </div>
   <div class='ocr_carea' id='block_1_99' title="bbox 1740 4792 3306 4867">
    <p class='ocr_par' dir='ltr' id='par_1_99' title="bbox 1740 4792 3306 4867">
     <span class='ocr_line' id='line_1_99' title="bbox 1740 4792 3306 4867; baseline -0.005 -13"><span class='ocrx_word' id='word_1_817' title='bbox 1740 4799 2070 4854; x_wconf 89' lang='lat' dir='ltr'><strong>manducare</strong></span> <span class='ocrx_word' id='word_1_818' title='bbox 2099 4812 2261 4867; x_wconf 90' lang='lat' dir='ltr'><strong>quem</strong></span> <span class='ocrx_word' id='word_1_819' title='bbox 2297 4809 2392 4849; x_wconf 87' lang='lat' dir='ltr'><strong>vos</strong></span> <span class='ocrx_word' id='word_1_820' title='bbox 2425 4795 2667 4849; x_wconf 82' lang='lat' dir='ltr'><strong>nescitis.</strong></span> <span class='ocrx_word' id='word_1_821' title='bbox 2700 4813 2717 4844; x_wconf 76' lang='grc' dir='ltr'><strong>ι</strong></span> <span class='ocrx_word' id='word_1_822' title='bbox 2778 4792 2888 4851; x_wconf 87' lang='lat' dir='ltr'><strong>Nec</strong></span> <span class='ocrx_word' id='word_1_823' title='bbox 2935 4810 3068 4852; x_wconf 86' lang='lat' dir='ltr'><strong>sane</strong></span> <span class='ocrx_word' id='word_1_824' title='bbox 3107 4797 3306 4853; x_wconf 85' lang='lat' dir='ltr'><strong>absur.</strong></span> 
     </span>
    </p>
   </div>
   <div class='ocr_carea' id='block_1_100' title="bbox 1742 4886 3307 4958">
    <p class='ocr_par' dir='ltr' id='par_1_100' title="bbox 1742 4886 3307 4958">
     <span class='ocr_line' id='line_1_100' title="bbox 1742 4886 3307 4958; baseline -0.003 -9"><span class='ocrx_word' id='word_1_825' title='bbox 1742 4895 1870 4949; x_wconf 86' lang='lat' dir='ltr'><strong>dum</strong></span> <span class='ocrx_word' id='word_1_826' title='bbox 1918 4893 2060 4958; x_wconf 90' lang='lat' dir='ltr'><strong>erit,</strong></span> <span class='ocrx_word' id='word_1_827' title='bbox 2116 4890 2161 4945; x_wconf 88' lang='lat' dir='ltr'><strong>si</strong></span> <span class='ocrx_word' id='word_1_828' title='bbox 2219 4889 2520 4944; x_wconf 82' lang='lat' dir='ltr'><strong>dixerimus</strong></span> <span class='ocrx_word' id='word_1_829' title='bbox 2564 4902 2668 4941; x_wconf 87' lang='lat' dir='ltr'><strong>non</strong></span> <span class='ocrx_word' id='word_1_830' title='bbox 2723 4886 2894 4942; x_wconf 90' lang='lat' dir='ltr'><strong>solum</strong></span> <span class='ocrx_word' id='word_1_831' title='bbox 2954 4889 3200 4947; x_wconf 75' lang='lat' dir='ltr'><strong>homines</strong></span> <span class='ocrx_word' id='word_1_832' title='bbox 3249 4903 3307 4949; x_wconf 84' lang='lat' dir='ltr'><strong>et</strong></span> 
     </span>
    </p>
   </div>
   <div class='ocr_carea' id='block_1_101' title="bbox 1734 4981 3297 5057">
    <p class='ocr_par' dir='ltr' id='par_1_101' title="bbox 1734 4981 3297 5057">
     <span class='ocr_line' id='line_1_101' title="bbox 1734 4981 3297 5057; baseline -0.002 -16"><span class='ocrx_word' id='word_1_833' title='bbox 1734 4986 1954 5057; x_wconf 89' lang='lat' dir='ltr'><strong>angelos</strong></span> <span class='ocrx_word' id='word_1_834' title='bbox 1996 4986 2239 5055; x_wconf 81' lang='lat' dir='ltr'><strong>indigere</strong></span> <span class='ocrx_word' id='word_1_835' title='bbox 2267 4982 2404 5038; x_wconf 93' lang='lat' dir='ltr'><strong>cibis</strong></span> <span class='ocrx_word' id='word_1_836' title='bbox 2433 4981 2884 5050; x_wconf 88' lang='lat' dir='ltr'><strong>intelligibilibus,</strong></span> <span class='ocrx_word' id='word_1_837' title='bbox 2912 4998 3101 5038; x_wconf 89' lang='lat' dir='ltr'><strong>verum</strong></span> <span class='ocrx_word' id='word_1_838' title='bbox 3130 4985 3297 5039; x_wconf 89' lang='lat' dir='ltr'><strong>etiam</strong></span> 
     </span>
    </p>
   </div>
   <div class='ocr_carea' id='block_1_102' title="bbox 1906 5077 3299 5150">
    <p class='ocr_par' dir='ltr' id='par_1_102' title="bbox 1906 5077 3299 5150">
     <span class='ocr_line' id='line_1_102' title="bbox 1906 5077 3299 5150; baseline -0.001 -13"><span class='ocrx_word' id='word_1_839' title='bbox 1906 5084 1950 5115; x_wconf 81' lang='grc'>¹⁸</span> <span class='ocrx_word' id='word_1_840' title='bbox 1972 5080 2040 5137; x_wconf 79' lang='grc' dir='ltr'><strong>ιν</strong></span> <span class='ocrx_word' id='word_1_841' title='bbox 2062 5081 2197 5150; x_wconf 86' lang='lat' dir='ltr'><strong>Reg.</strong></span> <span class='ocrx_word' id='word_1_842' title='bbox 2219 5079 2441 5150; x_wconf 52' lang='grc' dir='ltr'><strong>μηδι),</strong></span> <span class='ocrx_word' id='word_1_843' title='bbox 2490 5077 2694 5150; x_wconf 56' lang='lat' dir='ltr'><strong>f°PsaI.</strong></span> <span class='ocrx_word' id='word_1_844' title='bbox 2732 5094 2869 5150; x_wconf 78' lang='lat' dir='ltr'><strong>xx&quot;,</strong></span> <span class='ocrx_word' id='word_1_845' title='bbox 2896 5081 2945 5145; x_wconf 76' lang='lat' dir='ltr'><strong>l,</strong></span> <span class='ocrx_word' id='word_1_846' title='bbox 2972 5079 3061 5150; x_wconf 16' lang='grc'><strong>2.,</strong></span> <span class='ocrx_word' id='word_1_847' title='bbox 3107 5080 3150 5111; x_wconf 75' lang='grc'>¹⁷</span> <span class='ocrx_word' id='word_1_848' title='bbox 3176 5080 3299 5136; x_wconf 88' lang='lat' dir='ltr'><strong>Isai.</strong></span> 
     </span>
    </p>
   </div>
   <div class='ocr_carea' id='block_1_103' title="bbox 89 5148 3297 5233">
    <p class='ocr_par' dir='ltr' id='par_1_103' title="bbox 89 5148 3297 5233">
     <span class='ocr_line' id='line_1_103' title="bbox 89 5148 3297 5233; baseline -0.005 -15"><span class='ocrx_word' id='word_1_849' title='bbox 89 5180 154 5230; x_wconf 78' lang='grc' dir='ltr'><strong>ιι,</strong></span> <span class='ocrx_word' id='word_1_850' title='bbox 179 5148 685 5233; x_wconf 46' lang='lat' dir='ltr'><strong>7.’&quot;¥i&#39;cé.&#39;..&#39;x£{v,</strong></span> <span class='ocrx_word' id='word_1_851' title='bbox 711 5165 800 5220; x_wconf 73' lang='lat'><strong>52.</strong></span> <span class='ocrx_word' id='word_1_852' title='bbox 862 5148 921 5199; x_wconf 11' lang='lat'><strong>7“</strong></span> <span class='ocrx_word' id='word_1_853' title='bbox 948 5148 1239 5229; x_wconf 19' lang='lat' dir='ltr'><strong>Psalicm,</strong></span> <span class='ocrx_word' id='word_1_854' title='bbox 1272 5160 1357 5216; x_wconf 75' lang='grc'><strong>15.</strong></span> <span class='ocrx_word' id='word_1_855' title='bbox 1432 5161 1478 5195; x_wconf 77' lang='grc' dir='ltr'><strong>³ο</strong></span> <span class='ocrx_word' id='word_1_856' title='bbox 1503 5148 1666 5215; x_wconf 47' lang='grc' dir='ltr'><strong>Μαί</strong></span> <span class='ocrx_word' id='word_1_857' title='bbox 1712 5158 1755 5188; x_wconf 79' lang='grc'>¹¹</span> <span class='ocrx_word' id='word_1_858' title='bbox 1784 5150 1925 5211; x_wconf 82' lang='lat' dir='ltr'><strong>Psal.</strong></span> <span class='ocrx_word' id='word_1_859' title='bbox 1990 5148 2194 5215; x_wconf 72' lang='lat' dir='ltr'><strong>LXXVII,</strong></span> <span class='ocrx_word' id='word_1_860' title='bbox 2238 5149 2331 5202; x_wconf 78' lang='lat'><strong>‘25.</strong></span> <span class='ocrx_word' id='word_1_861' title='bbox 2403 5149 2449 5180; x_wconf 81' lang='grc'><strong><em>²²</em></strong></span> <span class='ocrx_word' id='word_1_862' title='bbox 2483 5148 2619 5204; x_wconf 89' lang='lat' dir='ltr'><strong>Gen.</strong></span> <span class='ocrx_word' id='word_1_863' title='bbox 2653 5164 2807 5215; x_wconf 84' lang='lat' dir='ltr'><strong>xvm,</strong></span> <span class='ocrx_word' id='word_1_864' title='bbox 2836 5148 2887 5202; x_wconf 88' lang='lat'><em>6.</em></span> <span class='ocrx_word' id='word_1_865' title='bbox 2966 5150 3012 5181; x_wconf 76' lang='lat'>”</span> <span class='ocrx_word' id='word_1_866' title='bbox 3038 5149 3194 5205; x_wconf 80' lang='lat' dir='ltr'><strong>Joatt.</strong></span> <span class='ocrx_word' id='word_1_867' title='bbox 3221 5167 3297 5215; x_wconf 88' lang='lat' dir='ltr'><strong>tv,</strong></span> 
     </span>
    </p>
   </div>
   <div class='ocr_carea' id='block_1_104' title="bbox 88 5233 694 5303">
    <p class='ocr_par' dir='ltr' id='par_1_104' title="bbox 88 5233 694 5303">
     <span class='ocr_line' id='line_1_104' title="bbox 88 5233 694 5303; baseline 0.007 -15"><span class='ocrx_word' id='word_1_868' title='bbox 88 5233 163 5289; x_wconf 74' lang='lat'><strong>32.</strong></span> <span class='ocrx_word' id='word_1_869' title='bbox 224 5235 309 5289; x_wconf 73' lang='lat' dir='ltr'><strong>“&#39;I</strong></span> <span class='ocrx_word' id='word_1_870' title='bbox 345 5238 471 5292; x_wconf 81' lang='lat' dir='ltr'><strong>Cor.</strong></span> <span class='ocrx_word' id='word_1_871' title='bbox 510 5254 591 5303; x_wconf 82' lang='grc' dir='ltr'><strong>ιιι,</strong></span> <span class='ocrx_word' id='word_1_872' title='bbox 637 5239 694 5292; x_wconf 72' lang='grc'><strong>2.</strong></span> 
     </span>
    </p>
   </div>
   <div class='ocr_carea' id='block_1_105' title="bbox 148 5328 1025 5402">
    <p class='ocr_par' dir='ltr' id='par_1_105' title="bbox 148 5328 1025 5402">
     <span class='ocr_line' id='line_1_105' title="bbox 148 5328 1025 5402; baseline 0.001 -18"><span class='ocrx_word' id='word_1_873' title='bbox 148 5328 247 5399; x_wconf 71' lang='lat'><strong>(50)</strong></span> <span class='ocrx_word' id='word_1_874' title='bbox 272 5332 373 5385; x_wconf 79' lang='lat' dir='ltr'><strong>Kal</strong></span> <span class='ocrx_word' id='word_1_875' title='bbox 403 5331 539 5386; x_wconf 81' lang='grc' dir='ltr'><strong>ἔστι</strong></span> <span class='ocrx_word' id='word_1_876' title='bbox 568 5331 635 5402; x_wconf 77' lang='grc' dir='ltr'><em>τέ</em></span> <span class='ocrx_word' id='word_1_877' title='bbox 660 5347 805 5386; x_wconf 81' lang='grc' dir='ltr'><strong>ποτε</strong></span> <span class='ocrx_word' id='word_1_878' title='bbox 850 5330 1025 5402; x_wconf 63' lang='lat' dir='ltr'><strong>ferto;</strong></span> 
     </span>
    </p>
   </div>
   <div class='ocr_carea' id='block_1_106' title="bbox 92 5397 968 5471">
    <p class='ocr_par' dir='ltr' id='par_1_106' title="bbox 92 5397 968 5471">
     <span class='ocr_line' id='line_1_106' title="bbox 92 5397 968 5471; baseline 0.009 -23"><span class='ocrx_word' id='word_1_879' title='bbox 92 5397 379 5471; x_wconf 51' lang='lat' dir='ltr'><strong>ln&#39;vuigatis</strong></span> <span class='ocrx_word' id='word_1_880' title='bbox 399 5402 508 5456; x_wconf 84' lang='grc' dir='ltr'><strong>τῶν</strong></span> <span class='ocrx_word' id='word_1_881' title='bbox 535 5397 588 5453; x_wconf 74' lang='grc'><strong>0⁵</strong></span> <span class='ocrx_word' id='word_1_882' title='bbox 637 5404 968 5471; x_wconf 80' lang='lat' dir='ltr'><strong>editionibus</strong></span> 
     </span>
    </p>
   </div>
   <div class='ocr_carea' id='block_1_107' title="bbox 1103 5324 1620 5397">
    <p class='ocr_par' dir='ltr' id='par_1_107' title="bbox 1103 5324 1620 5397">
     <span class='ocr_line' id='line_1_107' title="bbox 1103 5324 1620 5397; baseline -0.014 -13"><span class='ocrx_word' id='word_1_883' title='bbox 1103 5350 1135 5395; x_wconf 85' lang='grc' dir='ltr'><strong>ς</strong></span> <span class='ocrx_word' id='word_1_884' title='bbox 1177 5324 1483 5397; x_wconf 67' lang='grc' dir='ltr'><strong>λαχάνων.</strong></span> <span class='ocrx_word' id='word_1_885' title='bbox 1513 5333 1620 5397; x_wconf 81' lang='lat' dir='ltr'><strong>etc.</strong></span> 
     </span>
    </p>
   </div>
   <div class='ocr_carea' id='block_1_108' title="bbox 1051 5394 1624 5459">
    <p class='ocr_par' dir='ltr' id='par_1_108' title="bbox 1051 5394 1624 5459">
     <span class='ocr_line' id='line_1_108' title="bbox 1051 5394 1624 5459; baseline -0.012 -6"><span class='ocrx_word' id='word_1_886' title='bbox 1051 5394 1380 5457; x_wconf 57' lang='lat' dir='ltr'><strong>roverb.&quot;xv.</strong></span> <span class='ocrx_word' id='word_1_887' title='bbox 1421 5396 1511 5459; x_wconf 73' lang='lat' dir='ltr'><strong>l7,</strong></span> <span class='ocrx_word' id='word_1_888' title='bbox 1549 5394 1624 5447; x_wconf 91' lang='lat' dir='ltr'><strong>Ie-</strong></span> 
     </span>
    </p>
   </div>
   <div class='ocr_carea' id='block_1_109' title="bbox 1798 5314 3298 5391">
    <p class='ocr_par' dir='ltr' id='par_1_109' title="bbox 1798 5314 3298 5391">
     <span class='ocr_line' id='line_1_109' title="bbox 1798 5314 3298 5391; baseline -0.004 -15"><span class='ocrx_word' id='word_1_889' title='bbox 1798 5319 1913 5391; x_wconf 82' lang='lat'><strong>(5‘5)</strong></span> <span class='ocrx_word' id='word_1_890' title='bbox 1952 5314 2327 5391; x_wconf 64' lang='grc' dir='ltr'><strong>Ἐλισσαῖον.</strong></span> <span class='ocrx_word' id='word_1_891' title='bbox 2361 5315 2453 5391; x_wconf 78' lang='lat' dir='ltr'><strong>Sic</strong></span> <span class='ocrx_word' id='word_1_892' title='bbox 2474 5315 2675 5391; x_wconf 86' lang='lat' dir='ltr'><strong>ubique</strong></span> <span class='ocrx_word' id='word_1_893' title='bbox 2706 5315 2758 5370; x_wconf 92' lang='lat' dir='ltr'><strong>in</strong></span> <span class='ocrx_word' id='word_1_894' title='bbox 2785 5316 2971 5372; x_wconf 88' lang='lat' dir='ltr'><strong>codice</strong></span> <span class='ocrx_word' id='word_1_895' title='bbox 3008 5315 3298 5391; x_wconf 70' lang='lat' dir='ltr'><strong>Bodleiano</strong></span> 
     </span>
    </p>
   </div>
   <div class='ocr_carea' id='block_1_110' title="bbox 1730 5385 3294 5468">
    <p class='ocr_par' dir='ltr' id='par_1_110' title="bbox 1730 5385 3294 5468">
     <span class='ocr_line' id='line_1_110' title="bbox 1730 5385 3294 5468; baseline -0.004 -21"><span class='ocrx_word' id='word_1_896' title='bbox 1730 5385 1826 5468; x_wconf 67' lang='lat' dir='ltr'><strong>per</strong></span> <span class='ocrx_word' id='word_1_897' title='bbox 1854 5385 2049 5468; x_wconf 65' lang='lat' dir='ltr'><strong>duplex</strong></span> <span class='ocrx_word' id='word_1_898' title='bbox 2089 5387 2263 5468; x_wconf 80' lang='lat' dir='ltr'><strong>sigma</strong></span> <span class='ocrx_word' id='word_1_899' title='bbox 2292 5385 2616 5467; x_wconf 74' lang='lat' dir='ltr'><strong>exprimitur</strong></span> <span class='ocrx_word' id='word_1_900' title='bbox 2639 5400 2833 5442; x_wconf 88' lang='lat' dir='ltr'><strong>nomen</strong></span> <span class='ocrx_word' id='word_1_901' title='bbox 2880 5388 3161 5457; x_wconf 70' lang='lat' dir='ltr'><strong>prephetaa</strong></span> <span class='ocrx_word' id='word_1_902' title='bbox 3182 5387 3294 5442; x_wconf 82' lang='lat' dir='ltr'><strong>Eli-</strong></span> 
     </span>
    </p>
   </div>
   <div class='ocr_carea' id='block_1_111' title="bbox 91 5457 1629 5544">
    <p class='ocr_par' dir='ltr' id='par_1_111' title="bbox 91 5457 1623 5544">
     <span class='ocr_line' id='line_1_111' title="bbox 91 5457 1623 5544; baseline -0.007 -17"><span class='ocrx_word' id='word_1_903' title='bbox 91 5469 215 5544; x_wconf 60' lang='lat' dir='ltr'><strong>gitur</strong></span> <span class='ocrx_word' id='word_1_904' title='bbox 239 5457 551 5544; x_wconf 83' lang='grc' dir='ltr'><strong>Κρείσσων</strong></span> <span class='ocrx_word' id='word_1_905' title='bbox 574 5472 820 5543; x_wconf 81' lang='grc' dir='ltr'><strong>ξενισμδς</strong></span> <span class='ocrx_word' id='word_1_906' title='bbox 843 5469 981 5542; x_wconf 81' lang='grc' dir='ltr'><strong>μετὰ</strong></span> <span class='ocrx_word' id='word_1_907' title='bbox 1010 5470 1257 5544; x_wconf 51' lang='lat' dir='ltr'><strong>Mldva</strong></span> <span class='ocrx_word' id='word_1_908' title='bbox 1285 5466 1421 5539; x_wconf 78' lang='grc' dir='ltr'><strong>πρὸς</strong></span> <span class='ocrx_word' id='word_1_909' title='bbox 1444 5457 1623 5536; x_wconf 85' lang='grc' dir='ltr'><strong>φιλίαν</strong></span> 
     </span>
    </p>
   </div>
   <div class='ocr_carea' id='block_1_112' title="bbox 1804 5457 2538 5544">
    <p class='ocr_par' dir='ltr' id='par_1_112' title="bbox 1806 5457 2538 5544">
     <span class='ocr_line' id='line_1_112' title="bbox 1806 5457 2538 5544; baseline -0.007 -30"><span class='ocrx_word' id='word_1_910' title='bbox 1806 5462 1818 5514; x_wconf 91' lang='lat' dir='ltr'><strong>i</strong></span> <span class='ocrx_word' id='word_1_911' title='bbox 1844 5478 1859 5524; x_wconf 89' lang='lat'><strong>;</strong></span> <span class='ocrx_word' id='word_1_912' title='bbox 1893 5460 1945 5512; x_wconf 91' lang='lat' dir='ltr'><strong>itt</strong></span> <span class='ocrx_word' id='word_1_913' title='bbox 1984 5458 2149 5536; x_wconf 64' lang='lat' dir='ltr'><strong>Regio</strong></span> <span class='ocrx_word' id='word_1_914' title='bbox 2173 5471 2270 5544; x_wconf 54' lang='lat' dir='ltr'><strong>per</strong></span> <span class='ocrx_word' id='word_1_915' title='bbox 2299 5457 2538 5544; x_wconf 49' lang='lat' dir='ltr'><strong>uui‘cuml.</strong></span> 
     </span>
    </p>
   </div>
   <div class='ocr_carea' id='block_1_113' title="bbox 90 5538 1388 5615">
    <p class='ocr_par' dir='ltr' id='par_1_113' title="bbox 90 5538 1388 5615">
     <span class='ocr_line' id='line_1_113' title="bbox 90 5538 1388 5615; baseline 0.001 -1"><span class='ocrx_word' id='word_1_916' title='bbox 90 5538 350 5615; x_wconf 49' lang='lat' dir='ltr'><strong>nam</strong></span> <span class='ocrx_word' id='word_1_917' title='bbox 374 5543 408 5613; x_wconf 68' lang='grc' dir='ltr'>ἢ</span> <span class='ocrx_word' id='word_1_918' title='bbox 434 5538 736 5615; x_wconf 80' lang='grc' dir='ltr'><strong>παράθεσις·</strong></span> <span class='ocrx_word' id='word_1_919' title='bbox 762 5538 985 5615; x_wconf 56' lang='lat' dir='ltr'><strong>mum:</strong></span> <span class='ocrx_word' id='word_1_920' title='bbox 1001 5538 1139 5615; x_wconf 51' lang='grc' dir='ltr'><strong>μω</strong></span> <span class='ocrx_word' id='word_1_921' title='bbox 1169 5538 1388 5615; x_wconf 57' lang='lat' dir='ltr'><strong>exemi.</strong></span> 
     </span>
    </p>
   </div>
   <div class='ocr_carea' id='block_1_114' title="bbox 154 5602 1629 5699">
    <p class='ocr_par' dir='ltr' id='par_1_114' title="bbox 154 5602 1625 5699">
     <span class='ocr_line' id='line_1_114' title="bbox 154 5602 1625 5699; baseline -0.011 -23"><span class='ocrx_word' id='word_1_922' title='bbox 154 5602 351 5699; x_wconf 45' lang='lat'><strong>(55)&quot;?!</strong></span> <span class='ocrx_word' id='word_1_923' title='bbox 368 5602 608 5699; x_wconf 59' lang='grc' dir='ltr'><strong>ιὶόςὴοι.</strong></span> <span class='ocrx_word' id='word_1_924' title='bbox 641 5602 916 5699; x_wconf 39' lang='grc' dir='ltr'><strong>ιισξὲοιξὲὶ</strong></span> <span class='ocrx_word' id='word_1_925' title='bbox 951 5602 1308 5677; x_wconf 65' lang='lat' dir='ltr'><strong>Bodleianus&#39;;</strong></span> <span class='ocrx_word' id='word_1_926' title='bbox 1342 5608 1542 5680; x_wconf 79' lang='lat' dir='ltr'><strong>Regius</strong></span> <span class='ocrx_word' id='word_1_927' title='bbox 1569 5615 1625 5660; x_wconf 89' lang='lat' dir='ltr'><strong>et</strong></span> 
     </span>
    </p>
   </div>
   <div class='ocr_carea' id='block_1_115' title="bbox 1804 5602 1835 5699">
    <p class='ocr_par' dir='ltr' id='par_1_115' title="bbox 1804 5620 1835 5699">
     <span class='ocr_line' id='line_1_115' title="bbox 1804 5620 1835 5666; baseline 0 -12"><span class='ocrx_word' id='word_1_928' title='bbox 1804 5620 1835 5666; x_wconf 75' lang='grc' dir='ltr'><strong>ς.</strong></span> 
     </span>
     <span class='ocr_line' id='line_1_116' title="bbox 1804 5672 1835 5699; baseline 0 0"><span class='ocrx_word' id='word_1_929' title='bbox 1804 5672 1835 5699; x_wconf 71' lang='lat' dir='ltr'><strong>.a</strong></span> 
     </span>
    </p>
   </div>
   <div class='ocr_carea' id='block_1_116' title="bbox 92 5675 1300 5809">
    <p class='ocr_par' dir='ltr' id='par_1_116' title="bbox 92 5675 1300 5809">
     <span class='ocr_line' id='line_1_117' title="bbox 92 5675 1300 5809; baseline 0.004 -77"><span class='ocrx_word' id='word_1_930' title='bbox 92 5675 411 5742; x_wconf 74' lang='lat' dir='ltr'><strong>Batbérinus,</strong></span> <span class='ocrx_word' id='word_1_931' title='bbox 442 5675 626 5766; x_wconf 51' lang='grc' dir='ltr'><strong>ὥσπερ</strong></span> <span class='ocrx_word' id='word_1_932' title='bbox 652 5683 745 5737; x_wconf 79' lang='grc' dir='ltr'><strong>καὶ</strong></span> <span class='ocrx_word' id='word_1_933' title='bbox 774 5683 989 5809; x_wconf 56' lang='grc' dir='ltr'><strong>Κόσχοι.</strong></span> 
     </span>
     <span class='ocr_line' id='line_1_118' title="bbox 155 5748 1300 5809; baseline -0.003 0"><span class='ocrx_word' id='word_1_934' title='bbox 155 5748 260 5809; x_wconf 77' lang='grc'><strong>(59.)</strong></span> <span class='ocrx_word' id='word_1_935' title='bbox 295 5752 442 5806; x_wconf 77' lang='grc' dir='ltr'><strong>Ἁπό.</strong></span> <span class='ocrx_word' id='word_1_936' title='bbox 470 5755 559 5808; x_wconf 73' lang='grc' dir='ltr'><strong>διε</strong></span> <span class='ocrx_word' id='word_1_937' title='bbox 578 5755 746 5809; x_wconf 82' lang='lat' dir='ltr'><strong>codex</strong></span> <span class='ocrx_word' id='word_1_938' title='bbox 817 5757 1134 5809; x_wconf 86' lang='lat' dir='ltr'><strong>odtctanus:</strong></span> <span class='ocrx_word' id='word_1_939' title='bbox 1166 5749 1300 5809; x_wconf 78' lang='lat' dir='ltr'><strong>Rem</strong></span> 
     </span>
    </p>
   </div>
   <div class='ocr_carea' id='block_1_117' title="bbox 92 5748 1624 5887">
    <p class='ocr_par' dir='ltr' id='par_1_117' title="bbox 92 5748 1624 5887">
     <span class='ocr_line' id='line_1_119' title="bbox 155 5748 1624 5819; baseline 0.001 -17"><span class='ocrx_word' id='word_1_940' title='bbox 155 5748 260 5819; x_wconf 78' lang='grc'><strong>(59.)</strong></span> <span class='ocrx_word' id='word_1_941' title='bbox 295 5752 442 5806; x_wconf 76' lang='grc' dir='ltr'><strong>Ἁπό.</strong></span> <span class='ocrx_word' id='word_1_942' title='bbox 470 5754 559 5808; x_wconf 82' lang='lat' dir='ltr'><strong>Sic</strong></span> <span class='ocrx_word' id='word_1_943' title='bbox 578 5748 746 5811; x_wconf 77' lang='lat' dir='ltr'><strong>codex</strong></span> <span class='ocrx_word' id='word_1_944' title='bbox 774 5748 1134 5816; x_wconf 79' lang='lat' dir='ltr'><strong>Bodleianus;</strong></span> <span class='ocrx_word' id='word_1_945' title='bbox 1166 5749 1371 5819; x_wconf 82' lang='lat' dir='ltr'><strong>Regius</strong></span> <span class='ocrx_word' id='word_1_946' title='bbox 1401 5759 1458 5805; x_wconf 88' lang='lat' dir='ltr'><strong>et</strong></span> <span class='ocrx_word' id='word_1_947' title='bbox 1489 5749 1624 5804; x_wconf 85' lang='lat' dir='ltr'><strong>Bar-</strong></span> 
     </span>
     <span class='ocr_line' id='line_1_120' title="bbox 92 5817 461 5887; baseline 0.019 -16"><span class='ocrx_word' id='word_1_948' title='bbox 92 5817 313 5887; x_wconf 86' lang='lat' dir='ltr'><strong>berinus,</strong></span> <span class='ocrx_word' id='word_1_949' title='bbox 343 5822 461 5878; x_wconf 78' lang='grc' dir='ltr'><strong>ὑπό.</strong></span> 
     </span>
    </p>
   </div>
   <div class='ocr_carea' id='block_1_118' title="bbox 232 5912 912 5986">
    <p class='ocr_par' dir='ltr' id='par_1_118' title="bbox 232 5912 912 5986">
     <span class='ocr_line' id='line_1_121' title="bbox 232 5912 912 5986; baseline 0.01 -16"><span class='ocrx_word' id='word_1_950' title='bbox 232 5931 239 5939; x_wconf 91' lang='grc'><strong>·</strong></span> <span class='ocrx_word' id='word_1_951' title='bbox 302 5912 563 5986; x_wconf 60' lang='lat' dir='ltr'><strong>Parum.</strong></span> <span class='ocrx_word' id='word_1_952' title='bbox 603 5917 718 5979; x_wconf 81' lang='lat' dir='ltr'><strong>Gtt.</strong></span> <span class='ocrx_word' id='word_1_953' title='bbox 767 5916 912 5977; x_wconf 80' lang='lat' dir='ltr'><strong>XIV</strong></span> 
     </span>
    </p>
   </div>
   <div class='ocr_carea' id='block_1_119' title="bbox 1799 5525 3296 5603">
    <p class='ocr_par' dir='ltr' id='par_1_119' title="bbox 1799 5525 3296 5603">
     <span class='ocr_line' id='line_1_122' title="bbox 1799 5525 3296 5603; baseline -0.002 -18"><span class='ocrx_word' id='word_1_954' title='bbox 1799 5531 1911 5603; x_wconf 68' lang='grc'><strong>(54)</strong></span> <span class='ocrx_word' id='word_1_955' title='bbox 1943 5525 2323 5592; x_wconf 54' lang='grc' dir='ltr'><strong>Τοῦᾌτταιδός.</strong></span> <span class='ocrx_word' id='word_1_956' title='bbox 2387 5525 2746 5581; x_wconf 82' lang='lat' dir='ltr'><strong>Scribendum</strong></span> <span class='ocrx_word' id='word_1_957' title='bbox 2802 5527 3018 5581; x_wconf 88' lang='lat' dir='ltr'><strong>videtur</strong></span> <span class='ocrx_word' id='word_1_958' title='bbox 3066 5527 3118 5580; x_wconf 81' lang='grc' dir='ltr'><strong>οἱ</strong></span> <span class='ocrx_word' id='word_1_959' title='bbox 3170 5533 3296 5582; x_wconf 88' lang='grc' dir='ltr'><strong>παῖ-</strong></span> 
     </span>
    </p>
   </div>
   <div class='ocr_carea' id='block_1_120' title="bbox 1797 5665 3296 5744">
    <p class='ocr_par' dir='ltr' id='par_1_120' title="bbox 1797 5665 3296 5744">
     <span class='ocr_line' id='line_1_123' title="bbox 1797 5665 3296 5744; baseline -0.003 -19"><span class='ocrx_word' id='word_1_960' title='bbox 1797 5665 1910 5742; x_wconf 70' lang='grc'><strong>(55)</strong></span> <span class='ocrx_word' id='word_1_961' title='bbox 1952 5669 2125 5744; x_wconf 71' lang='grc' dir='ltr'><strong>Ἀλλὰ</strong></span> <span class='ocrx_word' id='word_1_962' title='bbox 2144 5669 2242 5723; x_wconf 78' lang='grc' dir='ltr'><strong>καὶ</strong></span> <span class='ocrx_word' id='word_1_963' title='bbox 2265 5670 2371 5744; x_wconf 59' lang='lat' dir='ltr'><strong>cer</strong></span> <span class='ocrx_word' id='word_1_964' title='bbox 2402 5665 2659 5736; x_wconf 80' lang='grc' dir='ltr'><strong>Χριστὸν</strong></span> <span class='ocrx_word' id='word_1_965' title='bbox 2681 5668 2787 5744; x_wconf 74' lang='grc' dir='ltr'><strong>τοῦ</strong></span> <span class='ocrx_word' id='word_1_966' title='bbox 2811 5668 2983 5744; x_wconf 64' lang='grc' dir='ltr'><strong>Θεοῦ,</strong></span> <span class='ocrx_word' id='word_1_967' title='bbox 3006 5679 3114 5744; x_wconf 85' lang='lat' dir='ltr'><strong>etc.</strong></span> <span class='ocrx_word' id='word_1_968' title='bbox 3142 5740 3153 5744; x_wconf 88' lang='lat'>_</span> <span class='ocrx_word' id='word_1_969' title='bbox 3177 5666 3296 5723; x_wconf 84' lang='lat' dir='ltr'><strong>Huc</strong></span> 
     </span>
    </p>
   </div>
   <div class='ocr_carea' id='block_1_121' title="bbox 1724 5738 3294 5813">
    <p class='ocr_par' dir='ltr' id='par_1_121' title="bbox 1724 5738 3294 5813">
     <span class='ocr_line' id='line_1_124' title="bbox 1724 5738 3294 5813; baseline -0.003 -15"><span class='ocrx_word' id='word_1_970' title='bbox 1724 5738 1953 5813; x_wconf 10' lang='lat' dir='ltr'><strong>quoque;</strong></span> <span class='ocrx_word' id='word_1_971' title='bbox 1967 5742 2242 5813; x_wconf 84' lang='lat' dir='ltr'><strong>pertinere</strong></span> <span class='ocrx_word' id='word_1_972' title='bbox 2264 5738 2462 5813; x_wconf 68' lang='lat' dir='ltr'><strong>debent</strong></span> <span class='ocrx_word' id='word_1_973' title='bbox 2491 5752 2703 5813; x_wconf 54' lang='grc' dir='ltr'><strong>εει-(ινφ</strong></span> <span class='ocrx_word' id='word_1_974' title='bbox 2732 5739 2784 5791; x_wconf 92' lang='lat' dir='ltr'><strong>in</strong></span> <span class='ocrx_word' id='word_1_975' title='bbox 2841 5738 3181 5813; x_wconf 55' lang='lat' dir='ltr'><strong>Qrt‘g&#39;enianis</strong></span> <span class='ocrx_word' id='word_1_976' title='bbox 3227 5747 3294 5795; x_wconf 83' lang='lat' dir='ltr'><strong>de</strong></span> 
     </span>
    </p>
   </div>
   <div class='ocr_carea' id='block_1_122' title="bbox 1723 5806 3216 5880">
    <p class='ocr_par' dir='ltr' id='par_1_122' title="bbox 1723 5806 3216 5880">
     <span class='ocr_line' id='line_1_125' title="bbox 1723 5806 3216 5880; baseline -0.002 -10"><span class='ocrx_word' id='word_1_977' title='bbox 1723 5806 1990 5870; x_wconf 70' lang='lat' dir='ltr'><strong>sententia</strong></span> <span class='ocrx_word' id='word_1_978' title='bbox 2017 5809 2326 5866; x_wconf 85' lang='lat' dir='ltr'><strong>Adamantii</strong></span> <span class='ocrx_word' id='word_1_979' title='bbox 2351 5823 2515 5880; x_wconf 84' lang='lat' dir='ltr'><strong>super</strong></span> <span class='ocrx_word' id='word_1_980' title='bbox 2543 5806 2810 5866; x_wconf 86' lang='lat' dir='ltr'><strong>Trinitate</strong></span> <span class='ocrx_word' id='word_1_981' title='bbox 2849 5806 3216 5868; x_wconf 84' lang='lat' dir='ltr'><strong>disseruntur.</strong></span> 
     </span>
    </p>
   </div>
   <div class='ocr_carea' id='block_1_123' title="bbox 2899 5903 2975 5967">
    <p class='ocr_par' dir='ltr' id='par_1_123' title="bbox 2899 5903 2975 5967">
     <span class='ocr_line' id='line_1_126' title="bbox 2899 5903 2975 5967; baseline -0.039 0"><span class='ocrx_word' id='word_1_982' title='bbox 2899 5903 2975 5967; x_wconf 71' lang='lat'><strong>15</strong></span> 
     </span>
    </p>
   </div>
  </div>
