3702 6142
390 341 502 397 459

1846 328 1958 385 ORI

2071 329 2168 383 VlS
3498 345 3578 401 ιω

398 460 569 527 ipsum
622 453 713 507 Dei
748 450 1022 506 Christum
1055 466 1067 501 :
1097 460 1326 517 namque
1376 447 1489 517 ipse
1528 445 1717 510 etiam,
1772 453 1831 497 ιιι
1883 446 1957 497 ita

2071 443 2148 495 Ξιεὶ
2174 441 2282 496 ἀπὸ
2310 442 2403 496 τοῦ
2437 406 2650 516 Πατρὺς
2680 444 2775 498 τοῦ
2815 443 2973 516 μόνου
3004 446 3278 512 ἀνενδεοῦς
3305 450 3390 504 καὶ
3417 453 3576 528 αὐτάρ-

399 552 594 614 dicam,
630 563 846 617 semper
870 545 1159 601 instruitur
1187 558 1216 597 a
1246 542 1428 605 Patre,
1460 541 1552 611 qui
1586 541 1784 594 nullius
1813 548 1957 607 eget,

396 643 500 700 sibi
530 641 822 698 subiciens.
886 637 1067 693 Sumit
1113 645 1293 691 autem
1339 633 1490 690 cibos
1517 632 1708 703 vulgus
1742 632 1959 686 discen—

398 738 529 791 tium
570 750 600 790 a
632 731 913 800 discipulis
942 728 1098 794 Jesu,
1146 728 1237 799 qui
1277 726 1540 795 jubentur
1575 725 1751 780 turbis
1796 738 1961 793 appo-

397 842 529 882 nere
559 825 724 882 :Jesu
753 837 882 878 vero
910 820 1162 890 discipuli
1217 820 1284 874 ab
1342 819 1460 889 ipso
1499 817 1657 884 Jesu,
1691 824 1964 870 verumta-

396 931 517 971 men
568 913 844 970 interdum
870 910 1035 966 etiam
1071 924 1102 963 a
1156 909 1366 965 sanctis
1417 907 1624 978 angelis
1657 923 1669 957 :
1699 914 1753 958 at
1790 903 1961 958 Filius

394 1007 487 1061 Dei
517 1019 545 1058 a
571 1004 687 1058 solo
736 1002 898 1055 Patre
929 998 1079 1053 cibos
1127 998 1332 1061 sumit,
1366 997 1572 1067 absque
1598 995 1708 1049 ullo
1758 994 1964 1048 media-

396 1107 532 1150 tore.
568 1094 756 1150 Itidem
790 1107 898 1146 non
925 1088 1224 1143 absurdum
1254 1089 1381 1154 erit,
1417 1087 1677 1157 Spiritum
1702 1098 1959 1143 sanctum

396 1188 593 1241 nutriri
664 1186 869 1240 dicere.
940 1180 1176 1236 Proinde
1259 1180 1580 1252 inquirenda
1653 1190 1740 1236 est
1803 1180 1963 1235 lectio

396 1280 714 1351 Scripturae,
768 1293 888 1347 qua:
932 1289 1031 1330 nos
1080 1275 1185 1330 hoc
1233 1276 1476 1330 edoceat.
1531 1273 1725 1328 Totum
1777 1282 1962 1327 autem

394 1369 716 1440 mysterium
742 1366 1067 1433 vocationis,
1096 1374 1150 1421 et
1173 1365 1458 1419 electionis
1479 1403 1494 1429 ,
1530 1363 1634 1419 cibi
1664 1374 1793 1419 sunt
1817 1364 1962 1418 illius

394 1475 603 1531 magnae
628 1473 801 1515 coenas
831 1476 843 1512 :
879 1476 897 1510 ι
926 1457 1097 1512 Homo
1124 1475 1143 1508 ι
1177 1456 1346 1522 enim,
1374 1455 1582 1525 inquit,
1643 1473 1663 1506 ι
1684 1456 1811 1510 fecit
1845 1470 1962 1510 cce-

395 1567 524 1606 nam
554 1565 824 1619 magnam,
847 1562 1130 1616 casumque
1156 1555 1401 1615 tempore
1447 1545 1616 1612 misit,
1673 1546 1765 1616 qui
1807 1561 1964 1602 voca-

396 1651 522 1697 rent
560 1641 817 1695 invitatos
865 1640 946 1699 ὐς
984 1659 1002 1691 ›
1026 1639 1434 1709 relegenquue
1477 1648 1601 1691 sunt
1651 1639 1873 1693 omnino
1895 1654 1962 1693 ex

394 1735 707 1805 Evangeliis
759 1734 1055 1803 parabolae,
1123 1748 1243 1801 quae
1298 1731 1364 1785 de
1412 1731 1587 1786 omnis
1642 1731 1956 1802 loquuntur.

395 1827 535 1894 Quin
564 1827 726 1881 etiam
770 1839 866 1893 per
896 1824 1092 1878 Isaiam
1150 1826 1197 1855 ²⁵
1257 1822 1644 1893 promissiones
1697 1825 1961 1879 habemus
1994 1800 2036 1853 Β

393 1919 709 1975 comedendi
731 1927 787 1973 et
809 1917 1045 1982 bibendi,
1078 1917 1344 1971 dicentem
1372 1936 1384 1971 :
1417 1934 1436 1966 ι
1468 1917 1602 1971 Ecce
1630 1917 1790 1989 245
1816 1920 1959 1974 servi

396 2011 498 2065 mei
527 2012 829 2071 comedent,
853 2022 948 2063 vos
980 2017 1160 2062 autem
1192 2008 1442 2063 esurietis
1468 2025 1483 2073 ;
1521 2023 1650 2063 ecce
1680 2009 1821 2064 servi
1854 2011 1957 2064 mei

396 2103 613 2166 bibent,
643 2115 740 2155 vos
772 2108 952 2153 autem
984 2098 1201 2154 sitietis.
1235 2116 1253 2150 ›
1297 2099 1380 2153 Ad
1427 2100 1543 2153 haec
1579 2101 1752 2169 ipsum
1788 2100 1964 2155 homi-

397 2206 517 2247 nem
548 2189 700 2260 ponit
726 2188 866 2244 Deus
897 2188 1036 2256 apud
1079 2186 1333 2243 Genesim
1375 2187 1429 2241 in
1466 2189 1718 2257 paradiso
1747 2190 1961 2244 delicia.

396 2294 539 2344 rum,
571 2279 710 2333 datis
734 2277 807 2330 illi
844 2276 1070 2347 legibus,
1098 2284 1156 2331 ut
1181 2277 1423 2347 quaedam
1448 2279 1774 2343 comederet,
1815 2294 1965 2348 qua:-

394 2373 519 2428 dam
554 2385 661 2426 non
684 2369 992 2426 comederet
1029 2387 1043 2423 :
1086 2384 1482 2440 mansurusque
1511 2380 1626 2426 erat
1649 2371 1964 2427 immortalis

396 2464 579 2527 homo,
620 2461 666 2517 si
700 2476 767 2516 ex
803 2460 950 2515 omni
1004 2460 1149 2531 ligno
1182 2462 1419 2530 paradisi
1448 2462 1791 2527 comedisset,
1825 2478 1965 2532 prae-

396 2566 641 2626 terquam
666 2570 696 2609 e
720 2554 866 2624 ligno
895 2554 1253 2623 cognoscendi
1311 2556 1507 2609 bonum
1565 2563 1619 2608 et
1659 2554 1857 2609 malum
1892 2556 1957 2610 ’⁷.

392 2647 532 2703 Vide
561 2660 682 2716 qua;
714 2647 766 2701 in
799 2645 976 2715 primo
1007 2652 1062 2699 et
1087 2644 1346 2700 vicesimo
1379 2645 1590 2715 psalmo
1633 2646 1678 2678 ³⁸
1711 2647 1964 2700 dicuntur

383 2741 463 2796 de
481 2738 567 2794 his
586 2737 678 2808 qui
710 2737 1007 2791 adorarunt
1032 2750 1098 2790 eo
1128 2736 1269 2804 quod
1302 2735 1640 2790 comederint
1670 2753 1685 2789 :
1726 2754 1744 2787 ι
1767 2734 1961 2791 Come-

392 2829 590 2885 deruut
617 2845 636 2879 ι
662 2825 808 2882 enim
837 2864 852 2891 ,
884 2826 1076 2895 inquit,
1114 2843 1133 2876 ι
1160 2834 1214 2878 et
1236 2825 1598 2879 adoraverunt
1625 2838 1813 2879 omnes
1840 2825 1962 2895 piu-

395 2934 529 2993 gues
563 2928 747 2985 terrae;
779 2936 798 2969 ι
831 2924 1118 2987 propterea
1152 2934 1164 2968 :
1191 2935 1209 2967 ε
1237 2915 1353 2970 Non
1388 2916 1677 2972 interﬁeiet
1702 2916 1963 2971 Dominus

396 3010 540 3065 fame
573 3011 808 3063 animam
834 3006 1035 3076 justam
1064 3007 1149 3072 '9;
1177 3025 1195 3057 ι
1224 3008 1318 3062 sed
1338 3008 1552 3085 quando
1576 3006 1762 3076 injusti
1799 3006 1963 3063 cilici-

398 3117 539 3166 mur,
584 3101 839 3155 immittet
872 3118 890 3151 ι
921 3097 1119 3152 famem
1153 3112 1318 3167 super
1348 3105 1546 3153 terram
1580 3112 1595 3150 :
1625 3113 1731 3154 non
1763 3098 1959 3153 famem

392 3194 573 3263 panis,
600 3205 777 3262 neque
800 3191 945 3247 sitim
976 3205 1153 3261 aquae,
1182 3190 1276 3244 sed
1305 3189 1504 3244 famem
1533 3190 1784 3245 audiendi
1814 3192 1963 3246 verbi

398 3287 491 3340 Dei
547 3285 660 3338 ³ο.»
720 3284 935 3352 Quanto
988 3283 1152 3353 igitur
1194 3282 1369 3351 magis
1410 3281 1752 3352 proficimus,
1816 3292 1968 3337 tanto

397 3377 624 3432 meliora
651 3392 714 3431 ac
737 3377 888 3445 plura
918 3373 1279 3437 comedimus,
1309 3373 1481 3428 donec
1506 3373 1737 3429 fortasse
1772 3389 1965 3443 perve-

397 3466 611 3521 niamus
640 3468 703 3519 ad
733 3466 784 3519 id
807 3505 822 3529 ,
857 3465 1184 3519 uteumdem
1225 3462 1404 3517 cibum
1444 3464 1796 3519 comedamus
1840 3479 1965 3520 cum

395 3556 534 3612 Filio
572 3558 700 3623 Dei,
731 3572 889 3627 quem
923 3558 974 3612 in
1006 3557 1297 3627 praesentia
1322 3555 1569 3626 discipuli
1595 3571 1701 3612 non
1743 3567 1961 3615 norant.

394 3647 510 3705 Hoc
539 3649 593 3703 in
614 3648 733 3703 loco
762 3647 896 3702 nihil
924 3647 1059 3702 dixit
1090 3644 1409 3702 Heracleon.

462 3741 553 3797 35.
593 3760 612 3794 ι
645 3741 905 3796 Dicebant
953 3740 1120 3810 igitur
1168 3737 1414 3808 discipuli
1480 3739 1622 3794 inter
1668 3754 1728 3796 se
1765 3756 1778 3792 :
1821 3739 1962 3793 Num

400 3833 598 3904 aliquis
630 3831 909 3887 attulitilli
941 3830 1146 3901 aliquid
1171 3830 1239 3885 ad
1273 3828 1542 3885 edendum
1576 3831 1707 3885 ιιι»
1740 3832 1964 3887 Etiamsi

396 3925 688 3982 carnaliter
740 3933 890 3979 retur
950 3922 1252 3979 Heracleon
1282 3924 1398 3979 bare
1443 3938 1472 3977 a
1505 3924 1785 3993 discipulis
1833 3925 1961 3990 dici,

400 4028 656 4088 tanquam
676 4017 770 4087 qui
795 4017 969 4073 adhuc
1000 4017 1147 4072 humi
1177 4027 1390 4088 repaut,
1437 4018 1815 4074 Samaritidem
1838 4018 1964 4074 imi-

399 4120 578 4165 tantes
629 4109 949 4163 dicentem:
989 4107 1219 4177 «Neque
1270 4109 1611 4163 baustorium
1661 4111 1862 4173 habes,
1912 4119 1968 4165 et

397 4210 591 4273 puteus
621 4199 763 4254 altus
791 4207 877 4254 est
897 4199 979 4266 ";
1007 4217 1025 4250 ›
1059 4199 1277 4270 dignum
1302 4210 1384 4255 est
1404 4201 1481 4255 uti
1521 4215 1809 4257 cernamus
1833 4217 1965 4256 num

398 4296 539 4349 forte
565 4291 768 4363 aliquid
798 4290 1035 4346 divinius
1068 4290 1316 4347 videntes
1341 4292 1587 4363 discipuli
1615 4292 1798 4349 dicant
1825 4294 1968 4347 inter

398 4401 458 4440 se
497 4401 511 4438 :
547 4402 566 4435 ι
594 4382 732 4437 Num
785 4380 905 4451 quis
934 4380 1118 4435 attulit
1149 4382 1223 4436 illi
1261 4384 1403 4451 quod
1431 4383 1638 4438 edat?)
1694 4383 1967 4439 Fortassis

398 4474 543 4532 enim
585 4475 845 4530 rebantur
891 4471 1183 4542 potentiam
1213 4472 1449 4542 aliquam
1482 4476 1780 4544 angelicam
1812 4483 1963 4529 attu-
1996 4507 2041 4563 Ι)

398 4568 530 4625 lisse
561 4568 637 4624 illi
669 4565 812 4637 quod
849 4565 1063 4632 ederet;
1093 4575 1143 4619 et
1172 4564 1421 4620 fortassis
1461 4567 1659 4623 idcirco
1687 4568 1962 4623 doceban-

401 4675 489 4716 tur
534 4658 794 4729 majorem
827 4670 950 4712 esse
984 4656 1132 4710 illum
1177 4656 1396 4719 cibum,
1444 4672 1601 4725 quem
1631 4660 1966 4716 manducare

401 4753 653 4815 habebat,
684 4749 779 4819 qui
808 4758 929 4803 erat
954 4786 971 4811 ,
1001 4758 1060 4802 ut
1086 4746 1291 4802 faceret
1330 4748 1668 4803 voluntatem
1707 4750 1825 4821 ejus
1874 4754 1965 4821 qui

398 4858 521 4899 eum
553 4841 795 4907 miserat,
822 4837 1216 4909 perﬂeeretque
1250 4853 1385 4908 opus
1408 4838 1572 4894 illius.

472 4933 564 4989 36.
610 4950 630 4983 ι
663 4931 801 4987 Dicit
829 4929 936 4985 illis
957 4927 1114 4985 Jesus
1151 4950 1163 4985 :
1200 4929 1351 4985 Meus
1385 4930 1537 4985 cibus
1559 4939 1644 4986 est
1670 4941 1728 4986 ut
1763 4928 1961 4987 facim:

401 5026 735 5085 Voluntatem
769 5023 885 5092 ejus
942 5024 1034 5092 qui
1075 5022 1221 5077 misit
1245 5038 1362 5091 me,
1411 5032 1466 5077 et
1505 5024 1783 5093 perficiam
1819 5023 1966 5080 .ltius

401 5131 536 5185 opus
596 5114 709 5183 ".0
770 5112 974 5168 Decens
1027 5111 1179 5167 cibus
1213 5111 1351 5167 Fil.o
1375 5113 1507 5181 Dei,
1552 5115 1767 5184 quando
1797 5113 1967 5169 elﬁcit

399 5206 732 5262 voluntatem
764 5213 1085 5272 paternam;
1134 5206 1236 5263 hoc
1265 5203 1402 5260 velle
1451 5206 1503 5257 in
1544 5209 1723 5277 seipse
1758 5205 1969 5263 faciens

470 5348 516 5380 ³⁵
547 5345 736 5401 Matth.
768 5360 905 5410 ml,
931 5343 1009 5407 2;
1050 5344 1180 5400 Luc.
1216 5360 1327 5409 xw,
1368 5348 1425 5400 6.

398 5418 443 5449 ³⁵
486 5418 651 5471 Amos
692 5430 814 5479 vni,
857 5418 945 5469 11.

1495 5378 1499 5382 »
1533 5346 1577 5378 ’⁸
1607 5347 1727 5402 lsai.
1757 5366 1888 5413 va,
1924 5351 2009 5407 l3.

1047 5416 1089 5447 ³¹
1138 5414 1292 5472 Joan.
1329 5431 1402 5484 tv,
1436 5415 1524 5470 55.
1599 5418 1642 5450 ³³
1687 5421 1823 5474 ibid.
1863 5423 1948 5475 ll.
2026 5421 2069 5453 ³³
2108 5422 2238 5476 ibid.
2280 5421 2373 5478 54.

2066 551 2192 598 κους
2226 534 2394 605 αὐτῷ.
2456 536 2732 606 Λαμϐἀνει
2779 537 2835 590 δὲ
2880 538 2948 591 τὰ
2990 537 3252 610 βρώματα
3279 543 3307 594 ὁ
3336 541 3424 611 μὲν
3447 546 3578 612 πολύς

2063 625 2170 678 τῶν
2205 627 2657 699 μαθητευομένων
2691 629 2797 682 ἀπὸ
2833 629 2942 683 τῶν
2976 630 3231 702 μαθητῶν
3269 634 3429 704 Ἰησοῦ
3455 675 3468 699 ,
3507 655 3578 690 κε-

2063 708 2363 788 λευομένων
2398 719 2751 791 παρατιθέναι
2785 723 2895 783 τοῖς
2926 720 3131 791 ὅχλοις’
3162 724 3209 774 οἱ
3239 722 3294 776 δὲ
3324 724 3410 778 τοῦ
3443 726 3582 796 Ἰησοῦ

2067 809 2304 881 μαθηταὶ
2349 812 2441 864 ἀπ’
2478 810 2640 864 αὐτοῦ
2687 810 2858 882 Ἰησοῦ
2885 853 2900 876 ,
2959 813 3098 884 πλὴν
3131 812 3239 884 (⁸56)
3284 814 3389 868 ἔσθ’
3414 817 3583 872 ὃτεκαὶ

2063 902 2169 955 ἀπὸ
2221 902 2390 972 ἁγίων
2439 904 2716 973 ἀγγέλων
2770 906 2798 957 ὁ
2837 905 2893 957 δὲ
2928 905 3056 970 Υἱὸς
3097 906 3192 959 τοῦ
3235 908 3366 962 Θεοῦ
3398 911 3584 967 ἀπὸτοῦ

2066 995 2275 1066 Πατρὺς
2303 995 2462 1066 μόνου
2495 995 2759 1066 λαμϐάνει
2790 995 2859 1049 τὰ
2892 994 3155 1067 βρώματα
3183 1037 3196 1060 ,
3243 998 3304 1051 οὐ
3337 998 3418 1052 διά
3454 1017 3584 1066 τινος.

2065 1084 2178 1138 υύκ
2198 1083 2395 1137 ἄτοπον
2415 1084 2470 1137 δὲ
2496 1084 2590 1137 καὶ
2615 1083 2674 1137 τὸ
2702 1083 2853 1152 ἆγιον
2875 1084 3100 1156 Πνεῦμα
3118 1086 3405 1158 τρέφεσθαι
3423 1089 3583 1158 λέγειν⁸

2064 1175 2323 1247 ζητητέον
2361 1176 2417 1230 δὲ
2450 1175 2594 1241 λέξιν
2616 1177 2838 1248 Γραφῆς
2861 1178 3270 1232 ὑποϐάλλουσαν
3300 1182 3425 1250 ἡμῖν
3444 1182 3584 1237 τοῦτο.

2066 1268 2223 1322 Ὄλον
2253 1267 2309 1321 δὲ
2341 1268 2402 1321 τὸ
2446 1268 2742 1338 μυστήριον
2776 1267 2878 1338 τῆς
2907 1266 3150 1339 κλήσεως
3186 1269 3281 1322 καὶ
3318 1270 3521 1342 ἐκλογῆς
3538 1271 3592 1329 τὰ

2062 1360 2120 1412 ὲν
2151 1358 2229 1430 τῷ
2259 1359 2480 1430 μεγάλῳ
2504 1359 2705 1430 δείπνῳ
2734 1360 2852 1412 ἐστὶ
2885 1358 3171 1432 βρώματαο
3209 1379 3229 1412 ι
3265 1362 3550 1433 Ἀνθρωπος
3570 1382 3587 1415 ι

2063 1452 2191 1523 γὰρ,
2227 1452 2412 1524 φησὶν,
2448 1472 2466 1502 ι
2506 1452 2677 1505 ἐποίει
2714 1451 2928 1506 δεῖπνον
2965 1453 3127 1524 μέγα,
3158 1454 3252 1505 καὶ
3285 1455 3348 1524 τῇ
3377 1453 3485 1525 ὥρᾳ
3520 1453 3590 1507 τοῦ

2062 1544 2276 1598 δείπνου
2330 1542 2543 1614 έπεμψε
2590 1542 2817 1597 καλέσαι
2866 1545 2993 1608 τοὺς
3038 1544 3432 1616 κεκλημένους·
3462 1566 3477 1597 ι
3521 1548 3591 1598 καὶ

2064 1631 2381 1687 ἀναλεκτέον
2404 1649 2466 1700 γε
2496 1633 2603 1686 ἀπὸ
2630 1633 2738 1688 τῶν
2759 1634 3105 1702 Εὑαγγελίων
3133 1634 3233 1698 τὰς
3256 1635 3381 1707 περὶ
3405 1635 3592 1689 δείπνων

2066 1723 2403 1797 παραϐολάς.
2439 1724 2600 1779 Ἀλλὰ
2650 1726 2745 1779 καὶ
2785 1724 2873 1779 διὰ
2905 1725 2998 1779 τοῦ
3044 1726 3270 1779 Ἦσαῖου
3317 1728 3588 1796 ἐπαγγελίαι

2067 1819 2263 1887 φαγεῖν
2296 1818 2401 1870 εἱσι
2440 1818 2536 1871 καὶ
2572 1822 2713 1873 πιεῖν
2747 1817 3026 1887 λέγοντος·
3065 1837 3084 1869 ι
3130 1819 3263 1873 Ἰδοὺ
3293 1822 3339 1873 οἱ
3362 1818 3592 1873 δουλεύον-

2065 1911 2157 1974 τές
2185 1928 2275 1982 μοι
2307 1910 2605 1980 φάγονται,
2658 1911 2815 1983 ὑμεῖς
2856 1911 2912 1963 δὲ
2947 1911 3231 1965 murices:
3252 1929 3267 1943 ·
3302 1912 3406 1965 ἰδοὺ
3432 1913 3475 1965 οἱ
3500 1912 3590 1965 δου-

2066 2002 2311 2067 λεύοντές
2347 2021 2435 2074 μοι
2466 2004 2696 2068 πίονται,
2731 2005 2887 2075 ὑμεῖς
2925 2004 2982 2058 δὲ
3024 2003 3301 2075 διψήσετε.
3336 2024 3353 2056 ι
3386 2006 3492 2058 Ἔτι
3514 2005 3595 2076 μὴν

2067 2096 2124 2147 ὲν
2164 2096 2231 2164 τῇ
2319 2093 2360 2146 Γ
2363 2094 2536 2147 ενέσει
2632 2095 2712 2158 εἰς
2757 2094 2847 2147 τὸν
2897 2095 3223 2167 παράδεισον
3281 2098 3379 2167 τῆς
3427 2098 3596 2169 τρυφῆς

2066 2184 2270 2238 τίθεται
2290 2184 2379 2238 τὸν
2404 2184 2687 2256 ἄνθρωπον
2706 2187 2734 2238 ὁ
2753 2185 2904 2252 Θεὸς,
2927 2187 3125 2257 νόμους
3160 2206 3227 2242 πε
3236 2189 3291 2260 pi.
3319 2189 3408 2242 τοῦ
3434 2190 3593 2244 ἐσθίειν

2066 2275 2192 2329 τάδε
2244 2276 2401 2338 τινὰ,
2458 2276 2553 2329 καὶ
2602 2275 2676 2347 μὴ
2716 2276 2913 2330 ἐσθίειν
2974 2278 3099 2331 τάδε
3143 2278 3341 2342 διδούς·
3373 2279 3458 2333 καὶ
3491 2280 3592 2333 ἀθά-

2067 2384 2225 2431 νατος
2253 2366 2320 2421 ἂν
2353 2367 2566 2438 ἔμεινεν
2598 2370 2627 2421 ὁ
2657 2367 2942 2439 ἄνθρωπος
2962 2408 2976 2432 ,
3011 2370 3059 2421 εἰ
3094 2368 3203 2422 ἀπὸ
3237 2370 3435 2434 παντὸς
3476 2368 3593 2435 ξύλου

2066 2457 2160 2512 τοῦ
2190 2459 2248 2513 ὲν
2276 2457 2354 2529 τῷ
2385 2459 2696 2531 παραδείσῳ
2741 2458 2941 2531 βρώσει
2975 2461 3181 2533 ἤσθιεν,
3222 2463 3335 2516 ἀπὸ
3354 2463 3407 2515 δὲ
3432 2463 3511 2515 τοῦ
3532 2463 3595 2526 ξύ-

2066 2550 2157 2603 λου
2205 2550 2300 2603 τοῦ
2348 2550 2636 2620 γινώσκειν
2687 2552 2850 2606 καλὸν
2902 2554 2996 2607 καὶ
3048 2555 3287 2626 πονηρὸν
3329 2555 3400 2627 μὴ
3429 2554 3596 2626 ἢσθιεν.

2070 2641 2210 2713 Ὅρα
2256 2643 2352 2695 καὶ
2393 2643 2459 2695 τὰ
2503 2645 2560 2696 ὲν
2612 2643 2840 2715 εἰκοστῷ
2890 2644 3090 2716 πρώτῳ
3136 2645 3342 2717 ψαλμῷ
3377 2646 3597 2717 λεγόμενα

2068 2733 2196 2805 περὶ
2228 2733 2334 2787 τῶν
2374 2734 2817 2807 προσκυνούντων
2845 2736 2932 2790 διὰ
2952 2737 3010 2790 τὸ
3039 2736 3393 2809 βεϐρωκέναι·
3422 2759 3439 2809 ι
3464 2739 3599 2807 Ἐφα-

2066 2842 2161 2894 γον
2189 2845 2208 2878 ι
2254 2826 2403 2897 γὰρ,
2451 2827 2612 2897 φησὶ,
2673 2845 2691 2877 ι
2730 2828 2823 2881 καὶ
2873 2829 3291 2902 προσεκύνησαν
3341 2832 3521 2895 πάντες
3561 2829 3601 2885 oi

2068 2914 2248 2979 πίονες
2292 2914 2402 2986 (37)
2429 2915 2531 2986 τῆς
2568 2917 2699 2988 γῆς’
2736 2936 2754 2968 ι
2787 2916 2975 2989 διόπερ
3023 2937 3040 2969 ι
3070 2918 3339 2989 Οὐδαμῶς
3388 2919 3597 2990 λιμοκτο-

2067 3006 2219 3077 νήσει
2282 3006 2486 3080 Κύριος
2547 3008 2724 3079 ψυχὴν
2758 3008 3004 3063 δικαίαν·
3040 3029 3059 3062 ι
3122 3010 3239 3063 ἀλλ’
3286 3012 3413 3065 ὅταν
3461 3010 3599 3064 ἄδικοι

2068 3097 2373 3169 γενώμεθα,
2407 3099 2753 3164 ὲξαποστελεῖ
2799 3121 2818 3152 ι
2854 3102 3013 3174 λιμὸν
3045 3103 3135 3157 ἐπὶ
3167 3103 3270 3175 τὴν
3297 3104 3428 3175 γῆν,
3458 3105 3510 3156 ού
3542 3102 3601 3154 λι-

2070 3192 2168 3262 μὸν
2192 3191 2378 3264 ἄρτου,
2404 3193 2523 3246 οὐδὲ
2558 3194 2712 3264 δίψαν
2739 3195 2952 3260 ὓδατος,
2986 3196 3121 3250 ἀλλὰ
3158 3197 3322 3268 λιμὸν
3353 3196 3442 3251 τοῦ
3468 3196 3602 3250 ἀκοῦ-

2067 3299 2158 3337 σαι
2185 3283 2340 3352 λόγον
2363 3284 2520 3338 Θεοῦ.
2551 3305 2568 3337 ι
2606 3287 2768 3340 Ὅσον
2797 3284 2889 3341 οὖν
2916 3288 3323 3361 προκόπτομεν,
3361 3291 3602 3361 κρείττονι

2066 3373 2160 3427 καὶ
2186 3374 2403 3428 πλείονα
2441 3377 2748 3448 φαγόμεθα,
2784 3377 2889 3443 ἕως
2924 3381 3062 3449 τάχα
3087 3380 3388 3452 φθάσωμεν
3414 3382 3514 3452 (58)
3534 3382 3603 3433 ἐπὶ

2065 3462 2127 3516 τὸ
2155 3463 2254 3535 τὴν
2289 3464 2458 3536 αὐτὴν
2497 3464 2702 3537 βρῶσιν
2736 3470 2928 3536 φαγεῖν
2974 3469 3051 3539 τῷ
3093 3468 3203 3540 Υίῷ
3241 3471 3339 3523 τοῦ
3382 3472 3524 3533 Θεοῦ,
3554 3471 3601 3540 ἣν

2067 3556 2160 3609 ἐπὶ
2186 3556 2279 3609 τοῦ
2309 3557 2576 3629 παρόντος
2602 3562 2659 3614 οῖ
2689 3559 2928 3631 μαθηταὶ
2955 3561 3055 3614 ούκ
3096 3559 3335 3618 οῖδασιν.
3385 3563 3535 3617 Οὐδὲν
3564 3563 3604 3614 δὲ

2068 3650 2152 3712 εἰς
2184 3650 2283 3720 τὴν
2311 3649 2455 3716 λέξιν
2486 3645 2640 3704 εἶπεν
2660 3653 2689 3704 ὁ
2727 3652 3059 3722 Ἡρακλέων.

2136 3739 2225 3795 55.
2262 3758 2281 3791 ι
2316 3740 2539 3810 Ἔλεγον
2573 3737 2666 3795 οὖν
2709 3744 2759 3795 οἱ
2802 3743 3040 3815 μαθηταὶ
3068 3746 3206 3817 πρὸς
3237 3745 3515 3817 ἀλλήλους·
3536 3745 3603 3813 Μή

2065 3847 2149 3895 τις
2176 3832 2404 3902 ἤνεγκεν
2440 3832 2586 3903 αύτῷ
2618 3836 2811 3903 φαγεῖν
2838 3851 2853 3900 ;
2890 3854 2908 3886 ι
2940 3836 3001 3888 ΕΞ
3057 3838 3149 3890 καὶ
3201 3838 3479 3909 σαρκικῶς
3512 3839 3608 3889 ὐπο-

2066 3923 2331 3995 λαμόάνει
2362 3923 2538 3979 ταῦτα
2567 3925 2822 3994 λέγεσθαι
2855 3928 2884 3980 ὁ
2925 3927 3243 3999 Ἡρακλέων
3271 3930 3381 3983 ὑπὸ
3411 3929 3511 3983 τῶν
3532 3946 3609 3999 μο-

2068 4016 2267 4088 θητῶν,
2302 4016 2376 4080 ὠς
2429 4017 2508 4071 ἔτι
2553 4019 2930 4090 ταπεινότερον
2971 4020 3392 4091 διανοουμένων,
3421 4021 3507 4075 καὶ
3534 4019 3607 4087 τὴν

2066 4107 2396 4178 Σαμαρεῖτιν
2438 4110 2791 4181 μιμουμένων
2820 4109 3101 4180 λέγουσαν·
3145 4130 3164 4163 ι
3201 4112 3347 4168 Οὔτε
3398 4113 3609 4183 ἄντλημα

2068 4198 2211 4269 ἔχεις
2236 4237 2250 4262 ,
2299 4200 2394 4251 καὶ
2426 4199 2485 4253 τὸ
2518 4200 2694 4274 φρέαρ
2736 4203 2854 4254 ἐστὶ
2901 4202 3035 4273 βαθὺ
3060 4243 3075 4268 ,
3109 4222 3128 4254 ι
3159 4202 3312 4269 ἄξιον
3341 4207 3484 4276 ἡμᾶς
3510 4203 3608 4256 ἰδεῖν

2072 4293 2280 4362 μήποτε
2334 4289 2620 4361 βλέποντές
2668 4309 2722 4345 τι
2752 4292 3034 4367 ⁶θειότερον
3078 4295 3128 4347 οἱ
3190 4294 3467 4368 μαθηταὶ,
3507 4294 3610 4364 φασὶ

2071 4381 2207 4454 πρὸς
2257 4382 2518 4453 ἀλλήλους
2539 4402 2552 4415 ·
2608 4403 2626 4435 ι
2656 4386 2745 4456 Μή
2778 4403 2861 4449 τις
2894 4385 3124 4456 ἦνεγκεν
3156 4386 3311 4457 αὐτῷ
3348 4388 3558 4456 φαγείν;
3590 4401 3604 4434 ι

2070 4475 2222 4546 Τάχα
2253 4472 2362 4545 γὰρ
2404 4474 2661 4527 ὑπενόουν
2696 4475 2990 4546 ἀγγελικὴν
3022 4492 3144 4529 τινα
3179 4476 3416 4548 δύναμιν
3458 4479 3607 4547 ἐνηνο-

2069 4567 2220 4637 χέναι
2260 4565 2410 4636 αὐτῴ
2444 4570 2636 4635 φαγεῖν
2663 4584 2676 4597 ο
2707 4568 2800 4621 καὶ
2853 4568 3017 4632 εἰκὸς,
3074 4567 3156 4621 ὅτι
3190 4567 3281 4621 διὰ
3326 4568 3483 4622 τοῦτο
3530 4566 3609 4618 ἐδι-

2068 4657 2348 4720 δάσκοντο,
2380 4657 2463 4709 ὅτι
2515 4657 2696 4727 μεῖζόν
2746 4660 2892 4712 ἐστιν
2943 4658 2972 4711 ὅ
3020 4654 3131 4729 εἷχε
3413 4662 3606 4729 φαγεῖν.

2068 4752 2202 4823 ὅπερ
2234 4746 2303 4821 ἦν
2332 4750 2555 4819 ποιῆσαι
2587 4750 2648 4803 τὸ
2677 4748 2887 4822 θέλημα
2943 4750 3040 4805 τοῦ
3086 4750 3408 4824 πέμψαντος
3441 4750 3603 4807 αὐτὸν.

2069 4842 2166 4897 καὶ
2197 4843 2479 4897 τελειῶσαι
2504 4842 2565 4895 τὸ
2593 4841 2752 4913 ἔργον
2778 4841 2967 4896 αὐτοῦ.

2141 4935 2230 4990 56.
2261 4954 2280 4986 ι
2317 4936 2479 5004 Λέγει
2505 4936 2687 4998 αὐτοῖς
2717 4937 2745 4988 ὁ
2791 4936 3030 5006 Ἰησοῦς-ὀ
3077 4939 3238 5011 Ἐμὸν
3270 4935 3468 5010 βρῶμά
3491 4935 3605 4985 ἐστιν

2073 5027 2160 5080 ἵνα
2213 5026 2426 5097 ποιήσω
2464 5025 2525 5079 τὸ
2566 5024 2778 5097 θέλημα
2812 5025 2909 5082 τοῦ
2963 5029 3273 5101 πέμψαντός
3310 5044 3401 5099 με,
3435 5025 3521 5079 καὶ
3543 5038 3605 5072 τε·

2072 5118 2279 5173 λειὼσω
2339 5117 2504 5172 αὐτοῦ
2561 5118 2622 5171 τὸ
2687 5117 2868 5193 ἔργον,
2900 5141 2919 5174 ι
2975 5122 3264 5193 Πρέπουσα
3318 5118 3510 5191 βρῶσις
3549 5111 3605 5178 τῷ

2074 5210 2190 5282 Υἱῷ
2242 5209 2337 5265 τοῦ
2375 5209 2533 5272 Θεοῦ.
2586 5211 2677 5267 ὅτε
2712 5214 2940 5286 ποιητὴς
2971 5214 3180 5283 γίνεται
3225 5210 3323 5265 τοῦ
3377 5202 3603 5277 πατρικοῦ

2115 5349 2423 5423 ’τίϐεηοςιιι
2449 5349 2484 5408 3
2514 5367 2667 5423 seqq.
2766 5355 2811 5386 "
2839 5370 2981 5410 vers.
3024 5353 3117 5408 50.
3193 5354 3237 5385 ”
3283 5350 3443 5405 Prov.
3483 5364 3529 5411 ι,
3561 5344 3598 5397 5.

492 5529 734 5614 '36)}:5’
757 5527 942 5611 αὑτοῦ
988 5529 1201 5614 ’ζῃσρῦ,
1231 5530 1422 5597 πλήν.
1443 5533 1532 5586 Sic
1559 5535 1769 5614 optime
1808 5536 1963 5614 habe]

2077 5557 2201 5614 pOSt
2236 5562 2334 5612 pro
2358 5542 2605 5613 οὐδαμῶς
2643 5543 2837 5614 legitur
2867 5543 3010 5607 οὐδέ,
3047 5559 3145 5599 nec
3178 5557 3279 5595 non
3318 5533 3601 5605 ἐξαποστέλ-

471 5528 584 5648 ᾒὸϐ)
620 5530 734 5582 Ἀπ’
757 5528 942 5583 αὑτοῦ
988 5529 1201 5595 Ἰησοῦ,
1231 5530 1532 5597 πλήν.8ἰο
1568 5535 1769 5602 optime
1808 5536 1964 5589 habet

401 5596 960 5718 ξὲἔθξῑξθάιθίυηυη
1001 5600 1200 5670 Regius
1260 5618 1406 5663 vero,
1468 5604 1623 5668 male,
1668 5605 1761 5658 ἀπ’
1805 5605 1964 5658 αὒτοῦ

463 5685 472 5701 ‘
501 5707 514 5718 .
585 5691 613 5717 Α
639 5684 699 5718 .V.
1491 5691 1498 5698 ‘

403 5683 491 5717 του
501 5707 514 5726 ,
542 5683 678 5726 πλην
687 5708 699 5721 .
1491 5691 1498 5698 ’

476 5684 888 5806 ίὲῧλῗιίόοάἱοε
915 5737 1205 5795 Bodleiano
1232 5741 1386 5797 deest
1409 5744 1456 5794 οξ
1488 5740 1687 5809 πίονες,
1711 5753 1765 5800 et
1813 5756 1968 5816 paulo

2076 5612 2159 5669 λει
2182 5632 2279 5685 pro
2309 5612 2722 5686 ἐξαποστελεῖεί
2875 5685 2880 5686 γ
3013 5684 3038 5686 _
3104 5684 3136 5686 _
3180 5684 3186 5686 Α
3414 5678 3448 5686 _
3522 5677 3532 5686 ι

2149 5678 2260 5755 (38)
2287 5678 2631 5754 Φθάσωμεν.
2669 5683 2761 5740 Sic
2784 5685 2957 5743 codex
3011 5684 3365 5748 Bodleianus;
3414 5678 3597 5747 Regius,

2079 5756 2374 5820 φθάσομεν.
