3702 6142
154 284 237 339 401

1175 276 1527 333 COMMENT.
1560 274 1626 329 IN
1665 275 1853 332 JOAN.
1892 275 2129 331 TOMUS
2162 273 2297 330 χιιι.

3254 275 3358 364 to:

152 403 446 472 θελήματος,
473 395 629 450 τοῦτο
650 396 712 450 τὸ
739 396 910 450 θέλειν
951 396 1007 447 ἐν
1037 395 1218 467 ἐαυτῷ
1241 397 1428 461 ποιῶν,
1462 398 1597 468 ὅπερ
1627 392 1661 467 ἦ

1886 397 1943 450 od
1973 407 2056 451 est
2087 405 2143 450 et
2179 397 2231 450 in
2260 395 2445 460 Patre,
2477 393 2553 449 ita
2587 403 2643 448 ut
2665 393 2912 448 voluntas
2949 393 3039 450 Dei
3066 396 3136 450 sit
3161 397 3214 450 in
3238 395 3360 451 Filii

151 495 231 550 καὶ
255 495 308 546 ὲν
331 491 404 562 τῷ
425 490 616 562 Πατρὶ,
649 489 790 542 ὥστε
813 485 949 541 εἶναι
991 489 1054 542 τὸ
1087 487 1298 560 Θέλημα
1333 489 1427 542 τοῦ
1465 488 1598 542 Θεοῦ
1639 492 1695 542 ἐν

151 587 216 657 τῷ
229 584 474 655 θελήματι
496 581 590 635 τοῦ
607 581 736 634 Υίοῦ
753 580 1155 652 ἀπαραλλάκτῳ
1171 581 1260 634 τοῦ
1279 581 1578 654 θελήματος
1601 584 1693 636 τοῦ

150 676 341 750 [ἰατρὸς
364 715 379 738 ,
419 675 494 737 είς
530 673 592 726 τὸ
627 674 825 744 μηκέτι
849 669 988 726 εἶναι
1021 673 1115 726 δύο
1147 673 1445 745 θελήματα,
1476 676 1611 730 ἀλλὰ
1639 675 1694 728 ἓν

150 771 337 840 θέλημα
367 767 472 838 (59)
493 783 507 798 ο
561 768 700 838 ὅπερ
737 765 795 820 ἓν
822 766 1034 838 θέλημα
1069 766 1239 820 αἴτιον
1273 764 1340 839 ἦν
1384 766 1479 821 τοῦ
1515 769 1694 836 λέγειν

150 864 227 917 τὸν
257 861 391 916 Υίόν·
425 879 442 911 ι
490 857 630 929 Ἐγὼ
660 859 754 912 καὶ
804 861 832 911 6
877 859 1064 930 Πατὴρ
1095 860 1154 914 ’ἐν
1195 862 1390 932 ἐσμεν·
1427 879 1446 910 ι
1483 860 1575 914 καὶ
1607 861 1693 913 διὰ

148 954 287 1008 τοῦτο
315 953 371 1005 τὸ
399 951 608 1023 θέλημα
630 953 659 1005 6
682 951 804 1005 ἰδὼν
833 952 995 1005 αὐτὸν
1019 951 1230 1025 ἑώρακε
1260 953 1350 1006 τὸν
1379 954 1522 1017 Υίὸν,
1548 953 1694 1023 ἐώρα

146 1047 194 1100 δὲ
220 1047 303 1100 καὶ
331 1045 419 1098 τὸν
454 1045 748 1116 πέμψαντα
779 1045 959 1098 αὐτόν.
1001 1047 1111 1098 Καὶ
1145 1047 1354 1116 πρέπον
1385 1063 1447 1115 γε
1495 1045 1694 1117 μᾶλλον

147 1142 243 1212 (-50)
268 1139 399 1192 οὕτω
427 1143 570 1193 νοεῖν
604 1141 752 1210 ἡμᾶς
785 1138 1051 1192 ποιεῖσθαι
1082 1139 1186 1192 ὑπὸ
1210 1139 1302 1192 τοῦ
1332 1139 1462 1192 Υίοῦ
1502 1139 1563 1192 τὸ
1608 1139 1694 1192 θέ-

147 1236 274 1305 λημα
323 1231 414 1286 τοῦ
469 1231 708 1303 Πατρὸς,
764 1232 855 1300 ἀφ’
892 1224 952 1284 οὗ
1011 1230 1316 1301 θελήματος
1368 1232 1460 1284 καὶ
1490 1233 1557 1284 τὰ
1589 1231 1693 1297 ἔξω

145 1327 225 1380 τοῦ
266 1326 498 1388 Θέλοντος
534 1324 715 1387 καλῶς
741 1324 978 1392 ἐγένετο,
1021 1325 1165 1396 ἥπερ
1206 1325 1279 1395 μὴ
1327 1340 1693 1397 περιεργασά-

147 1417 316 1489 μένους
345 1420 485 1488 ἡμᾶς
511 1417 583 1470 τὰ
611 1418 739 1488 περὶ
779 1416 871 1470 τοῦ
923 1417 1225 1489 θελήματος
1273 1417 1510 1487 νομίζειν
1555 1412 1690 1469 εἶναι

144 1509 198 1563 τὸ
222 1512 380 1564 ποιεῖν
406 1509 466 1562 τὸ
505 1509 719 1580 θέλημα
744 1509 838 1561 τοῦ
872 1507 1211 1579 πέμψαντος,
1237 1510 1294 1561 ἐν
1323 1510 1407 1574 τῷ
1426 1508 1549 1562 τάδε
1571 1509 1691 1561 τινὰ

143 1599 205 1654 τὰ
235 1599 329 1664 ἔξω
356 1601 549 1653 ποιεῖν·
585 1600 764 1652 ἐκεῖνο
789 1598 918 1670 γὰρ,
956 1597 1118 1669 (λέγω
1163 1598 1220 1650 δὲ
1258 1597 1320 1651 τὸ
1350 1597 1454 1663 ἔξω
1484 1597 1576 1650 τοῦ
1605 1598 1689 1650 θέ-

144 1691 368 1755 λοντος,)
402 1691 688 1762 γινόμενον
735 1691 903 1762 χωρὶς
948 1690 1043 1743 τοῦ
1087 1691 1481 1762 προειρημένου
1535 1690 1692 1762 θελή-

145 1801 314 1856 ματος,
340 1784 434 1853 οὐχ
460 1783 582 1836 ὅλον
610 1782 708 1853 μὲν
739 1782 801 1834 τὸ
831 1781 1039 1852 θέλημα
1076 1782 1170 1834 τοῦ
1201 1781 1411 1852 Πατρός
1432 1798 1444 1811 ·
1485 1784 1591 1834 πᾶν
1635 1781 1691 1834 δέ

145 1877 245 1928 ἐστι
295 1875 352 1927 τὸ
396 1874 607 1944 θέλημα
646 1873 882 1944 Πατρὸς,
941 1873 1044 1926 ὑπὸ
1085 1873 1178 1926 τοῦ
1210 1873 1336 1925 Υίοῦ
1371 1872 1650 1942 γινόμενον
1673 1912 1688 1936 ,

142 1968 219 2021 ὅτε
243 1967 300 2020 τὸ
339 1966 511 2020 θέλειν
563 1965 656 2018 τοῦ
707 1965 843 2018 Θεοῦ
884 1965 1171 2036 γενόμενον
1214 1967 1270 2018 ὲν
1307 1964 1384 2035 τῷ
1415 1964 1527 2035 Υίῷ
1552 1969 1695 2018 ποιεῖ

144 2058 315 2122 ταῦτα,
347 2057 488 2129 ἅπερ
523 2055 772 2127 βούλεται
800 2056 862 2109 τὸ
895 2056 1104 2127 Θέλημα
1131 2054 1226 2121 τοῦ
1257 2055 1412 2108 Θεοῦ·
1442 2056 1597 2125 μόνος
1636 2055 1691 2108 δὲ

140 2151 167 2202 6
201 2147 316 2212 Υίδς
360 2151 467 2202 πᾶν
514 2148 579 2200 τὸ
613 2147 825 2218 θέλημα
871 2149 1016 2199 ποιεῖ
1057 2147 1303 2217 χωρῆσαι
1332 2145 1424 2198 τοῦ
1460 2147 1688 2216 Πατρός·

143 2243 311 2314 διόπερ
355 2244 446 2295 καὶ
491 2239 659 2296 εἰκὼν
691 2239 880 2295 αὑτοῦ.
922 2241 1310 2294 Ἐπισκεπτέον
1359 2240 1414 2294 δὲ
1447 2239 1695 2309 καὶπερὶ

143 2332 226 2385 τοῦ
275 2333 423 2400 ἁγίου
473 2333 816 2404 Πνεῦματος.
855 2332 936 2386 Τὰ
965 2331 1020 2384 δὲ
1053 2331 1215 2384 λοιπὰ
1259 2331 1389 2399 ἅγια
1416 2331 1564 2384 οὐδὲν
1599 2331 1694 2401 μὲν

144 2414 336 2480 ποιήσει
354 2423 460 2495 (AM)
489 2425 646 2496 παρὰ
659 2424 720 2476 τὸ
737 2423 948 2494 θέλημα
974 2421 1068 2475 τοῦ
1093 2421 1250 2486 Θεοῦ,
1269 2422 1361 2475 καὶ
1389 2421 1564 2474 πάντα
1582 2439 1643 2490 γε
1661 2421 1696 2474 ἂ

145 2515 360 2586 ποιήσει,
381 2517 597 2585 ποιήσει
631 2514 773 2568 κατὰ
795 2515 1039 2585 βούλημα
1063 2513 1155 2567 τοῦ
1178 2513 1333 2576 Θεοῦ,
1360 2513 1422 2563 οὐ
1445 2512 1689 2582 μέντοιγε

143 2604 335 2674 διαρκεῖ
371 2605 508 2675 πρὸς
549 2603 608 2656 τὸ
653 2604 795 2658 κατὰ
837 2606 897 2658 τὸ
945 2606 1052 2658 πᾶν
1101 2603 1311 2675 θέλημα
1360 2599 1692 2672 τυπωοῇναι.

146 2698 240 2751 Καὶ
260 2698 374 2751 τόδε
404 2715 468 2766 γε
498 2697 565 2751 τὸ
596 2697 749 2766 ἅγιον
797 2698 948 2770 παρὰ
980 2698 1099 2751 τόδε
1144 2698 1203 2750 τὸ
1249 2697 1402 2766 ἅγιον
1433 2697 1613 2770 μεῖζον
1659 2699 1693 2770 ἢ

146 2789 342 2853 πλεῖον,
397 2789 429 2860 ἢ
481 2789 730 2861 πλεῖον,ἢ
761 2789 1134 2860 έκτοπώτερον
1187 2791 1468 2862 συγκρίσει
1511 2789 1695 2862 ἐτέρου

145 2881 357 2953 χωρήσει
394 2882 502 2935 ἀπὸ
561 2881 656 2934 τοῦ
705 2881 975 2954 πατρικοῦ
1023 2881 1322 2954 θελήματος
1351 2922 1366 2946 ,
1410 2883 1504 2934 καὶ
1538 2882 1696 2935 πάλιν

145 2972 258 3042 παρ’
281 2974 447 3025 έκεῖνο
480 2971 637 3026 ἔσται
668 2989 719 3024 τι
749 2971 877 3025 ἄλλο
920 2972 1278 3042 διαφερόντως
1317 2972 1423 3042 (42)
1467 2973 1694 3044 χωροῦν.

146 3069 246 3120 Πᾶν
279 3067 332 3121 δὲ
369 3069 462 3121 καὶ
501 3069 626 3121 ὅλον
660 3069 721 3121 τὸ
749 3068 961 3139 θέλημα
1001 3067 1094 3120 τοῦ
1128 3067 1262 3120 Θεοῦ
1309 3071 1523 3139 ποιήσει
1558 3070 1585 3119 ὁ
1618 3070 1696 3120 εἰ-

146 3158 248 3212 πών
271 3175 285 3192 ⁸
319 3177 336 3208 ι
380 3159 547 3230 Ἐμὸν
586 3157 784 3230 βρῶμά
813 3158 923 3229 (45)
957 3159 1102 3211 ἐστιν
1132 3155 1218 3210 ἵνα
1267 3157 1476 3227 ποιήσω
1508 3156 1568 3208 τὸ
1613 3156 1698 3208 θέ-

146 3256 278 3323 λημα
306 3252 398 3305 τοῦ
429 3251 570 3306 Θεοῦ
595 3252 688 3304 τοῦ
716 3251 1028 3322 πέμψαντός
1056 3267 1144 3322 με.
1171 3269 1188 3301 ›
1216 3250 1370 3303 Μετὰ
1391 3249 1546 3303 τοῦτο
1572 3250 1698 3319 γοῦν

146 3363 290 3416 φησιν
320 3346 663 3418 εὐχαρίστως
694 3347 822 3416 περὶ
853 3344 946 3397 τοῦ
995 3341 1130 3396 Θεοῦ
1153 3358 1166 3372 ’
1196 3360 1216 3395 ι
1259 3343 1422 3396 Οὐδὲν
1476 3343 1698 3395 δύναται

153 3435 309 3502 ὁΥίδς
345 3442 517 3492 ποιεῖν
555 3439 647 3507 ἀφ’
679 3437 873 3490 ἑαυτοῦ
907 3435 1078 3500 οὐδὲν,
1105 3434 1202 3490 ἐὰν
1242 3437 1389 3506 μήτι
1415 3435 1584 3505 βλέπῃ
1609 3435 1700 3488 τὸν

146 3529 346 3602 Πατέρα
377 3531 666 3584 ποιοῦντα·
697 3530 733 3584 ἃ
761 3529 870 3601 γὰρ
898 3529 992 3583 ἐὰν
1036 3532 1164 3600 ποιῇ
1196 3531 1225 3582 6
1255 3529 1444 3600 Πατὴρ
1472 3569 1486 3594 ,
1531 3528 1702 3581 ταῦτα

149 3622 229 3674 καὶ
263 3624 289 3675 6
313 3623 437 3686 Υἱὸς
463 3624 672 3692 ὁμοίως
701 3625 865 3675 ποιεῖ·
893 3623 921 3674 6
956 3621 1144 3692 Πατὴρ
1175 3622 1363 3691 ἀγαπᾷ
1399 3621 1488 3675 τὸν
1535 3620 1661 3673 Υἰὸν
1684 3659 1699 3684 ,

117 3714 229 3771 ,καὶ
256 3715 427 3768 πάντα.
455 3716 729 3769 δείκνυσιν
762 3713 910 3785 αὐτῷ
941 3714 975 3768 ἃ
1002 3713 1167 3778 αὐτὸς
1199 3716 1360 3766 ποιεῖ·
1390 3733 1408 3764 ι
1438 3715 1531 3766 καὶ
1564 3713 1703 3784 τάχα

144 3805 224 3859 διὰ
251 3807 414 3861 ταῦτα
445 3807 611 3861 εἰκών
643 3809 760 3860 ἐστι
788 3807 880 3860 τοῦ
912 3806 1044 3860 Θεοῦ
1067 3807 1161 3860 τοῦ
1195 3805 1447 3878 ἀοράτου·
1481 3807 1573 3859 καὶ
1596 3806 1703 3878 γὰρ

148 3895 199 3948 τὸ
238 3899 291 3950 ἐν)
333 3897 482 3969 αὐτῷ
531 3897 743 3968 Θέλημα
789 3895 950 3950 εἰκὼν
980 3896 1074 3949 τοῦ
1110 3895 1325 3967 πρώτου
1369 3895 1700 3967 θελήματος,

107 4017 111 4020 ·
149 3989 231 4040 καὶ
258 3989 288 4060 ἡ
314 3990 369 4041 ἐν
394 3987 546 4059 αῦτῷ
576 3989 765 4060 θεότης
797 3987 960 4042 εἰκὼν
992 3989 1092 4058 τῆς
1129 3986 1390 4057 ἀληθινῆς
1421 3987 1698 4058 θεότητος

147 4078 293 4132 εἰκὼν
331 4079 387 4132 δὲ
412 4081 633 4150 καὶτῆς
663 4079 994 4151 ἀγαθότητος
1037 4077 1112 4133 ὢν
1156 4077 1248 4131 τοῦ
1288 4077 1496 4148 Πατρός
1532 4093 1664 4148 φησι
1687 4094 1700 4106 ο

153 4187 171 4219 ι
197 4169 256 4221 Τί
289 4188 354 4240 με
400 4170 583 4240 λέγεις
625 4170 862 4240 ἀγαθόν;
907 4190 924 4222 ι
965 4169 1074 4223 Καὶ
1104 4169 1263 4223 τοῦτό
1290 4186 1354 4237 γε
1383 4167 1445 4220 τὸ
1496 4167 1705 4238 θέλημα

150 4257 331 4330 βρῶμά
359 4261 475 4314 ἐστι
515 4259 613 4314 τοῦ
656 4261 785 4314 Υίοῦ
817 4261 946 4314 [διον
989 4259 1173 4313 αὐτοῦ’
1213 4260 1292 4314 διὸ
1327 4258 1523 4332 βρῶμά
1560 4261 1705 4312 ἐστιν

149 4353 175 4402 ὃ
198 4353 353 4405 ἐστιν.
386 4355 510 4407 Ὀτι
542 4353 600 4406 δὲ
644 4353 706 4406 τὸ
743 4353 871 4423 περὶ
920 4353 1017 4424 τῆς
1053 4351 1344 4415 διαθέσεως
1378 4353 1496 4404 ἐστι
1529 4351 1590 4404 τὸ
1621 4351 1707 4404 θέ-

1799 487 2074 542 voluntate
2109 485 2434 540 immutabili
2486 499 2516 537 a
2549 483 2824 539 voluntate
2858 483 3074 549 Patris;
3133 501 3202 541 ne
3256 487 3366 540 sint

1799 577 2030 648 amplius
2084 578 2201 632 dua:
2252 577 2565 632 voluntates
2590 617 2606 641 ,
2647 578 2741 630 sed
2786 590 2892 630 una
2919 577 3164 633 voluntas
3196 593 3212 632 :
3243 591 3365 647 quae

1797 687 1902 725 una
1934 671 2184 725 voluntas
2217 680 2409 725 auctor
2445 679 2530 726 est
2571 670 2710 725 Filio
2761 670 2852 724 Dei
2887 671 3098 725 dicendi
3134 689 3148 725 :
3182 689 3202 726 ι
3253 671 3364 740 Ego

1796 775 1850 819 et
1883 764 2042 819 Pater
2073 780 2237 819 unum
2263 779 2452 819 smnus
2479 764 2524 795 δι
2555 785 2568 816 :
2610 782 2630 815 ι
2665 773 2716 817 et
2753 764 2891 817 hanc
2915 769 2984 817 ob
3007 765 3364 830 voluntatem,

1796 857 1886 926 qui
1921 873 2046 911 eum
2076 858 2231 922 vidit,
2264 859 2470 911 viditet
2494 857 2710 919 Filium,
2750 857 2884 910 vidit
2909 859 3071 910 etiam
3107 872 3231 911 eum
3272 862 3363 925 qui

1799 950 1946 1004 misit
1974 951 2145 1018 ipsum
2183 950 2249 1004 ³⁸.
2279 951 2553 1018 Decetque
2587 949 2758 1017 magis
2801 949 2871 1002 ita
2918 963 3016 1000 nos
3061 949 3368 1012 intelligi-re

1795 1055 2033 1112 paterna:
2077 1042 2371 1097 voluntatis
2421 1056 2626 1095 morem
2658 1056 2849 1111 gerere
2892 1039 3113 1108 Filium,
3143 1040 3308 1112 246
3336 1059 3364 1093 a

1795 1152 1899 1204 qua
1933 1135 2212 1190 voluntate
2243 1151 2304 1190 ea
2342 1135 2505 1191 etiam
2538 1148 2660 1203 qua;
2699 1144 2852 1188 extra
2883 1146 3006 1186 eum
3063 1143 3227 1197 sunt,
3273 1134 3364 1200 qui

1797 1228 1932 1295 vult,
1969 1227 2231 1295 praeclare
2262 1226 2404 1280 facta
2438 1236 2596 1292 sunt;
2642 1241 2803 1295 quam
2836 1227 3104 1281 curiosius
3150 1243 3210 1282 ea
3242 1240 3363 1296 quae

1795 1323 1861 1376 ad
1885 1322 2213 1376 voluntatem
2251 1321 2525 1391 pertinent
2561 1330 2873 1389 spectantes
2899 1360 2913 1384 ,
2949 1319 3128 1374 facere
3168 1322 3362 1374 volun-

1797 1424 1959 1470 tatem
1994 1413 2112 1481 ejus
2136 1414 2228 1482 qui
2264 1414 2450 1479 misit,
2500 1415 2550 1466 in
2586 1412 2850 1466 faciendis
2892 1411 3210 1480 quibusdam
3245 1429 3364 1481 quae

1793 1507 2062 1560 exteriora
2125 1516 2273 1569 sunt,
2339 1505 2574 1575 positum
2627 1505 2963 1559 existimare.
3036 1505 3166 1559 Illud
3217 1507 3361 1559 enim

1794 1601 1952 1668 (dico
2008 1611 2187 1654 autem
2247 1601 2398 1667 illud,
2455 1598 2598 1669 quod
2628 1610 2781 1652 extra
2813 1598 3113 1668 volentem)
3163 1597 3361 1653 factum

1794 1708 2036 1747 seorsum
2065 1709 2094 1746 a
2121 1694 2398 1748 voluntate
2427 1692 2705 1760 praedicta,
2736 1706 2842 1746 non
2867 1701 2951 1746 est
2982 1701 3089 1747 tota
3111 1691 3363 1745 voluntas

1792 1784 2009 1852 Patris;
2043 1801 2163 1840 cum
2187 1785 2386 1854 alioqui
2414 1795 2525 1840 tota
2558 1783 2808 1838 voluntas
2849 1782 3028 1838 Patris
3059 1800 3087 1837 a
3125 1783 3265 1837 Filio
3288 1785 3363 1838 sit

1792 1873 2004 1940 effecta,
2035 1892 2156 1929 cum
2183 1875 2318 1929 velle
2349 1875 2438 1929 Dei
2470 1883 2658 1929 natum
2682 1875 2734 1928 in
2759 1873 2896 1929 Filio
2913 1874 3080 1930 faciat
3103 1875 3217 1930 haec
3242 1889 3362 1944 qua:

1793 1967 1923 2022 velit
1949 1970 2199 2022 voluntas
2230 1967 2322 2021 Dei
2355 1990 2366 2022 :
2397 1967 2514 2021 solo
2547 1965 2683 2019 Filio
2710 1967 2961 2036 capiente
2990 1976 3156 2021 totam
3186 1965 3363 2020 Patris

1793 2060 2132 2116 voluntatem
2171 2079 2184 2114 :
2219 2075 2380 2130 quam
2423 2059 2587 2113 etiam
2633 2059 2702 2112 ob
2725 2074 2946 2113 causam
2991 2060 3167 2128 imago
3195 2058 3362 2127 ipsius

1795 2163 1880 2209 est
1925 2155 1970 2188 ³⁸
2005 2171 2019 2207 :
2054 2155 2104 2208 id
2139 2155 2282 2224 quod
2314 2154 2477 2208 etiam
2525 2154 2590 2207 de
2637 2152 2842 2220 Spiritu
2877 2163 3065 2207 sancto
3115 2152 3365 2206 conside-

1796 2246 2025 2299 randum
2057 2255 2160 2301 est.
2210 2245 2482 2300 Caeterum
2539 2244 2732 2313 reliqui
2764 2245 2934 2298 sancti
2969 2244 3100 2298 nihil
3148 2244 3363 2313 quidem

1797 2338 1997 2393 facient
2031 2348 2226 2407 praeter
2266 2340 2598 2396 voluntatem
2645 2341 2736 2395 Dei
2763 2381 2777 2405 ,
2823 2350 2981 2408 atque
3025 2337 3202 2392 omnia
3237 2352 3363 2407 pro-

1798 2426 1940 2482 fecto
1991 2443 2110 2494 quae
2161 2428 2383 2499 facient,
2443 2433 2642 2485 facient
2689 2430 2984 2485 secundum
3033 2429 3365 2483 voluntatem

1801 2521 1929 2588 Dei,
1955 2522 2095 2575 haud
2129 2531 2306 2577 tamen
2351 2535 2408 2578 ut
2452 2533 2561 2580 tota
2595 2525 2688 2580 Dei
2727 2525 2978 2577 voluntas
3023 2522 3367 2591 imprimatur

1798 2614 1852 2669 in
1884 2615 1982 2668 eis.
2017 2614 2155 2680 Quin
2189 2617 2291 2669 hoc
2324 2627 2574 2670 sanctum
2599 2632 2708 2685 prae
2747 2617 2838 2670 illo
2868 2625 3055 2670 sancto
3090 2615 3283 2669 melius
3311 2625 3368 2667 et

1798 2706 1996 2777 majus,
2028 2707 2147 2778 plus
2175 2719 2339 2777 atque
2363 2711 2676 2778 expressius
2709 2710 2963 2776 percipiet
2996 2723 3064 2761 ex
3091 2707 3370 2760 voluntate

1797 2808 2048 2866 paterna,
2082 2801 2495 2869 comparatiOue
2529 2801 2771 2865 alterius,
2817 2816 2923 2869 quo
2952 2809 3145 2854 sancto
3180 2813 3368 2853 rursus

1798 2893 1942 2948 aliud
1982 2902 2229 2947 sanctum
2284 2893 2641 2948 excellentius
2691 2894 2970 2963 percipiet.
3032 2894 3101 2945 At
3147 2904 3362 2945 omnem

1799 2985 2214 3052 ttniversamque
2246 2988 2335 3040 Dei
2361 2986 2695 3040 voluntatem
2721 2985 2808 3038 ille
2827 2984 2985 3039 faciet
3014 2984 3107 3052 qui
3132 2982 3271 3036 dixit
3295 2981 3362 3038 ⁸⁷τ

1727 3099 1768 3154 C
1807 3098 1825 3128 ι
1853 3078 2002 3132 Meus
2032 3078 2184 3130 cibus
2211 3089 2294 3131 est
2326 3088 2384 3131 ut
2414 3077 2610 3132 faciam
2637 3079 2965 3132 voluntatem
2991 3097 3009 3128 ι
3047 3076 3178 3142 Dei,
3230 3094 3248 3125 ι
3277 3076 3368 3142 qui

1803 3171 1949 3223 misit
1976 3183 2080 3222 me.
2112 3188 2130 3220 ι
2160 3168 2287 3223 Post
2314 3169 2428 3224 [nec
2462 3169 2629 3239 igitur
2670 3171 2736 3224 de
2778 3169 2890 3222 Deo
2926 3168 3100 3237 inquit
3130 3168 3366 3237 gratiose

1801 3264 2087 3316 admodum
2123 3281 2137 3316 :
2173 3262 2558 3332 «Niliilpotest
2603 3264 2774 3318 Filius
2821 3263 3005 3317 l'acere
3049 3278 3078 3316 a
3120 3277 3182 3317 se
3226 3263 3367 3330 ipso,

1802 3355 1903 3409 nisi
1936 3355 2134 3410 viderit
2171 3354 2386 3408 Patrem
2419 3354 2625 3424 aliquid
2673 3355 3003 3419 facientem;
3056 3369 3176 3423 quae
3219 3355 3366 3408 enim

1802 3445 1962 3500 Pater
1984 3445 2133 3511 facit,
2161 3461 2222 3500 ea
2255 3446 2505 3501 similiter
2529 3457 2586 3500 et
2607 3445 2779 3500 Filius
2811 3445 2976 3510 facit;
3012 3444 3174 3498 Pater
3193 3444 3373 3513 diligit

1803 3536 2017 3600 Filium,
2048 3546 2103 3589 et
2123 3537 2302 3591 onmia
2339 3536 2411 3589 illi
2438 3538 2676 3590 ostendit
2699 3551 2816 3604 quae
2849 3536 2962 3603 ipse
2990 3537 3113 3590 facit
3147 3536 3230 3600 ³⁸ς
3263 3555 3281 3587 ι
3321 3546 3377 3590 et

1804 3630 2050 3684 fortassis
2106 3630 2248 3683 lianc
2292 3629 2362 3683 ob
2411 3644 2630 3683 causam
2692 3630 2870 3698 imago
2924 3637 3008 3682 est
3050 3629 3142 3683 Dei
3188 3627 3376 3682 invisi-

1802 3721 1929 3775 bilis
1960 3722 2003 3753 ⁸³
2041 3739 2056 3775 :
2099 3721 2299 3775 etenim
2330 3720 2583 3776 voluntas
2607 3761 2621 3785 ,
2655 3735 2775 3788 quae
2806 3721 2856 3772 in
2884 3720 3000 3789 ipso
3031 3729 3146 3786 est,
3195 3720 3377 3787 imago

1804 3821 1887 3862 est
1913 3809 1931 3880 {
1954 3810 2090 3880 (ὧδ’)
2130 3811 2323 3878 primm
2352 3809 2686 3872 voluntatis;
2721 3820 2775 3863 et
2802 3825 2922 3878 quae
2946 3813 2998 3863 in
3029 3825 3094 3864 eo
3122 3820 3206 3864 est
3231 3809 3375 3863 divi-

1805 3903 1966 3964 nitas,
1998 3902 2174 3970 imago
2226 3900 2332 3972 est]
2388 3915 2534 3956 vera:
2575 3901 2874 3956 divinitatis
2911 3919 2925 3955 :
2960 3902 3136 3971 imago
3189 3910 3372 3955 autem

1805 3995 1970 4049 etiam
2014 3997 2285 4050 exsistens
2334 3995 2596 4049 bonitatis
2646 3994 2826 4050 Patris
2860 3995 2930 4062 ⁸⁸,
2975 3995 3186 4066 inquit:
3219 4013 3238 4046 ι
3268 3994 3377 4048 Cur

1807 4103 1894 4142 me
1922 4103 2082 4142 vocas
2108 4088 2311 4143 bonum
2341 4088 2425 4142 “‘2
2459 4107 2477 4140 ι
2527 4088 2593 4141 Et
2628 4103 2759 4142 sane
2794 4089 3043 4144 voluntas
3069 4090 3187 4144 haec
3219 4087 3378 4143 cibus

1806 4188 1887 4232 est
1936 4179 2055 4232 Filii
2099 4180 2214 4246 Dei,
2266 4192 2430 4251 atque
2488 4182 2561 4236 illi
2616 4184 2867 4254 proprius
2915 4182 3035 4238 ideo
3085 4182 3242 4237 cibus
3292 4188 3381 4234 est

1807 4273 1947 4342 quod
1981 4274 2225 4327 voluntas
2275 4285 2376 4328 est.
2431 4273 2584 4342 Quod
2625 4286 2809 4330 autem
2868 4274 3118 4330 voluntas
3146 4273 3221 4328 sit
3251 4288 3376 4342 qua:

1806 4363 2043 4432 pertinet
2064 4367 2128 4418 ad
2153 4366 2564 4434 dispositionem
2586 4411 2601 4431 ,
2633 4369 2878 4422 declarat
2915 4366 3006 4436 qui
3035 4364 3378 4434 subiungitur

149 4442 306 4514 λημα,
335 4445 485 4517 δηλοῖ
525 4447 558 4517 η
591 4445 956 4516 ἐπιφερομένη
988 4443 1151 4509 λέξις,
1191 4443 1440 4514 δεύτερον
1477 4443 1665 4511 λέγουσ

1886 4466 2138 4521 ntextus,
2193 4462 2434 4514 secundo
2495 4462 2724 4526 dicens,
2790 4469 2913 4530 post
2971 4459 3380 4514 exsecutionem

153 4535 278 4603 μετὰ
303 4536 397 4608 τὴν
431 4539 648 4608 ποίησιν
687 4537 779 4589 τοῦ
821 4536 1122 4607 θελήματος
1163 4535 1224 4587 τὸ
1274 4533 1608 4590 τελειοῦσθαι
1644 4535 1706 4587 τὸ

153 4622 298 4696 ἔργον
334 4626 428 4679 τοῦ
458 4626 617 4680 Θεοῦ.

216 4720 298 4773 57.
334 4721 620 4775 Ἐπιπλέον
646 4721 702 4773 δὲ
734 4723 829 4774 καὶ
856 4721 983 4789 περὶ
1021 4719 1211 4773 τούτου
1252 4719 1555 4790 θεωρητέον
1581 4758 1594 4783 ,
1641 4717 1706 4770 ἵν’

157 4810 370 4881 εἰδῶμεν
395 4813 448 4865 τί
483 4815 600 4865 ἐστι
647 4812 740 4865 καὶ
776 4812 869 4864 τό·
915 4832 933 4862 ι
965 4811 1250 4864 Τελειώσω
1294 4811 1458 4865 αὐτοῦ
1509 4811 1569 4863 τὸ
1611 4809 1704 4881 ἕρ-

156 4917 260 4969 γον,
301 4923 318 4954 ι
352 4905 416 4956 Εἰ
448 4904 548 4975 μὲν
571 4900 662 4958 οὖν
682 4921 766 4966 τις
793 4902 1152 4975 ἁπλούστερον
1180 4905 1322 4974 ἐρεῖ,
1356 4903 1436 4955 ὅτι
1462 4901 1522 4956 τὸ
1542 4917 1709 4971 προσ-

157 5000 473 5070 τεταγμένον
517 5000 674 5071 ἔργον
713 5000 848 5070 ὄπερ
875 5000 985 5069 (44)
1018 4999 1182 5053 αὑτοῦ
1213 5003 1327 5052 ἐστι
1357 4998 1450 5051 τοῦ
1482 4977 1711 5070 προστά-

163 5090 365 5157 ξαντος,
425 5093 501 5157 ὡς
537 5095 593 5146 εἰ
640 5095 733 5146 ἐπὶ
773 5093 1227 5163 παραδειγμάτων
1281 5091 1539 5161 ἐλέγομεν
1589 5091 1712 5154 τοὺς

1813 4548 2100 4603 voluntatis
2120 4550 2306 4619 perlici
2338 4569 2474 4622 Opus
2507 4553 2621 4607 Dei.

1883 4730 1972 4786 37.
2007 4730 2112 4788 Sed
2136 4732 2337 4789 diutius
2360 4734 2793 4790 considerandus
2839 4743 2924 4790 est
2949 4735 3038 4790 liic
3071 4744 3380 4799 contextus,

1814 4833 1874 4878 ut
1907 4824 2269 4897 intelligamus
2318 4828 2422 4882 hoc
2473 4827 2675 4882 dictum
2702 4866 2719 4893 ,
2776 4842 3008 4896 nempe,
3054 4847 3072 4880 σ
3102 4827 3380 4896 perﬁciam

1814 4932 1952 4987 opus
2001 4920 2238 4988 ipsiusa
2293 4920 2473 4990 Atque
2523 4921 2722 4990 aliquis
2777 4921 2995 4989 quidem
3062 4921 3385 4991 simpliciter

1818 5009 1961 5062 dicet
1991 5008 2295 5076 iniunctum
2327 5025 2463 5079 opus
2491 5049 2508 5074 ,
2552 5011 2694 5066 illius
2717 5026 2838 5066 esse
2865 5011 2956 5080 qui
2985 5009 3144 5079 jussit
3171 5028 3185 5064 :
3219 5009 3382 5064 veluti

1819 5097 1888 5161 si,
1921 5101 2068 5153 verbi
2096 5102 2296 5167 gratia,
2336 5103 2639 5157 diceremus
2680 5117 2773 5156 eos
2806 5104 2894 5171 qui
2925 5102 3228 5167 fabricant,
3266 5101 3388 5170 qui-

227 5232 270 5302 "?
309 5233 464 5288 Joan.
511 5250 565 5294 κ.
609 5235 695 5290 '50.
774 5236 816 5266 ³⁵
842 5235 995 5289 Joan.
1027 5250 1125 5292 xn.
1156 5232 1245 5285 45.
1324 5233 1367 5262 ³⁸
1397 5231 1436 5284 ΙΙ
1471 5231 1593 5284 Cur.
1622 5248 1665 5284 ιι

1886 5236 1903 5266 ⁷
1930 5234 2087 5290 Joan.
2121 5252 2194 5302 tv,
2217 5238 2306 5292 54.
2386 5239 2428 5268 ³⁸
2460 5237 2613 5292 Joau.
2640 5256 2688 5300 ν,
2723 5241 2804 5300 l9.
2839 5239 2932 5298 20.
3008 5239 3049 5270 ³³
3081 5236 3195 5292 Col.
3226 5253 3263 5300 I,
3297 5235 3383 5289 15.

165 5299 207 5333 ⁸⁸
247 5301 368 5373 Sap.
397 5321 492 5370 vu,
525 5305 614 5359 26.
694 5305 746 5368 ⁸¹,
770 5305 934 5359 Marc.
966 5322 1021 5368 x,
1057 5307 1117 5370 8;
1149 5303 1279 5356 Luc.
1309 5317 1466 5366 xvm,
1497 5302 1590 5355 19.

228 5414 338 5489 ('69)
371 5419 555 5489 Ἀλλὰ
583 5418 650 5472 ἓν
690 5418 932 5489 θέλημα.
971 5417 1045 5473 Ita
1072 5421 1238 5473 codex
1264 5418 1627 5485 Bodleiauus;
1653 5421 1705 5472 in

168 5482 330 5555 Regio
353 5488 502 5542 deest
529 5490 607 5543 ἓν.

233 5556 337 5624 (40)
362 5556 628 5614 Μᾶλλον.
656 5559 812 5615 Deest
833 5561 886 5615 in
921 5559 1106 5614 codice
1146 5557 1458 5612 Bodleiano.

236 5625 340 5700 (ιι)
368 5631 545 5700 t_ludex
571 5630 790 5700 Regius,
824 5645 1124 5700 perperam,
1160 5630 1400 5699 ποιῆσαι.
1436 5630 1631 5683 Ibidem
1675 5645 1705 5683 e

177 5697 348 5748 codice
371 5697 1022 5756 Bodleiano'restituimus
1047 5702 1162 5753 inec
1196 5697 1381 5762 verba,
1450 5700 1542 5752 καὶ
1585 5700 1710 5756 πάνο

179 5780 242 5818 τα
265 5784 326 5840 γε
344 5765 379 5818 ἆ
395 5772 623 5842 ποιήσει,
644 5772 854 5840 ποιήσει
876 5769 1015 5825 κατὰ
1044 5769 1286 5838 βούλημα
1307 5769 1398 5823 τοῦ
1423 5769 1578 5825 Θεοῦ.

2027 5419 2209 5492 Codex
2246 5420 2467 5492 Regius,
2505 5419 2665 5492 male,
2694 5418 3056 5492 διαφέροντος.

1889 5484 2001 5561 (45)
2048 5489 2218 5559 Ἐμὸν
2255 5484 2486 5558 βρὶὖμα.
2522 5490 2614 5545 Sic
2653 5484 2828 5544 codex
2857 5484 3220 5557 Bodleianus;
3277 5484 3384 5546 Re-

1817 5561 1934 5632 gius
1952 5562 2145 5632 omisit
2178 5561 2326 5631 ἐμόν.

1890 5631 2026 5698 (45⁸)
2047 5630 2171 5685 Haec
2207 5629 2572 5699 Supplevimus
2597 5647 2626 5685 e
2655 5629 2925 5686 Perionio.

1890 5703 2001 5775 (44)
2030 5704 2233 5773 Ὅπερ.
2263 5703 2485 5760 Videtur
2513 5701 2830 5774 παρέλκειν.
