3702 6142
317 227 426 282 463

1778 227 2102 285 ORIGENIS
3463 236 3546 289 465

312 363 421 418 que
453 356 657 403 terram
691 357 847 403 arant
876 390 890 414 ,
944 349 1125 404 dicere
1159 363 1218 406 se
1256 349 1519 421 perﬁcere
1572 365 1707 420 opus
1749 349 1774 404 ii

2086 350 2409 422 οδομοῦντας
2460 352 2494 424 ἢ
2546 352 2927 425 γεωργοῦντας
2972 355 3199 423 φάσκειν
3226 355 3462 412 τελειοῦν
3499 364 3548 414 τὴ

316 441 407 510 qui
434 455 528 496 eos
551 443 878 510 sumpsisset
900 443 967 495 ad
993 441 1211 512 aliquod
1236 457 1373 513 opus
1410 442 1737 507 obeundum,
1763 444 1889 498 dum

315 534 637 601 perﬁcerent
669 533 797 589 illud
823 535 978 605 cujus
1000 537 1172 607 gratia
1193 538 1455 609 assumpti
1482 536 1717 593 fuerant.
1740 538 1893 593 Alius

312 642 446 679 vero
471 626 719 680 dicturus
745 636 853 691 est,
885 629 927 683 si
961 628 1278 699 perﬁciatur
1299 644 1435 697 Opus
1465 628 1557 684 Dei
1585 645 1612 682 a
1647 627 1888 695 Christo,

283 702 473 793 ‘247
523 720 735 791 liquere
779 721 884 775 hoc
919 719 1298 792 imperfectum
1349 721 1547 787 fuisse,
1599 732 1890 793 antequam

312 816 691 885 perﬁceretur.
730 813 837 868 Sed
873 815 1145 884 quomodo
1186 814 1563 886 imperfectum
1604 827 1724 870 erat
1755 832 1892 887 opus

285 890 583 965 ‘exsisteus
626 908 759 964 Dei?
807 923 1104 979 rursusque
1136 909 1425 980 quomodo
1472 910 1749 980 perﬁcitur
1795 910 1889 966 Dei

312 1017 452 1071 opus
478 1002 546 1057 ab
574 1016 638 1055 eo
668 1002 756 1071 qui
789 1001 949 1055 dixit:
985 1019 1004 1052 ι
1052 1001 1246 1069 Pater,
1273 1004 1364 1073 qui
1395 1002 1543 1058 misit
1569 1019 1654 1059 me
1675 1044 1690 1068 ,
1721 1003 1891 1071 major

312 1110 402 1148 me
445 1103 530 1149 est
554 1093 638 1147 “‘2
677 1114 697 1147 ι
758 1094 851 1149 sed
907 1092 1171 1163 perfectio
1226 1095 1410 1165 operis
1457 1094 1720 1165 perfectio
1770 1106 1893 1153 erat

313 1196 520 1252 natura;
571 1185 716 1241 illius
759 1200 883 1256 qua:
936 1185 1164 1242 rationis
1201 1197 1287 1241 est
1327 1200 1592 1257 compos:
1650 1189 1719 1243 ad
1750 1189 1890 1244 hanc

311 1279 453 1334 enim
501 1287 785 1343 naturam,
826 1294 946 1350 quae
1003 1279 1232 1334 rationis
1281 1290 1364 1334 est
1393 1293 1655 1349 compos,
1688 1280 1890 1350 imper-

312 1370 450 1427 fecta
483 1385 603 1426 cum
638 1380 818 1435 esset,
843 1369 1225 1439 perﬁciendam
1272 1369 1422 1425 venit
1454 1369 1648 1428 Sermo
1679 1373 1773 1427 Dei
1805 1374 1890 1429 Fi-

311 1463 416 1518 lius
442 1462 620 1518 factus
642 1476 793 1518 caro.
821 1461 960 1517 Num
984 1477 1114 1532 ergo
1137 1472 1378 1520 creatum
1402 1478 1487 1523 est
1509 1465 1887 1535 imperfectum

310 1572 477 1625 opus,
516 1566 570 1612 et
606 1557 848 1612 mittitur
895 1555 1153 1613 Servator
1180 1558 1250 1612 ad
1310 1558 1441 1616 illud
1501 1560 1886 1632 imperfectum

312 1647 735 1718 perﬁciendum?
761 1648 866 1703 Sed
901 1649 1169 1720 quomodo
1210 1666 1316 1706 non
1350 1661 1434 1708 est
1474 1653 1808 1719 absurdum,
1842 1655 1887 1709 si

312 1737 609 1792 dixerimus
639 1736 853 1793 Patrem
886 1740 962 1794 rei
998 1738 1330 1810 imperfecta:
1376 1754 1655 1799 auctorem
1700 1743 1887 1813 fuisse,

312 1826 659 1885 Servatorem
687 1846 819 1893 vero
847 1845 967 1886 eam
1002 1832 1378 1901 imperfectam
1406 1846 1758 1907 creatamque
1785 1837 1888 1893 im-

308 1923 606 1992 perfectam
656 1924 993 1995 perfecisse?
1049 1926 1251 1997 lgitur,
1300 1943 1421 1984 meo
1471 1929 1718 1999 judicio,
1766 1946 1891 2002 pro-

309 2017 528 2072 fundius
577 2016 794 2086 aliquod
852 2023 1174 2090 mysterium
1206 2020 1310 2074 hoc
1337 2020 1391 2074 in
1427 2021 1549 2076 loco
1592 2023 1888 2091 repositum

308 2119 422 2165 est:
466 2124 588 2163 nam
625 2109 876 2165 fortassis
907 2111 959 2166 id
990 2113 1134 2182 quod
1165 2113 1398 2170 rationis
1419 2123 1505 2169 est
1542 2130 1744 2185 capax,
1774 2127 1887 2171 tum

309 2216 433 2256 cum
465 2200 519 2255 in
556 2201 808 2271 paradiso
836 2201 1070 2272 positum
1098 2203 1221 2270 fuit,
1255 2203 1632 2273 imperfectum
1666 2209 1890 2264 omnine

311 2308 417 2347 non
465 2303 604 2349 erat.
646 2292 898 2363 Alioquin
934 2294 1025 2364 qui
1059 2295 1331 2366 posuisset
1358 2295 1499 2353 Deus
1534 2312 1652 2353 rem
1685 2298 1889 2370 imper-

307 2382 506 2439 fectam
555 2384 606 2438 in
641 2385 894 2447 paradiso
917 2425 935 2451 ,
968 2401 1090 2456 quae
1117 2400 1442 2457 operaretur
1485 2399 1541 2445 et
1588 2392 1888 2448 custodiret

308 2475 469 2531 eum?
504 2474 616 2532 Nec
660 2477 805 2533 enim
834 2487 1260 2535 consentaneum
1289 2491 1371 2537 est
1404 2484 1478 2537 uti
1530 2483 1889 2555 imperfectus

307 2568 358 2624 is
392 2569 609 2624 dicatur
646 2569 738 2640 qui
762 2571 976 2641 operari
1004 2573 1178 2641 possit
1208 2572 1415 2644 lignum
1439 2576 1583 2642 vitaz,
1611 2585 1667 2631 et
1703 2578 1883 2632 omnia

309 2677 430 2732 quae
463 2661 805 2732 plautaverat
828 2663 971 2719 Deus
999 2675 1053 2719 et
1079 2675 1269 2734 postea
1300 2677 1422 2721 orta
1459 2677 1608 2723 sunt.
1649 2669 1888 2727 Proinde

308 2755 432 2808 vide
456 2768 524 2808 ne
551 2752 691 2809 forte
713 2753 991 2823 perfectus
1014 2771 1135 2811 cum
1157 2767 1302 2814 esset
1323 2758 1512 2825 homo,
1531 2759 1886 2829 imperfectus

310 2844 385 2899 sit
416 2845 593 2901 factus
627 2845 697 2901 ob
730 2845 1154 2902 inobedientiam
1175 2889 1191 2916 ,
1225 2850 1543 2921 egueritque
1579 2851 1763 2924 aliquo
1790 2856 1883 2924 qui

308 2941 490 3011 ipsum
527 2940 596 2995 ab
642 2939 746 2996 hac
780 2940 1190 3012 imperfectione
1231 2943 1521 3012 liberaret,
1552 2955 1605 3003 et
1637 2948 1780 3004 hanc
1813 2948 1883 3005 ob

1995 443 2155 514 ἔργον
2210 443 2301 497 τοῦ
2360 444 2615 509 λαϐόντος
2672 446 2870 510 αὐτοὺς
2924 447 3015 501 ἐπὶ
3068 448 3130 501 τὸ
3169 449 3366 521 ἔργον,
3408 453 3460 504 ἐν
3487 454 3549 525 τῷ

1994 539 2165 590 ποιεῖν
2201 536 2283 590 διὸ
2329 536 2758 610 παρελήφθησαν
2795 538 2929 610 (45)⁶
2960 539 2990 591 6
3019 540 3076 593 δέ
3097 558 3183 605 τις
3208 543 3344 613 ἐρεῖ,
3367 543 3465 608 ὅτι,
3490 547 3550 596 εἴ-

1994 647 2100 702 περ
2136 630 2434 685 τελειοῦται
2472 631 2534 684 τὺ
2563 631 2724 704 ἔργον
2756 632 2849 686 τοῦ
2890 633 3025 687 Θεοῦ
3051 634 3156 690 ὑπὸ
3188 636 3283 690 τοῦ
3311 637 3547 709 Χριστοῦ,

1990 720 2167 792 δῆλον,
2218 721 2299 775 ὅτι
2341 721 2502 776 τοῦτο
2542 726 2673 796 πρὶν
2707 725 3056 798 τελειωθῆναι
3101 728 3290 793 ἀτελὲς
3331 728 3444 801 (46)
3475 727 3548 805 ἦν.

1991 813 2116 879 Πῶς
2160 809 2253 868 οῦν
2296 815 2487 881 ἀτελὲς
2531 811 2599 890 ἦν
2648 816 2806 890 ἔργον
2830 820 3095 892 τυγχάνον
3129 820 3223 876 τοῦ
3262 821 3436 889 Θεοῦς
3464 826 3550 880 Καὶ

1992 903 2108 969 πῶς
2140 905 2200 959 τὸ
2227 905 2387 978 ἔργον
2414 906 2509 961 τοῦ
2526 907 2660 961 Θεοῦ
2699 908 2998 965 τελειοῦται
3025 910 3130 964 ὑπὸ
3160 910 3255 964 τοῦ
3293 912 3547 977 εἰπόντος·

1997 1016 2015 1049 ι
2065 999 2125 1052 Ὁ
2157 998 2346 1072 Πατὴρ
2378 1000 2489 1073 (47)
2523 1000 2553 1053 6
2594 1002 2817 1073 πέμψας
2858 1020 2924 1074 με
2953 1002 3153 1075 μείζων
3185 1006 3288 1075 μού
3323 1006 3498 1071 ἐστιν;
3534 1027 3550 1059 ι

1990 1092 2024 1161 ή
2049 1089 2106 1144 δὲ
2127 1091 2405 1157 τελείωσις
2429 1092 2523 1147 τοῦ
2545 1092 2705 1166 ἔργου
2733 1096 2767 1165 ή
2788 1094 2881 1149 τοῦ
2910 1095 3133 1165 λογικοῦ
3162 1096 3448 1161 τελείωσις
3471 1094 3552 1170 ἦν·

1987 1183 2145 1237 τοῦτο
2187 1183 2297 1256 γάρ
2335 1181 2497 1257 ἦλθεν
2547 1186 2734 1252 ἀτελὲς
2765 1187 2823 1241 ὃν
2852 1188 3056 1243 τέλειον
3095 1191 3321 1262 ποιῆσαι
3355 1194 3385 1244 ὁ
3425 1194 3554 1260 γενό-

1993 1292 2152 1346 μενος
2176 1276 2310 1348 σὰρξ
2337 1278 2526 1347 Λόγος.
2558 1275 2684 1352 Ἆρ’
2709 1277 2802 1335 οῦν
2835 1280 3058 1354 ἐκτίσθη
3086 1281 3273 1346 ἀτελὲς
3300 1283 3365 1336 τὸ
3391 1284 3552 1357 ἔργον.

1989 1369 2084 1420 καὶ
2135 1368 2407 1438 πέμπεται
2461 1373 2489 1424 ὁ
2540 1372 2729 1445 Σωτὴρ
2768 1373 2828 1427 τὸ
2873 1373 3059 1439 ἀτελὲς
3103 1373 3429 1441 τελειῶσαι;
3464 1378 3553 1430 Καὶ

1991 1455 2109 1521 πῶς
2143 1457 2244 1512 οὐκ
2280 1458 2479 1513 ἄτοπον
2524 1459 2614 1515 τὸν
2673 1463 2772 1534 μὲν
2810 1464 3030 1540 Πατέρα
3078 1465 3301 1531 ἀτελοῦς
3336 1470 3553 1539 ποιητὴν

1989 1550 2295 1618 γεγονέναι,
2336 1551 2427 1604 τὸν
2464 1552 2521 1605 δὲ
2561 1554 2786 1627 Σωτῆρα
2835 1557 2896 1610 τὸ
2933 1558 3121 1621 ἀτελὲς
3156 1559 3552 1614 τετελειωκέναι

1989 1639 2208 1695 κτισθὲν
2236 1642 2457 1709 ἀτελές;
2496 1645 2766 1716 Ἡγοῦμαι
2797 1642 2862 1713 δὴ
2885 1650 2941 1703 ὲν
2973 1652 3086 1714 τοῖς
3125 1651 3312 1716 τόποις
3339 1653 3553 1723 βαθύτε-

1991 1731 2083 1803 ρόν
2108 1750 2161 1786 τι
2194 1733 2575 1790 ἐναποκεῖσθαι
2618 1739 2913 1812 μυστήριον
2932 1755 2947 1770 ·
2981 1742 3120 1812 τάχα
3147 1744 3257 1815 γάρ
3292 1745 3359 1796 οὐ
3388 1746 3549 1817 πάντη

1988 1819 2176 1887 ἀτελὲς
2205 1822 2267 1877 τὸ
2295 1823 2513 1894 λογικὸν
2554 1821 2622 1897 ἦν
2650 1828 2764 1898 ἅμα
2794 1828 2872 1902 τῷ
2898 1830 3167 1886 τεθεῖσθαι
3194 1837 3255 1888 ὲν
3279 1835 3363 1907 τῷ
3390 1854 3552 1907 παρα-

1989 1920 2180 1991 δείσῳο
2210 1920 2327 1986 πῶς
2354 1921 2465 1993 γάρ
2501 1920 2568 1975 ἂν
2594 1920 2656 1975 τὸ
2684 1921 2861 1994 πάντη
2905 1922 3094 1986 ἀτελὲς
3133 1922 3345 1976 ἐτίθετο
3384 1925 3415 1976 6
3445 1926 3555 1984 65.;

1989 2016 2047 2068 ἐν
2075 2014 2154 2086 τῷ
2180 2015 2495 2088 παραδείσῳ
2525 2016 2852 2087 ἐργάζεσθαι
2897 2016 3057 2070 αὐτόν
3104 2018 3200 2070 καὶ
3238 2016 3553 2087 φυλάσσεινῖ

2002 2102 2059 2156 '0
2111 2104 2220 2176 γάρ
2286 2104 2581 2175 δυνάμενος
2639 2106 2970 2178 ἐργάζεσθαι
3041 2106 3199 2174 ξύλον
3246 2106 3418 2180 ζωῆς,
3478 2106 3557 2160 καὶ

1989 2196 2168 2251 πάντα
2185 2196 2244 2250 δὲ
2270 2198 2306 2251 ἃ.
2328 2197 2623 2269 ἐφύτευσεν
2656 2200 2685 2252 6
2712 2200 2865 2265 Θεὸς,
2898 2202 2992 2255 καὶ
3023 2201 3159 2272 μετὰ
3180 2200 3359 2254 ταῦτα
3389 2199 3557 2267 ὲξανέο

1987 2293 2180 2360 τειλεν,
2204 2295 2305 2348 οὐκ
2335 2294 2402 2349 ἂν
2439 2296 2675 2366 εὐλόγως
2700 2297 2911 2366 λέγοιτο
2942 2297 3164 2369 ἀτελής.
3212 2298 3446 2368 Μήποτε
3477 2291 3558 2349 οὖν

1986 2385 2192 2449 τέλειος
2214 2386 2310 2453 ὢν,
2336 2395 2456 2453 πῶς
2486 2388 2681 2462 ἀτελὴς
2708 2390 2799 2445 διὰ
2830 2391 2930 2465 τὴν
2954 2391 3236 2464 παρακοήν
3259 2390 3337 2445 ὢν
3360 2392 3557 2460 γέγονε,

1987 2480 2083 2534 καὶ¹
2135 2480 2330 2552 ἐδεήθη
2379 2482 2475 2536 τοῦ
2519 2483 2898 2549 τελειώσοντος
2951 2484 3112 2539 αὐτὸν
3158 2484 3269 2539 ἀπὸ
3305 2485 3408 2550 τῆς
3458 2485 3558 2538 ἀτε-

1986 2571 2153 2640 λείας,
2189 2575 2282 2627 καὶ
2312 2574 2402 2628 διά
2426 2574 2582 2629 τοῦτο
2603 2572 2862 2648 ἐπέμφθη
2894 2578 2923 2629 6
2959 2576 3171 2649 Σωτήρ,
3208 2576 3434 2649 πρῶτον
3472 2579 3558 2648 μὲν

1987 2665 2074 2720 ἴνα
2104 2668 2302 2741 ποιήσῃ
2327 2666 2388 2721 τό
2412 2667 2622 2739 θέλημα
2647 2668 2740 2723 τοῦ
2767 2668 3082 2739 πέμψαντος
3112 2668 3299 2733 αὐτόν,
3332 2669 3558 2741 ἐργάτης

1985 2756 2151 2811 αὐτοῦ
2199 2759 2292 2811 καὶ
2329 2757 2563 2812 ἐνταῦθα
2603 2758 2910 2829 γενόμενος,
2952 2757 3202 2830 δεύτερον
3242 2758 3301 2811 δὲ
3355 2758 3440 2811 ἵνα
3482 2774 3559 2810 τε·

1985 2848 2183 2922 λειώσῃ
2218 2850 2277 2906 τὸ
2310 2850 2468 2923 ἔργον
2492 2850 2586 2904 τοῦ
2624 2849 2781 2917 Θεοῦ,
2816 2851 2908 2903 καὶ
2944 2850 3174 2914 ἕκαστος
3212 2848 3558 2919 τετελειωμέ-

1986 2960 2074 3007 νος
2104 2942 2355 3016 οίκειωθῇ
2400 2946 2468 3016 τῇ
2514 2944 2711 3016 στερεᾷ
2751 2945 2925 3015 τροφῇ
2975 2943 3067 2997 καὶ
3104 2946 3171 3016 τῇ
3208 2942 3376 3013 σοφίᾳ
3410 2945 3555 3012 συνῇ.

303 3048 524 3091 causam
555 3034 753 3090 missus
775 3033 941 3090 fuerit
964 3035 1246 3108 Servator,
1281 3038 1521 3109 primum
1547 3040 1765 3110 quidem

2097 3035 2276 3089 ελείων
2317 3035 2373 3089 δέ
2412 3038 2559 3089 εστιν
2610 3037 2644 3107 ή
2691 3035 2890 3107 στερεά
2934 3036 3134 3108 τροφὴ,
3180 3035 3290 3088 τῶν
3335 3034 3425 3088 διὰ
3470 3034 3559 3105 τήν

305 3123 515 3181 faceret
536 3126 869 3181 voluntatem
904 3127 1021 3197 ejus
1048 3129 1138 3199 qni
1176 3130 1325 3184 misit
1362 3132 1537 3201 ipsum
1572 3130 1640 3199 “,
1689 3149 1888 3203 opera-

306 3222 421 3275 rius
446 3220 590 3276 illius
615 3219 778 3275 etiam
810 3221 913 3276 hoc
962 3220 1083 3277 loco
1129 3221 1347 3292 factus,
1378 3226 1574 3281 deinde
1625 3240 1792 3292 vero,
1828 3238 1887 3282 ut

304 3315 595 3387 perﬁceret
620 3330 756 3386 Opus
776 3313 896 3380 Dei,
929 3323 985 3370 et
1013 3320 1387 3388 unusquisque
1414 3317 1591 3376 factus
1611 3321 1887 3391 perfectus

307 3416 653 3466 assuesceret
695 3408 868 3464 solido
906 3408 1063 3475 cibo,
1101 3426 1166 3465 ac
1197 3426 1322 3466 cum
1351 3414 1620 3483 sapientia
1655 3429 1886 3471 consue-

304 3501 547 3557 tudinem
609 3500 860 3556 haberet.
899 3518 919 3553 ι
952 3500 1322 3558 Perfectorum
1374 3514 1556 3561 autem
1614 3515 1701 3562 est
1755 3507 1884 3563 soli-

304 3595 406 3650 dus
439 3595 628 3660 cibus,
686 3608 881 3663 nempe
922 3609 1109 3649 eorum
1159 3595 1251 3666 qui
1297 3610 1396 3667 per
1440 3597 1686 3653 habitum
1725 3613 1885 3654 exer-

303 3694 503 3746 citatos
526 3690 731 3744 habent
755 3703 948 3744 sensus
971 3689 1036 3745 ad
1060 3690 1488 3758 dijudicaudum,
1523 3700 1634 3746 tum
1656 3691 1880 3759 bonum,

303 3795 417 3839 tum
440 3783 638 3838 malum
658 3782 725 3850 “;
755 3800 773 3834 ι
802 3789 854 3836 et
870 3782 959 3851 qui
979 3782 1220 3851 loquitur
1240 3784 1587 3853 sapientiam,
1609 3785 1785 3855 inquit
1801 3786 1878 3842 M‘:

311 3897 330 3931 ι
368 3879 708 3950 Sapientiam
748 3890 932 3935 autem
965 3878 1240 3950 loquimur
1271 3876 1413 3931 inter
1439 3876 1741 3946 perfectos;
1779 3897 1798 3931 ι
1828 3888 1884 3933 et

304 3989 426 4029 cum
468 3976 843 4044 unusﬂuisque
894 3983 1183 4039 nostrmn,
1237 3971 1330 4041 qui
1375 3986 1511 4041 opus
1545 3972 1640 4028 Dei
1668 3986 1878 4041 sumus,

305 4081 334 4118 a
356 4064 481 4120 Jesu
510 4064 789 4134 perfectus
822 4063 1001 4120 factus
1031 4063 1217 4128 fuerit,
1251 4062 1430 4118 dicet:
1473 4081 1492 4114 ι
1526 4062 1730 4119 Bonum
1769 4078 1880 4119 cer-

304 4150 976 4221 tamen'certavi,cursum
1010 4154 1406 4221 consummavi,
1436 4155 1597 4211 ﬁdem
1630 4156 1875 4225 servavi;

304 4247 534 4316 posthac
570 4247 810 4316 reposita
846 4254 930 4301 est
965 4245 1091 4300 mihi
1120 4260 1321 4301 corona
1348 4247 1571 4316 iustitia:
1599 4245 1665 4301 "°.
1700 4266 1719 4299 ι
1769 4246 1877 4302 Nec

301 4340 450 4395 solus
483 4339 649 4396 homo
679 4339 864 4407 lapsus
889 4349 991 4403 est,
1019 4353 1144 4394 cum
1173 4338 1449 4408 perfectus
1479 4349 1645 4404 esset,
1677 4341 1744 4394 ad
1777 4341 1877 4394 im-

1988 3126 2101 3192 ἓξιν
2149 3127 2215 3181 τά
2267 3126 2595 3200 αἰσθητήρια
2658 3129 3087 3201 γεγυμνασμένα
3137 3128 3373 3199 ἐχόντων
3432 3128 3557 3199 πρὸς

1987 3219 2256 3293 διάκρισιν
2296 3221 2463 3276 καλοῦ
2501 3240 2561 3276 τε
2606 3223 2701 3276 καὶ
2742 3221 2914 3276 κακοῦ
2938 3240 2952 3252 ·
3003 3243 3021 3275 ι
3056 3225 3150 3276 καὶ
3184 3226 3213 3277 ό
3249 3223 3431 3277 λαλῶν
3480 3240 3559 3276 σο-

1988 3310 2116 3382 φίαν
2139 3311 2302 3384 φησί·
2346 3332 2365 3364 r
2405 3314 2606 3384 Σοφίαν
2636 3313 2692 3368 δὲ
2719 3313 2987 3384 λαλοῦμεν
3020 3315 3077 3366 ὲν
3102 3313 3215 3377 τοῖς
3246 3312 3495 3376 τελείοις,
3536 3331 3553 3364 ι

1987 3405 2081 3459 καὶ
2100 3406 2227 3460 ὃταν
2259 3406 2490 3479 ἕκαστος
2520 3406 2699 3479 ἡμῶν,
2739 3406 2876 3478 ἔργα
2923 3405 3082 3469 Θεοῦ,
3117 3406 3225 3459 ὑπὸ
3273 3406 3450 3477 Ἰησοῦ
3486 3423 3558 3459 τε-

1984 3500 2202 3572 λειωθῇ,
2256 3502 2412 3575 ἐρεῖ·
2460 3521 2477 3552 ι
2519 3500 2621 3555 Τὸν
2661 3500 2849 3570 ἀγῶνα
2886 3498 2977 3554 τὸν
3020 3500 3182 3555 καλὸν
3231 3500 3556 3571 ἠγώνισμαι,

1983 3595 2074 3649 τὸν
2113 3595 2310 3667 δρόμον
2346 3595 2620 3658 τετέλεκα,
2661 3594 2759 3666 τὴν
2806 3594 2989 3647 πίστιν
3033 3596 3339 3666 τετήρηκα,
3378 3592 3558 3648 λοιπὸν

1983 3688 2268 3742 ἀπόκειταί
2297 3705 2387 3760 μοι
2415 3688 2443 3740 6
2468 3688 2568 3760 τῆς
2592 3686 2935 3759 δικαιοσύνης
2968 3687 3254 3756 στέφανος.
3301 3705 3322 3738 ι
3358 3688 3432 3740 Ού
3460 3687 3552 3757 μό-

1983 3799 2072 3846 νος
2101 3781 2157 3834 δὲ
2179 3782 2207 3833 6
2227 3780 2508 3853 ἅνθρωπος
2537 3780 2791 3848 ἐξέπεσεν
2826 3783 2890 3834 ὲκ
2917 3780 3122 3859 τελείου
3152 3780 3245 3833 ἐπὶ
3266 3779 3329 3833 τό
3348 3779 3552 3842 ἀτελὲς,

1982 3873 2118 3929 ἀλλὰ
2139 3875 2234 3929 καὶ
2271 3873 2470 3937 ἰδόντες
2498 3876 2548 3927 oi
2572 3874 2678 3928 υἱοὶ
2706 3872 2800 3927 τοῦ
2827 3873 2963 3927 Θεοῦ
2995 3874 3092 3936 τάς
3126 3872 3434 3943 θυγατέρας
3451 3872 3554 3924 τῶν

1980 3966 2302 4040 ἀνθρώπων,
2332 3968 2414 4023 ὅτι
2442 3966 2605 4021 καλαί
2632 3968 2761 4031 εισι,
2796 3967 2891 4021 καὶ
2919 3965 3173 4029 λαϐόντες
3204 3967 3415 4029 ἑαυτοῖς
3449 3964 3569 4039 ἀπὸ.

1982 4059 2169 4114 πασῶν
2219 4052 2294 4115 ὧν
2350 4059 2681 4126 ἐξελέξαντο,
2736 4059 2831 4113 καὶ
2883 4056 3221 4124 ἁπαξαπλῶς
3266 4058 3464 4121 πάντες
3504 4056 3554 4110 οι

1980 4150 2364 4215 ἀπολείποντες
2405 4149 2466 4204 τὸ
2488 4150 2622 4205 ἴδιον
2658 4149 2989 4222 οἰκητήριον,
3030 4149 3122 4202 καὶ
3165 4148 3244 4221 μὴ
3282 4150 3550 4222 τηρήσαν-

1978 4262 2069 4309 τες
2094 4243 2193 4316 τὴν
2225 4242 2431 4297 ἑαυτῶν
2461 4243 2656 4315 ἀρχήν.
2704 4261 2723 4295 ι
2778 4241 2978 4313 ’Δρχὴν
3023 4260 3045 4294 ι
3081 4241 3140 4296 δὲ
3173 4241 3321 4311 λέγω
3358 4242 3417 4296 ού
3453 4241 3551 4311 τὴν

1979 4336 2468 4410 παραϐαλλομένην
2499 4334 2737 4407 ἐξουσίᾳ,
2772 4334 2908 4388 ἀλλὰ
2947 4335 3035 4389 διὰ
3064 4334 3163 4405 τὴν
3195 4332 3551 4388 ἀντιδιαστέλ-

301 4430 598 4502 perfectum
621 4470 638 4496 ,
668 4404 760 4486 sed
798 4448 817 4482 ι
852 4429 943 4483 ﬁlii
979 4449 998 4481 ι
1057 4404 1221 4484 etiam
1275 4449 1294 4483 ι
1332 4430 1458 4493 Dei,
1495 4448 1516 4483 ι
1559 4432 1651 4500 qui
1690 4450 1709 4483 ι
1744 4447 1763 4487 t

2087 4428 2210 4500 ένην
2241 4404 2404 4491 τέλει,
2424 4404 2536 4482 ’καὶ
2561 4404 2973 4498 παρακειμένην
3003 4404 3240 4497 πρώτῳο
3274 4425 3343 4477 ἶν’
3371 4424 3549 4493 ῶσπερ

301 4523 564 4577 vidissent
598 4519 736 4575 ﬁlias
768 4520 1050 4576 hominum
1083 4519 1338 4591 pulchras
1368 4536 1508 4587 esse,
1545 4531 1874 4591 acceperunt

300 4604 402 4670 sibi
431 4629 497 4670 ex
531 4613 817 4681 omnibus,
849 4628 984 4683 quas
1007 4612 1298 4684 elegissent
1322 4613 1401 4679 ‘7;
1435 4632 1455 4666 ι
1493 4622 1547 4669 et
1571 4614 1870 4684 generatim

300 4723 488 4763 onmes
523 4726 545 4760 ι
587 4708 678 4776 qui
717 4708 1077 4763 deseruerunt
1122 4706 1400 4777 propriam
1455 4705 1870 4773 habitationem,

299 4812 355 4856 et
385 4815 489 4854 non
517 4808 873 4854 servaverunt
900 4813 1060 4853 suum
1102 4799 1341 4867 ipsorum
1387 4797 1716 4868 principium
1752 4797 1815 4853 ⁸⁸.
1845 4816 1867 4851 ι

297 4894 431 4961 Nec,
458 4893 648 4948 dicens
686 4911 704 4945 ι
734 4894 1092 4965 principium,
1131 4912 1149 4944 ι
1191 4893 1555 4963 principatum
1591 4892 1748 4960 dico,
1778 4896 1871 4964 qni

283 4993 653 5058 ’comparatur
719 4987 1008 5056 potestati;
1072 4987 1165 5042 sed
1213 5004 1232 5038 ι
1280 4986 1606 5058 principium
1642 5004 1663 5039 ι
1721 4988 1871 5053 dico,

297 5084 443 5148 quod
470 5082 561 5137 lini
584 5080 1165 5151 opponitur,quodque
1186 5095 1308 5133 cum
1329 5079 1502 5149 primo
1522 5079 1868 5150 coniunctum

295 5188 411 5235 est:
454 5186 512 5230 ut
540 5174 994 5247 quemadmodum
1039 5171 1242 5227 homini
1292 5172 1618 5239 principium
1652 5174 1863 5227 essendi

1978 4519 2056 4591 τῷ
2088 4519 2357 4593 ἀνθρώπῳ
2377 4522 2411 4592 ή
2443 4520 2584 4592 ἀρχή
2620 4537 2705 4583 τις
2734 4517 2829 4572 τοῦ
2870 4513 3011 4572 εἶναι
3041 4519 3100 4570 ὲν
3135 4516 3214 4586 τῷ
3245 4515 3549 4589 παραδείσῳ

1977 4606 2066 4683 ἦν,
2097 4610 2161 4664 τὸ
2195 4611 2347 4674 τέλος
2372 4610 2460 4664 διὰ
2492 4611 2589 4681 τὴν
2626 4608 2935 4681 παράϐασιν
2956 4607 3096 4678 τάχα
3123 4609 3181 4660 εν
3212 4605 3342 4678 ᾅδου
3371 4606 3541 4664 κάτω,

1977 4703 2013 4776 ἦ
2049 4720 2156 4756 τινι
2190 4701 2414 4773 τοιούτῳ
2446 4701 2659 4772 χωρίῳ⁶
2700 4699 2845 4754 οὕτω
2888 4699 2983 4752 καὶ
3022 4696 3241 4767 ἑκάστῳ
3283 4696 3391 4749 τῶν
3416 4697 3543 4748 6:20-

1980 4794 2347 4850 πεπτωκότων
2371 4795 2546 4848 οἰκεία
2565 4811 2650 4857 τις
2680 4792 2823 4864 ἀρχὴ
2854 4791 3103 4863 τυγχάνῃ
3136 4788 3417 4860 δεδομένη.
3442 4787 3540 4838 Τεο

1976 4887 2136 4943 λειῶν
2171 4888 2415 4960 μέντοιγε
2455 4889 2484 4941 ὀ
2534 4885 2741 4958 Ἰησοῦς
2768 4884 2829 4938 τὸ
2858 4883 3016 4956 ἔργον
3050 4881 3146 4934 τοῦ
3191 4880 3352 4945 Θεοῦ,
3382 4878 3543 4951 (λέγω

1934 4966 1939 4971 ’
1978 4979 2036 5033 δὲ
2071 4980 2180 5033 πᾶν
2217 4977 2279 5032 τὸ
2307 4976 2547 5046 λογικὸν,
2598 4976 2692 5030 καὶ
2740 4975 2802 5028 ού
2856 4973 2950 5028 τόν
2997 4972 3285 5043 ἄνθρωπον
3331 4971 3495 5043 μόνον,

1979 5073 2119 5128 κατά
2144 5072 2235 5127 τόν
2260 5071 2421 5126 αὐτὸν
2447 5070 2646 5152 τρόπον
2672 5067 2804 5123 αὐτὸ
2831 5066 3027 5120 τελειοῖ
3043 5082 3058 5095 ο
3088 5064 3157 5118 τά
3190 5063 3289 5135 μὲν
3320 5063 3420 5135 γὰρ
3441 5075 3539 5131 μα-

1977 5165 2285 5239 καριώτερα
2307 5165 2600 5236 πειθόμενα
2620 5164 2783 5234 λόγῳ,
2814 5161 2891 5233 μὴ
2913 5158 3171 5231 δεηθέντα
3193 5158 3379 5223 πόνου,
3403 5153 3537 5226 μόνῳ

297 5272 348 5323 in
382 5268 637 5341 paradiso
662 5265 786 5330 fuit,
818 5264 942 5320 ﬁnis
972 5278 1101 5318 vero
1124 5271 1351 5332 propter
1375 5264 1759 5330 lransgressior

2070 5258 2270 5313 ειοῦται
2298 5258 2376 5330 τῷ
2401 5256 2542 5329 λόγῳ
2557 5274 2570 5287 ·
2603 5256 2765 5328 ’ἐτερα
2782 5254 2862 5319 δὲ,
2892 5252 3263 5323 άπειθήσαντα
3282 5248 3361 5319 τῷ
3383 5247 3532 5311 λόγῳ.

294 5360 543 5415 fortassis
575 5359 627 5413 in
656 5357 872 5412 inferno
901 5355 1156 5410 deorsum
1176 5392 1190 5418 ,
1220 5351 1308 5406 vel
1339 5351 1392 5407 in
1422 5351 1604 5422 aliquo
1641 5351 1760 5407 loco
1797 5352 1869 5407 si-

364 5483 409 5516 “
437 5484 594 5540 Joau.
628 5497 740 5549 xiv,
766 5478 857 5536 28.
934 5479 980 5511 ⁸³
1022 5477 1177 5533 Joan.
1206 5492 1280 5543 IV,
1306 5476 1398 5532 56.
1474 5474 1522 5509 ⁸⁸
1545 5473 1712 5532 Hebr.
1746 5490 1797 5543 ν,
1840 5476 1928 5533 14.

294 5553 339 5587 ⁸⁸
366 5554 487 5610 Iud.
512 5559 564 5609 6.

371 5650 482 5720 (45)
514 5651 695 5704 Codex
733 5651 953 5720 Regius,
983 5649 1174 5719 διόπερ
1193 5645 1526 5720 ἐλήφθησαν.

371 5719 482 5781 (ιιι)
503 5720 682 5775 Codex
714 5717 1059 5784 Bodleiauus,
1094 5717 1377 5779 ἀποτελές.

1975 5351 2166 5425 χρῄζει
2197 5350 2393 5415 πόνων,
2428 5351 2514 5404 ἵνα
2563 5347 2697 5420 μετὰ
2741 5347 2869 5410 τοὺς
2905 5346 3121 5407 πόνους,
3166 5341 3350 5411 λόγοις
3378 5351 3537 5408 7:90:-

2034 5477 2080 5510 “
2112 5477 2133 5533 Ι
2164 5476 2290 5533 Cor.
2321 5489 2380 5541 ιι,
2408 5472 2462 5531 6.
2538 5473 2584 5505 ⁸⁸
2605 5470 2649 5527 ιι
2674 5471 2815 5526 Tim.
2861 5485 2946 5536 tv,
2980 5468 3033 5522 7.
3134 5465 3178 5497 ⁸⁷
3208 5464 3342 5521 Gen.
3374 5476 3435 5522 vr.
3471 5456 3529 5510 Ξ.

2048 5642 2163 5714 (47)
2200 5645 2251 5696 '0
2284 5639 2507 5709 Πατήρ.
2535 5639 2697 5696 Deest
2723 5637 2776 5694 in
2809 5633 2997 5693 codice
3019 5629 3329 5690 Bodleiano.
