3702 6142
141 392 239 448 ωε·
1160 386 1515 443 COMMENT.
1554 387 1619 443 IN
1657 386 1848 445 JOAN.
1887 387 2127 445 TOMUS
2159 385 2300 441 Xlll.

3248 388 3352 446 466

137 508 341 579 αχθέντα
412 505 633 571 ὕστερόν
704 521 868 569 ποτε,
934 503 1144 569 τούτοις
1194 506 1477 577 τελειωθῇ.
1528 505 1669 578 Πλὴν

1845 507 1931 572 ili,
1984 507 2056 561 ita
2118 505 2344 578 singulis
2391 503 2656 576 prolapsis
2708 505 2890 561 datum
2943 505 3016 564 sit
3067 509 3352 578 proprium

137 597 388 668 ἀμφότερα
425 595 598 650 ταῦτα
630 595 687 649 ἓν
732 595 929 668 βρῶμά
963 597 1110 649 ἐστιν
1153 595 1282 650 ῐδιον
1330 595 1482 661 Υίοῦ,
1523 596 1587 649 τό
1616 613 1674 649 τε

119 690 327 780 Ιποιῆσαι
349 689 407 742 τὺ
431 689 636 760 θέλημα
658 689 752 742 τοῦ
781 689 1094 762 πέμψαντος
1122 690 1285 743 αὑτὸν
1305 690 1520 762 Πατρός
1537 689 1673 762 (48),

135 785 211 836 καὶ
233 781 286 834 τὸ
311 782 584 836 τελειῶσαι
613 783 671 836 τὸ
694 783 853 855 ἔργον
873 782 1060 837 αὑτοῦ.

1781 599 2054 667 quoddam
2077 598 2426 668 principium.
2451 597 2718 654 Caeterum
2737 599 3022 669 perlicieus
3041 596 3200 654 Jesus
3217 615 3353 669 Opus

1781 691 1875 744 Dei
1906 689 2073 762 248
2099 689 2242 759 (dico
2272 697 2450 744 autem
2479 690 2742 760 quidquid
2792 691 3018 745 rationis
3045 700 3128 746 est
3156 706 3349 761 capax,

1784 798 1891 836 non
1925 792 2134 836 tantum
2166 781 2487 851 hominem),
2526 797 2634 836 uno
2659 783 2959 852 eodemque
2991 783 3147 838 modo
3176 783 3352 853 ipsum

133 879 317 950 perﬁcit
345 897 359 932 :
390 879 431 934 si
458 881 676 949 quidem
709 896 770 936 ea
803 896 925 951 quae
967 881 1211 935 beatiora
1248 891 1405 946 sunt,
1455 879 1701 950 parentia
1740 878 1977 934 sermoni
2023 885 2078 932 et
2126 878 2356 944 rationi,
2400 893 2505 932 non
2555 878 2766 948 egentia
2815 877 3037 946 labore,
3080 877 3198 934 solo
3235 895 3355 936 ser-

131 987 267 1028 mone
294 983 346 1027 et
385 973 592 1026 ratione
643 970 1032 1041 perﬁciuntur;
1085 973 1194 1026 alia
1242 987 1372 1026 vero
1421 987 1526 1027 non
1577 970 1858 1026 credentia
1909 968 2146 1024 sermoni
2195 977 2250 1024 et
2288 968 2518 1034 rationi,
2570 968 2846 1025 laboribus
2888 979 3071 1039 egent,
3127 979 3186 1025 ut
3233 981 3356 1042 post

130 1063 343 1128 labores,
402 1063 700 1118 rationibus
754 1075 942 1133 postea
986 1063 1276 1133 aliquando
1315 1066 1584 1130 adducta,
1649 1063 1736 1118 his
1789 1062 2161 1132 perliciantur.
2214 1060 2601 1117 Verumtamen
2649 1061 2765 1116 haec
2808 1069 3075 1133 utraque,
3121 1062 3352 1127 scilicet,

131 1158 282 1213 Patris
311 1159 388 1212 sui
421 1159 754 1212 voluntatem
804 1159 1021 1226 tacere,
1048 1162 1140 1230 qui
1189 1161 1334 1214 misit
1366 1161 1550 1226 illum,
1575 1173 1783 1232 etopus
1818 1161 1962 1216 illius
1992 1161 2275 1232 perlicere,
2315 1176 2455 1216 unus
2481 1168 2537 1215 et
2579 1159 2824 1230 proprius
2860 1159 3016 1214 cibus
3037 1155 3164 1216 Jesu
3203 1170 3349 1215 sunt.

186 1254 262 1308 58.
320 1254 375 1308 ὐ
417 1255 474 1308 δὲ
519 1253 831 1328 ’Πρακλέων
872 1255 960 1310 διὰ
1001 1255 1132 1309 τοῦ·
1185 1275 1206 1308 ι
1267 1256 1429 1328 Ἐμὸν
1474 1255 1672 1328 βρῶμά

127 1347 269 1409 ἐστιν,
315 1346 396 1398 ἵνα
434 1349 644 1419 ποιήσω
694 1348 755 1400 τὸ
794 1347 1010 1418 θέλημα
1049 1347 1142 1400 τοῦ
1173 1347 1491 1418 πέμψαντός
1520 1365 1612 1418 με,
1647 1367 1664 1397 ι

127 1439 239 1508 φησι
285 1438 582 1508 διηγεῖσθαι
636 1439 728 1493 τόν
780 1439 1010 1510 Σωτῆρα
1063 1441 1174 1502 τοῖς
1229 1439 1534 1509 μαθηταῖς,
1589 1439 1670 1491 ὅτι

127 1531 258 1585 τοῦτο
299 1528 363 1604 ἦν
406 1532 434 1585 ὃ
479 1534 762 1604 συνεζήτει
809 1535 946 1605 μετὰ
995 1536 1092 1607 τῆς
1140 1535 1420 1604 γυναικός,
1477 1535 1674 1608 βρῶμα

125 1621 232 1672 ἴδιον
260 1620 421 1690 λέγων
445 1622 504 1675 τὸ
536 1622 744 1695 θέλημα
766 1625 857 1678 τοῦ
889 1625 1132 1690 Πατρός·
1170 1625 1327 1680 τοῦτο
1364 1627 1473 1698 γὰρ
1505 1627 1672 1682 αὑτοῦ

125 1714 290 1783 τροφὴ.
325 1682 416 1767 iui.
447 1682 776 1781 ἀνάπαῦσις,
825 1719 919 1771 καὶ
953 1682 1184 1790 δύηνανμις
1223 1715 1311 1791 ῆν.
1357 1682 1578 1792 θέλημα
1617 1719 1675 1773 δὲ
1706 1682 1749 1737 Β

127 1809 314 1881 [ἰατρὸς
349 1810 532 1880 ἔλεγεν
567 1809 705 1866 εἶναι
734 1814 795 1866 τὸ
825 1814 1026 1884 γνῶναι
1070 1814 1396 1888 ἀνθρώπους
1432 1815 1524 1868 τὸν
1559 1817 1674 1869 Πα-

121 1899 250 1969 τέρα,
286 1901 373 1954 καὶ
406 1903 671 1974 σωθῆναι,
699 1906 837 1975 ὅπερ
871 1901 938 1976 ἦν
971 1905 1130 1978 ἔργον
1162 1905 1256 1960 τοῦ
1286 1906 1561 1976 Σωτῆρος,
1579 1905 1673 1959 τοῦ

117 1991 257 2047 ἕνεκα
303 1996 490 2049 τούτου
552 1998 964 2069 ἀπεσταλμένου
1029 2001 1108 2063 εἰς
1148 1999 1502 2070 Σαμάρειαν,
1550 2016 1677 2053 του-

117 2083 271 2138 τέστιν
295 2088 372 2151 εἰς
390 2089 482 2141 τὸν
507 2089 734 2161 κόσμον.
769 2089 973 2162 Βρῶμα
1001 2085 1092 2144 οὖν
1118 2089 1366 2161 ὲξείληφε
1396 2090 1489 2143 τοῦ
1517 2089 1672 2155 Υἱοῦ,

119 2180 196 2230 καὶ
217 2179 307 2250 τὴν
338 2181 484 2250 μετὰ
517 2183 618 2253 τῆς
649 2182 1044 2254 Σαμαρείτιδος
1070 2181 1385 2254 συζήτησιν,
1419 2183 1556 2255 ὅπερ
1583 2200 1673 2237 νο-

117 2270 238 2338 μῖζθυ
274 2273 454 2342 σαφῶς
485 2277 652 2328 παντὶ
695 2274 774 2345 τῷ
808 2275 1040 2348 ὁρᾶσθαι
1084 2275 1178 2328 καὶ
1212 2274 1483 2340 ταπεινῶς
1536 2275 1676 2340 ἐξει-

116 2362 290 2433 mea;
324 2368 416 2420 καὶ
441 2365 836 2438 βεϐιασμένως.
873 2367 996 2431 Πῶς
1016 2368 1072 2421 δὲ
1097 2368 1271 2439 τροφὴ
1303 2367 1397 2420 τοῦ
1424 2367 1676 2439 Σωτῆρος

115 2457 163 2508 τὸ
189 2457 388 2529 θέλημα
416 2460 509 2513 τοῦ
556 2461 790 2532 Πατρὸς,
833 2460 1019 2532 σαφῶς
1062 2462 1122 2514 οὐ
1154 2461 1465 2532 παρέστησε
1487 2477 1500 2490 ·
1558 2461 1675 2525 πῶς

113 2545 158 2598 δὲ
186 2549 268 2600 καὶ
301 2550 609 2614 ἀνάπαυσις
633 2552 694 2604 τὸ
718 2551 931 2624 θέλημα
972 2551 1066 2605 τοῦ
1095 2551 1344 2623 Πατρός;
1373 2551 1536 2620 Λέγει
1565 2551 1675 2623 γὰρ

114 2639 136 2688 ὁ
163 2641 348 2712 Κύριος
380 2642 640 2714 ἀλλαχοῦ,
673 2644 747 2708 ὡς
780 2646 842 2697 οὐ
882 2645 1085 2708 παντὸς
1116 2644 1228 2716 (ιθ)
1267 2643 1358 2698 τοῦ
1406 2645 1672 2714 πατρικοῦ

113 2729 386 2804 Θελήματος
415 2737 784 2801 ἀναπαύσεως
810 2737 972 2791 αὑτοῦ
998 2737 1168 2802 ὄντος·
1205 2758 1223 2789 ‹
1266 2737 1471 2810 Πάτερ,
1501 2739 1547 2791 εἰ
1581 2738 1673 2791 δυ-

113 2825 267 2888 νατὸν,
297 2827 612 2898 παρελθέτω
637 2829 697 2881 τὸ
727 2830 984 2900 ποτήριον
1011 2830 1107 2883 ἀπ’
1148 2829 1283 2900 ἐμοῦ
1303 2847 1315 2860 ⁸
1359 2829 1497 2899 πλὴν
1532 2831 1591 2882 οὐ
1620 2831 1674 2882 τί

111 2915 206 2983 ἐγὼ
231 2917 384 2982 θέλω,
427 2919 569 2973 ἀλλὰ
610 2921 661 2973 τί
701 2920 786 2976 σύ.
827 2941 846 2972 ι
880 2921 1054 2974 Πόθεν
1097 2921 1152 2974 δὲ
1193 2921 1288 2974 καὶ
1321 2922 1405 2974 ὅτι
1445 2918 1674 2991 δύναμις

112 3007 188 3059 τοῦ
219 3009 461 3082 Σωτῆρος
489 3013 552 3066 τὸ
581 3011 792 3083 θέλημα
812 3012 904 3066 τοῦ
937 3011 1109 3078 Θεοῦ;

169 3098 246 3152 59.
283 3120 299 3151 r
333 3102 443 3172 Οὐχ
479 3104 640 3174 ὑμεῖς
671 3103 883 3172 λέγετε,
908 3105 990 3157 ὅτι
1018 3102 1362 3174 τετράμηνός
1403 3105 1542 3166 ἐστι,
1573 3103 1669 3158 καὶ

111 3192 133 3241 ό
181 3190 425 3264 θερισμὸς
476 3194 732 3266 ἔρχεται;
788 3195 925 3249 -Ίδοὺ
968 3194 1113 3264 λέγω
1162 3195 1323 3266 ὑμῖν·
1398 3194 1670 3266 Ἐπάρατε

112 3283 218 3347 τοὺς
235 3285 541 3358 ὀφθαλμοὺς
585 3287 760 3359 ὑμῶν,
796 3288 894 3342 καὶ
921 3287 1190 3342 θεάσασθε
1217 3289 1318 3352 τὰς
1355 3286 1558 3358 χώρας,
1589 3288 1670 3341 ὃτι

110 3373 276 3428 λευκαί
331 3380 434 3431 εἱσι
493 3379 635 3451 πρὸς
679 3379 940 3450 θερισμὸν
972 3379 1093 3452 ἤδη.
1135 3399 1155 3432 ι
1194 3380 1341 3452 Πρὸς
1374 3381 1502 3443 τοὺς
1535 3379 1669 3432 ὑπο-

111 3466 459 3536 λαμϐάνοντας
515 3470 882 3543 ἁπλούστερον
941 3472 1034 3526 καὶ
1086 3470 1540 3542 σωματικώτερον
1596 3471 1671 3523 εί-

111 3561 286 3630 ρῆσθαι
310 3565 371 3619 τό
393 3583 405 3594 ·
445 3583 464 3615 r
495 3566 610 3636 Οὐχ
639 3567 796 3636 ὑμεῖς
823 3567 1030 3636 λέγετε,
1060 3567 1142 3620 ὅτι
1169 3566 1505 3638 τετράμηνός
1531 3567 1667 3628 ὲστι,

109 3653 188 3704 καὶ
223 3654 249 3705 ό
296 3655 554 3728 θερισμὸς
603 3657 1079 3728 ἔρχεται;δταῦτα
1127 3658 1524 3730 ὲπαπορητέον,
1575 3659 1663 3712 ἵνα

108 3744 348 3801 πεισθῶσι
385 3749 559 3821 νοητὰ
600 3749 876 3814 πολλάκις,
920 3749 1103 3821 γυμνὰ
1137 3749 1412 3822 αἰσθητῶν
1446 3751 1537 3804 καὶ
1567 3767 1671 3803 σω-

109 3837 335 3905 ματικῶν
361 3839 726 3913 λελαληκέναι
750 3841 840 3894 τὸν
878 3841 1104 3913 Σωτῆρα
1124 3859 1137 3870 ·
1173 3843 1331 3912 εἴπερ
1358 3840 1466 3913 γάρ
1492 3844 1521 3894 ό
1553 3859 1671 3894 και-

109 3930 204 3994 ρὸς,
238 3932 322 3985 ὅτε
363 3933 538 3987 ταῦτα
573 3933 760 4001 ἔλεγεν
814 3933 1042 4004 Ἰησοῦς,
1089 3933 1118 3986 ό
1167 3933 1273 4006 πρὸ
1328 3935 1669 4005 τετραμήνου

108 4021 186 4073 τοῦ
215 4023 471 4096 θερισμοῦ
504 4021 596 4097 ἧν,
630 4025 789 4094 δῆλον
813 4019 901 4096 ῆν,
929 4025 1010 4078 ὄτι
1039 4024 1246 4096 χειμὼν
1268 4021 1336 4096 ἦν
1357 4041 1370 4055 ·
1411 4024 1670 4095 θερισμὸς

105 4111 184 4169 οὖν
213 4119 267 4171 ἐν
296 4121 361 4190 τῇ
416 4120 650 4192 Ἰουδαίᾳ
697 4122 919 4192 ἄρχεται
969 4117 1213 4188 γίνεσθαι
1261 4119 1387 4188 περὶ
1417 4117 1509 4171 τόν
1539 4120 1669 4189 παρ’

115 4209 366 4283 Ἑϐραίοις
424 4215 760 4286 καλούμενον
795 4215 967 4269 Νίσαν
1010 4213 1176 4285 μῆνα,
1230 4213 1320 4266 ὅτε
1366 4211 1558 4279 ἄγεται
1608 4211 1669 4264 τὸ

109 4305 299 4376 Πάσχα,
339 4307 416 4372 ὡς
460 4309 636 4362 ἐνίοτε
662 4308 731 4362 τὰ
781 4308 965 4379 ἄζυμα
998 4305 1108 4360 ἀπὸ
1141 4304 1262 4360 νέου
1295 4303 1443 4358 σίτου
1471 4303 1668 4366 αὐτοὺς

1844 1256 1932 1311 58.
1981 1257 2279 1314 lleracleon
2315 1272 2446 1314 vero
2476 1271 2572 1326 per
2592 1255 2707 1310 haec
2728 1255 2917 1310 verba:
2959 1274 2978 1308 ι
3018 1254 3169 1312 Meus
3199 1257 3353 1313 cibus

1774 1359 1895 1415 est,
1939 1360 1996 1405 ut
2026 1350 2224 1406 faciam
2263 1350 2597 1406 voluntatem
2633 1350 2750 1420 ejus
2792 1349 2888 1417 qui
2923 1347 3070 1404 misit
3103 1363 3190 1403 me
3219 1348 3286 1414 δ’,
3327 1369 3346 1400 ι

1776 1440 2127 1497 Servatorem
2183 1444 2360 1512 inquit
2416 1455 2677 1498 enarrare
2731 1440 3012 1512 discipulis
3068 1441 3122 1498 id
3170 1441 3351 1496 cibum

1774 1547 1930 1588 suum
1952 1547 2114 1600 esse,
2142 1536 2288 1606 quod
2341 1534 2670 1606 loquebatur
2696 1549 2819 1590 cum
2865 1533 3128 1600 muliere,
3165 1534 3352 1590 dicens

1778 1627 1957 1682 Patris
2009 1626 2375 1694 voluntatem,
2411 1644 2531 1700 quae
2578 1629 2748 1700 ipsius
2799 1637 2920 1684 erat
2948 1629 3136 1696 cibus,
3177 1639 3234 1684 et
3264 1645 3352 1685 re-

1775 1721 1951 1790 quies,
1985 1731 2038 1777 et
2068 1723 2336 1791 potentia.
2373 1720 2517 1776 Sane
2550 1720 2730 1777 Patris
2756 1720 3088 1777 voluntatem
3114 1737 3238 1778 esse
3268 1724 3350 1776 di-

1775 1814 1968 1878 cebat,
1999 1824 2058 1869 ut
2096 1815 2350 1872 homines
2389 1813 2610 1869 Patrem
2639 1823 3031 1886 cognoscerent
3075 1822 3132 1870 et
3160 1829 3346 1869 serva-

1777 1914 1967 1961 rentur
2002 1920 2018 1961 :
2057 1922 2181 1977 qua:
2221 1923 2309 1962 res
2352 1917 2470 1962 erat
2511 1923 2648 1978 opus
2678 1907 3016 1974 Servatoris;
3049 1907 3143 1978 qui
3177 1908 3348 1978 ipsius

1775 2011 1944 2054 causa
1975 2000 2052 2054 rei
2085 1999 2389 2054 Samariam
2418 1999 2617 2056 missus
2639 2001 2838 2064 fuerat,
2870 1999 2975 2054 hoc
2997 2008 3084 2053 est
3110 1999 3164 2054 in
3193 2013 3349 2052 mun-

1775 2093 1924 2146 dum.
1962 2091 2141 2162 ipsum
2173 2107 2308 2162 ergo
2332 2092 2510 2146 cibum
2539 2092 2666 2148 Jesu
2702 2093 3088 2162 interpretatus
3113 2099 3201 2146 est
3232 2089 3346 2145 col-

1775 2183 2018 2255 loquium
2055 2199 2176 2238 cum
2208 2181 2574 2238 Samaritide:
2602 2185 2678 2248 id,
2710 2185 2855 2254 quod
2880 2183 3136 2238 existimo
3163 2191 3350 2252 aperte

1775 2279 2078 2346 cuicunque
2109 2277 2285 2332 videri
2307 2316 2321 2339 ,
2359 2286 2474 2330 tum
2505 2275 2747 2346 abiecte,
2779 2284 2892 2329 tum
2941 2281 3130 2329 coacte
3177 2273 3350 2328 inter-

1775 2378 2048 2437 pretatum
2087 2367 2279 2424 fuisse.
2328 2366 2614 2435 Quomodo
2653 2374 2836 2421 autem
2876 2365 3132 2420 voluntas
3169 2361 3350 2419 Patris

1776 2457 1850 2512 sit
1877 2459 2036 2522 cibus
2059 2457 2389 2526 Servatoris,
2409 2457 2680 2527 quomodo
2708 2457 2871 2511 etiam
2903 2455 3149 2510 voluntas
3169 2454 3350 2510 Patris

1776 2553 1847 2608 sit
1892 2553 2141 2621 requies,
2194 2561 2387 2620 aperte
2433 2565 2541 2605 non
2582 2549 2841 2604 ostendit.
2883 2547 3148 2618 Loquitur
3201 2547 3348 2602 enim

1776 2643 1972 2699 alicubi
2007 2643 2294 2708 Dominus,
2324 2643 2548 2713 perinde
2580 2641 2736 2712 quasi
2763 2658 2866 2696 non
2896 2640 3075 2696 omnis
3101 2639 3349 2696 voluntas

1775 2735 1956 2790 Patris
1998 2735 2069 2790 sit
2113 2734 2260 2790 illius
2307 2733 2565 2802 requies:
2611 2751 2629 2786 ι
2660 2732 2854 2800 Pater,
2898 2736 2944 2788 si
2982 2733 3102 2788 ﬁeri
3148 2741 3347 2804 potest,

1777 2836 2018 2884 transeat
2065 2844 2095 2883 a
2152 2841 2237 2882 me
2279 2826 2424 2882 calix
2455 2827 2591 2892 iste;
2622 2834 3000 2881 verumtamen
3054 2840 3162 2880 non
3203 2824 3348 2893 quod

1775 2933 1876 2989 ego
1909 2923 2054 2985 volo,
2091 2917 2184 2974 sed
2213 2919 2354 2988 quod
2386 2925 2439 2973 tu
2467 2919 2536 2972 ⁸⁸.
2578 2937 2597 2971 ι
2653 2916 2759 2972 Sed
2813 2918 2954 2972 unde
2979 2916 3143 2980 etiam
3183 2916 3348 2972 habet

1701 3029 1743 3086 ς,
1777 3013 1918 3084 quod
1946 3012 2184 3084 potentia
2213 3008 2523 3066 Servatoris
2552 3011 2627 3065 sit
2659 3009 2752 3064 Dei
2777 3007 3068 3065 voluntas?

1843 3105 1935 3162 '59.
1981 3121 2001 3157 ι
2047 3103 2237 3158 Nonne
2294 3116 2392 3157 vos
2448 3100 2664 3167 dicitis,
2705 3101 2850 3171 quod
2905 3101 3082 3156 adhuc
3128 3113 3346 3156 menses

1773 3211 1899 3255 sunt
1939 3207 2173 3268 quatuor
2197 3239 2212 3263 ,
2239 3207 2290 3251 et
2349 3194 2542 3252 messis
2576 3194 2768 3249 venit?
2808 3193 2949 3250 Ecce
2993 3193 3118 3249 dico
3146 3193 3342 3249 vobis:

1771 3293 1974 3348 Levate
2007 3289 2195 3346 oculos
2225 3297 2459 3354 vestros,
2487 3298 2542 3341 et
2581 3287 2758 3342 videte
2787 3287 3033 3357 regiones
3048 3285 3159 3353 jam
3191 3285 3348 3340 albas

1771 3401 1894 3441 esse
1933 3385 1999 3439 ad
2060 3397 2290 3438 messem
2317 3382 2386 3436 ⁵¹.
2424 3399 2444 3432 ι
2496 3380 2697 3437 Contra
2753 3395 2848 3435 eos
2890 3379 2983 3448 qui
3031 3378 3348 3434 existimant

1771 3477 2072 3549 simplicius
2099 3485 2152 3530 et
2171 3473 2512 3544 corporalius
2537 3473 2651 3528 haec
2674 3474 2815 3528 dicta
2847 3471 3049 3526 fuisse:
3104 3488 3122 3522 ‹
3157 3469 3345 3526 Nonne

1777 3586 1870 3627 vos
1897 3568 2110 3634 dicitis,
2163 3569 2309 3637 quod
2349 3565 2528 3622 adhuc
2575 3579 2788 3620 menses
2837 3573 2963 3620 sunt
3007 3575 3260 3634 quatuor,
3289 3572 3346 3619 et

1773 3663 1968 3718 messis
1996 3660 2182 3717 venit?
2213 3678 2233 3713 ι
2265 3660 2428 3716 dubia
2458 3658 2723 3714 movenda
2764 3669 2910 3724 sunt,
2940 3667 2998 3710 ut
3025 3671 3342 3726 persuasum

1773 3757 2044 3820 habeant,
2070 3751 2375 3824 spiritualia
2409 3760 2465 3806 et
2495 3752 2634 3806 nuda
2675 3751 2840 3806 rebus
2868 3751 2967 3805 sub
3000 3765 3219 3805 sensum
3247 3764 3344 3805 ca-

1772 3847 2026 3902 dentibus
2059 3854 2112 3900 et
2141 3841 2517 3914 corporalibus
2550 3841 2898 3897 Servatorem
2947 3839 3146 3909 saepius
3183 3839 3340 3895 locu-

1775 3950 1884 3993 tum
1913 3938 2112 3993 luisse:
2151 3936 2198 3992 si
2236 3935 2380 3991 enim
2410 3944 2656 4004 tempus,
2694 3933 2909 4001 quando
2934 3928 3093 3987 Jesus
3126 3933 3238 3987 haec
3266 3932 3346 3988 lo-

1771 4033 2078 4104 quebatur,
2122 4037 2252 4084 ante
2296 4041 2526 4083 messem
2563 4026 2829 4081 mensium
2878 4034 3111 4095 quatuor
3165 4026 3342 4096 spatio

1773 4134 1928 4188 erat,
1968 4122 2317 4192 perspicuum
2359 4127 2445 4175 est
2481 4117 2713 4173 hiemem
2751 4116 2952 4172 fuisse:
2983 4115 3174 4171 messis
3199 4117 3346 4172 enim

1773 4215 1824 4269 iu
1855 4214 2040 4270 Judzea
2072 4213 2264 4283 incipit
2297 4211 2414 4266 ﬁeri
2468 4211 2614 4265 circa
2668 4223 2906 4264 mensem
2934 4208 3028 4278 qui
3069 4209 3210 4279 apud
3238 4209 3346 4264 ile-

1775 4308 1949 4362 braeos
1998 4304 2164 4360 Nisan
2215 4303 2548 4375 appellatur,
2600 4305 2815 4372 quando
2867 4301 3047 4372 agitur
3094 4301 3346 4367 Pascha;

108 4401 281 4452 ποιεῖν.
330 4399 472 4454 Ἀλλ’
505 4401 648 4454 ἔστω
676 4401 750 4473 μὴ
787 4403 906 4455 κατ’
945 4403 1152 4454 ἐκεῖνον
1201 4399 1292 4452 τὸν
1337 4397 1478 4468 μῆνα
1527 4391 1667 4450 εἶναι

1850 4413 1916 4453 eo
1941 4413 2000 4452 ut
2030 4397 2323 4466 aliquoties
2376 4410 2575 4466 azyma
2635 4393 2836 4448 faciant
2866 4389 3035 4446 Judaei
3087 4408 3156 4447 ex
3207 4407 3347 4447 novo

107 4490 184 4544 τὸν
215 4491 490 4564 θερισμὸν,
522 4493 660 4548 ἀλλὰ
687 4493 828 4548 κατὰ
855 4495 947 4548 τὸν
987 4495 1114 4565 ἑξῆς
1135 4491 1326 4562 ἐκείνῳ
1345 4491 1436 4544 τὸν
1469 4487 1666 4544 καλού-

107 4599 251 4651 μενον
290 4590 419 4661 παρ’
450 4592 638 4653 αὐτοῖς
681 4590 818 4659 Ἰάρ·
874 4587 970 4643 καὶ
1011 4587 1182 4650 οὕτως
1217 4585 1351 4658 (⁸50),
1379 4587 1408 4638 ό
1449 4583 1556 4656 πρὸ
1582 4601 1670 4636 τε-

106 4675 364 4746 τραμήνου
409 4679 604 4751 καιρὸς
663 4679 871 4734 ἐκείνου
925 4676 1020 4731 τοῦ
1074 4677 1240 4748 μηνὸς
1281 4674 1515 4746 ἀκμαῖός
1553 4675 1668 4727 ἐστι

109 4768 308 4839 χειμών.
355 4773 528 4827 Ἐπάν
555 4769 647 4826 οῦν
678 4771 958 4844 δείξωμεν,
990 4772 1092 4837 ὅτι,
1123 4771 1212 4824 ὅτε
1241 4768 1393 4839 ἔλεγε
1419 4767 1614 4833 ταῦτα,
1642 4771 1670 4822 ό

108 4862 223 4930 περὶ
245 4863 330 4917 τὸν
357 4864 620 4936 θερισμὸν
663 4865 773 4935 (51)
815 4863 1005 4935 καιρὸς
1042 4857 1112 4934 ἦν
1139 4861 1258 4933 ἦτοι
1296 4861 1424 4914 δντα
1459 4859 1593 4932 (52)ν
1631 4858 1664 4931 ἢ

106 4951 258 5022 ἐγγύς
311 4975 415 5011 που
464 4959 561 5012 τοῦ
608 4959 795 5029 λήγειν
846 4957 993 5018 ὅντα,
1048 4953 1493 5025 ἀποδεδειγμένον
1538 4954 1670 5024 ἡμῖν

107 5041 242 5100 ἔσται
269 5048 331 5101 τὸ
363 5051 744 5123 προκείμενον.
773 5049 1049 5122 Τηρητέον
1075 5049 1162 5121 δὴ,
1196 5049 1282 5102 ὅτι
1324 5045 1460 5117 μετὰ
1491 5045 1588 5115 τὴν
1617 5045 1674 5096 ὲν

1775 4489 2070 4544 frumento.
2115 4486 2225 4544 Sed
2256 4493 2376 4543 esto
2418 4486 2511 4542 illo
2545 4499 2731 4540 mense
2771 4499 2875 4538 non
2924 4499 3044 4539 esse
3088 4498 3342 4548 messem,

1777 4584 1870 4638 sed
1928 4582 1981 4637 in
2024 4597 2210 4636 mense
2255 4588 2377 4651 post
2423 4579 2574 4634 illum
2623 4577 2868 4648 proxime
2913 4586 3196 4645 sequente,
3250 4579 3344 4648 qui

1779 4675 1921 4745 apud
1963 4688 2058 4729 eos
2099 4673 2403 4744 appellatur
2422 4668 2553 4726 Jar:
2600 4669 2764 4724 etiam
2792 4668 2865 4722 ita
2893 4707 2909 4734 ,
2938 4667 3104 4739 249
3132 4678 3350 4741 tempus

1777 4767 1880 4823 hoc
1904 4777 2140 4837 quatuor
2167 4765 2444 4821 mensibus
2474 4763 2643 4834 prius,
2667 4771 2750 4816 est
2777 4760 2947 4815 hiems
2975 4762 3178 4820 adulta.
3209 4763 3346 4818 Cum

1783 4863 1945 4933 igitur
1965 4860 2387 4924 ostenderimus,
2412 4872 2532 4912 cum
2562 4856 2677 4910 ιιωο
2700 4853 2906 4911 diceret
2926 4853 3110 4920 Jesus,
3135 4864 3349 4926 tempus

1782 4953 1948 5008 fuisse
1966 4952 2179 5016 messis,
2208 4950 2290 5004 vel
2321 4948 2658 5013 exsistentis,
2689 4946 2772 5001 vel
2819 4947 3082 5017 proxima:
3106 4947 3221 5011 lini,
3251 4947 3350 5002 de-

1782 5051 2138 5098 monstratum
2158 5038 2318 5094 nobis
2332 5040 2436 5094 erit
2451 5039 2504 5092 id
2522 5041 2586 5092 de
2604 5053 2713 5107 quo
2727 5037 2922 5108 agitur.
2937 5035 3350 5094 Observandum

176 5187 216 5220 “
247 5187 399 5246 Joan.
432 5207 510 5254 Iv,
553 5191 644 5246 34.
714 5191 760 5223 ⁵⁸
791 5191 976 5244 Matth.
1019 5205 1167 5250 xxvr,
1204 5187 1292 5243 39.
1365 5187 1408 5218 ⁵¹
1437 5185 1590 5239 Joau.
1633 5201 1704 5250 Iv,
1735 5184 1828 5240 55.

171 5310 276 5383 (l8)
314 5313 383 5367 Τὸ
407 5311 639 5382 θέλημα
672 5312 778 5367 τοῦ
807 5312 1156 5383 πέμψαντος
1183 5307 1370 5383 aliter
1416 5307 1664 5383 Πατρός.

112 5377 194 5435 Sic
211 5377 375 5438 codex
411 5377 774 5450 Bodléianus;
797 5384 850 5437 in
879 5377 1072 5437 codice
1119 5380 1289 5449 Regio
1314 5379 1468 5434 deest
1498 5377 1557 5430 τὸ
1579 5377 1667 5431 θέ-

111 5449 253 5526 λημα
280 5454 597 5526 ειῨΠατρός.

173 5522 280 5593 (ω,
313 5521 497 5588 Codei
524 5524 752 5594 Regius,
780 5521 1020 5586 πάντως.

173 5589 280 5660 (F50)
319 5595 431 5648 Τὸν
455 5589 834 5664 morosior
857 5594 994 5662 παρ’
1022 5591 1230 5664 αὐτοῖς
1264 5591 1403 5660 Ἰάρ·
1436 5589 1534 5664 καὶ
1565 5589 1672 5664 Δοὔ-

113 5677 236 5727 τως,
269 5676 372 5717 etc.
407 5667 463 5718 lu
506 5659 778 5720 codicibus
811 5659 981 5733 Regio
1011 5674 1066 5718 et
1117 5662 1416 5733 Barbet-ino
1477 5659 1670 5730 legitur

112 5733 198 5808 τόν
218 5733 550 5808 καλούμενον
575 5736 701 5808 παρ’
731 5731 917 5808 αὐτοῖς
940 5737 988 5788 εἰ
1017 5733 1125 5808 γάρ
1151 5750 1164 5764 ·
1194 5731 1310 5808 Δξιςιιὶ
1338 5731 1532 5808 οὕτως,
1559 5739 1666 5784 etc.

113 5803 331 5878 tittinino
361 5802 788 5878 legendum'ﬂdp
819 5823 916 5875 pro
946 5809 994 5858 εἰ
1023 5802 1158 5878 γάρ..
1190 5802 1304 5878 ξξάρ
1337 5804 1669 5878 enimnmen~

115 5873 184 5929 sis
207 5886 287 5931 est
315 5871 439 5943 qui'
460 5879 700 5944 proxime
741 5871 991 5945 sequitur
1022 5871 1161 5946 apud
1190 5871 1443 5930 Hebraeos
1473 5871 1658 5928 NIGAN.

1775 5306 1956 5361 Codex
1988 5292 2317 5360 Bodleianus
2344 5303 2506 5357 habet
2523 5300 2614 5354 τὸν
2645 5299 2973 5370 καλούμενον
3007 5299 3136 5370 παρ’
3166 5296 3347 5362 αὐτοῖς

1775 5377 1894 5430 Ζίν·
1928 5377 2022 5431 καὶ
2054 5375 2162 5446 γὰρ
2195 5374 2386 5446 οῦτως,
2417 5385 2527 5426 etc.

1849 5449 1964 5519 (51)
1997 5438 2078 5519 βό
2128 5438 2262 5519 ,περὶ
2311 5443 2760 5519 τὸν-θερισμόν,
2815 5450 2921 5494 etc.
2978 5438 3071 5493 llis
3119 5439 3347 5519 negandi

1777 5509 2100 5588 particulam
2129 5509 2372 5585 adjungit
2419 5509 2724 5588 Ferrarius,
2747 5526 2908 5588 quam
2952 5523 3144 5588 neque
3177 5509 3346 5588 codex
3399 5554 3402 5558 .

1778 5579 2128 5653 Bodleianus,
2187 5579 2363 5656 neque
2404 5585 2619 5640 codices
2673 5579 2877 5652 Regius
2915 5589 2972 5635 et
3022 5579 3348 5636 Barberinus

2208 5728 2373 5783 ὄντα.
2773 5722 2946 5801 et)le
2981 5719 3346 5801 lgodleianus.

1779 5793 2005 5858 llu‘clltts
2037 5815 2104 5856 ex
2141 5801 2451 5871 coojcctura
2479 5796 2665 5862 edidit,
2695 5794 2813 5865 ἦτοι
2848 5793 3163 5864 ἀκμάζοντα
3183 5833 3198 5858 ,
3225 5808 3344 5845 cum
