3702 6142
370 359 470 427 467

1803 366 1938 423 ΟΒΙ(

2043 366 2123 423 llS
3462 375 3543 435 668

370 490 555 559 itaque
584 497 704 558 post
728 487 1084 543 oeconomiam
1110 501 1228 556 quae
1256 484 1399 542 facta
1430 486 1529 542 l’uit
1563 489 1616 543 in
1645 487 1790 543 Cana
1819 487 1929 543 Ga-

2043 493 2094 560 τῇ
2136 490 2291 563 Κανᾷ
2330 491 2431 562 τῆς
2470 491 2776 559 Γαλιλαίας,
2812 491 2940 563 περὶ
2974 491 3036 546 τὸ
3078 492 3453 566 μεταϐεϐληκὸς
3483 500 3546 562 εἰς

370 579 521 635 Ιίιιεε
545 577 592 612 ⁵³
624 580 768 635 circa
805 580 1160 634 mutationem
1193 594 1345 649 aquae
1373 581 1425 634 in
1462 583 1665 646 viuum,
1699 584 1931 638 descen-

373 673 518 729 disse
544 671 648 727 dici
676 673 959 728 Dominum
982 673 1392 742 Capharnaum,
1422 689 1653 745 cumque
1682 675 1796 746 ipso
1818 691 1932 730 ma-

372 774 508 818 trem
537 762 689 833 ejus,
718 770 773 818 et
799 763 1027 829 fratres,
1068 771 1124 817 et
1172 763 1496 833 discipulos,
1543 766 1632 821 ubi
1670 765 1933 821 manserit

372 871 476 911 non
509 856 708 912 multos
748 855 901 911 dies:
956 853 1228 931 luisseque
1264 857 1317 910 in
1374 857 1675 927 propinquo
1721 857 1931 913 Pascha

370 945 700 1011 Judaeorum,
729 954 786 1001 et
816 944 1209 1018 Jerosolymam
1245 948 1554 1004 ascendisse
1577 947 1781 1015 Jesum,
1808 964 1931 1005 cum

371 1051 562 1092 omnes
583 1038 637 1091 in
664 1038 864 1108 templo
894 1038 1140 1094 inventos
1168 1042 1464 1095 vendentes
1489 1040 1678 1108 boves,
1708 1051 1762 1096 et
1780 1056 1931 1108 oves,

324 1114 330 1120 ’
369 1138 424 1185 et
453 1128 765 1197 columbas,
798 1140 855 1184 et
880 1137 1073 1184 caetera
1106 1144 1225 1199 quae
1255 1131 1458 1201 scripta
1489 1141 1635 1197 sunt,
1664 1131 1806 1189 facto
1834 1132 1934 1188 ﬂa-

331 1216 338 1226 ’
371 1220 513 1293 gello
534 1236 565 1277 e
590 1219 868 1288 funiculis,
908 1220 1065 1290 eiecit
1091 1237 1122 1277 e
1152 1222 1387 1293 templo;
1420 1225 1685 1295 dictisque
1710 1225 1937 1296 quibus-

332 1299 342 1314 ’
371 1313 498 1368 dam
532 1313 598 1368 ad
633 1312 987 1369 Nicodetnum
1016 1314 1084 1380 ⁵⁸,
1138 1323 1325 1384 postea
1373 1318 1588 1372 venisse
1629 1318 1806 1387 ipsum
1828 1359 1844 1383 ,
1883 1327 1938 1376 et

370 1402 664 1474 discipulos
701 1402 817 1473 ejus
850 1404 901 1458 in
932 1413 1129 1460 terram
1172 1404 1413 1462 Judazam
1434 1448 1449 1472 ,
1478 1419 1532 1463 et
1562 1408 1672 1463 illic
1705 1424 1940 1466 commo-

374 1501 552 1548 ratum
585 1492 753 1550 fuisse
778 1509 901 1549 cum
941 1495 1041 1561 eis,
1069 1504 1126 1550 et
1165 1486 1490 1565 baptiz'asse.
1534 1498 1803 1566 Quantum
1835 1500 1939 1571 igi-

371 1593 462 1640 tur
487 1585 746 1654 temporis
772 1599 1038 1657 ponemus
1070 1601 1192 1642 eum
1225 1588 1276 1641 in
1319 1587 1501 1644 Judaea
1534 1592 1940 1663 consumpsisse

370 1675 735 1746 baptizantem
774 1686 897 1748 post
926 1676 1170 1734 Pascha?
1211 1693 1319 1734 non
1375 1680 1520 1735 enim
1574 1692 1760 1752 aperte
1801 1685 1941 1740 scri-

370 1777 520 1840 ptum
552 1777 674 1826 est:
711 1779 765 1825 et
786 1779 1012 1841 apparet
1036 1785 1104 1827 eo
1131 1772 1272 1842 quod
1296 1775 1652 1843 cognoverint
1679 1775 1936 1835 Pharisaei

369 1858 555 1917 lesum
599 1863 785 1933 plures
837 1862 1131 1933 discipulos
1176 1863 1357 1921 facere
1406 1865 1474 1933 “,
1526 1876 1581 1922 et
1629 1869 1935 1939 baptizare,

370 1967 530 2021 quam
547 1951 803 2017 Joannes,
829 1953 1008 2009 Jesum
1023 1952 1261 2009 Iudaeam
1280 1955 1585 2025 reliquisse,
1608 1959 1939 2028 profectum-

370 2060 477 2113 que
525 2047 577 2100 in
610 2045 924 2112 Galilaeam,
955 2062 1078 2102 cum
1111 2055 1391 2115 oporteret
1421 2038 1545 2103 eum
1581 2052 1814 2106 transire
1844 2067 1942 2122 per

372 2139 702 2205 Samariam,
757 2140 971 2196 venisse
1023 2138 1089 2192 ad
1117 2137 1322 2193 fontem
1364 2138 1571 2206 Jacob,
1617 2142 1706 2197 ubi
1766 2143 1942 2214 inquit

376 2228 493 2284 haec
522 2227 730 2284 verba:
768 2247 788 2281 ι
824 2227 1016 2284 Nonne
1050 2243 1145 2284 vos
1171 2228 1355 2285 dicitis
1380 2272 1396 2297 ,
1433 2232 1575 2298 quod
1613 2233 1789 2288 adhuc
1810 2251 1943 2303 qua-

373 2335 497 2378 tuor
527 2330 654 2378 sunt
688 2336 929 2383 menses,
964 2329 1020 2376 et
1055 2323 1250 2376 messis
1276 2323 1459 2376 venit?
1488 2323 1651 2395 [Ecce
1685 2327 1806 2380 dico
1847 2343 1942 2383 vo-

373 2414 491 2470 bis:
527 2412 729 2467 Levate
754 2412 943 2468 oculos
977 2422 1223 2477 vestros,
1250 2422 1304 2468 et
1331 2415 1508 2471 videte
1537 2418 1790 2487 regiones
1828 2423 1940 2490 jam

371 2508 525 2562 albas
555 2520 673 2563 esse
703 2508 770 2561 ad
805 2520 1038 2561 messem
1064 2504 1157 2577 °'.]
1197 2524 1215 2555 ι
1244 2506 1395 2573 Quod
1443 2509 1487 2563 si
1521 2511 1643 2579 quis
1667 2511 1943 2568 existimat

374 2598 616 2668 plurium
647 2601 913 2654 mensium
951 2611 1160 2669 tempus
1178 2603 1579 2670 consumpsisse
1605 2601 1791 2658 Jesum
1823 2617 1943 2674 post

374 2687 583 2745 Pascha
617 2691 669 2744 in
703 2688 885 2744 Iudaea
936 2693 1296 2761 baptizantem
1339 2709 1462 2748 cum
1495 2693 1778 2765 discipulis
1804 2698 1937 2766 suis,

372 2781 512 2838 adeo
540 2791 598 2836 ut
621 2781 730 2853 jam
758 2785 986 2839 instaret
1033 2794 1242 2855 tempus
1274 2786 1418 2855 quod
1468 2794 1589 2841 erat
1621 2796 1748 2842 ante
1780 2805 1943 2859 quar-

375 2880 488 2929 tum
519 2888 758 2930 mensem
783 2877 980 2932 messis
1008 2876 1091 2943 ⁵⁶;
1121 2877 1520 2948 adjungendnm
1555 2886 1639 2934 est
1671 2879 1768 2947 illi,
1801 2884 1942 2951 quod

371 2967 508 3022 duos
531 2966 649 3023 dies
695 2981 818 3023 cum
854 2968 1143 3025 mansisset
1193 2969 1304 3026 illic
1358 2971 1499 3040 apud
1546 2970 1940 3041 Samaritanus,

372 3065 497 3128 post
542 3057 643 3114 hos
699 3061 893 3115 exierit
943 3062 997 3115 in
1051 3059 1360 3127 Galilaeam;
1409 3063 1781 3136 scriptumque
1823 3082 1943 3124 esse

371 3150 515 3219 quod
545 3151 791 3245 (perinde
821 3153 975 3220 quasi
1009 3167 1180 3245 nuper
1212 3151 1484 3245 Pascltale
1530 3155 1673 3209 facto
1698 3196 1714 3222 ,
1753 3158 1941 3212 rebus—
1970 3188 2012 3245 ο

372 3259 478 3312 que
506 3258 642 3314 quas
674 3244 788 3315 ipse
820 3254 1009 3313 egerat
1040 3241 1419 3314 Jerosolymis)
1460 3260 1582 3299 cum
1611 3248 1853 3302 venisset
1888 3249 1940 3301 in

372 3334 688 3401 Galilazam,
739 3336 1055 3404 exceperint
1090 3336 1239 3390 illum
1288 3335 1532 3403 Galitzei,
1563 3338 1651 3405 qui
1698 3339 1945 3393 viderant

371 3442 705 3500 quacunque
731 3427 1079 3500 Jerosolymis
1111 3428 1327 3484 fecisset
1371 3430 1423 3483 in
1457 3430 1544 3484 die
1574 3429 1751 3485 festo:
1780 3446 1945 3487 vene-

375 3532 497 3579 rant
527 3524 671 3579 enim
700 3524 863 3579 etiam
906 3524 1012 3594 ipsi
1054 3524 1121 3579 ad
1161 3524 1301 3579 diem
1342 3522 1561 3579 festum.
1600 3523 1706 3579 Sed
1752 3526 1944 3592 proba-

373 3615 482 3673 bile
515 3625 600 3672 est
632 3614 868 3687 aliquem
919 3615 989 3671 ad
1040 3616 1157 3671 haec
1197 3616 1464 3670 dicturum
1492 3654 1507 3679 ,
1556 3615 1690 3671 nihil
1725 3616 1944 3671 obstare

374 3709 665 3783 plurimum
695 3707 955 3780 temporis
977 3723 1103 3764 eum
1131 3709 1187 3762 in
1213 3706 1395 3763 Judaaa
1422 3721 1815 3764 commoratum
1847 3726 1943 3766 ve-

374 3805 522 3860 nisse
565 3803 632 3857 ad
680 3801 881 3856 fontem
929 3800 1135 3865 Jacob,
1187 3799 1476 3855 abeuntem
1537 3800 1591 3854 in
1641 3800 1941 3869 Galilaeam,

372 3893 592 3964 quando
639 3890 814 3947 dixit:
867 3910 885 3943 ι
921 3892 1113 3946 Adhuc
1166 3901 1404 3961 quatuor
1443 3907 1656 3948 menses
1702 3906 1828 3949 sunt
1875 3895 1944 3950 ad

377 3998 648 4051 messem,
683 4002 703 4035 ι
751 3997 855 4037 nec
906 3983 1200 4052 quidquam
1261 3982 1484 4038 absurdi
1521 4000 1643 4040 esse
1691 3984 1944 4042 Galilzeos

373 4090 501 4131 eum
540 4075 814 4145 excepisse
859 4084 1080 4142 propter
1119 4090 1183 4128 ea
1229 4089 1350 4143 quae
1401 4075 1452 4128 in
1510 4077 1944 4145 praecedentibus

373 4162 653 4218 mensibus
700 4162 815 4232 ipse
858 4160 1215 4231 Jerosolymis
1254 4163 1479 4232 egisset.
1511 4162 1674 4234 250
1708 4164 1813 4221 Sed
1852 4182 1943 4222 re-

374 4252 747 4325 spondendum
792 4261 877 4307 est
922 4251 1030 4307 illis
1065 4257 1205 4322 quod
1249 4255 1521 4323 protectus
1560 4259 1611 4309 in
1663 4255 1940 4313 Galilaeam

373 4344 585 4401 venerit
605 4344 807 4400 Canam
835 4342 1110 4399 civitatem
1141 4342 1395 4412 Galilaeae,
1430 4349 1518 4402 ubi
1555 4359 1715 4402 antea
1741 4348 1945 4403 fecerat

375 4453 443 4492 ex
469 4452 610 4507 aqua
638 4437 821 4491 vinum
841 4476 859 4503 ,
893 4437 984 4492 ubi
1010 4437 1172 4492 etiam
1201 4439 1367 4508 reguli
1400 4440 1568 4495 lilium
1591 4451 1941 4511 aegrotantem

2030 576 2170 634 οἶνον
2219 581 2384 654 ὕδωρ,
2431 584 2760 654 οἰκονομίαν,
2829 583 3256 654 καταϐεϐηκέναι
3302 585 3545 660 λέγεταιιδ

2031 672 2234 745 Κύριος
2266 676 2345 737 είς
2373 674 2749 744 Καφαρναοὺμ
2782 673 2961 736 αὐτὸς,
2996 673 3090 726 καὶ
3125 675 3159 745 ἠ
3199 675 3371 746 μήτηρ
3394 677 3549 741 αὐτοῦ,

2033 769 2126 819 καὶ
2156 767 2204 820 οἱ
2232 766 2469 835 ἀδελφοὶ,
2505 766 2597 820 καὶ
2627 768 2675 819 οἱ
2713 766 2971 837 μαθηταὶ,
3006 767 3131 820 ἔνθα
3154 768 3357 838 ἔμεινεν
3377 768 3430 821 οὐ
3452 772 3553 823 πολι

2032 856 2130 920 λὰς
2164 857 2373 929 ἡμέρας
2393 874 2406 887 ·
2448 858 2541 910 καὶ
2574 858 2741 927 ἐγγὺς
2757 853 2824 929 ἦν
2850 859 2910 912 τὸ
2934 859 3123 930 Πάσχα
3154 860 3260 913 τῶν
3302 860 3551 925 Ἰουδαίων,

2035 950 2126 1003 καὶ
2155 948 2320 1020 ἀνέϐη
2365 950 2445 1013 είς
2492 949 2836 1021 Ἰεροσόλυμα
2875 954 2903 1006 ό
2955 951 3183 1023 Ἰησοῦς,
3224 952 3312 1005 ὅτε
3358 946 3491 1023 εὗρεν
3510 956 3553 1006 ὲν

2034 1038 2110 1109 τῷ
2135 1038 2262 1111 ἱερῷ
2281 1040 2406 1102 τοὺς
2428 1039 2737 1104 πωλοῦντας
2765 1040 2912 1111 βόας,
2932 1027 3023 1095 καί
3044 1041 3307 1115 πρόόατα,
3326 1043 3413 1095 καὶ
3428 1058 3554 1113 περι-

2039 1134 2255 1203 στερὰς,
2284 1133 2376 1186 καὶ
2412 1133 2479 1186 τὰ
2506 1133 2665 1187 λοιπὰ
2686 1134 2793 1188 τῶν
2817 1135 3340 1206 ἀναγεγραμμένων,
3369 1136 3557 1205 ποιήσας

2037 1224 2356 1296 φραγέλλιον
2377 1227 2441 1278 ὲκ
2456 1226 2702 1296 σχοινίων
2722 1225 2926 1290 πάντας
2955 1227 3207 1293 ἐξέϐαλεν
3225 1229 3289 1281 ὲκ
3312 1227 3398 1281 τοῦ
3420 1228 3558 1299 ἱεροῦ,

2037 1317 2133 1370 καὶ
2181 1315 2348 1369 εἰπών
2393 1333 2516 1371 τινα
2569 1316 2704 1387 πρὸς
2736 1317 2825 1371 τὸν
2864 1318 3192 1390 Νικόδημον,
3239 1319 3372 1390 μετὰ
3422 1320 3561 1374 ταῦτα

2036 1403 2196 1479 ἦλθεν
2217 1407 2397 1472 αὐτὸς,
2427 1407 2520 1460 καὶ
2548 1408 2598 1460 οἱ
2625 1407 2864 1480 μαθηταὶ
2904 1407 3065 1462 αὐτοῦ
3099 1410 3179 1472 εἰς
3206 1409 3305 1479 τὴν
3346 1410 3561 1465 Ἰουδαίαν

2038 1499 2160 1570 γῆν,
2190 1503 2283 1551 καὶ
2322 1499 2437 1551 ἐκεῖ
2476 1499 2710 1570 διέτριϐε
2758 1500 2875 1570 μετ’
2915 1500 3127 1563 αὐτῶν,
3174 1501 3270 1553 καὶ
3324 1499 3562 1564 ὲὸάπτιζε.

2037 1587 2210 1641 Πόσον
2239 1587 2302 1659 δὴ
2346 1586 2580 1659 θήσομεν
2620 1587 2781 1641 αὐτὸν
2820 1589 3218 1659 διατετριφέναι
3259 1590 3316 1642 ὲν
3352 1592 3413 1661 τῇ
3458 1590 3556 1642 Ἰου-

2037 1679 2162 1751 δαίᾳ
2189 1679 2376 1752 χρόνον
2409 1679 2732 1750 βαπτίζοντα
2765 1680 2902 1752 μετὰ
2924 1681 2986 1734 τὸ
3018 1682 3243 1751 Πάσχα;
3278 1682 3338 1734 οὐ
3363 1682 3462 1752 γὰρ
3488 1699 3565 1734 σα-

2041 1770 2155 1839 φῶς
2184 1770 2489 1841 γέγραπται
2508 1787 2521 1800 ·
2546 1771 2640 1824 καὶ
2669 1772 2915 1840 φαίνεται
2943 1771 3031 1824 διὰ
3059 1771 3119 1824 τὸ
3152 1771 3441 1841 ἐγνωκέναι
3466 1773 3564 1833 τοὺς

2038 1861 2384 1930 Φαρισαίους,
2417 1862 2499 1914 ὅτι
2537 1861 2742 1932 Ἰησοῦς
2766 1860 3013 1926 πλείονας
3038 1862 3286 1933 μαθητάς
3321 1865 3468 1927 ποιεῖ,
3495 1864 3568 1914 καὶ

2041 1953 2290 2024 βαπτίζει
2349 1953 2601 2025 Ἰωάννης
2646 1953 2780 2025 (55),
2824 1954 3003 2023 ἀφιεὶς
3036 1954 3135 2025 τὴν
3187 1939 3467 2018 Ἰουδαίαν,
3496 1954 3568 2007 καὶ

2038 2045 2409 2117 ἀπερχόμενος
2450 2046 2531 2109 εἰς
2558 2045 2654 2117 τὴν
2686 2045 2994 2111 Γαλιλαίαν,
3033 2047 3123 2100 ὅτε
3154 2044 3269 2117 (54)
3304 2045 3406 2099 ἔδει
3437 2046 3567 2099 αὑτὸν

2038 2137 2343 2210 διέρχεσθαι
2375 2137 2462 2191 διὰ
2493 2138 2591 2208 τῆς
2629 2138 2960 2210 Σαμαρείας,
2995 2139 3088 2191 καὶ
3132 2123 3420 2208 γενόμενος
3448 2137 3568 2210 παρὰ

2038 2233 2103 2300 τῇ
2136 2231 2283 2300 πηγῇ
2319 2229 2410 2283 τοῦ
2464 2228 2679 2291 Ἰακὼϐ,
2709 2230 2843 2299 φησὶ
2863 2228 2950 2281 τό·
3000 2247 3018 2278 ι
3065 2229 3180 2298 Οὐχ
3205 2228 3362 2299 ὑμεῖς
3396 2229 3569 2296 λέγετε,

2039 2322 2119 2374 ὅτι
2150 2321 2229 2374 ἔτι
2262 2321 2599 2393 τετράμηνός
2630 2322 2767 2386 ἐστι,
2816 2323 2910 2375 καὶ
2948 2324 2977 2375 ό
3013 2320 3273 2392 θερισμὸς
3305 2320 3522 2392 ἔρχεται;
3551 2339 3566 2372 ι

2055 2412 2180 2465 Ἐὰν
2212 2411 2269 2464 δέ
2291 2429 2376 2474 τις
2408 2412 2608 2481 ὑπονοῇ
2638 2409 2772 2481 μετὰ
2795 2410 2856 2463 τὸ
2886 2412 3074 2481 Πάσχα
3104 2412 3368 2464 πλειόνων
3410 2411 3563 2482 μηνῶν

2039 2504 2226 2576 χρόνον
2266 2502 2375 2573 (55)
2403 2502 2801 2573 διατετριφέναι
2824 2504 2880 2557 ἐν
2906 2505 2971 2574 τῇ
3010 2502 3242 2574 Ἰουδαίᾳ
3273 2503 3361 2556 τὸν
3404 2504 3571 2574 Ἰησοῦν

2042 2595 2366 2667 βαπτίζοντα
2398 2594 2536 2665 μετὰ
2565 2594 2674 2649 τῶν
2708 2594 2962 2665 μαθητῶν
3005 2595 3189 2658 αὑτοῦ,
3229 2594 3368 2649 ὥστε
3400 2597 3575 2666 ἐνεστη-

2041 2690 2191 2744 κέναι
2230 2690 2331 2762 ἧδη
2368 2689 2457 2742 τὸν
2487 2688 2590 2761 πρὸ
2621 2690 2957 2759 τετραμήνου
2984 2687 3076 2741 τοῦ
3112 2687 3377 2759 θερισμοῦ
3401 2688 3572 2758 καιρόν·

2042 2781 2374 2854 παραθετέον
2404 2781 2570 2852 αὐτῷ,
2601 2783 2683 2835 ὅτι
2713 2780 2805 2834 δύο
2830 2780 3040 2852 ἡμέρας
3080 2780 3272 2846 μείνας
3311 2781 3421 2832 ἐκεῖ
3457 2779 3577 2849 παρὰ

2041 2879 2148 2940 τοῖς
2180 2873 2511 2946 Σαμαρείσι,
2543 2872 2680 2944 μετὰ
2710 2872 2910 2935 ταύτας
2950 2871 3169 2943 ἐξῆλθεν
3211 2872 3293 2933 εἰς
3336 2870 3425 2941 τὴν
3453 2869 3577 2922 Γαλι-

2040 2970 2214 3033 λαίαν,
2250 2968 2343 3021 καῖ
2362 2967 2794 3038 ἀναγέγραπται.
2824 2965 2900 3028 ὼς
2924 2965 3116 3018 νεωστὶ
3141 2963 3238 3017 τοῦ
3274 2964 3456 3034 Πάσχα
3475 2980 3579 3033 προ-

2041 3062 2425 3131 γεγενημένου,
2449 3058 2542 3113 καὶ
2568 3059 2674 3112 τῶν
2702 3058 2760 3111 ὲν
2803 3056 3195 3129 Ἰεροσολύμοις
3214 3055 3579 3127 πεπραγμένων

2044 3154 2211 3225 αὐτῷ,
2244 3154 2334 3206 ὅτε
2363 3148 2523 3224 ἦλθεν
2551 3153 2632 3213 είς
2664 3148 2762 3220 τὴν
2796 3146 3107 3213 Γαλιλαίαν,
3150 3145 3400 3213 ἐδέξαντο
3450 3142 3579 3199 αὑτὸν

2044 3249 2094 3301 οἱ
2120 3245 2408 3312 Γαλιλαῖοι,
2436 3243 2612 3297 πάντα
2642 3240 2944 3312 ἑωρακότες
2981 3240 3081 3293 ὅσα
3115 3240 3373 3309 εποίησεν
3405 3239 3458 3290 ὲν
3501 3236 3578 3289 Ἰε-

2048 3339 2384 3413 ροσολύμοις,
2434 3338 2491 3390 ὲν
2526 3338 2590 3407 τῇ
2640 3336 2799 3407 ἐορτῇ
2820 3351 2833 3364 ·
2878 3333 2972 3387 καὶ
2998 3333 3152 3387 αὐτοὶ
3183 3332 3296 3403 γὰρ
3336 3327 3486 3404 ἦλθον
3520 3329 3580 3390 si;

2042 3436 2141 3506 τὴν
2187 3434 2401 3504 ἑορτήν.
2459 3428 2597 3483 Ἀλλ’
2643 3428 2810 3492 εἰκὸς,
2848 3428 2930 3480 ὅτι
2979 3427 3094 3500 ἐρεῖ
3134 3443 3221 3489 τις
3267 3425 3404 3496 πρὸς
3441 3421 3577 3475 ταῦτα

2044 3527 2195 3581 οὐδὲν
2227 3526 2415 3579 λυπεῖν
2444 3523 2664 3576 πλείονα
2699 3520 2860 3574 αὐτὸν
2901 3518 3259 3592 διατρίψαντα
3301 3520 3357 3570 ἐν
3381 3519 3442 3587 τῇ
3477 3516 3578 3576 ’1ου-

2043 3619 2167 3688 δαία
2194 3618 2384 3691 χρόνον
2411 3614 2721 3686 ἐληλυθέναι
2765 3613 2858 3666 ἐπὶ
2905 3611 3001 3682 τὴν
3040 3610 3227 3682 πηγὴν
3263 3609 3357 3663 τοῦ
3398 3604 3578 3671 Ἰακὼϐ,

2044 3713 2273 3767 ἀπιόντα
2293 3713 2371 3774 είς
2401 3708 2499 3781 τὴν
2527 3706 2838 3772 Γαλιλαίαν,
2879 3724 2897 3756 ι
2931 3705 3056 3757 Ὅτε
3086 3703 3169 3755 ἔτι
3200 3702 3537 3773 τετράμηνός,
3563 3716 3576 3745 ι

2045 3801 2217 3869 εἶπεν,
2247 3822 2265 3854 t
2306 3803 2384 3865 είς
2414 3801 2503 3854 τὸν
2544 3796 2830 3868 θερισμόν·
2888 3815 2906 3847 ι
2946 3796 3038 3849 καὶ
3069 3794 3224 3850 οὐδὲν
3259 3792 3451 3847 ἄτοπόν
3493 3792 3581 3841 ἐπι

2044 3898 2168 3959 τοὺς
2192 3892 2506 3957 Γαλιλαίους
2537 3890 2623 3945 διὰ
2646 3890 2716 3943 τά
2758 3889 2851 3942 ἐπὶ
2888 3888 2996 3941 τῶν
3040 3886 3234 3959 πρώην
3274 3884 3451 3957 μηνῶν
3492 3882 3581 3953 (56)

2043 3984 2192 4056 αὐτῷ
2228 3985 2494 4055 γενόμενα
2538 3982 2597 4035 ὲν
2655 3978 3041 4052 Ἰεροσολύμοις
3084 3975 3480 4049 παραδέχεσθαι
3507 3973 3583 4025 αὖ·

2043 4079 2153 4132 τόν.
2191 4076 2422 4131 Λεκτέον
2457 4074 2514 4129 δὲ
2542 4073 2678 4146 πρὸς
2703 4073 2917 4134 αὐτοὺς,
2944 4072 3022 4123 ὅτι
3066 4070 3501 4141 παραγενόμενος
3523 4065 3582 4126 είς

2044 4171 2141 4242 τὴν
2181 4168 2468 4222 Γαλιλαίαν
2502 4163 2662 4238 ἦλθεν
2701 4166 2781 4228 εἰς
2820 4165 2919 4234 τὴν
2967 4164 3122 4215 Κανᾶ
3170 4162 3273 4232 τῆς
3310 4159 3579 4218 Γαλιλαίας,

2043 4264 2176 4316 ὅπου
2204 4261 2460 4333 πρότερον
2488 4257 2751 4327 πεποίηκε
2780 4256 2842 4309 τὸ
2874 4255 3017 4326 ὕδωρ
3046 4250 3208 4318 οἶνον,
3246 4252 3375 4307 ἔνθα
3411 4249 3582 4305 καὶτὸν

2044 4352 2137 4407 τοῦ
2160 4350 2435 4423 βασιλικοῦ
2472 4350 2585 4403 υἱὸν
2620 4345 2881 4402 νοσοῦντα
2922 4347 2979 4398 ὲν
3022 4347 3087 4415 τῇ
3126 4343 3495 4415 Καφαρναοὺμ
3524 4340 3581 4391 εί-

2046 4447 2162 4501 πὼν
2199 4445 2276 4516 τῷ
2318 4443 2486 4515 πατρὶ
2525 4440 2725 4496 αὐτοῦ’
2764 4460 2781 4491 t
2833 4439 2892 4492 ὐ
2935 4437 3049 4501 υἱός
3082 4453 3177 4490 σου
3220 4436 3312 4508 ζῇ,
3357 4455 3377 4487 ι
3420 4431 3579 4503 ἐθερά-

379 4530 431 4582 in
461 4527 781 4597 Capharnao
805 4529 1052 4592 curavit,
1084 4529 1227 4598 patri
1265 4529 1435 4599 ipsius
1464 4532 1652 4587 dicens
1679 4554 1690 4588 :
1725 4551 1745 4584 ι
1774 4532 1938 4589 Filius

2047 4553 2244 4590 πευσεο
2272 4537 2384 4599 καὶ,
2425 4554 2444 4586 ι
2484 4532 2638 4589 Μετὰ
2663 4530 2835 4586 ταῦτα
2869 4526 2937 4601 ἦν
2966 4528 3127 4600 ἑορτὴ
3158 4526 3270 4581 τῶν
3323 4522 3576 4579 Ἰουδαίων.

376 4628 503 4676 tuus
524 4621 656 4676 vivit
682 4621 763 4689 '7;
796 4640 816 4673 ι
855 4631 937 4686 et,
980 4639 1000 4673 ι
1037 4619 1230 4677 Postea
1260 4632 1377 4676 erat
1397 4623 1515 4678 dies
1538 4623 1709 4681 festus
1738 4623 1949 4680 Iudaeo-

278 4775 283 4779 Α
376 4728 529 4779 rum,
559 4721 617 4769 et
657 4712 906 4769 ascendit
945 4711 1102 4768 Iesus
1147 4712 1537 4785 Jerosolymam
1562 4716 1627 4778 ⁵⁸,
1666 4734 1686 4768 ι
1731 4718 1946 4786 quando

376 4802 731 4874 paralyticum
764 4815 889 4859 octo
920 4815 975 4858 et
1005 4804 1226 4874 triginta
1254 4820 1425 4860 annos
1466 4806 1752 4862 habentem
1799 4823 1858 4862 se
1892 4809 1945 4864 in

376 4896 699 4950 inﬁrmitate
722 4897 948 4951 curavit.
984 4897 1065 4951 An
1095 4911 1223 4951 vero
1251 4897 1341 4951 hic
1371 4898 1486 4953 dies
1514 4897 1683 4954 festus
1712 4899 1948 4956 Pascha—

376 4989 448 5044 tis
475 4994 627 5050 erat,
666 5001 771 5041 non
798 4988 1013 5044 additur
1050 5005 1246 5046 nomen
1280 4989 1428 5059 ejus;
1463 5002 1723 5061 urgetque
1764 4992 1938 5049 series

2045 4628 2136 4682 καὶ
2163 4625 2330 4696 ἀνέϐη
2362 4626 2392 4678 ό
2432 4623 2634 4695 Ἰησοῦς
2658 4625 2736 4687 εἰς
2772 4620 3137 4693 Ἱεροσόλυμα,
3164 4639 3184 4671 ι
3215 4618 3309 4671 ὅτε
3345 4616 3432 4670 τὸν
3464 4610 3582 4683 τριά-

2042 4738 2205 4774 κοντα
2233 4716 2376 4772 ὀκτὼ
2416 4717 2508 4788 ἔτη
2540 4715 2728 4787 ἔχοντα
2751 4716 2823 4774 ⁵ιέν
2858 4715 2924 4784 τῇ
2960 4710 3211 4782 ἀσθενείᾳ
3252 4703 3579 4779 παραλυτικὸν

2042 4814 2429 4886 ἐθεράπευσεν.
2479 4811 2604 4864 Ἐὰν
2639 4809 2696 4863 δὲ
2729 4807 2867 4879 αὑτὴ
2906 4810 2939 4877 ή
2984 4804 3145 4877 ἑορτὴ
3181 4804 3279 4857 τοῦ
3303 4802 3483 4871 Πάσχα
3508 4792 3575 4867 ἦν,

2042 4902 2103 4956 οὐ
2130 4901 2447 4973 πρόσκειται
2484 4900 2544 4952 τὸ
2571 4898 2741 4968 ὄνομα
2784 4896 2954 4967 αὐτῆς
2973 4912 2988 4926 ·
3042 4896 3368 4965 στενοχωρεῖ
3410 4907 3462 4942 τε
3488 4886 3575 4957 (57)

2045 4994 2107 5048 τὸ
2139 4992 2427 5048 ἀκόλουθον
2464 4992 2563 5062 τῆς
2612 4989 2870 5062 ἱστορίας,
2916 4988 3009 5041 καὶ
3052 4988 3287 5059 μάλιστα
3327 4987 3445 5040 ἐπεὶ
3486 4982 3575 5056 μετ’

444 5174 662 5234 "Joan.
685 5175 824 5241 11,1.
882 5172 1298 5244 “Joan.ttt,l.
1365 5176 1415 5210 “
1440 5175 1765 5247 Joan.tv,l.
1820 5184 1938 5239 "in

2044 5181 2134 5240 55.
2192 5180 2240 5211 ⁵⁸
2265 5178 2398 5233 ibid.
2425 5173 2519 5241 45,
2545 5171 2637 5227 45.
2698 5170 2743 5202 ⁸⁷
2771 5170 2899 5223 ibid.
2929 5167 3018 5223 50.
3079 5167 3125 5200 ⁸³
3153 5165 3317 5222 Joan.
3348 5167 3442 5233 v.1
3479 5175 3572 5230 seq.

374 5358 984 5435 oblitterata_codicum
1029 5358 1202 5435 _Regii
1264 5370 1314 5416 et
1373 5362 1653 5416 Barberini
1714 5367 1939 5435 vestigia

377 5432 669 5501 praeferant
691 5429 813 5501 ἦτοι
834 5430 1197 5500 άκηκοὺοντα.

450 5520 561 5596 (53)
598 5519 898 5596 Ἰωάαανηςζ
934 5518 1300 5596 Scribendum
1322 5522 1543 5596 videtur
1578 5523 1611 5593 ἢ
1667 5522 1938 5596 Ἰωάννης.

381 5589 505 5708 διξέι
529 5593 583 5645 in
634 5592 820 5646 codice
862 5591 1156 5647 Bodleiano
1199 5592 1397 5662 legitur
1445 5589 1639 5664 ἀφίησι
1676 5593 1773 5664 τὴν
1813 5589 1943 5649 Ἰόυ-

468 5676 552 5711 αν.
1494 5689 1500 5696 “

385 5748 533 5870 έεῗὰ)
553 5751 718 5809 Codd.
747 5755 1068 5814 Bodleianus
1099 5766 1153 5813 et
1176 5754 1529 5824 Barberinus,
1556 5757 1676 5831 615;
1717 5756 1939 5826 Regius,

2113 5361 2224 5434 (55)
2250 5361 2496 5434 Χρόνον.
2534 5355 2692 5434 Qeest
2726 5355 2782 5434 in
2809 5354 2965 5410 codd.
3000 5353 3166 5425 Regio
3195 5361 3253 5408 et
3285 5347 3570 5412 Barberino,

2050 5427 2144 5489 sed
2176 5427 2477 5487 restituitur
2505 5443 2535 5482 e
2555 5427 2868 5484 Bodleiano.

2117 5482 2542 5593 ξεὲῇξὲπιὲῶν
2563 5516 2768 5593 xm};
2807 5482 3037 5593 gap-(37::
3095 5514 3185 5593 είς
3242 5525 3393 5593 recte
3434 5482 3596 5593 habet.

2043 5577 2225 5676 cgt‘tex’
2242 5591 2564 5647 Bodleianus
2583 5577 2685 5655 {in
2713 5577 2888 5658 Regio
2914 5597 2970 5641 et
2998 5585 3288 5642 Bodleiano
3322 5585 3466 5638 deest
3500 5577 3573 5630 ἐπὶ

2043 5681 2230 5823 mra?)
2262 5752 2429 5807 Codd.
2463 5750 2782 5805 Bodleianus
2811 5760 2863 5803 et
2889 5748 3211 5807 Barberinus
3232 5789 3246 5815 ,
3285 5740 3573 5816 στενοχωρεῖ

2049 5842 2139 5879 ἰε’
2172 5824 2392 5891 Regius,
2427 5823 2855 5890 στενοχωρεῖται.
