3702 6142
120 329 208 388 ιω

1139 318 1494 376 COMMENT.
1531 319 1603 374 ΙΝ
1638 317 1830 375 JOAN.
1865 317 2106 375 TOMUS
2143 315 2281 371 XIII.

3217 314 3322 370 47C

113 446 245 501 ὀλίγα
271 440 600 510 ἐπιφέρεται,
632 437 716 491 ὅτι
748 456 766 488 ι
807 430 915 491 τΗν
939 435 1105 506 ἐγγὺς
1128 437 1162 508 ἡ
1188 435 1348 507 ἑορτὴ
1379 434 1486 489 τῶν
1526 435 1656 487 Ἰου-

1823 436 2032 501 ςιοι-ῑαξ,
2079 445 2135 491 et
2165 434 2399 488 maxime
2425 432 2566 502 quod
2594 437 2716 501 post
2754 445 2922 501 pauca
2948 432 3323 504 subiungitur:

114 539 252 592 δαίων
274 534 307 606 ή
328 530 692 610 Σκηγοπηγία.
726 549 746 581 ι

108 617 111 625 “
170 628 248 683 40.
289 624 501 679 Τούτων
544 622 606 694 δὴ
643 619 919 675 ἐπιπλεῖον
971 618 1393 692 ἐξεταζομένων,
1434 619 1658 674 ἀκόλου-

114 723 191 776 θόν
220 722 328 774 ἐστι
347 716 424 789 τῷ
451 713 745 786 βαθύτερον
780 712 1036 786 ἐνορῶντι
1071 712 1147 784 τῷ
1181 712 1258 783 νῷ
1286 712 1395 766 τῶν
1423 711 1655 784 Γραφῶν

113 813 271 887 ζητεῖν
295 810 345 865 τί
386 807 519 863 νοῶν
567 809 680 872 τοῖς
717 806 986 879 μαθηταῖς
1035 806 1216 876 ἔλεγεν
1248 808 1277 860 6
1322 804 1526 877 Ἰησοῦς
1561 805 1653 860 τό·

118 926 135 959 ι
155 907 253 977 οὑχ
283 904 433 974 ὑμεῖς
470 902 677 970 λέγετε,
703 901 785 954 ὅτι
814 899 1149 971 τετράμηνός
1173 901 1312 962 ἐστι,
1336 899 1431 953 καὶ
1459 899 1488 951 6
1514 897 1660 969 θερι-

116 998 232 1068 σμὸς
271 995 516 1068 ἔρχεται;
580 991 710 1046 Ἰδοὺ
769 991 913 1060 λέγω
964 991 1093 1063 ὑμῖν
1112 1006 1126 1021 ο
1200 989 1471 1062 Έπάρατε
1534 990 1659 1052 τοὺς

113 1087 392 1159 ὀφθαλμοὺς
418 1083 594 1157 ὑμῶν,
634 1084 727 1138 κα).
763 1082 1031 1137 θεάσασθε
1058 1081 1157 1146 τὰς
1184 1080 1388 1154 χώρας,
1424 1083 1504 1135 ὅτι
1538 1080 1661 1134 λευ-

116 1178 194 1233 καί
222 1179 319 1232 εἱσι
356 1175 489 1246 πρὸς
537 1173 795 1246 θερισμὸν
834 1173 958 1245 ἤδη.
997 1192 1016 1225 ι
1054 1174 1266 1245 Ὥσπερ
1309 1172 1366 1225 δὲ
1399 1171 1658 1243 ἐλέγομεν

114 1266 311 1321 ἐπὶτῶν
336 1266 476 1319 κατὰ
505 1264 607 1336 τὴν
644 1265 977 1335 Σαμαρεῖτιν
1011 1262 1077 1317 τὰ
1122 1265 1251 1334 περὶ
1298 1262 1406 1316 τῶν
1452 1263 1662 1317 ὑδάτων

114 1355 446 1424 ἐξετάζοντες,
486 1353 630 1408 οὕτω
671 1353 764 1407 καὶ
802 1352 1004 1415 ,ἐνθάδε
1052 1353 1366 1424 ποιήσωμεν
1396 1353 1533 1424 (58).
1565 1354 1664 1417 Τίς

114 1451 208 1522 γὰρ
228 1449 320 1503 οὑκ
344 1447 410 1502 ἂν
429 1446 770 1519 ὁμολογήσαι
791 1445 853 1498 τό
878 1462 890 1474 ·
934 1463 953 1495 ι
1005 1446 1277 1516 Ἑπάρατε
1305 1447 1430 1510 τοὺς
1466 1444 1664 1513 ὀφθαλ-

118 1541 234 1612 μοὺς
260 1538 429 1611 ὑμῶν,
463 1539 561 1593 καὶ
586 1537 852 1592 θεάσασθε
876 1536 974 1602 τὰς
1003 1535 1207 1611 χώρας,
1229 1538 1314 1618 ,ὅτι
1339 1538 1530 1593 λευκαί
1557 1540 1661 1592 είσι

117 1630 232 1702 πρὸς
262 1628 512 1702 θερισμὸν
543 1628 670 1701 ήδη,
708 1647 728 1680 ι
766 1627 1136 1699 πνευματικὸν
1156 1621 1296 1682 εῖναι
1336 1628 1433 1682 καὶ
1459 1628 1665 1699 γυμνὸν

115 1721 354 1793 αἰσθητῶν
390 1720 756 1793 πνευματικόν
779 1719 920 1793 (59);
952 1713 996 1788 ᾧ
1023 1720 1311 1774 ἀκόλουθον
1345 1720 1411 1775 ἂν
1435 1720 1520 1792 εἴη
1564 1723 1658 1775 κει)⁴

113 1817 164 1868 τὸ
193 1778 306 1879 τόὺς
357 1778 604 1886 μαθητὰς
644 1778 825 1882 λέγειν
869 1778 1014 1884 μετὰ
1067 1813 1403 1885 τετράμηνον
1442 1778 1659 1867 ἔσεσθαι
1691 1778 1733 1831 Β

114 1907 189 1960 τόν
232 1905 479 1978 θερισμὸν
527 1905 622 1959 τὸν
675 1904 988 1976 σύγκριτον,
1033 1904 1157 1958 ὅσον
1197 1905 1289 1957 ἐπὶ
1326 1907 1392 1975 τῇ
1437 1903 1661 1975 ὑπονοίᾳ

113 1996 285 2062 αὐτῶν,
326 1998 404 2060 είς
449 1994 542 2050 τὸν
586 1994 692 2049 ὑπὸ
730 1995 825 2048 τοῦ
888 1993 1062 2065 Ἰησοῦ
1118 1993 1468 2065 δεικνύμενον
1511 1993 1660 2066 θερι-

116 2089 229 2158 σμόν
255 2087 377 2160 (60).
412 2087 727 2160 Νομίζομεν
765 2082 859 2141 οὖν
897 2085 1125 2140 τοιαῦτά
1152 2102 1274 2140 τινα
1320 2084 1458 2140 εἶναι
1492 2088 1549 2138 ἐν
1583 2085 1662 2156 τῷ

113 2180 220 2241 τοὺς
241 2178 477 2250 μαθητάς
510 2178 714 2247 λέγειν,
745 2178 828 2230 ὅτι
866 2195 886 2226 ι
939 2174 1290 2247 Τετράμηνός
1332 2176 1468 2239 ἐστι,
1516 2174 1608 2227 καὶ
1635 2176 1663 2226 6

113 2272 342 2347 θερισμὸς
379 2272 622 2344 ἔρχεται.
670 2290 688 2323 ι
725 2272 788 2324 υἱ
824 2270 1064 2324 πλεῖστοι
1094 2267 1201 2322 τῶν
1238 2266 1331 2321 τοῦ
1356 2268 1527 2337 Λόγου
1564 2285 1663 2339 μα-

115 2365 269 2436 θητῶν
312 2363 612 2428 ἐννοοῦντες
662 2364 979 2432 δυσέφικτον
1031 2358 1166 2415 εἶναι
1222 2364 1287 2431 τῇ
1349 2359 1664 2433 ἀνθρωπίνῃ

113 2460 252 2529 φύσει
273 2460 366 2533 τὴν
390 2459 667 2530 ἀλήθειαν,
690 2459 779 2512 ὅτε
809 2456 1113 2529 διειλήφασι
1147 2458 1273 2526 περὶ
1295 2455 1486 2528 ἐτέρας
1515 2457 1665 2528 παρὰ

112 2552 198 2623 τὴν
229 2554 569 2625 ἐνεστηκυῖαν
614 2549 757 2621 ζωὴν
800 2547 968 2619 ζωῆς,
1005 2547 1410 2620 ἀπαυδήσαντες
1441 2548 1533 2602 ἐπὶ
1569 2547 1662 2603 τοῦ

117 2641 351 2711 παρόντος
384 2642 518 2713 πρός
542 2639 607 2693 τὸ
651 2637 910 2712 περὶτῶν
940 2638 1287 2711 ζητουμένων
1322 2641 1496 2706 τέλος,
1533 2644 1665 2696 ὑπο-

116 2733 413 2805 ὴμὸάνουσι
445 2732 587 2805 μετὰ
615 2732 717 2803 τὴν
744 2731 880 2802 πρὸς
906 2730 975 2784 τὰ
1004 2730 1246 2803 τέσσαρα
1281 2738 1520 2804 στοιχεῖα
1551 2735 1661 2805 (61)

119 2825 436 2893 συγγένειαν,
491 2823 831 2897 ὑπερϐάντες
855 2821 1057 2887 ταῦτα,
1114 2822 1517 2896 καταλήψεσθαι
1568 2827 1664 2899 τὴν

117 2917 361 2991 ἀλήθειαν.
393 2919 561 2973 Φασὶν
591 2915 688 2972 οὖν
715 2915 859 2971 κατὰ
886 2915 983 2987 τὴν
1016 2914 1109 2969 τοῦ
1150 2916 1359 2990 Κυρίου
1394 2920 1578 2992 φωνὴν
1615 2923 1664 2976 οἱ

122 3012 329 3083 μαθηταὶ
356 3013 482 3085 περὶ
508 3010 608 3065 τοῦ
636 3008 923 3082 θερισμοῦ,
958 3009 1109 3072 ὅστις
1143 3011 1291 3064 ἐστὶν
1322 3013 1354 3083 ἡ
1389 3013 1665 3069 συντέλεια

1761 543 1782 577 ι
1804 526 2087 581 Proximus
2107 534 2224 580 erat
2238 524 2355 580 dies
2373 522 2544 579 festus
2558 521 2865 578 Iudaeorum
2881 523 3210 598 Scenopegia
3223 527 3289 581 ⁸⁵.
3303 546 3322 579 ι

1826 616 1915 673 40.
1961 617 2052 672 His
2101 618 2264 687 igitur
2298 615 2499 670 diutius
2565 616 2927 680 examinatis,
2986 631 3327 688 consequens

1757 718 1842 765 est
1881 710 2184 780 dispicienti
2243 707 2562 779 profundius
2635 722 2855 763 sensum
2920 708 3327 778 Scripturarum

1758 817 2002 873 quaerere
2026 842 2041 863 ,
2080 801 2208 872 quid
2251 800 2496 870 cogitans
2534 798 2693 856 Jesus
2755 800 3039 871 discipulis
3097 802 3329 858 dixerit:

1766 913 1785 947 ι
1824 892 2012 950 Nonne
2058 908 2157 949 vos
2182 892 2398 958 dicitis,
2445 891 2588 961 quod
2635 891 2815 946 adhuc
2850 900 3086 960 quatuor
3119 908 3333 949 menses

1760 994 1905 1047 sunt,
1935 993 1990 1039 et
2013 984 2204 1039 messis
2225 981 2407 1036 venit?
2426 981 2566 1037 Ecce
2589 981 2711 1037 dico
2740 982 2894 1037 vobis
2927 998 2941 1035 :
2980 982 3176 1037 Levate
3200 999 3335 1039 ocu-

1761 1074 1841 1129 los
1868 1082 2113 1149 vestros,
2156 1082 2213 1129 et
2260 1074 2440 1129 videte
2479 1073 2730 1142 regiones
2782 1075 2936 1128 albas
2980 1074 3233 1144 essejam
3266 1076 3333 1127 ad

1764 1181 1995 1222 messem
2043 1166 2110 1221 “.
2169 1184 2190 1218 ι
2239 1163 2701 1232 Quemadmodum
2766 1175 2949 1219 autem
3009 1166 3335 1220 dicebamus

1764 1273 1935 1328 aquas
1961 1267 2217 1312 accurate
2246 1260 2626 1315 examinantes
2655 1260 2711 1311 in
2748 1272 3002 1313 sermone
3045 1257 3332 1314 Samariti-

1764 1349 1881 1415 dis,
1909 1349 1981 1403 ita
2008 1348 2118 1404 hoc
2146 1349 2310 1404 etiam
2345 1349 2464 1404 loco
2507 1349 2793 1403 faciemus.
2847 1346 2982 1414 Quis
3028 1348 3173 1403 enim
3224 1345 3336 1417 jam

1765 1458 1871 1498 non
1893 1442 2217 1498 sitt‘assurus
2244 1442 2445 1496 dictum
2463 1442 2598 1497 hoc:
2629 1459 2649 1493 ι
2671 1439 2871 1497 Levate
2890 1440 3078 1497 oculos
3103 1450 3335 1507 vestros,

1765 1545 1820 1590 et
1872 1534 2046 1590 ridete
2090 1535 2344 1602 regiones
2387 1533 2541 1589 albas
2572 1548 2696 1589 esse
2765 1532 2880 1602 jam
2909 1534 2976 1589 ad
3011 1549 3278 1603 messem,
3312 1555 3347 1588 r-

1767 1627 2045 1696 spirituale
2072 1639 2192 1679 esse
2227 1626 2537 1695 nudumque
2567 1626 2652 1680 his
2684 1624 2848 1682 rebus
2872 1641 2993 1696 quas
3023 1640 3182 1682 sensu
3216 1641 3340 1695 per-

1771 1717 2085 1789 cipiuntur?
2140 1717 2227 1771 cui
2254 1730 2594 1786 consequens
2619 1719 2784 1772 etiam
2833 1718 2976 1781 erit,
3026 1719 3105 1773 uti
3155 1718 3342 1774 dicant

1766 1812 2013 1879 discipuli
2060 1818 2184 1879 post
2239 1819 2474 1878 quatuor
2524 1824 2739 1865 menses
2789 1808 3029 1864 futuram
3080 1824 3339 1875 messem,

1767 1919 1907 1972 quae,
1936 1902 2079 1973 quod
2107 1904 2174 1956 ad
2205 1915 2395 1955 eorum
2427 1899 2799 1969 conjecturam
2836 1901 3122 1969 attinebat,
3153 1902 3339 1966 messi,

1768 2013 1890 2066 quas
1934 2012 1963 2049 a
1998 1994 2124 2049 Jesu
2162 1992 2354 2048 fuisset
2384 2002 2601 2048 ostensa
2624 2038 2646 2066 ,
2692 1993 2885 2048 similis
2924 2006 3092 2050 esset.
3133 1994 3340 2051 Existi-

1771 2104 1982 2144 mamus
2011 2102 2142 2157 ergo
2168 2086 2220 2140 in
2252 2086 2336 2141 his
2377 2085 2757 2156 discipulorum
2794 2082 3065 2151 verbis,'¢
3104 2096 3342 2156 quatuor

1770 2196 1984 2236 menses
2009 2187 2172 2243 sunt,
2203 2187 2259 2233 et
2292 2178 2485 2233 messis
2511 2178 2695 2241 venit,
2734 2196 2753 2229 ι
2799 2177 2957 2231 talem
2997 2178 3176 2233 inesse
3217 2193 3340 2233 sen-

1769 2288 1910 2327 sum.
1944 2270 2260 2340 Complures
2285 2267 2676 2339 discipulorum
2705 2265 2895 2332 Verbi,
2923 2267 3350 2326 considerantes.

1770 2362 2122 2422 dilliciliorem
2164 2375 2287 2417 esse
2321 2359 2608 2414 veritatem
2647 2371 2808 2427 quam
2840 2372 2961 2426 quae
2989 2356 3058 2411 ab
3109 2358 3347 2410 humana.

1773 2465 1968 2511 natura
1993 2453 2201 2524 percipi
2235 2451 2396 2506 facile
2437 2450 2646 2519 possit,
2691 2448 2814 2505 'cum
2867 2450 3247 2504 disseruerunt
3279 2448 3352 2503 de

1770 2566 1834 2606 ea
1857 2551 1971 2604 vita
2004 2562 2124 2618 qua:
2157 2555 2240 2600 est
2264 2545 2433 2600 altera
2464 2558 2494 2597 a
2521 2543 2796 2612 praesenti,
2825 2541 3109 2612 defatigati
3161 2543 3214 2595 in
3249 2556 3346 2611 ap-

1772 2640 2156 2713 prehendendo
2198 2637 2304 2691 ﬁne
2336 2651 2522 2690 earum
2587 2648 2767 2689 rerum
2818 2641 2938 2704 quae
2983 2635 3035 2687 iu
3085 2635 3341 2703 praesenti

1772 2736 1882 2790 vita
1907 2739 2257 2803 quaeruntur,
2285 2730 2572 2784 veritatem
2602 2741 2663 2783 se
2686 2727 3123 2797 apprehensuros
3152 2725 3351 2781 existi-

1772 2837 1940 2893 mant,
1974 2841 2097 2882 cum
2149 2834 2381 2894 quatuor
2407 2820 2675 2877 elementa
2719 2818 3176 2882 transcenderint,
3220 2833 3344 2872 cum

1771 2918 1970 2989 quibus
1996 2916 2381 2988 cognationem
2428 2913 2653 2968 habent.
2695 2911 2931 2967 Proinde
2964 2908 3153 2965 dicunt
3180 2908 3346 2963 disci-

1772 3015 1880 3085 puli
1906 3055 1923 3081 ,
1981 3025 2239 3075 messem,
2263 3024 2406 3079 quae,
2428 3008 2583 3078 juxta
2614 3005 2827 3061 Domini
2859 3019 3069 3072 vocem,
3096 3013 3180 3059 est
3218 3019 3349 3059 con-

118 3105 209 3158 τῶν
230 3104 603 3177 συγκομιστῶν
632 3105 731 3176 τῆς
765 3103 1024 3176 ἀληθείας
1054 3103 1254 3175 ἔργων,
1284 3105 1366 3158 ὃτι
1400 3108 1538 3177 μετὰ
1568 3109 1666 3181 τὴν

1823 3106 2065 3161 nnmatio
2096 3103 2475 3159 collatitiorum
2507 3100 2749 3157 veritatis
2782 3114 3038 3170 operum,
3072 3097 3187 3153 ﬁeri
3228 3105 3350 3168 post

120 3201 436 3269 ἐνεστηκυῖαν
454 3198 693 3271 τετράδα
708 3199 943 3266 γίνεται.
992 3197 1065 3249 T6
1082 3197 1139 3250 δὲ
1161 3198 1270 3251 τῶν
1293 3200 1476 3270 μηνῶν
1497 3201 1666 3276 ὄνομα

120 3296 235 3364 πρὸς
251 3292 307 3345 τό
324 3293 527 3364 πρέπον
551 3290 632 3362 τῷ
653 3291 781 3361 περ).
803 3288 898 3343 τοῦ
922 3288 1183 3361 θερισμοῦ
1207 3290 1350 3361 λόγῳ
1376 3296 1674 3368 σωματικῷ

121 3383 361 3455 εἴληπται.
393 3385 465 3438 Οὑ
493 3383 608 3454 γὰρ
636 3382 804 3454 ἐχρῆν
831 3381 1063 3451 φάσκειν
1085 3381 1175 3434 τόο
1211 3400 1231 3432 ι
1261 3383 1373 3454 Οὑχ
1400 3384 1560 3456 ὑμεῖς
1587 3386 1675 3441 λέ·-

121 3489 245 3540 γετε,
269 3474 345 3527 ὅτι
365 3473 443 3527 ἔτι
459 3473 576 3547 (62)
592 3473 858 3544 τέσσαρες
886 3470 1110 3543 ἡμέραι,
1133 3472 1228 3525 καὶ
1249 3473 1277 3525 6
1306 3471 1565 3546 θερισμὸς
1586 3476 1675 3548 ἕρ-

121 3578 268 3631 χεται·
294 3583 311 3614 ι
338 3562 394 3634 ἢ,
430 3582 449 3616 ι
476 3565 605 3617 Ἔτι
635 3563 879 3634 τέσσαρα
902 3581 921 3613 ι
939 3560 1056 3630 ἔτη,
1081 3581 1098 3613 ι
1126 3563 1220 3616 καὶ
1244 3565 1273 3616 6
1299 3563 1555 3636 θερισμός
1586 3566 1679 3640 έρ-

121 3668 302 3720 χεταιςι
325 3653 556 3725 μάλιστα.
583 3652 705 3705 ἐπεὶ
724 3652 818 3706 καί¹
839 3652 965 3715 τοὺς
987 3651 1210 3717 πολλοὺς
1239 3655 1331 3707 καὶ
1359 3672 1675 3726 σωματικω-

121 3740 285 3813 τέρους
316 3743 595 3798 λανθάνειν
619 3744 649 3794 6
673 3743 844 3810 Λόγος
879 3741 1127 3813 βούλεται
1150 3760 1163 3773 ο
1201 3745 1457 3816 κρύπτων
1493 3748 1590 3818 μὲν
1614 3748 1675 3800 τὸ

124 3835 371 3904 μυστικὸν,
397 3834 679 3908 ἐμφαίνων
723 3834 781 3887 δὲ
804 3834 867 3888 τὸ
906 3833 1270 3906 ἁπλούστερον
1295 3838 1374 3900 εἰς
1396 3836 1454 3889 τὸ
1485 3841 1675 3908 σαφεῖς

124 3922 242 3981 εἶναι
264 3927 568 3999 νομίζεσθαι
588 3927 714 3991 τοὺς
730 3926 1239 3998 ἀπαγγελλομένους
1254 3928 1360 3982 ὑπὸ
1379 3928 1471 3982 τοῦ
1489 3930 1674 4001 Σωτῆ-

125 4035 202 4088 ρος
212 4017 407 4090 λόγους.
416 4018 489 4075 Ἦ
504 4021 647 4092 τάχα
658 4019 721 4072 τὸ
734 4018 840 4074 τῶν
860 4018 1115 4092 μαθητῶν
1131 4018 1294 4091 βούλη
1302 4038 1379 4091 μα
1389 4020 1670 4091 λεγόντων·

127 4129 144 4160 ε
171 4113 278 4165 Ἔτι
319 4112 654 4185 τετράμηνός
691 4115 827 4177 ἐστι,
874 4111 970 4165 καὶ
1009 4113 1039 4164 6
1084 4111 1340 4183 θερισμὸς
1384 4112 1622 4184 ἔρχεται,
1652 4134 1668 4164 ι

125 4186 334 4259 τοιῶᾶτόν
360 4207 502 4260 ἐστι·
535 4204 816 4277 Τέσσαρές
851 4205 958 4257 εἰσι
991 4207 1217 4276 σφαῖραι
1247 4204 1355 4259 τῶν
1395 4206 1676 4277 τεσσάρων

130 4299 395 4369 στοιχείων,
431 4300 793 4370 ὑποκείμεναι
829 4301 897 4370 τῇ
941 4297 1168 4368 αἰθερίῳ
1202 4298 1382 4367 φύσει,
1428 4301 1488 4352 ἐν
1523 4299 1678 4370 μέσῳ

131 4393 212 4462 μὲν
237 4397 324 4450 καὶ
348 4396 646 4468 κατωτάτω
674 4397 708 4467 ἡ
754 4395 854 4467 τῆς
882 4395 985 4465 γῆς
1002 4392 1111 4467 (65)
1132 4410 1144 4422 ·
1180 4393 1311 4464 περὶ
1348 4390 1518 4462 αὑτὴν
1558 4390 1615 4444 δὲ
1641 4392 1676 4460 ἡ

1775 3204 2067 3256 instantem
2116 3197 2558 3268 quaternitatent.
2611 3195 2780 3249 Porro
2832 3192 3095 3249 mensium
3150 3204 3350 3245 nomen

1774 3293 2160 3348 convenienter
2200 3290 2437 3346 sermoni
2470 3302 2736 3357 corporeo
2770 3286 2838 3341 de
2865 3299 3042 3341 messe
3069 3295 3344 3354 sumptum

1773 3396 1874 3442 est.
1916 3386 2027 3440 Nec
2059 3385 2203 3441 enim
2233 3384 2414 3440 dicere
2436 3380 2758 3453 oportebat:
2808 3399 2826 3433 ι
2871 3377 3060 3434 Nonne
3088 3393 3183 3433 vos
3211 3377 3346 3431 dici-

1777 3482 1845 3535 tis
1873 3479 2014 3550 quod
2042 3479 2220 3533 adhuc
2257 3486 2491 3548 quatuor
2533 3476 2654 3530 dies
2706 3482 2867 3540 sunt,
2911 3481 2966 3528 et
3005 3472 3198 3527 messis
3250 3485 3347 3526 ve-

1777 3574 1886 3626 nit:
1916 3592 1935 3625 »
1961 3570 2097 3637 vel,«
2120 3571 2313 3626 Adhuc
2336 3577 2569 3641 quatuor
2590 3587 2608 3620 ι
2632 3568 2872 3634 οηιιί,‹ει
2894 3569 3086 3621 messis
3113 3564 3300 3638 venit?
3323 3583 3343 3616 ι

1775 3660 1934 3735 251
1973 3664 2138 3734 idque
2169 3660 2538 3731 potissimum,
2560 3661 2815 3730 quoniam
2838 3658 3031 3714 Sermo
3056 3656 3228 3711 Filius
3251 3656 3348 3710 Dei

1777 3758 1998 3828 vulgum
2036 3765 2093 3811 et
2139 3752 2358 3824 corpori
2395 3752 2612 3807 deditos
2655 3749 2787 3805 velit
2826 3748 3019 3814 latere,
3053 3748 3343 3819 mysticum

1777 3850 1995 3919 quidem
2027 3847 2234 3912 celans,
2267 3845 2321 3902 id
2358 3858 2487 3899 vero
2514 3842 2660 3912 quod
2690 3841 2993 3912 simplicius
3021 3850 3127 3906 est,
3157 3849 3345 3896 osteno

1777 3944 1933 4006 dens,
1957 3948 2017 3994 ut
2044 3938 2218 4008 aperti
2259 3949 2382 3990 esse
2423 3935 2814 3990 existimentur
2842 3946 3120 3989 sermones
3155 3947 3185 3986 a
3217 3932 3346 3987 Ser-

1778 4028 1969 4086 vatore‘
1996 4029 2207 4101 prolati.
2250 4025 2345 4082 Vel
2370 4026 2619 4083 fortassis
2647 4026 3037 4096 discipulorum
3073 4025 3339 4090 voluntas.

1778 4123 2105 4179 dicentium:
2137 4139 2155 4172 ι
2190 4119 2382 4184 Adhuc
2401 4127 2530 4174 sunt
2556 4125 2788 4187 quatuor
2809 4130 3043 4181 menses,
3078 4126 3133 4170 et
3154 4117 3345 4172 messis

1780 4217 1947 4280 venit,
1975 4235 1995 4267 ι
2025 4213 2145 4268 talis
2165 4222 2280 4269 est:
2312 4213 2557 4281 Quatuor
2582 4224 2710 4268 sunt
2739 4212 2963 4282 sphaerae
2979 4220 3215 4281 quatuor
3236 4209 3347 4265 ele-

1780 4317 2106 4371 mentorum,
2144 4321 2265 4376 qum
2310 4305 2564 4378 subjectae
2609 4315 2736 4362 sunt
2780 4315 2984 4358 natura:
3014 4302 3257 4369 caelesti;
3293 4303 3346 4355 in

1780 4398 1953 4453 medio
1977 4398 2196 4468 quidem
2226 4406 2283 4452 et
2309 4399 2546 4453 maxime
2575 4395 2790 4452 inferne
2810 4386 3021 4463 splitera
3044 4401 3127 4449 est
3149 4404 3306 4448 terra;
3331 4410 3346 4445 :

128 4485 208 4538 τοὺ
248 4487 456 4553 ὕδατος·
505 4489 604 4544 καὶ
642 4487 803 4561 τρίτη
833 4489 867 4558 ἡ
912 4484 1006 4539 τοῦ
1051 4484 1243 4557 ἀέρος’
1280 4482 1513 4554 τετάρτη
1547 4482 1606 4535 δὲ
1640 4483 1674 4553 ἡ

1823 4493 1924 4546 irca
1958 4490 2099 4545 hanc
2119 4499 2203 4545 est
2236 4489 2446 4559 spbtera
2483 4503 2637 4558 aquae
2668 4506 2681 4540 :
2713 4488 2872 4542 tertia
2893 4495 2978 4541 est
2998 4484 3350 4556 aeris,quar-

128 4577 208 4630 τοῦ
230 4581 407 4653 πυρός·
440 4582 559 4654 μεθ’
586 4582 653 4653 ἢν
679 4581 713 4652 ἡ
736 4579 837 4651 τῆς
866 4579 1115 4652 σελήνης,
1144 4575 1369 4632 καὶτῶν
1399 4574 1546 4647 ἑξῆς.
1565 4576 1676 4628 Καὶ

130 4669 478 4746 ἐπιστήσωμεν
542 4674 753 4746 μήποτε
806 4671 1281 4742 ὑπολαμϐάνουσιν
1329 4672 1379 4723 οἱ
1436 4668 1675 4740 μαθηταὶ

132 4765 252 4835 πρὸς
294 4767 351 4822 τὸ
384 4767 493 4841 (64)
541 4766 902 4839 καθαρωτέρα
955 4764 1111 4819 οὑσία
1162 4764 1489 4835 γενομένους
1547 4763 1676 4825 τοὺς

133 4856 353 4912 ἐντεῦθεν
376 4859 921 4933 παρεσκευασμένους
941 4854 1346 4928 καταλήψεσθαι
1372 4854 1435 4907 τὸ
1457 4852 1674 4924 ἀληθὲς,

134 4947 242 5003 ὅταν
265 4953 352 5007 καὶ
375 4952 471 5024 τὴν
512 4953 608 5006 τοῦ
638 4951 809 5024 πυρός
836 4969 920 5015 τις
950 4950 1173 5004 δύναται
1220 4949 1456 5018 σφαῖραν
1489 4945 1678 5018 διαϐῆ-

195 5092 527 5161 "Joan.vtt,
560 5096 631 5150 2.-
690 5096 736 5127 ⁸ο
763 5094 920 5150 Joan.
958 5109 1030 5158 tv,
1067 5093 1155 5147 55.

317 5259 493 5316 Codex
525 5262 868 5327 Bodleianus,
892 5264 1210 5333 ποιήσομεν.

201 5327 302 5467 (59)
320 5333 741 5402 Πνευματικόν.
772 5335 933 5388 Deest
957 5327 1019 5386 in'
1036 5327 1221 5386 codice
1250 5329 1564 5386 Bodleiano.

224 5396 305 5467 θθ)
326 5399 492 5457 Codd.
525 5403 725 5467 Regius
758 5414 813 5458 et
839 5403 1198 5465 Barberinus,
1231 5401 1323 5455 τὸν
1361 5399 1564 5467 σύγκριλ

224 5396 308 5474 θθ)
326 5396 492 5474 Codd:
525 5403 738 5474 Regius
758 5414 813 5458 et
839 5403 1198 5474 Bal-herinus,
1216 5401 1323 5474 nov
1361 5399 1674 5474 σύγκριτον,

143 5465 250 5544 (Em
290 5465 383 5544 ἐπ).
438 5474 503 5544 τῇ
552 5465 798 5544 ἀπονοίᾳῄ
830 5472 1034 5537 αὐτῶν,
1072 5471 1164 5544 τῷ
1205 5465 1460 5544 ὑπὸᾼτοῦ
1502 5465 1678 5542 Ἰησοῦ

144 5535 445 5619 δακνομένῳ
472 5535 879 5619 deﬂetam-Sed
904 5535 1247 5619 Bodleiauus,
1278 5541 1387 5619 τῶν
1421 5535 1682 5619 συγκομις

149 5610 436 5686 τεῶνιὸσον
468 5610 557 5686 ἐπὶ
678 5610 902 5686 ὑπονοίᾳ
919 5612 1123 5686 (αὑτῶν,
1161 5614 1240 5676 είς
1283 5613 1372 5666 τὸν
1425 5614 1528 5666 ὑπὸ
1588 5610 1682 5665 τοὺ

160 5674 312 5758 his?
337 5674 672 5758 ξειξνύμεεντῖγ
704 5674 980 5758 θερισμόν-

216 5747 315 5829 (εει)
342 5747 884 5829 Codex'Bodleianus',
921 5755 1194 5826 στοιχεῖα’
1223 5750 1426 5826 Regius
1455 5762 1509 5811 et
1558 5752 1686 5810 Bar—

154 5812 372 5890 bet‘intts,
400 5822 503 5879 τῶν
526 5825 818 5898 στοιχείων.

1778 4592 1832 4636 tzt
1884 4582 2045 4654 ignis,
2090 4590 2212 4650 post
2248 4597 2407 4651 quam
2454 4582 2666 4652 sphaera
2714 4579 2854 4634 luna:
2907 4588 2962 4633 et
3005 4587 3350 4634 ceterarum.

1781 4672 2040 4728 Notemus
2085 4672 2274 4739 etiam,
2306 4687 2377 4728 ne
2425 4671 2567 4728 forte
2599 4670 2850 4740 discipuli
2889 4670 3227 4735 existiment,
3258 4684 3354 4725 eos

1783 4766 2063 4821 veritatem
2100 4773 2470 4836 percepturos,
2490 4765 2582 4836 qui
2615 4766 2745 4820 hinc
2780 4764 3033 4820 instructi
3082 4763 3353 4818 discesse-

1780 4857 1912 4919 rint,
1971 4867 2026 4912 et
2070 4873 2238 4928 prope
2294 4858 2570 4927 puriorem
2622 4855 2919 4912 essentiam
2969 4854 3353 4926 pervenerint,

1778 4952 1997 5019 quando
2048 4952 2218 5022 possit
2260 4952 2407 5021 'quis
2462 4966 2567 5004 non
2632 4958 2917 5020 corruptus
2956 4957 3179 5020 peccato
3214 4947 3357 5014 ignis

1852 5261 1964 5330 (62)
1992 5260 2225 5315 Codices
2249 5257 2570 5314 Bodleianus
2589 5265 2644 5313 et
2669 5253 2976 5319 Barberin.,
3033 5251 3114 5303 ὅτι
3146 5247 3258 5301 ἔτι·
3294 5247 3367 5302 in.

1783 5331 2263 5401 Regtttdeestcict.
2325 5401 2331 5402 ί
2454 5398 2486 5402 _
2825 5396 2840 5402 _
2899 5394 2911 5402 _
3002 5358 3050 5402 »_
3112 5390 3155 5402 Α,
3262 5388 3289 5401 η

1857 5394 1968 5471 (65)
2013 5402 2181 5456 Recte
2236 5401 2407 5454 codex
2454 5396 2779 5471 Bodleianus
2825 5394 2988 5449 habet
3027 5394 3061 5464 ή
3095 5394 3192 5461 τῆς
3224 5394 3352 5460 γῆς.

1789 5472 1990 5544 Regius
2027 5483 2083 5544 et
2106 5471 2438 5544 Barbcrinus
2472 5470 2731 5544 omittunt
2758 5470 2817 5544 ἡζ
2856 5495 2913 5544 «Α
2971 5541 2978 5544 Δ
3205 5529 3219 5544 _
3270 5530 3320 5544 μ

1862 5529 1978 5613 (64)
2013 5542 2195 5597 Codex
2217 5541 2561 5613 Bodleianus,
2586 5538 2721 5613 πρὸς
2752 5529 2841 5608 τ’ᾔ.
2875 5533 3141 5588 Caeterum
3165 5529 3354 5613 ab_his

1792 5604 1976 5670 verbis
2030 5613 2165 5684 πρὸς
2210 5611 2272 5684 τὸ
2311 5604 2862 5684 λκαθαρωτέραηειόη
2896 5618 3066 5684 usque
3111 5604 3177 5657 ad
3203 5604 3350 5684 'ista.

1795 5684 1998 5755 ταύτην
2019 5675 2086 5737 δὲ’
2107 5683 2203 5755 τὴν
2220 5675 2507 5755 ὑπόληψιν,
2536 5675 2667 5740 ctc.,
2699 5678 2884 5755 Graeca
2915 5675 3358 5755 ontni-norvitiata

1796 5746 2067 5823 sunt,'nec
2099 5746 2265 5810 ullum
2289 5768 2355 5810 ex
2379 5746 2464 5809 iis
2484 5765 2703 5807 sensum
2730 5746 3005 5818 expiscari
3031 5746 3184 5802 licet.
