3702 6142
317 324 413 379 ΠΙ

1753 295 2076 358 ORIGENJS

3449 286 3540 341 472

320 448 484 500 etiam
507 442 773 513 spltcram
799 434 1052 499 transire,
1081 446 1200 503 qua:
1234 430 1453 501 quidem
1497 426 1637 497 ignis
1673 424 1883 493 Sphaera

2045 435 2072 470 ιι
2102 413 2237 487 (65),
2285 413 2361 486 μὴ
2401 410 2771 483 καταφθαρείς
2813 407 2917 462 ὑπὸ
2954 406 3054 477 τῆς
3102 403 3394 476 ἁμαρτίας,
3429 402 3539 472 ἥτις

321 538 547 593 materia
578 542 666 590 est
695 529 937 588 universi
982 528 1202 582 in.......
1231 525 1383 579 lianc
1422 520 1753 594 opinionem,
1785 531 1884 570 ceu

323 643 429 681 non
467 638 681 687 sanam,
734 621 1072 690 redarguens
1105 614 1343 670 Verbum
1393 624 1522 666 caro
1565 604 1885 670 factum,ad

318 734 415 777 eos
443 718 536 791 qui
571 717 698 772 talia
748 716 980 770 credunt
1022 712 1243 780 inquit:
1284 706 1517 762 «Nonne
1562 717 1657 757 vos
1707 699 1889 754 dicitis

317 813 463 882 quod
489 818 728 880 quatuor
770 819 986 861 menses
1023 810 1174 867 sunt,
1209 809 1266 856 et
1302 799 1497 856 messis
1530 793 1717 852 venit?
1749 793 1889 847 Ecce

318 907 441 964 dico
467 903 658 959 vobis:
690 900 891 958 Levate
916 898 1105 955 oculos
1136 906 1371 962 vestros,
1401 902 1458 951 et
1487 892 1668 948 videte
1706 889 1885 959 regio-

322 1016 422 1057 nes
450 1000 563 1071 jam
608 996 759 1054 albas
801 1008 924 1050 esse
953 992 1019 1045 ad
1044 1002 1300 1046 messem.
1341 1006 1361 1040 ι
1423 984 1633 1041 Etenim
1681 983 1888 1038 incum.

317 1089 686 1164 prcltensibile
720 1086 876 1143 nobis
907 1084 1124 1139 videtur
1155 1096 1280 1138 eum
1306 1080 1376 1136 de
1398 1093 1506 1134 una
1526 1075 1771 1132 messein
1804 1072 1888 1127 bis

318 1184 577 1240 omnibus
609 1180 902 1241 disserere,
929 1173 1364 1247 quandoquidem
1394 1168 1666 1227 sententia
1698 1180 1885 1222 eorum

319 1279 411 1350 qui
440 1273 745 1347 simplicius
788 1276 1093 1339 exponunt,
1120 1279 1251 1320 vera
1274 1263 1560 1332 loquentes
1590 1254 1888 1324 discipulos

316 1372 567 1442 obiurgat
598 1367 886 1429 Dominus,
912 1361 1317 1421 existimantes,
1354 1364 1414 1410 ut
1445 1353 1503 1409 bi
1532 1359 1744 1423 putant,
1764 1357 1888 1417 post

317 1475 570 1536 quartum
596 1476 838 1516 mensem
864 1467 1146 1513 venturam
1174 1466 1426 1515 messem,
1459 1462 1622 1519 quam
1651 1445 1705 1499 in
1728 1457 1886 1513 lupe-

317 1558 558 1616 rioribus
616 1552 999 1632 proposuimus
1060 1564 1166 1604 non
1217 1543 1508 1601 admodum
1541 1553 1723 1632 posse
1768 1547 1888 1607 post

317 1659 572 1720 quartum
606 1629 848 1699 mensem
877 1640 1198 1696 consistere.
1223 1634 1476 1704 Alioquin
1500 1629 1885 1700 discipulorum
1910 1666 1915 1673 .

317 1742 480 1795 etiam
532 1738 840 1807 opinionem
888 1733 1002 1788 fere
1037 1730 1348 1797 corrigens,
1390 1724 1605 1794 inquit:
1650 1720 1885 1775 «Nonne
1915 1768 1958 1823 Β

318 1847 416 1886 vos
444 1850 466 1883 ι
499 1828 716 1898 quidem
766 1826 871 1880 hoc
900 1841 919 1875 t
951 1819 1173 1877 dicitis?
1197 1837 1216 1870 ι
1252 1820 1323 1872 Δι
1357 1830 1458 1886 ego
1491 1815 1595 1869 boc
1630 1813 1777 1867 dico.
1800 1810 1882 1865 Ad

317 1926 435 1980 haec
454 1920 729 1993 quomodo
758 1917 1051 1973 absurdum
1076 1929 1182 1968 non
1204 1920 1289 1967 est
1316 1907 1605 1980 allegorice
1630 1904 1802 1977 palam
1828 1904 1884 1957 in

317 2016 572 2072 omnibus
598 2011 874 2082 explicare
904 2009 1011 2063 hoc
1039 2005 1240 2061 dictum
1262 2020 1281 2056 :
1314 2021 1332 2053 ι
1360 2001 1559 2055 Levate
1585 1997 1770 2053 oculos
1793 2012 1887 2051 ve-

318 2118 496 2170 stros;
524 2121 544 2153 ι
584 2110 640 2156 et
670 2101 774 2156 hoc
805 2120 817 2153 :
857 2115 876 2148 ι
916 2096 1107 2152 Videte
1138 2093 1391 2163 regiones
1421 2088 1535 2156 jam
1578 2086 1731 2143 albas
1765 2100 1887 2140 csse

319 2198 389 2250 ad
429 2207 702 2257 messem;
732 2209 753 2243 ι
789 2191 843 2243 in
887 2203 953 2244 eo
980 2202 1113 2242 vero
1150 2184 1297 2253 quod
1348 2191 1472 2237 ante
1513 2180 1615 2235 hoc
1646 2179 1882 2246 positum

319 2295 423 2352 est,
458 2298 688 2353 nempe:
732 2301 753 2334 ι
778 2277 969 2335 Nonne
996 2292 1095 2333 vos
1142 2274 1325 2330 dicitis
1364 2272 1512 2344 quod
1546 2272 1721 2326 adhuc
1747 2283 1887 2337 qna-

322 2389 450 2431 tuor
473 2388 691 2431 menses
708 2380 854 2436 sunt,
884 2379 941 2427 et
963 2368 1156 2425 messis
1176 2366 1345 2431 venit,
1368 2384 1385 2415 ι
1416 2364 1556 2420 idem
1580 2361 1886 2418 faciendum

320 2482 429 2525 non
455 2464 721 2523 censere?

389 2644 484 2701 41.
519 2644 773 2698 Attamen
826 2637 1148 2701 Heracleon,
1186 2650 1291 2690 non
1325 2648 1486 2689 secus
1518 2643 1682 2703 atque
1708 2630 1886 2693 multi,

321 2736 521 2794 littera
572 2735 799 2798 assidet,
859 2741 1010 2786 ratus
1074 2744 1195 2785 eam
1255 2726 1610 2796 auagogicum
1669 2737 1887 2779 sensum

326 2845 433 2884 nou
478 2829 742 2898 recipere.
796 2824 976 2896 luquit
1008 2838 1141 2895 ergo
1175 2821 1357 2877 Jesum
1414 2817 1562 2887 loqui
1604 2816 1673 2872 de
1713 2828 1891 2870 messe

329 2936 518 2978 eorum
564 2920 658 2990 qui
711 2927 1062 2988 generantur,
1094 2914 1323 2984 perinde
1349 2912 1503 2983 quasi
1546 2910 1662 2965 hinc
1697 2907 1889 2962 messis

324 3014 563 3084 spatium
584 3019 821 3083 quatuor
850 3009 1025 3064 adhuc
1056 3007 1324 3063 mensium
1348 3002 1769 3059 determinatam
1794 3001 1892 3054 ba-

1987 513 2135 566 έστὶν
2179 510 2278 583 ὑλη
2320 509 2415 563 τοῦ
2448 507 2647 570 παντὸς
2690 508 2748 559 ὲν
2778 507 2890 568 τοῖς
2920 502 3027 574 πρὸ
3063 502 3251 573 τῆς....
3286 497 3539 568 αἰθερίους

1985 605 2248 668 τόπους...
2291 601 2529 674 χωρίοις.
2576 597 2792 669 Ταύτην
2820 595 2880 650 δὲ
2909 594 3008 667 τὴν
3054 591 3317 663 ὑπόληψιν
3354 589 3541 658 διελέγ-

1987 712 2096 767 χων
2123 694 2199 759 ὡς
2227 694 2340 765 οὑχ.
2353 693 2482 764 ὑγιῆ
2515 708 2678 762 φησιν
2705 691 2736 742 6
2763 686 3055 758 γενόμενος
3087 682 3225 755 σὰρξ
3254 682 3422 750 Λόγος
3442 681 3541 745 τοῖς

1986 786 2157 841 ταῦτα
2186 785 2463 857 νομίζουσι
2491 782 2552 837 τό
2572 799 2584 812 ⁸
2625 800 2646 834 t
2673 780 2786 850 Οὑχ
2811 779 2969 849 ὑμεῖς
3009 773 3220 843 λέγετε,
3246 773 3332 826 ὅτι
3360 770 3519 842 τετρα

1991 879 2157 951 μηνός
2189 879 2326 944 ἐστι,
2354 876 2450 932 καὶ
2468 877 2497 928 ό
2522 874 2778 947 θερισμὸς
2807 871 3059 944 ἔρχεταις
3092 868 3199 922 ἰδοὺ
3231 865 3377 935 λέγω
3405 862 3541 935 ὑμῖν·

2000 972 2270 1042 Ἐπὰρατε
2293 971 2418 1032 τοὺς
2444 965 2759 1037 ὀφθαλμοὺς
2802 962 2977 1035 ὑμῶν,
2997 961 3115 1024 ,καὶ
3153 953 3423 1012 θεάσασθε
3456 953 3543 1018 τὰς

1987 1065 2193 1136 χώρας,
2214 1063 2295 1116 ὅτι
2322 1060 2513 1115 λευκαί
2543 1060 2649 1113 εἰσι
2677 1057 2812 1127 πρὸς
2842 1054 3099 1128 θερισμὸν
3127 1050 3251 1125 ἤδη.
3278 1069 3298 1101 ι
3324 1048 3433 1102 Καὶ
3449 1046 3545 1118 γὰρ

1986 1154 2296 1225 ἀδιανόητον
2344 1154 2476 1224 ἡμῖν
2521 1150 2770 1220 φαίνεται
2823 1147 2953 1221 περὶ
3007 1145 3124 1208 ἐνδς
3139 1142 3253 1214 (66)
3287 1140 3450 1195 αὑτὸν
3493 1140 3546 1192 ὲν

1986 1245 2193 1308 τούτοις
2224 1245 2358 1297 πᾶσι
2388 1241 2772 1313 διαλαμϐάνειν
2814 1236 3098 1312 θερισμοῦ,
3130 1233 3367 1304 ἐπείπερ
3416 1228 3546 1286 κατὰ

1984 1336 2111 1399 τοὺς
2167 1333 2528 1406 ἁπλούστερον
2575 1330 2957 1403 ἐκδεχομένους
3036 1326 3232 1398 ἀληθὲς
3307 1323 3546 1392 λέγουσιν

1985 1422 2277 1493 ἐπιπλῆξαι
2332 1427 2446 1489 τοῖς
2500 1423 2767 1496 μαθηταῖς
2817 1420 3145 1493 νομίζωσιν,
3190 1418 3266 1481 ὡς
3318 1416 3545 1477 οἴονται,

1990 1519 2129 1591 μετὰ
2164 1519 2501 1592 τετράμηνον
2540 1515 2793 1588 ἔρχεσθαι
2837 1514 2927 1568 τὸν
2971 1511 3248 1584 θερισμὸν,
3280 1510 3470 1563 ὅντινα
3497 1510 3548 1561 ὲν

1986 1616 2099 1676 τοῖς
2125 1613 2231 1683 πρὸ
2262 1611 2468 1665 τούτων
2499 1609 2924 1682 παρεστήσαμεν
2952 1607 3028 1678 μὴ
3054 1606 3195 1660 πάνυ
3221 1621 3273 1656 τι
3302 1600 3550 1656 δύνασθαι

1994 1704 2131 1776 μετὰ
2154 1704 2491 1776 τετράμηνον
2530 1699 2912 1773 ἑνστήσεσθαιο
2950 1697 3124 1760 ἄλλως
3161 1712 3223 1749 τε
3260 1694 3362 1749 καὶ
3403 1693 3552 1747 οἱονεὶ

1992 1798 2092 1868 τὴν
2117 1796 2232 1868 (67)
2271 1796 2520 1848 ὑπόνοιαν
2556 1792 2665 1846 τῶν
2716 1789 2973 1862 μαθητῶν
3016 1786 3397 1860 διορθούμενός
3432 1800 3553 1855 φησι

1990 1889 2078 1941 τό·
2117 1908 2135 1940 ι
2165 1889 2276 1958 υὺχ
2306 1887 2499 1956 ὑμεῖς»
2546 1884 2645 1955 μὲν
2689 1881 2807 1936 τόδε
2858 1899 2877 1932 ι
2902 1879 3129 1948 λέγετε;
3156 1897 3173 1928 ι
3212 1876 3328 1946 ἐγὼ
3364 1876 3421 1929 δὲ
3444 1876 3553 1929 τόδε

1993 1977 2154 2050 φημί.
2188 1976 2333 2046 Πρὸς
2358 1975 2566 2037 τούτοις
2600 1971 2717 2037 πῶς
2747 1972 2848 2025 οὑκ
2867 1971 3064 2025 ἄτοπον
3091 1966 3154 2021 τὸ
3186 1967 3286 2039 μέν
3306 1984 3322 1997 ·
3358 1986 3378 2017 ι
3397 1964 3554 2021 Ἐπάο

1994 2087 2125 2140 ρατε
2149 2070 2275 2132 τοὺς
2300 2066 2611 2138 ὀφθαλμοὺς
2637 2064 2854 2136 ὑμῶν,ἰ
2879 2061 3022 2116 κατὰ
3056 2061 3233 2115 πάντα
3256 2057 3556 2130 ἀλληγορῆο

1994 2178 2084 2215 σαι
2112 2158 2317 2228 σαφῶς,
2350 2158 2449 2210 κα)⁵
2489 2157 2579 2210 τό’
2617 2175 2635 2207 ι
2662 2152 2938 2208 Θεάσασθε
2968 2151 3068 2215 τὰς
3097 2149 3303 2221 χώρας,
3336 2148 3420 2201 ὅτι
3448 2146 3554 2198 λευ-

1994 2251 2086 2304 καί
2105 2249 2211 2304 ein
2232 2249 2368 2321 πρὸς
2393 2245 2650 2318 θερισμὸν
2675 2246 2776 2316 ἡδη
2795 2261 2810 2275 ⁸
2838 2264 2857 2297 ι
2881 2244 2942 2296 τὸ
2970 2243 3027 2296 δὲ
3056 2242 3159 2315 πρὸ
3190 2239 3389 2293 τούτου
3416 2238 3553 2309 ἐρχό-

1997 2359 2153 2415 μενον
2180 2338 2338 2395 τοῦτο
2358 2338 2489 2411 (68)·
2530 2357 2549 2389 ι
2577 2338 2690 2408 Οὑχ
2723 2338 2883 2407 ὑμεῖς
2923 2333 3130 2403 λέγετε,
3154 2333 3238 2385 ὅτι
3264 2329 3352 2384 ἔτι
3378 2329 3555 2399 τετρά-

1996 2433 2163 2505 μηνός
2194 2433 2331 2497 ὲστι,
2359 2431 2454 2484 καὶ
2478 2431 2508 2483 ὁ
2525 2428 2781 2504 θερισμὸς
2797 2425 3065 2501 ἔρχεται,ι
3089 2423 3166 2497 μὴ
3189 2420 3554 2495 ἁλληγορικῶς

1992 2524 2241 2580 ἐκλαϐεῖν
2262 2540 2277 2589 ;

2064 2640 2153 2695 41.
2187 2638 2299 2693 Καὶ
2337 2638 2368 2691 6
2412 2634 2725 2708 Ἡρακλέων
2767 2633 3017 2704 μέντοιγε
3057 2630 3260 2702 ὁμοίως
3291 2631 3411 2693 τοῖς
3444 2628 3539 2680 πολ

1994 2734 2104 2797 λοῖς
2132 2732 2223 2786 ἐπὶ
2250 2732 2349 2802 τῆς
2392 2725 2591 2794 λέξεως
2621 2726 2824 2797 ἔμεινε,
2860 2724 2936 2795 μὴ
2964 2723 3209 2794 οἰόμενος
3240 2721 3416 2791 αὑτὴν
3441 2719 3560 2772 ἀνά-

1995 2822 2209 2893 γεσθαι.
2241 2821 2382 2892 Φησὶ
2424 2819 2587 2889 γοῦν,
2636 2818 2719 2871 ὅτι
2760 2816 2853 2869 τὸν
2887 2815 2996 2869 τῶν
3025 2814 3388 2885 γεννημάτων
3422 2811 3559 2878 λέγει

1995 2914 2271 2988 θερισμὸν,
2301 2912 2377 2976 ὡς
2414 2911 2603 2965 τούτου
2639 2908 2737 2981 μὲν
2777 2907 2859 2960 ἔτι
2887 2905 3092 2978 διορίαν
3118 2904 3338 2975 ἔχοντος
3380 2900 3560 2972 τετρά-

2000 3025 2167 3081 μηνον
2191 3005 2347 3060 τοῦδε
2375 3002 2657 3076 θερισμοῦ,
2688 2998 2751 3056 οὑ
2775 3000 2938 3064 αὑτὸς
2966 2999 3171 3068 ἔλεγεν,
3195 2996 3298 3068 ἤδη
3343 2993 3559 3049 ἐνεστῶ-

321 3106 472 3170 beat,
501 3119 663 3172 quam
689 3103 808 3173 ipse
835 3098 1180 3168 dicebatjam
1210 3096 1373 3168 252
1397 3096 1619 3151 instare.
1645 3092 1756 3148 Nec
1777 3093 1891 3149 scio

2045 3120 2110 3165 ις.
2142 3101 2255 3155 Καὶ
2281 3099 2373 3151 τὸν
2414 3095 2671 3169 θερισμὸν
2701 3096 2802 3149 οὑκ
2828 3088 2926 3147 οἶδ’
2959 3093 3107 3156 ὅπως
3139 3092 3233 3145 ἐπὶ
3260 3088 3368 3161 τῆς
3397 3088 3560 3160 ψυχῆς

322 3213 436 3267 quo
458 3204 620 3265 pacto
654 3195 817 3251 etiam
854 3206 1086 3247 messem
1107 3190 1496 3261 interpretatus
1514 3186 1587 3242 sit
1617 3186 1684 3241 de
1709 3183 1890 3238 anima

324 3287 691 3351 credentium,
739 3285 927 3340 dicens
975 3298 1070 3338 eos
1093 3281 1203 3351 jam
1234 3288 1477 3334 maturos
1500 3286 1557 3331 et
1586 3284 1805 3347 paratos
1826 3274 1893 3328 ad

326 3394 559 3437 messem
588 3392 732 3445 esse,
765 3385 928 3444 atque
965 3374 1131 3428 etiam
1181 3372 1405 3426 idoneos
1437 3369 1527 3438 qui
1570 3369 1896 3423 inducantur

326 3473 380 3526 in
407 3471 685 3534 horreum,
717 3468 819 3523 hoc
841 3476 923 3522 est
943 3481 1039 3537 per
1065 3464 1225 3520 Iidem
1258 3462 1313 3518 in
1341 3460 1613 3533 quietem;
1645 3459 1691 3515 si
1719 3469 1897 3514 tamen

324 3565 435 3618 siut
459 3561 658 3633 parati,
680 3576 779 3615 nec
804 3561 950 3615 enim
980 3570 1172 3614 omnes
1194 3555 1369 3625 parati
1396 3564 1555 3610 sunt:
1586 3571 1609 3605 ι
1629 3568 1751 3608 nam
1781 3553 1900 3607 ani-

326 3670 540 3712 marum
574 3655 769 3725 aliqua
793 3659 998 3722 parata:
1026 3649 1265 3715 fuerant,
1296 3647 1496 3717 inquit,
1519 3648 1710 3716 aliqua:
1739 3654 1900 3701 erant

324 3763 385 3803 se
422 3756 804 3817 praeparatum:
840 3741 1072 3815 [nempe
1127 3738 1233 3793 illm
1273 3738 1469 3792 animae
1486 3736 1530 3809 1,
1589 3746 1645 3791 et
1704 3734 1899 3805 aliqua:

327 3839 545 3907 quidem
582 3834 694 3904 jam
735 3836 1099 3894 seminantur,
1134 3828 1359 3903 [aliqum
1393 3843 1522 3883 vero
1565 3826 1899 3883 seminaudae

326 3940 476 3990 sunt.
501 3928 561 4002 ι]
596 3929 721 3985 Haec
741 3927 958 4000 quidem
981 3926 1091 3981 ille.
1126 3924 1232 3979 Sed
1254 3921 1442 3978 nescio
1474 3936 1541 3974 an
1568 3920 1684 3989 ipse
1716 3928 1899 3972 osten-

327 4028 458 4079 dere
492 4023 667 4093 possit
688 4019 961 4092 quomodo
997 4015 1254 4087 discipuli
1293 4014 1570 4069 eievantes
1596 4010 1781 4068 oculos
1814 4010 1897 4065 vi-

327 4115 462 4169 dere
506 4112 716 4181 possint
760 4110 972 4165 animas
1006 4108 1121 4180 jam
1170 4107 1396 4162 idoneas
1450 4104 1801 4167 exsistentes,
1843 4108 1902 4155 nt

328 4214 518 4276 putat,
550 4213 610 4259 ut
644 4203 698 4257 in
725 4203 979 4257 horreum
1007 4200 1372 4256 inducantur:
1401 4198 1531 4268 quin
1562 4195 1729 4251 etiam
1763 4208 1898 4264 quo-

333 4297 493 4352 modo
521 4298 586 4351 de
616 4293 899 4349 animabus
927 4307 1114 4347 verum
1157 4300 1242 4346 est
1285 4292 1427 4346 boc:
1460 4308 1480 4341 ι
1502 4288 1660 4344 Alius
1687 4295 1772 4342 est
1807 4285 1901 4355 qui

329 4389 652 4453 seminat,et
666 4386 806 4442 alius
825 4391 908 4440 est
925 4384 1018 4453 qui
1042 4382 1195 4437 metit
1214 4381 1334 4421 “-"
1356 4397 1375 4447 ;
1401 4399 1420 4433 ι
1449 4391 1506 4437 et
1530 4380 1661 4435 illud
1689 4394 1703 4430 :
1739 4396 1758 4428 ι
1791 4377 1902 4446 Ego

1994 3194 2241 3265 ὲξείληφε
2271 3192 2378 3245 τῶν
2420 3189 2801 3253 πιστευόντων,
2834 3187 3030 3256 λέγων,
3071 3185 3155 3238 ὅτι
3200 3183 3302 3257 ἥδη
3350 3184 3562 3254 ἀκμαῖοι

1994 3292 2089 3345 καὶ
2119 3288 2325 3360 ἕτοιμοί
2355 3289 2460 3341 είσι
2493 3285 2630 3358 πρὸς
2667 3282 2947 3357 θερισμὸν,
2979 3281 3075 3335 καὶ
3102 3277 3406 3349 ἐπιτήδειοι
3434 3274 3560 3347 πρῶ

1993 3376 2055 3430 τὸ
2089 3375 2417 3447 συναχθῆναι
2462 3376 2545 3437 είς
2586 3372 2893 3444 ἀποθήκην,
2923 3368 3173 3424 τουτέστι
3200 3366 3290 3422 διὰ
3338 3367 3560 3426 πίστεως

1995 3464 2077 3527 εἰς
2103 3462 2429 3525 ἀνάπαυσιν,
2457 3461 2579 3514 ὅσαι
2622 3476 2688 3529 γε
2732 3459 2960 3529 ἕτοιμοι,
3002 3457 3062 3510 οὑ
3095 3455 3204 3527 γὰρ
3233 3456 3443 3509 πᾶσαι·
3478 3454 3562 3506 tat

1999 3554 2100 3626 μὲν
2123 3553 2231 3625 γὰρ
2252 3553 2349 3625 ήδη
2375 3552 2582 3623 ἕτοιμοι
2606 3546 2767 3621 ἦσαν,
2795 3550 2980 3620 φησιν,
3022 3550 3078 3603 αἱ
3110 3547 3167 3601 δὲ
3194 3545 3423 3617 ἔμελλον
3439 3563 3452 3575 ·
3483 3544 3563 3598 καὶ

1996 3647 2052 3700 αἱ
2081 3646 2177 3717 μὲν
2210 3644 2510 3716 μέλλουσιν,
2548 3644 2606 3697 αἱ
2638 3642 2695 3695 δὲ
2739 3640 3146 3711 ὲπισπείρονται
3185 3638 3311 3710 ήδη.
3335 3657 3355 3690 ι
3393 3635 3562 3690 Ταῦτα

2001 3740 2099 3812 μὲν
2127 3734 2220 3793 οὖν
2253 3741 2457 3801 ἐκεῖνος
2490 3732 2632 3790 εἶπε.
2666 3735 2792 3798 Πῶς
2817 3735 2876 3787 δὲ
2903 3736 2952 3787 οἱ
2983 3732 3223 3804 μαθηταὶ
3255 3731 3564 3801 ἐπαίροντες

1996 3834 2123 3897 τοὺς
2169 3830 2478 3901 ὀφθαλμοὺς
2518 3824 2774 3883 δύνανται
2831 3827 3048 3896 βλέπειν
3091 3824 3191 3888 τὰς
3242 3822 3424 3893 ψυχὰς
3472 3821 3562 3892 ήδη

1996 3922 2330 3994 ἐπιτηδείους
2361 3920 2525 3984 οὑσας
2556 3920 2691 3991 πρὸς
2727 3920 2807 3983 τὸ,
2839 3917 2916 3982 ὡς
2947 3918 3138 3980 οἴεται,
3175 3917 3254 3979 εἰς
3288 3913 3564 3985 ἀποθήκην

1999 4014 2332 4087 εἰσαχθῆναι,
2362 4015 2464 4068 οὑκ
2486 4008 2605 4067 οἶδα
2636 4013 2684 4069 εί
2708 4011 2930 4065 δύναται
2956 4008 3310 4081 παραστῆσαι
3327 4026 3342 4038 ·
3373 4008 3468 4062 καὶ
3493 4005 3562 4058 ἑτι

1998 4124 2063 4176 γε
2092 4105 2209 4170 πῶς
2254 4106 2351 4159 ἐπὶ
2376 4102 2484 4157 τῶν
2513 4101 2699 4173 ψυχῶν
2750 4101 2951 4173 ἀληθὲς
2982 4100 3065 4154 τό·
3101 4120 3121 4151 ι
3151 4098 3347 4163 Ἀλλος
3371 4101 3401 4152 6
3429 4097 3565 4151 σπεί-

2001 4217 2130 4273 ρων,
2159 4198 2252 4253 καὶ
2278 4197 2434 4261 ἄλλος
2458 4199 2487 4251 6
2519 4196 2746 4268 θερίζων
2764 4213 2778 4226 ο
2805 4216 2824 4247 ι
2862 4194 2953 4248 καί
2976 4211 2990 4224 ·
3031 4214 3052 4247 ι
3088 4191 3412 4247 Ἀπέστειλα
3434 4192 3563 4261 ὐρῑς

2001 4291 2234 4364 θερίζειν
2261 4292 2289 4345 ὃ
2318 4292 2417 4361 οὑχ
2457 4291 2615 4362 ὑμεῖς
2652 4290 3050 4344 κεκοπιάκατε·
3085 4307 3104 4340 ι
3137 4288 3259 4340 τίνα
3282 4287 3342 4340 δὲ
3378 4285 3563 4358 τρόπον

2002 4384 2061 4438 τό
2083 4401 2096 4414 ·
2137 4401 2156 4434 ι
2183 4383 2365 4437 Ἄλλοι
2398 4383 2782 4445 κεκοπιάκασι,
2829 4383 2927 4437 καὶ
2971 4382 3129 4452 ὑμεῖς
3162 4382 3242 4443 είς
3283 4380 3377 4433 τὸν
3410 4380 3563 4432 κόπον

332 4482 453 4536 misi
480 4496 575 4536 vos
606 4483 672 4536 ad
703 4479 1010 4535 metendum
1036 4477 1179 4547 quod
1204 4489 1298 4530 vos
1325 4490 1431 4530 non
1456 4473 1748 4529 laborastis
1770 4471 1847 4524 “:
1875 4491 1894 4523 ι

2045 4475 2185 4530 ύτῶν
2230 4474 2634 4548 εἰσεληλύθατε,
2655 4496 2673 4528 ι
2730 4474 2955 4528 δυνατόν
3002 4475 3120 4526 ἐστι
3170 4468 3565 4542 παραδέξασθαι

331 4575 599 4644 quomodo
627 4574 791 4629 etiam
824 4572 940 4629 lieri
972 4583 1152 4642 potest
1172 4579 1234 4624 ut
1258 4567 1389 4624 illud
1422 4568 1490 4623 de
1525 4567 1704 4621 anima
1737 4565 1899 4618 intel-

331 4667 529 4737 ligatur
553 4682 570 4720 :
607 4685 626 4720 ι
658 4666 769 4722 Alii
789 4666 1197 4731 laboraverunt,
1221 4671 1276 4719 et
1301 4676 1397 4715 vos
1426 4661 1481 4715 in
1511 4660 1749 4714 laborem
1775 4656 1900 4711 illo-

333 4775 450 4813 rum
503 4759 802 4815 introistis?
824 4778 845 4811 ι
874 4757 1236 4825 Quamobrem
1281 4769 1380 4824 per
1424 4766 1656 4808 messem
1687 4765 1787 4806 nos
1815 4750 1902 4805 in-

333 4853 627 4923 telligimus
653 4868 889 4909 messem
935 4850 1167 4914 fructus,
1196 4850 1288 4920 qui
1318 4848 1597 4919 colligitur
1639 4847 1695 4902 iu
1730 4846 1895 4899 vitam

331 4955 616 5011 aeternam,
655 4943 810 5014 juxta
839 4943 1231 5015 perfectionem
1265 4940 1511 5005 rationis,
1540 4954 1661 5009 qum
1705 4939 1758 4993 in
1807 4954 1903 4993 no-

334 5038 574 5093 tionibus
606 5036 830 5099 nostris,
863 5035 1088 5089 seminis
1115 5034 1311 5098 instar,
1348 5032 1589 5103 ingenita
1622 5030 1792 5086 multo
1822 5030 1901 5084 la-

2005 4569 2098 4622 ὲπὶ
2141 4568 2244 4640 τῆς
2279 4568 2480 4640 ψυχῆς.
2532 4569 2720 4640 Ἡμεῖς
2769 4564 2863 4637 οὖν
2900 4565 3159 4638 θερισμὸν
3203 4563 3561 4635 συναγομένου

2005 4661 2217 4733 καρποῦ
2248 4663 2330 4726 είς
2375 4659 2518 4733 ζωὴν
2560 4660 2777 4715 αἰώνιον
2822 4658 3260 4730 ὲκλαμὺἀνομεν,
3297 4657 3436 4711 κατὰ
3478 4654 3564 4724 τὴν

2004 4754 2276 4808 τελείωσιν
2318 4754 2413 4807 τοῦ
2442 4752 2829 4827 σπερματικῶς
2857 4751 3175 4823 ἐγκειμένου
3204 4749 3346 4804 κατά
3373 4749 3468 4811 τὰς
3489 4749 3551 4799 ἐν·

2004 4847 2150 4912 νοίας
2181 4850 2311 4918 ἡμῖν
2337 4846 2494 4916 λόγου
2520 4846 2628 4901 ἀπὸ
2651 4845 2925 4918 γεωργίας
2951 4843 3194 4907 πλείονος
3225 4838 3564 4909 τετελειωμί⁹

2008 4958 2119 4995 νου.
2155 4940 2279 5004 Πῶς
2325 4941 2383 4993 δὲ
2416 4941 2520 4994 ὑπὸ
2554 4940 2714 4994 ἄλλου
2765 4939 3067 5010 σπείρεται,
3120 4938 3216 4991 καὶ
3266 4936 3368 4990 ὑπὸ
3414 4934 3558 4991 ἄλλον

2008 5029 2302 5103 θερίζεται,
2331 5034 2388 5085 ὲν
2420 5034 2531 5095 τοῖς
2557 5030 2682 5102 ὲξῆς
2708 5027 3094 5100 διαληψόμεθα.

333 5132 468 5187 bore
503 5128 800 5200 perficitur.
829 5127 1096 5182 Caeterum
1122 5125 1395 5195 quomodo
1421 5125 1491 5177 ab
1525 5124 1634 5179 alio
1659 5125 1984 5192 seminatur,
2007 5136 2062 5182 et
2094 5127 2162 5181 ab
2189 5126 2295 5180 alio
2329 5126 2572 5188 metitur,
2614 5125 2668 5177 in
2695 5123 3045 5191 sequentibus
3079 5120 3428 5176 disseremus.

403 5223 496 5277 42.
537 5240 555 5273 ι
581 5220 720 5276 Ecce
758 5219 881 5274 dico
908 5219 1093 5274 vobis:
1119 5217 1320 5272 Levate
1365 5216 1557 5271 oculos
1579 5227 1817 5282 vestros,
1844 5228 1898 5273 et

408 5357 532 5398 et-“
558 5355 723 5412 joan.
750 5369 827 5417 Iv,
859 5351 954 5408 57.
1029 5352 1078 5383 ⁵³
1107 5353 1236 5407 ibid.
1267 5352 1358 5409 58.

406 5475 522 5546 (65)
553 5474 852 5545 Διαϐἦναι.
881 5473 1457 5547 Exciditecodicibus
1487 5474 1656 5547 Regio
1686 5489 1740 5531 et
1772 5479 1904 5531 liar-

339 5543 551 5614 berino,
578 5549 673 5602 sed
698 5543 968 5616 legituritt
998 5543 1314 5616 Bodleiano.

412 5612 1127 5698 (136)"Codex'Bodleianus,
1176 5612 1439 5671 ἀδύνατον
1486 5617 1617 5698 ἡμῖν
1662 5612 1912 5684 φαίνεται

349 5684 423 5752 μὴ
451 5688 577 5756 περὶ
606 5684 743 5751 ἑνός,
772 5696 881 5741 etc.

418 5754 769 5823 “5711.2..in
795 5774 856 5810 τε
875 5760 969 5813 καί
990 5758 1170 5815 οἱονεί
1189 5754 1320 5825 τήν.
1344 5754 1435 5811 Sic
1461 5755 1624 5812 codex
1658 5754 1908 5810 Bodleia-

2074 5217 2162 5274 42.
2197 5238 2215 5270 ι
2249 5218 2378 5273 Ἰδοὺ
2422 5216 2565 5287 λέγω
2607 5216 2772 5287 ὑμῖνο
2823 5212 3094 5286 Ἐπάρατε
3120 5213 3249 5275 τοὺς
3270 5209 3556 5283 όφθαὶμοπ

2015 5488 2147 5538 nus,
2176 5471 2409 5539 optimc;
2448 5467 2586 5521 male
2616 5480 2743 5539 vero
2770 5463 2970 5535 Regius
2993 5475 3049 5519 et
3075 5462 3425 5525 Barberinus,
3450 5458 3554 5514 ἀλλ’

1946 5548 1949 5549 ⁷
2013 5534 2156 5602 ὥστε
2188 5534 2282 5595 διαὶ
2311 5534 2422 5592 οἷον
2455 5540 2534 5601 είς
2569 5538 2688 5608 τήν,
2719 5545 2823 5608 etc.

2087 5600 2201 5683 (68)
2227 5608 2348 5683 Πρρ
2373 5600 2586 5683 τούτου
2623 5600 2956 5683 lingwa
2979 5602 3173 5683 τοῦ-το.
3205 5601 3486 5683 lta_legitu_r
3506 5600 3551 5650 in

2015 5672 2292 5740 codicibus
2314 5679 2607 5733 Bodleiano
2629 5672 2707 5732 ac
2723 5672 3041 5730 Barberino.
3072 5673 3238 5730 Forte
3288 5672 3551 5744 legendum

2015 5753 2121 5818 πρὸ
2140 5750 2329 5807 τούτου
2358 5749 2643 5828 εἰρημένον
2671 5747 2730 5801 τό
2756 5763 2765 5779 ·
2803 5746 2911 5810 Οὐχ
2942 5747 3122 5811 ὑμεῖς.
3151 5757 3263 5801 etc.
