3702 6142
141 323 230 378 173

1153 317 1506 373 (ΣΟΜΜΕΝΤ.
1546 317 1612 372 ΙΝ
1651 316 1846 375 JOAN.
1890 317 2128 376 TOMUS
2162 319 2302 375 XIII.

3245 326 3348 380 ι171

145 439 291 510 ὑμῶν,
321 436 406 490 καί
437 435 699 489 θεάσασθε
733 435 829 498 τὰς
855 434 1058 507 χώρας,
1086 436 1165 490 ὅτι
1195 436 1382 490 λευκαί
1411 439 1514 490 εἱσι
1544 438 1674 508 πρὸς

1843 439 1960 494 dele
1996 439 2112 494 loca
2136 438 2250 507 jam
2296 439 2415 492 allia
2467 451 2591 493 esse
2637 439 2703 491 ad
2744 453 2994 494 messem.
3024 459 3044 492 ι
3075 441 3130 495 In
3167 445 3351 501 multis

143 531 368 605 θερισμὸν
417 529 575 599 ἤδη.»
630 528 902 599 Πολλαχοῦ
953 530 1052 599 τῆς
1103 530 1325 601 Γραφῆς
1380 533 1555 584 κεῖται
1589 533 1669 585 τό.

147 645 163 677 ι
196 623 442 694 Ἐπάρατε
473 621 598 685 τοὺς
625 621 936 691 ὀφθαλμοὺς
968 622 1141 690 ὑμῶν,
1171 643 1188 672 ι
1226 623 1674 694 προτρεπομένου

143 718 267 787 ἡμᾶς
289 714 374 766 τοῦ
401 713 541 766 θείου
568 712 724 786 λόγου
753 712 941 783 ὑψοῦν,
971 713 1066 767 καὶ
1105 715 1352 785 ἐπαίρειν
1379 713 1447 767 τὰ
1476 716 1676 786 φρονή-

143 825 285 880 ματα,
308 807 393 859 καὶ
419 805 479 858 τὸ
501 805 803 876 διορατικὸν
827 805 977 859 κάτω
1002 823 1102 858 που
1127 806 1395 877 κείμενον,
1422 805 1517 858 καὶ
1549 823 1678 874 συγ-

140 900 335 961 κύπτον,
370 897 440 969 μὴ
469 898 760 969 δυνάμενόν
791 916 848 951 τε
873 897 1144 968 ἀνακύψαι
1188 899 1268 957 είς
1310 897 1372 951 τὸ
1418 898 1679 962 παντελὲς

139 990 436 1062 μετεωρίσαι
455 1007 468 1020 ο
504 991 693 1061 ὥσπερ
720 991 778 1044 ἐν
806 983 1009 1061 Ἦσαΐςι
1028 1007 1040 1020 ·
1080 1010 1097 1040 ι
1135 989 1406 1060 Ἐπάρατε
1438 991 1519 1052 είς
1545 988 1679 1058 ὕψος

135 1086 244 1147 r06;
263 1082 562 1154 ὀφθαλμοὺς
599 1083 772 1155 ὑμῶν,
800 1085 892 1137 καὶ
925 1083 1059 1137 ἴδετε
1092 1083 1174 1147 τίς
1204 1083 1477 1149 κατέδειξε
1507 1082 1678 1136 ταῦτα

136 1176 346 1230 πάντα.»
391 1175 498 1228 Καὶ
542 1176 572 1228 6
612 1175 802 1248 Σωτὴρ
839 1175 916 1238 δέ,
961 1178 1048 1230 ὅτε
1082 1174 1391 1246 μέ¹λλειτοῑς
1422 1176 1480 1228 ἐν
1513 1175 1679 1244 πεδίῳ

138 1264 415 1334 συναχθείσι
449 1263 580 1336 (68’)
615 1265 794 1333 λέγειν
839 1267 964 1329 τοὺς
1017 1265 1418 1336 μακαρισμοὺς,
1469 1263 1678 1335 ἐπάρας

135 1359 240 1421 τοὺς
265 1357 561 1428 ὀφθαλμοὺς
587 1358 753 1413 αὐτοῦ
783 1359 919 1431 πρὸς
948 1361 1074 1422 τοὺς
1112 1356 1378 1430 μαθητὰς,
1407 1357 1553 1426 λέγει
1582 1358 1642 1411 τό
1661 1375 1673 1389 ο

139 1449 412 1520 «Μακάριοι
436 1469 453 1500 ι
487 1451 595 1503 οἵδε
627 1452 721 1504 καὶ
738 1445 850 1505 οἵδε
873 1468 887 1481 ο
921 1451 1096 1513 οὐδεὶς
1119 1449 1228 1522 γὰρ
1254 1451 1476 1522 γνήσιος
1503 1451 1676 1520 Ἰησοῦ

137 1541 351 1612 μαθητὴς
373 1541 518 1595 κάτω
544 1543 710 1606 ἐστὶν,
739 1542 814 1605 ὡς
838 1541 958 1594 οὐδὲ
985 1544 1013 1595 6
1044 1542 1454 1612 ἀναπαυόμενος
1480 1543 1537 1595 ἐν
1566 1545 1680 1606 τοῖς

133 1634 212 1687 τοῦ
247 1633 485 1705 Ἀϐραὰμ
517 1633 756 1697 κόλποις.
800 1634 858 1688 '0
888 1633 1017 1702 γοῦν
1048 1633 1299 1697 πλούσιος
1338 1634 1598 1704 ὑπάρχων
1620 1635 1680 1687 ἐν

135 1723 359 1794 βασάνοις
398 1723 510 1795 (69)
557 1723 769 1795 ἐπάρας
817 1725 942 1788 τοὺς
993 1723 1303 1794 ὀφθαλμοὺς
1356 1723 1541 1794 βλέπει
1586 1724 1676 1776 τὸν

1777 529 2075 599 Scriptum
2109 531 2244 587 locis
2272 530 2506 600 positum
2551 541 2632 584 est
2666 529 2770 584 hoc
2815 531 3017 586 dictum
3049 552 3060 587 :
3104 553 3122 585 ι
3150 534 3349 591 Levate

1775 621 1963 677 oculos
1991 631 2268 685 vestros,»
2297 621 2480 676 divina
2507 637 2608 675 nos
2641 622 2890 678 oratione
2914 626 3238 682 admonente
3273 632 3348 684 ιιιί

1777 713 2087 768 attollamus
2131 713 2514 781 eleveinusque
2569 725 2680 767 tum
2734 729 2945 779 sensus,
2979 725 3088 770 tum
3132 719 3240 773 vim
3270 721 3351 774 vi-

1777 804 1938 858 dendi
1973 804 2182 858 inferne
2218 805 2520 873 jacentem,
2551 813 2607 857 et
2640 819 2890 872 pronam,
2923 819 3024 860 nec
3052 808 3263 878 erigere
3289 825 3348 866 se

1779 895 2070 961 valentem,
2091 904 2146 949 ut
2171 895 2412 964 perfecte
2428 895 2678 950 sublimia
2703 897 3137 966 contempletur;
3161 917 3350 970 quem.

1777 987 2071 1043 admodum
2121 987 2175 1041 in
2222 986 2404 1041 Isaia:
2441 1005 2458 1039 ι
2487 987 2687 1042 Levate
2729 989 2782 1042 in
2825 989 3100 1045 excelsum
3163 994 3349 1049 oculos

1779 1089 2015 1143 vestros,
2049 1091 2104 1134 et
2130 1081 2314 1134 videte
2338 1080 2460 1148 quis
2485 1081 2598 1135 haec
2629 1083 2807 1146 omnia
2829 1084 3152 1138 ostendit“.
3179 1104 3198 1137 ι
3229 1087 3352 1140 Ser-

1779 1180 1936 1224 vator
1959 1173 2127 1225 etiam
2166 1173 2248 1224 his
2275 1173 2364 1240 qui
2403 1173 2454 1224 in
2485 1188 2734 1242 campum
2765 1186 3149 1240 convenerant,
3180 1179 3352 1232 beati-

1782 1265 1998 1318 tudines
2027 1265 2294 1326 dicturus,
2323 1264 2551 1318 elevatis
2581 1263 2756 1318 oculis
2786 1265 2897 1319 suis
2931 1267 2996 1320 ad
3030 1266 3348 1338 discipulos,

1781 1351 1954 1420 inquit
1980 1351 2060 1403 “z
2094 1371 2112 1404 ι
2143 1352 2293 1407 Beati
2320 1373 2338 1404 ι
2369 1353 2447 1418 hi,
2477 1365 2532 1407 et
2577 1355 2629 1407 hi
2664 1372 2676 1407 :
2721 1355 2900 1410 nullus
2943 1358 3086 1410 enim
3117 1358 3352 1428 discipu-

1781 1442 1864 1498 lus
1913 1458 2206 1513 gcrmanus
2253 1443 2380 1500 Iesu
2423 1444 2567 1512 jacet
2621 1444 2852 1513 inferne,
2895 1450 3350 1516 quemadmodum

1780 1551 1956 1605 neque
2008 1535 2097 1590 ille
2141 1539 2232 1606 qui
2282 1542 2336 1590 in
2389 1537 2622 1591 Abrahae
2679 1537 2886 1593 sinibus
2934 1540 3349 1610 requiecehat:

1779 1643 1845 1680 ex
1872 1643 1980 1698 quo
2009 1629 2186 1692 dives,
2219 1629 2312 1698 qui
2340 1629 2391 1682 in
2423 1630 2712 1684 tormentis
2746 1639 2889 1696 erat,
2928 1646 3048 1684 cum
3086 1632 3353 1688 elevasset

1779 1723 1986 1785 oculos,
2044 1721 2193 1772 videt
2241 1720 2514 1774 Abraham
2559 1731 2616 1774 et
2651 1720 2916 1775 Lazarum
2951 1724 3002 1776 in
3033 1724 3191 1792 hujus
3218 1727 3352 1779 sini-

143 1815 385 1887 ’Δὸραὰμ,
423 1816 520 1869 καὶ
561 1815 655 1869 τὸν
695 1815 945 1886 Λάζαρον
977 1815 1034 1868 ἐν
1077 1819 1191 1879 τοῖς
1238 1815 1456 1878 κόλποις
1487 1815 1672 1869 αὑτοῦ.

1843 1824 1881 1862 IS
1898 1808 1961 1862 “.
1989 1809 2070 1864 Ad
2096 1809 2214 1864 haec
2240 1811 2437 1866 mulier
2467 1812 2556 1864 illa
2597 1823 2904 1880 contracta,
2932 1831 3032 1870 nec
3059 1819 3353 1883 caputeri-

131 1907 254 1978 Πρὸς
279 1906 482 1969 τούτοις
510 1909 545 1978 ἡ
578 1907 982 1975 συγκύπτουσα,
1007 1908 1100 1960 καὶ
1137 1909 1209 1978 μὴ
1243 1908 1515 1979 δυναμένη
1541 1911 1675 1962 ἀνα-

129 1997 276 2067 κύψαι
307 2001 384 2062 εἰς
412 1998 473 2052 τὸ
514 1999 776 2063 παντελὲς
821 1999 996 2070 Ἰησοῦ
1045 2001 1215 2072 αὐτὴν
1248 1999 1675 2072 άνορθὼσαντος,

127 2091 417 2147 ἀποτίθεται
446 2093 510 2146 τὸ
553 2092 882 2162 συγκόπτειν
921 2093 1017 2146 καὶ
1051 2093 1111 2146 τὸ
1145 2093 1220 2164 μὴ
1259 2093 1518 2148 δύνασθαι
1545 2097 1676 2148 ἀνα-

128 2183 348 2249 κύπτειν,
379 2184 466 2239 ἵνα
510 2184 694 2257 ἐπάρῃ
730 2185 856 2248 τοὺς
885 2183 1214 2256 ὀφθαλμούς.
1246 2187 1354 2239 Καὶ
1385 2186 1558 2250 οὐδείς
1588 2203 1676 2255 γε,

128 2277 178 2328 ἐν
211 2276 424 2338 πάθεσιν
455 2276 556 2342 ὢν,
590 2279 682 2330 καὶ
720 2279 786 2348 τῇ
835 2277 1000 2349 σαρκὶ
1051 2277 1454 2349 προστετηκὼς,
1489 2279 1521 2350 ἢ
1563 2282 1678 2343 τοῖς

127 2367 309 2432 ὑλικοίς
348 2370 789 2441 ἐμπεφυρμένος,
838 2370 1074 2441 ἐτήρησε
1107 2369 1203 2441 τὴν
1235 2370 1494 2439 λέγουσαν
1526 2373 1674 2424 ἐντο-

127 2460 241 2532 λήν·
282 2480 299 2512 ι
337 2463 606 2534 Ἐπάρατε
645 2463 772 2526 τοὺς
815 2462 1126 2532 ὀφθαλμοὺς
1168 2462 1354 2533 ὑμῶν’
1386 2483 1402 2512 ι
1435 2463 1622 2536 διόπερ
1649 2466 1678 2516 6

126 2551 340 2616 τοιοῦτος
379 2551 500 2604 οὐδὲ
556 2551 808 2605 θεάσεται
848 2551 949 2616 τὰς
979 2550 1183 2622 χώρας,
1227 2551 1329 2606 κᾶν
1361 2546 1457 2606 ὦσι
1489 2552 1678 2606 λευκαὶ

127 2641 247 2711 πρὸς
285 2641 539 2712 θερισμὸν
589 2643 712 2714 ἥδη.
750 2643 870 2696 Ἔτι
909 2643 966 2696 δέ
1009 2644 1182 2706 οὐδεὶς
1217 2643 1581 2715 ἐργαζόμενος
1608 2645 1676 2698 τὰ

127 2729 246 2802 ἔργα
274 2731 370 2802 τῆς
415 2733 620 2803 σαρκὸς
665 2733 841 2804 ἐπῆρε
878 2736 1005 2797 τοὺς
1032 2734 1360 2804 ὀφθαλμούς.
1392 2738 1595 2804 Λευκαι
1622 2737 1678 2790 δὲ

128 2821 177 2873 αἱ
208 2821 370 2892 χῶραι
411 2823 552 2894 πρὸς
595 2823 852 2895 θερισμὸν
895 2824 994 2895 ήδη
1032 2825 1190 2891 εἰσὶν,
1229 2831 1318 2883 ὅτε
1361 2827 1624 2899 πάρεστιν
1649 2830 1680 2882 ὁ

126 2911 208 2966 τοῦ
240 2914 367 2968 Θεοῦ
398 2914 560 2984 λόγος
598 2915 908 2988 σαφηνίζων
943 2917 1036 2969 καὶ
1080 2916 1328 2986 φωτίζων
1359 2921 1538 2984 πάσας
1579 2919 1679 2985 τὰς

128 3004 288 3077 χώρας
330 3008 427 3078 τῆς
480 3009 706 3080 Γραφῆς
758 3008 1142 3081 πληρουμένης
1189 3011 1246 3063 ἐν
1298 3013 1364 3082 τῇ
1415 3013 1678 3084 ἐπιδημίᾳ

127 3098 291 3154 αὐτοῦ.
321 3100 469 3171 Τάχα
499 3101 558 3154 δέ
584 3101 678 3154 καὶ
702 3101 878 3154 πάντα
903 3101 970 3154 τὰ
989 3101 1219 3172 αἰσθητὰ
1245 3103 1405 3174 μέχρι
1424 3121 1485 3172 γε
1513 3105 1678 3159 αὑτοῦ
1703 3132 1749 3191 C

127 3188 206 3242 τοῦ
238 3191 480 3262 οὐρανοῦ,
514 3191 743 3246 καὶτῶν
772 3194 828 3245 ἐν
851 3192 1020 3263 αὐτῷ,
1051 3196 1107 3247 ai
1139 3194 1327 3248 λευκαί
1349 3198 1456 3248 είσι
1480 3196 1675 3268 χῶραι,

127 3279 308 3351 ἕτοιμοι
347 3281 481 3354 πρὸς
529 3283 790 3355 θερισμὸν
838 3287 950 3347 τοῖς
989 3285 1274 3354 ἐπαίρουσι
1319 3285 1448 3348 τοὺς
1483 3286 1681 3355 ὀφθαλ-

129 3373 264 3442 μοὺς,
297 3373 480 3441 σαφῶς
528 3375 939 3446 παρισταμένου
970 3376 1063 3429 τοῦ
1098 3376 1226 3448 περὶ
1260 3377 1492 3431 ἑκάστου
1520 3378 1678 3448 λόγου

126 3465 222 3526 τοῖς
252 3465 610 3536 άνειληφόσιν,
644 3469 710 3519 ἐκ
741 3465 832 3518 τοῦ
862 3467 958 3539 τὴν
989 3468 1158 3539 αὐτὴν
1189 3468 1375 3523 εἰκόνα
1407 3487 1681 3541 μεταμορ-

126 3554 332 3622 φοῦσθαι
354 3559 460 3611 ἀπὸ
481 3558 641 3629 δόξης
663 3561 742 3623 εἰς
769 3558 947 3625 δόξαν,
979 3559 1270 3631 ὀφθαλμῶν
1295 3563 1548 3633 ὁμοίωμα
1566 3562 1678 3633 (70)

125 3645 219 3700 τῶν
245 3650 560 3721 ἑωρακότων
597 3651 712 3715 πῶς
748 3651 979 3705 ’ἑκαστον
1021 3653 1129 3706 τῶν
1172 3654 1478 3724 γενομένων
1516 3654 1680 3708 καλὸν

124 3729 183 3806 ἦν
200 3753 213 3767 ο
244 3737 301 3791 τὸ
325 3741 454 3811 γὰρ,
478 3737 634 3794 Εἷδεν
658 3743 687 3794 6
714 3742 846 3805 Θεὸς
873 3742 1210 3796 καθέκαστον
1232 3744 1341 3796 τῶν
1367 3745 1681 3815 κτισμάτων

125 3828 407 3903 λεγόμενον.
460 3834 545 3886 ὅτι
598 3833 780 3896 καλὸν,
821 3833 1060 3887 τοιοῦτόν
1101 3835 1280 3888 ἐστιν·
1329 3837 1451 3888 Ὅτι
1483 3837 1682 3890 ἐνεῖδεν

123 3925 148 3977 6
171 3925 291 3988 Θεὸς
319 3929 430 3990 τοῖς
461 3927 645 3994 λόγοις
675 3928 786 3997 (71)
829 3927 1077 3990 ἑκάστου,
1114 3929 1206 3981 καὶ
1253 3923 1361 3982 εἶδε
1409 3929 1526 3994 πῶς
1559 3931 1681 3982 καθ’

126 4012 207 4077 οὓς
244 4015 460 4085 γέγονεν
508 4017 740 4069 ἕκαστον
790 4015 898 4068 τῶν
941 4017 1254 4088 κτισμάτων
1308 4018 1517 4087 λόγους,
1566 4020 1684 4072 ἐστὶ

127 4105 290 4159 καλόν.
326 4107 387 4160 Εἰ
411 4108 468 4161 δὲ
505 4107 582 4179 μὴ
623 4106 794 4171 οὕτως
823 4124 906 4170 τις
939 4107 1304 4179 παραδέχεται
1341 4109 1400 4160 τό
1423 4127 1435 4138 ·
1480 4128 1498 4160 ι
1529 4104 1683 4163 Εἶδεν

126 4198 152 4251 6
173 4199 314 4264 Θεὸς,
362 4201 444 4254 ὃτι
482 4201 668 4263 καλὸν,
693 4221 712 4252 ι
759 4198 1104 4271 διηγησάσθω
1145 4201 1259 4263 πῶς
1294 4202 1351 4252 ἐν
1374 4201 1450 4272 τῷ
1475 4221 1494 4252 ι
1531 4203 1686 4269 Ἐξα-

127 4293 321 4360 γαγέτω
345 4293 414 4346 τὰ
447 4294 620 4346 ὕδατα
648 4293 853 4363 ἑρπετὰ
880 4293 1067 4363 ψυχῶν
1097 4292 1306 4359 ζωσῶν,
1341 4297 1434 4347 καὶ
1465 4297 1685 4350 πετεινὰ

130 4384 379 4454 πετόμενα
405 4386 498 4438 ἐπὶ
530 4385 628 4455 τῆς
658 4385 760 4455 γῆς
800 4384 940 4437 κατὰ
977 4383 1038 4437 τὸ
1082 4385 1368 4456 στερέωμα
1400 4387 1493 4438 τοῦ
1522 4387 1686 4459 οὐρα-

1778 1914 1906 1969 gere
1945 1902 2173 1955 omnino
2204 1901 2409 1966 valens,
2443 1919 2564 1956 cum
2613 1919 2640 1956 a
2691 1903 2819 1960 Jesu
2853 1917 3032 1961 erecta
3069 1909 3348 1974 fuisset",

1778 1993 2208 2047 contractionem
2241 2002 2407 2061 atque
2435 1994 2804 2051 infirmitatem
2832 1999 3074 2067 erigendi
3099 2017 3220 2056 sese
3251 2003 3346 2056 de-

1780 2084 1947 2154 ponit.
1985 2095 2044 2138 ut
2069 2083 2246 2139 elevet
2285 2086 2491 2140 oculos.
2524 2086 2635 2141 Nec
2665 2088 2804 2142 ullus
2856 2091 3098 2158 profecto
3126 2103 3208 2146 est
3255 2095 3348 2162 qui

1779 2178 2282 2242 perturbationibus
2310 2179 2599 2244 obnoxius,
2633 2191 2689 2235 et
2730 2183 2878 2236 carni
2933 2184 3232 2252 adhaerens,
3261 2187 3346 2240 vel

1774 2270 1941 2324 rebus
1963 2270 2344 2325 materialibus
2369 2271 2708 2339 commistus,
2743 2278 3055 2329 mandatum
3094 2289 3351 2332 servave-

1783 2361 1851 2414 rit
1884 2361 2070 2416 dicens
2103 2379 2116 2416 :
2160 2380 2179 2412 ι
2215 2362 2419 2418 Levate
2451 2365 2640 2419 oeulos
2665 2375 2905 2432 vestros;
2939 2386 2958 2419 ι
2995 2371 3348 2438 quaniobrem

1782 2471 1848 2510 ne
1889 2456 2005 2510 loca
2033 2457 2252 2524 quidem
2283 2459 2499 2514 visurus
2527 2469 2610 2514 est
2660 2461 2779 2523 iste,
2821 2463 3034 2517 etiamsi
3081 2461 3190 2530 jam
3230 2465 3349 2520 alba

1779 2549 1888 2602 sint
1913 2549 1978 2602 ad
2004 2549 2166 2621 253
2193 2567 2446 2606 messem.
2484 2552 2750 2608 Praaterea
2776 2556 2952 2610 nullus
2980 2559 3069 2625 qui
3095 2571 3353 2626 operatur

1778 2653 1940 2707 opera
1989 2642 2189 2702 carnis,
2235 2641 2434 2696 levavit
2481 2643 2690 2696 oculos.
2721 2644 2889 2699 Porro
2939 2648 3058 2700 alba
3108 2659 3235 2703 sunt
3283 2653 3348 2702 ad

1780 2746 2011 2786 messem
2038 2733 2150 2802 jam
2209 2733 2347 2798 loca,
2379 2736 2599 2803 quando
2633 2739 2786 2791 adest
2841 2737 2932 2792 Dei
2969 2738 3162 2794 Sermo
3209 2757 3341 2812 ape-

1779 2823 1929 2878 riens
1951 2834 2006 2878 et
2047 2824 2328 2880 illustrans
2365 2829 2546 2880 omnia
2587 2829 2885 2898 Scriptum
2916 2832 3056 2896 loca,
3091 2847 3210 2902 qua:
3240 2834 3351 2903 ple-

1780 2927 1850 2969 na
1907 2924 2057 2980 sunt,
2089 2917 2416 2972 adveniente
2467 2919 2602 2988 ipso.
2657 2919 2930 2977 Fortassis
2967 2925 3130 2977 etiam
3168 2927 3354 2979 omnia

1780 3021 1900 3075 quae
1922 3020 2084 3060 sensu
2117 3007 2506 3076 percipiuntur,
2532 3009 2612 3063 vel
2639 3013 2706 3063 ad
2745 3012 2917 3079 ipsum
2941 3028 3110 3082 usque
3129 3013 3354 3080 caelum,

1781 3109 1945 3168 atque
1974 3112 2144 3167 usque
2178 3099 2245 3152 ad
2278 3114 2341 3152 ea
2371 3115 2490 3168 quae
2515 3101 2568 3153 in
2596 3101 2710 3169 ipso
2734 3115 2880 3168 sunt,
2908 3104 3028 3159 alha
3065 3115 3189 3160 sunt
3235 3106 3350 3160 loca

1782 3199 1970 3259 parata
1995 3189 2110 3258 jam
2143 3189 2214 3245 ad
2240 3205 2500 3256 messem,
2543 3193 2880 3250 clevantilms
2908 3196 3096 3251 oculos
3128 3215 3142 3251 :
3177 3199 3353 3266 palam

1781 3280 2208 3350 uniuscujusque
2254 3281 2335 3336 rei
2384 3283 2597 3336 ratione
2622 3283 2726 3337 illis
2761 3285 2831 3338 ob
2865 3285 3052 3340 oculos
3084 3287 3356 3355 exhibita,

1779 3373 1872 3442 qui
1907 3381 2247 3442 receperunt,
2267 3387 2332 3427 eo
2354 3375 2498 3442 quod
2533 3373 2992 3429 transformentur
3015 3378 3080 3429 ad
3105 3378 3354 3432 eamdem

1782 3463 2077 3534 imaginem
2102 3478 2130 3516 a
2157 3463 2324 3533 gloria
2356 3465 2406 3517 in
2435 3464 2665 3534 gloriam
2691 3465 2757 3527 “‘,
2786 3465 3197 3522 similitudinem
3223 3483 3357 3523 ocu-

1771 3555 1982 3620 lorum,
2009 3555 2099 3624 qui
2155 3555 2416 3610 viderunt
2470 3557 2746 3626 quomodo
2801 3558 3008 3629 singula
3043 3575 3165 3628 quae
3215 3559 3355 3616 facta

1784 3647 2018 3709 fuerant,
2056 3649 2196 3702 bona
2248 3659 2452 3702 essent.
2499 3647 2609 3702 l‘loc
2658 3649 2801 3702 enim
2859 3651 3059 3703 dictum
3078 3651 3168 3704 “:
3214 3649 3360 3704 Vidit

1783 3738 1925 3794 Deus
1955 3740 2295 3809 singillatim,
2328 3756 2447 3810 quae
2481 3751 2664 3794 creata
2697 3748 2842 3806 sunt,
2891 3741 3032 3795 bona
3064 3756 3218 3808 esse,
3251 3745 3359 3797 tale

1782 3843 1864 3888 cst
1893 3851 1907 3888 :
1939 3833 2178 3903 Inspexit
2235 3835 2375 3888 Deus
2419 3835 2681 3903 cujusque
2735 3836 2812 3888 rei
2867 3836 3127 3902 rationes,
3155 3851 3358 3906 easque

1784 3927 1918 3980 vidit
1965 3927 2135 3982 hauas
2181 3941 2309 3982 esse
2367 3938 2586 3995 propter
2625 3929 2865 3982 rationes
2917 3929 3114 3997 quibus
3166 3946 3361 3982 unum-

1784 4018 2037 4087 quodque
2061 4031 2309 4073 creatum
2341 4029 2487 4073 erat.
2521 4019 2755 4086 Quodsi
2797 4022 2920 4088 quis
2953 4021 3031 4074 sic
3061 4037 3168 4075 non
3201 4021 3360 4074 intel-

1785 4108 1905 4177 ligit
1939 4109 2041 4163 hoc
2061 4111 2264 4162 dictum
2288 4129 2302 4161 :
2325 4127 2344 4159 ι
2369 4107 2513 4163 Vidit
2533 4111 2672 4163 Deus
2690 4115 2828 4178 quod
2857 4113 3052 4166 bonum
3074 4124 3220 4166 esset
3239 4112 3309 4176 ⁷ο,
3334 4131 3357 4163 ι

1801 4209 2024 4252 enarret
2073 4200 2231 4254 nobis
2273 4203 2547 4268 quomodo
2575 4201 2628 4252 in
2675 4203 2760 4256 his
2799 4203 2982 4256 verbis
3015 4215 3030 4252 :
3062 4220 3080 4253 ι
3114 4202 3359 4255 Educant
3403 4264 3420 4284 ο

1787 4301 1940 4355 aquae
1990 4288 2200 4357 reptilia
2259 4290 2594 4354 animarum,
2650 4305 2770 4358 qua:
2831 4293 3051 4345 victura:
3108 4292 3236 4356 sint,
3306 4300 3361 4345 ct

1788 4380 2026 4434 volatilia
2058 4381 2203 4434 alata
2231 4397 2395 4450 super
2421 4392 2619 4436 terrain
2649 4384 2701 4435 in
2729 4385 3070 4436 [irritamento
3097 4387 3220 4438 caeli
3240 4385 3304 4446 τί,
3334 4401 3358 4436 ι

131 4474 230 4539 νοῦ,
254 4495 272 4526 ι
302 4476 532 4540 σώζεται
556 4477 617 4529 τό
636 4493 650 4506 ·
671 4469 851 4529 «Εἵδεν
869 4479 898 4530 6
914 4475 1069 4539 Θεὸς,
1104 4477 1184 4530 ὅτι
1214 4477 1429 4540 καλὸν.»
1453 4479 1544 4530 καὶ
1577 4479 1674 4549 μά-

1843 4483 2040 4527 ιινειιιι·
2089 4472 2257 4526 Deum
2301 4474 2521 4538 vidisse,
2556 4473 2698 4542 quod
2755 4475 2956 4527 bonum
3001 4485 3170 4539 esset,
3201 4476 3364 4544 idque

129 4563 267 4619 λιστα
308 4568 429 4619 ἐπεὶ
474 4565 731 4637 ἐποίησεν
767 4567 795 4619 6
829 4567 961 4630 Θεὸς
1001 4567 1071 4619 τὰ
1114 4568 1252 4639 κήτη
1287 4567 1355 4621 τὰ
1394 4568 1622 4639 μεγάλα,
1652 4570 1682 4621 6

130 4655 268 4724 λόγος
295 4659 404 4729 (72)
437 4660 467 4710 6
494 4659 625 4728 περὶ
649 4659 877 4711 ἐκάστου
908 4658 1112 4712 τούτων
1143 4660 1292 4713 ἐστὶν
1323 4660 1539 4731 ὁραθείς
1565 4661 1684 4733 Θεῴ

129 4747 183 4800 τὸ
206 4749 380 4803 καλόν.
416 4750 498 4804 Τὰ
531 4751 574 4804 δ’
609 4750 747 4804 αὐτὰ
787 4751 882 4803 καὶ
923 4750 1189 4821 περὶτοῦ,
1224 4771 1244 4802 ι
1279 4752 1682 4825 Ἐξαγαγέτωή

132 4842 194 4912 τῆ
221 4842 390 4913 ψυχὴν
425 4843 604 4908 ζῶσαν
638 4843 778 4897 κατὰ
820 4843 997 4912 γένος,
1032 4844 1358 4915 τετράποδα,
1402 4845 1496 4898 καὶ
1531 4846 1688 4917 ἐρπε-

131 4933 209 4999 τὰ,
246 4937 336 4988 καὶ
379 4935 546 5007 θηρία
587 4937 684 5008 τῆς
726 4937 832 5006 γῆς
862 4937 1014 4990 κατὰ
1055 4935 1230 5004 γένος,
1256 4955 1276 4986 ι
1327 4935 1568 4997 λεκτέον,
1601 4936 1688 5005 (ῖς

133 5027 215 5079 καὶ
249 5029 566 5096 ἐπιφέρεται
600 5032 662 5084 τό
680 5047 694 5060 ·
731 5049 750 5081 ι
774 5026 926 5084 Εἷδεν
949 5032 978 5082 6
1003 5030 1156 5094 Θεὸς,
1194 5030 1276 5083 ὅτι
1308 5029 1488 5082 καλόν.
1511 5048 1530 5080 ι
1559 5030 1683 5092 Πῶς

132 5117 228 5188 γάρ
246 5117 404 5171 καλὸν
434 5120 505 5174 τὰ
532 5119 693 5193 θηρία
720 5121 814 5174 καὶ
839 5121 909 5174 τὰ
933 5121 1158 5192 ἑρπετὰ,
1175 5123 1225 5173 εἰ
1251 5121 1325 5191 μὴ
1348 5121 1454 5191 ἄρα
1475 5121 1503 5171 6
1528 5120 1684 5189 λόγος

133 5207 294 5279 ὀπερὶ
319 5211 498 5266 αὐτῶν
533 5213 645 5265 ἐστι
682 5213 744 5266 τὸ
772 5212 970 5278 καλόν;
1003 5211 1186 5266 Ταῦτα
1221 5211 1265 5265 δ’
1295 5213 1428 5282 ἡμῖν
1465 5211 1680 5281 λέγεται

199 5298 242 5329 ⁸⁸
271 5303 386 5360 lsai.
419 5319 512 5364 ιιι,
535 5303 626 5357 26.

135 5371 305 5434 η,18.

199 5464 326 5532 (68‘)
355 5467 482 5533 Τοῖς
510 5468 579 5520 ἐν
601 5469 784 5536 πεδίῳ
814 5464 1186 5536 συναχθεῖσι.
1211 5467 1338 5524 Haec
1364 5468 1676 5524 desideran-

139 5539 220 5585 tur
252 5538 302 5588 in
335 5539 524 5592 codice
551 5538 858 5594 Bodleiano.

175 5603 505 5680 .(69)Codea
555 5611 891 5672 Bodleianus,
926 5608 1235 5680 βασιλείοις,
1268 5610 1363 5663 sed
1393 5608 1674 5679 legendum

142 5673 632 5750 ιιόειμιιιλβασάνοις,
672 5689 731 5733 ιιι
763 5681 814 5733 in
844 5673 1032 5750 Regio.

207 5744 309 5812 ΠΟ)
349 5744 654 5818 Ὄμοίωμα.
687 5749 846 5806 Deest
875 5744 1147 5808 in'codice
1168 5749 1356 5822 Regio,
1379 5750 1475 5808 sed
1513 5751 1672 5806 resti-

737 5303 782 5335 ⁸⁵
808 5302 996 5357 Matth.
1019 5319 1072 5366 v,
1092 5303 1291 5370 5seq.;
1328 5302 1458 5357 Luc.
1485 5319 1559 5370 vr,
1586 5302 1657 5355 20
1681 5317 1799 5369 seq.

392 5376 436 5404 "
452 5375 591 5428 Gen.
621 5390 662 5438 ι,
685 5374 775 5429 51.
851 5374 897 5405 7°
917 5374 1048 5428 ibid.
1079 5372 1168 5437 10,
1199 5373 1284 5438 12,
1319 5374 1408 5437 18,
1437 5373 1526 5426 21.
1602 5374 1644 5406 ⁷¹
1678 5373 1812 5427 ibid.
1841 5370 1932 5426 20.

1789 4565 2156 4634 potissimum,
2181 4566 2323 4634 quod
2366 4564 2562 4620 fecerit
2595 4565 2737 4620 Deus
2769 4577 2886 4620 cete
2929 4582 3123 4636 magna
3144 4568 3191 4599 ⁷³
3221 4586 3234 4622 :
3265 4569 3360 4622 sed

1792 4655 1932 4708 ratio
1969 4653 2398 4724 uniuscujusque
2435 4655 2625 4708 harum
2661 4671 2841 4709 rerum
2893 4657 3004 4711 Deo
3055 4673 3361 4727 perspecta,

1793 4762 1881 4801 res
1910 4745 2052 4800 bona
2074 4755 2178 4801 est.
2201 4746 2344 4800 Idem
2371 4749 2700 4801 censendum
2731 4758 2815 4801 est
2839 4757 2894 4801 et
2918 4749 2984 4804 dc
3011 4749 3116 4802 illis
3143 4752 3360 4804 verbis:

1797 4857 1814 4888 ι
1847 4837 2057 4892 Educat
2079 4847 2226 4892 terra
2255 4839 2494 4893 animam
2524 4843 2792 4894 viventem
2816 4841 2970 4907 juxta
3007 4858 3196 4910 genus,
3225 4858 3362 4911 qua-

1792 4930 2034 4998 drupeda
2082 4941 2139 4984 et
2170 4931 2404 5000 reptilia,
2437 4925 2656 4988 etIeras
2686 4933 3009 5000 terraajuxta
3041 4950 3208 5002 genus
3229 4935 3303 4997 7’;
3337 4953 3361 4986 ι

1789 5025 1986 5093 quibus
2012 5023 2359 5094 subjungitur
2384 5026 2547 5079 etiam
2576 5042 2589 5077 :
2629 5044 2647 5076 ι
2678 5025 2820 5079 Vidit
2855 5028 3019 5091 Deus,
3067 5027 3210 5097 quod
3259 5029 3362 5080 bo-

1791 5132 1917 5170 num
1933 5115 2189 5171 esset’h
2210 5117 2495 5182 Quomodo
2517 5117 2662 5170 enim
2699 5117 2824 5171 fera:
2853 5127 2907 5171 et
2928 5119 3133 5187 replilia
3165 5120 3362 5172 bonum

1788 5222 1935 5276 Sunt,
1973 5211 2072 5265 nisi
2122 5212 2260 5264 ratio
2299 5225 2485 5263 earum
2537 5213 2736 5264 bonum
2785 5210 2908 5266 est?
2945 5210 3070 5265 Haec
3115 5221 3294 5264 autem
3329 5225 3362 5262 ιδ

1876 5302 1921 5376 εδ
1950 5300 2344 5376 ιιιςοδγινὲἵλ
2487 5299 2619 5376 ch-
2649 5316 2776 5376 ,δίων
2808 5301 2863 5376 tl
2891 5317 3021 5376 ,δείι-
3064 5302 3143 5376 31⁸
3167 5301 3206 5352 η
3231 5301 3361 5353 Cum

2003 5373 2048 5403 7'
2084 5372 2215 5425 ibid.
2240 5371 2331 5427 21.
2407 5371 2452 5402 ⁷⁸
2485 5373 2614 5424 ihid.
2641 5371 2730 5425 24.
2809 5373 2858 5402 ⁷⁴
2890 5373 3020 5427 ibid.
3059 5370 3151 5425 25.

1787 5469 1954 5522 tuitur
1983 5482 2013 5521 ε
2041 5467 2319 5522 codicibus
2353 5467 2643 5523 Bodleiano
2671 5481 2724 5525 et
2760 5471 3075 5524 Barberino.

1856 5539 1969 5608 (71)
2003 5537 2170 5611 Codd.
2193 5537 2530 5611 _B_odleianus
2555 5551 2608 5592 et
2635 5543 2979 5605 Barherinus,
3012 5544 3124 5604 τοῖς
3157 5539 3358 5611 λόγοιςο

1786 5607 2011 5673 Regius,
2038 5609 2161 5669 τοὺς
2193 5608 2404 5676 λόγους.
3231 5607 3242 5611 ⁷
3283 5615 3288 5618 ’

1855 5678 1979 5754 (72)
2017 5679 2079 5754 ὀ
2110 5679 2433 5754 λιῇοςλειε.
2469 5679 2778 5751 Legendum
2801 5679 3055 5750 fortasse,
3085 5684 3128 5735 εξ
3157 5679 3234 5754 μὴ
3252 5677 3360 5751 ἄρα

1783 5753 1810 5804 6
1842 5749 1996 5818 λόγος
2023 5751 2049 5802 6
2073 5753 2203 5820 περὶ
2227 5749 2476 5806 ἑκάστου.
