3702 6142
349 321 451 378 4ῗῦ

1812 311 1914 369 OB]

2059 309 2133 367 [IS
3460 307 3551 362 ιιι

349 436 507 494 nobis
539 435 799 493 dicuntur
841 444 1065 505 propter
1097 434 1227 490 illud
1263 453 1277 489 :
1311 454 1330 487 ι
1362 434 1561 489 Levate
1596 431 1782 488 oculos
1820 446 1914 486 ve-

2059 429 2103 481 .ὰ
2132 429 2216 482 τό·
2266 446 2283 478 ι
2316 428 2585 500 Ἐπάρατε
2631 427 2754 491 τοὺς
2780 419 3090 496 ὀφθαλμοὺς
3118 424 3293 494 ὑμῶν,
3325 423 3415 477 καὶ
3442 423 3552 478 θεά·

348 543 517 593 stros,
544 536 599 582 et
634 527 815 582 videte
841 528 958 582 loca
982 527 1092 596 jam
1123 527 1243 581 alba
1276 539 1398 580 esse
1417 526 1482 579 ad
1512 535 1801 586 messem,»
1820 521 1913 575 Fi-

348 620 422 675 lio
453 618 573 683 Dei,
608 619 702 688 qui
754 618 1036 687 discipulis
1090 618 1300 683 aderat,
1333 616 1608 670 auditores
1639 621 1913 675 mouente,

349 724 409 768 ut
436 713 718 767 elevarent
746 711 938 767 oculos
961 710 1028 764 ad
1081 710 1201 765 loca
1251 708 1567 778 Scriptum,
1606 715 1662 761 et
1688 709 1755 761 ad
1795 706 1915 761 loca

351 802 581 858 rationis
640 800 871 870 singulis
929 798 1148 854 cutibus
1190 798 1391 852 innata:
1424 797 1810 868 ingenuaeque,
1854 805 1916 850 ut

349 890 652 946 albediucm
691 889 1150 960 splendoremque
1180 889 1319 944 lucis
1345 889 1616 954 veritatis,
1646 902 1766 958 quae
1799 888 1918 942 ubi-

348 994 473 1053 que'
500 990 606 1046 est,
653 981 851 1052 aliquis
896 981 1117 1037 videat:
1162 1000 1183 1034 ι
1214 981 1406 1038 Omnia
1441 1000 1461 1033 ι
1497 981 1640 1034 enim
1677 998 1696 1031 ι
1732 993 1917 1034 coram

351 1072 795 1145 iutelligeutibus,
829 1083 1028 1135 i,teste
1077 1073 1366 1129 Salomone
1391 1074 1462 1139 ⁷⁸,
1502 1094 1521 1127 ι
1549 1085 1694 1130 recta
1736 1082 1915 1128 autem

350 1164 434 1220 his
460 1166 552 1235 qui
580 1180 803 1220 sensum
829 1167 1157 1222 distribuere
1188 1165 1428 1224 Volunt.»

418 1341 511 1400 45.
541 1360 560 1393 ι
591 1340 693 1408 Qui
725 1342 901 1408 metit,
931 1345 1235 1399 mercedem
1268 1344 1489 1412 accipit,
1530 1353 1585 1398 et
1616 1352 1917 1414 congregat

350 1429 585 1488 fructum
617 1435 670 1488 in
704 1434 870 1488 vitam
923 1446 1205 1501 aeternam,
1238 1446 1300 1491 ut
1323 1438 1417 1506 qui
1465 1436 1720 1500 seminat,
1753 1436 1915 1491 simul

345 1524 599 1595 gaudeat,
628 1534 680 1580 et
711 1527 801 1596 qui
835 1528 990 1581 metit
1010 1528 1077 1586 ⁷⁸.
1115 1547 1134 1580 ι
1171 1528 1313 1595 Quot
1341 1528 1518 1584 modis
1551 1529 1603 1582 in
1634 1527 1916 1599 Scriptura

348 1618 540 1673 messis
571 1618 804 1682 dicatur,
856 1629 913 1674 et
958 1621 1009 1674 in
1060 1630 1195 1690 quot
1225 1620 1714 1690 signiﬁcationibus
1742 1635 1916 1689 pona-

348 1715 455 1775 tur,
488 1710 671 1764 dicere
699 1719 915 1777 oportet
949 1730 962 1766 :
1001 1712 1161 1781 idque
1191 1712 1499 1767 necessario
1534 1712 1915 1781 apponendum

348 1812 493 1863 reor,
550 1806 606 1852 ut
651 1801 962 1869 possimus,
1006 1802 1406 1871 signiﬁcatione
1461 1800 1622 1870 hujus
1676 1801 1914 1855 nominis

347 1890 502 1945 nobis
530 1905 628 1959 pro
672 1892 875 1946 viribus
911 1902 1215 1961 perspecta,
1247 1908 1311 1946 ex
1348 1892 1593 1963 pluribus
1627 1893 1812 1948 videre
1858 1893 1912 1946 in

346 1997 580 2050 quanam
611 1986 918 2054 ponendum
950 1986 1040 2041 sit.
1074 1987 1388 2041 Invenimus
1426 2002 1556 2057 ergo
1587 1988 1640 2040 in
1670 1986 1914 2057 Evange-

347 2070 422 2126 lio
474 2076 768 2130 secundum
826 2076 1161 2143 Mattltaeum,
1194 2077 1358 2149 254
1389 2092 1511 2132 cum
1555 2078 1916 2132 accessissent

349 2164 599 2235 discipuli
637 2168 706 2221 ad
756 2169 1045 2223 Dominum
1090 2169 1336 2224 dicentes
1367 2188 1381 2224 :
1419 2189 1438 2222 ι
1470 2170 1721 2225 Edissere
1758 2171 1913 2225 nobis

347 2257 659 2323 parabolam
678 2260 1020 2315 zizaniorum
1051 2262 1165 2328 agri
1191 2260 1258 2325 ⁷⁷,
1289 2280 1308 2313 ι
1338 2261 1641 2316 doctrinam
1677 2262 1911 2326 Domini,

347 2359 468 2413 qua:
495 2347 561 2403 de
595 2352 695 2405 hoc
743 2352 959 2408 nomine
999 2366 1121 2422 post
1166 2352 1271 2407 alia
1304 2354 1434 2407 dicit
1463 2370 1478 2408 :
1519 2374 1536 2404 ι
1563 2353 1751 2409 Messis
1787 2370 1914 2408 Vero

346 2445 430 2490 est
457 2436 579 2493 ﬁnis
603 2441 807 2504 saeculi,
842 2458 1109 2498 messores
1141 2453 1319 2497 autem
1350 2444 1526 2513 angeli
1565 2455 1689 2498 sunt
1714 2445 1815 2500 ⁷⁸.»
1845 2446 1914 2499 At

347 2541 479 2583 vero
506 2530 668 2584 etiam
699 2531 803 2586 alio
837 2532 889 2587 in
929 2535 1048 2588 loco
1084 2537 1150 2590 de
1176 2535 1521 2591 multitudine
1552 2538 1911 2602 credentium,

346 2623 402 2671 et
428 2634 566 2689 opus
597 2623 911 2677 habentium
935 2625 1180 2681 doctrina
1213 2644 1335 2697 qua:
1379 2628 1488 2683 illis
1518 2629 1829 2683 manifestet
1849 2644 1912 2683 ea

345 2724 466 2779 quae
489 2713 739 2781 credunt,
754 2716 1015 2772 Servator
1040 2718 1212 2789 inquit
1236 2729 1417 2775 noster
1438 2721 1507 2774 ἐς
1532 2740 1549 2772 ι
1580 2720 1771 2775 Mcssis
1792 2721 1914 2791 qui-

346 2801 471 2856 dem
501 2805 690 2873 multa,
732 2808 968 2874 operarii
1013 2818 1193 2864 autem
1227 2813 1415 2879 pauci;
1455 2811 1736 2866 obsecrate
1784 2828 1914 2884 ergo

346 2890 627 2948 dominum
670 2899 884 2965 messis,
911 2910 969 2953 ut
1004 2902 1218 2956 emittat
1266 2902 1546 2972 onerarios
1596 2904 1647 2957 in
1680 2919 1910 2959 messem

344 2996 521 3040 suam.
550 3004 570 3037 ι
605 2987 685 3041 Ad
710 2987 826 3043 haec
857 2990 1148 3060 Apostolus
1175 3009 1358 3048 semen
1410 2996 1631 3064 quidem
1666 2997 1915 3051 nominat

343 3087 490 3140 eam,
522 3090 644 3145 qua:
679 3078 731 3132 iu
760 3080 864 3135 hac
893 3084 999 3135 vita
1027 3092 1131 3149 est,
1161 3085 1571 3151 abundantiam,
1604 3088 1687 3141 vel
1718 3101 1911 3157 pecca-

347 3170 461 3216 tum
516 3166 833 3237 hominum;
867 3186 1097 3228 messem
1148 3190 1275 3229 vero
1329 3192 1416 3242 ea,
1458 3192 1578 3246 quae
1623 3181 1913 3248 unicuique

348 3258 546 3313 merito
582 3262 816 3329 reposita
846 3273 992 3330 sunt,
1024 3265 1106 3319 vel
1135 3267 1205 3321 ob
1238 3270 1499 3336 praeclare
1529 3269 1698 3333 facta,
1731 3271 1816 3326 vel
1845 3276 1913 3326 ob

345 3359 590 3419 peccata,
620 3368 741 3422 quae
773 3354 827 3407 in
875 3358 1129 3423 prmseuti
1180 3359 1292 3413 vita
1338 3361 1573 3431 quisque
1608 3365 1804 3431 egerit,
1836 3366 1915 3420 sic

344 3438 532 3497 dicens
550 3441 596 3474 ³⁰
625 3459 639 3497 :
677 3461 697 3494 ι
727 3443 996 3517 Quidquid
1055 3451 1200 3506 enim
1231 3454 1581 3508 seminaverit
1602 3454 1784 3523 homo,
1810 3456 1916 3513 hoc

342 3531 510 3585 etiam
560 3542 759 3602 metet;
812 3541 1065 3608 quoniam
1102 3542 1194 3611 qui
1242 3543 1295 3596 in
1335 3558 1502 3600 carne
1546 3548 1800 3613 seminat,
1849 3549 1915 3604 de

344 3636 815 3706 carneittessurus
845 3640 930 3686 est
966 3634 1369 3704 corruptionem
1405 3655 1420 3690 :
1449 3636 1541 3704 qui
1590 3646 1773 3693 autem
1822 3654 1911 3695 se-

349 3716 522 3769 tniuat
546 3716 597 3771 in
632 3720 850 3788 spiritu,
883 3724 949 3779 de
975 3726 1170 3793 spiritu
1203 3734 1368 3782 metet
1397 3727 1563 3781 vitam
1589 3736 1910 3784 aeternam.»

345 3802 404 3860 lu
434 3806 610 3877 aliqua
641 3825 775 3865 vero
808 3814 970 3870 simili
1006 3816 1413 3886 signiticatioue
1459 3817 1700 3875 arbitror
1750 3822 1913 3876 etiam

346 3888 697 3963 Prophetam,
715 3901 806 3968 qui
838 3901 888 3954 iu
913 3902 1145 3961 Psalmis
1169 3905 1580 3972 circumfertur,
1604 3908 1809 3965 dixisse
1823 3912 1867 3944 ⁸⁸
1896 3926 1911 3964 :

348 4001 368 4032 ι
405 3982 503 4049 Qui
533 3989 806 4045 setninant
837 3992 891 4047 in
922 3993 1201 4066 laerymis,
1222 3997 1276 4050 in
1301 3997 1665 4055 exsultatione
1689 4011 1912 4057 metent.

349 4075 553 4132 Euntes
615 4078 781 4141 ibant,
823 4093 878 4137 et
927 4083 1162 4152 ﬂebant,
1212 4089 1492 4145 mittentes
1526 4092 1732 4147 semina
1778 4109 1910 4163 sua;

347 4170 628 4228 venientes
661 4184 840 4230 autem
870 4178 1085 4232 venient
1116 4193 1238 4235 cum
1268 4180 1659 4248 exsultatione,
1693 4195 1932 4255 portan-,

351 4271 433 4317 tes
482 4265 785 4334 manipulos
832 4283 1022 4323 suos.»
1076 4269 1306 4326 Ponitur
1357 4274 1522 4328 etiam
1576 4276 1678 4331 hoc
1718 4291 1912 4332 nomen

345 4352 680 4423 frequenter,
707 4368 764 4412 ut
787 4359 931 4430 loqui
953 4364 1358 4431 consuevimus,
1384 4367 1837 4436 quemadmodum
1858 4372 1909 4421 in

2018 520 2181 572 σασθε
2224 518 2323 583 τὰς
2369 519 2573 591 χώρας,
2622 518 2705 571 ὅτι
2751 515 2939 570 λευκαί
2993 517 3098 568 είσι
3145 514 3280 586 πρὸς
3323 513 3554 585 θερισμὸν

2014 612 2136 684 ἤδη.
2163 630 2180 663 ι
2229 611 2629 683 προτρέποντος
2684 607 2779 662 τοῦ
2825 606 3088 679 παρόντος
3139 609 3250 668 τοῖς
3311 605 3553 676 μαθηταῖς

2014 706 2188 774 Λόγου
2212 705 2339 767 τοὺς
2365 701 2638 772 ἀκροατάς
2681 699 2927 771 ἐπαίρειν
2970 699 3096 761 τοὺς
3147 696 3452 766 ὀφθαλμοὺς
3477 697 3553 750 ἐπί

2013 814 2072 850 τε
2099 796 2198 860 τὰς
2237 794 2418 867 χώρας
2463 794 2563 864 τῆς
2592 793 2834 864 Γραφῆς,
2876 791 2968 844 καὶ⁸
2997 786 3091 842 ἐπὶ
3121 788 3220 853 τὰς
3261 787 3438 859 χώρας
3473 788 3553 841 τοῦ

2014 892 2072 942 ὲν
2097 889 2310 960 ἑκάστῳ
2338 887 2445 941 τῶν
2481 886 2648 939 ὄντων
2678 884 2858 953 λόγου,
2893 883 2982 937 ἵνα
3016 882 3116 954 τὴν
3155 880 3447 951 λευκότητα
3476 881 3555 933 καὶ

2013 980 2111 1051 τὴν
2138 979 2495 1051 λαμπρότητα
2522 975 2780 1048 θεάσηται
2806 991 2890 1038 τις
2915 972 3010 1026 τοῦ
3038 972 3137 1043 τῆς
3162 970 3419 1043 ἀληθείας
3442 987 3556 1025 παν-

2013 1068 2179 1141 ταχοῦ
2202 1068 2375 1138 φωτός
2394 1085 2407 1099 ·
2443 1086 2461 1118 ι
2483 1068 2666 1121 Πάντα
2690 1064 2799 1136 γὰρ
2821 1062 3047 1117 ἐνώπιον
3063 1062 3175 1133 (73)
3202 1063 3318 1124 τοῖς
3340 1059 3551 1124 νοοῦσῳ

2015 1160 2154 1214 κατὰ
2192 1160 2282 1214 τὸν
2334 1157 2674 1230 Σολομῶντα,
2728 1173 2748 1208 t
2771 1155 2906 1228 ὀρθά
2955 1154 3013 1208 δὲ
3062 1155 3173 1217 τοῖς
3232 1151 3558 1223 βουλομένοις

2014 1249 2412 1321 ἀπονείμασθαι
2436 1249 2546 1321 (74)
2577 1248 2845 1319 αἴσθησιν.
2877 1266 2896 1298 ι

2002 1366 2005 1371 ν
2085 1344 2175 1397 45.
2222 1362 2241 1395 t
2277 1344 2338 1396 Ὀ
2376 1341 2603 1414 θερίζων
2647 1339 2835 1411 μισθὸν
2881 1337 3164 1410 λαμϐάνει,
3209 1338 3306 1390 καὶ
3362 1334 3560 1404 συνάγει

2016 1436 2224 1508 καρπὸν
2254 1435 2335 1497 εἰς
2364 1433 2509 1505 ζωὴν
2534 1431 2769 1498 αἰώνιον,
2801 1432 2885 1485 ἵνα
2910 1433 2939 1483 ὁ
2970 1430 3202 1501 σπείρων
3230 1427 3369 1500 ὁμοῦ
3396 1428 3559 1500 χαίρῃ,

2015 1528 2109 1583 καὶ
2157 1529 2186 1580 ὁ
2228 1525 2509 1600 θερίζων.»
2543 1523 2802 1595 Ποσαχῶς
2830 1525 2859 1576 ὁ
2888 1523 3145 1595 θερισμὸς
3187 1522 3246 1575 ἐν
3283 1523 3354 1592 τῇ
3392 1521 3561 1591 Γραφῇ

2014 1620 2229 1688 λέγεται
2251 1619 2376 1685 ,καί
2413 1617 2497 1688 ἐφ’
2541 1617 2679 1669 ὅσων
2718 1615 2994 1677 τάσσεται,
3041 1610 3245 1681 νομίζω
3280 1612 3563 1679 ἀναγκαῖον

2017 1706 2157 1764 εἶναι
2189 1708 2548 1779 παραθέσθαι,
2580 1706 2687 1771 ἵνα,
2715 1705 2853 1758 κατὰ
2880 1703 2941 1756 τὸ
2965 1702 3183 1756 δυνατὸν
3210 1705 3346 1774 ἡμῖν
3379 1701 3564 1773 καθαρ-

1948 1781 1989 1834 B
2020 1801 2202 1864 θέντος
2238 1799 2332 1853 τοῦ
2389 1797 2805 1869 σημαινομένου,
2849 1793 3162 1867 δυνηθῶμεν
3206 1793 3399 1848 ἐνθάδε
3455 1794 3565 1847 ἰδεῖν

2019 1893 2112 1946 ἐπὶ
2160 1892 2303 1955 τίνος
2344 1891 2452 1943 τῶν
2499 1887 2757 1942 πλειόνων
2801 1886 3055 1939 τέτακται
3106 1887 3140 1956 ἡ
3184 1884 3349 1952 λέξις.
3399 1884 3564 1956 Ἐροῦ-

2024 2002 2120 2055 μεν
2150 1983 2263 2053 (75l
2293 1982 2355 2053 δὴ
2391 1982 2449 2034 ἐν
2479 1979 2557 2051 τῷ
2588 1977 2727 2034 κατὰ
2755 1975 3029 2031 Ματθαῖον
3060 1975 3393 2044 Εὑαγγελίῳ,
3427 1975 3565 2046 ἡνίκα

2020 2073 2326 2146 προσῆλθον
2352 2075 2401 2126 οί
2433 2071 2671 2143 μαθηταὶ⁴
2697 2068 2775 2140 τῷ
2804 2068 2991 2140 Κυρίῳ
3021 2066 3300 2135 λέγοντες·
3340 2087 3362 2117 ι
3383 2065 3564 2118 Διασά-

2021 2182 2190 2236 φησον
2218 2167 2348 2236 ἡμῖν
2367 2164 2467 2234 τὴν
2492 2161 2802 2236 παραϐολὴν
2828 2157 2936 2212 τῶν
2964 2155 3216 2222 ζιζανίων
3237 2155 3331 2210 τοῦ
3353 2155 3563 2229 ἀγροῦ,›

2018 2234 2363 2312 διδασκαλίαν
2396 2255 2525 2327 περὶ
2552 2234 2760 2324 τάύτης
2786 2251 2877 2305 τοῦ
2915 2250 3139 2322 Κυρίου,
3168 2249 3285 2321 μεθ’
3311 2248 3473 2318 ἔτερα
3494 2248 3563 2300 λέ.

2020 2367 2219 2420 γουσαν
2243 2367 2257 2380 ·
2296 2369 2316 2400 ι
2345 2351 2404 2403 '0
2431 2348 2490 2400 δέ
2519 2345 2774 2418 θερισμὸς
2804 2341 3079 2397 συντέλεια
3117 2340 3312 2403 αίῶνός
3337 2340 3502 2403 ἐστιν,
3525 2338 3565 2391 oi

2019 2441 2075 2494 δὲ
2102 2438 2348 2511 θερισταὶ
2374 2435 2592 2505 ἄγγελοί
2620 2436 2775 2487 εἰσιν.
2804 2451 2823 2484 ι
2863 2430 3022 2484 Ἀλλά
3059 2429 3162 2504 μὴν
3193 2429 3287 2483 καὶ
3318 2431 3376 2481 ἐν
3417 2427 3566 2499 ἑτέρῳ

2019 2532 2169 2603 τόπῳ
2197 2531 2326 2602 περὶ
2350 2528 2444 2581 τοῦ
2474 2525 2709 2598 πλήθους
2730 2523 2836 2577 τῶν
2858 2523 3219 2575 πιστευόντων
3237 2518 3565 2590 ἀπορούντων

2018 2623 2362 2686 διδασκαλίας
2404 2617 2705 2690 τρανούσης
2756 2615 2938 2679 αὐτοῖς
2981 2616 3106 2685 περὶ
3144 2607 3219 2667 ὧν
3247 2610 3565 2666 πιστεύουσι.

2020 2717 2184 2787 φησὶν
2212 2717 2239 2766 ὁ
2270 2710 2458 2783 Σωτὴρ
2502 2709 2688 2781 ἡμῶν·
2744 2727 2761 2759 ι
2796 2708 2854 2760 '0
2887 2706 2984 2779 μὲν
3012 2705 3268 2778 θερισμὸς
3302 2704 3485 2767 πολὺς,
3523 2705 3566 2755 οἱ

2019 2807 2075 2860 δέ
2102 2806 2329 2876 ἐργάται
2359 2801 2559 2870 ὀλίγοι·
2599 2797 2825 2877 δεήθητε
2870 2793 2964 2850 οὖν
3001 2794 3093 2848 τοῦ
3134 2795 3343 2866 Κυρίου
3374 2793 3463 2847 τοῦ
3494 2792 3565 2846 θε-

2021 2897 2237 2970 ρισμοῦ,
2265 2897 2413 2958 ὅπως
2438 2891 2671 2962 ἐκὸάλλῃ
2711 2888 2965 2968 ἐργάτας.
2986 2889 3065 2952 εἰς
3089 2887 3178 2941 τδν
3200 2884 3457 2959 θερισμὸν
3480 2886 3564 2939 αὖε

2017 2992 2174 3046 τοῦ.»
2214 2987 2358 3059 Πρὸς
2397 2984 2604 3045 τούτοις
2650 2985 2678 3036 ὁ
2723 2980 3039 3043 Ἀπόστολος
3087 2978 3288 3050 σπόρον
3335 2978 3429 3049 μὲν
3465 2976 3566 3031 ὀνο-

2022 3082 2183 3155 μάζει
2210 3080 2310 3151 τὴν
2347 3080 2406 3131 ἐν
2442 3075 2521 3147 τῷ
2566 3074 2664 3145 βίῳ
2690 3072 2864 3144 τούτῳ
2905 3071 3182 3143 εὐπορίαν,
3235 3070 3270 3140 ἢ
3311 3069 3565 3142 ἁμαρτίαν

2013 3176 2119 3229 τῶν
2157 3171 2254 3227 ἀνθ
2265 3168 2459 3242 ρώπων
2478 3185 2490 3197 ·
2527 3163 2780 3237 θερισμὸν
2804 3163 2862 3217 δὲ
2886 3161 2954 3217 τὰ
2979 3161 3067 3216 διὰ
3093 3161 3161 3216 τὰ
3182 3160 3417 3215 ἐνταῦθα
3439 3178 3565 3214 κατ·-

2012 3264 2305 3339 ορθώματα
2347 3260 2381 3330 ἢ
2426 3258 2797 3331 ἁμαρτήματα
2846 3253 3059 3324 ἑκάστῳ
3105 3253 3245 3307 κατά
3281 3252 3380 3324 τὴν
3427 3248 3564 3319 ἀξίαν

2014 3357 2373 3427 ἀποκείμενα,
2418 3352 2561 3406 οὕτω
2593 3350 2796 3419 λέγων·
2840 3367 2858 3399 ι
2890 3349 2954 3401 Ὃ
2984 3346 3092 3417 γὰρ
3132 3346 3225 3400 ἐὰν
3255 3346 3452 3419 σπείρῃ
3484 3345 3562 3399 ἀν.

2017 3451 2252 3523 θρωπος,
2300 3445 2458 3499 τοῦτο
2505 3443 2600 3497 καὶ
2650 3440 2881 3513 θερίσει·
2913 3440 2994 3492 ὅτι
3036 3439 3065 3491 ὁ
3114 3437 3355 3509 σπείρων
3381 3439 3457 3500 είς
3474 3436 3563 3507 τὴν

2017 3541 2193 3612 σάρκα
2227 3541 2293 3592 ἐκ
2319 3537 2419 3607 τῆς
2452 3533 2658 3606 σαρκὸς
2682 3530 2885 3602 θερίσει
2928 3528 3164 3599 φθοράν·
3197 3529 3227 3581 ὁ
3255 3527 3313 3581 δὲ
3349 3527 3564 3599 σπείρων

2014 3633 2094 3695 είς
2127 3631 2188 3684 τὸ
2218 3626 2437 3699 πνεῦμα
2464 3628 2529 3678 ἐκ
2556 3623 2651 3678 τοῦ
2683 3620 2988 3692 πνεύματος
3034 3619 3239 3690 θερίσει
3279 3616 3423 3691 ζωὴν
3448 3616 3563 3670 αἰώ-

2014 3740 2146 3777 νιον.
2175 3741 2194 3774 ι
2232 3719 2390 3775 Κατά
2432 3735 2575 3782 τινος
2607 3717 2663 3770 δέ
2696 3713 3077 3779 παραπλησίου
3119 3711 3213 3765 τοῦ
3250 3709 3561 3783 σημαινομέ-

2014 3831 2106 3868 νου
2162 3810 2367 3884 νομίζω
2411 3808 2623 3863 καὶτὸν
2671 3805 2965 3876 Προφήτην
2997 3804 3291 3873 φερόμενον
3322 3805 3379 3855 ἐν
3433 3802 3559 3856 Ψαλ-

2020 3909 2138 3979 μοῖς
2210 3903 2521 3977 εἰρηκέναι·
2581 3918 2599 3951 t
2626 3898 2689 3952 Οἱ
2743 3896 3053 3966 σπείροντες
3113 3899 3174 3947 ἐν
3217 3894 3470 3967 δάκρυσιν
3513 3896 3560 3947 ἐν

2014 3998 2333 4070 ἀγαλλιάσει
2394 3991 2649 4066 θεριοῦσι.
2688 3989 3043 4060 Πορευόμενοι
3105 3988 3425 4059 ἐπορεύοντο
3481 3988 3558 4041 xui

2015 4091 2247 4153 ἔκλαιον,
2284 4087 2564 4159 βάλλοντες
2609 4083 2677 4136 τά
2728 4080 3014 4152 σπέρματα
3054 4079 3234 4132 αὐτῶν
3254 4097 3266 4108 ·
3303 4080 3560 4151 ἐρχόμενοι

2015 4182 2071 4236 δέ
2102 4180 2322 4252 ἥξουσιν
2349 4181 2407 4232 ἐν
2440 4174 2779 4246 ἀγαλλιάσει,
2808 4173 3052 4243 αἴροντες
3086 4170 3152 4223 τὰ
3178 4171 3460 4243 δράγματα
3482 4170 3555 4223 αὑ-

2015 4274 2177 4327 τῶν.»
2208 4274 2401 4325 Κεῖται
2428 4270 2485 4322 δέ
2508 4268 2569 4321 τὸ
2600 4268 2770 4337 ὄνομα
2800 4262 3066 4334 πολλαχοῦ
3097 4264 3191 4316 καὶ
3222 4264 3319 4315 ἐπὶ
3341 4263 3436 4332 τῆς
3458 4277 3556 4313 συν-

2013 4364 2219 4434 ηθείας,
2251 4361 2439 4432 ὥσπερ
2481 4360 2575 4412 καὶ
2601 4359 2658 4411 ἐν
2681 4358 2749 4427 τῇ
2787 4351 2965 4419 Ῥοὺθ,
2992 4353 3082 4407 διὰ
3100 4352 3323 4407 τούτων·
3378 4372 3395 4404 t
3417 4351 3558 4404 Αὐτοὶ

345 4444 484 4502 libro
529 4447 671 4503 Ruth
723 4452 873 4508 hisce
919 4456 1142 4510 verbis:
1182 4476 1200 4507 ι
1228 4457 1336 4512 Illae
1363 4467 1544 4512 autem
1576 4458 1914 4513 advenerunt

2059 4461 2073 4509 ὲ
2114 4453 2563 4527 παρεγενήθησαν
2605 4453 2685 4515 εἰς
2734 4451 2981 4522 Βηθλεέμ
3029 4450 3086 4501 ἐν
3130 4449 3274 4519 ἀρχῇ
3327 4444 3560 4518 θερισμοῦ

345 4537 697 4612 Betblehem,
733 4561 856 4602 cum
920 4551 1112 4606 messis
1154 4552 1459 4607 hordeacea
1509 4552 1856 4621 inciperet".
1889 4572 1908 4605 ι

348 4631 618 4703 Expositis
644 4637 826 4709 itaque
871 4642 922 4694 in
957 4645 1241 4710 praesentia
1275 4645 1514 4712 quinque
1552 4645 1913 4714 signiﬁcatio-

346 4725 507 4780 nibus
538 4731 751 4797 messis,
788 4732 1135 4788 manil‘estum
1185 4744 1269 4791 est
1306 4737 1408 4791 hoc
1437 4735 1641 4791 inloco
1681 4752 1912 4793 messem

347 4828 455 4869 non
493 4819 668 4887 accipi
703 4816 779 4876 ἰιι
823 4823 968 4892 loqui
999 4825 1404 4890 consuevimus,
1451 4827 1547 4881 sed
1583 4841 1650 4881 ue
1680 4842 1777 4897 pro
1808 4827 1914 4883 ﬁne

345 4908 564 4975 quidem
612 4920 668 4965 et
694 4917 1202 4984 consummatione;
1233 4933 1410 4991 neque
1441 4919 1586 4974 enim
1618 4919 1718 4974 boc
1756 4923 1913 4975 modo

346 4995 494 5067 loqui
515 5005 895 5058 consuevimus
921 5027 932 5060 :
976 5024 995 5057 ‹
1018 5006 1121 5072 Qui
1153 5009 1330 5072 metit,
1356 5011 1661 5065 mercedem
1690 5011 1908 5080 accipit,

294 5089 300 5093 ’
345 5096 403 5144 et
424 5103 719 5164 congregat
763 5094 994 5151 fructum
1025 5100 1076 5153 in
1106 5099 1268 5154 vitam
1296 5110 1556 5155 aeternam
1580 5101 1645 5154 ⁸³.
1677 5120 1696 5154 ι
1729 5099 1915 5173 Neque

344 5179 414 5238 de
449 5185 782 5241 messoribus
810 5189 1018 5257 angelis
1046 5200 1469 5246 consentaneum
1495 5200 1577 5246 est
1603 5208 1701 5247 nos
1730 5194 1830 5249 hoc
1858 5194 1911 5249 in

419 5294 467 5327 ⁷⁸
497 5295 660 5352 Prov.
694 5313 812 5362 vin,
840 5300 895 5355 9.

2018 4547 2242 4621 κριθῶν.
2268 4565 2286 4596 ι
2338 4545 2509 4598 Πέντε
2552 4543 2618 4615 δὴ
2663 4542 2757 4596 ἐπὶ
2806 4541 2904 4595 τοῦ
2958 4541 3223 4612 παρόντος
3260 4539 3562 4593 ἐκτεθέντων

2019 4639 2450 4712 σημαινομένων,
2481 4637 2711 4707 φανερὸν
2745 4637 2864 4708 μὲν,
2898 4636 2979 4689 ὅτι
3006 4636 3066 4688 οὐ
3107 4634 3167 4687 τὸ
3213 4636 3271 4687 ἐν
3309 4637 3376 4705 τῇ
3421 4650 3561 4703 συνη-

2018 4734 2138 4803 0-ίᾳ
2166 4730 2491 4802 δηλούμενον
2522 4726 2756 4781 ἐνταῦθα
2797 4725 3032 4798 εἴρηται,
3082 4725 3197 4779 ἀλλ’
3229 4725 3351 4778 οὐδὲ
3398 4724 3457 4779 τὺ
3490 4722 3562 4776 ἐπὶ

2017 4827 2115 4896 τῆς
2142 4822 2453 4887 συντελείας
2481 4820 2831 4892 τεταγμένον·
2863 4818 2988 4873 οὔτε
3017 4818 3126 4891 γὰρ
3154 4820 3213 4870 ἐν
3233 4822 3301 4889 τῇ
3334 4817 3561 4888 συντιθείς

2017 4918 2107 4971 τό·
2143 4936 2162 4969 ι
2198 4917 2255 4970 '0
2291 4914 2517 4986 θερίζων
2543 4912 2655 4986 (76)
2689 4913 2878 4985 μισθὸν
2915 4912 3199 4983 λαμϐάνει,
3233 4912 3330 4964 καὶ
3368 4910 3564 4978 συνάγει

2020 5009 2228 5082 καρπὸν
2257 5011 2336 5073 είς
2381 5008 2527 5081 ζωὴν
2564 5007 2839 5062 αἰώνιον-ι
2868 5007 2991 5061 οὔτε
3029 5007 3155 5080 περὶ
3183 5006 3294 5061 τῶν
3326 5004 3565 5078 θεριστῶν

2022 5100 2265 5170 ἀγγέλων
2291 5099 2351 5152 τὺ
2394 5098 2789 5172 προτρεπτικόν
2823 5099 2903 5162 εἰς
2931 5097 2992 5150 τὸ
3023 5095 3259 5168 θερίζειν
3290 5094 3501 5164 εὔλογον
3518 5094 3564 5143 ἐν

2020 5193 2097 5264 τῷ
2121 5192 2272 5263 τόπῳ
2293 5194 2450 5246 νοεῖν.
2490 5191 2625 5245 Ἀλλ’
2648 5191 2770 5245 οὐδὲ
2805 5190 2949 5244 κατά
2973 5190 3062 5243 τό·
3099 5209 3118 5240 ι
3153 5189 3210 5242 '0
3248 5192 3482 5261 σπείρων
3501 5186 3565 5247 εἰς

998 5301 1043 5376 ⁷-⁸
1071 5302 1225 5376 ,Ιοοιιι
1258 5319 1331 5376 tv,
1361 5305 1450 5358 36.
1525 5306 1791 5376 "Matth.
1824 5325 1914 5366 xm

2134 5308 2180 5341 ⁷⁸
2218 5307 2348 5362 ibid.
2373 5305 2464 5361 39.
2537 5306 2582 5338 ⁷³
2610 5304 2798 5361 Matth.
2833 5321 2910 5370 Ix,
2944 5305 3032 5369 57,
3059 5304 3149 5359 58.
3225 5303 3273 5334 ⁸ο
3304 5303 3477 5359 Galat.
3503 5314 3562 5363 VI,

350 5361 407 5430 7,
436 5367 489 5420 s.
563 5367 772 5422 “Psal.
802 5361 962 5434 ων,
993 5371 1121 5435 5,6.
1196 5375 1242 5405 ο·
1276 5361 1418 5430 ιιυιιι
1468 5392 1508 5439 ι,
1533 5375 1623 5429 se.
1701 5361 1914 5434 eam...

2063 5381 2154 5435 56.

573 5458 776 5540 Πάντα
826 5462 936 5533 γὰρ
966 5462 1241 5540 ἐνώπιον,
1293 5477 1400 5521 etc.
1453 5466 1657 5522 Omnes
1684 5468 1804 5540 τῶν
1857 5473 1912 5524 0’

355 5527 626 5603 edititine‘s
673 5527 909 5603 habent,
946 5536 1122 5588 πάντα
1153 5527 1358 5590 ἐνώπια
1386 5540 1500 5601 τοῖς
1529 5536 1790 5603 συνιοῦσι,
1821 5541 1916 5593 καὶ

356 5593 493 5676 δρθᾲ
520 5600 630 5662 τοῖς
656 5593 968 5676 εὑρίσκουσι
997 5604 1219 5673 γνῶσιν,
1252 5609 1448 5674 quibus
1478 5593 1789 5676 consonant
1812 5611 1915 5664 llc—

361 5669 542 5722 braica
578 5681 632 5726 et
654 5669 917 5727 editiones
946 5669 1228 5728 universa;

432 5734 545 5806 (Ἡ)
568 5742 742 5799 Wex
775 5740 1112 5814 Bodleianus,
1139 5745 1538 5814 ἐπινείμασθαι.

2094 5469 2219 5542 (75),
2258 5468 2553 5542 Ἐροίξμεγ.
2582 5465 2892 5542 Legenduru
2925 5463 3139 5542 videtur
3176 5461 3422 5542 εὕρομεν.
3458 5457 3561 5542 μοι

2025 5532 2128 5594 νοί
2156 5532 2469 5607 Ε’ὑαγγελίίρ
2494 5537 2646 5591 deest
2667 5532 2729 5591 in
2757 5532 2955 5590 conice
2973 5532 3165 5604 Regio,
3192 5532 3285 5588 sed
3312 5540 3483 5587 exstat
3512 5532 3557 5581 in

2028 5610 2341 5675 Bodleiano.

2101 5668 2216 5748 (76)
2270 5678 2378 5732 Τό·
2442 5676 2505 5729 '0
2559 5674 2812 5743 θερίζων.
2841 5674 2924 5748 Διιι
2974 5672 3161 5748 redire
3215 5671 3377 5744 Regio
3423 5668 3558 5724 deest

2036 5742 2119 5810 τις
2149 5742 2214 5815 6;
2244 5749 2337 5805 sed
2369 5742 2671 5803 restituitur
2700 5762 2729 5800 e
2758 5745 2945 5802 co‘dice
2973 5742 3283 5798 Bodleiano.
