3702 6142
186 299 275 357 ιτι

1229 287 1578 348 COMMENT.
1613 285 1682 341 IN
1715 281 1908 341 JOAN.
1950 278 2188 337 TOMUS
2220 278 2359 336 XIII.

3305 279 3409 337 478

179 417 270 485 τὴν
298 410 474 482 σάρκα
500 411 564 464 ἐκ
586 408 686 479 τῆς
709 409 913 481 σαρκὸς
939 408 1143 481 θερίσει
1169 406 1394 481 φθορὰν,
1417 405 1510 460 καὶ
1532 405 1561 457 6
1590 423 1666 459 σπ

1805 438 1815 464 ,
1845 400 1963 457 loco
1998 396 2298 468 intelligere
2322 395 2746 453 admonitionem
2780 396 2848 451 de
2891 396 3163 452 metendo.
3199 396 3307 455 Sed
3338 415 3408 455 ne

182 519 281 574 ρων
315 503 394 565 είς
424 499 485 553 τὺ
525 499 740 571 πνεῦμα
773 503 837 554 ἐκ
874 499 970 553 τοῦ
1004 499 1306 570 πνεύματος
1347 497 1552 571 θερίσει
1591 495 1733 568 ζωὴν

181 593 435 656 ultimam»
453 588 565 648 οἷόν
590 610 651 646 τε
691 592 877 646 ἐνθάδε
907 592 1204 663 λαμϐάνειν
1233 592 1320 645 τό-
1363 611 1380 642 ι
1418 592 1476 643 Ὀ
1506 589 1734 662 θερίζων

181 688 357 759 μισθὸν
383 685 670 757 λαμϐάνει,
700 686 797 740 καὶ
830 685 1048 753 συνάγει
1077 684 1285 756 καρπὸν
1316 683 1397 746 είς
1428 681 1571 752 ζωὴν
1602 678 1733 734 αίώ-

177 799 295 837 νιον.
327 799 346 834 ι
378 778 540 833 Κατὰ
574 779 671 850 μὲν
713 778 822 850 γὰρ
852 777 924 832 τὰ
954 776 1285 832 άποστολικὰ
1315 775 1452 847 ῥητὰ
1499 777 1529 828 6
1569 775 1731 838 αὐτός

175 874 308 927 ἐστιν
334 875 362 926 6
395 871 636 942 σπείρων
680 871 775 925 καὶ
799 872 828 924 6
862 870 1111 940 θερίζων,
1135 868 1243 923 εἴτε
1286 870 1365 932 είς
1405 866 1505 938 τὴν
1534 866 1735 937 σάρκαι

173 967 271 1020 εἴτε
294 967 372 1029 είς
397 963 460 1017 τὸ
489 963 726 1034 πνεῦμα,
755 963 848 1016 καὶ
868 961 957 1016 διὰ
989 961 1148 1014 τοῦτο
1178 960 1424 1028 συνάγων
1450 958 1566 1029 ἦτοι
1601 955 1731 1029 φθο-

174 1057 318 1128 ράνῆ
358 1055 506 1128 ζωὴν
552 1053 790 1110 αἰώνιον·
823 1038 965 1107 κατὰ
1007 1051 1158 1106 δὲτὰ
1193 1050 1538 1119 ἐνεστηκότα,
1570 1048 1726 1111 ἄλλος

172 1148 305 1204 ἐστὶν
333 1149 363 1203 6
405 1147 648 1218 σπείρων
687 1148 782 1201 καὶ
817 1145 974 1208 ἄλλος
997 1145 1026 1197 6
1057 1144 1307 1216 θερίζων.
1350 1139 1582 1212 Ὁμοίως
1607 1139 1663 1192 δὲ
1697 1142 1726 1193 ό

170 1239 317 1302 αὐτὸς
344 1239 442 1310 μὲν
473 1239 690 1310 σπείρει
722 1237 814 1291 καὶ
840 1236 1061 1308 θερίζει,
1089 1234 1207 1288 καθ’
1228 1233 1257 1286 ὃ
1290 1230 1639 1303 παρεθέμεθα
1666 1234 1724 1284 ἐν

162 1328 388 1402 Ψαλμοῖς
451 1333 649 1406 ῥητὸν,
713 1330 969 1401 διαφέρον
1032 1326 1126 1380 τοῦ
1150 1323 1503 1380 ἀποστολικοῦ
1528 1322 1603 1394 τῷ
1631 1341 1725 1394 μυ-

167 1419 466 1489 στικωτέρῳ
512 1419 609 1473 καὶ
656 1418 1096 1492 ἀποῤῥητοτέρῳ·
1128 1417 1189 1470 τὸ
1229 1417 1326 1489 μὲν
1357 1416 1463 1487 γὰρ
1489 1418 1718 1470 ἀποστο-

162 1510 294 1565 λικδν
368 1509 737 1581 ἁπλούστερον
812 1508 1056 1581 εἴρηται,
1125 1510 1186 1563 οὐ
1267 1508 1518 1563 διδάσκον
1592 1508 1720 1578 περὶ

159 1601 247 1673 τῆς
265 1601 519 1673 διαφόρου
562 1599 775 1668 φύσεως
812 1600 921 1654 τῶν
956 1601 1284 1672 σπερμάτων
1312 1598 1475 1652 πόθεν
1504 1598 1720 1669 λαμϐά-

158 1709 309 1747 νεται.
348 1692 421 1745 Τὸ
452 1691 511 1744 δὲ
542 1690 652 1746 ἀπὸ
677 1691 785 1744 τῶν
814 1691 1059 1762 Ψαλμῶν
1082 1690 1228 1744 δοκεῖ
1258 1708 1346 1760 μοι
1378 1689 1568 1759 δηλοῦν
1589 1687 1718 1759 περὶ

1836 508 1957 547 cum
1987 493 2087 546 hoc
2129 490 2348 560 quidem
2379 488 2566 544 dicto:
2604 506 2623 541 ι
2648 488 2749 554 Qui
2773 487 3007 543 seminat
3035 489 3089 544 in
3120 504 3307 557 carne,
3337 491 3406 545 de

1833 597 1999 638 carne
2044 594 2320 638 messui-us
2350 589 2436 635 est
2477 578 2913 648 corruptionem;
2945 587 3000 634 et
3033 580 3124 648 qui
3173 582 3405 636 seminat

1831 674 1887 730 in
1927 672 2143 742 spiritu,
2180 672 2247 726 de
2276 670 2474 741 spiritu
2503 678 2674 724 metet
2699 667 2867 722 vitam
2909 677 3194 737 aeternam,
3224 689 3243 723 ι
3283 672 3403 727 ﬁeri

1810 775 2026 836 potest,
2060 774 2118 819 ut
2141 762 2503 833 intelligamus
2534 763 2648 817 haec
2676 760 2840 817 verba
2865 762 3158 818 convenire
3192 777 3352 832 posse
3380 781 3396 818 :

1833 876 1854 910 ι
1886 859 1987 925 Qui
2011 856 2186 922 metit,
2212 855 2519 911 mercedem
2548 855 2820 924 accipitet
2846 865 3136 925 congregat
3166 853 3401 912 fructum

1826 949 1881 1005 in
1905 949 2071 1004 vitam
2090 956 2406 1002 aeternam.»
2427 946 2590 1001 Juxta
2606 947 2751 1001 enim
2776 946 3071 1016 apostolica
3092 946 3237 1003 dicta
3259 934 3400 1003 idem

1825 1047 1930 1104 est,
1953 1037 2042 1108 qui
2080 1037 2315 1092 seminat
2342 1044 2395 1091 et
2417 1037 2510 1105 qui
2551 1036 2723 1100 metit,
2752 1036 2868 1092 sive
2896 1036 2951 1090 in
2979 1050 3168 1102 carne,
3198 1038 3315 1093 sive
3347 1040 3398 1094 in

1824 1129 2049 1201 spiritu;
2085 1140 2139 1182 et
2173 1128 2245 1183 ob
2276 1128 2379 1183 hoc
2416 1127 2579 1181 etiam
2605 1141 2942 1198 congregans
2968 1126 3051 1182 vel
3092 1129 3401 1197 corruptio-

1822 1236 1968 1286 nem,
2011 1221 2096 1275 vel
2137 1221 2300 1273 vitam
2363 1228 2622 1274 aeternam
2663 1236 2678 1273 :
2736 1220 2789 1273 in
2852 1220 3214 1289 praesentibus
3265 1235 3397 1276 vero

1822 1316 1962 1371 alius
1994 1323 2079 1371 est
2108 1315 2198 1384 qui
2232 1313 2489 1377 seminat,
2514 1321 2569 1367 et
2594 1313 2730 1367 alius
2751 1313 2843 1383 qui
2873 1312 3049 1367 metit.
3075 1310 3134 1367 ln
3160 1311 3395 1367 Psalmis

1819 1408 1982 1463 etiam
2010 1407 2154 1461 idem
2185 1405 2439 1461 similiter
2486 1405 2719 1460 seminat
2749 1414 2806 1460 et
2843 1405 2985 1460 idem
3031 1404 3203 1469 metit,
3240 1403 3393 1473 iuxta

1820 1501 2026 1556 dictum
2057 1501 2202 1571 quod
2245 1501 2633 1572 proposuimus
2679 1500 2748 1555 ab
2779 1498 3084 1569 apostolico
3113 1496 3389 1562 diﬂ‘erens,

1817 1591 2027 1645 ratione
2092 1591 2397 1645 sacratiore
2457 1598 2512 1644 et
2561 1589 2866 1645 occultiore
2916 1606 2932 1644 :
2986 1603 3115 1643 nam
3186 1587 3388 1645 dictum

1797 1682 2170 1752 'apostolicum
2202 1683 2507 1752 simplicius
2528 1682 2798 1751 prolatum
2823 1689 2927 1748 est,
2960 1696 3067 1736 non
3098 1681 3296 1737 docens
3321 1680 3391 1736 de

155 1784 242 1853 τῆς
264 1783 486 1838 καθόδου
521 1783 635 1853 (77)
662 1782 768 1836 τῶν
801 1751 1197 1853 εὐγενεστέρων
1232 1751 1441 1852 duxti»).
1466 1798 1666 1852 παραγε

1817 1751 1978 1845 255
2005 1775 2217 1830 diversa
2245 1751 2437 1828 natura
2482 1774 2774 1839 seminum,
2801 1777 2945 1828 unde
2975 1780 3280 1828 sumantur.
3315 1771 3389 1825 At

153 1876 374 1947 νομένων
421 1877 500 1939 εἰς
553 1875 645 1928 τὸν
695 1875 805 1945 βίον
857 1874 1043 1927 τοῦτον
1092 1872 1228 1944 μετὰ
1272 1872 1379 1926 τῶν
1428 1873 1709 1945 σωτηρίων

153 1967 464 2038 σπερμάτων
491 2006 507 2030 ,
539 1968 633 2020 κα)⁸
664 1966 1119 2037 παραγενομένων
1151 1983 1215 2034 γε
1247 1965 1406 2018 οἱονεὶ
1440 1962 1706 2027 ἀκουσίως

152 2057 277 2131 μετὰ
298 2058 604 2130 στεναγμοῦ
625 2099 639 2124 ,
670 2058 1116 2129 ἐπανερχομένων
1163 2058 1220 2110 δὲ
1265 2059 1322 2110 ἐν
1367 2056 1702 2126 ἀγαλλιάσει,

147 2150 226 2202 ea
245 2149 303 2203 τὸ
334 2149 512 2214 καλῶς
538 2150 949 2221 γεωργηκέναι,
991 2151 1084 2203 καὶ
1122 2147 1415 2219 ηὐξηκέναι
1436 2187 1450 2210 ,
1481 2149 1576 2202 καὶ
1604 2165 1703 2200 πε-

148 2240 495 2312 πληθυγκέναι
519 2241 591 2295 τὰ
619 2241 926 2312 σπέρματα,
956 2239 1074 2311 μεθ’
1104 2234 1178 2293 ὧν
1203 2238 1539 2310 ἐληλύθασιν.
1578 2238 1704 2291 Ἀλ-

147 2330 226 2397 λος
261 2333 314 2401 δέ
355 2335 504 2387 ἐστιν
530 2335 562 2387 6
592 2333 828 2405 σπείρων
873 2334 968 2387 καὶ
992 2332 1158 2397 ’ἄλλος
1204 2334 1233 2386 6
1281 2331 1509 2405 θερίζων
1549 2335 1606 2386 ἐν
1631 2334 1698 2404 τῇ

146 2423 462 2497 προκειμένῃ
489 2423 655 2491 λέξει.

213 2602 296 2657 Η.
326 2604 432 2657 Καὶ
453 2606 575 2675 ἐρεῖ
603 2621 668 2673 γε
700 2604 729 2657 ὁ
758 2603 1092 2677 Ἡρακλέων,
1122 2604 1261 2675 τάχα
1291 2604 1347 2658 δέ
1379 2604 1554 2675 τούτῳ
1583 2603 1699 2679 (78)

144 2695 269 2750 κατὰ
292 2697 388 2768 τὴν
417 2696 646 2767 ἐκδοχὴν
675 2697 877 2767 ταύτην
921 2697 1463 2769 συμπεριφερόμενός
1487 2715 1570 2761 τις
1602 2699 1698 2753 καὶ

148 2787 624 2861 ἐκκλησιαστικὸς,.
677 2795 760 2847 ὅτι
811 2791 890 2864 τῷ
971 2788 1111 2840 κατὰ
1151 2788 1244 2842 τό·
1285 2789 1384 2841 (Ὀ
1414 2789 1512 2859 μὲν
1545 2789 1694 2861 θερι-

145 2874 263 2946 σμὸς
298 2875 496 2939 πολὺς,
531 2877 578 2929 oi
622 2875 679 2929 δὲ
726 2878 952 2948 ἐργάται
993 2878 1160 2947 ὀλίγοι
1185 2921 1199 2945 ,
1242 2899 1260 2931 ι
1314 2881 1694 2952 σημαινομένῳ

142 2965 319 3034 ὁμοίιος
362 2965 533 3019 ταῦτα
573 2966 822 3037 εἴρηται,
852 2967 929 3037 τῷ
954 2969 1203 3038 ἑτοίμους
1236 2972 1368 3041 πρὸς
1413 2970 1690 3044 θερισμὸν,

143 3056 225 3108 καὶ
251 3056 581 3127 ἐπιτηδείους
602 3056 738 3128 πρὸς
767 3057 828 3110 τὸ
855 3057 953 3129 ἤδη
985 3058 1095 3129 (79)
1129 3060 1458 3131 συναχθῆναι
1492 3065 1570 3126 είς
1593 3062 1693 3134 τὴν

142 3145 422 3219 ἀποθήκην,
450 3148 539 3201 διὰ
571 3148 672 3219 τῆς
701 3149 934 3214 πίστεως
964 3153 1044 3214 εἰς
1071 3152 1376 3207 ἀνάπαυσιν
1413 3152 1569 3217 εἶναι,
1599 3156 1693 3209 κα)⁸

139 3238 448 3308 ἐπιτηδείους
473 3238 613 3311 πρὸς
643 3241 915 3313 σωτηρίαν
938 3244 1033 3297 καὶ
1055 3245 1367 3316 παραδοχὴν
1392 3245 1486 3298 τοῦ
1510 3246 1691 3315 λόγου,

139 3329 263 3382 κατὰ
281 3329 376 3400 μὲν
400 3331 493 3384 τὸν
521 3331 868 3402 Ἡρακλέωνα
899 3333 989 3388 διὰ
1012 3336 1110 3407 τὴν
1141 3337 1485 3409 κατασκευὴν
1512 3338 1692 3392 αὐτῶν

138 3421 219 3473 καὶ
245 3421 338 3494 τὴν
369 3421 567 3491 φύσιν·
600 3423 742 3478 κατὰ
800 3423 858 3480 δὲ
904 3422 995 3476 τὸν
1044 3424 1532 3492 ἐκκλησιαστικὸν,
1598 3433 1691 3486 καὶ

135 3508 209 3564 διά
233 3528 348 3566 τινα
388 3514 753 3586 εὐτρεπισμὸν
793 3514 886 3568 τοῦ
931 3517 1260 3588 ἡγεμονικοῦ
1294 3519 1511 3591 ἑτοίμου
1554 3522 1691 3593 πρὸς

134 3600 424 3669 τελείωσιν,
466 3605 557 3657 ἵνα
606 3604 680 3677 μὴ
716 3606 811 3658 καὶ
856 3606 1098 3679 θερισθῇ.
1147 3610 1382 3663 Λεκτέον
1427 3606 1520 3664 οὖν
1553 3613 1689 3685 πρὸς

132 3693 242 3757 τοὺς
265 3694 433 3760 οὕτως
456 3696 868 3768 ἐκδεξαμένους,
895 3700 944 3751 εἰ
978 3698 1256 3768 βούλονται
1286 3700 1686 3772 παραδέξασθαι

133 3784 322 3855 μήποτε
352 3790 636 3857 γεγονέναι
663 3789 768 3862 πρὸ
794 3791 891 3861 τῆς
915 3790 1008 3844 τοῦ
1037 3791 1286 3864 Σωτῆρος
1305 3792 1463 3863 ἡμῶν
1496 3794 1684 3865 ἐπιδη-

132 3875 243 3943 μίας
271 3877 522 3951 θερισμὸν
555 3882 935 3954 παραπλήσιον
963 3882 1041 3953 τῷ
1069 3882 1239 3947 οὕτως
1268 3884 1333 3938 ἂν
1377 3884 1683 3938 ἐλπισθέντι

129 3968 223 4021 ἀπὸ
259 3971 363 4024 τῶν
404 3973 612 4045 χρόνων
657 3973 753 4027 τοῦ
805 3974 1159 4043 εῦαγγελικοῦ
1210 3976 1581 4047 κηρύγματος.
1618 3979 1682 4030 El

128 4058 221 4130 γὰρ
247 4060 322 4132 τῷ
367 4060 505 4118 εἶναι
548 4064 642 4117 τὸν
675 4064 932 4136 θερισμὸν
977 4066 1141 4120 πολὺν
1175 4065 1360 4119 πολλοὶ
1389 4067 1682 4119 πεπιστεύ-

128 4168 259 4218 κασι,
288 4155 527 4224 καίτοιγε
570 4155 764 4226 ὀλίγων
797 4157 964 4211 ὀντων
1010 4157 1120 4211 τῶν
1165 4157 1411 4230 ἐργατῶν
1448 4159 1680 4213 ἀποστό-

126 4239 237 4308 λων,
259 4243 330 4309 ὡς
361 4246 496 4318 πρὸς
521 4247 583 4300 τὸ
614 4248 814 4318 πλῆθος
847 4248 955 4302 τῶν
988 4248 1447 4320 παραδεξαμένων
1470 4250 1563 4304 τὸν
1587 4249 1676 4303 λό-

125 4348 240 4400 γον·
279 4337 392 4408 ἦτοι
442 4337 534 4391 διὰ
580 4338 640 4391 τὸ
674 4358 691 4390 ι
733 4338 1038 4394 Θεάσασθαι
1073 4340 1183 4412 (80)
1227 4341 1326 4405 τὰς
1368 4341 1570 4414 χώρας,
1595 4345 1676 4397 ὅτι

1800 1866 1957 1936 quod
1993 1880 2026 1919 e
2050 1865 2280 1921 Psalmis
2319 1865 2735 1935 proposuimus,
2769 1864 3047 1919 declarare
3076 1865 3206 1920 mihi
3232 1865 3386 1919 vide-
3430 1901 3438 1908 -

1811 1967 1904 2013 tur
1954 1958 2251 2012 animarum
2307 1957 2566 2012 nobilium
2596 1957 2946 2022 descensum,
2977 1971 3098 2026 quae
3142 1955 3388 2012 venerint

1814 2048 1867 2103 in
1898 2049 2037 2102 hanc
2060 2048 2221 2101 vitam
2269 2062 2390 2102 cum
2421 2047 2746 2103 salutaribus
2782 2047 3103 2114 seminibus,
3154 2061 3387 2116 quaeque

1813 2137 2004 2191 invitae
2031 2137 2146 2191 fere
2172 2138 2423 2193 venerint
2456 2137 2934 2208 suspirantes,sed
2964 2137 3229 2191 redierint
3260 2152 3385 2193 cum

1809 2231 2194 2296 exsultatione,
2226 2246 2290 2285 eo
2322 2232 2465 2300 quod
2513 2232 2730 2303 egregie
2778 2230 3166 2297 laboraverint,
3193 2239 3249 2289 et
3286 2246 3385 2287 au-

1808 2322 2011 2387 xerint,
2035 2331 2091 2376 et
2140 2323 2546 2390 mnltiplicarint
2583 2322 2794 2376 semina
2828 2338 2952 2377 cum
2998 2323 3194 2392 quibus
3221 2337 3385 2378 vene-

1807 2415 2124 2470 rant.A|ins
2146 2425 2325 2468 autem
2356 2424 2435 2469 est
2471 2414 2562 2483 qui
2595 2415 2859 2479 seminat,
2892 2423 2950 2470 et
2986 2415 3123 2471 alius
3151 2415 3241 2486 qui
3276 2430 3384 2472 me-

1806 2507 1873 2561 tit
1901 2507 1947 2538 “
1987 2508 2039 2559 in
2070 2507 2317 2575 praesenti
2347 2506 2611 2561 orationis
2637 2516 2918 2563 contextu.

1794 2622 1799 2625 -
1874 2598 1966 2655 44.
1995 2599 2252 2667 Dicetqne
2300 2599 2545 2668 profecto
2584 2598 2910 2665 Heracleon,
2941 2607 2996 2655 et
3039 2614 3221 2656 secum
3268 2599 3380 2654 for-

1805 2694 1968 2748 tassis
2014 2693 2257 2747 sentiens
2311 2694 2452 2748 alius
2492 2693 2657 2748 etiam
2706 2692 3129 2761 ecclesiasticus,
3154 2703 3380 2764 propter

1803 2785 1945 2840 hanc
1968 2785 2380 2852 expositionem,
2411 2785 2525 2839 lucc
2554 2784 2720 2839 verba
2746 2786 2888 2840 dicta
2924 2784 3093 2841 fuisse
3120 2786 3177 2839 in
3209 2801 3273 2840 ea
3303 2786 3377 2841 si-

1800 2876 2150 2948 gniﬁcatione
2180 2891 2283 2945 qua
2319 2876 2524 2930 dictum
2555 2886 2701 2930 estzt
2723 2878 2909 2933 Messis
2936 2877 3151 2947 quidem
3182 2878 3375 2941 multa,

1798 2967 2036 3036 operarii
2086 2976 2267 3022 autem
2331 2969 2489 3036 pauci
2528 2967 2595 3031 ⁸⁸,
2632 2985 2651 3018 ι
2674 2983 2739 3035 eo
2769 2971 2909 3035 quod
2932 2968 3107 3036 parati
3139 2968 3206 3021 ad
3234 2982 3375 3021 mes—

1800 3076 1934 3127 sem,
1963 3070 2017 3115 et
2046 3060 2223 3115 idonei
2250 3061 2342 3130 qui
2367 3059 2479 3127 jam
2509 3060 2836 3113 inducantur
2883 3059 2935 3113 in
2968 3059 3245 3125 horreum,
3265 3063 3374 3115 sint

1798 3154 1852 3207 in
1878 3153 2067 3223 requie
2108 3168 2204 3223 per
2236 3151 2419 3218 tidem,
2452 3160 2613 3220 atque
2646 3152 2824 3206 idonei
2852 3154 2918 3207 ad
2960 3154 3189 3209 salutem
3220 3162 3278 3209 et
3304 3155 3373 3209 ad

1792 3247 2188 3316 susceptionem
2225 3246 2374 3300 verbi
2425 3244 2567 3317 [Dei]
2601 3262 2615 3310 ;
2653 3245 2948 3300 secundum
2982 3245 3369 3302 lleracleonem

1793 3339 2035 3406 quidem.
2071 3338 2197 3408 quia
2252 3338 2390 3391 tales
2431 3338 2602 3391 creati
2635 3336 2860 3404 fuerint,
2892 3347 2948 3391 et
2975 3337 3133 3392 talem
3165 3337 3371 3392 habue-

1792 3431 1902 3485 rint
1934 3440 2181 3485 naturam
2213 3447 2227 3495 ;
2257 3430 2553 3485 secundum
2581 3429 3016 3484 ecclesiasticum
3060 3444 3211 3495 vero,
3242 3444 3369 3499 pro-

1789 3527 1913 3591 pter
1942 3522 2231 3591 quamdam
2256 3522 2566 3592 diligentem
2609 3522 3057 3591 praparationem
3089 3522 3209 3592 ejus
3237 3537 3363 3593 par-

1787 3611 1859 3666 tis
1888 3612 2084 3687 animae
2105 3626 2222 3680 qua:
2247 3612 2693 3682 praestantissima
2721 3621 2827 3679 est,
2868 3622 3074 3683 paratae
3090 3620 3145 3667 et
3184 3627 3367 3682 prom-

1787 3713 1894 3772 piae
1924 3704 1989 3757 ad
2021 3702 2409 3771 perfectionem
2429 3742 2445 3768 ,
2476 3693 2536 3755 ut
2564 3717 2633 3756 ne
2664 3701 2828 3757 etiam
2870 3709 3122 3757 metatur.
3151 3700 3259 3756 Sed
3285 3702 3367 3756 di-

1784 3795 2011 3849 cendum
2038 3805 2123 3848 est
2151 3794 2235 3848 his
2253 3795 2344 3863 qui
2374 3793 2521 3848 hunc
2541 3795 2593 3847 in
2624 3794 2839 3849 modum
2866 3800 3259 3863 exposuerunt,
3294 3807 3363 3846 an

1766 3886 1953 3940 'velint
1983 3886 2273 3940 admittere
2303 3899 2579 3953 nunquam
2618 3883 2816 3938 factam
2864 3883 3031 3939 fuisse
3074 3893 3200 3938 ante
3232 3881 3363 3937 Ser-

1783 3980 1988 4033 vatoris
2022 3979 2191 4033 nostri
2222 3979 2510 4034 adventuum
2550 3992 2783 4033 messem
2811 3978 3041 4032 similem
3074 3976 3169 4045 illi;
3197 3977 3360 4033 messi

1783 4084 1903 4139 quae
1921 4070 1999 4123 sic
2020 4070 2337 4137 sperabatur
2352 4084 2381 4122 a
2401 4067 2727 4138 temporibus
2745 4067 3070 4138 evangelicae
3095 4067 3360 4136 praedica-

1780 4162 1964 4217 tionis.
1990 4161 2122 4215 Nam
2144 4162 2210 4225 si,
2231 4163 2352 4230 quia
2374 4172 2494 4216 erat
2510 4163 2700 4217 messis
2720 4161 2911 4225 multa,
2930 4160 3087 4215 multi
3114 4160 3362 4216 credide-

1779 4262 2240 4322 runt,quanquam
2261 4253 2445 4321 paucis
2457 4253 2843 4307 exsistentibus
2860 4251 3127 4322 operariis
3143 4260 3360 4322 aposto-

1777 4344 1866 4411 lis,
1897 4347 2303 4415 comparatione
2335 4344 2692 4399 multitudinis
2720 4343 3359 4412 suscipientiumverbum

125 4421 293 4480 λευκαί
311 4430 413 4482 εἰσι
443 4430 583 4500 πρὸς
611 4428 864 4502 θερισμὸν
896 4431 1017 4503 ἤδη,
1058 4451 1077 4484 ι
1111 4431 1280 4497 οὐδεὶς
1311 4433 1418 4505 πρὸ
1442 4434 1540 4504 τῆς
1572 4451 1666 4487 σω-

1805 4438 1872 4492 )ei
1908 4452 1922 4501 ;
1960 4436 2042 4490 vel
2066 4446 2289 4505 propter
2316 4437 2442 4493 illud
2482 4456 2495 4490 :
2534 4455 2553 4488 ι
2578 4435 2770 4491 Videte
2801 4435 3050 4504 regiones
3069 4435 3178 4503 jam
3203 4434 3358 4490 albas

126 4518 337 4589 ματικῆς
364 4520 455 4573 τοῦ
488 4520 738 4591 Σωτῆρος
783 4522 939 4593 ἡμῶν
983 4522 1275 4595 ἐπιδημίας
1315 4525 1670 4592 πεπίστευκε,

92 4607 225 4665 ⁶ὁολλ’
248 4611 361 4666 οὐδέ
379 4613 570 4682 γέγονέ
595 4631 679 4678 τις
698 4615 1059 4669 πιστευόντων
1082 4617 1341 4688 ἐργάτης,
1364 4618 1499 4689 ὅπερ
1524 4618 1673 4672 ἐστὶν

121 4701 441 4759 ἀτοπώτατον
472 4705 722 4775 φάσκειν,
758 4706 1027 4779 Ἀϐραὰμ,
1055 4711 1150 4762 καὶ
1178 4710 1401 4777 Μωσέα,
1428 4709 1521 4763 καὶ
1544 4711 1671 4773 τοὺς

123 4794 384 4863 προφήτας
416 4796 553 4867 μήτε
581 4797 681 4866 τὴν
706 4796 814 4850 τῶν
844 4797 1090 4868 ἐργατῶν
1123 4799 1413 4870 ἐσχηκέναι
1460 4798 1667 4871 χώραν,

123 4885 243 4955 μήτε
269 4885 363 4957 τὴν
399 4887 508 4941 τῶν
542 4888 898 4960 θεριζομένων
924 4907 937 4921 ο
968 4890 1003 4962 ἢ
1023 4934 1036 4956 ,
1070 4890 1228 4962 εἴπερ
1273 4892 1368 4945 καὶ
1403 4891 1665 4964 πρότερον

119 4975 379 5043 γεγόνασιν
421 4980 649 5052 ἐργάται
690 4981 786 5034 καὶ
833 4981 1089 5052 θερισμὸς
1137 4981 1248 5054 (81)
1275 5022 1290 5047 ,
1325 4982 1477 5035 οὐδὲν
1525 4982 1666 5049 δόξει

119 5064 394 5134 παράδοξον
436 5071 466 5124 6
510 5070 1170 5145 Σωτὴρ-ἐπαγγέλλεσθαι
1212 5075 1326 5136 τοῖς
1376 5073 1666 5146 ἐπαίρουσι

178 5181 390 5240 “Joan.
438 5202 517 5253 ιν,
545 5188 632 5244 37.
710 5190 756 5223 ⁸⁵
792 5189 992 5259 Matth,
1031 5207 1107 5258 Ix,
1137 5192 1228 5248 37.
1301 5194 1349 5231 ⁸⁸
1375 5194 1530 5251 Joan.
1565 5213 1641 5264 tv,
1663 5196 1755 5254 '55.

178 5301 281 5374 (77)
307 5307 441 5369 Περὶ
465 5307 901 5387 τῆςᾼκαθόδου,
917 5323 1027 5368 etc.
1064 5314 1196 5370 Vide
1219 5315 1666 5387 Origenianorum

331 5368 621 5447 quaest."6,
668 5397 821 5438 num.
870 5368 930 5449 λ,
965 5392 1022 5439 et
1057 5368 1191 5441 tom.
1231 5368 1662 5456 ‘xx'iii”';i6a;2;

81 5504 282 5598 IDES)
315 5517 518 5598 Τούςφ.
552 5518 643 5598 §ic
669 5521 830 5598 codd.
863 5520 1191 5598 Bodltejanus
1218 5536 1272 5578 et
1294 5524 1657 5598 Barberinus;

121 5575 317 5666 lie'ghis,
339 5575 526 5666 ,τοῦτο
559 5588 724 5666 Paulo
757 5575 896 5666 post
913 5575 1431 5666 vinjodle‘iano—et—
1443 5575 1657 5654 aliis;

124 5651 227 5735 {inp
259 5651 549 5735 legitur}?
572 5660 649 5733 τῷ
678 5651 819 5716 κατὰ
841 5663 901 5717 τό
924 5680 947 5735 ογ
975 5664 1035 5717 '0
1081 5664 1337 5735 θερισμὸς
1382 5651 1586 5732 πολὺςξ
1607 5651 1655 5724 οἱ

121 5714 173 5770 δι
199 5714 415 5793 ἐργάται
437 5714 632 5800 amor,“
648 5714 1030 5806 σημαινομένῴ
1071 5714 1277 5805 ipsis;
1286 5714 1655 5809 ἶαῡὲἷέῗξπῖὶ

1779 4543 1900 4584 esse
1917 4530 1985 4582 ad
2012 4543 2244 4584 messem
2274 4529 2344 4594 ⁸⁵,
2358 4548 2378 4581 ι
2400 4528 2579 4583 nnllns
2596 4538 2723 4581 ante
2736 4527 3073 4597 corporalem
3104 4525 3359 4582 Servato-

1778 4620 1857 4674 ris
1877 4620 2048 4675 nostri
2073 4623 2359 4675 adventum
2381 4621 2632 4685 credidit,
2654 4634 2830 4690 neque
2847 4621 3010 4674 etiam
3036 4619 3358 4689 fuitaliquis

1776 4712 2058 4782 operarius
2090 4711 2426 4767 credentium
2446 4751 2461 4776 ,
2497 4713 2640 4780 quod
2667 4720 2752 4766 est
2789 4711 3231 4766 absurdissimum
3264 4709 3354 4764 di-

1775 4810 1891 4866 ctu,
1915 4801 1960 4856 si
1984 4801 2282 4866 Abraham,
2310 4810 2364 4857 et
2393 4801 2593 4867 Moses,
2627 4808 2683 4855 et
2719 4800 2994 4869 prophetae
3023 4812 3122 4853 nec
3158 4812 3353 4867 opera-

1773 4896 1999 4957 riorum,
2025 4909 2123 4948 nec
2151 4908 2339 4949 eorum
2379 4894 2473 4962 qui
2507 4901 2715 4947 metunt
2756 4892 2993 4946 habeant
3014 4890 3191 4946 locum
3216 4928 3234 4955 ,
3266 4889 3351 4944 vel

1773 4984 2011 5039 sietiam
2042 4992 2204 5038 antea
2233 4982 2387 5037 fuere
2411 4982 2680 5052 operarii,
2708 4980 2917 5050 fuitque
2963 4982 3177 5046 messis,
3212 4981 3348 5035 nihil

1772 5075 2096 5132 admirabile
2119 5076 2394 5133 videbitur
2416 5074 2758 5132 Servatorem
2777 5076 3099 5132 annuntiare
3123 5075 3346 5130 elevan-

1766 5337 1877 5392 ται,
1902 5320 1979 5392 τῷ
2000 5320 2279 5392 ἑτοίμους,
2311 5328 2419 5392 etc.
2449 5320 2652 5392 Regius
2684 5328 2862 5392 autem
2891 5318 3059 5392 habet
3083 5316 3165 5369 ὅτι
3193 5314 3337 5370 κατὰ

1762 5388 1870 5443 τό(
1904 5388 1961 5445 ’0
1989 5388 2247 5514 θερισμὸς
2275 5391 2462 5471 πολὺς,
2492 5388 2623 5446 οίδέ
2657 5390 2884 5473 ἐργάται
2918 5388 3107 5456 ὀλίγοι,
3140 5402 3341 5459 σημαι-

1762 5461 2006 5514 νόμενον.
2033 5462 2137 5514 ὀαο
2162 5481 2237 5514 ως
2266 5479 2439 5514 ταυτα
2468 5462 2682 5514 είοτιται
2715 5479 2791 5514 τω
2823 5459 3090 5514 ἑτοίμους.
3119 5467 3228 5512 etc.

1761 5461 2006 5534 νόμενον,
2033 5459 2237 5534 ὅμοίως
2266 5461 2439 5534 ταῦτα
2468 5459 3090 5534 είρηταιζτῷηέτοίμους,
3119 5467 3228 5512 etc.

1832 5531 2146 5602 (79)·Ἦδη.
2190 5533 2351 5588 Deest
2373 5533 2433 5602 in
2471 5531 2660 5588 codice
2688 5532 3000 5602 Bodleiano.

1826 5596 1941 5673 (80)
1971 5596 2330 5657 Θεάόίασθαι.
2367 5601 2675 5673 Legendum
2706 5601 2920 5673 videtur
2944 5596 3231 5673 θεάσασθε.

1828 5667 1940 5743 (81)
1984 5672 2155 5744 Οᾉοιίά.
2187 5667 2511 5744 Bodleiauus
2548 5683 2605 5730 et
2647 5670 3002 5740 Barberinus,
3022 5667 3283 5744 θερισμός
3309 5682 3327 5700 ⁸

1756 5742 1975 5813 Regius,
2012 5742 2279 5815 θερισιιοί.
