3702 6142
296 292 400 347 m
1768 285 2092 344 ORIGENIS
3465 290 3561 344 tso

296 413 442 468 tibus
475 411 680 474 oculos,
711 421 774 465 ut
800 408 1020 463 videant
1051 406 1299 475 regiones
1323 406 1439 476 jam
1472 403 1621 458 albas
1666 418 1786 458 esse
1813 403 1879 456 ad

2058 404 2110 468 bc;
2138 402 2470 473 ὀφθαλμοὺς,
2490 401 2578 456 ἴνα
2599 400 2900 455 θεάσωνται
2925 399 3020 465 τὰς
3050 399 3252 471 χώρας,
3278 402 3365 455 ὅτι
3390 402 3565 460 λευκαί

297 518 554 558 messem.
591 503 664 557 Et
699 503 783 557 his
825 502 973 556 clare
1007 499 1240 569 perspici
1288 507 1467 567 potest
1508 496 1643 550 nihil
1689 510 1877 549 eorum

2058 512 2090 547 rt.
2121 495 2257 567 πρὸς
2285 493 2547 566 θερισμὸν
2578 494 2700 565 ήδη.
2750 493 2851 546 Ἑκι
2876 492 3081 546 τούτων
3114 493 3176 564 δὴ
3203 493 3431 548 δύναταί
3461 514 3565 562 πως

295 610 415 665 qua:
466 609 628 661 supra
686 593 949 656 diximus,
984 592 1086 646 huc
1121 591 1172 643 in
1225 589 1348 643 loco
1400 586 1625 655 intelligi
1659 587 1722 639 de
1751 599 1883 638 voce

296 666 508 739 messis.
533 684 638 739 Sed
667 699 843 754 neque
870 684 1013 753 quod
1041 682 1182 752 apud
1204 679 1520 749 Apostolum
1547 680 1598 732 in
1631 676 1738 731 alio
1766 677 1885 730 loco

295 777 793 841 consideravimus,
854 775 944 830 hic
995 774 1296 844 congruit,
1344 772 1616 827 dicentem
1664 785 1734 822 ει
1782 767 1884 835 Qui

297 883 463 939 parce
503 869 776 935 seminat,
805 882 968 936 parce
1004 876 1060 921 et
1093 874 1292 930 metet;
1331 872 1386 919 et
1432 864 1524 935 qui
1569 862 1802 917 seminat
1831 861 1884 915 in

297 960 772 1016 bianedictionibus
793 997 810 1024 ,
846 961 914 1015 de
962 957 1434 1014 benedictionibus
1482 966 1538 1011 et
1568 963 1736 1010 metet
1759 952 1828 1006 δ’.
1860 969 1881 1004 ι

373 1137 538 1209 256
573 1136 663 1191 45.
704 1136 1029 1204 Quaeramus
1074 1139 1233 1208 igitur
1273 1137 1559 1207 septimam
1616 1133 1890 1206 signiﬁca-

305 1231 504 1283 tionem
535 1233 951 1286 convenientem
988 1232 1073 1286 liis
1101 1246 1222 1301 quae
1258 1247 1422 1301 supra
1449 1231 1804 1286 disseruimus
1832 1229 1887 1281 in

303 1321 486 1375 illud:
529 1340 548 1373 ι
615 1321 804 1377 Nonne
837 1336 933 1377 vos
988 1323 1190 1387 dicitis,
1239 1323 1383 1392 quod
1432 1322 1611 1377 adhuc
1659 1330 1891 1391 quatuor

302 1429 520 1470 menses
548 1422 696 1479 sunt,
726 1424 783 1470 et
822 1416 1013 1470 messis
1041 1415 1186 1471 venit
1215 1415 1238 1468 ’ἓ
1276 1435 1294 1467 ι
1327 1424 1383 1470 et
1418 1415 1470 1468 in
1501 1415 1603 1469 hoc
1631 1430 1646 1468 :
1694 1433 1713 1466 ι
1751 1413 1891 1469 Ecce

301 1507 423 1562 dico
450 1508 605 1563 vobis
635 1526 649 1563 :
694 1507 891 1563 Levate
933 1508 1121 1563 oculos
1153 1517 1386 1574 vestros,
1410 1518 1465 1563 et
1502 1507 1680 1562 videte
1716 1508 1892 1578 regio-

303 1614 402 1654 nes
441 1599 552 1669 jam
589 1599 740 1654 albas
785 1613 907 1655 esse
945 1600 1013 1655 ad
1062 1615 1290 1655 messem
1331 1621 1343 1656 :
1388 1617 1408 1651 ι
1465 1598 1645 1670 sitque
1698 1598 1893 1653 messis

303 1691 461 1746 nobis
513 1692 670 1756 ratio,
720 1692 836 1748 sive
892 1692 1071 1748 oratiu
1131 1702 1356 1763 aperta,
1391 1692 1457 1747 de
1502 1692 1892 1762 perspicuitate

1985 583 2125 643 εἶναι
2169 588 2359 658 σαφές,
2393 590 2475 642 ὅτι
2510 587 2665 640 οὐδὲν
2708 585 2817 640 τῶν
2849 584 3265 657 προειρημένων
3321 588 3465 640 ἐστὶν
3490 589 3566 641 ἐν-

1987 679 2113 734 θάδε
2162 679 2449 751 νοούμενον
2495 678 2637 733 κατὰ
2679 679 2771 732 τὸν
2815 677 3095 751 θερισμόν.
3147 677 3287 730 Ἀλλ’
3355 678 3474 731 οὑδέ
3518 682 3569 732 τὸ

1988 775 2140 846 παρὰ
2184 772 2263 845 τῷ
2311 772 2619 845 Ἀποστόλῳ
2664 776 2722 826 ἐν
2776 771 2920 843 ἄλλῳ
2961 771 3111 842 τόπῳ
3157 770 3354 842 νοηθὲν
3399 771 3571 825 ἐνθάδε

1985 865 2291 938 ἐφαρμόσει
2323 864 2565 934 λέγοντι·
2613 884 2631 917 ι
2656 866 2713 918 ’0
2748 864 2988 936 σπείρων
3029 863 3367 934 φειδομένως
3409 864 3572 934 φειδο-

1991 958 2170 1029 μένως
2193 959 2286 1012 καὶ
2312 957 2519 1030 θερίσει
2539 974 2553 987 ο
2587 957 2680 1010 καὶ
2708 959 2738 1010 6
2783 956 3021 1029 σπείρων
3053 958 3140 1009 ἐπ’
3175 957 3455 1026 εὐλογίαις
3499 953 3573 1009 ἐπ’

1988 1051 2261 1118 εὐλογίαις
2284 1050 2376 1104 καὶ
2405 1049 2628 1121 θερίσει.
2643 1069 2662 1100 ι

2062 1144 2152 1199 45.
2167 1143 2340 1216 Ζητοῦ
2350 1162 2447 1215 μεν
2471 1140 2563 1198 οὖν
2586 1144 2810 1214 ἕϐδομον
2826 1142 3226 1214 σημαινόμενον
3244 1140 3573 1213 κατάλληλον

1988 1240 2100 1301 τοῖς
2132 1236 2651 1309 προαποδεδομένοις
2697 1237 2776 1299 εἰς
2820 1234 2879 1287 τό
2902 1251 2915 1263 ’
2956 1253 2974 1284 ι
3005 1235 3117 1304 Οὐχ
3161 1234 3328 1306 ὑμεῖς
3377 1232 3571 1301 λέγετε,

1989 1329 2073 1381 ὅτι
2102 1328 2441 1399 τετράμηνός
2472 1329 2612 1391 ἐστι,
2644 1326 2739 1380 καὶ
2784 1327 2812 1378 ὁ
2846 1325 3105 1397 θερισμὸς
3132 1324 3405 1397 ἔρχεται;
3442 1344 3462 1376 ι
3492 1325 3572 1377 καὶ

1990 1422 2070 1484 είς
2098 1420 2159 1473 τό
2181 1436 2194 1448 ·
2237 1439 2254 1470 ι
2280 1420 2410 1472 Ἰδοὺ
2440 1419 2583 1487 λέγω
2606 1420 2732 1489 ὑμῖν
2752 1436 2766 1448 ο
2809 1416 3081 1489 Ἐπάρατε
3110 1417 3235 1479 τοὺς
3269 1413 3572 1489 ὀφθαλμοὺς

1991 1510 2168 1583 ὑμῶν,
2198 1510 2293 1564 καὶ
2315 1510 2584 1565 θεάσασθε
2613 1511 2712 1575 τὰς
2749 1509 2955 1582 χώρας,
2984 1509 3067 1562 ὅτι
3096 1507 3288 1562 λευκαί
3316 1510 3427 1561 εἰσι
3452 1507 3572 1579 πρὸς

1993 1602 2251 1678 θερισμὸν
2276 1602 2397 1675 ἤδη.
2437 1620 2454 1653 ι
2497 1603 2554 1656 '0
2579 1603 2645 1674 δὴ
2680 1603 2808 1674 περὶ
2839 1602 2938 1673 τῆς
2973 1599 3273 1672 σαφηνείας
3300 1599 3415 1652 τῶν
3448 1600 3482 1651 Γ
3490 1616 3573 1669 ραι

1994 1697 2111 1767 φῶν
2140 1695 2341 1768 τρανὴς
2382 1695 2564 1767 λόγος⁹
2600 1695 2634 1767 ἢ
2671 1698 2700 1749 ὁ
2736 1695 2864 1766 περὶ
2906 1694 3001 1747 τοῦ
3023 1733 3039 1758 ,
3070 1693 3184 1757 πῶς
3219 1692 3405 1745 πάντα
3436 1693 3529 1745 ὅσα
3550 1697 3574 1745 ὀ

304 1781 709 1852 Scripturarum
727 1784 917 1855 (veluti
936 1788 1206 1854 quomodo
1233 1786 1415 1839 omnia
1437 1799 1555 1854 quae
1581 1783 1709 1838 fecit
1727 1785 1888 1846 Deus,

2058 1789 2126 1851 ιὸς
2162 1788 2385 1858 ἐποίησε
2425 1786 2563 1840 καλὰ
2608 1785 2724 1840 λίαν
2749 1828 2764 1847 ,
2800 1788 3017 1858 εζὶηται
3060 1787 3188 1857 ἡμῖν
3227 1787 3257 1839 ὁ
3305 1783 3572 1856 θερισμὸς,

302 1878 417 1930 sint
454 1875 612 1931 valde
647 1876 789 1931 bona
816 1874 904 1946 ⁸⁸),
939 1892 1102 1946 quam
1150 1892 1379 1931 messem
1413 1877 1505 1945 qui
1540 1876 1712 1939 metit,
1753 1875 1892 1930 duos

304 1970 510 2026 fructus
545 1971 783 2025 metendi
817 1970 1022 2037 habet;
1062 1969 1320 2033 alterum,
1347 1969 1493 2038 quod
1528 1968 1722 2038 accipit
1753 1984 1893 2021 mer-

303 2065 533 2127 cedem;
573 2063 838 2128 aiterum,
893 2063 1037 2140 qnqd
1080 2061 1286 2132 colligit
1335 2061 1571 2116 fructum
1618 2061 1670 2114 in
1723 2059 1889 2114 vitam

304 2167 564 2211 aeternam
590 2156 658 2210 ⁸⁸.
705 2156 770 2210 Et
808 2156 1047 2211 arbitror
1078 2169 1174 2224 per
1202 2170 1298 2210 eas
1327 2153 1745 2224 promissiones,
1771 2167 1892 2222 quae

305 2256 491 2316 postea
542 2245 739 2300 tutum
790 2245 1140 2316 sunt,.juxta
1175 2246 1229 2300 id
1265 2245 1410 2316 quod
1447 2245 1710 2314 scriptum
1757 2255 1835 2299 est
1873 2258 1887 2296 :

310 2358 334 2391 ι
370 2339 512 2394 Ecce
558 2338 920 2405 Dominus,et
973 2355 1182 2395 merces
1209 2339 1326 2411 ejus
1356 2341 1409 2393 in
1455 2353 1615 2392 manu
1660 2336 1798 2405 ejus,
1835 2348 1893 2390 nt

308 2433 498 2486 reddat
531 2432 823 2501 unicuique
848 2431 1145 2487 secundum
1185 2446 1249 2487 ea
1290 2445 1412 2500 quae
1433 2430 1665 2501 gesserit
1687 2431 1733 2463 9°
1757 2450 1777 2482 ι
1810 2431 1894 2483 di-

308 2535 457 2582 ctum
496 2524 683 2589 fuisse,
715 2543 734 2576 ι
761 2525 1064 2581 mercedem
1089 2526 1287 2594 accipit
1315 2523 1364 2555 ἰ
1394 2540 1409 2589 ;
1451 2543 1470 2576 ι
1508 2533 1733 2593 prepter
1767 2539 1892 2594 pro-

311 2620 614 2674 venientem
644 2630 823 2674 autem
853 2636 922 2674 ex
951 2621 1064 2689 ipsa
1094 2618 1405 2690 cognitione
1437 2618 1753 2682 utilitatem,
1773 2632 1895 2687 quae

309 2724 381 2763 ex
401 2712 782 2766 se-secundnm
805 2722 1055 2766 naturam
1078 2712 1131 2766 in
1166 2720 1350 2766 mente
1380 2711 1538 2775 inest,
1557 2710 1715 2765 etiam
1738 2711 1788 2764 in
1810 2727 1893 2764 ra,

311 2801 492 2854 tionali
543 2811 735 2856 natura
798 2817 898 2857 cen
957 2803 1231 2874 egregium
1276 2803 1529 2872 quiddam
1570 2812 1622 2856 et
1684 2801 1895 2872 insigne

310 2893 604 2957 exsistens,
625 2895 789 2947 etiam
822 2902 1018 2963 praeter
1048 2894 1441 2963 prumissiones
1474 2909 1596 2964 quae
1624 2895 1743 2948 aliae
1770 2902 1896 2947 sunt

310 2984 379 3037 ab
414 2982 569 3052 ipsis,
605 2984 870 3055 scriptum
902 2983 1071 3055 fuisse
1100 3003 1113 3038 :
1154 3003 1172 3036 ι
1200 2984 1410 3055 Colligit
1459 2984 1695 3039 fructum
1734 2985 1787 3039 in
1814 2983 1895 3037 vi-

311 3081 419 3129 tam
453 3078 780 3131 aeternam"
807 3095 822 3144 ;
850 3096 869 3129 ι
909 3094 1031 3147 quae
1071 3091 1157 3133 res
1188 3078 1506 3133 beneﬁcium
1538 3079 1807 3148 quoddam
1839 3087 1895 3131 et

1991 1881 2171 1934 ὅντινα
2199 1882 2228 1932 ὁ
2253 1877 2480 1949 θερίζων
2517 1879 2611 1932 δύο
2641 1891 2885 1951 καρποὺς
2919 1878 3012 1932 τοῦ
3045 1876 3285 1950 θερίζειν
3315 1877 3430 1947 ἔχει
3452 1895 3464 1905 ·
3492 1877 3574 1929 ἕνα

1997 1970 2117 2041 μὲν,
2138 1970 2220 2022 ὅτι
2248 1968 2520 2039 λαμϐάνει
2547 1969 2758 2039 μισθὸν,
2781 1968 2968 2040 ἕτερον
2994 1967 3049 2020 δὲ
3076 1969 3158 2021 ὃτι
3193 1966 3426 2034 συνάγει
3450 1984 3572 2038 καρο

1994 2062 2093 2115 πὺν
2121 2065 2202 2125 είς
2230 2059 2376 2133 ζωὴν
2408 2058 2646 2114 αἰώνιον.
2683 2061 2794 2114 Καὶ
2819 2057 3024 2131 νομίζω
3058 2059 3145 2113 διὰ
3180 2060 3284 2130 μὲν
3324 2061 3426 2123 τάς
3455 2059 3573 2129 μετὰ

1994 2155 2170 2209 ταῦτα
2201 2155 2537 2224 ἐπαγγελίας
2575 2155 2841 2225 ἐσομένας
2892 2153 3036 2208 κατὰ
3072 2153 3140 2207 τά
3173 2153 3569 2223 γεγραμμένα·

1999 2267 2019 2300 ι
2041 2248 2173 2301 Ἰδοὺ
2196 2246 2421 2319 Κύριος,
2454 2247 2549 2300 καὶ
2574 2249 2602 2299 ὁ
2638 2247 2829 2318 μισθὸς
2855 2246 3022 2301 αὐτοῦ
3048 2249 3107 2298 ἐν
3130 2250 3199 2318 τῇ
3222 2248 3378 2319 χειρὶ
3402 2246 3571 2309 αὐτοῦ,

1993 2340 2289 2394 ἀποδοῦναι
2315 2339 2531 2409 ἑκάστῳ
2562 2339 2703 2393 κατὰ
2732 2339 2795 2393 τὸ
2834 2339 2993 2411 ἔργον
3018 2337 3185 2392 αὑτοῦ
3211 2378 3226 2403 ,
3274 2358 3299 2389 ι
3338 2339 3572 2410 εἰρῆσθαι

1997 2434 2058 2487 τό
2082 2451 2094 2463 ·
2129 2454 2146 2485 ι
2176 2433 2382 2488 Μισθὺν
2420 2433 2686 2504 λαμϐάνει
2707 2451 2720 2463 ·
2761 2453 2779 2484 ι
2812 2432 2901 2485 διὰ
2939 2431 2995 2485 δὲ
3024 2431 3121 2504 τὴν
3150 2433 3253 2486 ἀπ’
3279 2433 3457 2502 αὐτῆς
3488 2432 3571 2500 τῆς

1994 2526 2225 2598 θεωρίας
2254 2525 2520 2595 ὠφέλειαν
2539 2566 2554 2589 ,
2586 2523 2809 2577 αὐτόθεν
2842 2522 2981 2576 κατὰ
3009 2523 3169 2592 φύσιν
3195 2520 3369 2577 οὖσαν
3394 2522 3469 2594 τῷ
3488 2524 3571 2593 νῷ,

1993 2620 2088 2672 καὶ
2120 2621 2186 2691 τῇ
2221 2619 2410 2690 λογικῇ
2442 2617 2600 2688 φύσει
2626 2617 2737 2689 (82)
2756 2615 3031 2689 ἐξαίρετον
3062 2618 3468 2687 τυγχάνουσαν,
3494 2616 3573 2669 καὶ

1994 2711 2163 2783 χωρὶς
2209 2711 2411 2782 ἐτέρων
2444 2710 2596 2782 παρὰ
2638 2708 2843 2780 ταύτην
2885 2708 3228 2776 ἐπαγγελιῶν
3274 2707 3573 2780 γεγράφθαι

1994 2804 2055 2857 τό
2080 2822 2093 2834 ·
2131 2823 2148 2855 ι
2191 2804 2420 2872 Συνάγει
2445 2802 2656 2876 καρπὸν
2700 2804 2781 2866 εἰς
2806 2801 2952 2872 ζωὴν
2976 2800 3191 2855 αἰώνιον
3210 2818 3225 2830 ·
3272 2821 3293 2853 ι
3333 2803 3471 2873 ὅπερ
3493 2801 3572 2853 εὖ·

1973 2893 2225 2950 ’παθειάν
2276 2913 2398 2949 τινα
2442 2894 2536 2949 τοῦ
2573 2892 2901 2965 ἡγεμονικοῦ
2932 2893 3132 2965 δηλοῖ,
3162 2894 3241 2958 ὡς
3284 2895 3384 2949 καὶ
3428 2896 3483 2947 ἐν
3507 2891 3574 2963 si]:

1993 2989 2162 3063 τρίτῳ
2194 2987 2302 3043 τῶν
2392 2989 2783 3061 Στρωματέων
2844 2988 3273 3059 παρεστήσαμεν
3299 2986 3573 3058 διηγούμε-

1995 3079 2194 3132 νοιτόο
2249 3098 2269 3129 ι
2308 3079 2365 3132 '0
2397 3079 2588 3152 Πατήρ
2624 3095 2741 3142 σου,
2785 3080 2815 3131 6
2859 3077 3071 3147 βλέπων
3110 3079 3170 3132 ἐν
3210 3078 3293 3151 τῷ
3338 3077 3571 3152 κρυπτῷ,

311 3167 657 3222 commodum
687 3165 782 3221 τοῦ
828 3169 1160 3241 ἡγεμονικοῦ
1208 3169 1347 3243 [sive
1392 3172 1590 3227 mentis
1619 3169 1896 3240 principa-

2058 3168 2269 3223 τοδιῦσει
2296 3186 2377 3222 σοι
2408 3171 2467 3222 ἐν
2607 3169 2826 3242 φανερῷ
2851 3169 2981 3243 (85).
3003 3189 3020 3222 ι

312 3262 426 3335 lis],
460 3264 725 3330 ostendit,
767 3266 1222 3335 quemadmodum
1258 3267 1312 3321 in
1357 3269 1520 3323 tertio
1568 3266 1876 3322 Stromaton
1924 3266 2061 3322 libro
2108 3264 2479 3335 exposuimus,
2517 3278 2836 3321 enarrantes
2881 3267 3083 3322 dictum
3128 3265 3258 3320 illud
3296 3283 3313 3319 :
3366 3284 3388 3318 σ
3429 3265 3572 3321 Pales

313 3368 460 3424 tuus,
493 3359 586 3429 qui
617 3359 765 3415 videt
789 3361 841 3414 in
865 3360 1205 3428 abscondito,
1239 3362 1429 3417 reddet
1451 3362 1544 3417 tibi
1576 3364 1627 3417 in
1661 3362 2030 3418 manifesto”.
2080 3382 2099 3414 ι

381 3453 471 3513 46.
502 3455 802 3512 Beracleon
844 3457 950 3512 dici
982 3458 1293 3522 exiSIimat,
1328 3477 1347 3511 ι
1375 3460 1467 3530 qui
1499 3459 1671 3525 metit,
1696 3474 1906 3514 merce-

312 3548 432 3602 dem
487 3548 717 3620 accipit,
751 3568 772 3602 ι
824 3551 1087 3619 quoniam
1139 3549 1404 3605 Servatur
1449 3553 1688 3619 seipsum
1750 3551 1898 3606 dicat

313 3655 631 3708 messorem,
666 3643 1084 3710 mercedemque
1111 3642 1322 3698 Domini
1353 3644 1526 3699 nostri
1562 3658 1682 3699 esse
1711 3644 1899 3700 existi-

314 3743 424 3786 mat
460 3750 648 3789 eorum
695 3735 786 3805 qui
834 3744 1060 3800 metunt,
1102 3734 1333 3790 salutem
1374 3745 1430 3790 et
1472 3736 1895 3801 restitutionem,

312 3839 380 3879 eo
409 3826 550 3893 quod
583 3827 696 3895 ipse
724 3829 774 3880 in
809 3826 890 3882 eis
919 3828 1258 3895 requiescat;
1300 3826 1355 3881 in
1396 3827 1482 3882 liis
1529 3842 1658 3883 vero
1692 3829 1895 3891 verbis,

318 3941 337 3972 ι
372 3932 427 3976 et
461 3922 692 3977 fructum
733 3923 943 3995 colligit
973 3924 1027 3979 in
1074 3923 1238 3976 vitam
1273 3932 1554 3993 :eternam,
1597 3943 1616 3973 ι
1661 3922 1893 3978 fructum

313 4015 518 4069 dictum
551 4012 721 4071 fuisse
748 4016 1050 4079 existimat,
1080 4017 1161 4068 vel
1194 4015 1318 4084 quia
1368 4014 1420 4071 id
1449 4015 1592 4086 quod
1621 4014 1897 4084 colligitur

316 4105 528 4162 fructus
587 4107 662 4163 sit
706 4109 834 4163 vitae
872 4117 1124 4172 aeternae,
1166 4108 1251 4162 vel
1304 4107 1430 4176 quia
1475 4108 1589 4176 ipsa
1648 4107 1897 4163 collectio

315 4197 424 4252 vita
446 4199 608 4253 etiam
640 4207 843 4254 aeterna
867 4210 969 4254 est.
1009 4201 1080 4254 At
1114 4215 1238 4255 reor
1274 4199 1377 4253 hoc
1419 4200 1472 4254 in
1505 4198 1624 4255 loco
1652 4207 1895 4255 coactam

315 4304 439 4344 esse
491 4290 636 4345 illius
680 4291 1186 4360 interpretationem
1214 4332 1230 4358 ,
1273 4292 1504 4346 dicentis
1548 4292 1892 4346 Servatorem

316 4381 565 4452 accipere
625 4384 955 4448 mercedem,
989 4393 1044 4437 et
1093 4383 1476 4438 confundentis
1508 4381 1813 4436 mercedem
1842 4390 1898 4436 et

317 4471 693 4529 collectionem
750 4474 962 4530 fructus
990 4475 1045 4529 in
1079 4491 1269 4539 unum,
1309 4474 1598 4528 manifeste
1644 4474 1779 4527 duas
1808 4487 1897 4527 res

317 4562 601 4633 Scriptura
636 4566 691 4620 in
732 4567 909 4623 medio
943 4576 1199 4636 patiente,
1233 4575 1295 4619 nt
1328 4579 1491 4634 supra
1535 4564 1893 4619 ostendimus.

317 4655 676 4722 Quamobrem
708 4662 751 4715 si
797 4662 1028 4717 assecuti
1067 4660 1267 4715 luimus
1311 4659 1670 4714 elevationem
1707 4657 1897 4714 oculo-

2068 3458 2156 3513 46.
2191 3460 2249 3514 Ὀ
2276 3459 2334 3514 δέ
2361 3458 2674 3531 ’Πρακλέων
2696 3457 2759 3511 τό
2782 3474 2794 3488 ·
2834 3477 2853 3509 ι
2876 3459 2934 3512 '0
2960 3457 3192 3530 θερίζων
3224 3457 3424 3529 μισθὸν
3449 3457 3571 3528 λαμ-

1998 3551 2173 3618 ϐάνει,
2211 3573 2228 3604 ι
2263 3552 2512 3626 εἰρῆσθαι
2553 3553 2763 3624 νομίζει
2786 3593 2801 3616 ,
2836 3553 2959 3606 ἐπεὶ
2992 3551 3249 3623 θεριστὴν
3276 3551 3469 3605 ἑαυτὸν
3494 3550 3570 3603 λέ-

1997 3662 2084 3715 γει
2106 3649 2135 3700 ὁ
2164 3648 2382 3719 Σωτὴρ,
2416 3649 2509 3700 καὶ
2534 3648 2625 3701 τὸν
2659 3646 2855 3718 μισθὸν
2893 3645 2986 3699 τοῦ
3017 3645 3227 3718 Κυρίου
3260 3646 3424 3717 ἡμῶν
3451 3646 3569 3699 ὐπο-

1996 3737 2261 3809 λαμϐάνει
2299 3735 2439 3793 εἶναι
2470 3738 2569 3810 τὴν
2616 3737 2725 3791 τῶν
2759 3736 3123 3809 θεριζομένων
3170 3738 3454 3809 σωτηρίαν
3490 3737 3570 3789 καὶ

1996 3828 2440 3882 ἀποκατάστασιν
2472 3827 2550 3899 τῷ
2573 3827 2947 3882 ἀναπαύεσθαι
2977 3827 3142 3882 αὐτὸν
3165 3828 3255 3882 ἐπ’
3277 3830 3490 3892 αὐτοῖς·
3516 3827 3567 3879 τὺ

1995 3920 2051 3973 δέ
2073 3936 2087 3949 ο
2123 3939 2141 3971 ι
2182 3921 2292 3974 Καὶ
2326 3920 2546 3988 συνάγει
2573 3920 2785 3992 καρπὸν
2825 3922 2905 3984 εἰς
2950 3920 3096 3992 ζωὴν
3122 3918 3369 3984 αἰώνιον,
3406 3940 3425 3972 ι
3454 3937 3570 3990 καρ-

1997 4012 2100 4067 πὸν
2124 4012 2375 4083 εἰρῆσθαί
2399 4029 2565 4085 φησιν
2588 4012 2700 4084 (84)
2723 4055 2739 4079 ,
2777 4013 2809 4086 ἢ
2842 4013 2925 4066 ὅτι
2957 4012 3019 4065 τὸ
3049 4013 3421 4084 συναγόμενον
3446 4029 3569 4084 καρ-

1998 4105 2099 4159 πὸς
2130 4104 2277 4174 ζωῆς
2299 4104 2517 4158 αἰωνίου
2538 4104 2707 4168 ἐστὶν,
2729 4103 2757 4156 ὃ
2785 4104 2876 4157 καὶ
2904 4102 3166 4174 αὐτὸ(85)
3198 4104 3315 4175 ζωὴ
3345 4102 3564 4165 αἰώνιος.

2009 4194 2168 4248 Ἀλλὰ
2198 4194 2420 4248 αὐτόθεν
2454 4194 2658 4266 νομίζω
2691 4195 2864 4266 βίαιον
2902 4191 3041 4249 εἶναι
3067 4194 3168 4267 τὴν
3195 4194 3454 4267 διήγησιν
3476 4194 3565 4247 αὐ-

1996 4285 2121 4351 τοῦ,
2154 4287 2453 4356 φάσκοντος
2488 4286 2580 4340 τὸν
2612 4287 2842 4359 Σωτῆρα
2891 4286 3082 4358 μισθὸν
3125 4286 3455 4360 λαμϐάνειν,
3485 4285 3568 4340 καὶ

1999 4379 2319 4450 συγχέοντος
2344 4378 2435 4432 τὸν
2466 4376 2657 4449 μισθὸν
2690 4380 2785 4432 καὶ
2817 4379 2916 4450 τὴν
2952 4379 3279 4451 συναγωγὴν
3308 4377 3406 4432 τοῦ
3448 4394 3566 4447 καρ-

1997 4472 2100 4525 ποῦ
2126 4473 2204 4535 εἰς
2232 4472 2312 4531 ἐν.
2329 4471 2586 4545 ἄντικρυς
2601 4474 2700 4544 τῆς
2729 4472 2949 4545 Γραφῆς
2974 4471 3067 4525 δύο
3090 4472 3399 4545 πράγματα
3420 4488 3566 4543 παρι-

1998 4564 2227 4635 στάσης,
2254 4563 2331 4627 ὡς
2359 4564 2873 4636 προδιηγησάμεθα.
2902 4565 2966 4617 Εἰ
2994 4565 3173 4618 τοίνυν
3196 4565 3563 4619 ἐπιτέτευκται

1995 4660 2186 4729 ἡμῖνή
2230 4656 2459 4730 ἔπαρσις
2491 4656 2600 4712 τῶν
2640 4656 3015 4712 άποστολικῶν
3059 4656 3391 4728 ὀφθαλμῶν,
3424 4657 3562 4726 καὶὴ

320 4768 436 4806 rum
466 4754 904 4823 apostolicorum,
940 4756 1316 4824 visionemque
1361 4752 1642 4823 regionum
1682 4749 1796 4819 jam
1826 4749 1893 4803 ad

2058 4769 2098 4806 α
2122 4749 2232 4805 τῶν
2266 4750 2459 4823 χωρῶν
2501 4749 2711 4803 λευκῶν
2749 4749 2851 4821 ἠδη
2892 4749 3031 4821 πρὸς
3079 4750 3345 4822 θερισμὸν
3384 4747 3560 4809 οὐσῶν,

319 4862 549 4901 messeni
583 4848 848 4915 albarum,
876 4850 1066 4905 eodem
1097 4849 1257 4905 modo
1280 4855 1533 4902 accurate
1559 4845 1896 4914 inquiramus

319 4948 534 5009 oportet
573 4940 700 5008 quid
725 4941 923 4996 sithoc
962 4942 1213 5003 dictum;
1260 4958 1280 4993 ι
1321 4939 1391 4996 Ut
1429 4939 1520 5009 qui
1548 4936 1799 5000 seminat,
1824 4935 1901 4990 si-

321 5032 429 5086 mul
456 5032 708 5102 gaudeat,
733 5042 785 5085 et
802 5033 891 5101 qui
918 5035 1072 5088 metit
1092 5034 1160 5088 ⁹⁴⁵.
1181 5053 1199 5084 ι
1229 5032 1492 5087 Existimo
1514 5029 1677 5100 igitur
1695 5043 1817 5081 eum
1842 5028 1896 5080 in

319 5125 463 5180 omni
494 5136 632 5190 arte,
658 5134 711 5181 et
735 5125 982 5192 scientia,
1005 5140 1126 5196 quae
1157 5125 1400 5195 pluribus
1436 5120 1898 5191 speculationibus

320 5227 549 5281 constet,
605 5217 918 5284 seminare,
976 5217 1069 5288 qui
1124 5215 1389 5285 principia
1441 5213 1719 5280 inveniat;
1776 5226 1897 5280 qua:

384 5336 430 5367 ⁸⁷
460 5337 501 5391 ll
530 5338 655 5391 Cor.
692 5355 744 5393 ix
771 5378 787 5403 ,
821 5338 876 5394 6.
951 5339 1000 5371 ⁸⁸
1030 5338 1165 5395 Gen.
1209 5353 1250 5402 ι,
1290 5337 1380 5392 51.
1451 5335 1499 5369 ⁸⁸
1522 5332 1681 5390 Joan.
1708 5350 1784 5402 tv,
1815 5334 1896 5390 56.

2058 5335 2160 5391 Isa.
2201 5350 2291 5402 XL,
2315 5333 2418 5399 ΛΟ.
2496 5334 2539 5366 ⁰¹
2566 5332 2723 5388 Joan.
2751 5347 2823 5399 Iv,
2858 5332 2945 5387 36.

323 5422 395 5474 vi,
424 5408 481 5462 4.
552 5411 599 5442 ⁸⁸
621 5410 781 5466 Joan.
818 5425 891 5475 tv,
918 5409 1013 5465 56.

390 5548 504 5619 (82)
538 5552 648 5605 Vox
682 5554 843 5622 φύσει
874 5554 1076 5609 excidit
1116 5569 1147 5607 e
1178 5552 1336 5607 codd.
1367 5551 1538 5621 Regio
1585 5558 1634 5603 et
1689 5548 1883 5605 Barbt‘.‘

328 5630 480 5678 ιίιιος
509 5636 566 5673 se
590 5629 601 5672 l
636 5626 942 5679 restituitur
963 5642 993 5678 θ
1025 5623 1340 5677 Bodleiano.
1508 5649 1515 5656 ι

396 5685 508 5764 (εὖ)
554 5691 751 5764 Ἐνίτῷ
779 5694 1035 5763 φανεμῖ).
1075 5694 1227 5747 Deest
1266 5693 1316 5746 in
1348 5694 1505 5749 codd.
1533 5690 1833 5745 Barbcrino
1851 5697 1905 5743 et

331 5753 496 5824 [legio
521 5773 534 5820 ;
582 5763 672 5814 sed
701 5753 895 5834 legitur
925 5753 994 5821 in
1026 5764 1343 5821 Bodleiano.

1997 4843 2100 4914 ἤδη
2149 4841 2456 4907 ἀκολούθως
2501 4841 2712 4905 τούτοις
2758 4841 3080 4907 ἐξεταστέον
3117 4840 3172 4894 τί
3229 4842 3328 4895 τόο
3369 4841 3563 4895 «Ἵναὸ

2000 4935 2242 5007 σπείρων
2273 4932 2410 5006 ὁμοῦ
2433 4934 2631 5007 χαίρῃ,
2664 4935 2759 4988 καὶ
2804 4936 2834 4988 6
2856 4933 3106 5005 θερίζων.
3144 4953 3163 4985 ι
3195 4930 3364 5005 Οἶμαι
3388 4933 3470 5006 δὴ,
3492 4933 3559 4986 ὄτι

2001 5026 2095 5080 ἐπὶ
2123 5027 2304 5097 πάσης
2344 5027 2443 5098 τῆς
2466 5027 2532 5078 ἐκ
2562 5026 2823 5079 πλειόνων
2865 5025 3241 5097 θεωρημάτων
3271 5028 3462 5098 τέχνης
3483 5023 3561 5077 καὶ

2003 5120 2331 5190 ἐπιστήμης,
2352 5116 2564 5190 σπείρει
2595 5118 2696 5189 μὲν
2726 5120 2754 5171 6
2784 5117 2881 5182 τάς
2906 5116 3082 5190 ἀρχὰς
3112 5118 3399 5189 εὑρίσκων,
3432 5117 3561 5170 ἄστι-

2002 5228 2100 5274 νας
2142 5211 2317 5282 ἕτεροι
2368 5210 2889 5282 παραλαμϐάνοντες
2908 5251 2924 5274 ,
2965 5212 3063 5266 καὶ
3095 5209 3560 5283 ἐπεξεργαζόμενοι

3026 5332 3073 5367 ’³
3107 5332 3243 5388 ibid.
3314 5332 3361 5365 ”
3385 5329 3557 5384 Matth.

2075 5547 2191 5617 (84)
2224 5544 2469 5614 Καρπὸγ
2493 5544 2772 5617 εἰρῆσθαί
2817 5557 3027 5617 φησιν.
3048 5536 3480 5617 ln_co_dd.__ﬂ_egio
3511 5540 3556 5587 et

2007 5608 2491 5672 Barberinn'deest
2519 5608 2755 5683 καρπόν.
2785 5608 2838 5665 ai
2872 5608 3073 5683 legatur
3108 5612 3163 5664 in
3192 5608 3493 5683 Bodleiano.

2081 5687 2196 5758 (85)
2235 5685 2462 5758 Ἔστιν,
2499 5683 2530 5737 ὃ
2553 5675 2679 5758 Δσὶαί
2710 5685 2878 5744 αὐτό.
2906 5675 3008 5738 εἷς.
3046 5679 3194 5752 Lego
3218 5694 3337 5736 cum
3377 5675 3552 5731 Fem-

1999 5755 2286 5820 rio‘éstiv,
2318 5756 2454 5826 ἢὸτι
2482 5755 2575 5810 καὶ
2608 5755 2771 5814 αὐτὸ,
2796 5762 2902 5808 etc.
