3702 6142
117 294 192 349 ιιι

1116 280 1474 340 COMMENT.
1509 280 1573 334 IN
1610 278 1803 335 JOAN.
1840 276 2077 337 TOMUS
2109 278 2250 337 Xlll.

3218 282 3327 339 482

115 413 270 477 αὑτὰς,
286 409 474 481 ἑτέροις
502 407 570 462 τά
600 406 707 461 ὑπὸ
733 405 914 461 αὑτῶν
938 406 1218 478 εὑρημένα
1234 405 1634 479 παραδιδόντες,

1806 404 1831 456 ii
1877 413 2218 459 assmnentes
2266 400 2646 470 curiosiusque
2700 414 2763 454 ea
2810 399 3201 465 examinantcs,
3244 402 3326 456 vi-

110 508 241 562 αίτιοι
267 502 322 570 ἐξ
345 496 414 556 ὧν
441 502 704 574 εὑρήκασι
740 501 979 570 γίνονται
1011 502 1123 563 τοῖς
1158 497 1637 571 μεταγενεστέροις

110 601 158 653 οὐ
185 593 427 666 δυνηθεῖσι
455 593 552 657 τάς
578 610 639 647 τε
670 592 849 664 ἀρχὰς
886 594 1099 664 εὑρεῖν,
1146 592 1242 644 καὶ
1266 591 1334 644 τά
1363 591 1487 661 ἑξῆς
1519 592 1639 642 ἐπι-

110 688 322 758 συνάψαι,
351 688 439 741 καὶ
470 686 532 740 τὸ
566 686 720 750 τέλος
761 670 869 738 τῶν
898 685 1104 756 τεχνῶν
1136 685 1232 738 καὶ
1263 683 1371 738 τῶν
1412 685 1636 755 ἐπιστη-

109 780 203 851 μῶν
230 776 474 832 ἐπιθεῖναι
498 816 513 838 ,
544 775 640 829 τοῦ
687 773 1188 847 συμπληρωθεισῶν
1228 774 1336 827 τῶν
1380 772 1636 826 τοιούτων

104 870 272 942 τεχνῶν
297 869 383 922 καὶ
419 866 734 938 ἐπιστημῶν
770 867 948 938 πλήρη
978 865 1069 919 τὸν
1101 864 1316 937 καρπὸν
1349 863 1425 928 ὡς
1453 865 1512 917 ὲν
1544 862 1635 916 θε-

106 959 253 1034 ρισμῷ
266 958 432 1015 αὐτῶν
449 957 737 1013 ἀναλαϐεῖν
761 975 775 988 ·
799 960 848 1011 εί
872 959 930 1012 δὲ
952 957 1114 1012 τοῦτο
1140 958 1233 1011 ἐπὶ
1254 956 1458 1027 τεχνῶν
1487 956 1636 1009 ἐστιν

101 1053 267 1125 ἀληθὲς
294 1052 378 1106 καί
418 1068 577 1106 τινων
614 1050 971 1122 ἐπιστημῶν,
1016 1052 1168 1123 πόσῳ
1203 1050 1365 1104 πλέον
1406 1050 1500 1103 ἐπὶ
1535 1049 1637 1120 τῆς

99 1149 261 1219 τέχνης
294 1146 397 1200 τῶν
429 1146 634 1219 τεχνῶν
682 1148 776 1202 καὶ
827 1148 1137 1220 ἐπιστήμης
1170 1146 1280 1200 τῶν
1315 1147 1635 1219 ἐπιστημῶν

101 1244 193 1296 ἔστι
227 1240 478 1306 συνιδεῖν;
507 1241 578 1294 τὰ
606 1240 712 1312 γάρ
750 1240 1045 1310 εὑρεθέντα
1077 1240 1183 1294 ὑπὸ
1215 1241 1325 1294 τῶν
1352 1240 1635 1312 προτέρων

99 1333 551 1405 ἐπξεργασάμενοι
590 1334 640 1386 οἱ
673 1335 789 1404 μετ’
830 1333 1029 1397 αὑτοὺς
1072 1330 1486 1405 παραδεδώκασι
1520 1335 1634 1397 τοῖς

96 1425 200 1495 ἑξῆς
225 1423 570 1488 ἐξεταστικῶς
601 1423 886 1496 προσιοῦσι
905 1426 1017 1487 τοῖς
1051 1422 1352 1485 εὑρεθεῖσιν
1379 1423 1634 1493 ἀφορμὰς

94 1517 171 1570 τοῦ
192 1516 246 1570 τὸ
297 1516 350 1570 ἓν
379 1514 539 1587 σῶμα
570 1515 671 1586 τῆς
695 1514 950 1586 ἀληθείας
985 1517 1120 1587 μετά
1144 1515 1336 1584 σοφίας
1363 1514 1632 1585 συναχθῆ-

95 1627 181 1665 ναι.
208 1608 578 1681 Πληρωθέντος
614 1608 679 1679 δὴ
711 1608 806 1662 τοῦ
843 1609 1044 1672 παντὸς
1096 1607 1258 1678 ἔργου
1303 1607 1403 1678 τῆς
1438 1608 1633 1678 τέχνης

94 1702 181 1755 τῶν
204 1701 390 1772 τεχνῶν
408 1738 424 1766 ,
451 1703 480 1755 ὁ
508 1700 749 1773 σπείρων
777 1699 914 1771 ὁμοῦ
943 1701 1158 1773 χαίρει,
1188 1701 1283 1754 καὶ⁴
1314 1701 1342 1753 ὁ
1383 1698 1630 1771 θερίζων,

91 1792 169 1847 τοῦ
188 1793 533 1865 ἀμειϐομένου
561 1793 698 1847 Θεοῦ
736 1795 817 1857 εἰς
850 1792 909 1846 ἓν
941 1793 1150 1856 πάντας
1178 1792 1332 1855 τέλος
1369 1790 1629 1861 συνάγον.

90 1903 179 1950 τος.
208 1888 335 1959 Ὅρα
364 1888 420 1940 δὲ
459 1888 509 1940 εί
548 1889 598 1940 οἱ
645 1887 743 1958 μὲν
793 1885 1109 1958 σπείροντές
1144 1885 1250 1939 εἱσι
1291 1885 1499 1956 Μωσῆς
1539 1883 1633 1937 καὶ

90 1979 327 2050 προφῆται
367 1980 678 2052 γράψαντες
717 1979 787 2034 τά
835 1979 971 2052 πρὸς
1007 1977 1289 2032 νουθεσίαν
1327 1977 1508 2048 ἡμῶν,
1551 1979 1633 2042 είς

88 2073 163 2135 οὓς
189 2072 251 2126 τά
272 2071 393 2144 τέλη
419 2071 529 2126 τῶν
553 2071 766 2125 αἰώνων
814 2072 1141 2142 κατήντησε,
1174 2070 1268 2123 καὶ
1299 2069 1633 2142 κηρύξαντες

87 2166 167 2237 τὴν
183 2164 403 2236 Χριστοῦ
431 2164 726 2236 ἐπιδημίαν
748 2183 761 2197 θ
789 2164 1103 2237 θερίσαντες
1131 2162 1187 2215 δὲ
1212 2163 1260 2215 oi
1294 2162 1385 2215 τὸν
1400 2162 1631 2232 Χριστὸν

86 2256 503 2328 παραδεξάμενοι,
536 2259 630 2310 καὶ
654 2255 970 2327 τεθεαμένοι
998 2255 1098 2327 τὴν
1121 2254 1277 2322 δόξαν
1307 2253 1472 2306 αὑτοῦ
1496 2254 1634 2308 ἀπό-

86 2351 262 2413 στολοι,
292 2348 689 2421 συμφωνοῦσαν
732 2350 849 2411 τοῖς
894 2350 1253 2419 προφητικοῖς
1295 2349 1424 2420 περὶ
1465 2346 1631 2400 αὑτοῦ

84 2441 287 2509 λογικοῖς
314 2441 342 2493 ὃ
373 2440 654 2512 σπέρμασι
684 2438 815 2508 (86),
835 2436 1130 2509 θερισθεῖσι
1157 2438 1299 2490 κατά
1322 2438 1423 2508 τὴν
1466 2434 1631 2502 ἐπεξ-

83 2534 313 2604 εργασίαν
367 2536 461 2588 καὶ
496 2532 830 2601 κατανόησιν
871 2530 967 2584 τοῦ
996 2530 1379 2601 κεκρυμμένου
1420 2547 1631 2602 μυστηο

84 2629 181 2698 ρίου
200 2627 299 2681 ἀπὸ
320 2627 425 2681 τῶν
447 2625 663 2681 αἰώνων
684 2665 700 2690 ,
743 2623 1151 2696 φανερωθέντος
1184 2622 1241 2675 δὲ
1281 2625 1368 2676 ἐπ’
1398 2624 1631 2694 ἐσχάτου

82 2713 172 2767 τῶν
202 2713 427 2786 καιρῶν·
468 2733 487 2766 ι
518 2714 656 2786 ὅπερ
696 2713 913 2786 ἑτέραις
943 2714 1157 2782 γενεαῖς
1188 2713 1290 2765 οὑκ
1324 2713 1631 2785 ἐγνωρίσθη

81 2811 172 2871 τοῖς
193 2808 316 2870 υἱοῖς
354 2808 461 2861 τῶν
499 2806 837 2876 ἀνθρώπων,
876 2806 953 2869 ὡς
992 2803 1088 2858 νῦν
1133 2804 1494 2877 ἀπεκαλύφθη
1519 2810 1632 2871 τοῖς

82 2899 228 2968 ἁγίοις
257 2900 575 2964 ἀποστόλοις
611 2898 778 2953 αὑτοῦ
815 2899 907 2952 καὶ
949 2899 1256 2971 προφήταις
1282 2912 1295 2926 ·
1341 2918 1360 2949 ι
1413 2898 1635 2971 σπέρμα

79 2992 125 3045 δὲ
140 2989 199 3065 ἦν
219 2996 246 3048 ὀ
271 2996 374 3057 πᾶς
395 2995 556 3064 λόγος
584 2993 727 3047 κατὰ
750 2989 1092 3060 ἀποκάλυψιν
1130 3011 1148 3042 ι
1177 2990 1472 3062 μυστηρίου
1508 2991 1633 3063 χρό-

1665 1758 1707 1812 Β

1739 499 2040 566 cissimque
2072 496 2193 550 aliis
2218 495 2500 549 tradentes
2526 493 2746 547 inventa
2778 508 2898 556 sua,
2925 503 3177 549 auctores
3200 502 3329 548 sunt

1740 589 2078 659 posteris,ex
2115 589 2200 640 his
2228 602 2346 655 quae
2373 585 2677 639 invenerint
2706 600 2812 637 non
2836 584 3145 640 valentibus
3178 586 3327 654 prin-

1738 680 1881 748 cipia
1932 678 2218 741 invenire,
2252 684 2308 730 et
2345 672 2626 744 sequentia
2658 671 2819 743 257
2854 674 3223 744 conjungere,
3272 682 3330 727 et

1738 785 2009 826 summam
2061 782 2282 821 manum
2315 767 2534 821 artibus
2561 773 2619 821 et
2659 766 2905 821 scientiis
2941 767 3241 836 imponere,
3267 775 3329 819 ut

1739 860 1955 933 plenum
2019 859 2254 915 fructum
2309 860 2660 931 percipiant;
2706 873 2811 912 non
2859 874 3019 913 secus
3056 871 3218 930 atque
3265 860 3326 916 in

1740 970 1952 1022 messe,
2008 951 2316 1021 ltiijusmodi
2373 950 2585 1005 artibus
2635 959 2690 1009 et
2728 950 2973 1006 scientiis
3021 951 3323 1020 completis.

1739 1047 1892 1112 Quod
1939 1047 1982 1102 si
2042 1049 2142 1101 hoc
2179 1062 2366 1100 verum
2424 1055 2505 1101 est
2554 1046 2609 1099 in
2651 1045 2860 1099 artibus
2905 1055 2963 1100 et
3001 1045 3327 1113 quibusdam

1737 1144 2002 1209 Scienliis,
2036 1157 2238 1212 quamn
2286 1143 2458 1212 magis
2497 1142 2549 1195 in
2581 1156 2642 1196 ea
2680 1151 2798 1196 arte
2831 1157 2952 1210 qua:
2986 1156 3079 1197 ars
3113 1150 3196 1196 est
3235 1157 3327 1196 πα

1739 1241 1871 1292 tium
1919 1254 1970 1292 et
2006 1238 2240 1293 scientia
2297 1238 2693 1303 scientiarum,
2722 1249 3042 1305 conspicere
3070 1234 3120 1288 id
3148 1232 3327 1289 licet?

1737 1328 1955 1383 Inventa
1998 1330 2143 1382 enim
2183 1344 2213 1382 a
2261 1328 2556 1398 majoribus
2604 1328 2875 1384 curiosius
2905 1343 3026 1382 cum
3068 1326 3327 1397 indagas-

1736 1432 1851 1476 sent
1885 1421 2113 1486 posteri.
2135 1422 2482 1475 occasionem
2510 1420 2918 1475 successoribus
2942 1418 3077 1483 suis,
3098 1418 3187 1487 qui
3213 1418 3330 1473 haec

1738 1515 1955 1568 inventa
1999 1529 2122 1568 cmn
2179 1513 2457 1584 diligentia
2506 1513 2809 1579 adiissent,
2848 1510 3211 1573 tradiderunt,
3267 1518 3328 1564 ut

1736 1620 1901 1658 unum
1930 1604 2182 1660 veritatis
2213 1619 2410 1674 corpus
2436 1620 2561 1658 cum
2606 1604 2874 1672 sapientia
2910 1602 3324 1672 conjungerent.

1739 1696 1906 1767 igitur
1942 1697 2215 1766 completo
2249 1707 2361 1751 toto
2403 1712 2568 1767 Opere
2606 1696 2742 1751 artis
2786 1697 3008 1759 artium,
3036 1695 3130 1766 qui
3162 1694 3327 1750 senii-

1742 1800 1855 1855 nat,
1903 1789 2063 1844 simul
2094 1791 2312 1861 gaudet,
2342 1798 2398 1843 et
2447 1792 2538 1857 qui
2591 1790 2783 1853 metit,
2820 1788 2932 1845 Deo
2979 1789 3216 1843 vicissim
3266 1787 3322 1843 in

1739 1896 1908 1936 unum
1941 1882 2103 1935 tinem
2139 1895 2331 1935 omnes
2365 1890 2749 1950 congregante.
2799 1880 3034 1935 Proinde
3078 1880 3201 1936 vide
3248 1894 3320 1933 an

1738 1973 2072 2029 seminantes
2110 1973 2222 2027 sint
2262 1971 2438 2028 Moses
2459 1982 2514 2027 et
2540 1975 2837 2042 prophetae,
2862 1974 2951 2040 qui
2983 1973 3323 2042 scripserunt

1738 2081 1802 2121 ea
1844 2086 1862 2117 ι
1911 2082 2036 2136 qum
2082 2066 2359 2135 pertinent
2394 2066 2460 2118 ad
2500 2075 2742 2119 nostram
2789 2066 3232 2129 admonitionem,
3265 2066 3318 2118 in

1739 2172 1879 2227 quos
1906 2158 2041 2212 ﬁnes
2078 2156 2404 2212 saeculorum
2441 2158 2775 2211 devenerunt
2800 2159 2870 2221 ³⁵,
2898 2177 2918 2210 ι
2955 2159 3159 2228 quique
3187 2173 3323 2228 prae-

1739 2254 2060 2308 dicaverunt
2116 2251 2408 2305 adventum
2459 2250 2697 2317 Christi;
2724 2252 2816 2320 qni
2851 2261 3196 2305 messuerunt
3226 2267 3324 2305 au-

1740 2351 1886 2408 tem,
1935 2342 2044 2397 sint
2090 2342 2345 2412 apostoli,
2403 2342 2496 2412 qui
2544 2342 2821 2398 Christum
2868 2353 3196 2413 receperunt
3243 2345 3325 2398 vi-

1739 2436 1936 2490 derunt
1989 2434 2328 2506 gloriamque
2380 2432 2521 2502 ejus,
2558 2448 2850 2490 consonam
2892 2436 3226 2505 pr0pbeticis
3267 2448 3324 2494 et

1739 2528 2152 2583 rationabilibus
2181 2532 2250 2583 de
2281 2527 2396 2596 ipso
2428 2526 2888 2596 seminibus.qu:e
2925 2528 3173 2584 demessa
3205 2527 3324 2584 fue-

1740 2636 1801 2675 re
1850 2620 2149 2676 secundum
2199 2628 2512 2675 accuratam
2565 2619 2872 2689 indaginem
2922 2631 2972 2675 et
3024 2622 3323 2692 intelligen-

1740 2714 1870 2768 tiam
1904 2714 2167 2783 mysterii,
2196 2713 2497 2767 absconditi
2534 2713 2755 2781 quidem
2781 2730 2809 2766 ιι
2843 2715 3082 2780 smculis,
3110 2718 3208 2771 sed
3237 2732 3321 2771 re-

1740 2807 1869 2862 tecti
1912 2808 1964 2860 in
2017 2807 2325 2860 novissimis
2374 2805 2707 2875 temporibus
2734 2805 2816 2872 ";
2855 2825 2874 2859 ι
2909 2809 3054 2876 quod
3100 2810 3152 2862 in
3200 2806 3323 2864 aliis

1738 2899 1987 2954 vitalibus
2023 2915 2128 2951 non
2165 2899 2399 2952 innotuit
2434 2899 2557 2952 tiliis
2601 2899 2922 2963 hominum,
2954 2900 3318 2969 quemadmoo

1741 2993 1867 3047 dum
1922 2989 2218 3044 revelatum
2253 2999 2336 3043 est
2390 3005 2535 3043 nunc
2583 2989 2794 3044 sanctis
2825 2989 2943 3056 ejus
2972 2991 3238 3060 apostolis
3264 3000 3321 3046 et

79 3101 171 3147 νοις
216 3084 444 3149 αἰωνίοις
510 3085 900 3155 σεσιγημένου,
938 3103 957 3134 ι
1022 3083 1118 3136 καὶ
1155 3102 1174 3129 ο
1207 3082 1304 3138 νῦν
1336 3102 1354 3135 ι
1386 3101 1634 3156 φανερω-

1806 3082 2021 3151 ephetis
2040 3081 2130 3147 °";
2175 3098 2193 3130 ι
2226 3094 2410 3133 semen
2436 3094 2564 3133 vero
2617 3081 2688 3133 sit
2738 3079 2993 3133 universa
3048 3080 3134 3133 illa
3183 3082 3322 3135 ratio

80 3173 237 3237 θέντος
261 3193 278 3226 ι
303 3174 391 3229 διά
418 3193 438 3227 ι
479 3192 540 3228 τε
595 3192 613 3225 ι
651 3172 882 3245 Γραφῶν
924 3173 1307 3244 προφητικῶν,
1339 3192 1358 3225 ι
1404 3174 1495 3227 καὶ
1533 3174 1633 3244 τῆς

80 3265 363 3334 ἐπιφανείας
392 3267 488 3320 τοῦ
522 3266 730 3339 Κυρίου
758 3269 791 3338 ἡ
801 3264 918 3337 μῶν
953 3265 1128 3336 Ἰησοῦ
1149 3265 1387 3337 Χριστοῦ
1412 3282 1426 3296 ·
1457 3266 1545 3319 ὅτε
1573 3267 1634 3320 τὸ

79 3360 175 3428 φώς
193 3362 250 3415 τὸ
273 3361 519 3434 ἀληθινὸν
549 3360 819 3433 πεποίηκε
846 3361 945 3423 τὰς
969 3358 1174 3431 χώρας,
1202 3360 1261 3412 ἐν
1293 3359 1371 3430 τῷ
1401 3360 1635 3434 ἐπιλάμ-

78 3455 280 3527 ψαι(87)
308 3458 531 3519 αὑταῖς,
574 3454 776 3518 λευκάς
823 3453 961 3525 πρὸς
1008 3452 1267 3524 θερισμὸν
1316 3454 1438 3526 ἤδη.
1474 3454 1633 3509 Κατά

76 3548 236 3601 τοῦτον
266 3551 338 3619 δὴ
351 3549 444 3603 τὸν
474 3549 639 3618 λόγον
666 3547 723 3600 αἱ
754 3545 931 3619 χῶραι
967 3548 1027 3600 ἐν
1050 3544 1140 3610 αἷς
1167 3545 1535 3618 κατεϐέϐλητο
1564 3546 1633 3601 τά

78 3641 363 3712 σπέρματα,
399 3643 454 3695 αί
493 3641 718 3713 νομικαὶ
746 3641 840 3693 καὶ
877 3637 1212 3710 προφητικαί
1247 3639 1352 3691 είσι
1396 3639 1628 3710 Γραφαὶ,

74 3734 249 3798 αἵτινες
273 3736 370 3789 οὑκ
395 3731 540 3805 ἦσαν
569 3733 762 3786 λευκαὶ
789 3732 869 3804 τῷ
889 3732 989 3804 τὴν
1021 3730 1326 3803 παρουσίαν
1347 3731 1440 3784 τοῦ
1457 3732 1630 3801 Λόγου

75 3826 138 3897 μὴ
161 3827 526 3900 κεχωρηκέναι
557 3824 671 3897 (88)
691 3842 704 3856 ’
745 3825 986 3891 γίνονται
1013 3823 1072 3877 δὲ
1104 3822 1351 3877 τοιαῦται
1374 3825 1488 3887 τοῖς
1522 3840 1628 3894 μα-

73 3919 421 3990 θητευομένοις
442 3919 523 3991 τῷ
552 3918 668 3990 Υἱῷ
692 3917 786 3971 τοῦ
830 3916 997 3980 Θεοῦ,
1043 3917 1139 3970 καὶ
1172 3916 1514 3988 πειθομένοις
1547 3917 1632 3971 λέ-

73 4027 199 4078 γοντι
220 4031 233 4043 ·
267 4034 284 4064 ι
308 4014 586 4085 Ἐπάρατε
616 4013 740 4075 τοὺς
768 4010 1081 4081 ὀφθαλμοὺς
1107 4009 1284 4081 ὑμῶν,
1310 4010 1405 4063 καὶ
1433 4009 1632 4063 θεάσα-

74 4105 149 4158 σθε
178 4106 270 4172 τὰς
302 4106 510 4178 χώρας,
531 4106 615 4158 ὃτι
644 4104 833 4158 λευκαί
861 4106 967 4156 εἱσι
999 4102 1135 4174 πρὸς
1165 4100 1428 4172 θερισμὸν
1452 4102 1574 4174 ἤδη.
1607 4121 1625 4155 .-

81 4198 153 4262 Ὠς
175 4201 378 4272 γνήσιοι
406 4201 592 4253 τοίνυν
628 4199 723 4252 καὶ
769 4198 929 4269 ἡμεῖς
957 4194 1196 4268 Χριστοῦ
1228 4194 1468 4266 μαθηταὶ
1497 4195 1633 4249 ἑπά-

72 4308 227 4361 ρωμεν
262 4295 385 4355 τοὺς
416 4291 766 4364 ὀφθαλμοὺς,
801 4290 897 4344 καὶ
936 4291 1034 4352 τὰς
1064 4288 1249 4360 χώρας
1279 4289 1631 4361 ὲσπαρμένας

1741 3194 1760 3227 ι
1795 3173 2063 3245 mysterii,
2082 3173 2225 3243 quod
2258 3171 2591 3240 temporibus
2620 3171 2838 3226 aeternis
2865 3172 3111 3238 tacitum,
3132 3190 3274 3229 nunc
3293 3192 3316 3227 ι

1736 3280 1831 3337 per
1850 3265 2261 3329 revelationem,
2282 3274 2336 3318 et
2356 3282 2374 3314 ι
2412 3278 2509 3332 per
2536 3263 2851 3331 Scripturas
2887 3264 3259 3332 propheticas,
3291 3284 3312 3318 ι

1735 3371 1898 3429 atque
1924 3372 2021 3428 per
2056 3357 2347 3411 adventum
2383 3355 2594 3409 Domini
2630 3356 2798 3409 nostri
2822 3352 2949 3409 Jesu
2973 3354 3213 3410 Christic
3237 3356 3319 3411 in-

1735 3452 1911 3506 notuit
1935 3451 2016 3514 ⁹⁸;
2047 3468 2067 3501 ι
2098 3450 2319 3519 quando
2349 3449 2439 3502 lux
2488 3448 2580 3502 illa
2609 3462 2738 3502 vera
2767 3448 3020 3519 regiones
3042 3447 3191 3516 fecit,
3216 3449 3319 3504 illis

1736 3545 2115 3606 illucescendo,
2134 3544 2246 3613 jam
2282 3542 2433 3596 albas
2463 3556 2583 3596 esse
2626 3540 2693 3594 ad
2721 3554 2975 3595 messem.
3007 3540 3320 3595 Secundum

1736 3643 1875 3693 hanc
1909 3638 2072 3709 igitur
2113 3638 2399 3699 rationem,
2437 3637 2687 3706 regiones
2725 3636 2779 3689 in
2822 3635 3020 3704 quibus
3072 3634 3319 3704 conjecta

1736 3733 1886 3787 fuere
1912 3731 2141 3793 semina.
2181 3730 2317 3801 legis
2341 3744 2404 3783 ac
2426 3730 2818 3798 prophetarum
2843 3740 2970 3783 sunt
2996 3729 3318 3798 Scriptum,

1732 3842 1853 3896 qua:
1887 3825 2022 3878 alba:
2050 3840 2154 3878 non
2187 3833 2364 3888 erant,
2390 3821 2535 3891 quod
2571 3836 2677 3876 non
2718 3821 3319 3896 recepisseutprarsen-

1736 3895 1864 3974 tiam
1901 3927 1954 3972 et
1993 3919 2280 3970 adventum
2315 3913 2599 3969 Sermonis
2624 3911 2773 3986 [Filii
2803 3912 2895 3968 Dei
2930 3895 3152 3986 ]:ta‘les
3193 3928 3321 3968 vero

1735 4014 1870 4065 tlnnt
1906 4010 1990 4064 his
2023 4009 2114 4079 qui
2148 4008 2324 4062 edocti
2376 4006 2578 4061 fuerint
2612 4023 2643 4061 a
2673 4005 2814 4062 Filio
2850 4006 2966 4071 Dei,
2999 4007 3200 4078 quique
3241 4007 3317 4060 illi

1731 4106 2013 4177 paruerint
2045 4105 2243 4160 dicenti
2276 4121 2290 4158 :
2336 4121 2357 4155 ι
2394 4103 2641 4158 Attollite
2672 4102 2862 4159 oculos
2888 4111 3118 4166 vestros.
3157 4113 3214 4157 et
3240 4104 3316 4157 vi-

1733 4200 1855 4253 dete.
1879 4199 2130 4267 regiones
2152 4198 2263 4268 jam
2280 4197 2447 4253 ‘albas
2485 4213 2605 4253 esse
2645 4199 2711 4251 ad
2744 4212 2977 4252 messem
3002 4199 3070 4251 ’9.
3095 4216 3114 4250 ι
3143 4198 3316 4252 Attol-

1733 4290 1908 4346 lamus
1936 4292 2103 4363 igitur
2134 4292 2296 4346 etiam
2338 4306 2467 4357 nos,
2499 4307 2598 4346 ceu
2630 4290 2877 4361 germani
2911 4290 3112 4345 Christi
3158 4291 3317 4345 disci-

70 4384 159 4437 ὑπὸ
196 4387 470 4451 Μωῦσέως
515 4384 750 4440 καὶτῶν
802 4382 1096 4456 προφητῶν
1139 4381 1499 4453 θεασώμεθα,
1544 4383 1631 4436 ἴνα

1810 4383 1865 4448 li,
1906 4382 2112 4443 oculos,
2139 4392 2195 4438 et
2247 4384 2501 4454 regiones
2536 4398 2565 4436 a
2604 4381 2791 4454 Moyse
2834 4383 3159 4449 cmtcrisqne
3194 4396 3327 4449 pro-

69 4477 242 4548 ῐδωμεν
268 4479 363 4549 τὴν
406 4479 708 4548 λευκότητα
738 4475 950 4539 αὑτῶν,
994 4475 1089 4528 καὶ
1137 4473 1258 4528 τίνα
1300 4474 1501 4548 τρόπον
1526 4475 1628 4547 ἥδη

1810 4477 1913 4531 etis
1948 4478 2242 4532 semiustas
2283 4480 2611 4542 intueamur,
2660 4487 2718 4530 ut
2749 4476 3029 4530 videamus
3080 4478 3317 4544 ipSarnm

68 4568 254 4643 θερίσαι
291 4570 361 4625 ἒς·
387 4588 433 4627 ιν
480 4570 652 4634 αὑτὰς
689 4570 784 4624 καὶ
828 4566 1052 4633 συνάξαι
1089 4566 1181 4620 τὸν
1213 4566 1423 4639 καρπὸν
1449 4566 1627 4619 αὐτῶν

66 4668 132 4728 εἰς
151 4664 286 4740 ζωὴν
318 4665 540 4721 αἰώνιον
570 4664 679 4736 (89)
703 4704 718 4728 ,
755 4661 893 4734 μετά
917 4660 1010 4715 τοῦ
1036 4662 1130 4715 καὶ
1166 4660 1359 4732 μισθὸν
1386 4659 1629 4725 ἐλπίζειν

65 4759 331 4814 ἀπολαΰεῖν
363 4761 474 4813 ἀπὸ
505 4756 601 4811 τοῦ
631 4756 835 4829 Κυρίου
866 4753 976 4808 τῶν
1004 4754 1207 4825 κωμῶν
1225 4793 1241 4818 ,
1269 4753 1363 4808 καὶ
1391 4751 1628 4825 χορηγοῦ

65 4853 157 4905 τῶν
213 4855 543 4927 σπερμάτων
590 4850 722 4923 (90).
756 4849 860 4903 Τὸν
908 4848 1008 4920 μὲν
1055 4843 1151 4902 οὖν
1198 4846 1291 4900 τὸν
1337 4847 1628 4919 σπείρυντα

64 4944 201 5015 ὁμοῦ,
239 4947 329 5001 καὶ
360 4945 452 5000 τὸν
480 4944 763 5016 θερίζοντα
788 4943 1019 5015 χαίρειν,
1071 4942 1160 4995 ὅτε
1199 4940 1410 5012 ἀπέδρα
1441 4941 1625 5013 ὀδύνη,

64 5040 147 5092 καὶ
172 5039 330 5112 λύπη,
357 5040 454 5094 καὶ
480 5037 804 5109 στεναγμὸς,
831 5039 888 5089 ὲν
914 5034 995 5106 τῷ
1027 5034 1274 5107 μέλλοντι
1310 5034 1490 5097 αἰῶνι,
1518 5036 1627 5100 πᾶς

64 5131 287 5187 ὁστισοῦν
312 5131 641 5206 ὁμολογήσει
683 5129 793 5183 τῶν
831 5128 1235 5198 ἀνεγνωκότων,
1269 5126 1351 5179 ὅτι
1384 5144 1403 5176 ι
1444 5126 1630 5180 πολλοὶ

1736 4569 2070 4634 alhedinem;
2099 4583 2207 4637 quo
2249 4567 2416 4622 etiam
2443 4566 2727 4634 modojam
2764 4579 2859 4620 eas
2893 4575 3101 4619 metere
3130 4564 3316 4629 libeat,

1735 4670 1792 4715 et
1820 4673 2154 4730 congregare
2177 4659 2415 4728 ipsarum
2450 4657 2687 4712 fructum
2731 4658 2781 4710 in
2817 4656 2985 4710 vitam
3018 4664 3317 4723 aeternam;

1735 4762 2017 4821 sperantes
2056 4753 2219 4805 etiam
2266 4752 2568 4806 mercedem
2604 4750 2851 4818 aceipere
2898 4763 2926 4801 a
2966 4747 3198 4802 Domino
3233 4750 3315 4802 νὶ-

1734 4864 1923 4902 corum
1974 4858 2028 4902 et
2074 4845 2334 4915 largitore
2375 4844 2667 4898 seminum.
2719 4843 2904 4910 Itaque
2951 4841 3103 4895 senti.
3133 4851 3314 4895 antem

1726 4941 1892 4997 simul
1933 4950 1986 4994 et
2033 4938 2199 5010 258
2235 4947 2523 4992 metentem
2570 4936 2831 5006 gaudere,
2868 4951 2989 4988 cum
3046 4934 3316 5001 aufugerit

1725 5036 1881 5090 dolor
1911 5041 1966 5086 et.
1997 5048 2219 5098 mmror,
2259 5040 2314 5084 et
2342 5028 2666 5100 suspirium,
2707 5027 2758 5080 iu
2784 5025 2969 5080 futuro
2992 5026 3211 5087 sreculo,
3237 5026 3314 5075 ιιι.

1728 5127 1930 5181 tehitur
1959 5121 2472 5193 quidem,qnisquis
2506 5120 2705 5190 legerit
2741 5120 3005 5184 l'uturmn,
3030 5129 3090 5172 ut
3110 5136 3128 5169 ι
3163 5115 3313 5170 multi

121 5296 163 5328 "
185 5294 204 5349 ι
230 5296 353 5353 Cor.
383 5304 439 5363 ι,
470 5295 559 5350 H.
633 5290 725 5346 ⁹⁸1
757 5291 905 5347 Petr.
942 5306 980 5355 ι,
1009 5290 1097 5346 20.
1174 5290 1221 5323 ’⁷
1245 5289 1443 5359 Ephes.
1481 5304 1566 5353 ιιι,
1598 5290 1634 5346 5

1806 5287 1955 5341 ltom.
1994 5300 2108 5349 ιιι,
2138 5283 2230 5344 23.
2277 5284 2368 5339 9.6.
2441 5281 2488 5316 ⁸³
2511 5281 2673 5339 Joan.
2727 5298 2802 5349 tv,
2833 5281 2924 5338 55.

126 5443 228 5515 (86)
262 5443 540 5516 Λοτικοῖς
571 5442 601 5496 ὃ
621 5439 1047 5516 σπέρμααικιιτι
1079 5441 1280 5516 optime
1300 5442 1469 5495 codex
1489 5437 1626 5497 Bod-

65 5510 257 5570 leiautis
278 5544 299 5579 ,«
318 5510 458 5569 niale
488 5514 685 5573 Regius
710 5510 918 5580 λογικοὶ
945 5510 973 5564 ὃ
1001 5511 1301 5581 σπέρμασι.

1735 5441 1790 5494 in
1824 5447 2008 5491 nostro
2038 5445 2214 5491 textu.

1804 5508 1919 5568 (89)
1942 5507 2111 5562 Codd.
2152 5508 2352 5576 Regius
2379 5515 2434 5561 et
2460 5506 2815 5567 Barherinus,
2845 5504 3008 5558 αὑτὸν
3025 5502 3116 5559 καὶ
3152 5503 3293 5560 συνά

128 5586 229 5653 (87)
266 5577 367 5640 Ἔν
398 5584 480 5652 τῷ
510 5577 864 5653 ἐπιλάμψαι.
891 5583 983 5653 Sic
1002 5577 1162 5653 habet
1187 5585 1354 5637 codex
1377 5580 1628 5636 Bodleia-

1806 5597 1849 5631 ιν
1883 5578 2094 5650 καρπὸν
2123 5579 2202 5653 είς
2225 5577 2369 5649 ζωὴν
2403 5577 2640 5653 αἰώνιον,
2660 5577 2986 5631 Bodleiauus
3015 5587 3197 5631 autem
3232 5578 3308 5632 le-

66 5651 186 5727 nus;
211 5655 415 5727 Regius
450 5651 603 5727 vero,
637 5651 797 5727 male“,
828 5651 1161 5727 ἐπέλαμψεν.

129 5725 233 5793 (88)
257 5721 427 5781 Codd.
457 5724 657 5793 Regius
682 5734 737 5777 et
760 5721 1111 5783 Barherinus,
1136 5722 1251 5793 τοῖς
1277 5721 1383 5793 τὴν
1415 5737 1626 5791 παρου-

1736 5648 1973 5706 etioneui
1998 5649 2168 5703 nostri
2200 5648 2384 5702 textus
2416 5648 2655 5704 exhibet.

1809 5720 1938 5800 (tibi
1974 5718 2153 5800 Codex
2208 5718 2556 5800 ρυιίιθίιιιιιιε,
2603 5718 2828 5800 optime,
2884 5717 3124 5789 χορηγοῦ
3177 5718 3309 5785 τῶν,

75 5789 177 5852 σξαν
206 5789 295 5849 τοῦ
327 5796 504 5866 Λόγου
533 5789 607 5866 μὴ
640 5793 1018 5866 κεχωρηκόσις
1060 5794 1153 5849 sed
1205 5789 1531 5847 Bodl’cianu‘s
1569 5801 1629 5847 ut

1806 5789 1878 5849 tle
1899 5789 2100 5863 Regius
2121 5800 2177 5846 et
2207 5789 2562 5855 Barbet'inus,
2586 5789 2986 5860 χορηγούντων.
