3702 6142
331 290 439 349 183
1815 289 1857 345 Ο

2079 289 2128 346 IS
3473 295 3556 351 ιιι

332 413 401 467 ab
422 408 643 467 Oriente
669 414 723 460 et
753 402 1046 460 Occidente
1069 405 1324 467 veniant,
1351 411 1406 458 et
1436 401 1757 458 accumbam
1784 421 1850 460 cu

2079 409 2105 460 :’
2129 406 2402 461 ἀνατολῶν
2430 407 2523 461 καὶ
2549 406 2768 477 δυσμῶν
2795 408 2985 479 ἥξουσι
3013 407 3108 462 καὶ
3134 408 3555 482 ἀνακλιθήσονται

330 501 625 564 Abraham,
647 505 702 551 et
728 495 904 558 lsaac,
934 502 991 549 et
1017 493 1185 550 Jacob
1225 494 1282 548 in
1322 510 1489 565 regno
1528 495 1791 550 caelorum
1812 499 1852 550 ¹.

2081 499 2150 553 τὰ
2193 500 2446 573 Ἀϐραὰμ
2465 540 2480 565 ,
2514 501 2609 554 καὶ
2651 500 2866 567 Ἰσαὰκ,
2898 502 2994 554 καὶ
3033 500 3227 554 Ἰακὼϐ
3257 503 3316 553 ἐν
3340 505 3402 573 τῇ
3423 503 3554 573 βασι-

330 588 449 646 Jam
474 603 601 644 vero
639 600 854 641 onmem
897 585 1259 640 seminantem
1307 601 1428 639 cum
1475 588 1625 640 omni
1674 594 1859 642 metenl

2079 592 2129 664 [ᾳ
2171 592 2278 646 τῶν
2308 592 2570 664 οὐρανῶν.
2608 612 2627 644 ι
2659 593 2732 645 Τὸ
2771 594 2828 646 δέ
2853 594 2948 646 καὶ¹
2987 593 3087 665 ήδη
3114 594 3291 648 πάντα
3317 593 3402 648 τὸν
3429 597 3559 649 σπεί-

330 684 565 755 gaudere
593 679 637 735 si
665 693 787 749 quts
822 676 1060 747 ambigat
1091 677 1405 741 admittere,
1435 678 1741 733 consideret
1763 680 1904 748 quod

330 775 514 842 aliquo
545 770 703 824 modo
733 768 923 823 messis
966 767 1066 821 fuit
1093 768 1501 823 transformatio
1525 768 1673 835 Jesu,
1701 770 1791 839 qui
1826 770 1907 823 vi-

330 883 425 923 sus
454 874 538 923 est
568 865 621 920 in
656 863 846 934 gloria,
884 877 990 917 non
1036 861 1209 917 solum
1249 864 1575 919 metentibus
1602 862 1784 929 Petro,
1811 864 1906 920 Ja-

329 961 467 1015 cobo
496 968 552 1013 et
572 957 785 1022 Joanni,
813 955 901 1023 qui
950 969 1071 1007 cum
1105 954 1221 1023 ipso
1257 955 1689 1021 ascenderant’,
1722 971 1906 1012 verum

328 1052 495 1108 etiam
526 1048 944 1106 seminatoribus
977 1046 1112 1102 Mosi
1147 1055 1202 1102 et
1235 1047 1402 1101 Elim:
1445 1064 1567 1102 cum
1592 1050 1733 1119 ipsis
1762 1051 1905 1105 enim

328 1144 536 1214 pariter
561 1142 819 1212 gaudent,
848 1140 1100 1194 videntes
1127 1138 1357 1209 gloriam
1384 1139 1506 1194 Filii
1539 1140 1657 1207 Dei,
1689 1158 1848 1212 quam
1877 1158 1905 1196 a

330 1234 492 1292 Patre
526 1233 845 1287 illnstratam
869 1270 884 1296 ,
922 1230 1394 1300 illustrantemque
1433 1231 1706 1298 videntes,
1749 1244 1908 1288 antea

330 1340 440 1383 non
468 1324 718 1382 viderant
762 1321 939 1377 Moses
966 1330 1021 1374 et
1051 1319 1219 1386 Elias,
1252 1329 1309 1373 ut
1350 1336 1495 1377 nunc
1524 1323 1708 1379 vident
1747 1325 1907 1379 simul

330 1431 454 1472 cum
484 1415 690 1472 sanctis
709 1414 985 1483 apostolis.
1007 1411 1241 1467 Perinde
1267 1421 1469 1478 autem,
1500 1415 1657 1483 quasi
1688 1417 1908 1470 univer-

330 1508 445 1564 sale
475 1508 550 1563 sit
584 1508 687 1563 hoc
729 1507 964 1574 dictum,
996 1506 1264 1562 sumimus
1308 1522 1322 1560 :
1366 1524 1385 1558 ι
1439 1505 1532 1561 llle
1571 1507 1663 1576 qui
1711 1508 1905 1574 metit,

335 1601 641 1655 mercedem
687 1598 920 1667 accipit,
954 1606 1013 1652 et
1044 1606 1339 1669 congregat
1386 1596 1625 1652 fructum
1658 1596 1709 1650 in
1739 1599 1906 1650 vitam

327 1699 624 1754 mternam;
654 1696 713 1742 ut
740 1688 833 1758 qui
862 1689 1095 1743 seminat
1120 1688 1280 1741 simul
1308 1689 1563 1759 gaudeat,
1596 1689 1759 1756 etqui
1793 1705 1908 1742 me-

330 1783 396 1837 tit
416 1782 459 1847 ³,
506 1800 525 1834 ι
565 1795 631 1836 eo
660 1781 803 1850 quod
831 1780 881 1835 in
916 1781 1268 1850 sequentibus
1297 1781 1477 1850 plures
1507 1780 1757 1833 dicantur
1786 1794 1905 1834 esse
1938 1765 1979 1821 Β

328 1873 418 1944 qui
453 1882 681 1937 metunt,
725 1880 784 1926 et
831 1871 1015 1940 plures
1063 1872 1158 1942 qui
1199 1871 1592 1937 laboraverint,
1647 1871 1902 1927 nimirum

328 1967 383 2020 in
412 1966 742 2020 seminando.
776 1964 985 2019 Dicitur
1031 1966 1175 2018 enim
1219 1964 1385 2019 veluti
1432 1964 1499 2017 ad
1536 1962 1734 2017 multos
1763 1978 1907 2018 mes-

328 2074 478 2114 sores
509 2077 524 2113 :
555 2077 575 2110 ι
605 2058 717 2128 Ego
742 2056 861 2111 misi
890 2071 987 2112 vos
1031 2057 1098 2111 ad
1137 2056 1470 2120 metendum,
1500 2055 1647 2125 quod
1673 2069 1769 2110 vos
1801 2071 1905 2109 nun

329 2151 618 2206 laborastis
640 2152 682 2215 ις
712 2168 731 2201 ι
753 2159 806 2204 et
834 2149 988 2219 quasi
1015 2148 1170 2203 multi
1200 2149 1307 2203 sint
1327 2147 1419 2217 qui
1451 2147 1505 2201 in
1535 2148 1740 2204 semine
1767 2147 1909 2202 labo-

176 2238 183 2245 ’
271 2284 281 2295 .
330 2242 606 2308 raverint,
640 2240 899 2296 similiter
939 2239 1173 2296 dicitur:
1206 2257 1226 2290 ι
1263 2239 1370 2293 Alii
1402 2238 1807 2302 laboraverunt,
1851 2247 1908 2293 et

328 2350 426 2391 vos
450 2334 504 2389 in
548 2334 788 2389 laborem
820 2348 1009 2389 eorum
1046 2331 1314 2387 introistis
1340 2332 1384 2386 ³.
1420 2348 1440 2383 ι
1468 2330 1710 2387 Proinde
1739 2331 1909 2399 aequi-

326 2429 473 2482 valet
501 2426 794 2483 universali
837 2426 956 2481 hac
985 2423 1282 2494 propositio
1316 2438 1332 2477 :
1377 2439 1397 2475 ι
1439 2422 1532 2479 Ille
1574 2423 1666 2493 qui
1710 2422 1903 2485 metit,

328 2519 632 2575 mercedem
681 2517 879 2589 accipit
916 2535 932 2584 ;
969 2535 989 2569 ι
1029 2525 1085 2571 et
1138 2531 1333 2572 sensus
1387 2516 1510 2571 talis
1535 2525 1633 2590 est
1667 2531 1680 2566 :
1716 2514 1905 2571 Omnis

333 2630 354 2664 ε
396 2612 486 2682 qui
543 2613 719 2672 metit.
751 2610 1057 2667 mercedem
1103 2610 1324 2679 accipit,
1365 2618 1421 2665 et
1453 2619 1749 2680 congregat
1790 2608 1908 2663 fru-

327 2712 471 2758 ctum
505 2703 558 2756 in
587 2704 752 2757 vitam
786 2712 1068 2768 aeternam,
1107 2713 1164 2756 ut
1197 2721 1216 2755 ι
1252 2701 1432 2757 omnis
1471 2720 1489 2752 ι
1518 2702 1611 2770 qui
1648 2700 1902 2766 seminat,

325 2792 486 2847 simul
515 2793 763 2862 gaudeat,
805 2803 861 2848 et
898 2812 916 2845 ι
950 2794 1131 2849 omnis
1164 2809 1186 2844 ι
1247 2793 1336 2864 qui
1379 2793 1554 2848 metit.
1595 2811 1615 2844 ι
1654 2792 1781 2847 Haec
1811 2808 1908 2846 au-

326 2894 435 2939 tem
459 2885 622 2956 aliqui
655 2885 873 2956 quidem
894 2893 1140 2955 prompte
1167 2885 1477 2951 admittent,
1498 2901 1605 2941 non
1627 2884 1906 2956 ambigen-

327 2986 410 3032 tes
445 2977 574 3046 quin
626 2976 973 3032 manifestata
1026 2979 1137 3031 sint
1177 2978 1380 3034 sanctis
1418 2977 1679 3048 apostolis
1712 2976 1768 3031 in
1805 2975 1906 3031 ad-

2013 701 2170 755 ροντα
2206 684 2342 755 μετὰ
2372 685 2574 748 παντὸς
2602 684 2697 739 τοῦ
2742 684 3049 757 θερίζοντος
3079 686 3289 759 χαίρειν
3325 685 3469 751 εἴτις
3494 687 3560 742 δι-

2010 776 2196 840 στάζει
2226 776 2648 849 παραδέξασθαι,
2672 778 2938 850 νοησάτω,
2973 781 3056 832 ὅτι
3086 778 3345 850 θερισμός
3376 797 3481 844 πως
3502 774 3562 852 ἦν

1978 886 2092 933 ,τις
2140 871 2173 940 ἡ
2218 870 2640 940 μεταμόρφωσις
2681 868 2855 941 Ἰησοῦ
2891 872 2947 925 ἐν
2976 870 3100 943 δόξῃ
3149 870 3487 941 φαινομένου,
3511 871 3560 923 οὐ

2013 963 2171 1034 μόνον
2202 965 2315 1026 τοῖς
2341 963 2614 1034 θερισταῖς
2645 962 2836 1036 Πέτρῳ
2860 1003 2875 1027 ,
2911 964 3009 1035 κα).
3048 963 3311 1035 Ἰακώϐῳ,
3348 965 3438 1018 καὶ
3471 966 3564 1018 Ἰω-

2009 1054 2164 1125 άννῃ,
2189 1057 2301 1117 τοῖς
2335 1055 2693 1107 συναναϐᾶσιν
2714 1054 2882 1126 αὐτῷ,
2914 1054 3052 1109 ἀλλά
3074 1055 3167 1109 καὶ
3198 1058 3316 1120 τοῖς
3342 1056 3565 1127 σπείρασι

2008 1150 2178 1219 Μωσῇ
2213 1149 2307 1202 καὶ
2340 1148 2495 1219 Ἠλίᾳ
2516 1165 2530 1177 ·
2562 1147 2678 1218 ἅμα
2698 1146 2806 1219 γὰρ
2832 1149 3014 1210 αὐτοῖς
3035 1149 3338 1219 χαίρουσιν,
3363 1148 3569 1214 ὁρῶντες

2007 1243 2106 1314 τὴν
2134 1241 2291 1305 δόξαν
2323 1239 2419 1294 τοῦ
2449 1239 2579 1293 Υἱοῦ
2606 1241 2763 1304 Θεοῦ,
2789 1243 2976 1312 ἥντινα
3006 1243 3098 1294 ἐπὶ
3125 1242 3381 1294 τοσοῦτον
3408 1259 3569 1310 πεφω-

2006 1334 2267 1404 τισμένην
2285 1334 2391 1387 ὑπὸ
2410 1332 2502 1386 τοῦ
2526 1334 2758 1404 Πατρὸς,
2783 1334 2877 1386 καὶ
2909 1333 3246 1402 φωτίζουσαν
3273 1335 3402 1397 τοὺς
3424 1334 3569 1406 ὀρῶν-

2008 1440 2127 1489 τας,
2164 1425 2426 1499 πρότερον
2465 1426 2564 1495 ούχ
2598 1424 2829 1496 ἑωράκει
2866 1425 3073 1495 Μωσῆς
3095 1465 3110 1488 ,
3141 1425 3238 1479 καὶ⁵
3283 1425 3485 1493 Ἠλίας,
3508 1425 3571 1490 ὡς

2008 1516 2103 1572 νῦν
2131 1517 2360 1571 θεῶνται
2398 1518 2515 1589 ἀμα
2546 1519 2658 1581 τοῖς
2701 1517 2877 1584 ἁγίοις
2925 1516 3265 1581 ἀποστόλοις.
3305 1518 3398 1581 Ὦς
3434 1516 3571 1573 καθο-

2007 1608 2143 1679 λικῷ
2168 1608 2225 1662 δὲ
2259 1610 2371 1662 ἴσον
2398 1608 2694 1679 δυνάμενον
2722 1607 3070 1678 λαμϐάνομεν
3096 1609 3158 1661 τό
3179 1624 3195 1638 ο
3235 1628 3253 1659 ι
3275 1608 3335 1662 '0
3368 1607 3571 1679 θερίζων

2012 1701 2200 1771 μισθὸν
2223 1701 2521 1771 λαμϐάνει,
2558 1701 2653 1754 καὶ
2698 1699 2921 1767 συνάγει
2951 1700 3159 1771 καρπὸν
3187 1700 3268 1765 είς
3291 1698 3440 1771 ζωὴν
3465 1699 3571 1754 αἰώ-

2006 1810 2136 1857 νιον,
2169 1793 2253 1845 ἵνα
2282 1794 2309 1845 6
2339 1792 2576 1862 σπείρων
2609 1790 2744 1862 ὁμοῦ
2775 1792 2962 1863 χαίρῃ,
2995 1793 3087 1845 καὶ
3106 1793 3135 1845 6
3162 1790 3420 1861 θερίζων,
3454 1810 3471 1843 ι
3500 1793 3572 1847 διὰ

2005 1886 2066 1938 τὸ
2096 1887 2153 1938 ἐν
2179 1888 2291 1949 τοῖς
2311 1884 2440 1955 ἑξῆς
2473 1883 2722 1949 πλείονας
2747 1884 3000 1953 λέγεσθαι
3028 1886 3152 1949 τοὺς
3186 1885 3468 1956 θεριστὰς,
3493 1886 3574 1939 καὶ

2005 1976 2258 2041 πλείονας
2285 1979 2411 2038 τοὺς
2436 1976 2852 2042 κεκοπιακότας,
2880 1976 3122 2048 δηλονότι
3153 1978 3234 2040 εἰς
3255 1976 3321 2029 τὺ
3356 1979 3571 2046 σπεῖραι.

2005 2068 2236 2137 Λέγεται
2270 2068 2380 2140 γάρ
2418 2068 2495 2131 ὡς
2527 2068 2665 2139 πρὸς
2698 2067 2926 2132 πολλοὺς
2970 2067 3227 2139 θεριστάς
3269 2068 3334 2121 τό
3359 2085 3374 2098 ·
3416 2087 3433 2119 ι
3456 2065 3574 2133 Ἐγὼ

2006 2160 2297 2213 ἀπέστειλα
2326 2161 2470 2231 ὑμᾶς
2494 2160 2729 2231 θερίζειν
2757 2159 2786 2213 ὃ
2814 2162 2915 2231 οὐχ
2945 2161 3104 2232 ὑμεῖς
3132 2159 3527 2214 κεκοπιάκατε·
3552 2180 3568 2211 ι

2004 2253 2098 2305 καὶ
2127 2252 2202 2315 ὼς
2227 2251 2435 2304 πολλῶν
2461 2253 2519 2305 ἐν
2541 2251 2618 2322 τῷ
2646 2251 2832 2323 σπόρῳ
2865 2250 3225 2322 κεκμηκότων
3254 2250 3316 2304 τό
3334 2267 3348 2280 ·
3382 2269 3407 2301 ι
3423 2248 3573 2304 Ἄλλοι

2003 2342 2386 2406 κεκοπιάκασι,
2431 2344 2523 2396 καί
2553 2343 2711 2413 ὑμεῖς
2733 2345 2814 2407 είς
2852 2343 2945 2396 τὸν
2984 2343 3152 2396 κόπον
3176 2342 3360 2396 αὐτῶν
3382 2340 3572 2411 είσελη·

2003 2431 2219 2486 λύθατε.
2276 2452 2294 2483 ι
2332 2434 2474 2485 Ἴσον
2522 2432 2579 2486 δὲ
2616 2432 2840 2487 δύναται
2877 2431 2957 2503 τῷ
2994 2431 3266 2503 καθολικῷ
3305 2431 3459 2502 (91)
3492 2430 3571 2485 τό’

2010 2543 2029 2575 ι
2052 2524 2109 2576 '0
2143 2521 2371 2594 θερίζων
2413 2523 2603 2593 μισθὸν
2640 2524 2929 2595 λαμϐάνει,
2973 2542 2991 2574 ι
3030 2524 3124 2576 καὶ
3155 2523 3218 2576 τὸ
3256 2523 3386 2593 ἐξῆς
3420 2519 3574 2575 τοιοῦ-

2003 2631 2093 2667 τον
2141 2631 2156 2645 ·
2201 2633 2219 2666 ι
2261 2614 2378 2677 Πᾶς
2411 2618 2440 2669 6
2472 2615 2702 2688 θερίζων
2738 2608 2927 2686 μισθδν
2960 2614 3248 2686 λαμϐάνει,
3301 2615 3401 2669 καὶ
3462 2632 3573 2667 συν-

2014 2706 2141 2775 άγει
2204 2706 2414 2779 καρπὸν
2452 2708 2532 2770 είς
2571 2705 2715 2776 ζωὴν
2753 2703 2990 2771 αἰώνιον,
3015 2704 3102 2758 ἵνα
3141 2706 3251 2767 πᾶς
3284 2705 3315 2757 ὁ
3355 2703 3574 2774 σπείρων

2002 2796 2138 2869 ὁμοῦ
2171 2797 2359 2869 χαίρῃ,
2398 2796 2492 2849 καὶ
2532 2796 2641 2859 πᾶς
2672 2798 2700 2848 6
2738 2794 2989 2866 θερίζων.
3027 2813 3047 2845 ι
3090 2792 3276 2846 Ταῦτα
3312 2793 3370 2845 δὲ
3404 2793 3455 2845 οἱ
3491 2792 3576 2862 μέν

2002 2905 2146 2952 τινες
2188 2888 2333 2960 (92)
2373 2886 2604 2958 ἐτοίμως
2653 2885 3047 2959 παραδέξονται
3073 2925 3087 2948 ,
3128 2885 3202 2956 μὴ
3248 2884 3574 2949 διστάζοντες

2003 2975 2251 3052 περὶτοῦ
2282 2977 2352 3032 τὰ
2384 2976 2857 3047 ἀποκεκρυμμένα
2889 2978 3011 3039 ταῖς
3040 2974 3209 3029 πάλαι
3241 2975 3460 3042 γενεαῖς
3493 2971 3575 3024 καὶ

324 3078 489 3122 ventu
511 3068 714 3123 Christi
747 3068 840 3138 qui
863 3068 942 3123 eis
973 3067 1264 3123 illustravit
1300 3083 1520 3123 omnem
1566 3068 1859 3137 Scriptura]

2079 3069 2154 3141 τῷ
2180 3071 2389 3132 Μωσεῖ,
2424 3070 2518 3123 καὶ
2540 3071 2654 3132 τοῖς
2678 3068 2986 3140 προφήταις
3026 3067 3447 3141 πεφανερῶσθαι
3476 3068 3573 3127 τοῖς

324 3157 447 3213 luce
469 3158 815 3227 cognitionis,
842 3172 961 3227 qua:
992 3157 1264 3213 occultata
1288 3156 1510 3211 fuerant
1545 3156 1785 3224 antiquis
1813 3171 1859 3224 gi

2086 3165 2183 3226 ἔοις
2204 3161 2521 3224 ἀποστόλοις
2552 3159 2694 3214 κατά
2730 3159 2827 3231 τὴν
2863 3159 2955 3212 τοῦ
2989 3158 3225 3231 Χριστοῦ
3270 3157 3574 3231 ἐπιδημίαν,

325 3250 719 3316 nerationihus,
755 3266 818 3304 ac
852 3251 953 3320 ipsi
1002 3250 1133 3304 Mosi
1169 3261 1223 3304 ct
1274 3248 1556 3319 prophetis
1588 3268 1602 3302 ;
1636 3248 1729 3303 alii
1778 3261 1906 3300 vero

325 3341 657 3396 verebuntur
693 3342 1005 3406 admittere,
1035 3358 1140 3395 non
1186 3341 1455 3395 audentes
1502 3338 1685 3395 dicere
1721 3335 1905 3392 Mosen

322 3432 499 3486 virum
544 3443 777 3499 tantum,
813 3446 867 3489 et
902 3433 1217 3503 prophetas,
1255 3433 1435 3487 adhuc
1463 3440 1688 3503 agentes
1721 3430 1777 3485 in
1809 3429 1908 3482 hu-

325 3526 524 3592 manis,
559 3541 666 3581 non
702 3536 984 3583 assecutos
1009 3525 1177 3580 fuisse
1207 3540 1327 3593 quae
1354 3524 1584 3594 apostoli
1618 3522 1909 3578 intellexis-

325 3628 474 3675 sent:
516 3619 815 3688 prmsertim
862 3635 985 3673 cum
1018 3620 1134 3673 haec
1170 3619 1224 3671 in
1261 3616 1563 3686 Scripturis
1594 3615 1704 3669 sint
1743 3614 1905 3669 semi-

325 3720 473 3777 nata,
508 3727 646 3780 quas
693 3713 809 3781 ipse
855 3711 1031 3767 Moses
1069 3727 1134 3766 ac
1175 3710 1455 3780 prophetae
1488 3707 1904 3762 administrave-

323 3804 454 3860 rint.
514 3802 622 3860 Sed
670 3805 744 3860 illi
785 3805 945 3875 primi
999 3806 1101 3859 hoc
1156 3804 1308 3859 dicto
1359 3811 1629 3857 utentur:
1684 3818 1704 3851 ι
1752 3798 1906 3853 Multi

322 3895 602 3964 prophetae
627 3903 682 3951 et
712 3894 848 3964 justi
880 3895 1168 3965 cupierunt
1204 3894 1389 3947 videre
1413 3907 1532 3962 quae
1560 3905 1656 3946 vos
1686 3889 1903 3955 videtis,

323 3997 522 4043 et-non
544 3989 834 4056 viderunt;
862 3997 918 4044 et
943 3988 1134 4043 audire
1165 4003 1286 4057 quae
1319 3986 1556 4053 auditis,
1596 3996 1653 4041 et
1677 3999 1783 4041 non
1817 3999 1907 4038 au-

324 4078 542 4134 dierunt
568 4079 622 4145 ⁶;
658 4096 678 4131 ι
706 4079 885 4133 ethoc
918 4079 1081 4132 etiam
1111 4096 1125 4132 :
1173 4098 1192 4128 ι
1225 4078 1366 4133 Ecce
1404 4077 1525 4147 plus
1548 4091 1712 4145 quam
1758 4074 1917 4130 Salo-

322 4187 451 4227 mon
469 4172 571 4227 hoc
598 4172 650 4226 in
678 4172 829 4227 loco'
860 4188 876 4238 ;
909 4190 929 4224 ο
950 4183 1002 4226 et
1038 4172 1129 4226 illo
1150 4172 1315 4226 etiam
1339 4189 1354 4225 :
1381 4191 1399 4223 ι
1422 4171 1480 4225 ln
1511 4171 1633 4226 aliis
1655 4168 1906 4225 aetatibus

323 4279 434 4321 non
462 4264 695 4319 innotuit
726 4263 851 4319 ﬁliis
881 4264 1184 4329 hominum,
1211 4263 1669 4335 quemadmodum
1695 4259 1905 4316 revela-

323 4364 442 4411 tum
494 4364 577 4411 est
603 4369 743 4409 nunc
770 4355 974 4410 sanctis
1004 4355 1263 4425 apostolis
1294 4355 1411 4423 ejus
1429 4364 1484 4407 et
1510 4351 1814 4424 prophetis,
1847 4356 1906 4403 ut

2007 3255 2341 3324 φωτίσαντος
2365 3252 2551 3314 αύτοῖς
2573 3251 2635 3304 τὸ
2661 3249 2773 3320 φῶς
2804 3249 2864 3302 τὸ
2884 3249 2984 3320 τῆς
3010 3249 3263 3318 γνώσεως
3285 3249 3386 3318 τῆς
3413 3249 3573 3318 πάσης

2005 3347 2229 3420 Γραφῆς
2254 3362 2266 3375 ⁸
2317 3345 2492 3417 ἐτεροι
2532 3342 2590 3396 δέ
2625 3343 2915 3414 ὀκνήσουσι
2974 3340 3311 3415 προσέσθαι,
3355 3342 3429 3411 μὴ
3472 3339 3573 3394 τολ-

2008 3439 2217 3511 μῶντες
2248 3437 2429 3506 λέγειν
2456 3435 2546 3489 τὸν
2574 3433 2891 3505 τηλικοῦτον
2915 3433 3142 3495 Μωσέα,
3180 3433 3276 3487 καὶ
3305 3434 3432 3496 τοὺς
3458 3450 3570 3505 προ-

2006 3531 2180 3602 φήτας
2207 3529 2280 3601 μὴ
2319 3526 2613 3598 ἐφθακέναι
2647 3524 2727 3578 ἐτι
2756 3523 2916 3588 ὄντας
2955 3525 3013 3577 ἐν
3036 3522 3114 3594 τῷ
3151 3523 3260 3577 τῶν
3290 3521 3573 3595 ἀνθρώπων

2008 3622 2108 3693 βίῳ
2131 3621 2221 3675 ἐπὶ
2241 3621 2310 3674 τὰ
2333 3622 2445 3682 τοῖς
2468 3618 2785 3681 ἀποστόλοις
2813 3615 3132 3687 νενοημένα,
3164 3614 3261 3669 καὶ
3289 3613 3445 3667 τοῦτο
3467 3616 3572 3675 ταῖς

2006 3714 2177 3778 θείαις
2207 3714 2450 3783 Γραφαῖς
2479 3711 2891 3782 ἐνεσπαρμένα,
2923 3711 3042 3774 ταῖς
3072 3708 3162 3761 ὑπ’
3196 3706 3377 3761 αὐτῶν
3405 3707 3571 3760 διακο-

2004 3809 2300 3882 νηθείσαις.
2336 3807 2644 3878 Χρήσονται
2696 3804 2755 3858 δὲ
2789 3805 2838 3857 οἱ
2877 3802 3128 3875 πρότεροι
3168 3800 3250 3871 τῷ
3273 3818 3287 3831 -
3343 3820 3363 3851 ι
3400 3797 3571 3852 Πολλοὶ

2006 3902 2281 3975 προφῆται
2316 3899 2412 3954 καὶ
2437 3898 2634 3953 δίκαιοι
2660 3895 3016 3966 ἐπεθύμησαν
3049 3893 3178 3947 ἰδεῖν
3207 3893 3244 3946 ἃ.
3278 3892 3434 3963 ὑμεῖς
3458 3889 3569 3961 βλέ-

2006 4011 2159 4057 πετε,
2189 3992 2285 4046 καὶ
2318 3992 2418 4046 οὐκ
2467 3986 2604 4044 εἶδον
2623 4006 2637 4020 ·
2682 3989 2777 4043 καὶ
2822 3987 3053 4041 ἀκοῦσαι
3107 3984 3144 4039 ἀ
3198 3984 3444 4049 ἀκούετε,
3484 3980 3570 4037 καὶ

2004 4085 2105 4138 οὐκ
2159 4084 2423 4156 ἥκουσαν·
2482 4100 2502 4133 ι
2558 4081 2652 4135 καί
2676 4097 2690 4112 ο
2745 4099 2764 4131 ι
2812 4079 2943 4133 Ἰδοὺ
3007 4076 3190 4129 πλεῖον
3244 4075 3568 4146 Σολομιῖιντος

2005 4167 2167 4228 ὧδεοι
2187 4172 2281 4226 καὶ
2312 4171 2446 4242 τῷοι
2473 4169 2717 4241 Ἑτέραις
2749 4169 2965 4237 γενεαῖς
3012 4167 3113 4220 οὐκ
3133 4163 3436 4239 ἐγνωρίσθη
3466 4165 3568 4225 τοῖς

2009 4267 2141 4327 υἱοῖς
2210 4262 2315 4316 τῶν
2374 4262 2676 4334 ἀνθρώπων
2698 4302 2714 4325 ,
2776 4261 2852 4325 ὡς
2910 4258 3004 4312 νῦν
3058 4257 3418 4329 ἀπεκαλύφθη
3467 4258 3566 4317 τοῖς

2007 4354 2181 4422 ἁγίοις
2228 4352 2547 4416 ἀποστόλοις
2585 4350 2786 4419 αὐτοῦ,
2831 4351 2925 4404 καὶ
2964 4349 3276 4420 προφήταις
3325 4343 3458 4401 εἶναι
3504 4344 3566 4415 τὲ

324 4448 437 4505 sint
458 4458 647 4519 gentes
668 4447 998 4512 cohaeredes,
1016 4456 1071 4501 et
1106 4449 1343 4516 ejusdem
1382 4445 1653 4514 corporis,
1680 4455 1859 4498 conSOI

2079 4463 2135 4516 νη
2170 4444 2584 4515 συγκληρονόμα
2603 4483 2618 4507 ,
2646 4444 2741 4496 καὶ
2794 4442 3055 4512 σύσσωμα
3077 4480 3093 4503 ,
3130 4440 3226 4493 καὶ⁹
3270 4438 3565 4510 συμμέτοχα

326 4548 513 4609 tesque
543 4537 707 4608 259
733 4538 1107 4609 promissionis
1140 4539 1193 4591 in
1228 4536 1449 4593 Christo
1477 4535 1517 4588 ³.
1558 4554 1576 4586 ι
1613 4535 1902 4589 Adducent

323 4633 487 4687 etiam
526 4633 577 4685 hi
612 4629 743 4687 illud
781 4631 922 4701 quod
955 4629 1138 4684 Daniel
1172 4639 1291 4700 post
1319 4626 1612 4698 quamdam
1635 4625 1899 4680 “sionem

326 4724 543 4793 scripsit
571 4742 617 4779 ει
648 4722 966 4786 Surrexi,et
989 4738 1095 4777 non
1128 4731 1248 4777 erat
1273 4721 1363 4789 qui
1398 4718 1724 4788 intelligeret
1753 4718 1798 4748 θ’
1825 4734 1840 4783 ;
1871 4734 1892 4770 ι

324 4828 381 4874 et
409 4816 536 4871 illud
564 4815 714 4871 Isaiae
746 4834 760 4872 :
793 4833 812 4867 ι
844 4813 1134 4870 Sermones
1160 4812 1320 4882 hujus
1351 4811 1473 4867 libri
1499 4809 1806 4866 suntveluti
1833 4810 1899 4864 li-

324 4910 424 4966 ber
451 4908 685 4964 hominis
717 4908 963 4978 signatus
991 4920 1007 4959 :
1037 4920 1196 4976 quem
1232 4905 1408 4974 ipsum
1441 4903 1488 4959 si
1517 4901 1772 4958 dederint
1798 4901 1898 4956 ho-

324 5004 461 5060 mini
494 5002 756 5059 nescienti
788 5002 1023 5069 litteras,
1049 5000 1292 5055 dicentes
1321 5017 1332 5052 :
1368 4996 1538 5068 Lege,
1569 4995 1714 5051 dicet
1749 5011 1764 5048 :
1795 4993 1898 5049 Ne-

324 5098 442 5153 scio
479 5095 723 5160 litteras;
768 5104 819 5148 et
856 5094 1059 5149 dabunt
1089 5093 1239 5146 illum
1276 5092 1485 5145 homini
1521 5088 1717 5145 scienti
1748 5088 1898 5141 litte-

326 5206 437 5254 ras,
460 5199 517 5244 et
547 5189 691 5242 dicet
728 5201 742 5239 :
772 5187 884 5239 Non
923 5199 1142 5254 possunt
1182 5184 1363 5253 legere
1393 5222 1407 5244 ,
1455 5198 1520 5236 eo
1546 5182 1690 5251 quod
1715 5182 1898 5251 signa-

325 5281 581 5337 tussit’.
627 5299 646 5332 ›
682 5278 887 5333 Rursus
928 5278 1017 5332 alii
1069 5278 1184 5331 hac
1236 5275 1420 5330 omnia
1469 5274 1573 5329 hac
1624 5271 1893 5329 sententia

324 5373 646 5427 destruent:
686 5388 706 5421 ι
762 5369 990 5437 Sapiens
1045 5367 1320 5435 intelliget
1377 5380 1499 5436 qua:
1544 5379 1611 5420 ex
1664 5379 1762 5419 ore
1794 5377 1894 5419 suo

2006 4537 2103 4607 τῆς
2127 4536 2457 4606 ἐπαγγελίας
2498 4537 2555 4588 ἐν
2578 4532 2816 4606 Χριστῷ·
2835 4545 2854 4579 ι
2880 4534 3071 4606 καὶτῷ
3089 4533 3148 4586 ἐν
3173 4528 3254 4601 τῷ
3271 4530 3460 4602 Δανιὴλ
3483 4545 3564 4597 γε·

2005 4629 2309 4702 γραμμένῳ
2344 4627 2484 4699 μετά
2528 4644 2648 4681 τινα
2674 4627 2884 4698 ὅρασιν,
2932 4625 3042 4686 ὅτι,
3082 4641 3102 4674 ‹
3155 4624 3432 4694 ’Δνέστην,
3481 4621 3561 4675 καὶ

2004 4722 2104 4775 οὐκ
2123 4717 2192 4793 ἦν
2217 4722 2245 4773 6
2274 4719 2489 4774 συνιών·
2523 4739 2542 4771 ι
2582 4717 2778 4789 καὶτῷ
2819 4718 2878 4770 ἐν
2906 4715 2984 4788 τῷ
3023 4717 3238 4787 Ἡσαΐᾳ·
3271 4733 3292 4767 σ
3334 4717 3477 4770 Εἰσὶν
3514 4714 3559 4765 οἱ

2004 4814 2151 4882 λόγοι
2176 4812 2270 4866 τοῦ
2300 4812 2502 4884 βιϐλίου
2523 4811 2712 4864 τούτου
2737 4810 2813 4873 ὡς
2840 4808 3039 4879 βιϐλίον
3063 4806 3354 4878 ἀνθρώπου
3383 4810 3559 4876 ἐσφρα-

2005 4904 2286 4975 γισμένον,
2317 4903 2345 4955 ὃ
2366 4902 2458 4955 ἐὰν
2494 4901 2656 4955 δῶσιν
2688 4898 2820 4953 αὐτὸ
2845 4897 3117 4970 ἀνθρώπῳ
3144 4898 3222 4969 μὴ
3246 4895 3557 4967 ἐπισταμένῳ

2006 5001 2311 5071 γράμματα
2351 4997 2617 5064 λέγοντες·
2678 4991 2993 5062 Ἀνάγνωθι,
3030 4991 3164 5061 spei"
3202 4991 3318 5044 Οὐκ
3358 4990 3555 5042 ἐπίστα-

2011 5107 2106 5160 μαι
2131 5088 2453 5160 γράμματα’
2488 5085 2582 5139 καὶ
2620 5082 2881 5137 δώσουσιν
2912 5082 3043 5135 αὐτὸ
3065 5079 3339 5153 ἀνθρώπῳ
3360 5081 3554 5132 ἐπιστα-

2009 5177 2153 5249 μένῳ
2189 5177 2515 5249 γράμματα,
2557 5174 2651 5227 καὶ
2704 5174 2838 5245 ἐρεῖ·
2872 5171 2947 5225 Ού
2985 5169 3222 5240 δύναμαι
3249 5166 3549 5237 ἀναγνῶναι,

2003 5268 2363 5340 ἐσφράγισται
2396 5267 2524 5337 γάρ.
2545 5284 2563 5315 ι
2600 5266 2664 5319 Οἱ
2686 5263 2745 5317 δὲ
2769 5263 3008 5334 δεύτεροι
3042 5260 3218 5316 ταῦτα
3256 5260 3431 5314 πάντα
3458 5258 3549 5310 δια-

2003 5362 2253 5414 λύσονται
2282 5357 2377 5430 τῷ·
2413 5376 2430 5409 ι
2463 5356 2630 5425 Σοφὸς
2657 5357 2837 5425 νοήσει
2867 5353 2937 5407 τά
2963 5352 3071 5406 ἀπὸ
3092 5349 3186 5404 τοῦ
3222 5350 3351 5404 ἰδίου
3383 5348 3549 5417 στόμα·

396 5513 412 5543 ¹
446 5510 634 5566 Matth.
667 5526 794 5571 vm,
835 5510 920 5564 ll.
996 5511 1017 5541 '
1051 5508 1239 5562 Matth.
1263 5523 1401 5571 xvn,
1444 5506 1556 5559 1-3.
1631 5506 1652 5535 ³
1676 5503 1832 5560 Joan.
1885 5518 1958 5562 tv.
1988 5498 2079 5555 56.
2152 5497 2175 5528 ⁸
2209 5492 2495 5571 ἰι)ἱ‹1.-ζ²›ξ.Δ
2539 5488 2718 5546 "ibid.
2785 5488 2998 5543 'Matth.
3029 5501 3147 5551 xm,
3178 5484 3267 5539 Π.
3336 5482 3359 5516 "
3385 5478 3543 5536 Matth.

325 5594 424 5644 xu,
452 5581 540 5636 42.
627 5582 648 5613 ⁸
698 5580 892 5650 Ephes.
936 5594 1011 5641 nt,
1064 5580 1117 5645 5,
1150 5580 1205 5635 6.
1305 5579 1347 5609 ⁸·
1397 5579 1531 5632 Dan.
1570 5590 1693 5637 vm,
1733 5577 1820 5627 :Zti.

374 5760 387 5772 ,
420 5680 510 5773 θῖ)
536 5705 621 5770 Τῷ
649 5702 963 5772 γαθολικῷ.
998 5702 1088 5760 Sic
1110 5703 1275 5760 codex
1302 5686 1661 5765 Bodleianus;
1705 5697 1756 5751 in
1788 5695 1898 5752 Rc-

337 5778 428 5833 8¹⁰
447 5776 591 5830 deest
621 5780 715 5843 τῷ,

1922 5574 1942 5603 ν
1976 5572 2099 5625 lsai.
2137 5582 2286 5629 xm,
2313 5565 2398 5629 11,
2433 5563 2521 5619 19..

2079 5690 2189 5758 (92)
2223 5688 2314 5746 Sic
2343 5687 2505 5743 habet
2539 5684 2706 5742 codex
2736 5680 3091 5745 Bodle'ianus;
3128 5679 3184 5733 in
3226 5676 3395 5747 Regio
3423 5674 3546 5728 deest

2006 5768 2169 5832 τινές.
