3702 6142
138 372 228 426 ιεε

1151 361 1501 420 COMMENT.
1537 360 1602 416 IN
1636 359 1831 418 JOAN.
1867 360 2104 420 TOMUS
2142 361 2280 418 Xlll.

3221 367 3327 423 480

136 509 227 557 eo"
258 488 342 543 ἀπὶ
363 487 418 541 δὲ
446 487 644 558 χείλεσι
669 488 831 558 φορεῖ
856 486 1320 557 ὲπιγνωμοσύνηψ
1358 504 1377 536 ι
1417 485 1659 554 λέγοντες

1847 483 2110 549 ›‹ιιι›υπι;
2176 484 2232 537 in
2303 482 2461 539 labiis
2518 492 2698 539 autem
2756 482 2871 539 suis
2923 493 3097 556 gestat
3143 487 3328 544 scien-

136 578 312 637 Μωσέα
349 578 440 632 καὶ
485 579 711 632 ἕκαστον
742 578 1035 650 προφητῶν
1066 577 1134 630 τά
1156 577 1541 649 διακονηθέντα
1572 576 1663 629 ὑπ’

133 670 288 727 αὐτῶν
314 669 632 738 νενοηκέναι,
657 669 755 739 οὐχ
791 668 930 721 ὥστε
962 668 1056 721 καὶ
1098 667 1301 739 ἑτέροις
1336 666 1667 738 παραδοῦναι

133 765 211 819 καὶ
242 760 527 830 ἀναπτύξαι
562 761 630 817 τά
664 761 956 833 μυστήρια’
1001 762 1126 824 τοὺς
1159 760 1408 831 μέντοιγε
1443 759 1670 814 ἀποστό-

132 858 253 921 λους,
299 854 370 918 ὡς
394 855 450 907 ὲν
491 852 669 925 καιρῷ
704 851 1097 922 ἀποκαλύψεως
1119 851 1466 923 γενομένους,
1493 853 1666 905 εἰπεῖν

130 949 201 1003 ἄν·
238 964 256 997 ι
283 945 509 1016 Στήκετε
543 941 678 1014 (95),
711 945 805 997 καὶ
834 946 1083 1015 κρατεῖτε
1112 943 1211 1007 τάς
1239 943 1564 1016 παραδόσεις
1600 942 1667 1006 ἃς

130 1036 425 1109 ἐδιδάχθητε·
467 1055 488 1088 ι
521 1036 633 1101 καὶ,
670 1054 689 1086 ι
736 1035 804 1088 Ἃ
831 1035 1069 1105 ῆκουσας
1095 1034 1223 1107 παρ’
1255 1034 1390 1105 ἐμοῦ
1423 1034 1509 1087 διὰ
1536 1035 1665 1087 πολ-

130 1129 219 1181 λῶν
257 1129 561 1199 μαρτύρων,
610 1126 781 1180 ταῦτα
809 1127 1053 1199 παράθου
1086 1128 1295 1190 πιστοῖς
1339 1125 1663 1196 ἀνθρώποις,

128 1220 295 1281 οίτινες
316 1218 481 1272 ἱκανοὶ
514 1218 726 1271 ἔσονται
752 1219 845 1272 καὶ
876 1219 1093 1287 ἐτέρους
1112 1216 1336 1281 διδάξαι·
1380 1236 1397 1267 ι
1427 1218 1539 1274 καὶ.
1562 1217 1663 1281 ὅτι,

127 1309 482 1379 ιί-ὲπεθύμουν
511 1309 696 1363 πολλοὶ
746 1311 1021 1380 προφῆται
1066 1309 1162 1362 καὶ
1213 1308 1409 1362 δίκαιοι
1462 1308 1587 1361 ίδεῖν
1631 1308 1667 1361 ἃ

127 1400 325 1456 ιϐλεπον
372 1403 420 1453 οί
462 1400 773 1467 ἀπόστολοι,
818 1401 911 1455 καὶ
949 1400 986 1454 a
1030 1400 1247 1471 ῆκουον,
1288 1399 1535 1467 λέγοντος
1571 1399 1664 1451 τοῦ

128 1495 369 1566 Σωτῆρος,
400 1495 462 1547 οὐ
518 1494 736 1558 πάντως
762 1493 829 1547 τά
856 1493 965 1548 τῶν
1002 1492 1241 1564 νομικῶν
1288 1491 1518 1562 Γραφῶν
1572 1492 1668 1545 καὶ

128 1585 447 1658 προφητικῶν
468 1585 802 1657 ἐπεθύμουν,
830 1583 964 1640 ἀλλά
996 1583 1200 1638 τούτων
1234 1583 1454 1655 μείζονα
1489 1584 1666 1651 ἀπαγ-

126 1676 407 1749 γελλόμενα,
453 1677 593 1749 πρὸς
619 1678 734 1739 τοῖς
783 1678 1166 1746 πνευματικοῖς
1219 1673 1312 1727 τοῦ
1364 1673 1527 1744 νόμου
1573 1673 1665 1727 καὶ

126 1771 221 1832 τοῖς
258 1769 583 1841 ἀπορρήτοις
625 1768 735 1822 τῶν
766 1767 1079 1839 προφητῶν,
1120 1766 1224 1820 ὑπὸ
1276 1765 1369 1819 τοῦ
1412 1765 1661 1835 Σωτῆρος

1770 575 1896 628 tiam
1936 574 2015 640 ¹⁰;
2058 593 2078 627 ›
2131 574 2376 629 dicentes
2419 573 2599 630 Mosen
2631 583 2685 629 et
2737 590 3175 647 unumquemque
3204 595 3330 649 pro-

1765 665 2051 734 phetarum
2087 664 2439 731 intellexisse,
2480 681 2602 736 quae
2647 666 2747 735 ipsi
2794 667 3320 736 administraverint,

1766 772 1874 810 non
1915 767 2092 810 tamen
2126 767 2184 811 ut
2221 756 2343 811 aliis
2389 759 2554 812 etiam
2603 759 2882 815 traderent
2917 762 3331 833 revelarentque

1765 848 2057 916 mysteria;
2092 847 2370 917 apostolos
2397 863 2527 903 vero
2554 888 2569 914 ,
2604 857 2662 903 ut
2711 850 2800 918 qui
2836 860 3076 920 tempore
3126 855 3333 908 revela-

1766 936 1928 991 tionis
1958 939 2293 1003 exstiterint,
2323 938 2505 994 dicere
2535 956 2550 992 :
2587 958 2606 991 ι
2641 941 2796 997 State
2819 981 2835 1007 ,
2864 953 2920 996 et
2949 952 3129 997 tenete
3161 946 3328 998 tradi-
3358 982 3366 995 .

1766 1028 1941 1085 tiones
1968 1069 1984 1095 ,
2030 1046 2166 1099 quas
2213 1033 2390 1087 edocti
2432 1032 2612 1088 fuistis
2641 1033 2682 1063 “
2727 1054 2739 1090 :
2784 1053 2803 1086 ι
2846 1043 2901 1088 et
2932 1035 3106 1090 illud:
3142 1052 3163 1087 ι
3200 1036 3332 1103 Quae

1766 1124 1962 1179 audisti
1991 1140 2019 1178 a
2052 1139 2137 1179 me
2168 1141 2264 1194 per
2307 1126 2508 1181 multos
2539 1134 2727 1192 testes,
2751 1126 2863 1179 haec
2886 1136 3127 1195 properie
3156 1128 3332 1182 homi-

1765 1216 1926 1271 nibus
1962 1216 2214 1273 ﬁdelibus
2240 1260 2255 1284 ,
2311 1219 2404 1288 qui
2448 1218 2627 1273 idonei
2662 1225 2821 1273 erunt
2852 1218 2988 1274 alios
3016 1220 3183 1275 etiam
3229 1222 3328 1275 do.

1764 1320 1891 1362 cere
1922 1308 1964 1339 ¹¹
1992 1325 2007 1365 :
2041 1327 2060 1360 ι
2090 1310 2413 1385 (Ιίοθιιιίιιιθ,
2434 1309 2481 1364 si
2507 1307 2887 1365 desiderarunt
2910 1310 3068 1365 multi
3097 1311 3330 1380 propheo

1768 1408 1834 1454 tas
1862 1409 1917 1454 et
1939 1400 2074 1470 justi
2105 1402 2292 1457 videre
2320 1416 2445 1470 quae
2479 1401 2737 1457 viderunt
2784 1411 2839 1458 et
2886 1402 3178 1457 audierunt
3201 1417 3327 1471 apo.

1767 1489 1891 1544 stoli
1934 1506 1962 1543 a
1994 1490 2286 1549 Servatore
2331 1493 2583 1561 loquente
2613 1493 2676 1559 ¹³,
2726 1506 2832 1548 non
2866 1493 3092 1548 omnino
3121 1494 3329 1549 deside-

1769 1596 1923 1638 rasse
1973 1583 2288 1655 Scripturas
2338 1585 2472 1656 legis
2523 1594 2579 1641 et
2626 1586 3060 1657 prophetarum,
3097 1586 3190 1641 sed
3246 1586 3330 1640 bis

1767 1673 1973 1742 majora
2009 1691 2026 1730 :
2060 1692 2254 1747 nempe
2284 1693 2403 1747 quae
2440 1676 2702 1733 Servator
2750 1677 3013 1747 apostolis
3047 1676 3330 1732 enuntias-

1766 1774 1869 1832 set,
1894 1776 2094 1837 praeter
2124 1770 2424 1838 spiritualia
2458 1771 2593 1842 legis
2637 1778 2695 1826 et
2744 1769 2996 1825 abstrusa
3035 1771 3330 1840 propheta-

123 1861 218 1923 τοῖς
234 1832 573 1942 (immediate;
588 1860 748 1912 ὁποῖα
872 1832 951 1911 τάξ
1002 1876 1021 1910 ι
1052 1858 1295 1911 Ἤκουσα
1323 1858 1535 1929 ἀρῤητα

1847 1832 1911 1923 m,
1945 1858 2010 1914 de
2039 1832 2270 1930 quorum
2307 1832 2538 1917 numero
2586 1862 2716 1916 illud
2759 1870 2878 1916 erat
2916 1877 2931 1919 :
2961 1879 2982 1913 ι
3018 1832 3209 1916 Audivi
3241 1876 3331 1913 ar-

126 1967 269 2020 ματα,
293 1949 438 2005 ἀούκ
461 1950 585 2013 ἐξὸν
618 1949 889 2022 ἀνθρώπῳ
922 1950 1177 2020 λαλῆσαι,
1216 1969 1234 2001 ›
1256 1950 1352 2004 καὶ
1384 1950 1666 2021 παραπλή-

123 2055 201 2093 σια
225 2041 329 2103 τοῖς
347 2039 464 2093 ⁸ιῖιπὸ
496 2039 591 2093 τοῦ
626 2040 978 2112 Παρακλήτου
998 2039 1328 2111 λεγομένοις.
1356 2042 1476 2093 Ἔτι
1498 2041 1555 2094 δὲ
1574 2040 1665 2093 καὶ

120 2130 172 2183 ὲν
184 2130 377 2195 τούτοις
409 2131 523 2204 (94)
573 2131 634 2186 τὸ
664 2132 828 2205 ῥητὸν
868 2131 1209 2204 θεασώμεθα,
1236 2127 1346 2186 οἷον
1374 2129 1512 2186 εἷναί
1545 2150 1665 2186 τινα

118 2222 359 2293 διηγεῖται
384 2222 474 2277 τὸν
509 2223 792 2295 θερίζοντα
815 2223 1005 2295 μισθὸν
1046 2223 1341 2294 λαμϐάνειν
1360 2224 1475 2289 ,καὶ
1508 2224 1666 2279 συνά-

119 2330 222 2383 γειν
249 2316 451 2388 καρπὸν
476 2318 559 2380 είς
592 2314 736 2387 ζωὴν
765 2314 981 2370 αἰώνιον
998 2318 1026 2369 6
1046 2315 1452 2385 εὐαγγελιστὴς,
1470 2314 1661 2384 λέγων·

123 2423 142 2457 ι
177 2407 284 2461 Ἵνα
307 2408 335 2460 6
366 2407 608 2479 σπείρων
640 2407 775 2478 ὁμοῦ
810 2406 995 2479 χαίρῃ,
1029 2407 1123 2461 καὶ
1158 2408 1187 2459 6
1233 2406 1479 2479 θερίζων.
1531 2426 1549 2458 ι
1603 2408 1666 2460 Ei

118 2494 169 2549 δὲ
200 2496 279 2550 ἶνα
303 2497 333 2549 6
371 2497 612 2570 σπείρων
650 2497 783 2569 ὁμοῦ
827 2499 1013 2571 χαίρῃ,
1036 2498 1130 2552 καὶ
1153 2500 1181 2552 6
1219 2497 1449 2570 θερίζων
1477 2497 1667 2569 μισθὸν

119 2586 380 2659 λαμϐάνει,
415 2591 511 2644 καὶ
545 2591 769 2658 συνάγει
790 2591 1002 2662 καρπὸν
1030 2592 1110 2655 εἰς
1138 2590 1282 2662 ζωὴν
1313 2590 1547 2655 αἰώνιον,
1573 2591 1668 2645 τά-

120 2694 179 2745 χα
217 2680 243 2730 6
288 2681 546 2752 σπείρων,
585 2680 853 2736 κοινωνῶν
897 2680 977 2752 τῷ
1012 2681 1190 2752 μισθῷ
1214 2682 1305 2735 τοῦ
1341 2680 1665 2753 θερίζοντος,

118 2768 198 2821 καὶ
217 2773 279 2841 τῇ
309 2774 601 2843 συναγωγῇ
644 2771 743 2826 τοῦ
778 2774 857 2835 εἰς
884 2772 1028 2844 ζωὴν
1060 2772 1274 2827 αἰώνιον
1306 2772 1666 2843 συναγομένου

119 2861 329 2931 καρποῦ,
358 2863 473 2933 ἀμα
504 2863 586 2934 τῷ
622 2862 887 2935 θερίζοντι
914 2865 1235 2935 χαρήσεται.
1269 2864 1460 2928 ΙἌλλος
1487 2864 1544 2917 δέ
1585 2881 1669 2927 τις

118 2950 219 3020 ἐρεῖ
238 2951 330 3005 ὅλα
359 2952 426 3007 τά
452 2954 657 3025 νομικά
686 2956 779 3007 καὶ
809 2954 880 3008 τά
917 2954 1233 3027 προφητικά
1260 2955 1501 3027 ἀκριϐῶς
1529 2954 1668 3009 κατά

116 3040 199 3111 τὴν
214 3044 582 3117 πνευματικὴν
621 3044 846 3116 ἐκδοχὴν
884 3045 1181 3117 νενοημένα
1219 3047 1408 3099 Μωσεῖ
1437 3046 1669 3110 καὶτοῖς

1766 1961 1901 2002 cana
1931 1951 2119 2019 verba,
2155 1966 2276 2021 quae
2316 1967 2424 2007 non
2469 1954 2597 2009 licet
2631 1954 2698 2007 ad
2730 1952 3004 2007 hominem
3033 1953 3175 2023 loqui
3204 1951 3271 2020 η,
3302 1971 3326 2007 ι

1764 2046 1819 2093 et
1850 2039 2049 2094 similia
2085 2042 2169 2095 his
2197 2057 2316 2109 quae
2341 2043 2599 2098 dicuntur
2655 2058 2686 2097 a
2729 2042 3029 2098 Paracleto.
3061 2042 3329 2098 Praeterea

1765 2145 1897 2187 vero
1927 2131 2092 2187 etiam
2125 2133 2176 2186 in
2212 2134 2297 2187 his
2329 2143 2645 2189 contextum
2675 2134 3108 2198 consideremus,
3142 2147 3331 2201 quent-

1767 2222 2059 2277 admodum
2089 2226 2378 2291 quemdam
2404 2239 2526 2281 esse
2549 2233 2864 2290 metentem,
2896 2224 2988 2294 qui
3023 2224 3329 2278 mercedem

1766 2315 1997 2385 accipiat
2020 2324 2077 2369 et
2106 2326 2399 2387 congreget
2446 2317 2681 2371 fructum
2723 2317 2776 2370 in
2830 2317 2993 2369 vitam
3046 2322 3330 2380 aeternam,

1767 2417 1951 2462 narrat
1984 2408 2341 2477 evangelista,
2392 2409 2583 2465 dicens
2615 2425 2630 2465 :
2673 2425 2692 2459 ι
2740 2407 2808 2461 Ut
2852 2406 2943 2475 qui
2977 2406 3232 2470 seminat,
3258 2406 3333 2459 si-

1768 2499 1878 2554 mul
1915 2504 2166 2570 gaudeat,
2197 2508 2252 2554 et
2284 2501 2377 2569 qui
2413 2501 2569 2554 metit
2600 2501 2666 2554 ¹⁵.
2707 2518 2726 2548 ι
2758 2498 2892 2553 Nam
2927 2498 3000 2563 si,
3031 2506 3091 2550 ut
3129 2497 3219 2566 qui
3248 2511 3332 2551 se-

1768 2590 1938 2644 minat
1978 2590 2138 2644 simul
2185 2593 2457 2659 gaudeat,
2491 2601 2546 2645 et
2595 2591 2641 2646 si
2689 2590 2783 2660 qni
2820 2589 2976 2644 metit
3027 2588 3332 2644 mercedem

1767 2679 1988 2750 accipit,
2017 2689 2072 2735 et
2118 2691 2416 2751 congregat
2460 2679 2697 2735 fructum
2746 2679 2801 2733 in
2855 2678 3019 2732 vitam
3049 2688 3329 2743 aeternam,

1769 2766 2021 2824 fortassis
2071 2770 2163 2839 qui
2204 2771 2440 2824 seminat
2485 2769 2819 2839 participans
2853 2769 3157 2824 mercedem
3208 2783 3330 2823 cum

1771 2868 2046 2925 metente,
2099 2869 2155 2914 et
2183 2861 2559 2915 collectionem
2595 2863 2810 2917 lructus
2866 2860 2957 2929 qui
3011 2860 3332 2913 convehitur

1770 2949 1824 3003 in
1856 2949 2019 3003 vitam
2069 2961 2328 3005 aeternam
2356 2991 2373 3016 ,
2416 2952 2575 3007 simul
2616 2966 2737 3006 cum
2789 2958 3023 3005 metente
3052 2950 3331 3020 gaudebit.

1770 3040 1842 3095 At
1867 3040 2005 3097 alius
2037 3042 2254 3111 quidam
2286 3043 2533 3098 dicturus
2557 3051 2657 3107 est,
2698 3044 2877 3097 omnia
2915 3042 3107 3112 legalia
3134 3050 3186 3096 et
3208 3056 3332 3111 pm-

115 3137 419 3208 προφήταις,
457 3138 557 3191 καὶ
596 3138 670 3201 ὡς
700 3138 869 3209 ἐχρῆν
912 3138 1344 3210 κεκαλυμμένως
1383 3139 1477 3193 καὶ
1515 3138 1659 3190 ὲσκε-

1847 3133 1984 3187 etica
2009 3132 2195 3188 Mosen
2247 3149 2313 3188 ac
2353 3134 2646 3204 prophetas
2688 3142 2942 3188 accurate
2979 3133 3330 3198 intellexisse,

114 3228 389 3299 πασμένως
415 3230 884 3300 ἀναγεγραμμένα
912 3228 984 3283 τὰ
1010 3229 1328 3301 ἐσπαρμένα
1360 3226 1515 3283 εἶναι·
1545 3229 1666 3282 ἐπεὶ

109 3319 162 3373 δὲ
191 3340 208 3373 ι
239 3321 387 3391 λόγον
418 3322 589 3392 σοφὸν
618 3321 712 3375 ὲάν
748 3320 955 3393 ἀκούσῃ
990 3324 1325 3394 ἐπιστήμων,
1346 3321 1549 3375 αἰνέσει
1578 3323 1669 3375 αὐο

112 3411 209 3477 τὸν,
230 3414 319 3468 καὶ
343 3416 429 3467 ἐπ’
450 3414 617 3467 αὐτὸν
631 3413 945 3486 προσθήσει,
975 3434 993 3466 ι
1021 3414 1195 3485 δῆλον,
1222 3415 1302 3468 ὅτι
1319 3415 1367 3468 οἱ
1383 3414 1668 3491 ἀπᾴστολοι

113 3503 401 3575 σπέρμασιν
447 3503 904 3575 ἀπορρητοτέρων
932 3503 1026 3556 καὶ
1051 3502 1362 3575 βαθυτέρων
1388 3504 1669 3576 χρησάμε-

112 3610 202 3657 νοι,
232 3598 340 3660 τοῖς
367 3596 476 3650 ὑπὸ
511 3594 796 3650 Μωῦσέως
823 3597 918 3649 καὶ¹
957 3594 1064 3648 τῶν
1096 3595 1388 3667 προφητῶν
1414 3596 1670 3667 νενοημέ-

108 3702 209 3751 νοις
259 3687 404 3760 (95),
433 3689 825 3762 διαϐεϐήκασιν
870 3689 964 3742 ὲπὶ
1012 3686 1073 3741 τὸ
1110 3690 1190 3751 εἰς
1237 3688 1670 3741 πολλαπλασίονα

111 3779 297 3849 φθάσαι
319 3781 420 3852 τῆς
444 3781 707 3853 ἀληθείας
727 3781 994 3852 θεάματα,
1038 3778 1211 3852 Ἰησοῦ
1240 3780 1553 3851 ἐπαίροντος
1580 3779 1671 3834 αὐ-

106 3870 203 3925 τῶν
230 3873 353 3938 τοὺς
382 3871 722 3943 ὀφθαλμοὺς,
754 3873 847 3927 καὶ
876 3871 1195 3942 φωτίζοντος
1212 3872 1395 3942 ⁸αὐτῶν
1429 3872 1526 3936 τὰς
1552 3873 1669 3926 δια-

106 3962 259 4028 νοίας,
302 3964 397 4018 καὶ
428 3961 499 4037 ἦν
540 3964 613 4018 τά
659 3962 1093 4017 πολλαπλασίονα
1129 3962 1384 4034 θερισμὸς
1414 3963 1520 4017 τῶν
1550 3964 1671 4018 λευ-

106 4055 206 4109 κῶν
230 4056 339 4129 (96)
370 4056 592 4130 χωρῶν
618 4057 715 4129 οὐχ
744 4057 820 4122 ὡς
840 4055 1214 4129 ὑποδεέστεροι
1242 4054 1301 4108 δὲ
1331 4057 1380 4109 οἱ
1398 4056 1670 4128 προφῆται

107 4148 191 4201 καὶ
209 4150 412 4221 Μωσῆς
458 4148 704 4221 ἀρχῆθεν
732 4149 832 4203 οὐκ
861 4144 997 4202 εἶδον
1033 4147 1144 4219 (97)
1175 4149 1273 4202 ὅσα
1303 4147 1353 4201 oi
1386 4148 1671 4204 ἀπόστολοι

107 4238 235 4292 κατά
253 4239 351 4312 τὴν
392 4239 575 4311 Ἰησοῦ
605 4239 916 4311 ἐπιδημίαν,
942 4237 1056 4292 ἀλλ’
1090 4237 1165 4302 ὡς
1204 4237 1587 4309 περιμένοντες
1611 4238 1672 4292 τὸ

106 4330 366 4403 πλήρωμα
387 4332 485 4385 τοῦ
506 4332 725 4404 χρόνου,
750 4333 809 4384 ὲν
828 4324 873 4399 ᾧ
895 4330 1061 4403 ἐχρῆν
1102 4328 1240 4401 μετά
1264 4328 1356 4382 τοῦ
1395 4328 1670 4399 ὲξαιρέτου

104 4420 193 4493 ⁴ιῆς
232 4423 404 4495 Ἰησοῦ
427 4422 670 4495 Χριστοῦ
693 4422 1002 4495 ἐπιδημίας,
1034 4421 1127 4475 καὶ
1159 4419 1408 4493 ἐξαίρετα
1433 4420 1581 4491 παρὰ
1603 4419 1671 4473 τὰ

1769 3221 1926 3288 juxta
1955 3223 2291 3293 spiritualem
2327 3224 2759 3294 intelligentiam,
2797 3233 2888 3288 et,
2935 3234 2995 3277 ut
3022 3223 3330 3293 oportebat.

1774 3322 1911 3368 tecte
1943 3324 2000 3368 et
2028 3315 2371 3369 considerate
2399 3315 2604 3383 scripta
2631 3355 2647 3379 ,
2680 3328 2743 3368 ea
2773 3329 2898 3369 esse
2918 3329 3038 3383 quae
3066 3314 3331 3369 seminata

1772 3413 1942 3472 sunt;
1994 3406 2252 3475 quoniam
2300 3415 2481 3460 autem
2517 3425 2535 3458 ι
2581 3408 2627 3462 si
2673 3420 2982 3462 sermonem
3031 3406 3331 3475 sapientem

1773 3497 2011 3551 audierit
2057 3497 2298 3566 Sapiens,
2349 3497 2592 3552 laudabit
2628 3512 2750 3551 eum
2773 3538 2789 3563 ,
2816 3504 2871 3553 et
2901 3497 2968 3551 ad
3003 3498 3177 3567 ipsum
3233 3497 3332 3548 ad-

1776 3587 1972 3652 det",i
2003 3589 2350 3656 perspicuum
2380 3603 2500 3643 esse
2529 3588 2803 3657 apostolos
2835 3603 3016 3643 rerum
3052 3588 3221 3658 magis
3248 3602 3337 3641 re-

1774 3678 2116 3733 conditarum
2158 3688 2212 3732 et
2242 3678 2637 3747 prot’undarum
2668 3692 2798 3732 usos
2843 3677 3166 3744 seminibus,
3216 3690 3336 3745 quae

1774 3770 1992 3842 Moyses
2022 3779 2078 3827 et
2110 3772 2390 3842 prophetae
2428 3771 2835 3825 distribuissent
2863 3811 2881 3837 ,
2917 3784 2983 3825 eo
3024 3769 3339 3838 pervenisse

1774 3871 1837 3918 ut
1874 3872 2295 3932 assequerentur
2327 3863 2562 3918 visiones
2588 3861 2838 3915 veritatis
2862 3860 3028 3914 multo
3062 3858 3334 3929 copiosiu-

1776 3966 1885 4017 res,
1918 3951 2082 4023 260
2111 3951 2366 4006 nimirum
2399 3951 2529 4006 Jesu
2572 3950 2784 4005 illorum
2817 3949 3003 4005 oculos
3031 3947 3333 4014 attollente,

1774 4051 1831 4098 et
1856 4042 2208 4098 illucescente
2259 4041 2476 4097 illorum
2513 4041 2805 4107 mentibus,
2837 4056 2957 4111 quae
3004 4039 3337 4110 capiosiores

1774 4136 2013 4192 visiones
2043 4135 2239 4191 messis
2264 4136 2548 4206 regionum
2575 4134 2822 4190 albarum
2849 4142 3011 4189 erant
3038 4151 3053 4187 :
3079 4143 3336 4189 caeterum

1777 4238 1886 4279 non
1915 4224 2044 4293 quia
2072 4223 2276 4278 fuerint
2317 4224 2645 4295 abiectiores
2671 4224 2947 4294 prophetae
2974 4239 3039 4279 ac
3062 4224 3255 4288 Moses,
3304 4236 3337 4275 ιι

1777 4314 2042 4385 principio
2089 4328 2183 4370 eos
2214 4328 2322 4370 non
2362 4314 2561 4369 vidisse
2606 4314 2810 4382 omnia,
2846 4328 2967 4383 quas
2996 4311 3222 4383 apostoli
3280 4311 3337 4366 in

1776 4407 2011 4461 adventu
2042 4404 2245 4461 Christi
2275 4435 2291 4482 ;
2317 4405 2413 4460 sed
2444 4405 2569 4475 quia
2592 4404 2759 4460 veluti
2787 4410 3172 4475 exspectabant
3203 4412 3340 4457 tem-

108 4511 433 4585 Αελαλημένα
488 4510 712 4566 πώποτε
751 4514 809 4566 ὲν
855 4511 935 4582 τῷ
988 4511 1176 4582 κόσμῳ
1227 4511 1260 4583 ἢ
1318 4510 1659 4583 γεγραμμένο

1852 4496 1925 4550 ris
1986 4496 2432 4564 plenitudinem:
2488 4510 2598 4566 quo
2635 4497 2853 4565 quidem
2909 4505 3152 4566 tempore
3208 4507 3334 4547 cum

104 4603 550 4675 ἀποκαλυφθῆναι
598 4603 706 4656 ἀπὺ
736 4602 827 4657 τοῦ
862 4603 960 4674 οὐχ
988 4600 1278 4674 ἁρπαγμὸν
1321 4600 1669 4673 ἡγησαμένου

104 4694 160 4748 τὸ
184 4693 320 4751 εἶναι
365 4696 461 4751 ίσα
499 4696 641 4768 Θεῷ,
681 4695 795 4750 ἀλλ’
836 4696 1027 4751 ἑαυτὸν
1057 4692 1393 4760 κενώσαντος
1420 4694 1514 4748 καὶ
1542 4712 1673 4767 μορ-

105 4785 204 4857 φὴν
222 4787 407 4843 δούλου
434 4788 741 4859 εἰληφότος.
1418 4792 1421 4795 λ

167 5051 254 5106 Π.
286 5071 305 5104 ι
353 5053 447 5107 Ἐν
482 5050 596 5123 γὰρ
633 5050 807 5122 τούτῳ
836 5050 865 5103 6
904 5049 1062 5118 λόγος
1093 5047 1241 5101 ἐστὶν
1273 5046 1542 5118 ἀληθινὸς,
1592 5049 1673 5102 ὄτι

1776 4587 1961 4643 eximii
1994 4586 2138 4642 illius
2168 4585 2295 4643 Jesu
2323 4586 2530 4643 Christi
2578 4586 2810 4641 adventu
2844 4586 3134 4641 revelanda
3185 4597 3342 4642 erant

1776 4684 1939 4738 etiam
1963 4683 2352 4741 excellentiora
2398 4682 2487 4738 his
2531 4697 2651 4752 quae
2681 4697 2918 4752 unquam
2952 4680 3038 4736 vel
3083 4682 3226 4736 dicta
3253 4681 3340 4737 vel

1776 4779 1977 4848 scripta
2006 4777 2213 4833 fuerint
2243 4778 2298 4832 in
2330 4776 2554 4841 mundo.
2591 4776 2663 4831 ab
2722 4791 2789 4831 eo
2816 4777 2910 4845 qui
2953 4790 3060 4830 non
3096 4775 3336 4844 rapinam

1777 4871 2076 4926 arbitratus
2118 4878 2202 4924 est
2228 4884 2290 4924 se
2323 4867 2433 4923 Deo
2477 4867 2737 4938 aequalem
2771 4881 2891 4922 esse
2914 4906 2930 4934 ,
2974 4865 3069 4921 sed
3099 4867 3343 4937 seipsuua

1778 4962 2102 5025 exinanivit,
2135 4960 2308 5014 forma
2331 4960 2473 5014 servi
2507 4970 2729 5029 accepta
2770 4958 2837 5012 ".

1849 5053 1939 5107 47.
1979 5071 1999 5105 ι
2045 5050 2102 5106 In
2134 5059 2237 5107 hoc
2282 5052 2428 5106 enim
2474 5066 2655 5106 sermo
2690 5065 2853 5105 verax
2885 5058 2987 5115 est,
3019 5048 3163 5119 quod
3200 5047 3340 5103 alius

109 5145 251 5212 ἄλλος
278 5148 428 5202 ἐστὶν
456 5150 487 5202 6
525 5148 784 5219 σπείρων,
815 5146 912 5200 καὶ
949 5144 1105 5208 ἀλλος
1127 5145 1157 5197 6
1191 5143 1438 5214 θερίζων.
1495 5163 1513 5195 ι
1551 5143 1659 5198 Εἴτε

1847 5152 1862 5196 ι
1892 5141 1985 5213 qui
2011 5141 2263 5208 seminat,
2297 5151 2352 5195 et
2378 5140 2517 5196 alius
2550 5140 2640 5209 qui
2668 5139 2823 5194 metit
2858 5141 2920 5193 ³⁸.
2953 5158 2972 5191 ι
2998 5139 3123 5194 Sive
3150 5151 3343 5192 secun-

166 5325 207 5356 "
228 5323 388 5379 Prov.
418 5341 536 5388 xvr,
561 5325 650 5380 25.
730 5325 773 5356 “
801 5323 839 5379 Il
863 5322 1050 5377 Thess.
1072 5339 1131 5386 ιι,
1157 5322 1247 5377 Η.
1324 5322 1366 5352 ¹²
1386 5320 1423 5375 ll
1468 5321 1605 5375 Tim.
1638 5338 1651 5373 ι

1854 5320 1898 5353 ³³
1925 5320 2113 5376 Matth.
2142 5337 2264 5386 xm,
2295 5322 2384 5379 l7.
2459 5321 2506 5356 ἰ
2542 5321 2585 5377 ll
2613 5321 2738 5378 Cor.
2772 5338 2866 5384 χιι,
2895 5321 2949 5376 4.
3028 5320 3071 5352 ⁸⁵
3092 5318 3248 5376 Joan.
3268 5334 3338 5387 tv,

112 5391 192 5447 56.
268 5397 312 5427 ¹⁶
346 5396 531 5452 Eecli.
572 5412 684 5463 xxi,
723 5394 809 5450 18.
887 5395 927 5425 ⁸⁷
967 5393 1206 5462 Philipp.
1232 5408 1290 5456 ιι,
1329 5392 1385 5455 6.
1423 5392 1474 5448 7.

177 5554 288 5624 (95)
304 5552 521 5624 Elatia?!
547 5550 964 5624 aromate.
1016 5548 1107 5624 Sic
1142 5549 1302 5624 habet
1330 5552 1500 5603 codex
1533 5547 1670 5602 Bod-

111 5619 444 5698 leiapiis;_in
472 5621 643 5698 Regio
672 5622 870 5698 legitur
905 5621 1102 5698 είπεῖνἶ
1137 5619 1508 5698 ιίινστήκετε..⁵
1590 5688 1599 5698 .

181 5692 290 5815 (ἐξ)
327 5684 436 5749 Ἕν
460 5684 833 5757 τούὶοις.ἓὶο
861 5691 1031 5745 codex
1066 5684 1427 5754 Bmtteiauus;
1465 5684 1671 5759 Regius

118 5771 170 5816 et
204 5823 217 5824 η
271 5763 546 5824 rberinus,
582 5761 808 5824 τούτοις.

186 5823 297 5902 (Ὧὸ)
321 5831 506 5888 Codex
538 5823 873 5899 Bodleiauus,
899 5827 1347 5899 διανενοημένοις.

1575 5393 1617 5422 ¹⁸
1644 5391 1796 5445 Junii.
1833 5407 1906 5459 Iv,
1941 5393 2035 5448 57.

1848 5551 1959 5622 (96)
2011 5548 2218 5622 Codex,
2242 5549 2576 5622 Bodleianus
2608 5549 2840 5615 λευκῶν,
2884 5548 3085 5620 Regius
3118 5563 3248 5604 vero
3282 5557 3338 5603 et

1780 5619 2108 5675 Bai-herinus
2139 5619 2368 5673 πολλῶν.

1845 5693 1961 5818 397)
1995 5693 2116 5773 ρὺκ
2141 5690 2349 5772 βίδον.
2387 5689 2549 5773 _Deest
2596 5690 2649 5745 in
2700 5688 2868 5760 Regio
2921 5698 2979 5746 et
3016 5688 3338 5757 Barberino,

1908 5760 2105 5818 legitur
2140 5777 2194 5816 tn
2220 5761 2528 5817 Bodleiano.

1781 5760 1876 5820 sed
1908 5760 2105 5833 legitur
2140 5761 2194 5816 in
2220 5761 2528 5817 Bodleiano.
