3702 6142
379 361 480 415 487

1831 349 2156 405 URICENIS
3489 353 3566 410 498

379 476 506 530 dum
557 469 860 539 exemplum
916 467 983 521 ab
1030 468 1237 522 artibus
1283 476 1337 522 et
1369 467 1613 522 scientiis
1663 478 1938 537 sumptuum

2072 463 2188 517 ιατὰ
2206 463 2267 516 τὸ
2299 463 2406 517 ἀπὸ
2443 462 2551 517 τῶν
2581 461 2785 533 τεχνῶν
2815 464 2908 516 καὶ
2951 460 3058 516 τῶν
3087 462 3386 533 ἐπιστημῶν
3411 462 3569 536 ληφθὲν

379 568 800 632 interpretemur
831 561 1115 630 praesentia
1143 600 1157 624 ,
1213 561 1418 615 clarum
1468 569 1555 615 est
1603 561 1746 629 quod
1789 576 1951 615 verus

375 658 446 711 sit
479 669 704 710 sermo:
745 673 763 704 ι
801 654 953 706 Alius
1006 662 1092 706 est
1134 655 1227 720 qui
1272 655 1528 717 seminat,
1583 665 1637 706 et
1665 655 1802 708 alius
1858 654 1950 723 qui

376 745 533 799 metit
568 760 584 800 :
630 762 648 794 ι
682 743 799 796 sive
831 756 896 795 eo
953 743 1098 809 quod
1150 741 1471 794 seminarint
1519 742 1741 809 quidem
1772 740 1952 795 lloses

373 842 428 886 et
483 834 784 903 prophetat,
841 830 1083 884 viderint
1133 839 1313 883 autem
1362 831 1610 899 regiones
1652 831 1804 886 albas
1827 844 1950 885 esse

377 925 470 994 qui
526 926 846 978 levaverunt
896 923 1087 977 oculos
1143 922 1296 988 juxta
1358 932 1688 992 praeceptum
1744 924 1952 977 Domini

375 1017 549 1070 nostri
600 1015 728 1070 Jesu
792 1013 1042 1078 Christi,
1095 1015 1185 1082 qui
1224 1015 1305 1068 eis
1341 1024 1670 1084 praeceperat
1722 1024 1782 1069 ut
1816 1015 1957 1068 vide-

379 1121 504 1164 rent
554 1112 827 1179 quomodo
884 1109 1136 1178 regiones
1183 1106 1294 1178 jam
1341 1109 1476 1162 allia:
1501 1116 1686 1162 essent
1715 1109 1781 1162 ad
1817 1123 1956 1160 mes-

380 1219 529 1268 sem;
555 1205 716 1256 etiam
753 1207 830 1258 sic
870 1203 1216 1257 manifestum
1250 1210 1336 1255 est
1364 1216 1599 1269 quonam
1627 1211 1785 1269 pacto
1814 1200 1956 1255 alius

381 1295 454 1348 sit
478 1297 567 1364 qui
602 1297 857 1359 seminat,
893 1306 945 1349 et
976 1295 1114 1347 alius
1144 1295 1234 1363 qui
1287 1294 1460 1350 metit.
1491 1293 1792 1372 Considera
1821 1308 1955 1348 vero

380 1403 508 1440 num
534 1388 674 1441 alius
709 1398 762 1441 et
791 1387 930 1441 alius
963 1388 1166 1440 idcirco
1195 1387 1428 1450 dicatur,
1478 1399 1542 1438 eo
1585 1386 1728 1453 quod
1762 1385 1838 1439 illi
1865 1385 1953 1455 ju-

2054 557 2402 626 παράδειγμα
2435 555 2868 626 ὲκλαμϐάνοιμεν
2899 554 2968 609 τὰ
3000 555 3143 609 κατὰ
3173 556 3262 608 τὸν
3298 557 3460 619 τόπον,
3499 577 3571 612 σα-

2053 650 2152 718 φὲς
2201 649 2316 712 πῶς
2339 647 2588 720 ἀληθινὸς
2615 650 2644 701 6
2673 648 2831 716 λόγος
2859 646 2969 718 (98)
2993 646 3110 700 ἐστὶ
3137 648 3218 710 τὸ,
3247 667 3264 698 ι
3308 649 3473 704 Ἀλλον
3499 653 3573 722 μὲν

2057 738 2198 796 εἷναι
2226 742 2318 794 τὸν
2353 741 2677 809 σπείροντα,
2701 741 2795 792 καὶ
2824 739 2982 794 ἄλλον
3014 739 3106 793 τὸν
3145 739 3426 811 θερίζοντα·
3455 762 3469 795 ι
3497 747 3576 800 εἴτε

2056 833 2198 888 κατὰ
2231 832 2291 886 τὸ
2311 831 2647 903 ἐσπαρκέναι
2700 831 2798 902 μὲν
2834 833 3036 886 Μωσέα
3052 833 3147 886 καὶ
3173 835 3296 896 τοὺς
3325 837 3578 908 προφήτας,

2053 923 2454 996 τεθεωρηκέναι
2494 925 2549 977 δὲ
2573 923 2780 976 λευκῶν
2809 924 3116 994 γενομένων
3153 925 3260 978 τῶν
3293 928 3463 998 χωρῶν
3487 931 3581 993 τοὺς

2056 1021 2367 1092 ὲπὰραντας
2397 1018 2523 1080 τοὺς
2565 1016 2877 1086 ὀφθαλμοὺς
2907 1016 3048 1070 κατὰ
3087 1017 3184 1081 τὰς
3217 1019 3475 1090 ὑποθήκας
3511 1022 3580 1075 τοῦ

2057 1111 2264 1182 Κυρίου
2293 1108 2402 1179 (99)
2429 1107 2584 1178 ἡμῶν
2616 1105 2791 1177 Ἰησοῦ
2813 1104 3071 1177 Χριστοῦ,
3100 1107 3188 1161 ἵνα
3217 1106 3493 1164 θεάσωνται
3512 1112 3584 1173 τὰς

2058 1204 2242 1277 χώρας
2269 1203 2385 1267 πῶς
2413 1198 2552 1272 ἦσαν
2579 1201 2772 1254 λευκαὶ
2810 1201 2944 1272 πρὸς
2975 1199 3230 1272 θερισμὸν
3265 1202 3381 1274 ήδη,
3408 1205 3489 1257 καὶ
3515 1205 3583 1258 οὗ-

2057 1316 2135 1351 τω
2161 1296 2316 1368 δῆλον
2344 1296 2461 1358 πῶς
2487 1294 2644 1358 ἄλλος
2679 1296 2707 1347 6
2731 1293 2993 1364 σπείρων,
3041 1295 3136 1346 καὶ
3162 1293 3316 1357 ἄλλος
3338 1297 3366 1346 ὁ
3383 1295 3584 1367 θερίζων.

2060 1389 2260 1443 Σκόπει
2285 1389 2340 1441 δὲ
2371 1390 2419 1441 εἰ
2449 1387 2530 1450 τὸ,
2560 1386 2718 1449 ἄλλος
2745 1386 2838 1440 καὶ
2865 1386 3041 1451 ἄλλος,
3069 1387 3296 1441 δυνατὸν
3323 1389 3492 1458 νοῆσαι
3521 1391 3587 1442 διὰ

379 1479 687 1534 stilicenlur
730 1480 948 1548 quidem
983 1479 1075 1532 tali
1134 1479 1254 1532 vitm
1289 1478 1562 1541 instituto,
1601 1478 1654 1530 hi
1695 1493 1821 1531 vero
1851 1479 1959 1532 alio

379 1583 580 1640 pra-ter
610 1573 780 1634 illud,
829 1575 964 1626 adeo
1013 1583 1072 1625 ut
1123 1574 1356 1625 alterum
1391 1571 1618 1641 legalem
1645 1611 1661 1636 ,
1713 1571 1945 1625 alterum

378 1664 745 1733 evangelicum
793 1663 1061 1716 dicamus.
1124 1661 1377 1715 Attamen
1456 1661 1616 1716 simul
1676 1662 1958 1730 gaudent,

377 1769 488 1809 uno
539 1755 643 1810 ﬁne
676 1755 921 1822 utrisque
977 1753 1215 1821 reposito
1264 1753 1332 1808 ab
1369 1768 1476 1808 uno
1525 1753 1636 1806 Deo
1666 1767 1761 1821 per
1794 1769 1958 1808 unum

379 1849 658 1904 Christum
693 1848 748 1903 in
785 1865 893 1902 uno
921 1858 1112 1902 sancto
1136 1845 1370 1916 Spiritu.

2058 1480 2120 1533 τὸ
2151 1480 2390 1542 ἐκείνους
2427 1479 2524 1549 μὲν
2555 1479 2649 1530 ἐπὶ
2679 1476 2856 1548 τοιᾷδε
2895 1476 3010 1547 βίου
3047 1478 3237 1548 ἀγωγῇ
3280 1478 3586 1542 δικαιοῦσθαι,

2059 1571 2282 1634 τούτους
2321 1572 2377 1624 δὲ
2409 1573 2502 1624 ἐπὶ
2544 1571 2707 1641 ἑτέρᾳ
2739 1569 2871 1641 παρ’
2912 1569 3146 1641 ἐκείνην·
3181 1569 3320 1622 ὥστε
3351 1572 3504 1623 εἰπεῖν
3520 1571 3588 1624 ἄλ-

2061 1664 2151 1719 λον
2186 1666 2282 1735 μὲν
2308 1664 2397 1717 τὸν
2428 1663 2671 1734 νομικὸν,
2693 1663 2851 1718 ἄλλον
2877 1662 2937 1715 δὲ
2964 1662 3056 1716 τὸν
3087 1663 3448 1732 εὐαγγελικόν.
3479 1664 3590 1735 Πλὴν

2065 1757 2181 1828 ἅμα
2226 1758 2506 1828 χαίρουσιν
2539 1756 2656 1820 ἑνὸς
2685 1755 2870 1820 τέλους
2914 1756 3022 1808 ἀπὸ
3053 1756 3170 1819 ἐνὸς
3198 1755 3334 1808 Θεοῦ
3376 1755 3454 1808 διὰ
3503 1756 3591 1819 ἑνὸς

2060 1843 2295 1920 Χριστοῦ
2337 1851 2392 1901 ὲν
2427 1848 2508 1900 ἑνὶ
2541 1848 2681 1918 ἁγίῳ
2735 1847 3012 1919 Πνεύματι
3047 1847 3374 1918 ἀμφοτέροις
3409 1849 3593 1903 ἀποκει-

2064 1940 2225 2010 μένου
2237 1980 2248 1992 .

2130 2033 2219 2089 48.
2269 2032 2327 2085 Ὀ
2371 2031 2416 2085 δ’
2456 2032 2767 2103 Ἡρακλέων
2823 2031 2903 2084 τό·
2953 2050 2971 2081 ι
3015 2031 3131 2084 Ἵνα
3164 2032 3193 2082 6
3235 2029 3460 2102 σπείρων
3493 2029 3594 2099 ὁμώ

2058 2123 2246 2195 χαίρῃ,
2295 2125 2390 2177 καὶ
2417 2125 2445 2176 6
2479 2122 2730 2194 θερίζων,
2774 2141 2792 2173 ι
2841 2121 2983 2175 οὕτω
3033 2122 3350 2193 διηγήσατοο
3390 2140 3408 2172 ι
3443 2122 3594 2190 Χαίρει

2063 2219 2160 2289 μὲν
2183 2217 2314 2290 γὰρ,
2347 2216 2532 2286 φησιν,
2567 2217 2595 2268 6
2623 2214 2882 2286 σπείρων,
2909 2214 2990 2266 ὅτι
3019 2213 3254 2284 σπείρει,
3291 2215 3382 2266 καὶ
3404 2213 3477 2265 ὅτι
3508 2214 3596 2283 εἴδη

2057 2308 2180 2362 τινὰ
2223 2308 2334 2361 τῶν
2364 2305 2696 2378 σπερμάτων
2735 2303 2900 2357 αὑτοῦ
2935 2304 3249 2372 συνάγεται,
3287 2303 3466 2357 ἐλπίδα
3492 2304 3596 2372 ἔχων

2058 2402 2158 2472 τὴν
2183 2400 2352 2470 αὐτὴν
2375 2400 2472 2455 καὶ
2503 2400 2632 2472 περὶ
2663 2399 2771 2452 τῶν
2787 2398 3007 2452 λοιπῶψ
3043 2401 3071 2452 6
3099 2399 3155 2452 δὲ
3183 2399 3412 2470 Θερίζων
3442 2400 3598 2469 ὁμοίως

2056 2511 2111 2547 τι
2141 2495 2236 2548 καὶ
2267 2493 2492 2565 θερίσει’
2512 2493 2625 2572 an:
2649 2495 2676 2546 6
2700 2491 2800 2562 μὲν
2816 2491 2891 2564 (1)
2918 2491 3132 2562 πρῶτος
3150 2490 3354 2562 ἤρξατο
3384 2489 3596 2560 σπείρων,

2059 2587 2088 2640 6
2116 2586 2366 2658 δεύτερος
2401 2589 2429 2639 6
2471 2585 2718 2656 θερίζων·
2749 2586 2808 2638 οὐ
2856 2583 2965 2655 γὰρ
3002 2584 3059 2636 ἐν
3102 2583 3178 2654 τῷ
3208 2583 3363 2654 αὐτῷ
3393 2583 3601 2636 ἐδύναντο

2059 2677 2361 2751 ἀμφότεροι
2389 2676 2677 2746 ἄρξασθαι·
2711 2675 2816 2729 ἔδει
2839 2676 2949 2748 γὰρ
2977 2675 3191 2747 πρῶτον
3221 2674 3504 2747 σπαρῆναι,
3528 2671 3601 2723 εἶθ’

2062 2769 2286 2842 ὕστερον
2313 2768 2645 2840 θερισθῆναι.
2683 2768 3042 2839 Παυσαμένου
3073 2766 3326 2838 μέντοιγε
3356 2765 3444 2819 τοῦ
3481 2762 3603 2817 σπεί-

2063 2881 2249 2937 ροντος
2283 2861 2546 2933 σπείρειν,
2581 2861 2660 2914 ἔτι
2689 2861 2860 2932 θεριεῖ
2899 2863 2927 2915 6
2975 2861 3224 2933 θερίζων·
3267 2859 3360 2914 ἐπὶ
3397 2859 3602 2930 μέντοιγε

1990 1814 2032 1868 Β

447 2024 540 2080 48.
567 2025 637 2078 At
665 2024 960 2079 Heracleon
993 2023 1107 2078 haec
1138 2023 1306 2078 verba
1338 2040 1352 2078 :
1395 2043 1414 2074 ‹
1460 2023 1526 2078 Ut
1555 2023 1645 2092 qui
1703 2023 1956 2089 seminat,

381 2118 543 2172 simul
597 2118 848 2186 gaudeat,
901 2127 958 2172 et
1005 2119 1098 2186 qui
1151 2117 1351 2181 metit,
1411 2135 1430 2166 ι
1494 2119 1574 2170 sic
1632 2117 1956 2171 enarravit:

385 2228 405 2260 ι
442 2208 650 2264 Gaudet
677 2209 916 2277 quidem,
957 2207 1150 2276 inquit,
1187 2208 1276 2276 qui
1325 2206 1584 2271 seminat,
1617 2216 1672 2261 et
1699 2208 1956 2276 quoniam

381 2301 636 2363 seminat,
678 2308 734 2352 et
781 2298 925 2367 quod
961 2298 1174 2366 species
1204 2297 1452 2366 qumdam
1487 2296 1754 2350 seminum
1790 2296 1959 2366 ipsius

381 2398 805 2460 congregantur,
839 2402 990 2457 spem
1018 2387 1267 2442 eamdem
1305 2387 1470 2441 etiam
1514 2387 1582 2440 de
1613 2385 1826 2440 caeteris
1857 2385 1956 2439 ha-

382 2488 518 2542 bens
541 2504 557 2553 ;
583 2487 674 2556 qui
704 2499 833 2539 vero
899 2485 1077 2547 metit,
1111 2483 1362 2538 similiter
1391 2483 1592 2550 aliquid
1626 2481 1785 2535 metit
1814 2498 1828 2539 :
1864 2481 1958 2535 sed

380 2579 590 2648 primus
628 2575 848 2646 quidem
895 2577 983 2643 qui
1017 2576 1298 2638 seminat,
1356 2574 1622 2643 inc-(Epit,
1685 2574 1960 2629 secundus

380 2684 511 2724 vero
545 2677 632 2723 est
679 2667 771 2722 ille
797 2668 889 2736 qui
931 2667 1126 2730 metit;
1162 2681 1268 2720 non
1303 2667 1448 2719 enim
1481 2665 1668 2719 eodem
1713 2674 1960 2732 tempore

381 2769 632 2830 poterant
668 2760 889 2829 utrique
921 2759 1164 2829 incipere
1191 2774 1205 2817 :
1233 2772 1369 2827 opus
1393 2758 1540 2812 enim
1579 2767 1720 2822 erat,
1752 2765 1812 2810 ut
1840 2756 1955 2824 pri-

382 2867 532 2905 mum
579 2853 967 2915 seminaretur,
1017 2851 1214 2905 deinde
1249 2859 1566 2905 meteretur.
1615 2849 1802 2917 Itaque
1838 2864 1962 2904 ces-

384 2950 543 2994 sante
598 2954 627 2993 a
668 2936 885 2995 satione
933 2951 1136 3004 satore,
1187 2941 1364 2994 adhuc
1417 2956 1628 2996 messor
1677 2949 1866 2996 metet.
1900 2940 1950 2994 In

2072 2956 2152 3010 τοῦ
2195 2955 2461 3028 παρόντος
2493 2954 2790 3027 ἀμφότεροι
2832 2954 2894 3007 τὸ
2927 2954 3056 3008 ἴδιον
3097 2955 3261 3026 ἔργον
3303 2951 3604 3026 ἐνεργοῦντες

382 3031 674 3100 praesentia
709 3031 961 3101 equidem
993 3033 1207 3102 utrique
1237 3033 1512 3102 prOprium
1545 3048 1682 3102 opus
1724 3049 1950 3101 operan-

2072 3048 2196 3119 ittoii
2236 3047 2510 3117 χαίρουσι,
2545 3047 2730 3118 κοινὴν
2782 3045 2956 3117 χαρὰν
3009 3047 3105 3116 τὴν
3159 3045 3272 3098 τῶν
3322 3043 3605 3115 σπερμάτων

383 3133 465 3178 tes
508 3124 669 3178 simul
713 3125 968 3193 gaudent,
1016 3140 1306 3181 commune
1349 3127 1604 3197 gaudium
1663 3129 1950 3189 seminum,

2072 3141 2372 3211 τελειότητα
2428 3139 2742 3209 ἡγούμενοι.
2779 3158 2797 3190 ι
2851 3140 2971 3192 Ἔτι
3014 3138 3069 3191 δὲ
3115 3139 3209 3212 καὶ
3255 3140 3338 3200 είς
3363 3137 3439 3190 τό·
3483 3156 3500 3187 ‹
3540 3136 3607 3187 Ἐν

379 3211 771 3280 perfectionem
820 3215 947 3269 rati.
1002 3233 1022 3269 ι
1073 3214 1348 3272 Praeterea
1399 3217 1454 3270 in
1509 3232 1576 3271 eo
1615 3219 1806 3274 dicto:
1839 3237 1860 3269 ι
1901 3219 1950 3271 lu

2072 3232 2234 3303 τούτῳ
2256 3209 2404 3285 ἐστὶν
2436 3234 2466 3285 ό
2505 3232 2661 3301 λόγος
2695 3231 2964 3303 ἀληθινὸς,
2987 3232 3066 3284 ὃτι
3091 3209 3250 3293 ἄλλος
3273 3231 3419 3283 ἐστὶν
3442 3231 3469 3282 ὁ
3490 3227 3604 3281 σπεί-

383 3305 492 3360 hoc
523 3314 608 3358 est
643 3320 824 3362 sermo
853 3322 1039 3372 verus,
1080 3308 1229 3378 quod
1272 3309 1412 3365 alius
1441 3310 1599 3382 261
1637 3320 1723 3366 est
1749 3312 1841 3381 qui
1876 3327 1950 3367 se-

2072 3341 2198 3395 ρων,
2246 3323 2340 3377 καὶ
2390 3323 2547 3388 ἄλλος
2574 3325 2604 3376 6
2637 3324 2888 3396 θερίζων,
2940 3343 2960 3375 r
2991 3325 3175 3394 φησίν-
3212 3342 3232 3373 ι
3288 3324 3346 3375 Ὁ
3393 3323 3484 3393 μὲν
3525 3320 3605 3391 γὰρ

383 3398 578 3463 minat,
609 3408 662 3453 et
696 3399 834 3452 alius
856 3400 945 3467 qui
977 3401 1152 3467 metit,
1181 3419 1198 3453 ι
1230 3402 1405 3470 inquit
1433 3421 1446 3457 :
1483 3422 1502 3454 ε
1539 3404 1693 3459 Alter
1743 3405 1950 3473 quidem

2072 3417 2202 3488 ὑπὲρ
2233 3416 2325 3470 τὸν
2350 3416 2514 3469 τόπον
2543 3415 2659 3470 υίὸν
2697 3415 2982 3488 ἀνθρώπου
3018 3416 3092 3487 (‘2)
3127 3415 3366 3487 σπείρειο
3399 3417 3427 3467 6
3449 3415 3499 3466 δὲ
3525 3415 3601 3466 Σω-

382 3507 546 3561 supra
575 3492 752 3546 locum
787 3492 933 3546 [ilius
977 3494 1216 3548 hominis
1274 3495 1514 3550 seminat
1540 3511 1554 3548 :
1583 3497 1679 3552 sed
1702 3497 1950 3552 Servator

2072 3511 2167 3582 τὴρ
2195 3510 2271 3564 ὣν
2304 3511 2398 3563 καὶ
2445 3509 2607 3573 αὐτὸς
2627 3521 2631 3524 ·
2649 3509 2776 3572 Υἱὸς
2816 3508 3101 3580 ἀνθρώπου
3128 3508 3359 3580 θερίζει,
3389 3508 3476 3561 καὶ
3503 3505 3607 3578 θερι-

380 3597 508 3638 cum
543 3584 615 3638 sit
642 3593 698 3639 et
732 3585 845 3654 ipse
885 3585 1056 3640 Filius
1097 3586 1355 3651 hominis,
1385 3589 1559 3652 metit,
1589 3598 1646 3643 et
1690 3603 1950 3644 messores

2072 3605 2196 3665 στὰς
2227 3603 2436 3674 πέμπει
2470 3602 2546 3674 (5)
2575 3603 2702 3666 τοὺς
2745 3601 2832 3655 διὰ
2876 3601 2984 3654 τῶν
3023 3601 3285 3672 μαθητῶν
3329 3601 3606 3671 νοουμένους

382 3677 573 3741 mittit,
617 3693 812 3747 nempe
843 3692 938 3733 eos
969 3693 1110 3746 quos
1144 3679 1398 3748 discipuli
1451 3689 1643 3734 rentur
1688 3681 1909 3752 angelos
1943 3701 1950 3749 ς

2072 3696 2350 3764 ἀγγέλους,
2381 3697 2609 3749 ἕκαστον
2633 3695 2724 3748 ἐπὶ
2769 3695 2866 3766 τὴν
2896 3695 3087 3748 ἑαυτοῦ
3112 3695 3317 3766 ψυχήν.
3356 3717 3372 3747 ι
3401 3696 3470 3748 Οὐ
3500 3694 3606 3746 xiv;

384 3782 825 3838 unumquemque
883 3769 949 3824 ad
1009 3784 1166 3823 suam
1225 3770 1393 3838 ipsius
1450 3772 1708 3825 animam.
1771 3790 1792 3822 ι
1843 3771 1950 3826 Non

2072 3789 2120 3842 δὲ
2178 3789 2366 3859 σαφῶς
2420 3789 2636 3853 ἐξέθετο
2689 3788 2816 3851 τοὺς
2871 3787 2963 3840 δύο
2999 3788 3145 3850 υἱοὺς
3194 3787 3294 3841 τοῦ
3339 3786 3606 3858 ἀνθρώπου,

390 3862 683 3914 admodum
738 3871 919 3915 autem
979 3863 1128 3916 clare
1193 3863 1484 3932 exposuit,
1538 3864 1631 3931 qui
1688 3864 1798 3918 sint
1857 3867 1950 3919 duc

2072 3881 2206 3943 τίνες
2243 3881 2402 3944 εἰσὶν,
2446 3874 2521 3934 ὧν
2551 3880 2580 3932 ὁ
2609 3873 2690 3942 εἷς
2727 3878 2958 3951 σπείρει,
2985 3879 3078 3932 καὶ
3097 3881 3126 3933 6
3149 3875 3232 3942 εἷς
3259 3878 3476 3950 θερίζει.

385 3950 480 4004 lilii
516 3951 768 4014 hominis,
818 3966 1049 4020 quorum
1091 3952 1227 4006 alter
1255 3954 1488 4007 seminat
1533 3962 1588 4006 et
1626 3952 1764 4008 alter
1786 3954 1958 4008 metit.

453 4065 545 4118 49.
583 4083 600 4114 ι
629 4065 738 4134 Ego
765 4067 887 4118 misi
913 4082 1007 4121 vos
1030 4068 1096 4121 ad
1132 4068 1442 4123 metendum
1466 4069 1607 4138 quod
1633 4084 1725 4124 vos
1751 4083 1856 4124 non
1887 4070 1964 4122 la-

387 4156 660 4221 borastis;
699 4155 788 4209 alii
819 4156 1246 4226 laboraverunt,
1285 4169 1337 4214 et
1366 4175 1462 4214 vos
1497 4161 1549 4214 in
1586 4161 1832 4216 laborem
1867 4175 1962 4214 eo-

386 4262 506 4299 rum
540 4246 804 4300 introistis
841 4247 902 4300 ’⁸.
938 4267 958 4300 ι
994 4248 1146 4304 [laud
1176 4260 1260 4305 est
1289 4251 1505 4306 diliicile
1547 4251 1736 4306 videre
1775 4267 1841 4307 ex
1879 4250 1963 4306 his

385 4355 507 4409 quae
533 4355 695 4406 supra
733 4340 989 4407 diximus,
1025 4343 1298 4412 quomodo
1334 4344 1550 4398 miserit
1599 4340 1757 4400 Iesus
1798 4344 1950 4400 disci-

2072 4355 2476 4427 προειρημένων
2521 4355 2795 4426 θεωρῆσαι
2845 4356 2961 4421 πῶς
3004 4357 3328 4410 ἀπέστειλεν
3363 4359 3391 4410 6
3440 4351 3612 4426 Ἰησοῦς

386 4431 540 4501 pulos
569 4433 632 4486 ad
662 4434 966 4487 metendum
1003 4435 1129 4489 illud
1153 4475 1172 4503 ,
1202 4436 1252 4488 in
1287 4437 1429 4504 quod
1468 4437 1571 4508 ipsi
1607 4453 1715 4492 non
1741 4437 1950 4493 labora-

2072 4449 2190 4512 τοὺς
2220 4447 2465 4520 μαθητὰς
2501 4447 2736 4517 θερίζειν
2770 4449 2945 4511 τοῦτο,
2972 4451 3052 4514 εἰς
3088 4449 3116 4502 ὃ
3155 4450 3256 4504 οὐκ
3300 4449 3452 4504 αὐτοὶ
3483 4463 3612 4500 κεκο-

386 4525 524 4591 rint,
559 4527 651 4578 sed
684 4524 918 4596 majores
951 4528 1035 4582 sui
1069 4546 1084 4586 :
1115 4543 1236 4582 cum
1275 4531 1417 4584 enim
1440 4531 1749 4585 laborarint
1785 4529 1950 4585 Moses

2072 4515 2364 4605 maixaiatv,
2410 4541 2526 4595 ἀλλ’
2570 4515 2622 4594 οἱ
2678 4542 2784 4611 πρὸ
2828 4539 3026 4594 αὐτῶν·
3072 4543 3344 4612 καμόντος
3386 4542 3489 4610 γὰρ
3518 4540 3610 4590 Μω-

2133 4085 2220 4141 49.
2269 4105 2286 4137 ι
2343 4083 2482 4153 Ἐγὼ
2530 4083 2824 4138 ἀπέστειλα
2849 4083 2993 4154 ὑμᾶς
3039 4083 3272 4156 θερίζειν
3304 4082 3334 4136 ὃ
3365 4085 3459 4153 οὐχ
3487 4081 3611 4152 {ipsis

2063 4175 2450 4238 κεκοπιάκατε,
2491 4174 2638 4228 ἄλλοι
2667 4176 3050 4234 κεκοπιάκασι,
3094 4175 3187 4227 καὶ
3236 4175 3398 4245 ὑμεῖς
3441 4174 3511 4235 είς
3543 4169 3610 4220 τὸν

2063 4267 2229 4319 κόπον
2277 4263 2456 4318 αὐτῶν
2517 4264 2916 4335 εἰσεληλύθατε.
2957 4285 2975 4318 ι
3025 4266 3100 4318 Οὐ
3146 4264 3387 4336 χαλεπὸν
3434 4265 3494 4316 ἐκ
3528 4261 3611 4314 τῶν

387 4625 443 4671 et
493 4618 768 4687 propheta:
793 4659 808 4683 ,
848 4631 907 4673 ut
941 4621 1226 4691 percipere
1265 4624 1486 4692 quirent
1534 4622 1957 4694 intelligentiam

387 4711 814 4781 mysteriorum,
869 4729 1098 4781 quorum
1164 4717 1392 4784 vestigia
1443 4717 1496 4770 in
1553 4717 1667 4772 suis
1715 4717 1959 4788 ipsorum

386 4803 606 4873 scriptis
652 4805 1010 4873 reliquerunt,
1064 4808 1117 4859 in
1161 4807 1323 4862 Musis
1352 4825 1415 4862 ac
1455 4811 1841 4878 prophetarum
1876 4812 1958 4864 la-

387 4897 574 4949 borem
615 4895 873 4950 introiere
915 4899 1164 4966 apostoli,
1192 4917 1220 4952 a
1265 4899 1391 4953 Jesu
1449 4902 1704 4972 mysteria
1739 4904 1915 4956 edocti
1945 4944 1958 4963 .

385 4993 649 5040 metentes
687 4997 743 5039 et
774 5002 1171 5057 congregantes
1221 4996 1270 5044 iu
1318 4993 1513 5046 horrea
1564 5009 1674 5048 suae
1715 4996 1955 5062 ipsorum

385 5080 581 5131 animae
599 5092 816 5131 sensum
848 5080 900 5132 in
933 5081 1039 5136 illis
1075 5085 1436 5137 reconditum.
1469 5085 1545 5140 Ac
1568 5102 1781 5157 semper
1809 5099 1959 5142 certe

385 5168 579 5220 Sermo
618 5165 707 5220 ille
744 5164 938 5238 [Filius
970 5170 1088 5241 Dei]
1139 5173 1404 5240 majorum
1449 5173 1662 5228 labores
1694 5174 1960 5228 clariores

385 5260 516 5313 facit
543 5261 627 5314 his
656 5261 747 5330 qui
785 5277 1044 5331 germane
1071 5263 1283 5319 discere
1326 5265 1568 5336 cupiunt,
1607 5265 1822 5321 etiamsi
1852 5282 1957 5320 non

462 5395 508 5426 ⁸³
539 5392 699 5450 Joan.
733 5412 808 5462 tv,
831 5395 922 5452 58.
989 5417 992 5421 ·

451 5517 562 5587 (98)
584 5517 764 5571 Codex
799 5516 1162 5587 Bodleianus,
1177 5517 1204 5569 6
1225 5515 1400 5585 λόγος,
1435 5516 1637 5586 Regius
1663 5528 1718 5571 et
1745 5517 1951 5572 Barhe-

383 5585 560 5656 riuus,
584 5587 762 5653 λόγος.
788 5586 908 5641 illex
946 5587 1107 5642 codd.
1131 5585 1336 5656 Regius
1373 5597 1428 5642 et
1462 5585 1813 5652 Barberinus,
1854 5591 1950 5644 ἄλ-

384 5653 554 5728 λονᾼόξ
575 5656 664 5728 τόν
685 5656 988 5728 θερίζοντα.
1222 5653 1242 5656 ⁷
1310 5727 1316 5728 γ
1435 5725 1465 5728 _
1490 5670 1496 5677 ’

426 5723 569 5802 ,(99)
592 5723 773 5802 Codeit
805 5727 1147 5795 Bodleianus,
1175 5727 1403 5799 Κυρίου,
1435 5725 1636 5797 Regius
1665 5735 1718 5781 et
1755 5724 1929 5782 Barbe

393 5794 565 5858 riuus,
592 5794 854 5864 Σωτῆρος.

2071 4633 2208 4696 σέως
2235 4634 2327 4686 καὶ
2362 4633 2468 4686 τῶν
2503 4633 2817 4706 προφητῶν,
2851 4633 2936 4687 ἵνα
2972 4635 3216 4705 χωρῆσαι
3238 4633 3501 4704 δυνηθῶσι
3520 4629 3610 4697 voi-

2072 4741 2162 4777 σαι
2189 4724 2256 4777 τὰ
2282 4727 2574 4796 μυστήρια,
2601 4719 2673 4780 ὧν
2693 4724 2762 4778 τὰ
2789 4726 2906 4798 ἴχνη
2937 4728 2994 4778 έν
3039 4728 3150 4788 τοῖς
3171 4726 3489 4798 γράμμασιν
3515 4725 3610 4775 ἐαυ-

2067 4816 2175 4869 τῶν
2227 4819 2360 4888 ἡμῖν
2401 4817 2872 4881 καταλελοίπασιν,
2896 4820 2976 4880 εἰς
2992 4817 3082 4871 τὸν
3127 4819 3377 4881 Μωσέως
3421 4812 3610 4870 καὶτῶν

2070 4910 2364 4982 προφητῶν
2397 4911 2561 4964 κόπον
2595 4915 2642 4964 oi
2684 4911 2968 4965 ἀπόστολοι
3007 4910 3437 4983 εἰσεληλύθασιν,
3468 4902 3607 4975 ’1ησοῦ

2073 5003 2573 5073 μυσταγωγοῦντος,
2611 5003 2914 5075 θερίζοντες
2935 5006 3027 5058 καὶ
3061 5004 3387 5073 συνάγοντες
3424 5004 3498 5065 εἰς
3536 4998 3611 5057 τὰς

2067 5092 2348 5163 ἀποθήκας
2396 5093 2496 5162 τῆς
2542 5093 2750 5146 ἑαυτῶν
2800 5093 2978 5165 ψυχῆς
3011 5093 3100 5146 τὸν
3137 5093 3193 5146 έν
3240 5092 3468 5153 ἐκείνοις
3494 5086 3606 5138 νοῦν.

2068 5185 2179 5238 Καὶ
2230 5185 2404 5237 ἀεὶδὲ
2455 5186 2482 5236 6
2523 5184 2692 5253 Λόγος
2730 5189 2842 5249 τοῖς
2901 5183 3362 5257 μαθητευομένοις
3411 5178 3611 5252 γνησίως

2071 5280 2213 5330 ποιεῖ
2236 5279 2360 5341 τοὺς
2384 5279 2493 5332 τῶν
2515 5280 2792 5351 προτέρων
2821 5280 3101 5343 καιιάτους
3125 5277 3507 5349 σαφεστέρουςι
3529 5287 3609 5341 χω·

2132 5521 2208 5596 (l)
2237 5519 2418 5596 Codex
2449 5522 2799 5596 Bodleianus,
2837 5523 2953 5578 ἀλλ’
2984 5525 3014 5577 ὁ
3057 5523 3188 5596 μέν’
3226 5524 3434 5595 Regius
3480 5521 3604 5579 ἄλλο.

2061 5590 2352 5646 PeriOnins
2393 5593 2603 5655 legebat
2636 5592 2812 5656 ἄλλος.

2136 5661 2381 5733 (2)-Υὶόν
2419 5663 2752 5733 ἀνθρώπου.
2785 5663 3093 5733 Legendum
3122 5665 3333 5721 videtur
3372 5663 3475 5730 vel,
3503 5661 3608 5726 ,υίὸς

2068 5730 2375 5804 ἀνθρώπου,
2411 5733 2491 5804 vel
2523 5732 2623 5802 υἱῷ
2650 5730 2955 5804 ἀνθρώπου.

2142 5801 2220 5872 (ὃ)
2251 5801 2428 5858 Codex
2463 5801 2807 5873 Bodleiauus,
2833 5804 3075 5874 συνάγει.
