3702 6142
124 370 204 425 ιιθ
1106 361 1462 418 COMMENT.
1507 360 1571 416 IN
1605 361 1798 419 JOAN.
1841 362 2077 419 TOMUS
2119 363 2251 419 XIII.

3199 370 3303 424 490

122 484 189 555 pi;
212 478 291 534 τοῦ
315 476 479 549 ὁμοίου
512 479 622 540 τοῖς
670 476 924 549 σπείρασι
969 478 1159 532 κόπου.
1203 480 1297 543 Et;
1340 479 1440 532 ὅλα
1467 479 1525 531 δὲ
1558 477 1627 532 τά
1655 539 1656 543 η

1765 496 1882 550 eque
1907 481 2178 547 laborem,
2211 490 2374 550 atque
2401 479 2453 534 ni
2479 481 2573 549 qui
2604 480 2960 537 seminarunt.
2999 481 3096 538 Est
3120 492 3176 539 et
3201 484 3304 540 hoc

120 571 220 643 περὶ
244 568 338 623 τῶν
367 567 463 620 ὑπὸ
492 565 665 621 ἄλλων
702 566 1068 641 θεριζομένων
1102 571 1194 623 καὶ
1229 569 1386 623 τοῦτο
1413 571 1634 623 ἐπισκο-

120 659 278 731 πητέον
300 656 386 730 (4),
418 658 642 729 μήποτε,
666 657 910 726 ἀγγέλων
931 660 1023 713 ἐπὶ
1054 660 1153 732 τῆς
1180 663 1387 733 σπορᾶς
1417 660 1525 714 τῶν
1540 661 1634 715 άν-

116 751 305 823 θρὼπων
322 748 672 820 τεταγμένων,
715 750 764 803 οἱ
784 752 1032 823 συνεργοὶ⁸
1058 751 1157 822 τῆς
1175 750 1504 814 τελειώσεως
1525 750 1632 805 τῶν

113 840 412 913 ἐσπαρμένων
438 840 722 895 ἀπόστολοι
756 844 837 905 εἰς
861 842 952 897 τὸν
972 843 1081 897 τῶν
1129 844 1330 917 ἐτέρων
1358 839 1524 898 κόπον
1552 844 1629 917 (5)

110 934 389 1005 εἰσέρχονται
428 932 750 1005 θερίζοντες,
791 936 886 989 πα)⁴
914 938 1163 1009 καρποὺς
1203 939 1260 991 ἐν
1286 940 1399 1002 τοῖς
1426 937 1633 1010 ὠφελη-

110 1029 257 1100 μένοις
284 1027 627 1100 εὑρίσκοντες,
651 1026 954 1103 οῦστιναςή
993 1030 1168 1101 Ἰησοῦ
1205 1030 1464 1102 ἐπιδημία
1493 1032 1633 1086 ἐτοί-

110 1136 215 1189 μους
240 1117 359 1190 πρὸς
382 1116 635 1190 θερισμὸν
667 1120 761 1175 καὶ
788 1120 896 1193 πρὸ
918 1122 1017 1193 τῆς
1043 1122 1405 1195 ἐλπιζομένης
1434 1140 1628 1196 τετρα-

107 1213 246 1282 μήνου
276 1210 579 1282 πεποίηκεν.
616 1212 746 1266 Ἐὰν
778 1213 836 1267 δὲ
869 1213 1024 1269 ταῦθ’
1047 1214 1220 1280 οὕτως
1248 1215 1379 1287 ἔχει,
1420 1216 1629 1288 θεωρῆ-

104 1318 175 1356 σαι
198 1302 324 1369 ἄξιον
347 1304 391 1355 εί
422 1304 721 1376 καματηρά
746 1307 897 1359 ἐστιν
918 1307 952 1377 ἡ
977 1306 1083 1361 τῶν
1112 1306 1360 1376 ἀγγέλων
1388 1305 1462 1378 (6)
1495 1306 1631 1380 πρὸς

102 1394 511 1467 τὸὲνσπείρεσθαι
541 1396 718 1468 ψυχὰς
754 1397 969 1469 σώμασι
1006 1398 1340 1470 λειτουργία,
1381 1399 1473 1453 δύο
1509 1400 1631 1454 τινὰ

98 1486 391 1555 συναγόντων
417 1489 483 1559 τῇ
510 1488 670 1557 φύσει
709 1490 967 1544 ἐναντίων
992 1492 1072 1555 είς
1106 1493 1305 1563 κρᾶσιν
1338 1491 1489 1563 μίαν,
1537 1494 1631 1548 καὶ

97 1577 142 1632 ἐν
161 1576 311 1649 καιρῷ
328 1577 400 1649 τῷ
422 1579 761 1652 τεταγμένῳ,
790 1581 1110 1653 ἀρχομένων
1132 1599 1192 1635 τε
1229 1583 1325 1654 τὴν
1345 1584 1474 1656 περὶ
1503 1584 1631 1638 ἐκά-

95 1685 197 1723 στου
236 1673 393 1724 ποιεῖν
416 1672 747 1743 οἰκονομίαν,
790 1674 884 1727 rati
913 1676 993 1737 εἰς
1034 1674 1422 1747 τελεσφόρησιν
1455 1693 1629 1747 προα-

93 1758 259 1827 γόντων
304 1761 389 1816 τὸν
418 1764 928 1837 προπεπλασμένον.
969 1765 1113 1819 Ἀλλ’
1142 1768 1259 1837 ἐρεῖ
1296 1784 1377 1831 τις
1420 1766 1631 1832 τούτοις

1733 586 1951 641 quoque
1995 572 2453 627 considerandum
2503 570 2647 626 inter
2693 574 2873 626 omnia
2910 588 3031 643 quae
3065 575 3131 629 de
3178 575 3302 629 aliis

1734 662 2058 718 metentibus
2079 663 2350 730 dicuntur,
2381 676 2507 716 num
2539 663 2779 731 quando,
2810 665 3021 732 angelis
3056 669 3124 720 ad
3150 674 3304 722 satus

1734 753 2013 808 hominum
2047 753 2332 819 ordinatis,
2369 764 2751 823 cooperatores
2796 755 3146 821 perfectionis
3201 771 3301 811 eo-

1734 858 1853 896 rum
1885 844 1976 913 qui
2019 844 2271 899 seminati
2303 844 2526 898 fuerunt
2553 845 2802 915 apostoli,
2848 845 2901 899 in
2934 846 3164 901 aliorum
3222 848 3301 900 Ia-

1741 932 1931 986 borem
1958 932 2339 1001 ingrediantur
2371 942 2656 999 metentes,
2682 944 2739 989 et
2769 934 2976 991 fructus
3000 937 3053 991 in
3093 938 3178 993 bis
3206 949 3300 1005 qut
3362 930 3371 943 ’

1733 1020 2130 1090 adjuvabantur
2160 1023 2516 1092 invenientes,
2558 1040 2694 1094 quos
2737 1026 2863 1083 Jesu
2902 1030 3169 1086 adventus
3199 1044 3300 1100 pa-

1733 1124 1882 1170 ratos
1905 1114 1973 1169 ad
2005 1130 2258 1181 messem,
2292 1118 2455 1172 etiam
2491 1129 2615 1173 ante
2657 1129 2891 1189 quatuor
2919 1135 3134 1177 menses
3163 1162 3178 1188 ,
3206 1125 3300 1193 qui

1732 1207 2118 1273 sperabantur,
2171 1206 2398 1264 fecerat.
2446 1209 2597 1278 Quod
2629 1213 2674 1266 si
2723 1212 2840 1268 haec
2886 1213 2958 1267 ita
2990 1229 3048 1269 se
3073 1216 3299 1282 habent,

1734 1294 1958 1365 dignum
1989 1309 2073 1354 est
2104 1306 2163 1352 ut
2198 1298 2552 1368 inspiciamus
2576 1316 2702 1355 num
2733 1304 3098 1359 ministerium
3131 1321 3299 1378 ange-

1733 1388 1931 1451 lorum,
1972 1389 2115 1459 quod
2159 1390 2485 1461 impendunt
2520 1394 2736 1450 animas
2770 1396 2823 1450 in
2868 1400 3187 1467 corporibus
3213 1416 3301 1458 se-

1734 1479 2012 1546 minando,
2068 1480 2398 1538 lahoriosum
2439 1485 2543 1553 sit;
2574 1487 2774 1559 quippe
2798 1489 2888 1558 qui
2910 1491 3024 1548 duo
3052 1495 3300 1563 quasdam

1731 1583 2067 1643 congregem
2105 1591 2226 1647 quae
2261 1586 2455 1631 natura
2507 1590 2630 1635 sunt
2678 1584 2958 1639 contraria
2987 1625 3003 1651 ,
3034 1586 3089 1640 in
3126 1603 3297 1644 unum

1730 1671 2238 1735 temperamentum,
2278 1676 2333 1724 et
2381 1670 2435 1724 in
2487 1679 2732 1742 tempore
2771 1676 3048 1744 ordinato,
3098 1681 3301 1754 quique

1732 1755 1996 1826 incipiant
2038 1759 2457 1830 uniuscujusque
2501 1765 2858 1820 meonomiam
2895 1767 3110 1838 facere,
3150 1782 3206 1828 et
3231 1775 3300 1830 ad

89 1854 288 1908 ἐναντίον
310 1851 444 1909 εἶναι
471 1856 535 1909 τὸ
565 1857 726 1910 αὐτὸν
756 1856 1011 1926 λέγεσθαι
1054 1858 1314 1914 πλάσσειν
1353 1859 1446 1914 τὸν
1496 1859 1628 1914 Θεὸν

1767 1846 2125 1906 erlectionem
2176 1855 2480 1921 producant
2535 1855 2809 1913 hominem
2864 1871 3022 1917 antea
3064 1863 3299 1934 plasma-

88 1944 134 1998 ἐν
149 1962 199 1998 τε
222 1945 308 2017 τῷ·
344 1966 363 1999 ι
402 1949 466 2001 Αἱ
499 1948 681 2020 χεῖρές
716 1966 810 2003 σου
838 1950 1100 2021 ἐποίησάν
1132 1968 1221 2022 με,
1264 1951 1359 2005 καὶ
1385 1950 1626 2006 ἔπλασάν

86 2055 157 2107 με·
176 2058 192 2091 ι
223 2039 310 2094 καὶ
345 2043 401 2094 ἐν
424 2041 527 2112 τῷ*
564 2062 583 2095 ι
620 2042 734 2114 Πρὸ
759 2041 855 2096 τοῦ
898 2060 964 2115 με
994 2043 1198 2099 πλάσαι
1222 2042 1299 2115 (7)
1330 2061 1390 2097 σε
1423 2046 1481 2099 ἐν
1511 2062 1625 2098 κοι-

84 2129 172 2201 λίᾳ,
197 2133 475 2205 ἐπίσταμαί
507 2151 592 2199 σε,
622 2137 714 2189 καὶ
745 2136 850 2207 πρὸ
865 2135 959 2189 τοῦ
978 2154 1037 2189 σε
1053 2136 1284 2202 ἐξελθεῖν
1309 2139 1373 2190 ἐκ
1392 2138 1624 2209 μήτρας,

81 2222 254 2291 ήγίακά
292 2240 367 2276 σε.
409 2244 426 2276 ι
448 2225 595 2296 Πρὸς
624 2224 781 2279 τοῦτο
800 2225 1040 2290 λεκτέον,
1061 2228 1145 2281 ὄτι
1170 2226 1360 2299 ὥσπερ
1392 2228 1420 2280 ὁ
1461 2227 1624 2298 νόμος

78 2308 266 2383 διετάγη
291 2312 354 2366 δι’
383 2314 654 2383 ἀγγέλων,
691 2317 785 2369 καὶ
814 2316 1066 2389 λαληθεὶς
1104 2318 1181 2389 (8)
1217 2318 1373 2387 λόγος
1409 2319 1626 2388 ἐγένετο

78 2399 279 2469 βέὸαιος,
295 2404 448 2475 δῆλον
473 2406 519 2460 δ’
546 2407 649 2470 ὃτι,
682 2408 786 2461 ὑπὸ
807 2408 943 2463 Θεοῦ
972 2409 1246 2483 λαληθεὶς,
1276 2410 1449 2477 οὕτως
1481 2412 1625 2466 ἐνδέ-

76 2509 204 2560 χεται
231 2495 319 2547 καὶ
344 2495 433 2551 διὰ
455 2497 569 2552 τῶν
596 2500 942 2572 τεταγμένων
976 2502 1068 2556 ἐπὶ
1089 2502 1191 2574 τῆς
1220 2504 1485 2573 γενέσεως
1522 2506 1623 2573 ἀγ-

71 2585 216 2654 γέλων
241 2587 367 2642 Θεὸν
398 2590 661 2646 πλάττειν
678 2576 750 2646 ’ἐν
775 2591 953 2665 κοιλίᾳ
984 2593 1151 2663 λέγει.
1188 2594 1300 2648 Οὐκ
1327 2591 1447 2650 οῖδα
1473 2595 1530 2649 δὲ
1574 2598 1623 2650 εί

74 2677 230 2749 χώραν
247 2681 353 2753 ἔχει
370 2684 451 2748 είς
483 2685 550 2738 τὸ
574 2686 923 2758 ἠπορημένον
953 2687 1046 2741 καὶ
1073 2687 1309 2741 τοιοῦτόν
1337 2706 1390 2742 τι
1422 2688 1620 2757 λέγειν,

74 2768 143 2824 ὅτι
167 2774 209 2825 οἱ
252 2776 513 2841 εἰπόντες·
567 2797 585 2829 ι
621 2779 687 2831 Al
727 2779 905 2849 χεῖρές
959 2796 1053 2832 σου
1091 2779 1352 2852 ἐποίησάν
1389 2798 1477 2851 με.
1531 2781 1625 2834 καὶ

69 2859 277 2919 ἔπλασάν
297 2885 364 2937 με
390 2868 489 2941 (9),
539 2888 558 2921 ι
600 2867 740 2935 Ἰὼϐ,
765 2872 859 2924 καὶ
888 2870 1050 2925 Δαυῖδ
1072 2871 1285 2944 μερίδος
1318 2872 1469 2937 ὅντες
1486 2871 1621 2927 Θεοῦ

64 2955 392 3029 ἐπλάσθησανο
426 2962 530 3016 καὶ
564 2963 593 3015 ό
633 2962 900 3035 Ἱερεμίας
951 2963 1185 3017 ἀκούων·
1224 2983 1243 3017 ι
1281 2964 1394 3037 Πρὸ
1422 2964 1518 3018 τοῦ
1555 2983 1621 3037 με

63 3045 235 3102 πλάσαι
260 3068 318 3104 σε
340 3053 399 3105 ὲν
442 3053 648 3124 κοιλίᾳ,
685 3055 984 3127 ἐπίσταμαί
1008 3073 1088 3120 σε,
1125 3076 1144 3109 ι
1179 3057 1255 3120 ὡς
1275 3056 1373 3128 τῆς
1404 3056 1622 3128 μερίδος

60 3138 282 3209 ἐσόμενος
310 3142 405 3196 τοῦ
456 3142 601 3198 Θεοῦ
639 3144 948 3199 πέπλασται
989 3144 1080 3199 ὑπ’
1112 3143 1297 3198 αὐτοῦ·
1332 3147 1381 3198 οἱ
1415 3145 1472 3199 δὲ
1511 3145 1622 3201 τῶν

1730 1946 1867 1993 tum.
1901 1939 2007 1996 Sed
2038 1943 2185 1997 dicet
2216 1942 2414 2011 aliquis
2461 1949 2791 2004 contrarium
2843 1950 2931 2005 his
2978 1966 3102 2008 esse
3152 1957 3296 2025 quod

1728 2029 1870 2086 Deus
1909 2031 2122 2087 dicatur
2161 2034 2433 2090 hominem
2471 2036 2736 2106 plasmare
2787 2050 2896 2096 tum
2942 2043 3047 2099 hoc
3093 2046 3237 2103 dicto
3278 2067 3294 2108 :

1732 2141 1750 2175 ι
1781 2122 1969 2178 Manus
2002 2135 2105 2179 tua:
2136 2123 2383 2182 fecerunt
2411 2142 2517 2196 me,
2553 2139 2607 2184 et
2636 2129 3040 2200 plasmavernnt
3070 2152 3155 2194 me
3169 2139 3245 2205 υς
3272 2162 3290 2193 ο

1728 2222 1841 2268 tum
1872 2214 1966 2269 illo
2001 2230 2019 2273 :
2055 2233 2074 2267 ι
2109 2217 2419 2287 Antequam
2463 2219 2758 2276 formarem
2789 2233 2840 2278 te
2877 2226 2929 2280 in
2956 2236 3137 2293 utero,
3170 2234 3295 2286 novi

1730 2314 1836 2372 te;
1890 2317 1945 2360 et
1996 2318 2292 2378 antequam
2347 2310 2415 2366 de
2470 2311 2629 2366 vulva
2673 2315 2896 2382 exires,
2956 2322 3298 2379 sanetilicnvi

1731 2406 1782 2452 te
1826 2398 1896 2452 “.
1939 2416 1958 2451 ι
2008 2399 2170 2471 262
2209 2401 2291 2455 Ad
2343 2404 2488 2471 quod
2533 2406 2967 2474 respondendum
3016 2423 3121 2477 est,
3151 2417 3298 2483 quod

1727 2488 2182 2557 quemadmodum
2218 2492 2303 2547 lex
2331 2507 2428 2562 per
2471 2495 2695 2565 angelos
2739 2498 2989 2556 ordinata
3020 2501 3089 2570 “,
3121 2513 3176 2558 ct
3212 2507 3299 2561 di-

1727 2589 1846 2637 ctus
1874 2596 2057 2638 sermo
2081 2599 2177 2652 per
2203 2585 2429 2655 angelos
2467 2584 2569 2641 fuit
2595 2588 2806 2644 stabilis
2834 2590 2898 2657 ¹³,
2935 2606 3058 2670 cum
3096 2594 3298 2667 alioqui

1725 2673 2072 2744 perspicuum
2104 2675 2175 2730 sit
2197 2689 2320 2729 eum
2355 2691 2384 2731 a
2415 2676 2526 2731 Deo
2560 2677 2764 2733 dictum
2800 2679 2991 2749 fuisse,
3022 2683 3096 2738 ita
3128 2687 3296 2742 etiam

1726 2766 2049 2836 contingere
2077 2768 2130 2821 in
2162 2769 2513 2839 generatione
2540 2812 2555 2832 ,
2604 2781 2663 2825 ut
2706 2786 2802 2839 per
2830 2775 3053 2841 angelus
3087 2777 3297 2833 media-

1725 2866 1872 2914 tores
1914 2858 2084 2914 Deum
2114 2860 2388 2931 plasmarc
2418 2861 2472 2915 in
2501 2869 2656 2917 utero
2692 2866 2958 2923 dicamus.
2991 2867 3098 2922 Sed
3153 2871 3295 2925 haud

1724 2949 1840 3005 seio
1880 2964 1947 3005 an
1984 2950 2111 3005 huic
2155 2953 2295 3007 nodo
2340 2950 2602 3007 solvendo
2638 2953 2743 3007 tale
2777 2956 2906 3025 quid
2946 2959 3143 3015 adduci
3170 2974 3297 3029 pos-

1725 3043 1797 3098 sit
1823 3083 1839 3107 ,
1864 3056 2059 3112 nempe
2084 3044 2227 3112 quod
2255 3043 2358 3097 Job
2398 3054 2451 3097 et
2484 3043 2670 3106 David,
2705 3047 2875 3116 partis
2902 3049 2998 3104 Dei
3026 3065 3148 3106 eum
3201 3066 3294 3108 es-

1726 3146 1886 3204 sent,
1922 3136 2167 3192 dicentes
2197 3153 2212 3194 :
2251 3153 2270 3187 ι
2305 3135 2492 3190 Manus
2525 3144 2629 3191 tuas
2664 3138 2911 3196 fecerunt
2941 3156 3027 3196 me
3050 3182 3065 3208 ,
3100 3154 3150 3198 et
3182 3144 3298 3213 pla-

64 3230 233 3301 ὲτέρων
260 3234 473 3305 μερίδες
502 3235 661 3300 ὄντες
678 3237 782 3289 ὑπὸ
805 3235 914 3291 τῶν
940 3236 1209 3307 λαχόντων
1238 3237 1435 3300 αὐτοὺς
1452 3237 1619 3292 πλάτ-
1648 3229 1656 3272 ⁴

1765 3236 2039 3284 maverunt
2067 3242 2153 3284 me
2182 3228 2254 3293 “,
2301 3247 2320 3281 ι
2362 3242 2390 3282 a
2444 3229 2551 3284 Deo
2581 3230 2830 3299 plasmati
2868 3231 3107 3302 fuerint;
3140 3235 3289 3292 Jere-

57 3338 230 3378 τονται.
261 3326 368 3379 Καὶ
403 3328 833 3400 περιεργότερόν
862 3345 926 3397 γε
958 3324 1112 3394 οὗτος
1137 3331 1166 3382 ὁ
1194 3327 1350 3397 λόγος
1383 3328 1616 3402 ἐκλήψε-

58 3431 131 3469 ra:
162 3418 263 3489 (I0)
291 3419 371 3473 τόο
405 3440 424 3472 ι
472 3423 803 3493 Ποιήσωμεν
829 3420 1113 3493 ἄνθρωπον
1142 3423 1261 3475 κατ’
1284 3422 1488 3484 εἰκόνα,
1522 3422 1617 3476 καὶ

52 3500 281 3569 ὁμοίωσιν
316 3508 633 3580 ἡμετέραν,
674 3530 692 3561 ι
722 3510 881 3564 τοῦτο
910 3510 1161 3581 λέγοντος
1186 3511 1280 3565 τοῦ
1314 3511 1448 3565 Θεοῦ
1484 3515 1611 3591 περὶ

54 3593 243 3650 πάντων
270 3600 600 3671 ἀνθρώπων.
631 3604 724 3656 καὶ
752 3604 1267 3675 προκαταρχομένου
1296 3604 1390 3658 τοῦ
1423 3585 1607 3675 ἔργου,

47 3683 163 3757 ὅπερ
187 3687 342 3761 ἔργον
361 3690 408 3762 (I
423 3692 479 3747 Ii
500 3691 731 3764 ὕστερον
754 3694 849 3748 καὶ
869 3696 972 3749 ὑπὸ
986 3695 1095 3750 τῶν
1119 3696 1340 3763 λοιπῶν,
1365 3697 1496 3770 πρὸς
1516 3695 1610 3762 οὓς

45 3777 70 3828 ὁ
89 3775 249 3846 λόγος.
278 3784 422 3838 κατὰ
461 3786 675 3839 οἰκείαν
715 3787 908 3860 μερίδα
933 3787 1161 3858 γίνεται,
1194 3789 1404 3854 τούτοις
1426 3790 1610 3860 λέγον-

42 3882 118 3931 τος
135 3871 221 3926 τοῦ
248 3872 406 3930 Θεοῦ’
437 3896 457 3929 ι
488 3878 820 3949 Ποιήσωμεν
841 3879 1138 3951 ἄνθρωπον·
1175 3900 1193 3932 ι
1221 3876 1303 3945 οἷς
1327 3882 1421 3935 καί
1444 3899 1607 3953 φησιν

45 3955 123 4011 ἐπὶ
144 3962 236 4033 τῆς
249 3964 359 4019 τῶν
381 3966 689 4022 διαλέκτων
716 3968 1052 4040 συγχύσεως⁸
1082 3989 1101 4021 ι
1126 3969 1313 4034 Δεῦτε,
1339 3971 1612 4025 καταϐάν-

40 4057 117 4108 τες
142 4048 234 4122 τὴν
266 4053 530 4122 γλῶσσαν
565 4058 886 4129 συγχέωμεν
916 4059 1032 4110 ἐκεῖ
1053 4057 1251 4113 αὐτῶν.
1294 4079 1314 4110 ι
1345 4059 1531 4114 Ταῦτα
1553 4059 1613 4113 δὲ

38 4138 123 4190 οὐκ
146 4143 579 4220 ἀποφαινόμενοι
609 4149 857 4222 λέγομεν·
892 4151 1093 4221 πολλῆς
1131 4149 1240 4222 γὰρ
1275 4151 1510 4222 βασάνου
1541 4152 1612 4206 τά

37 4230 312 4301 τηλικαῦτα
358 4240 584 4313 χρῄζει,
628 4242 693 4295 ἶν’
716 4242 910 4315 εὑρεθῇ
945 4243 1171 4316 πότερον
1189 4243 1360 4308 οὕτως
1391 4243 1524 4316 ἔχει,
1575 4244 1609 4317 ἢ

37 4322 235 4397 ἑτέρως.
259 4333 335 4385 Οὐ
366 4335 818 4407 καταφρονητέον
844 4336 900 4389 δέ
931 4336 1025 4389 καὶ
1049 4335 1149 4406 τῆς
1183 4337 1435 4409 τοιαύτης
1455 4338 1609 4391 ἐκδο-

37 4417 137 4487 ιῆς,
158 4422 385 4492 ἕκαστος
418 4427 537 4481 τῶν
555 4427 858 4500 ἀνθρώπων
880 4430 1037 4502 μερίς
1065 4430 1181 4484 ἐστί
1200 4446 1345 4494 τινος
1363 4430 1504 4485 κατά
1525 4431 1602 4485 τό·

90 4537 133 4611 ’_°
165 4538 302 4597 Psal.
324 4556 526 4611 cxvm,
554 4543 644 4598 73.

37 4605 66 4637 ³⁸
91 4605 286 4665 Jerem.
328 4627 373 4676 ι,
421 4605 520 4669 5.’
584 4614 630 4646 ³⁸
661 4613 796 4671 Gen.
827 4632 863 4682 ι,
892 4615 981 4669 26.
1076 4605 1120 4647 ί⁷
1154 4616 1289 4672 Gen.
1322 4633 1398 4677 ιι.
1446 4617 1498 4670 7.

756 4545 798 4576 ¹¹
836 4544 1037 4600 Jerem.
1068 4562 1102 4609 ι,
1128 4546 1177 4600 5.
1263 4548 1307 4579 ³²
1335 4545 1513 4602 Galat.
1546 4561 1626 4612 ιιι,
1652 4544 1737 4601 19.
1832 4546 1878 4578 ³³
1903 4545 2069 4603 Ilebr.
2108 4565 2168 4611 ιι,
2201 4548 2256 4603 2.

1727 3322 1868 3376 mias
1898 3328 2077 3375 autem
2124 3321 2394 3378 audiens:
2428 3338 2447 3371 σ
2485 3322 2791 3393 Antequam
2831 3324 3120 3381 formarem
3157 3329 3293 3385 tein

1725 3424 1902 3479 utero,
1936 3415 2059 3468 novi
2092 3424 2146 3469 te
2168 3414 2239 3479 ’⁵,
2280 3434 2297 3468 ι
2334 3430 2434 3470 ceu
2465 3416 2634 3484 partis
2670 3416 2763 3471 Dei
2796 3415 3031 3485 futurus,
3072 3420 3141 3474 ab
3175 3422 3294 3490 ipso

1723 3504 1992 3561 formatus
2017 3505 2222 3574 fuerit;
2255 3507 2345 3562 alii
2390 3522 2517 3564 vero
2548 3508 2780 3563 aliorum
2817 3511 3143 3566 exsistentes
3167 3527 3293 3583 par-

1723 3606 1826 3664 tes,
1870 3599 1938 3654 ab
1973 3598 2059 3655 his
2100 3597 2405 3655 formentur
2446 3600 2644 3671 quibus
2677 3609 2828 3656 sorte
2870 3601 3175 3674 obtingunt.
3227 3606 3294 3661 Et

1720 3691 2030 3746 accuratius
2063 3691 2305 3761 profecto
2350 3692 2481 3747 illud
2523 3693 2970 3764 interpretabitur
2998 3697 3113 3751 haec
3157 3708 3286 3752 ora-

1718 3782 1836 3835 tio:
1874 3798 1894 3833 ι
1933 3780 2221 3838 Faciamus
2265 3784 2540 3839 hominem
2571 3785 2637 3840 ad
2675 3785 2967 3855 imaginem
3012 3796 3069 3843 et
3101 3788 3292 3844 simili-

1718 3875 1958 3932 tudinem
1980 3886 2224 3932 nostram
2254 3877 2325 3942 “,
2370 3895 2389 3930 ι
2422 3877 2525 3932 hoc
2556 3877 2766 3933 dicente
2797 3880 2906 3934 Deo
2942 3882 3009 3936 de
3034 3884 3290 3939 omnibus

1716 3968 2051 4037 hominibus,
2099 3980 2155 4025 et
2203 3971 2270 4025 de
2298 3982 2462 4040 Opere
2490 3976 2816 4041 antegresso
2847 3986 2864 4026 :
2896 3973 3039 4042 quod
3092 3974 3289 4031 deinde

1715 4074 1851 4129 opus
1877 4068 1931 4114 et
1958 4074 1989 4113 a
2021 4061 2237 4117 caeteris
2278 4062 2361 4126 llt,
2399 4061 2702 4116 secundum
2743 4063 3016 4132 propriam
3053 4075 3286 4133 partem,

1713 4149 1780 4202 ad
1838 4165 1975 4220 quos
2026 4148 2086 4204 fit
2130 4163 2347 4215 sermo,
2386 4151 2495 4206 Deo
2537 4152 2622 4207 his
2649 4151 2909 4209 dicente:
2940 4172 2961 4206 ι
2997 4154 3287 4211 Faciamus

1715 4243 2018 4309 hominem;
2058 4260 2078 4295 δ
2113 4243 2309 4312 quibus
2335 4243 2500 4299 etiam
2535 4243 2712 4315 inquit
2751 4246 2804 4300 in
2834 4246 3155 4303 confusione
3181 4249 3285 4303 lin-

1711 4349 1942 4404 gnarum
1976 4353 1990 4395 :
2043 4353 2062 4387 ι
2100 4335 2315 4401 Venite,
2365 4344 2420 4391 et
2455 4337 2847 4393 descendentes
2894 4338 3285 4396 confundamns

1713 4430 1824 4485 illic
1875 4429 2091 4486 illorum
2143 4431 2386 4495 linguam
2420 4430 2490 4484 "’.
2532 4450 2551 4485 ι
2595 4431 2721 4487 Ilaec
2765 4442 2946 4487 autem
2996 4446 3100 4487 non
3148 4435 3285 4488 deli-

2357 4549 2404 4581 "
2435 4548 2538 4606 Job
2568 4565 2635 4608 χ,
2664 4548 2728 4605 8:
2760 4547 2902 4603 Psal.
2938 4564 3099 4603 cxvm
3128 4589 3144 4614 ,
3189 4546 3280 4605 7‘5.

86 4699 158 4768 (ι)
186 4700 341 4777 Idem
386 4705 571 4759 codex
626 4704 947 4761 Bodleianus
986 4708 1331 4777 σκοπητέον;
1369 4705 1592 4776 Regius,
1631 4714 1675 4769 ι)
1705 4702 1926 4777 laveris,
1951 4715 2121 4777 quam
2151 4700 2427 4777 damones
2473 4700 2984 4777 illo§_ethnicorum,
3021 4702 3114 4772 qui
3147 4706 3268 4759 ani-

37 4768 428 4842 ἓπισκοπητέον.

79 4842 151 4909 (b)
180 4841 408 4898 Κόὲεον.
447 4844 552 4899 Sic
579 4844 744 4898 codex
783 4844 1141 4912 Bodleianns;
1176 4846 1394 4916 Regius,
1418 4846 1599 4918 κάμα-

37 4924 98 4963 ιον
104 4949 117 4962 .

186 4982 257 5056 Et
303 4981 642 5056 καματηρᾶ
681 4984 851 5038 ἐστιν
893 4987 931 5055 ἠ
988 4985 1106 5040 τῶν
1143 4985 1434 5056 ἀγγέλων,
1487 4997 1595 5042 etc.

37 5048 145 5124 Uibi
178 5048 573 5122 docuit'Orig;
584 5069 677 5107 nes
702 5048 969 5110 animas'a
1012 5059 1119 5111 Deo
1148 5048 1466 5124 corporibus
1496 5058 1594 5110 im-

37 5121 183 5195 nitti;
224 5123 278 5177 id
317 5140 471 5178 nunc
499 5121 821 5192 angelorum
848 5127 1150 5182 ministerio
1180 5121 1429 5195 etiopera
1467 5141 1592 5195 per-

37 5192 93 5244 iei
128 5194 701 5278 declarat._Cletttens
726 5195 1107 5278 Alexandrina,
1132 5192 1373 5278 quogI-‘f
1400 5192 1594 5278 Ἔλεγε

1708 4789 1824 4829 mas
1851 4773 1920 4828 ad
1951 4770 2159 4846 inferos
2184 4771 2716 4846 detluceb_aut:UItde
2730 4770 3115 4846 ettMercurius
3137 4791 3281 4846 πομ.

1708 4850 1862 4908 πεύς,
1907 4852 1961 4897 et
2006 4842 2210 4913 ταμίας
2254 4841 2364 4895 τῶν
2406 4841 2592 4913 ψυχῶν
2644 4841 3034 4911 appellabatur.
3080 4841 3276 4900 Iisdem

1707 4922 1888 4970 autem
1917 4914 2123 4983 angelis
2164 4913 2465 4968 animarum
2508 4913 2799 4975 sationem,
2827 4913 3272 4983 earumdemque,

1705 4987 1832 5039 dum
1874 4983 2088 5052 corpori
2115 4984 2332 5051 illigatae
2362 4995 2505 5047 sunt,
2536 4998 2725 5037 Curam
2746 4983 2847 5054 hoc
2874 4983 2993 5039 loco
3018 4982 3278 5054 Origenes

1706 5054 1973 5109 attribuit.
2003 5054 2178 5120 Atque
2229 5056 2341 5106 haec
2390 5058 2572 5106 ornm'a
2605 5053 2889 5108 enucleate
2933 5069 2964 5107 a
3011 5053 3169 5110 nobis
3218 5058 3270 5110 in

1705 5124 2041 5184 Oriqenianis
2067 5122 2413 5176 ventilentur.
2445 5122 2707 5180 HUETIUS.

1772 5194 1851 5266 (7)
1887 5192 2031 5266 Πρὸ⁸
2046 5193 2152 5266 τοῦ
2189 5209 2268 5262 με
2308 5192 2559 5266 πλάσαι.
2601 5195 2692 5266 Sic
2720 5194 2888 5266 codex
2912 5193 3272 5262 Bodleinnus;

37 5277 49 5310 :
111 5263 237 5316 σϐύ..
280 5282 311 5327 ς
344 5263 499 5328 ζῶον
532 5259 677 5317 εἶναι
712 5264 775 5318 τὸ
816 5266 958 5319 κατά
1005 5259 1286 5338 γαστρός.’
1305 5259 1593 5321 Είσιοῦσάν

126 5281 431 5406 τὴιῑέὶυχὴν
466 5335 560 5398 είς
601 5334 698 5406 τὴν
742 5336 956 5406 μήτραν
995 5337 1104 5389 ἀπὸ
1137 5336 1235 5406 τὴς
1275 5337 1595 5406 καθάρσεως

1765 5259 1907 5334 agitis
1926 5259 2348 5328 etBarberInus,
2381 5264 2536 5324 male,
2573 5264 2680 5335 πρὸ
2701 5264 2799 5316 τοῦ
2831 5266 3193 5335 μεταπλάσαι.

1774 5335 1851 5406 (8)
1878 5333 1989 5406 Kai
2019 5334 2331 5406 λαληθεζς.
2362 5331 2421 5388 In
2455 5333 2633 5406 Regio
2657 5338 2806 5406 deest
2833 5335 2950 5391 καί.
3106 5405 3125 5406 ἡ

126 5351 224 5406 την
241 5351 317 5406 qm

358 5334 431 5406 ὴν
466 5335 560 5410 είς
601 5334 702 5410 τὴν
723 5336 956 5410 Δμήτραν
995 5337 1104 5410 ἀπὸ
1137 5334 1235 5406 τὴς
1265 5337 1595 5410 Δκαθάρσεως

42 5403 452 5479 ὐτρεπισμένην
498 5408 588 5479 είς
623 5403 905 5479 σύλληψιν,
956 5409 1049 5461 καὶ
1076 5403 1443 5479 εἰσκριθείσαν
1488 5408 1594 5461 ὑπό

38 5489 139 5550 tvo;
164 5476 273 5527 τῶν
296 5480 382 5550 τῇ
404 5476 635 5550 γενέσει
671 5476 994 5550 ἐφεστώτων
1034 5476 1308 5550 ἀγγέλων,
1349 5494 1591 5550 παραγι-

37 5540 296 5638 ὧσκοντος
331 5540 432 5638 ἢν
469 5547 681 5635 κιιιιρὸν⁹
713 5540 813 5618 τῆς
857 5540 1189 5638 συλλήξξιέως,
1244 5540 1592 5638 κινείν’πρὸς

37 5617 284 5690 ονουσίαν
311 5617 463 5690 *τὴν*
514 5617 796 5690 γυναῖκα,
846 5632 958 5672 etc.
1010 5617 1145 5690 Tum
1204 5621 1362 5690 paulo
1420 5617 1588 5687 post:

37 5682 271 5758 ξιπηνίκα
305 5687 376 5742 ἂν
397 5682 878 5758 ἐὐαγγελίςωνται
902 5692 953 5741 οἱ
977 5682 1321 5758 ἄγγελοι’τὰς
1352 5682 1591 5758 στείρας,

37 5706 271 5758 ειπηνικα
305 5706 376 5742 αν
406 5706 878 5754 ευαγγελιςωνται
902 5706 953 5741 οι
977 5706 1194 5758 αγγελοι
1224 5706 1321 5753 τας
1352 5706 1591 5812 πειρᾷς,

38 5771 98 5805 ιον
127 5757 736 5832 προεισκρίνουσιατῆς
763 5758 1076 5832 συλλήψεως
1109 5759 1205 5824 τὰς
1237 5758 1438 5832 ψυχάς.
1534 5778 1595 5832 υ-

37 5826 316 5890 ῡπομπούς
346 5826 633 5897 ejusmodi
666 5826 885 5898 angelos
915 5826 1027 5884 non
1057 5832 1233 5886 minus
1253 5826 1383 5902 apte
1411 5830 1595 5901 appel—

310 5925 613 5986 ΡΑτιιοι.
637 5923 752 5987 Gn.
786 5926 959 5988 XIV.

1878 5333 1989 5413 ζςαζ
2019 5334 2331 5413 έαυίηθεζς.
2362 5331 2421 5388 In
2455 5331 2638 5413 _l_{egio_
2657 5338 2806 5413 deest
2833 5331 2950 5391 Ξιαί.
3019 5406 3030 5413 .
3105 5405 3138 5413 n
3222 5404 3231 5413 δ

1773 5402 1848 5476 (9)
1881 5404 1993 5458 Καὶ
2026 5402 2311 5458 ἕπλασάν
2329 5422 2425 5473 με.
2454 5402 2576 5458 llwc
2608 5404 2990 5476 desiderantur
3019 5406 3069 5457 in
3105 5404 3271 5476 Regio

1700 5474 1905 5599 fodice,
1945 5477 2039 5532 sed
2088 5476 2452 5530 restituuntur
2477 5490 2509 5530 e
2535 5476 2692 5530 codd.
2718 5474 3014 5529 Barberino
3046 5485 3099 5530 et
3127 5474 3269 5529 Bod-

1719 5561 1891 5599 erano.

1719 5561 1891 5603 CIaIIO.

1770 5616 1884 5687 (IO)
1916 5613 2302 5687 Ἐκλήψεται.
2336 5613 2428 5671 Sic
2449 5616 2620 5671 codex
2643 5613 3010 5682 Bodleianus;
3047 5614 3269 5686 Regius,

1700 5685 2003 5756 perperam,
2026 5685 2354 5755 ἐκλείψεται.

1740 5740 1885 5840 .(lll)
2187 5740 2278 5811 'lta
2311 5756 2477 5814 codex
2510 5755 2853 5822 Bodleianus,
2894 5756 3130 5826 optime;
3167 5753 3273 5810 Rc-

1703 5825 1845 5899 gius,
1887 5825 2048 5893 male,
2074 5825 2260 5898 ἔργου.

2877 5919 2962 5983 16
