3702 6142
98 336 173 391 495

1087 335 1424 393 COMMENT
1466 339 1531 394 IN
1566 339 1757 396 JOAN.
1795 340 2033 397 TOMUS
2075 343 2209 397 XIII.

3161 355 3265 408 494

96 453 289 529 μαθητὰς
316 450 375 505 τὰ
411 450 548 504 κατὰ
599 449 831 520 δύναμιν
869 449 1237 522 ἐξητασμένα,
1279 456 1579 526 ἐπαναλαμ-

1752 469 1859 510 tura
1900 458 2267 511 narrationem
2319 457 2385 512 de
2431 459 2515 515 his
2543 463 2633 530 qui
2677 474 2941 518 venerant
2982 479 3011 519 e
3046 467 3266 524 civitate

92 547 206 602 ϐάνει
228 545 256 615 ὴ
279 541 448 613 Γραφὴ
472 541 540 594 τά
572 542 699 612 περὶ
751 541 860 594 τῶν
893 542 1228 614 ἐληλυθότων
1262 548 1326 601 ὲκ
1365 549 1462 619 τῆς
1496 548 1594 600 πό-

92 637 192 700 λεως
215 633 331 704 πρὸς
366 631 538 693 αὑτὸν,
569 631 667 684 καὶ
701 632 1108 687 πιστευσάντων
1139 635 1229 688 διὰ
1256 636 1350 707 τὴν
1387 654 1594 708 μαρτυ-

87 728 180 800 ρίαν
200 725 284 794 τῆς
321 722 562 791 γυναικὸς
595 721 861 794 λεγούσης
885 741 898 754 ο
941 744 960 776 ‹
999 724 1117 778 Ὅτι
1143 721 1265 780 εῖπέ
1302 745 1389 798 μοι
1418 728 1594 782 πάντα

85 820 159 871 ὅσα
186 817 402 886 ἐποίησα.
442 833 460 864 ι
504 815 568 866 Εἰ
592 814 649 867 δὲ
682 814 994 886 κρατοῦμεν
1020 817 1129 872 τῶν
1158 820 1414 892 ἀνωτέρω
1438 823 1593 892 εἰρη-

85 911 220 981 μένων
244 908 354 978 περὶ
382 906 478 975 τῆς
517 907 832 978 Σαμαρείας
874 910 968 962 καὶ
1004 911 1106 980 τῆς
1159 912 1548 982 Σαμαρείτιδος
1574 968 1588 992 ,

84 1002 154 1054 καὶ
189 1001 272 1069 τῆς
297 997 382 1052 τοῦ
424 997 617 1052 Ἰακὼὸ
663 1001 844 1070 πηγῆς
865 1040 881 1063 ,
921 1000 981 1052 οὐ
1021 1001 1256 1070 χαλεπὸν
1309 1003 1434 1056 ἰδεῖν
1470 1003 1591 1056 τίνα

79 1092 232 1161 τρόπον
259 1087 590 1157 ἐπιτυχόντες
634 1087 794 1156 λόγου
846 1088 1030 1158 ὑγιοῦς
1082 1093 1131 1143 οἱ
1188 1092 1589 1164 προκατειλημ-

80 1182 196 1250 μένοι
236 1181 286 1233 ἑν
323 1180 840 1251 ἑτεροδιδασκαλίαις
870 1182 1258 1238 καταλείπουσι
1301 1187 1398 1257 τὴν
1427 1187 1590 1240 οἱονεὶ

72 1274 156 1326 τῶν
178 1273 432 1344 δογμάτων
456 1272 631 1336 πόλιν,
664 1274 759 1327 καὶ
789 1273 1096 1340 ἐξελθόντες
1123 1279 1292 1348 αὐτῆς
1321 1281 1590 1348 ὑγιαινόν-

72 1383 153 1428 τως
169 1365 450 1418 πιστεύουσι
485 1365 617 1437 (16),
654 1369 782 1437 μιᾶς
810 1385 955 1432 τινος
981 1370 1135 1441 παρά
1159 1373 1224 1442 τῇ
1261 1371 1352 1424 τοῦ
1395 1373 1587 1427 Ἰακὼϐ

70 1461 186 1528 πηγῇ
219 1457 468 1530 προτέρας
499 1461 881 1530 κεχωρηκυεας
913 1461 1012 1533 τὴν
1047 1465 1312 1535 σωτήριον
1339 1464 1587 1521 διδασκα-

69 1551 180 1612 λίαν,
219 1551 302 1604 καὶ
345 1549 751 1622 καταλιπούσης
789 1551 886 1624 τὴν
922 1555 1328 1628 προειρημένην
1358 1558 1540 1628 ὑδρίαν
1567 1600 1581 1624 ,

1699 552 1765 603 ad
1799 551 1997 619 ipsum,
2043 562 2098 606 et
2135 553 2200 607 de
2243 553 2326 607 his
2369 555 2461 623 qui
2502 555 2849 611 credideram
2887 571 2982 628 per
3021 560 3266 614 testimo-

1697 641 1845 695 nium
1883 642 2131 698 mulierts
2167 645 2442 700 dicentis:
2482 663 2501 697 ι
2541 646 2678 713 Quia
2711 648 2848 703 dixit
2891 650 3022 706 mihi
3079 653 3263 708 omnia

1694 748 2034 804 quacunque
2077 736 2204 790 feci.
2237 756 2256 788 ι
2289 737 2440 803 Quod
2468 739 2513 792 si
2555 755 2824 795 memores
2859 757 3045 796 sumus
3074 759 3262 802 eorum

1696 837 1818 890 quae
1844 826 2095 892 superius
2134 825 2372 882 diximus
2401 827 2470 881 de
2511 828 2778 894 Samaria,
2824 838 2878 884 et
2914 831 2981 886 de
3017 831 3259 889 Samari-

1696 913 1828 978 tide,
1857 914 1996 968 etde
2021 913 2170 969 fonte
2197 914 2387 981 Jacnb,
2419 932 2525 972 non
2554 919 2769 974 dilIicile
2796 931 2879 975 est
2918 922 3103 978 videre
3126 940 3261 994 quo-

1692 1018 1818 1057 nam
1852 1013 2011 1073 pacto
2047 1005 2138 1074 qui
2183 1008 2416 1061 assecuti
2455 1008 2658 1063 fuerint
2696 1024 2883 1064 sanam
2928 1013 3256 1082 doctrinam,

1692 1112 1816 1152 cum
1841 1108 1999 1152 antea
2035 1101 2288 1168 occupati
2326 1100 2559 1155 fuissent
2585 1102 2638 1156 in
2675 1103 2940 1159 doctrinis
2979 1107 3048 1161 ab
3079 1107 3259 1164 Ecclc-
3352 1099 3360 1104 ’

1689 1189 1787 1242 sire
1835 1189 2069 1244 decretis
2116 1190 2521 1256 dissidentibus,
2573 1193 2891 1264 relinquunt
2921 1196 3085 1252 veluti
3122 1199 3258 1270 dog-

1691 1291 1895 1336 malum
1927 1282 2231 1348 civitatem,
2273 1293 2328 1337 et
2361 1285 2564 1353 egressi
2615 1301 2682 1347 ex
2732 1301 2794 1342 ea
2843 1301 2975 1342 sane
3003 1291 3254 1358 credunt,

1687 1389 1810 1428 cum
1858 1388 1964 1428 una
2011 1375 2279 1444 quaepiam
2329 1376 2523 1431 mulier
2562 1388 2722 1433 antea
2767 1382 3067 1450 perceperit
3112 1385 3255 1452 apud

1689 1463 1893 1520 fontem
1933 1464 2100 1521 Jacob
2151 1467 2448 1522 salutarem
2502 1469 2824 1536 doctrinam,
2876 1481 2930 1526 et
2966 1474 3252 1544 reliquerit

1687 1558 1998 1628 praedictam
2035 1558 2301 1629 hydriam,
2351 1562 2647 1615 invitatura
2694 1563 2854 1628 alios,
2896 1575 2954 1617 ut
2999 1568 3252 1625 similiter

70 1651 179 1720 ὑπὲρ
217 1647 299 1700 τοῦ
348 1648 437 1700 καὶ
473 1648 700 1726 ’ἑτέρους
749 1649 842 1700 ἐπὶ
889 1649 949 1701 τὸ
998 1651 1196 1719 ὁμοίως
1230 1649 1573 1720 ὠφεληθῆναι

1752 1661 1946 1708 rentur.
1967 1652 2109 1710 Sane
2135 1656 2432 1713 Heracleon
2462 1658 2848 1729 interpretatus
2872 1666 2973 1728 est,
3007 1685 3027 1716 (
3062 1681 3128 1720 ex
3147 1684 3222 1722 ur

71 1737 464 1810 προκαλέσασθαι.
510 1739 570 1792 '0
589 1738 633 1790 δ’
665 1739 971 1809 Ἡρακλέων
999 1741 1057 1794 τὸ
1091 1742 1186 1810 μὲν
1220 1761 1238 1793 ‹
1264 1742 1326 1794 ὲκ
1355 1746 1450 1814 τῆς
1477 1744 1573 1796 πό-

1752 1785 1757 1806 ,
1781 1763 1799 1795 ι
1830 1761 1950 1815 pro,
1977 1761 2006 1801 e
2032 1750 2235 1803 mundo
2262 1768 2273 1801 :
2303 1750 2430 1804 illud
2454 1765 2606 1815 vero,
2642 1769 2659 1801 ι
2681 1761 2901 1822 propter
2927 1770 3233 1813 sermonem

67 1831 183 1891 λεως.
223 1848 238 1880 ι
275 1829 388 1881 ἀντὶ
425 1827 549 1884 τοῦ.
583 1831 644 1881 ἐκ
678 1829 770 1882 τοῦ
813 1830 1036 1902 κόσμου,
1071 1832 1351 1903 ἑξείληφε·
1389 1834 1450 1886 τὸ
1487 1835 1574 1899 δὲ,

1752 1838 1939 1902 tlieris,
1969 1857 1987 1890 ι
2012 1871 2083 1879 —
2114 1861 2132 1893 ι
2164 1843 2267 1897 hoc
2295 1852 2396 1907 est,
2428 1844 2619 1912 inquit,
2651 1855 2868 1914 propter
2901 1848 3232 1916 spiritualem

73 1938 86 1969 ι
109 1919 186 1971 Διὰ
203 1919 284 1970 τὸν
306 1919 455 1985 λόγον
477 1920 575 1988 τῆς
595 1921 867 1988 γυναικὸς,
898 1941 915 1972 ι
935 1953 1004 1961 --
1025 1941 1044 1974 ‹
1077 1924 1345 1987 τουτέστι,
1365 1924 1452 1978 διά
1472 1925 1572 1996 τῆς

65 2011 386 2078 πιευματικῆς
409 2011 754 2082 Έκκλησῖας·
793 2035 812 2066 ι
847 2016 938 2069 καὶ
967 2016 1380 2087 ἐπισημαίνεται
1401 2034 1462 2085 γε
1486 2017 1565 2082 τὺ,

62 2103 273 2170 «πολλοὶ,
297 2125 313 2157 ι
346 2105 419 2169 ὡς
447 2105 662 2159 πολλῶν
707 2106 874 2160 ὄντων
923 2106 1196 2178 ψυχικῶν·
1236 2109 1334 2180 τὴν
1384 2110 1438 2163 δὲ
1473 2111 1582 2183 (l7)

56 2195 159 2263 μίαν
182 2196 315 2266 λέγει
341 2197 439 2268 τὴν
474 2197 759 2268 ἄφθαρτον
784 2199 885 2269 τῆς
911 2199 1139 2270 ἐκλογῆς
1161 2200 1340 2269 φύσιν,
1364 2203 1457 2255 καὶ
1490 2221 1586 2273 μον

53 2286 231 2356 νοειδῆ,
279 2289 370 2342 καὶ
423 2291 630 2361 ἑνικήν.
670 2290 944 2362 Ἔστημεν
973 2291 1028 2344 δὲ
1073 2293 1354 2363 καὶτήμεῖς
1385 2295 1494 2364 (18)
1527 2297 1583 2348 ἑν

49 2381 138 2442 τοῖς
159 2380 416 2453 ἀνωτέρω,
444 2383 522 2446 ὼς
551 2377 660 2435 οἷόν
691 2401 749 2436 τε
786 2379 872 2454 ἦν,
904 2385 1042 2455 πρὸς
1074 2385 1266 2439 ταῦτα.

101 2469 178 2523 5|.
215 2491 232 2524 ι
270 2473 353 2537 Ὠς
388 2470 481 2529 οὖν
517 2471 681 2546 ἦλθον
711 2476 846 2548 πρὸς
898 2477 1061 2531 αὐτὸν
1100 2479 1193 2531 καὶ
1222 2481 1270 2532 οἱ
1310 2480 1581 2551 Σαμαρεῖ-

45 2577 132 2626 ται,
164 2564 380 2635 ἠρώτων
408 2568 574 2621 αὑτὸν
615 2571 794 2639 μεῖναι
832 2573 960 2642 παρ’
993 2571 1174 2634 αὐτοῖς
1199 2589 1210 2601 ·
1245 2573 1339 2626 καὶ
1371 2572 1583 2644 ἔμεινεν

45 2653 136 2707 ἐκεῖ
161 2656 244 2709 δύο
273 2659 506 2731 ἡμέραςο
544 2662 638 2714 καὶ
677 2662 856 2734 πολλῷ
896 2663 1114 2727 πλείους
1142 2665 1468 2718 ἐπίστευσαν
1495 2666 1585 2720 διὰ

42 2747 115 2801 τὸν
138 2747 279 2818 λόγον
309 2753 495 2806 αὐτοῦ.
513 2773 533 2806 ι
558 2755 669 2808 Οὐκ
696 2755 974 2820 ἀπιθάνως
1008 2775 1093 2821 τις
1127 2758 1452 2830 συγκρούσει
1480 2759 1544 2811 τό
1565 2775 1578 2789 ·

46 2858 60 2891 ι
89 2843 167 2906 El;
204 2845 313 2900 ὁδὸν
344 2847 518 2902 ἑθνῶν
551 2848 626 2921 μὴ
652 2850 945 2921 ἀπέλθητε,
983 2853 1079 2906 καὶ
1107 2855 1186 2916 εἰς
1217 2854 1371 2906 πόλιν
1401 2855 1584 2924 Σαμα-

41 2932 202 2998 ρειτῶν
228 2935 299 3007 μὴ
334 2937 641 3009 εἰσέλθητε,
681 2958 701 2991 ι
745 2938 822 3010 τῷ
845 2940 994 3012 ῥητῷ
1016 2941 1209 3013 τούτῳ.
1261 2943 1582 3015 Ἐρωτηθεὶς

41 3023 123 3090 γὰρ
151 3025 176 3075 ὁ
213 3026 400 3099 Σωτὴρ
437 3033 624 3100 μεῖναι
653 3032 804 3102 παρὰ
842 3036 954 3096 τοῖς
986 3035 1384 3106 Σαμαρείταις,
1434 3036 1582 3108 ἔμει-

41 3130 106 3214 νεν
129 3118 233 3217 ἐκεῖ
249 3118 339 3172 δύο
367 3122 608 3195 ἡμέρας,
641 3126 670 3176 ό
703 3123 900 3180 εἰπών’
935 3145 952 3176 ι
991 3127 1086 3190 Εἰς
1128 3127 1278 3181 πόλιν
1307 3129 1578 3200 Σαμαρει-
1606 3159 1648 3217 C

41 3203 119 3255 τῶν
143 3208 210 3275 μὴ
238 3211 543 3284 εἰσέλθητε·
577 3231 594 3264 ι
629 3213 785 3284 δῆλον
815 3210 928 3278 οὖν,
987 3218 1065 3269 ὅτι
1105 3217 1199 3270 καὶ
1237 3217 1287 3269 οἱ
1341 3218 1581 3289 μαθηταὶ

41 3297 167 3350 κὺτοῦ
199 3304 742 3374 συνεισεληλύθεισαν
775 3307 888 3378 (l9)
923 3307 1091 3379 αὐτῷ.
1119 3309 1351 3363 Λεκτέον
1371 3310 1427 3364 δὲ
1450 3311 1585 3383 πρὸς

41 3392 176 3462 τοῦτο,
204 3396 282 3450 ὅτι
333 3398 396 3451 τὸ
441 3400 552 3470 μὲν
605 3401 684 3464 εἰς
735 3402 854 3455 ὁδὸν
911 3403 1081 3457 ἐθνῶν
1131 3403 1386 3457 ἀπελθεῖν
1438 3407 1583 3457 ἐστιν

41 3483 278 3542 ὶναλαεεῖν
304 3507 358 3544 τι
387 3492 578 3564 δόγμα
615 3493 847 3559 ὲθνικὺν,
904 3495 1179 3568 ἀλλότριον
1220 3497 1312 3548 τοῦ
1369 3496 1584 3568 Ἰσραὴλ

41 3577 100 3628 τοῦ
126 3579 272 3646 Θεοῦ,
298 3585 395 3638 καὶ
423 3586 653 3640 ὁδεῦσαι
678 3589 796 3640 κατ’
820 3588 969 3641 αὐτό·
994 3587 1058 3641 τὸ
1087 3588 1142 3642 δὲ
1171 3591 1249 3652 εἰς
1296 3588 1448 3642 πόλιν
1472 3593 1582 3644 εἰσ-

42 3666 170 3724 ὶθεῖν
207 3674 597 3747 Σαμαρειτῶν,
633 3678 696 3731 τὸ
737 3679 794 3732 ἐν
821 3696 927 3734 τινι
961 3679 1216 3748 γενέσθαι
1246 3680 1582 3753 ψευδωνύμῳ

41 3762 193 3817 ’νώσει
227 3767 337 3821 τῶν
375 3768 655 3838 λεγόντων
703 3775 985 3841 νομικοῖς,
1027 3770 1060 3842 ἦ
1107 3777 1492 3842 προφητικοῖς,
1544 3775 1576 3846 ἢ

47 3855 366 3926 ὖαγγελικοῖς
391 3902 406 3926 ,
474 3863 511 3934 ἤ
588 3862 963 3926 ἀποστολικοίς
1031 3865 1318 3936 προσέχειν
1372 3866 1575 3936 λόγοιςο

42 3945 166 4008 ξεστι
214 3951 270 4003 δὲ
305 3953 730 4007 καταλιπόντων
785 3955 1142 4026 Σαμαρειτῶν
1178 3959 1276 4028 τὴν
1316 3959 1450 4013 ἰδίαν
1484 3960 1579 4013 πό-

43 4054 114 4099 ιν,
145 4042 232 4094 καὶ
271 4043 550 4098 ἐλθόντων
590 4045 727 4116 πρὸς
765 4045 856 4099 τὸν
908 4046 1112 4118 Ἰησοῦν
1149 4047 1301 4120 παρὰ
1330 4050 1428 4120 τὴν
1467 4049 1576 4123 (20)

41 4127 90 4179 οῦ
127 4131 313 4185 Ἰακὼϐ
371 4135 570 4206 πηγὴν
596 4174 611 4199 ,
653 4135 1058 4206 ἀποδεξάμενον
1113 4138 1211 4209 τὴν
1261 4141 1577 4211 προαίρεσιν

41 4219 102 4272 ὢν
145 4229 568 4282 πιστευσάντων
624 4229 714 4282 τὸν
770 4229 998 4300 Ἰησοῦν,
1049 4234 1226 4301 μεῖναι
1277 4232 1427 4299 παρὰ
1467 4235 1579 4297 τοῖς

41 4319 345 4388 ρωτήσασιν·
371 4317 538 4393 οἶμαι
564 4321 608 4375 δ’
637 4323 718 4375 ὅτι
736 4323 1271 4395 παρατετηρημένως
1289 4326 1577 4396 ὁἸωάννης

41 4407 345 4485 Βπεποίηκε
374 4415 474 4468 τό·
516 4435 537 4467 ε
593 4414 846 4487 Ἠρὼτων
893 4415 1054 4468 αὐτόν
1086 4435 1105 4467 ι
1149 4418 1197 4468 οἱ
1245 4417 1575 4488 Σαμαρεῖται

1683 1929 2008 1997 Ecclesium;
2047 1950 2065 1981 ι
2102 1933 2263 2004 264
2289 1944 2545 2004 notatque
2573 1936 2736 2002 illud,
2770 1957 2787 1989 ι
2821 1938 2992 1999 multi,
3030 1959 3048 1990 ι
3083 1943 3235 2010 quasi

1681 2022 1832 2076 multi
1863 2021 1970 2076 sint
1997 2023 2252 2079 animales
2285 2044 2296 2078 :
2329 2042 2491 2080 unam
2521 2043 2648 2082 vero
2686 2036 2930 2082 naturam
2955 2029 3234 2086 electionis

1685 2111 1884 2164 asserit
1914 2125 2034 2165 esse
2065 2112 2460 2181 incorruptam,
2497 2122 2553 2166 et
2587 2111 2935 2179 uniformem,
2973 2123 3024 2167 et
3065 2114 3250 2184 singu-

1684 2204 1896 2257 larem:
1935 2204 2131 2272 quibus
2181 2214 2235 2259 et
2278 2220 2377 2261 uos
2421 2205 2719 2260 institimus
2763 2205 2818 2259 in
2877 2207 3246 2276 superioribus

1683 2310 1780 2365 pro
1821 2295 1982 2349 virili.

1753 2474 1842 2529 5|.
1890 2493 1908 2526 ‹
1944 2473 2014 2529 Ut
2048 2488 2176 2545 ergo
2205 2485 2470 2529 venerunt
2507 2475 2573 2528 ad
2616 2489 2739 2529 eum
2773 2473 3126 2542 Samaritani,
3158 2493 3251 2533 ro-

1685 2567 1887 2639 gabant
1914 2581 2062 2631 eum,
2095 2575 2153 2620 ut
2176 2567 2316 2636 apud
2347 2567 2494 2636 ipsos
2519 2575 2798 2622 maneret:
2832 2576 2884 2621 et
2912 2569 3112 2622 mansit
3138 2569 3249 2626 illic

1685 2660 1819 2714 duos
1850 2659 1965 2714 dies
2017 2677 2030 2712 :
2076 2666 2131 2712 et
2181 2662 2350 2712 multo
2400 2658 2579 2727 plures
2633 2659 2975 2714 crediderunt
3025 2671 3247 2730 propter

1683 2767 1989 2808 sermonem
2019 2767 2173 2807 suum
2197 2751 2264 2804 ³³.
2305 2770 2324 2802 ι
2355 2749 2469 2805 Non
2502 2752 2694 2806 inscite
2723 2753 2842 2821 quis
2874 2751 3115 2807 conferet
3142 2754 3247 2808 hoc

1683 2845 1885 2899 dictum
1920 2863 1933 2897 :
1971 2861 1990 2894 ι
2027 2843 2084 2897 1η
2114 2843 2255 2896 viam
2285 2843 2524 2912 gentium
2574 2857 2642 2896 ne
2674 2844 2945 2909 abieritis,
2980 2852 3035 2898 et
3069 2845 3121 2898 in
3167 2845 3247 2900 (ἐς

1683 2943 1905 2993 Vitatem
1936 2936 2406 2991 Samaritanorum
2437 2951 2540 2990 non
2572 2935 2948 3004 ingrediemiui
2979 2936 3042 3004 ⁸³,
3075 2955 3094 2988 ι
3119 2952 3244 2992 cum

1684 3034 1786 3089 hoc
1813 3041 2091 3087 contextu.
2121 3030 2363 3100 Rogatus
2410 3032 2554 3084 enim
2600 3029 2863 3085 Servator
2903 3040 2958 3083 ut
3000 3041 3247 3086 maneret

1684 3128 1824 3198 apud
1883 3126 2293 3190 Samaritanos,
2345 3124 2547 3178 mansit
2594 3124 2701 3179 illic
2749 3125 2881 3179 duos
2934 3124 3242 3196 dies,‘qui

1689 3218 1938 3274 dixerat:
1975 3234 1993 3266 ‹
2029 3216 2084 3270 In
2107 3215 2379 3270 civitatem
2408 3214 2874 3269 Samaritanorum
2925 3231 3032 3270 non
3065 3217 3246 3286 ingre-

1683 3309 1906 3365 dicmini
1958 3323 1974 3372 ;
2021 3325 2040 3359 ι
2085 3307 2230 3361 unde
2279 3305 2620 3376 perspicuum
2662 3319 2746 3361 est
2796 3306 3090 3376 discipulos
3128 3307 3246 3376 ejus

1684 3417 1804 3458 cum
1858 3403 1972 3471 ipso
2019 3400 2073 3454 iu
2117 3399 2393 3453 civitatem
2446 3399 2724 3468 ingressos
2764 3415 2868 3453 non
2925 3399 3112 3454 fuisse.
3162 3400 3246 3454 Ad

1680 3495 1822 3566 quod
1853 3493 2138 3549 dicendum
2184 3502 2266 3546 est
2308 3491 2448 3560 quod
2495 3491 2573 3544 ire
2623 3491 2675 3544 in
2709 3491 2851 3544 viam
2879 3491 3142 3558 gentium,
3174 3492 3246 3547 sit

1682 3588 1926 3656 recipere
1945 3584 2162 3654 aliquod
2185 3585 2380 3653 dogma
2412 3583 2632 3654 gentile,
2673 3583 2911 3637 alienum
2943 3586 3012 3638 ab
3045 3584 3244 3641 Israele

1681 3678 1798 3745 Dei,
1827 3679 2188 3734 etambulare
2229 3677 2281 3731 in
2311 3677 2431 3740 illo;
2473 3675 2678 3746 ingredi
2717 3690 2848 3729 vero
2881 3676 2932 3729 in
2968 3675 3242 3732 civitatem

1681 3771 2175 3835 Samaritanorum,
2221 3770 2292 3823 sit
2317 3769 2594 3822 adhaerere
2625 3767 2784 3822 alicui
2829 3770 3070 3825 scientiae
3109 3769 3246 3826 falso

1681 3863 2004 3927 nominatae,
2039 3877 2229 3917 eorum
2268 3861 2358 3930 qui
2393 3873 2450 3914 se
2484 3861 2672 3913 dicunt
2715 3861 2974 3916 adhibere
3005 3873 3244 3917 mentem

1679 3954 1970 4022 legalibus,
2001 3955 2084 4008 vel
2119 3954 2469 4022 propheticis,
2501 3955 2585 4008 vel
2625 3955 2970 4024 evangelicis,
3006 3956 3087 4008 vel
3119 3971 3247 4024 apo-

1678 4047 1885 4101 stolicis
1911 4047 2271 4102 sermonibus.
2309 4045 2761 4116 Relinquentibus
2790 4056 2970 4102 autem
2998 4045 3244 4102 Samari-

1678 4140 1824 4194 tanis
1873 4140 2150 4208 propriam
2207 4139 2418 4203 urbem,
2461 4150 2516 4193 et
2570 4126 2912 4196 venientibus
2960 4140 3026 4194 ad
3058 4138 3242 4194 Jesum

1679 4231 1819 4301 apud
1852 4231 2050 4285 fontem
2086 4227 2288 4295 Jacob,
2332 4231 2456 4285 licet
2501 4228 2653 4296 Jesu,
2698 4232 3004 4286 admittenti
3052 4246 3243 4286 eorum

1679 4324 1768 4393 qui
1831 4323 2176 4378 crediderant
2221 4324 2579 4393 propositum,
2635 4339 2856 4380 manere
2902 4324 3045 4392 apud
3096 4325 3243 4392 ipsos

1681 4425 1956 4486 rogantes.
2003 4415 2356 4484 Arbitrorque
2401 4415 2664 4472 Joannem
2716 4431 2838 4472 cum
2885 4415 3090 4486 judicio
3134 4431 3244 4471 non

42 4499 238 4555 ,σελθεῖν
269 4506 352 4568 εἰς
385 4504 493 4576 τὴν
526 4505 862 4578 Σαμάρειαν,
898 4505 930 4577 ἢ
965 4506 1222 4559 εἰσελθεῖν
1252 4506 1456 4578 (ﬁnd;
1479 4507 1576 4579 τὴν

1756 4509 1948 4570 suisse,
1985 4527 2004 4559 ι
2039 4511 2304 4578 rogabant
2331 4525 2451 4562 eum
2504 4528 2524 4561 ι
2574 4509 2907 4564 Samaritani
2956 4517 3016 4562 ut
3051 4507 3243 4564 Sama-

41 4589 136 4645 όλιν
159 4634 174 4656 ,
217 4596 358 4651 ἀλλὰ
411 4618 432 4651 ε
472 4602 659 4670 μεῖναι
699 4598 826 4669 παρ’
861 4599 1059 4662 αὐτοῖς·
1089 4618 1108 4649 ι
1139 4600 1198 4651 οὐ
1232 4598 1338 4670 γὰρ
1383 4601 1574 4654 ταυτόν

41 4701 103 4737 ττι
132 4690 208 4754 τὸ,
247 4695 438 4761 μεῖναι
477 4692 638 4763 παρά
669 4690 748 4762 τῷ
779 4691 1120 4758 πιστεύοντι,
1164 4692 1370 4754 καὶτὸ,
1399 4691 1573 4745 εἰσελ-

41 4779 96 4829 εῖν
129 4781 206 4846 εὶς
242 4783 345 4856 τὴν
401 4784 573 4838 πόλιν
626 4783 810 4838 αὐτοῦ.
847 4785 957 4838 Καὶ
985 4784 1045 4838 τὸ
1078 4782 1202 4854 ἑξῆς
1231 4785 1288 4836 δὲ
1315 4783 1374 4837 οὔ
1406 4803 1536 4855 φησι
1560 4805 1572 4816 ·

58 4914 98 4946 ³¹
125 4914 280 4971 Joan.
319 4934 397 4982 tv,
434 4919 535 4980 40,
568 4919 656 4976 41.
735 4919 778 4951 ³³
801 4919 991 4975 Matth.
1018 4917 1143 4983 x,5.

55 5038 158 5108 (16)
186 5040 373 5096 Codex
408 5041 766 5105 Borlleiantts,
790 5044 884 5094 καὶ
926 5039 1231 5104 ἐξελθόντες
1263 5039 1432 5109 αὐτῆς
1489 5041 1569 5102 εἰς

41 5111 131 5161 ινόν
176 5129 296 5174 πως
350 5111 706 5176 πιστεύουσι,
743 5115 926 5179 sicque
968 5111 1096 5178 legit
1128 5109 1436 5172 Ferrarius,
1479 5110 1572 5162 sed

42 5182 198 5238 ιιιιίιιο
224 5183 527 5237 retinenda
565 5195 646 5236 est
672 5183 830 5236 codd.
863 5182 1011 5251 llegii
1035 5190 1090 5234 ct
1125 5179 1404 5232 Barberini
1439 5180 1574 5234 scri-

43 5268 151 5303 ura.

51 5325 67 5388 (
77 5321 159 5386 l7)
208 5323 303 5389 Ὠς
333 5319 604 5378 πολλῶν
632 5321 822 5375 ὄντων
843 5319 1156 5389 ψυχικῶνο
1187 5318 1303 5387 τὴν
1345 5318 1433 5383 δέ,
1464 5326 1570 5372 etc.

41 5393 98 5445 'ia
132 5393 424 5446 hominum
452 5405 666 5459 genera
699 5406 728 5443 a
762 5390 1049 5459 Valentino
1079 5391 1373 5459 constituta
1402 5404 1567 5457 supra

42 5463 418 5517 scrvavimus.
451 5458 591 5516 Haec
611 5460 840 5530 ἐκλογῆς
872 5458 1031 5528 φύσις
1053 5458 1346 5530 ἄφθαρτος,
1373 5475 1576 5530 μονοει-

41 5549 82 5595 ς,
126 5533 220 5587 καὶ
259 5533 452 5602 ἑνικὴ,
487 5534 612 5596 ipsa
639 5541 720 5585 est
749 5529 1436 5602 πνευματικῶνΙιοιιιίιιυηι
1480 5545 1573 5582 na-

41 5620 110 5666 ra,
143 5619 282 5669 quos
307 5617 366 5658 et
398 5599 708 5672 σπὲρματα
739 5601 966 5672 ἐκλογῆς
998 5616 1026 5653 a
1063 5599 1452 5672 Valentinianus
1477 5614 1574 5666 ap-

41 5672 106 5724 lla
120 5675 161 5726 ri
181 5675 379 5727 scribit
395 5670 650 5726 Irenaeus
664 5673 802 5741 apud
829 5670 1187 5741 Epiphanium
1208 5671 1399 5724 lucres.
1421 5684 1568 5735 χχιιι,

41 5760 82 5809 p.
113 5745 206 5796 εί.
249 5744 538 5800 Ηυετιυε.

41 5807 157 5881 (18)
189 5815 306 5870 Καὶ
350 5812 566 5884 ἡμεῖς.
630 5809 788 5870 Deest
825 5811 878 5868 in
933 5811 1100 5882 Regio
1153 5820 1205 5867 et
1248 5807 1563 5877 Barherino,

1686 4602 1820 4654 riam
1851 4601 2253 4671 ingrederetur,
2284 4601 2390 4667 vel,
2445 4611 2502 4655 ut
2535 4601 2911 4672 ingrederetur
2951 4601 3006 4654 in
3049 4601 3244 4656 civita-

1682 4701 1815 4758 tem,
1843 4695 1957 4758 sed,
1996 4713 2014 4745 ‹
2055 4703 2111 4748 ut
2140 4703 2382 4749 maneret
2404 4694 2547 4762 apud
2599 4694 2747 4762 ipsos
2794 4708 2811 4757 ;
2867 4711 2890 4746 ι
2941 4708 3044 4747 non
3098 4693 3243 4747 enim

1689 4787 1830 4841 idem
1866 4797 1952 4842 est
1987 4802 2205 4843 manere
2236 4787 2372 4857 apud
2401 4788 2734 4851 credentem,
2763 4797 2817 4840 et
2843 4785 3046 4857 ingredi
3083 4785 3136 4839 in
3163 4785 3246 4839 ci-

1683 5041 1775 5111 sed
1824 5039 2018 5111 legitur
2044 5039 2097 5092 in
2131 5037 2444 5111 Bodleiano.

1755 5103 2560 5180 (l9)'Sstro'eJanew'qr.
2617 5103 2858 5180 Negandi
2894 5107 3237 5180 particulam

1683 5175 1903 5250 apponit
1937 5179 2246 5250 Ferra_rius,
2275 5187 2330 5232 et
2367 5176 2578 5250 merito_.
2613 5175 2780 5250 Sectis
2808 5179 2965 5231 codd.
2995 5177 3241 5232 Bodleia-

1682 5246 1805 5311 nus,
1833 5250 2050 5318 Regius,
2088 5247 2414 5302 Barberinus
2449 5257 2504 5318 et
2541 5246 2844 5300 Perionius.

1750 5320 1862 5392 (20)
1887 5316 2054 5392 Codd.
2109 5319 2309 5392 [ﬁegius
2344 5327 2408 5392 _et
2447 5316 2797 5392 Barberiuus,
2835 5319 2926 5392 καί
2951 5316 3236 5392 -ὲλθόντων

1681 5387 1946 5463 πρὸς-’τον
1982 5388 2187 5463 Ἰησοῦν
2217 5387 2368 5463 παρά
2409 5389 2526 5463 τήν,
2559 5391 2800 5463 elc.;_set_l
2839 5389 2891 5441 in
2946 5387 3237 5463 Bodleiano

1681 5456 1788 5517 non
1819 5461 2010 5530 legitur
2037 5456 2172 5530 πρὸς
2193 5460 2282 5512 τὸν
2303 5456 2552 5530 Ἰησοῦν,
2579 5459 2717 5526 quod
2742 5459 2932 5512 abesse
2963 5464 3140 5524 potest
3165 5456 3239 5509 si-

1682 5549 1748 5587 nc
1777 5533 1884 5585 ullo
1909 5546 2099 5584 sensus
2121 5532 2469 5583 detrimento.

1753 5601 1864 5672 (21)
1889 5601 2066 5672 Codex
2082 5600 2442 5672 _Bodleianus,_
2469 5598 2517 5672 ﬁ
2549 5597 2841 5672 elaelﬂsi’v:
2869 5595 3070 5672 Regius
3097 5596 3232 5672 omi:

1680 5665 1855 5742 sit‘ﬁ,’
1878 5671 2034 5724 male.
2081 5669 2245 5742 Paulo
2279 5678 2400 5740 post
2432 5665 2570 5723 idem
2601 5670 2771 5726 codex
2810 5665 3152 5733 Bodleianus,
3179 5665 3240 5721 τὸ

1681 5741 1880 5812 μεῖναι,
1917 5742 2141 5813 Regius,
2163 5741 2256 5796 τοῦ
2288 5743 2488 5813 μεῖναι.
