3702 6142
461 328 568 385 ιοε

1940 336 2260 393 ORIGENIS
3577 349 3644 405 illi

460 448 684 502 vitalem
738 444 924 517 ipsius.
973 445 1115 514 Quin
1162 447 1329 504 lectio
1385 462 1621 519 sequens
1681 465 1785 505 non
1853 452 1961 522 inqt

2132 459 2244 515 Καὶ
2274 458 2486 529 ἔμεινεν
2532 456 2592 513 ἐν
2632 461 2698 532 τῇ
2734 460 2887 515 πόλει
2920 462 3101 536 ἐκείνῃ
3140 482 3158 514 ι
3196 463 3290 517 δύο
3326 464 3642 540 ήμέρις,ιῆ,

459 537 727 593 mansisse
777 553 902 592 eum
953 537 1008 593 in
1056 539 1277 595 civitate
1324 540 1416 596 illa
1468 559 1489 594 ι
1533 544 1668 598 duos
1705 544 1839 610 dies,
1877 564 1897 598 ο
1941 548 2028 603 vel

457 631 600 700 quod
629 631 888 686 manserit
917 632 971 687 in
1005 632 1278 698 Samaria,
1303 635 1401 690 sed
1428 654 1448 687 ι
1483 636 1683 692 mansit
1712 636 1853 707 illic,
1878 657 1896 689 ι
1926 639 2029 695 hoc

457 734 561 788 est,
618 740 783 794 penes
832 740 928 781 eos
986 727 1078 794 qui
1128 736 1408 798 rogarant.
1455 727 1638 784 Manet
1684 732 1829 785 enim
1871 730 2029 790 Jestts

458 816 599 885 apud
637 831 733 871 eos
783 816 875 886 qui
926 827 1138 888 rogant,
1185 829 1240 872 et
1284 818 1555 888 praecipue
1606 835 1729 875 cum
1773 832 2028 889 rogantes

455 922 580 964 eum
611 907 962 979 egrediuntur
994 925 1061 963 ex
1091 909 1224 963 urbe
1250 923 1372 974 sua,
1405 918 1460 964 et
1490 910 1717 965 veniunt
1745 911 1813 966 ad
1847 912 2025 982 ipsum

456 999 664 1068 Jesum,
707 1001 988 1055 Abraham
1030 1000 1197 1056 veluti
1245 1001 1441 1057 imitati
1485 1012 1766 1072 parentem
1798 1004 1908 1058 Deo
1946 1004 2029 1059 di-

457 1091 641 1147 centi:
692 1111 717 1144 i
747 1091 1012 1161 Egredere
1039 1094 1105 1147 de
1130 1102 1275 1146 terra
1314 1102 1427 1157 tua,
1484 1104 1536 1149 et
1583 1094 1652 1151 de
1699 1097 2025 1164 cognatione

461 1191 573 1247 tua,
608 1194 663 1238 et
687 1184 753 1238 de
788 1186 948 1239 domo
972 1184 1143 1252 patris
1172 1186 1246 1239 tui
1278 1185 1344 1239 ”.
1385 1205 1405 1237 ι
1441 1185 1638 1241 Mansit
1664 1197 1844 1243 autem
1891 1189 2027 1245 duos

457 1278 577 1332 dies
598 1291 764 1346 penes
794 1293 888 1334 eos
936 1294 965 1331 a
1021 1277 1218 1348 quibus
1246 1291 1468 1351 rogatus
1516 1281 1696 1335 fuerat
1736 1299 1751 1336 :
1787 1283 2023 1337 nondum

457 1370 602 1425 enim
631 1370 916 1440 capiebant
949 1373 1161 1427 tertium
1199 1373 1343 1428 illius
1374 1375 1538 1440 diem,
1570 1375 1828 1443 quoniam
1859 1377 2027 1431 mira-

457 1463 704 1518 culosum
730 1464 931 1534 aliquid
956 1480 1152 1534 capere
1184 1481 1290 1521 non
1322 1476 1591 1534 poterant,
1618 1466 1841 1537 perinde
1865 1476 2026 1537 atque

456 1560 709 1615 coneives
742 1559 902 1614 Cana:
936 1559 1174 1615 Galilmae
1219 1563 1377 1616 tertia
1444 1563 1532 1618 die
1581 1576 1703 1617 cum
1754 1559 1881 1617 Jesu
1913 1574 2026 1618 cm-

455 1660 651 1707 nantes
699 1651 1024 1722 in'nuptiis.
1070 1650 1235 1724 335
1282 1654 1616 1725 Principium
1667 1656 1835 1722 igitur
1880 1656 2024 1724 quod

454 1742 608 1797 multi
637 1744 985 1799 crediderunt
1011 1760 1078 1800 ex
1112 1746 1385 1812 Samaria,
1415 1762 1595 1802 sermo
1637 1746 1744 1802 fuit
1778 1748 2025 1803 mulieris

2134 550 2385 619 Ἔμεινεν
2414 551 2472 603 ἐν
2499 553 2565 623 τῇ
2599 551 2900 624 Σαμαρείᾳ,
2926 553 3040 608 ἀλλ’
3077 575 3098 607 ι
3127 554 3347 626 ἔμεινεν
3375 558 3501 623 ἐκεῖ,
3530 575 3645 612 »του-

2129 640 2277 694 τέστι
2336 643 2489 713 παρὰ
2532 645 2645 707 τοῖς
2689 646 3020 717 ἐρωτήσασι.
3070 647 3240 701 Μένει
3285 647 3399 719 γὰρ
3429 650 3457 701 6
3491 651 3646 721 Ἰησοῦς

2128 731 2280 804 παρὰ
2319 737 2431 797 τοῖς
2466 734 2789 807 ἐρωτήσασι,
2819 736 2909 790 καὶ
2941 737 3173 809 μάλιστα
3202 740 3291 792 ὅτε
3320 742 3371 793 οἰ
3397 742 3649 812 ἐρωτῶντες

2127 824 2289 877 αὑτὸν
2329 822 2638 896 ἐξέρχονται
2688 829 2789 899 τῆς
2842 829 3049 894 πόλεως
3094 831 3295 897 αὐτῶν,
3332 833 3427 885 καὶ
3456 834 3649 907 ἔρχονται

2128 912 2265 985 πρὸς
2298 914 2461 968 αὐτὸν
2491 915 2699 987 Ἰησοῦν
2750 917 2908 990 (22),
2961 921 3128 975 οἱονεὶ
3184 923 3553 994 μιμησάμενοι
3592 928 3651 980 vi;

2139 1003 2409 1075 ’Ᾱόραὰμ,
2441 1006 2729 1061 πεισθέντα
2761 1009 2840 1079 τῷ
2889 1011 3096 1065 εἰπόντι
3126 1012 3270 1084 Θεῷ·
3313 1033 3335 1065 ί
3374 1013 3580 1079 Ἔξελθε
3611 1019 3651 1070 ὲκ

2126 1094 2227 1165 τῆς
2260 1095 2365 1166 γῆς
2399 1113 2514 1162 σου,
2544 1098 2639 1153 καὶ
2667 1100 2733 1152 ἐκ
2768 1101 2866 1171 τῆς
2891 1104 3210 1170 συγγενείας
3238 1121 3358 1168 σου,
3393 1106 3490 1159 καὶ
3516 1107 3571 1159 ἐκ
3592 1110 3653 1161 τοῦ

2126 1185 2277 1239 οἴκου
2303 1185 2396 1240 τοῦ
2430 1186 2636 1261 πατρός
2670 1206 2787 1244 σου.
2820 1210 2839 1242 ι
2873 1190 2977 1244 Δύο
3005 1192 3062 1245 δὲ
3094 1194 3308 1265 ἡμέρας
3355 1197 3509 1265 μένει
3553 1202 3653 1268 παρὰ

2126 1281 2237 1342 τοῖς
2286 1280 2623 1352 ἐρωτήσασιν
2653 1282 2837 1335 αὐτόν’
2888 1283 3101 1338 οὐδέπω
3144 1285 3255 1357 γὰρ
3310 1286 3553 1358 ἐχώρουν
3593 1292 3654 1344 καὶ

2124 1369 2223 1441 τὴν
2254 1371 2445 1443 τρίτην
2465 1371 2628 1426 αὑτοῦ
2653 1375 2885 1446 ἡμέραν,
2915 1376 3038 1429 ἐπεὶ
3061 1376 3156 1448 οὐχ
3183 1372 3286 1431 οἷοί
3317 1396 3376 1431 τε
3421 1374 3559 1451 ἦσαν
3581 1399 3652 1450 χω-

2127 1464 2293 1535 ρῆσαί
2321 1482 2374 1517 τι
2400 1467 2701 1537 τεράστιον,
2727 1472 2907 1523 ὁποῖον
2936 1472 2985 1523 οἰ
3016 1472 3074 1524 ἐν
3110 1472 3263 1541 Κανᾷ
3290 1473 3393 1544 τῆς
3414 1474 3654 1539 Γαλιλαίας

2125 1559 2192 1628 τῇ
2233 1557 2415 1631 ἡμέρᾳ
2446 1562 2512 1631 τῇ
2550 1559 2709 1633 τρίτῃ
2746 1563 3181 1628 συνδειπνοῦντες
3211 1566 3288 1637 τῷ
3322 1567 3503 1637 Ἰησοῦ
3540 1569 3586 1619 έν
3605 1571 3654 1637 τις»

2126 1649 2308 1722 γάμῳ.
2354 1652 2421 1704 Ἡ
2454 1651 2555 1723 μὲν
2595 1648 2686 1707 οὖν
2730 1654 2871 1727 ἀρχὴ
2922 1654 3032 1708 τῶν
3082 1656 3188 1710 ἀπὸ
3238 1658 3341 1728 τῆς
3389 1660 3658 1731 Σαμααίας

2126 1744 2489 1798 πιστευόντων
2535 1744 2746 1800 πολλῶν
2776 1743 2847 1818 ἦν
2879 1750 2908 1802 6
2938 1748 3092 1818 λόγος
3122 1750 3220 1820 τῆς
3258 1751 3530 1819 γυναικὸς
3560 1770 3653 1822 μοιβ

452 1837 804 1893 tes’titicantis
837 1839 1041 1895 dixisse
1084 1842 1189 1896 sibi
1239 1840 1423 1896 Jesum
1457 1842 1639 1897 omnia
1688 1854 1961 1912 quascunqt

2132 1833 2392 1906 τυρούσης
2417 1837 2525 1891 ὃτιι
2543 1832 2679 1891 Εῐπέ
2722 1855 2812 1909 μοι
2842 1839 3017 1892 πάντα
3048 1839 3083 1893 ἃ.
3111 1840 3519 1915 ἐποίησα-»ἠδὲ
3547 1843 3659 1911 eiEi.-

450 1928 710 1997 fecisset;
743 1931 1142 1987 incrementum
1170 1944 1303 1988 vero
1332 1943 1387 1988 et
1420 1934 1802 2004 multiplicatio
1830 1946 2020 1990 eorum

452 2023 547 2092 qui
579 2022 747 2078 multo
782 2024 964 2093 plures
999 2026 1372 2089 crediderunt,
1404 2041 1510 2081 non
1545 2026 1777 2097 amplius
1805 2034 2028 2097 propter

454 2129 763 2171 sermonem
805 2117 1049 2171 mulieris
1071 2157 1088 2180 ,
1135 2119 1232 2172 sed
1268 2127 1489 2188 propter
1533 2133 1837 2174 sermonem
1869 2117 2022 2187 ejus;

454 2207 599 2275 quod
650 2221 757 2261 non
805 2221 959 2275 aeque
1016 2210 1134 2276 ipse
1194 2208 1429 2274 Sermo,
1484 2207 1623 2281 [seu
1663 2207 1835 2264 Filius
1886 2206 2024 2283 Dei]

456 2307 807 2367 agnoscatur,
836 2312 956 2353 cum
993 2299 1189 2369 aliquis
1217 2299 1284 2354 de
1323 2301 1442 2370 ipso
1473 2299 1822 2363 testiﬁcatur,
1862 2311 2023 2371 atque

454 2403 576 2440 cum
615 2387 726 2456 ipse
752 2404 782 2444 a
809 2405 869 2445 se
903 2390 1020 2459 ipso
1048 2391 1285 2446 illustrat
1330 2403 1386 2446 et
1429 2391 1610 2446 erudit
1641 2392 2025 2461 percipientem

455 2480 806 2549 discipulum.
844 2482 913 2535 At
938 2481 1240 2537 Hcracleon
1271 2484 1325 2537 in
1350 2484 1467 2539 haec
1498 2483 1615 2538 loca
1660 2485 1776 2539 haec
1808 2485 1980 2555 inquit
2006 2503 2019 2539 :

462 2593 483 2625 σ
506 2575 660 2636 Apud
677 2575 815 2643 ipso:
840 2575 1061 2637 mansit,
1086 2584 1142 2631 et
1165 2591 1269 2629 non
1298 2577 1351 2631 in
1375 2576 1538 2646 ipsis;
1561 2586 1616 2630 et
1641 2577 1772 2629 duo:
1788 2576 1920 2637 dies,
1946 2577 2027 2632 vi-

454 2664 650 2718 delicet
702 2664 782 2718 vel
825 2678 1062 2733 praesens
1094 2668 1388 2730 saeculum,
1428 2677 1484 2723 et
1516 2669 1755 2721 futurum
1811 2680 2023 2738 tempus

456 2757 791 2823 nuptiarum,
834 2759 920 2811 vel
976 2767 1191 2826 tempus
1235 2771 1363 2816 ante
1408 2762 1715 2829 passionem
1751 2777 1927 2826 suam,
1969 2774 2025 2819 et

446 2856 576 2915 post
606 2848 912 2916 passionem
937 2865 1091 2904 suam
1118 2870 1132 2906 :
1157 2852 1301 2920 quod
1331 2859 1540 2920 tempus
1567 2855 1709 2923 apud
1733 2855 1877 2923 ipsos
1898 2870 2021 2909 cum

451 2938 720 3008 (legisset,
749 2950 805 2994 et
835 2941 1005 2994 nntlto
1033 2941 1218 3010 plures
1254 2943 1472 3011 proprio
1503 2958 1754 2999 sermone
1791 2958 2024 3001 conver-

452 3032 607 3086 tisset
649 3032 715 3085 ad
752 3031 933 3094 fidenti,
968 3045 1254 3102 separatus
1286 3047 1371 3090 est
1416 3037 1488 3090 ah
1517 3036 1645 3092 illis.
1685 3057 1705 3092 ι
1739 3040 1820 3094 Ad
1859 3054 2019 3108 quam

453 3125 625 3193 ipsius
669 3138 1017 3195 apparentem
1073 3130 1539 3194 observationem,
1594 3130 1804 3185 scilicet
1854 3132 2022 3200 quod,

452 3214 597 3283 apud
657 3216 832 3285 ipsos,
897 3228 951 3271 et
1017 3232 1143 3283 non,
1210 3220 1262 3273 in
1329 3220 1476 3289 ipsis,
1528 3221 1789 3288 scriptum
1837 3220 2020 3286 fuerit,

453 3310 742 3365 dicendum
766 3321 849 3365 est
887 3313 1027 3380 quod
1063 3312 1189 3364 illud
1230 3314 1434 3367 dictum
1482 3332 1495 3367 :
1553 3330 1572 3363 ‹
1613 3314 1754 3368 Ecce
1787 3329 1886 3384 ego
1919 3300 2023 3369 vo:

451 3401 660 3456 hiscum
696 3417 815 3457 sum
853 3406 1105 3459 omnibus
1132 3406 1322 3459 diebus
1362 3404 1498 3470 ³⁸·³⁶,
1522 3421 1541 3456 ι
1563 3403 1739 3460 simile
1758 3401 1832 3457 sit
1865 3406 2015 3470 huic,

457 3512 478 3546 ι
525 3494 666 3564 apud
701 3495 845 3562 ipsos
879 3496 1120 3561 mansit;
1159 3515 1177 3548 ι
1219 3511 1324 3550 non
1366 3497 1509 3551 enim
1543 3497 1679 3573 dixit
1720 3516 1734 3551 :
1777 3495 1836 3551 lu
1869 3498 2023 3553 vobis

444 3600 593 3640 sum.
636 3586 896 3641 Prmteren
934 3588 1120 3641 dicens
1155 3588 1291 3644 duos
1334 3590 1449 3643 dies
1478 3602 1599 3643 esse
1631 3589 1713 3644 vel
1744 3589 1849 3644 hoc
1882 3605 2023 3658 pra:-

446 3689 580 3730 seus
606 3676 859 3728 saeculum
893 3685 940 3729 et
979 3673 1243 3740 futurum,
1275 3679 1360 3731 vel
1390 3687 1604 3746 tempus
1632 3688 1761 3733 ante
1800 3679 2013 3744 passio-

444 3782 576 3822 nem
607 3777 661 3821 et
692 3778 815 3836 post
852 3769 1185 3837 passionem,
1232 3781 1413 3836 neque
1450 3768 1884 3838 supervenientia
1916 3782 2019 3821 ste-

441 3857 572 3914 eula
611 3869 732 3927 post
766 3859 1007 3913 futurum
1042 3859 1301 3913 saeculum
1349 3860 1749 3924 consideravit,
1796 3860 1863 3914 de
1904 3858 2022 3928 qui—

444 3950 554 4004 bus
598 3951 776 4020 inquit
825 3951 1156 4018 Apostolus:
1200 3970 1219 4003 t
1254 3951 1325 4007 Ut
1373 3952 1687 4008 ostenderet
1728 3954 1785 4007 in
1835 3968 2022 4021 super-

448 4043 701 4095 ventnris
726 4043 941 4095 smculis
971 4042 1015 4074 ’τ
1040 4059 1058 4107 ν;
1099 4061 1118 4095 ι
1157 4058 1329 4111 neque
1360 4044 1636 4114 perspexit
1673 4045 1818 4114 quod
1858 4043 2017 4098 Jesus

450 4149 562 4187 non
593 4134 766 4188 solum
796 4145 923 4189 ante
951 4138 1283 4203 passionem,
1311 4152 1497 4192 vermn
1522 4138 1688 4192 etiam
1725 4146 1847 4206 post
1895 4149 2017 4205 pas-

451 4227 661 4281 sionem
689 4241 1041 4283 conversatur
1064 4245 1186 4283 cum
1228 4230 1310 4282 his
1338 4229 1428 4297 qui
1459 4230 1524 4282 ad
1556 4230 1733 4296 ipsum
1769 4229 2014 4291 veniunt,

451 4325 507 4370 et
536 4328 716 4388 postea
746 4334 1027 4388 separatur
1066 4338 1080 4374 :
1123 4335 1337 4388 semper
1377 4323 1523 4374 enim
1572 4335 1695 4373 cum
1738 4319 2017 4386 discipulis

2124 1943 2215 1991 ·σις
2247 1929 2342 1981 καὶ
2366 1929 2396 1981 6
2424 1928 2740 2000 πληθυσμὺς
2771 1931 2880 1985 τῶν
2912 1930 3093 2002 πολλῷ
3122 1931 3387 1985 πλειόνων
3421 1934 3657 1986 πιστευόν-

2124 2035 2255 2086 των,
2279 2020 2463 2074 οὺκέτι
2494 2021 2579 2075 διὰ
2607 2021 2698 2076 τὸν
2725 2022 2881 2091 λόγον
2910 2024 3008 2095 τῆς
3038 2024 3311 2092 γυναικὸς,
3335 2025 3477 2078 ἀλλὰ
3502 2025 3581 2079 διὰ
3598 2026 3659 2078 16v

2123 2112 2281 2182 λόγον
2309 2112 2494 2168 αὐτοῦ.
2530 2115 2606 2168 Οὐ
2633 2115 2739 2187 γὰρ
2765 2117 2964 2187 ὁμοίιος
3010 2117 3170 2182 αὐτὸς
3207 2118 3301 2187 ἀφ’
3328 2118 3531 2171 ἑαυτοῦ
3558 2119 3651 2171 θεω-

2126 2205 2300 2277 ρεῖται
2330 2207 2359 2258 6
2391 2205 2592 2276 Λόγος,
2624 2208 2871 2278 φωτίζων
2917 2209 3009 2263 τὸν
3056 2209 3333 2281 χωροῦντα
3357 2248 3373 2275 ,
3421 2210 3457 2282 ἢ
3502 2212 3581 2264 ὅτε
3612 2210 3656 2264 δι’

2123 2295 2313 2369 ἑτέρου
2347 2296 2637 2370 λεγόμενος
2670 2304 3043 2373 μαρτυρεῖται.
3087 2300 3146 2355 ’0
3181 2301 3237 2355 δὲ
3270 2301 3577 2374 Ἡρακλέων
3605 2305 3661 2365 εἰς

2122 2388 2251 2451 τοὺς
2280 2389 2478 2454 τόπους
2506 2390 2679 2446 ταῦτά
2710 2408 2862 2462 φησι·
2905 2413 2924 2444 ι
2948 2392 3085 2464 Παρ⁹
3108 2392 3292 2456 αὐτοῖς
3318 2412 3337 2443 ι
3378 2394 3662 2464 ἔμεινε,ιιιι

2123 2480 2224 2534 οὐκ
2257 2483 2316 2534 ἐν
2340 2483 2525 2547 αὐτοῖς
2547 2501 2561 2514 π
2592 2484 2685 2538 καὶ
2716 2504 2737 2536 ι
2758 2485 2851 2539 δύο
2876 2487 3137 2558 ἡμέρας,ι
3168 2487 3287 2556 ἦτοι
3309 2485 3402 2540 τὸν
3434 2487 3662 2539 ἐνεστῶτι

2126 2569 2317 2624 αἰῶνα.
2351 2572 2443 2624 καὶ
2475 2572 2566 2626 τὸν
2612 2573 2869 2644 μέλλοντα
2897 2576 2988 2628 τὸν
3028 2577 3086 2628 ἐν
3145 2574 3329 2646 γάμῳ,
3362 2576 3398 2646 ἢ
3454 2576 3544 2629 τον
3586 2577 3663 2648 πρὸ

2123 2664 2218 2714 τοῦ
2254 2662 2461 2726 πάθους
2487 2664 2652 2717 αὐτοῦ
2691 2666 2902 2737 χρόνον,
2934 2667 3028 2720 καὶ
3050 2666 3139 2719 τὸν
3172 2666 3311 2738 μετὰ
3334 2667 3402 2720 τὸ
3435 2668 3663 2731 πάθος,δν

2127 2756 2256 2824 παρ’
2289 2755 2472 2820 αὐτοῖς
2502 2756 2732 2828 ποιήσας
2756 2798 2770 2822 ,
2811 2757 2989 2829 πολλῷ
3020 2758 3269 2822 πλείονας
3308 2758 3400 2812 διὰ
3430 2758 3527 2812 τοῦ
3565 2758 3673 2812 ἰδίω

2124 2845 2284 2914 λόγου
2318 2847 2654 2918 ἐπιστρέψας
2680 2849 2760 2912 εἰς
2794 2850 2976 2902 πίστιν
3008 2849 3278 2921 ἐχωρίσθη
3314 2850 3413 2904 ἀπ’
3443 2852 3659 2905 aia-nim:

2125 2938 2359 2992 Λεκτέον
2380 2938 2436 2992 δὲ
2463 2940 2599 3011 πρὸς
2645 2939 2743 3009 τὴν
2787 2940 3049 2995 δοκοῦσαν
3075 2940 3239 2994 αὐτοῦ
3274 2943 3659 3013 παρατήρησιν,

2123 3030 2227 3094 ὅτι,
2258 3050 2276 3082 ι
2307 3031 2438 3103 παρ’
2464 3032 2646 3094 αὐτοῖς
2664 3072 2677 3094 ,
2717 3051 2735 3082 ι
2776 3034 2866 3086 καὶ
2893 3035 3012 3098 οὐκ,
3038 3035 3094 3086 ἐν
3122 3034 3327 3097 αὐτοῖς,
3363 3034 3662 3105 γέγραπται,

2125 3119 2209 3173 ὅτι
2245 3121 2428 3191 ὅμοιον
2454 3122 2552 3193 τῷ,
2586 3142 2602 3174 ι
2640 3125 2766 3194 παρ’
2797 3125 2999 3187 αὐτοῖς,
3032 3144 3049 3176 ι
3080 3125 3196 3177 ἐστὶ
3230 3125 3291 3177 τό
3311 3140 3324 3152 ο
3362 3144 3383 3176 ι
3434 3125 3559 3177 Ἰδοὺ
3580 3122 3663 3191 ἐγὼ

2130 3210 2248 3282 μεθ’
2283 3211 2437 3282 ὑμῶν
2475 3213 2587 3283 εἰμι
2620 3214 2799 3278 πάσας
2822 3214 2919 3278 τὰς
2947 3216 3157 3286 ἡμέρας
3177 3233 3190 3246 ·
3231 3235 3250 3266 ι
3283 3216 3343 3268 οὐ
3382 3216 3493 3287 γὰρ
3522 3213 3663 3268 εἶπεν

2138 3300 2227 3355 Ἐν
2256 3302 2383 3374 ὑμῖν
2411 3300 2575 3373 εἰμίβ
2590 3304 2709 3357 Ἔτι
2753 3304 2809 3357 δὲ
2866 3303 3038 3374 λέγων
3065 3304 3163 3368 τὰς
3193 3305 3286 3358 δύο
3315 3307 3545 3377 ἡμέρας.
3572 3306 3663 3374 ἦτοι

2125 3394 2311 3448 τοῦτον
2342 3396 2434 3449 τὸν
2459 3396 2629 3450 αἰῶνα
2656 3393 2814 3461 εἶναι,
2841 3397 2935 3451 καὶ
2967 3398 3055 3451 τὸν
3080 3397 3366 3468 μέλλοντα,
3387 3398 3422 3469 ἢ
3466 3397 3556 3450 τδν
3583 3394 3667 3463 πρὸ

2125 3485 2219 3537 τοῦ
2247 3486 2470 3549 πάοους,
2504 3487 2597 3540 ttat
2624 3487 2763 3556 μετὰ
2802 3487 2862 3540 τὸ
2906 3486 3094 3549 πάθος,
3125 3485 3247 3540 οὔτε
3288 3488 3417 3550 τοὺς
3465 3488 3664 3555 ἐπερχο-

2132 3575 2323 3645 μένους
2355 3576 2554 3639 αἰῶνας
2581 3576 2718 3647 μετὶι
2748 3576 2836 3630 τὸν
2864 3577 3125 3646 μέλλοντα
3167 3578 3415 3647 νενόηκε,
3456 3577 3576 3645 περὶ
3609 3570 3667 3625 ὧν

2124 3684 2288 3738 φησιν
2320 3669 2348 3720 6
2374 3668 2719 3732 Ἀπόστολος·
2758 3687 2777 3720 ι
2809 3670 2924 3722 Ἴνα
2970 3668 3267 3739 ἐνδείξηται
3302 3669 3361 3721 ἐν
3394 3670 3498 3729 τοῖς
3534 3663 3665 3717 aii-3::

2126 3765 2238 3825 τοῖς
2278 3762 2662 3832 ἐπερχομένοις
2679 3779 2692 3790 ·
2719 3781 2738 3813 ι
2767 3761 2889 3815 οὔτε
2918 3761 3161 3832 ἑώρακεν
3186 3762 3322 3832 (23),
3351 3762 3432 3813 ὅτι
3450 3759 3507 3811 οὐ
3533 3757 3667 3828 μόνον

2127 3854 2234 3926 πρὸ
2256 3853 2350 3908 τοῦ
2385 3853 2609 3919 πάθους,
2641 3853 2776 3907 ἀλλὰ
2816 3854 2912 3907 καὶ
2945 3853 3079 3923 μετὰ
3114 3852 3225 3922 (24)
3280 3852 3342 3905 τὸ
3372 3849 3537 3911 πάθος
3566 3846 3666 3898 siv-

2126 3960 2241 3997 εστι
2289 3946 2400 4008 τοῖς
2433 3944 2742 4014 ἐρχομένοις
2769 3943 2903 4013 πρὸς
2929 3942 3088 3996 αὑτὸν
3119 3944 3148 3994 6
3181 3940 3409 4013 Ἰησοῦς,
3434 3940 3525 3992 καὶ
3555 3949 3668 4005 μετι

2125 4034 2283 4088 τοῦτο
2314 4034 2630 4107 χωρίζεται·
2660 4035 2746 4088 ἀεὶ
2782 4036 2890 4108 γὰρ
2938 4034 3075 4106 μετὰ
3101 4033 3210 4087 τῶν
3254 4032 3504 4104 μαθητῶν
3531 4033 3634 4081 ἐστι
3653 4064 3673 4084 ,η

2124 4126 2348 4198 μηδέπω
2374 4127 2504 4180 ποτὲ
2530 4127 2871 4180 καταλείπων
2905 4127 3014 4197 (25)
3046 4125 3243 4189 αὐτούς
3261 4143 3274 4157 ·
3310 4125 3447 4178 ὥστε
3482 4122 3575 4174 καὶ
3598 4118 3673 4169 lia

2076 4224 2098 4233 “
2120 4237 2237 4289 γειν
2273 4221 2469 4284 αὐτούς
2491 4238 2504 4251 ·
2545 4239 2562 4271 ι
2604 4218 2691 4274 Ζῶ
2714 4219 2790 4284 δὲ,
2830 4220 2932 4272 οὐκ
2977 4218 3055 4272 ἔτι
3089 4218 3200 4289 ἐγὼ
3224 4257 3240 4282 ,
3291 4219 3360 4290 ζῇ
3390 4217 3443 4269 δέ
3474 4216 3528 4268 ἐν
3562 4209 3673 4280 ipsi

2121 4316 2374 4387 Χριστός.
2414 4334 2433 4366 ι

449 4425 556 4479 est,
588 4430 858 4482 nunquam
893 4416 961 4470 ab
989 4416 1071 4470 eis
1092 4415 1379 4469 discedens
1408 4430 1423 4480 ;
1460 4413 1595 4467 adeo
1637 4422 1694 4467 ut
1727 4411 1888 4466 etiam
1920 4410 2100 4465 dicant
2135 4430 2147 4465 :
2184 4431 2203 4462 ι
2237 4411 2367 4463 Vivo
2395 4418 2595 4472 autem,
2629 4422 2733 4462 non
2769 4405 3000 4476 amplius
3027 4419 3147 4474 ego,
3183 4404 3318 4456 vivit
3356 4416 3479 4455 vero
3509 4396 3565 4451 in
3596 4406 3673 4475 me:

447 4506 696 4563 Christus
719 4506 785 4559 ³⁸.
816 4524 834 4558 ι

522 4601 608 4655 52.
654 4619 673 4651 ι
708 4597 917 4653 Mulieri
945 4608 1124 4651 autem
1160 4596 1449 4651 dicebant:
1489 4594 1603 4650 Non
1629 4595 1859 4665 amplius
1889 4610 1961 4664 pre

2183 4589 2271 4646 52.
2316 4611 2332 4641 ι
2366 4591 2442 4663 Τῇ
2486 4590 2544 4643 δέ
2581 4591 2798 4658 γυναικί
2836 4589 3050 4658 ἔλεγον
3108 4587 3308 4640 Οὐκέτι
3338 4583 3424 4640 διὰ
3462 4582 3558 4649 τὴν
3582 4580 3665 4632 11-

446 4704 568 4761 pter
592 4692 857 4760 loquelam
883 4702 1027 4744 tuam
1050 4688 1359 4744 credimus:
1384 4689 1480 4756 ipsi
1511 4688 1659 4743 enim
1687 4687 2016 4751 audivimus,

449 4793 504 4837 et
536 4785 739 4838 scimus
770 4784 914 4853 quod
949 4783 1036 4836 hic
1070 4789 1154 4834 est
1189 4795 1316 4834 vere
1350 4781 1613 4837 Servator
1658 4778 1846 4831 muudi
1885 4779 1951 4832 ³⁸.
1991 4795 2010 4831 ι

450 4875 659 4941 Negant
705 4876 863 4929 ﬁdem
898 4890 1019 4929 eam
1051 4890 1211 4942 quam
1250 4872 1523 4928 habebant
1569 4878 1792 4940 propter
1829 4871 2014 4939 loque-

450 4969 557 5023 lam
591 4967 855 5033 mulieris,
883 4982 949 5023 eo
985 4969 1127 5036 quod
1174 4967 1273 5021 hac
1305 4965 1738 5035 prmstantiorem
1770 4961 2014 5016 invenis-

446 5068 591 5125 sent,
643 5059 829 5114 audito
877 5059 1168 5115 Servatore
1215 5060 1354 5128 ipso,
1403 5057 1539 5112 adeo
1585 5064 1644 5111 ut
1693 5055 2014 5126 agnoverint

449 5150 593 5207 hunc
624 5166 746 5207 esse
773 5166 897 5206 vere
926 5150 1271 5206 Servatorem
1309 5149 1514 5204 mundi.
1544 5151 1619 5202 Ac
1647 5158 1794 5204 certe
1821 5148 2011 5201 melius

448 5253 533 5297 est
572 5241 809 5311 propriis
858 5240 1031 5296 oculis
1072 5252 1298 5294 eernere
1339 5239 1685 5304 Sermonem,
1732 5238 2013 5306 ipsumque

2124 4684 2243 4737 λιάν
2269 4700 2360 4736 σου
2399 4682 2741 4752 πιστεύομενο
2773 4681 2927 4735 αὐτοὶ
2951 4679 3061 4750 γὰρ
3090 4678 3421 4748 ἀκηκόαμεν,
3464 4674 3556 4727 καὶ
3604 4674 3673 4723 (ξε

2122 4776 2289 4846 δαμεν
2316 4777 2396 4829 ὅτι
2422 4773 2637 4844 ἀληθῶς
2666 4767 2822 4837 οὗτος
2854 4775 2998 4825 ἐστιν
3027 4773 3055 4823 6
3076 4769 3268 4843 Σωτὴρ
3304 4767 3395 4822 τοῦ
3426 4766 3619 4832 κόσμου
3648 4780 3664 4809 ι

2135 4865 2445 4938 Ἀρνοῦνται
2479 4866 2579 4936 τὴν
2604 4864 2691 4918 διὰ
2718 4863 2817 4936 τὴν
2848 4862 3035 4916 λαλιὰν
3073 4862 3173 4931 τῆς
3202 4859 3449 4929 γυναικὸς
3472 4854 3673 4909 πίστιν,

2120 4962 2367 5030 κρεῖττον
2404 4958 2515 5029 (26)
2551 4958 2764 5029 ἐκείνης
2795 4956 3045 5028 εὑρόντες
3092 4954 3153 5006 τὸ
3194 4951 3471 5022 ἀκηκοέναι
3502 4942 3673 5030 αξτυῦ

2117 5049 2211 5104 τοῦ
2238 5051 2505 5121 Σωτῆρος,
2533 5048 2671 5103 ὥστε
2711 5048 2804 5102 καὶ
2846 5047 3084 5109 εἰδέναι,
3135 5046 3219 5098 ὅτι
3262 5040 3459 5112 ἀληθῶς
3513 5027 3666 5091 οἰτὸς

2119 5148 2265 5197 ἐστιν
2292 5144 2320 5194 6
2342 5141 2529 5213 Σωτὴρ
2562 5140 2656 5194 τοῦ
2684 5140 2910 5211 κόσμου.
2949 5138 3058 5191 Καὶ
3103 5135 3305 5205 βέλτιόν
3328 5133 3387 5201 γέ
3414 5132 3554 5180 ἐστιν
3576 5125 3667 5174 as.

2118 5236 2324 5305 τόπτην
2362 5234 2613 5303 γενέσθαι
2641 5231 2733 5286 τοῦ
2777 5232 2951 5302 Λόγου
2972 5272 2985 5295 ,
3015 5229 3109 5283 καὶ
3135 5228 3300 5299 χωρὶς
3334 5221 3566 5295 ὁργάνων
3596 5215 3665 5268 δι-

519 5378 566 5411 “
588 5378 730 5434 Gen.
761 5394 862 5439 xu.
897 5379 948 5433 i.
1027 5377 1145 5411 ”°“
1174 5376 1360 5431 Matth.
1397 5390 1586 5438 xxvut,
1616 5373 1707 5428 ‘20.
1782 5372 1828 5405 "’
1859 5372 1994 5441 Eph.
2027 5387 2090 5430 tl.
2112 5373 2163 5425 7.
2244 5371 2287 5403 ³⁸
2316 5370 2491 5425 Galat.
2527 5386 2583 5430 ιι.
2607 5369 2698 5422 20.
2776 5367 2820 5399 ³⁹
2848 5365 3006 5421 Joan.
3035 5381 3108 5427 Iv,
3142 5364 3231 5419 42.

522 5494 636 5564 (22)
661 5492 840 5551 Codex
871 5493 1215 5565 Bodleianus,
1240 5492 1377 5565 πρὸς
1412 5491 1504 5546 τὸν
1547 5488 1775 5562 Ἰησοῦν,
1811 5487 2013 5559 Rt'gius

448 5565 775 5640 πρὸς-αὑτὸν
807 5564 1071 5640 Ἰησοῦνζι
1220 5634 1234 5640 _
1290 5564 1297 5565 ί
1336 5632 1369 5640 ﬁ
1428 5632 1461 5640 η
1504 5632 1513 5640 _
1728 5629 1766 5640 η
1848 5629 1859 5640 .

522 5634 633 5721 (23)
661 5629 989 5721 _'Etbpct3¢er.
1017 5633 1107 5689 Sic
1138 5634 1303 5688 codex
1336 5632 1657 5690 Bodleianns
1682 5648 1697 5692 ;
1728 5629 1930 5697 Regius
1960 5637 2013 5681 et

452 5703 802 5758 Bnrhorintts.
837 5708 960 5777 ὁρᾶ.
1827 5768 1838 5780 .

527 5774 637 5840 (uti)
670 5776 839 5829 Ἀλλὰ
865 5772 963 5829 καὶ
1002 5773 1174 5845 μετά,
1202 5784 1307 5828 etc.
1343 5771 1431 5826 Sic
1456 5771 1628 5825 codex
1650 5767 2015 5833 Bodletunus;

2120 5489 2317 5553 Regius
2339 5486 2525 5539 omisit
2552 5483 2706 5539 ἀλλὰ.

2182 5579 2304 5666 ’(25)
2362 5578 2503 5633 Idem
2554 5578 2721 5632 codex
2775 5573 3122 5642 Bodleianus,
3163 5572 3407 5645 μηδέποτε
3438 5560 3638 5616 xum};

2124 5668 2237 5704 πων
2246 5691 2259 5703 .

2196 5741 2306 5813 (26)
2335 5740 2503 5797 Codd.
2533 5738 2858 5794 Bodleianus
2899 5748 2952 5794 et
2993 5736 3335 5800 Barbcrinus,
3360 5723 3659 5800 κρείττονα,
