3702 6142
51 300 137 359 ιοτ
1066 304 1423 363 COMMENT.
1461 304 1528 359 IN
1560 304 1753 362 JOAN.
1796 303 2035 364 TOMUS
2072 303 2210 360 XIII.
3136 297 3242 363 $98.

50 421 299 481 δάσκοντος
356 415 572 473 ἀκούειν
629 418 816 485 αὐτοῦ,
878 421 973 476 καλ⁸
1020 420 1439 492 φαντασιοῦντος

1780 422 1874 478 Iire
1916 422 2198 478 docentem
2248 419 2367 476 sine
2412 412 2805 479 instrumentis,
2854 421 2933 480 et,
2971 413 3106 469 citra
3148 416 3242 470 do-

50 511 119 565 διὰ
156 507 253 562 τῶν
303 507 412 582 (27)
462 508 823 565 διδασκόντων
879 511 940 565 τὸ
985 513 1332 585 ἡγεμονικὸν,
1395 511 1512 585 εὑρί

1786 524 1885 576 tes,
1904 510 2020 567 visa
2054 511 2451 580 imprimentem
2484 507 2680 561 animae
2707 504 3060 575 principatni,
3086 504 3241 559 inve-

49 618 125 656 λον
182 601 470 674 τρανότητα
544 601 655 673 (28)
711 603 837 667 τοὺς
889 603 988 674 τῆς
1040 603 1299 672 ἀληθείας
1335 604 1506 658 τύπου

1779 604 1848 657 nti
1894 602 2148 658 veritatis
2198 600 2398 670 ﬁguras
2444 595 2769 662 manifesto;
2800 611 2967 665 qnam
3008 611 3114 649 non
3158 596 3241 649 vi-

49 693 165 763 ήπερ
207 690 277 764 μὴ
322 690 530 763 ὁρῶντα
578 691 762 757 αὑτὸν,
818 693 954 764 μηδέ
1003 694 1111 748 ἀπὸ
1149 694 1251 765 τῆς
1297 694 1511 767 δυνάμει

1776 701 1869 749 ιιεε
1903 693 2099 763 ipsum,
2146 705 2322 760 neque
2363 688 2431 743 ab
2466 687 2610 743 illius
2648 686 2952 744 illustratus
2976 687 3238 756 potentia.

50 783 371 856 φωτιζόμενον
402 781 562 838 αὑτοῦ
593 785 855 839 διακόνων
886 783 995 839 τῶν
1026 785 1350 860 ἑωρακότων
1394 787 1512 841 αὐτὶ

1776 788 1983 841 :trinam
2014 785 2293 856 percipere
2321 783 2387 839 de
2413 782 2506 837 illo
2535 795 2631 852 per
2661 781 2941 837 ministros
2970 782 3059 851 qui
3089 780 3238 835 illum

48 875 231 930 ἀκούειν
254 876 339 929 τὸν
366 878 494 949 περὶ
519 877 683 932 αὐτοῦ
705 878 884 948 λόγον.
915 878 1216 950 Ἀμήχανον
1238 879 1347 952 γὰρ
1366 879 1427 933 τὸ
1444 880 1510 934 αὐ

1779 879 1934 934 erint.
1975 876 2356 934 Diﬁ‘icillimum
2397 875 2540 930 enim
2582 873 2729 930 factu
2758 885 2865 941 est,
2902 882 2962 929 ut
2999 872 3241 929 affectio-

44 966 107 1036 τῷ
133 967 375 1038 ἑωρακότι
410 969 691 1039 γινόμενον
746 970 874 1043 περὶ
914 969 975 1023 τὸ
1024 971 1352 1042 ἡγεμονικὸν
1408 972 1506 1027 πάε

1774 983 1797 1021 n
1831 967 2103 1039 eamdem,
2132 981 2253 1037 quae
2298 967 2353 1022 in
2397 964 2705 1037 principatu
2743 965 2937 1018 anima:
2967 964 3113 1020 illius
3146 966 3236 1034 qui

46 1049 204 1105 παθεῖν
240 1053 327 1105 τὸν
358 1052 468 1106 ἀπὸ
510 1055 605 1108 τοῦ
652 1056 959 1129 ἑωρακότος
1006 1059 1100 1111 καὶ
1140 1059 1508 1130 ἀπαγγέλλοντ

1778 1060 1897 1125 erit,
1925 1057 2180 1123 eﬁicitur,
2225 1057 2463 1127 patiatur
2513 1055 2604 1111 ille
2645 1056 2739 1125 qni
2783 1056 3041 1112 educetur
3079 1057 3149 1112 ab
3174 1072 3240 1112 eo

43 1142 175 1194 αὐτὸν
205 1141 578 1215 διδασκόμενον
603 1163 617 1176 υ
649 1147 743 1200 καὶ
777 1147 1022 1220 κρεῖττόν
1051 1167 1115 1220 γε
1145 1150 1233 1205 διὰ
1264 1151 1437 1217 εἴδους
1479 1169 1505 1205 τι

1791 1153 1963 1221 ipsam
1990 1149 2187 1205 viderit
2218 1170 2230 1205 :
2265 1148 2430 1222 266
2471 1151 2613 1206 unde
2647 1151 2806 1206 etiam
2845 1151 3006 1221 longe
3043 1150 3239 1210 melius

43 1233 307 1305 ριπατεῖνῆ
339 1234 427 1289 διά
460 1236 716 1304 πίστεως.
741 1240 843 1295 Διά
873 1242 1022 1297 τοῦθ’
1051 1244 1101 1297 οἱ
1137 1244 1234 1315 μὲν
1275 1245 1437 1298 οἱονεὶ
1488 1244 1505 1297 ε

1787 1259 1885 1313 per
1915 1243 2153 1312 speciem
2178 1244 2457 1299 ambulare
2486 1258 2646 1314 quam
2681 1258 2782 1314 per
2809 1241 2968 1299 ﬁdem
2991 1241 3059 1298 ⁸⁸.
3087 1242 3239 1300 Hane

41 1325 184 1388 εἴδους
212 1328 633 1399 περιπατοῦντες
655 1332 713 1384 ἐν
735 1335 848 1398 τοῖς
877 1334 1309 1407 προηγουμένοις
1336 1335 1503 1404 λέγοιτ

1775 1351 1990 1393 causam
2019 1335 2190 1407 aliqui
2226 1350 2324 1406 per
2349 1336 2584 1407 speciem
2623 1336 2969 1393 ambulantes
3013 1335 3067 1391 in
3097 1350 3237 1407 prae-

39 1417 91 1470 ἆν
123 1411 245 1471 εἶναι
278 1418 600 1491 χαρίσμασι,
624 1421 768 1495 λόγῳ
801 1424 993 1495 σοφίας
1024 1425 1111 1479 διά
1140 1425 1233 1479 τοῦ
1262 1425 1501 1499 Πνεύμαπ

1775 1429 1851 1485 uis
1888 1429 2142 1485 dicentur
2171 1441 2295 1483 esse
2315 1425 2763 1494 charismatibus,
2791 1440 2985 1498 nempe
3030 1429 3084 1483 in
3114 1442 3237 1484 ser-

38 1507 113 1561 τοῦ
136 1507 277 1574 Θεοῦ,
306 1510 399 1564 καὶ
428 1510 574 1584 λόγῳ
601 1532 659 1585 γι
670 1512 854 1581 ώσεως
879 1518 1020 1572 κατά
1054 1519 1115 1573 τὸ
1150 1519 1282 1573 αὐτὸ
1311 1518 1500 1592 Πνεῦμ

1776 1533 1834 1572 ne
1889 1516 2170 1586 sapientiae
2200 1533 2299 1589 per
2330 1517 2592 1588 Spiritum
2622 1516 2740 1578 Dei.
2786 1525 2843 1572 et
2885 1516 2939 1571 in
2984 1527 3238 1574 sermone

38 1601 76 1653 oi
115 1600 164 1653 δὲ
210 1599 292 1655 διά
324 1602 580 1671 πίστεως,
614 1605 665 1662 εἰ
697 1610 792 1663 καὶ
822 1608 1069 1686 χάρισμά
1103 1612 1251 1665 ἐστιν
1301 1614 1334 1683 ἡ
1392 1612 1500 1666 πίσ

1774 1608 1916 1663 :utia:
1942 1608 2096 1677 juxta
2130 1609 2378 1664 eumdem
2411 1607 2676 1680 Spiritum
2715 1607 2759 1641 ⁸¹
2804 1625 2820 1678 ;
2861 1608 2951 1680 qui
2983 1623 3112 1666 vero
3140 1626 3236 1680 per

39 1693 149 1747 κατά
171 1693 249 1749 τόο
288 1715 307 1747 ι
340 1696 523 1769 Ἀλλῳ
559 1699 617 1754 δὲ
651 1700 835 1767 πίστις
867 1705 926 1756 ἐν
948 1701 1026 1774 τῷ
1059 1702 1205 1776 αὐτῷ
1242 1702 1501 1776 πνεύματι

1769 1715 1833 1754 :m
1888 1700 2202 1766 ambulant,
2251 1700 2460 1756 etiamsi
2506 1701 2703 1755 donum
2750 1700 2824 1756 sit
2878 1700 3044 1767 ﬁdes,
3080 1702 3231 1773 juxta

38 1784 89 1854 τῇ
132 1782 264 1849 τάξει
301 1786 409 1840 τῶν
450 1791 734 1863 προτέρων
770 1792 907 1845 εἰσὶν
943 1791 1179 1865 ὕστεροι.
1226 1791 1500 1861 Ἐξεταστέ

1768 1790 1845 1846 d:
1885 1810 1904 1842 ι
1939 1791 2041 1847 Alii
2082 1802 2257 1847 autem
2287 1784 2445 1857 lides,
2475 1792 2528 1847 in
2557 1793 2743 1847 eodem
2790 1794 2981 1862 spiritu
3013 1795 3080 1861 ⁸¹,
3118 1813 3140 1848 ι
3178 1795 3230 1850 in

37 1874 81 1925 δὲ
103 1874 209 1928 πότε
239 1878 328 1931 καὶ
366 1880 486 1946 πῶς
534 1882 683 1953 λέγει
732 1884 945 1949 Παῦλος
966 1902 980 1917 ⁸
1012 1905 1032 1938 ι
1061 1885 1159 1941 Διά
1190 1887 1425 1952 πίστεως
1459 1905 1499 1957 γη

1774 1880 1863 1936 ine
1889 1882 2131 1953 priorum
2181 1891 2308 1937 sunt
2347 1882 2540 1937 ultimi.
2582 1882 2850 1938 Caeterum
2898 1884 3232 1955 inquit-smus

40 1969 422 2042 περιπατοῦμεν,
447 1973 509 2025 οῦ
537 1973 624 2027 διὰ
652 1975 844 2040 εἴδους
879 1995 897 2028 ι
937 1977 1054 2043 πῶς
1083 1978 1211 2049 γὰρ,
1233 1978 1365 2034 ὡσεὶ
1384 1977 1502 2033 πολ)

1771 1981 1888 2026 ιτιει
1927 1972 2147 2041 quando
2197 1980 2248 2026 et
2307 1972 2579 2041 quomodo
2619 1971 2766 2026 dicat
2801 1971 3038 2029 Paulus:
3073 1991 3093 2024 ι
3128 1972 3233 2028 Per

38 2056 201 2120 νοοῦσι,
222 2059 304 2112 διὰ
332 2061 602 2129 πίστεως,
645 2066 737 2120 καὶ
784 2067 848 2119 οὒ
885 2066 972 2121 διὰ
1003 2067 1175 2133 εἴδους
1213 2072 1500 2142 περιπατεῖ

1770 2067 1831 2119 :m
1861 2052 2019 2120 enim’
2036 2064 2392 2130 ambulamus,
2427 2078 2531 2119 non
2554 2079 2652 2134 per
2675 2064 2906 2134 speciem
2934 2066 2980 2101 ⁸³
3004 2083 3018 2121 :
3056 2083 3074 2119 ι
3099 2081 3232 2137 quo-

38 2146 393 2219 ἐμϐριθέστατα
419 2154 615 2225 λέγων⁸
651 2176 669 2209 ι
695 2155 807 2210 Οὐκ
831 2158 945 2229 είμί
976 2158 1260 2231 ἐλεύθερος
1284 2176 1299 2223 ;
1331 2161 1428 2213 οὐκ
1454 2161 1500 2213 εἰ

1769 2158 1829 2211 do
1856 2158 2022 2222 enim,
2057 2165 2115 2211 ut
2144 2156 2297 2210 multi
2333 2164 2540 2224 rentur,
2572 2171 2670 2227 per
2702 2156 2884 2223 ﬁdem,
2914 2165 2969 2213 et
2999 2173 3104 2212 nun
3136 2170 3231 2229 per

36 2239 318 2309 ἀπόστολοςς
348 2244 470 2316 οὐχὶ
505 2245 712 2317 Ἰησοῦν
743 2248 833 2302 τὸν
859 2247 1063 2320 Κύριον
1105 2248 1259 2320 ἡμῶν
1301 2247 1498 2321 ἐὼρακι

1769 2244 1904 2303 ciem
1941 2248 2204 2312 ambulat,
2252 2249 2341 2318 qui
2384 2248 2705 2318 gravissime
2748 2248 2883 2303 dicit
2921 2266 2935 2304 :
2977 2265 2997 2301 ι
3042 2247 3231 2305 Nonne

36 2332 81 2382 οὐ
106 2330 156 2384 τὸ
196 2332 347 2406 ἔργον
397 2355 503 2408 μου
550 2339 709 2411 ὑμεῖς
742 2342 864 2394 ἐστε
904 2342 962 2394 ἐν
1016 2341 1244 2414 Κυρίῳ;
1278 2360 1296 2392 ι
1337 2341 1498 2413 ἰδωμ

1766 2355 1788 2392 ri
1816 2339 1955 2394 liber
1978 2339 2002 2392 ι
2039 2355 2216 2395 nonne
2242 2355 2361 2396 sum
2390 2340 2667 2411 apostolus
2691 2341 2717 2395 ?
2739 2356 2917 2397 nonne
2945 2342 3228 2397 Dominum

34 2419 107 2479 οὖν
132 2425 185 2478 τὸ
215 2428 369 2498 ῥητὸν
411 2429 532 2496 πῶς
574 2430 657 2485 δεῖ
707 2431 957 2488 ἐκλαϐεῖν
994 2434 1085 2489 τό’
1130 2453 1148 2486 ι
1183 2433 1283 2488 Διά
1331 2434 1496 2489 πίστε‹

1767 2437 1915 2483 .trum
1945 2426 2128 2483 Jesum
2160 2429 2432 2485 Christum
2464 2431 2572 2485 vidi
2597 2430 2622 2484 ἲ
2651 2444 2833 2487 nonne
2863 2445 3000 2502 opus
3050 2447 3229 2488 meum

36 2515 120 2587 γὰρ
164 2520 598 2595 περιπατοῦμεν,
636 2523 696 2576 οὺ
742 2523 830 2578 διά
881 2523 1053 2589 εἴδους
1080 2566 1094 2590 ,
1129 2545 1149 2578 ι
1207 2524 1498 2581 ἀναλαϐόντ

1799 2519 1932 2575 esus
1962 2514 2019 2573 in
2039 2516 2303 2573 Domino?
2322 2518 2370 2552 ⁸⁸
2401 2520 2638 2577 Proinde
2660 2522 2937 2578 videamus
2959 2525 3230 2594 quomodo

34 2606 139 2659 αὐτὸ
165 2609 264 2662 ἀπὸ
286 2610 392 2666 τῶν
425 2613 688 2687 ἀνωτέρω
723 2614 898 2680 οὕτως
927 2615 1070 2687 ἔχειν
1098 2615 1229 2687 (29)·
1262 2635 1282 2668 ι
1304 2616 1362 2670 '0
1382 2615 1442 2670 δὲ
1468 2633 1496 2669 κ

1765 2611 2074 2682 :lligendum
2107 2610 2180 2668 sit
2206 2610 2338 2667 illud
2364 2632 2378 2668 :
2410 2631 2429 2664 ι
2464 2612 2569 2668 Per
2606 2612 2763 2668 ﬁdem
2802 2615 2946 2671 enim
2978 2616 3227 2672 ambula-

35 2700 395 2773 τεργασάμενος
434 2707 587 2778 ἡμᾶς
633 2708 715 2772 είς
765 2710 898 2764 αὐτὸ
939 2708 1096 2764 τοῦτο
1130 2711 1158 2764 ό
1190 2710 1341 2776 Θεδς,
1386 2712 1416 2764 ό
1443 2709 1497 2763 δο

1771 2719 1810 2770 5,
1848 2719 1954 2759 non
1989 2719 2088 2773 per
2114 2704 2352 2769 speciem
2374 2704 2421 2739 ⁸³
2446 2720 2460 2768 ;
2499 2723 2516 2756 ι
2553 2716 2952 2762 reassumentes
2977 2722 3042 2760 ex
3069 2721 3233 2777 supe-

37 2788 139 2856 ήμῖν
158 2790 239 2844 τὸν
257 2793 554 2864 ἀρραϐῶνα
588 2795 682 2850 τοῦ
716 2798 1053 2870 Πνεύματος.
1098 2798 1437 2870 Θαρροῦντες
1472 2815 1499 2851 ο

1767 2795 1910 2850 ribus
1936 2794 2115 2865 ipsum
2147 2794 2231 2850 sic
2262 2796 2475 2850 habens
2499 2794 2583 2846 “z
2616 2813 2637 2847 ι
2677 2797 2746 2851 At
2776 2797 2867 2865 qui
2895 2812 2993 2852 nos
3032 2797 3084 2852 in
3125 2798 3229 2854 hoc

37 2881 247 2950 πάντοτε,
279 2887 373 2939 καὶ
399 2886 627 2955 είδότες,
667 2889 749 2943 ὅτι
778 2890 1135 2963 ἐνδημοῦντες
1166 2894 1224 2946 ἐν
1251 2891 1329 2963 τῷ
1353 2890 1499 2965 σῶμα

1765 2903 1843 2942 um
1889 2886 2127 2957 paravit,
2176 2884 2320 2941 Deus
2372 2887 2616 2956 estzqui
2664 2890 2827 2942 etiam
2872 2889 3021 2944 dedit
3072 2890 3227 2946 nobis

36 2973 330 3048 ἐκδημοῦμεν
366 2978 477 3033 ἀπὸ
509 2979 606 3035 τοῦ
638 2982 845 3054 Κυρίου
871 2998 884 3012 ·
913 2981 1003 3037 διὰ
1044 2984 1281 3049 πίστεως
1326 2983 1437 3059 γὰρ
1464 3003 1498 3039 π

1766 2978 2033 3035 habonem
2085 2978 2341 3049 Spiritus.
2399 2981 2587 3052 Itaque
2633 2981 2774 3037 bono
2827 2983 3009 3039 animo
3054 2986 3228 3042 simus

40 3068 351 3141 ριπατοῦμεν,
378 3071 440 3125 οὐ
462 3071 554 3126 διά
578 3071 752 3139 εἴδους
770 3091 784 3105 ·
820 3093 840 3126 ι
880 3074 1066 3147 (δῆλον
1086 3076 1130 3131 δ’
1157 3078 1238 3131 ὄτι
1272 3076 1502 3149 ἐνδημοῦ

1767 3086 1901 3142 iper,
1931 3074 2169 3127 scientes
2197 3073 2340 3142 quod
2362 3088 2486 3130 cum
2514 3077 2659 3131 domi
2689 3093 2875 3133 sumus
2897 3078 2950 3132 in
2975 3092 3225 3147 corpore,

39 3130 111 3222 τες
134 3163 183 3214 ἐν
211 3130 282 3233 τῷ
307 3130 539 3236 σιῦματι,
572 3167 662 3219 ὅτε
695 3130 1174 3241 ἐκδημόῦμενάπὸ
1194 3130 1291 3228 τοῦ
1308 3130 1501 3245 Κῦρίοι

1764 3130 2076 3234 egrinamur
2105 3180 2136 3221 a
2180 3130 2408 3222 Domino
2449 3183 2464 3232 ;
2496 3184 2594 3239 per

45 3247 371 3322 ίθαρῤοῦντες
406 3254 611 3326 μᾶλλον
651 3256 975 3331 εὐδοκοῦμεν
1027 3261 1334 3333 ὴδημῆσαι
1374 3264 1439 3316 ἐκ
1468 3280 1507 3316 τι

1771 3271 1804 3322 ι,
1852 3271 1958 3311 non
2006 3271 2106 3328 per
2155 3256 2672 3328 ερεοίοιιυ(εοῖ1ἰοει
2713 3273 2835 3314 cum
2868 3259 3014 3315 domi
3085 3259 3233 3314 exsi-

36 3342 244 3428 σώματος
264 3387 278 3409 ,
304 3349 396 3402 καὶ
423 3349 728 3421 ἐνδημῆσαι
754 3350 892 3424 «pb;
916 3351 1008 3406 τὸν
1038 3353 1265 3428 Κύριον.
1299 3373 1318 3405 ι
1347 3354 1498 3413 Τούτι

1764 3349 1937 3405 ιιοείιι
1954 3361 2205 3419 corpore,
2239 3349 2644 3419 peregrinamnr
2688 3366 2717 3405 a
2758 3351 3226 3424 Domino);¢eon-

36 3432 174 3500 οὕτως
206 3420 501 3511 ε’ῖρημένων
533 3420 631 3506 είς
660 3441 722 3494 τὸ
759 3420 945 3515 νοῆσαι
994 3444 1047 3498 τί
1103 3420 1166 3499 τὸ
1204 3445 1455 3517 ἐνδημεῖν
1485 3464 1498 3495 ι

1762 3448 1914 3506 entes,
1945 3439 2121 3510 magis
2148 3439 2437 3511 probamus
2461 3455 2686 3512 peregre
2711 3444 2899 3499 abesse
2919 3458 2947 3498 a
2972 3420 3224 3514 corpore,

36 3524 238 3596 σώματι,
271 3531 361 3585 καὶ
392 3532 652 3606 ἐκδημεῖν
694 3534 806 3590 ἀπὸ
859 3534 953 3590 τοῦ
1003 3537 1245 3611 Κυρίου,
1307 3539 1362 3592 τί
1412 3557 1472 3594 τε

1762 3538 2034 3587 »τερεθηιοε
2064 3530 2256 3586 adesse
2282 3531 2423 3601 apud
2452 3532 2755 3588 Dominum.
2788 3553 2808 3587 ι
2848 3533 2941 3588 llis
2962 3535 3044 3589 sic
3062 3535 3224 3592 dictis

36 3615 297 3691 ἐκδημῆσαι
326 3625 389 3676 ἐκ
413 3625 508 3678 τοῦ
545 3625 817 3698 σώματος,
856 3629 952 3683 καὶ⁵
980 3629 1279 3705 ἐνδημῆσαι
1304 3631 1440 3704 πρὸς
1472 3650 1498 3686 τ

1765 3621 1996 3693 :lligendi
2028 3635 2192 3677 causa
2226 3622 2356 3692 quid
2387 3624 2459 3678 sit
2491 3637 2729 3692 praesens
2761 3639 2881 3680 esse
2910 3625 2962 3679 in
2999 3640 3227 3694 corpore

37 3708 218 3780 Κύριον,
245 3715 446 3772 ἑαυτῶν
495 3717 798 3792 πυθώμεθα
827 3722 880 3775 τι
928 3722 1058 3794 περὶ
1103 3721 1197 3776 τοῦ
1243 3723 1499 3778 Ἀποστόλ

1759 3713 2087 3785 peregrinari
2111 3727 2139 3766 a
2170 3712 2403 3769 Domino
2428 3729 2443 3781 ;
2466 3714 2707 3784 itemque
2731 3714 2865 3784 quid
2896 3716 2965 3770 sit
2995 3730 3221 3786 peregre

34 3797 256 3887 ἑξηῦμενο
282 3806 536 3883 πότερον,
570 3810 653 3865 ὅτι
687 3811 934 3883 ἐνδημῶν
960 3812 1039 3884 τῷ
1074 3812 1285 3886 σώματι
1312 3812 1496 3887 ὲξεδήμ

1763 3817 1854 3859 sse
1879 3820 1909 3858 a
1939 3817 2170 3872 corpore
2202 3812 2258 3859 et
2298 3819 2540 3874 praesens
2583 3806 2774 3863 adesse
2813 3806 2880 3861 ad
2912 3806 3224 3875 Dominum,

35 3886 120 3939 ἀπὸ
140 3892 222 3946 τοῦ
258 3896 482 3969 Κυρίου,
516 3899 553 3972 ἢ
580 3900 661 3955 ὅτι
694 3900 951 3973 ἐκδημῶν
979 3900 1071 3957 τοῦ
1106 3902 1356 3974 σώματος
1376 3886 1493 3957 ἐνεδ

1794 3896 1940 3966 ipsos
1975 3897 2395 3965 interrogemus,
2446 3897 2575 3966 quid
2622 3896 2691 3953 dc
2738 3897 2997 3968 Apostolo
3025 3897 3225 3955 dicturi

37 3995 106 4046 μει
129 3982 197 4055 τῷ
221 3986 418 4061 Κυρίῳ.
463 3990 627 4046 Ἀλλά
678 3993 847 4063 σαφές
876 3993 1008 4066 (50)·
1045 3995 1166 4048 ἐπεὶ
1207 3997 1256 4048 οἱ
1306 3997 1365 4049 ἐν
1396 4013 1499 4068 σαρ

1769 4003 1832 4043 ns
1871 4006 1885 4043 :
1934 3998 2186 4043 utrumne
2215 3989 2360 4059 quod
2409 3988 2551 4043 domi
2595 3990 2865 4047 exsistens
2906 3991 2961 4047 in
2999 4006 3227 4062 corpore

32 4068 152 4136 ὅντες
189 4073 299 4147 Θεῷ
343 4079 539 4151 ἀρέσαι
568 4080 628 4133 οὐ
652 4079 929 4148 δύνανται,
963 4084 1014 4137 οἱ
1044 4082 1087 4136 δ’
1118 4083 1262 4153 ἅγιοι
1290 4084 1391 4138 οὐκ
1423 4066 1494 4137 εἷς

1761 4095 1887 4151 egre
1912 4080 2054 4134 absit
2090 4096 2121 4134 a
2157 4079 2410 4147 Domino,
2445 4096 2511 4135 an
2559 4083 2701 4150 quod
2739 4097 2965 4153 peregre
2995 4096 3161 4152 agens
3193 4096 3223 4135 a

32 4158 77 4207 ὲν
104 4164 275 4233 σαρκὶ,
305 4166 418 4220 ἀλλ’
469 4169 529 4222 ἐν
580 4169 881 4241 πνεύματι·
940 4172 1098 4244 εἴπερ
1148 4170 1371 4244 Πνεῦμα
1426 4173 1494 4226 Θε

1763 4187 1886 4241 pore
1915 4187 2153 4243 praesens
2182 4172 2324 4228 adsit
2351 4175 2492 4242 apud
2519 4173 2826 4229 Dominum.
2872 4175 2976 4229 Sed
3016 4175 3225 4245 perspi-

30 4250 143 4305 οἰκεῖ
188 4255 239 4308 ἐν
280 4259 491 4324 αὐτοῖς·
537 4260 749 4326 Παῦλος
779 4262 878 4317 οὐκ
910 4257 978 4333 ἦν
1025 4263 1083 4315 ἐν
1129 4264 1312 4334 σαρκὶ,
1343 4261 1464 4316 οὐδὲ

1771 4282 1819 4319 m
1849 4276 1932 4321 est
1971 4265 2023 4320 id
2048 4283 2063 4332 ;
2096 4281 2220 4320 nam
2250 4265 2509 4335 quoniam
2541 4265 2633 4333 qui
2665 4266 2719 4320 in
2745 4279 2913 4320 carne
2938 4274 3084 4327 sunt,
3114 4264 3226 4320 Deo

32 4338 238 4411 σώματι·
295 4348 547 4419 ἀληθεύει
600 4351 709 4429 γάρ
759 4352 963 4422 λέγων·
1029 4371 1048 4404 ι
1075 4354 1228 4407 Δοκῶ
1289 4353 1347 4407 δέ
1404 4355 1494 4422 κάπ

1759 4372 1872 4413 cere
1922 4374 2027 4413 non
2080 4368 2330 4429 possunt,
2356 4368 2413 4414 et
2438 4358 2614 4414 sancti
2658 4351 2762 4412 non
2793 4365 2920 4413 sunt
2955 4358 3007 4411 ia
3037 4371 3221 4426 carne,

32 4429 217 4530 Πνεῦμα
258 4436 388 4493 Θεοῦ
432 4440 612 4513 ἔχειν·
650 4462 671 4496 ι
719 4442 821 4496 οὐκ
873 4443 1120 4515 ἐνδημῶν
1166 4445 1225 4499 δὲ
1272 4447 1336 4517 τῇ
1391 4461 1494 4517 σαρ

1795 4448 1848 4502 in
1889 4448 2082 4518 spiritu
2118 4449 2164 4482 ⁸⁷
2190 4467 2206 4518 ;
2235 4449 2672 4520 quandoquidem
2716 4449 2811 4504 Dei
2859 4448 3095 4520 Spiritus
3122 4449 3223 4504 ha-

31 4525 105 4578 ιαὶ
146 4529 371 4602 σώματι,
426 4533 523 4589 τοῦ
570 4534 923 4610 ἐνδημοῦντος
969 4535 1047 4608 τῷ
1092 4535 1305 4609 σώματι
1345 4536 1432 4591 διά
1464 4555 1493 4590 11

1759 4549 1799 4595 ιι
1841 4540 1895 4594 in
1936 4540 2069 4610 ipsis
2112 4556 2127 4607 ;
2162 4540 2362 4596 Paulus
2412 4555 2586 4610 neque
2622 4540 2674 4594 in
2709 4553 2896 4606 carne,
2948 4553 3119 4607 neque
3167 4539 3221 4594 in

32 4631 168 4684 στεως
207 4627 657 4696 περιπατοῦντος,
697 4628 758 4682 οὐ
816 4628 904 4682 διὰ
954 4629 1145 4693 εἴδους.
1192 4629 1304 4683 Καὶ
1344 4630 1446 4701 ὅρα

1759 4647 1888 4703 pore
1935 4641 2096 4689 erat:
2139 4647 2264 4688 nam
2315 4646 2443 4688 vere
2485 4632 2625 4687 dicit
2665 4649 2681 4686 :
2730 4648 2749 4682 ι
2790 4630 2997 4701 Opinor
3039 4639 3221 4689 autem

32 4705 213 4766 δύναται
261 4716 361 4787 τῆς
408 4719 774 4793 ἀποστολικῆς
822 4720 1108 4794 ἀκριϐείας
1165 4716 1305 4776 εἶναι
1354 4720 1417 4775 τὸ
1479 4740 1494 4793 ι

1759 4725 1801 4779 πά
1831 4736 1886 4780 et
1918 4740 2020 4796 ego
2048 4725 2314 4796 Spiritum
2340 4722 2434 4778 Dei
2454 4720 2680 4776 habeam
2700 4721 2744 4755 ⁸⁸
2767 4740 2783 4778 :
2807 4741 2827 4775 ο
2848 4721 2944 4779 sed
2966 4737 3145 4792 neque.
3167 4724 3221 4778 in

30 4801 190 4859 ταυτὸν
235 4807 459 4876 φάσκειν
511 4814 570 4865 ἐν
626 4813 789 4885 σαρκὶ
823 4808 981 4867 ,εἶναι
1022 4813 1118 4867 καὶ
1158 4814 1410 4886 ἐνδημεῖν
1452 4830 1492 4866 σι

1761 4832 1845 4880 ne,
1895 4832 2072 4888 neque
2110 4819 2165 4872 in
2241 4831 2468 4886 corpore
2520 4815 2818 4880 habitabat,
2878 4830 3001 4870 cum
3050 4814 3099 4871 is
3129 4815 3223 4885 qui

33 4906 164 4980 ματι·
193 4900 238 4951 oi
271 4900 366 4971 μὲν
417 4902 529 4975 γὰρ
566 4903 625 4958 ἐν
668 4904 832 4977 σαρκὶ
887 4902 1039 4968 ὅντες
1087 4903 1205 4976 Θεῷ
1254 4905 1447 4978 ἀρέσαι
1491 4928 1495 4952 ι

1760 4925 1853 4980 pus
1886 4909 2180 4975 inhabitat,
2212 4924 2308 4979 per
2333 4907 2494 4963 ﬁdem
2526 4908 2785 4973 ambulet,
2817 4922 2925 4962 non
2956 4921 3054 4979 per
3095 4921 3222 4976 spe-

32 4979 258 5044 δύνανται.
293 4996 354 5047 Οἱ
390 4993 448 5049 δὲ
497 4995 853 5068 ἐνδημοῦντες
884 4996 964 5069 τῷ
1012 4996 1224 5070 σώματι
1277 4998 1494 5070 ἐκδημοί

1763 4979 1818 5053 n.
1864 5000 1944 5054 Ac
1993 5000 2120 5054 vide
2170 5015 2299 5054 num
2353 4998 2665 5068 apostolicae
2710 4997 3005 5068 diligentia
3052 4998 3225 5070 possit

33 5085 99 5123 σιν
142 5076 228 5144 μὲν
258 5082 363 5135 ἀπὸ
400 5085 496 5138 τοῦ
543 5087 750 5158 Κυρίου
778 5127 793 5153 ,
842 5086 980 5159 πλὴν
1032 5087 1120 5142 διά
1165 5088 1263 5160 τῆς
1314 5089 1495 5142 πίστει

1759 5106 1797 5159 3,
1832 5101 1890 5144 ut
1919 5106 2040 5147 esse
2076 5091 2333 5147 in‘carne
2366 5100 2424 5147 et
2468 5090 2713 5148 habitare
2750 5093 2804 5147 in
2831 5107 3082 5163 corpore,
3114 5108 3221 5148 non

33 5169 405 5254 περιπατοῦσιν,
464 5178 514 5231 εί
569 5179 663 5232 καὶ
719 5178 942 5253 μηδέπω
993 5180 1231 5252 χωροῦσι
1304 5181 1394 5235 διὰ
1472 5199 1495 5235 ε

1760 5199 1800 5238 m
1833 5197 1953 5239 esse
1976 5183 2256 5250 dicamus;
2290 5185 2489 5240 etenim
2516 5185 2608 5254 qui
2644 5186 2698 5239 in
2732 5199 2902 5241 carne
2932 5195 3081 5250 sunt,
3111 5185 3222 5240 Deo

32 5250 146 5317 δους-
192 5260 293 5317 Καὶ
336 5261 489 5340 οἶμαι
514 5310 530 5335 ,
580 5272 662 5325 ὅτι
706 5250 792 5325 ἐν’
822 5250 1136 5344 σαρκὶημέν
1167 5274 1302 5327 είσιν
1330 5276 1380 5329 οἱ
1412 5292 1494 5328 καί

1762 5272 1878 5330 ﬁere
1906 5289 2010 5329 non
2043 5282 2271 5344 possunt
2300 5274 2368 5331 ⁸⁸.
2390 5250 2597 5331 Rursus
2616 5275 2710 5345 qui
2740 5275 2992 5338 habitant
3017 5275 3069 5330 in
3102 5291 3224 5331 cor-

86 5394 125 5429 ⁸⁸
149 5397 188 5453 Il
212 5401 391 5479 coma,
426 5407 480 5463 7.
554 5408 596 5442 “
623 5410 638 5463 Ι
669 5410 798 5465 Cor.
821 5425 923 5472 ιιι,
947 5409 1002 5463 8.
1103 5409 1148 5441 ⁸²
1173 5409 1307 5466 ibid.
1337 5411 1391 5467 9.
1467 5412 1513 5444 ⁸³
1545 5415 1548 5465 ἐ

1765 5427 1818 5475 v,
1845 5411 1900 5466 7.
1976 5410 2024 5444 ⁸⁸
2049 5410 2070 5466 Ι
2096 5409 2220 5468 Cor.
2255 5427 2333 5478 ιι,
2364 5413 2417 5467 ι.
2493 5413 2539 5457 ⁸⁸
2563 5411 2604 5467 ιι
2631 5398 2762 5469 Cor.
2787 5426 2842 5479 ν,
2869 5411 2923 5470 7.
3010 5408 3059 5445 ⁸⁸
3089 5409 3219 5466 ibid.

31 5462 177 5538 58m.
246 5472 288 5505 ⁸⁷
312 5462 602 5544 ιιόιιιζνηι,
624 5462 800 5545 78,79.
822 5462 922 5512 ﬂ“.
951 5462 971 5533 I
1009 5479 1136 5535 Cor.
1172 5462 1391 5547 ξιιξζιόζ
1464 5483 1509 5517 ⁸⁸
1545 5462 1704 5538 lium.
1724 5462 1928 5546 'vn't,_S.

88 5580 280 5668 (ᾖ)
303 5587 413 5668 ’διὰ
456 5590 595 5668 τῶν,
627 5606 732 5668 etc.
763 5592 998 5665 Negandi
1030 5596 1289 5664 particula
1310 5595 1466 5654 deest
1492 5599 1543 5652 in

1755 5595 1840 5668 29)
1886 5599 2111 5666 Ἕχειν.
2165 5595 2520 5655 Scribendnm
2567 5598 2786 5653 videtur
2823 5595 2907 5653 vel
2966 5595 3217 5667 ἐχόντων,

31 5652 352 5737 ευξξίὼῐξςιιίο
377 5652 792 5737 ριΒςιιιίθτὶιιοη
841 5652 873 5665 ⁷
1031 5652 1045 5664 ’
1298 5652 1341 5737 7⁷
1396 5652 1459 5654 ψ
1655 5652 1908 5737 νοΐέχον.

32 5718 188 5853 τηξδ)
217 5718 553 5797 Τρανότητα.
586 5733 888 5805 Legendum
935 5737 1150 5793 videtur
1181 5736 1319 5790 κατά
1353 5754 1494 5810 τραν·

1758 5718 2079 5808 ςῶίέιιφές.
2137 5738 2213 5792 Ita
2241 5738 2410 5795 codex
2449 5738 2810 5801 Bodleiauus;
2862 5735 3083 5806 Regius,
3124 5751 3220 5789 σαι
