3702 6142
469 247 573 304 499

2131 252 2269 307 ms
3525 274 3593 331 5m

467 379 620 436 pore,
634 375 859 433 peregre
873 361 1091 425 quidem
1110 362 1308 417 absunt
1335 378 1362 417 a
1388 365 1638 431 Domino,
1653 375 1929 422 verumtan

2132 370 2306 440 σάρκα
2363 374 2820 446 στρατευόμενοι,
2869 373 3161 448 ἐνδημοῦσι
3219 378 3272 432 δέ
3308 381 3375 451 τῷ
3414 385 3567 458 σώματι

463 434 562 526 per
592 453 749 507 fidem
791 452 1091 521 ambulant,
1130 455 1343 509 etiamsi
1391 456 1631 511 nondum
1681 472 1925 527 percepet

2135 434 2226 514 καί
2258 434 2584 534 ἐκδημυοῦσιν
2632 434 2745 519 απὸ
2791 434 2882 520 τοῦ
2918 434 3120 539 Κύρίου
3153 470 3201 521 οί
3235 469 3298 523 τὰ

460 561 557 617 per
574 545 829 614 speciem.
849 543 916 598 Et
944 559 1039 599 eos
1066 546 1282 613 quidem
1302 547 1354 601 in
1372 562 1536 602 carne
1553 550 1788 605 arbitror
1800 565 1917 607 esse

2134 553 2229 645 τῆς
2254 555 2473 627 Γραφῆς
2506 556 2584 628 μὴ
2613 559 2875 623 νοοῦντες,
2908 558 3021 613 ἀλλ’
3045 560 3156 614 ὅλοι
3188 543 3508 637 προσκείμενοι
3525 573 3596 645 (3i)

461 637 754 693 secundum
781 650 1000 691 carnem
1028 637 1264 691 militant
1288 655 1303 703 ;
1343 654 1540 708 corpus
1563 654 1690 694 vero
1720 640 1923 695 inhahil

2136 644 2291 717 αὐτῇ,
2327 649 2419 702 καὶ
2444 648 2521 719 τῷ
2544 649 2753 721 σώματι
2774 667 2789 681 ο
2826 650 2941 711 πῶς
2962 651 3071 725 γὰρ
3092 653 3191 706 οὐκ
3219 654 3416 727 ἐκδημεί
3436 637 3598 718 ὸ.ιώ

459 739 513 783 et
530 744 752 799 peregre
769 730 1002 784 abessea
1028 730 1253 784 Domino
1267 744 1360 785 eos
1373 730 1487 799 qui,
1510 744 1700 786 sensus
1719 731 1921 800 spiritu:

2164 737 2357 808 Lupiou,
2387 742 2436 793 εί
2463 741 2491 793 6
2522 741 2723 814 Κύριος
2744 743 2805 795 τὸ
2829 742 3051 814 Πνεῦμά
3079 745 3247 808 ἐστιν,
3269 746 3296 797 6
3325 748 3505 817 μηδέπω
3526 746 3626 823 χιιι)-⁸

460 820 621 890 267
681 817 976 888 Scriptura:
1031 833 1135 873 non
1199 818 1594 891 intelligentes,
1652 834 1878 890 corpore

2168 827 2240 883 ὦν
2277 830 2387 900 (52)
2440 831 2500 884 τὸ
2549 831 2845 896 ζωοποιοῦν
2890 833 3135 904 Πνεῦμα,
3187 834 3276 887 καὶ
3327 817 3630 908 πνευματικόν·

459 921 587 966 sunt
621 911 723 980 ipsi
757 909 1055 981 Scriptum
1083 909 1286 965 addicti
1313 928 1329 965 :
1359 911 1595 979 alioquin
1625 913 1891 981 quomodo
1917 928 1921 965 ι

2142 921 2229 991 τῆς
2256 922 2512 994 Γραφῆςς
2561 923 2706 995 Πλὴν
2751 922 2842 978 διὰ
2873 926 3106 989 πίστεως
3135 929 3164 978 6
3201 926 3416 991 τοιοῦτος
3438 945 3604 1000 περιττα-

457 1015 686 1071 percgre
738 1000 891 1055 abest
943 1015 972 1053 a
1033 999 1288 1064 Domino,
1349 1000 1396 1055 si
1450 999 1716 1056 Dominus
1779 999 1919 1071 Spiri

2142 1016 2228 1078 rei,
2264 1015 2489 1086 ἐκδημεῖ
2519 1014 2576 1068 δὲ
2630 1017 2696 1069 ἐκ
2718 1015 2812 1069 τοῦ
2862 1015 3130 1087 σώματος,
3160 1018 3252 1070 καὶ
3290 999 3604 1094 ἐνδημεῖίπρὸς

457 1093 630 1159 est”,
658 1092 750 1163 qui
796 1091 1034 1147 nondum
1079 1092 1307 1161 percipit
1350 1091 1607 1161 Spiritum
1656 1095 1919 1151 vivificanl

2143 1106 2216 1159 τὸν
2246 1107 2449 1179 Κύριον
2477 1108 2506 1160 6
2533 1107 2603 1161 τὰ
2634 1109 2973 1179 πνευματικὰ
3018 1112 3128 1173 τοῖς
3155 1114 3496 1181 πνευματικοῖς
3517 1091 3605 1182 συγ-

456 1193 512 1239 et
563 1200 782 1240 sensum
841 1185 1141 1254 Scriptura:
1187 1184 1572 1253 spiritualem?
1618 1187 1872 1242 Attamen

2145 1197 2348 1269 ιρίνων,
2396 1197 2489 1250 καῖ⁵
2524 1198 2801 1269 γινόμενος
2832 1217 2852 1249 ι
2872 1198 3256 1270 πνευματικὸς,
3301 1202 3327 1254 6
3354 1202 3499 1255 πάντα
3519 1205 3607 1257 ἀνι-

458 1276 644 1344 fidem,
678 1278 768 1348 qui
794 1278 1101 1348 huiusmodi
1131 1286 1234 1340 est,
1268 1279 1547 1346 ambulat;
1583 1295 1810 1350 peregre
1842 1293 1920 1335 aul

2145 1287 2346 1357 ιρίνων,
2375 1286 2534 1350 αὐτὸς
2552 1286 2607 1340 δὲ
2635 1288 3054 1359 ἀνακρινόμενος
3082 1288 3174 1342 ὑπ’
3200 1288 3411 1353 οὐδενός.
3434 1310 3450 1342 ι
3479 1292 3607 1346 Ταῦτα

458 1369 613 1424 abest
640 1370 730 1424 ille
768 1384 796 1423 a
844 1384 1099 1439 corpore,
1125 1380 1180 1425 et
1214 1385 1454 1439 praesens
1491 1381 1574 1427 est
1609 1372 1675 1428 ad
1706 1373 1920 1429 Domint

2145 1380 2181 1432 ῐὲ
2214 1380 2342 1449 ἡμῖν
2375 1380 2423 1431 εί
2460 1379 2552 1432 καὶ
2604 1377 2741 1450 μετὰ
2773 1380 3161 1451 παρεκϐάσεως
3204 1379 3302 1451 τῆς
3349 1382 3418 1445 είς
3441 1383 3493 1434 τὰ
3513 1384 3607 1435 ἀπο-

443 1462 550 1543 Ιειυὶ
601 1461 904 1531 spiritualia
961 1462 1332 1529 spiritualibus
1375 1464 1689 1529 conferens,
1737 1475 1793 1519 et
1842 1465 1905 1521 fat

2147 1469 2347 1524 πτολικὰ
2376 1470 2515 1542 ῥητὰ
2545 1471 2790 1543 εἰρῆσθαι
2820 1471 2989 1536 δοκεῖ,
3013 1473 3147 1527 ἀλλά
3189 1490 3250 1543 γε
3292 1470 3609 1544 ἀναγκαιότατα

461 1573 482 1606 ι
506 1554 826 1621 spiritualis,
886 1556 1065 1608 omnia
1109 1556 1394 1626 diiudicat,
1440 1559 1556 1628 ipse
1593 1566 1773 1613 autem
1810 1574 1839 1612 a
1872 1576 1923 1614 ιιι

2140 1557 2262 1630 πρὸς
2286 1558 2384 1631 τὴν
2415 1558 2675 1631 διαφορὰν
2700 1559 2792 1612 τοῦ
2825 1559 2980 1629 λόγου
3011 1560 3120 1614 τῶν
3149 1563 3469 1634 Σαμαρειτῶν
3491 1568 3602 1619 ἐστιν.

457 1643 786 1711 dijudicatus
808 1645 923 1702 ⁵⁸.»
977 1644 1100 1701 Haec
1143 1661 1453 1717 quanquam
1506 1664 1535 1702 a
1593 1651 1750 1704 nobis
1802 1664 1898 1719 per

2139 1648 2305 1703 ιύκέτι
2325 1650 2411 1705 διὰ
2436 1652 2535 1722 τὴν
2559 1650 2746 1705 λαλιὰν
2771 1652 3132 1707 πιστευόντων
3158 1654 3256 1725 τῆς
3281 1656 3518 1723 γυναικὸς,
3534 1660 3601 1713 ἀλλ

454 1736 792 1804 gressionem
819 1737 873 1791 in
901 1737 1202 1807 apostolica
1231 1739 1395 1793 verba
1431 1739 1572 1794 dicta
1604 1742 1883 1807 videntur,
1913 1759 1916 1793 ι

2145 1741 2457 1810 ικηκοότων,
2491 1743 2584 1796 καὶ
2630 1743 2866 1811 εἰδότων,
2895 1745 2977 1799 ὃτι
3025 1748 3053 1799 6
3081 1745 3315 1810 τοιοῦτός
3343 1749 3511 1801 ἐστινὸ
3533 1750 3607 1802 ἓν·

451 1829 598 1882 xime
626 1836 804 1883 tamen
831 1829 1140 1884 necessaria
1170 1839 1297 1884 sunt
1328 1833 1396 1884 ad
1426 1829 1784 1886 differentiam
1816 1847 1913 1888 ser:

2152 1831 2223 1902 ὴρ
2252 1831 2343 1885 τοῦ
2372 1831 2597 1904 κόσμου.
2631 1833 2797 1888 Οὐδὲν
2823 1835 3069 1905 μέντοιγε
3099 1836 3394 1907 θαυμαστὸν
3415 1838 3505 1909 (35)
3526 1843 3612 1911 περί

453 1921 541 1975 nis
569 1920 1059 1985 Samaritanorum,
1092 1936 1199 1977 non
1235 1922 1468 1993 amplius
1497 1934 1720 1993 propter
1752 1925 1915 1994 loque‘

2146 1938 2278 1974 λινων
2302 1921 2400 1992 μὲν
2418 1921 2506 1975 διὰ
2535 1922 2769 1987 πίστεως
2798 1928 3135 1995 περιπατεῖν,
3159 1927 3256 1980 καὶ
3282 1926 3353 1999 μὴ
3370 1927 3446 1980 διὰ
3461 1928 3608 1991 εἴδους·

450 2012 697 2067 mulieris
744 2013 1112 2078 credentium,
1153 2015 1246 2069 sed
1288 2015 1414 2084 quia
1462 2015 1716 2070 viderunt
1748 2026 1803 2070 et
1833 2032 1912 2070 aut

2152 2012 2250 2084 rapi.
2276 2012 2476 2084 ἐτέρων
2526 2013 2584 2066 δὲ
2614 2012 2703 2067 διὰ
2734 2014 2907 2077 εἴδους
2935 2014 3028 2068 τοῦ
3064 2015 3307 2083 μείζονος
3338 2016 3466 2086 παρὰ
3486 2018 3534 2070 τὸ
3555 2018 3614 2072 διὰ

451 2112 578 2156 runt
604 2101 749 2157 hunc
779 2117 901 2157 esse
927 2102 1267 2158 Servatorem
1292 2104 1496 2158 mundi.
1530 2103 1644 2160 Nec
1673 2106 1867 2159 mirum
1892 2119 1913 2159 ε

2151 2104 2355 2168 πίστεως
2379 2109 2718 2177 περιπατεῖν.
2759 2108 3064 2180 ’Πρακλέων
3084 2109 3140 2163 δὲ
3160 2109 3496 2182 ἁπλούστερον
3510 2109 3613 2163 Exis-

451 2194 611 2248 debet
644 2208 765 2248 esse
796 2195 1061 2262 quosdam
1094 2196 1311 2264 quidem
1366 2210 1462 2264 per
1516 2196 1675 2250 fidem
1713 2198 1913 2253 ambul:

2150 2195 2230 2252 ἰὼν
2262 2197 2322 2251 τό
2345 2214 2358 2229 ⁸
2399 2217 2419 2249 ‹
2442 2199 2638 2253 Οὐκέτι
2673 2199 2761 2256 διὰ
2791 2201 2889 2272 τὴν
2930 2201 3027 2272 σὴν
3071 2201 3263 2257 λαλιὰν
3292 2201 3612 2272 πιστεύομεν,ι

449 2301 558 2341 non
610 2303 705 2356 per
748 2287 1020 2356 speciem;
1064 2290 1322 2358 quosdam
1371 2305 1502 2344 vero
1544 2304 1644 2360 per
1675 2291 1907 2360 speciem

2150 2289 2254 2360 mal.
2300 2289 2506 2353 λείπειν
2558 2291 2640 2357 τὸ,
2682 2292 2897 2361 μόνην.
2953 2294 3075 2349 Ἔτι
3132 2294 3234 2367 μὲν
3277 2293 3380 2367 γὰρ
3422 2294 3530 2366 πρὸς
3549 2294 3612 2346 τό·

448 2379 595 2446 quod
628 2379 804 2448 majus
845 2387 928 2434 est
977 2393 1137 2448 quam
1185 2380 1464 2435 ambulare
1511 2395 1605 2447 per
1633 2381 1811 2437 fidem.
1845 2380 1910 2436 Pc

2181 2382 2346 2435 Αὐτοὶ
2365 2381 2473 2454 γὰρ
2500 2383 2832 2455 ἀκηκόαμεν,
2868 2385 2962 2439 καὶ
2988 2386 3227 2456 οἴδαμεν,
3258 2386 3338 2440 ὅτι
3359 2380 3489 2449 οὗτός
3514 2386 3617 2437 ἐστιν

446 2467 750 2526 Heracleon
778 2472 1079 2542 simplicius
1101 2487 1224 2528 cum
1254 2474 1603 2543 exposuisset
1624 2475 1726 2529 hoc
1761 2474 1907 2529 dictu

2176 2474 2362 2547 Σωτὴρ
2387 2474 2480 2527 τοῦ
2509 2475 2735 2545 κόσμου,
2764 2496 2782 2526 ι
2820 2476 3015 2545 φησίν⁸
3058 2496 3078 2529 ι
3102 2479 3166 2531 Οἱ
3195 2477 3307 2551 γὰρ
3332 2475 3617 2547 ἄνθρωποιώ

454 2562 600 2617 «Non
629 2564 862 2634 amplius
883 2573 1106 2635 pr0pter
1131 2564 1402 2636 loquelam
1438 2576 1581 2621 tuam
1606 2567 1880 2622 credimus
1901 2568 1916 2599 '

2157 2567 2221 2621 ἐν
2271 2565 2483 2638 πρῶτον
2517 2565 2621 2619 ὑπὸ
2648 2566 2948 2638 ἀνθρώπων
2991 2568 3340 2640 ὁδηγούμενοι
3377 2568 3619 2623 πιστεύοντι

448 2653 642 2712 abesse
667 2656 845 2726 inquit
873 2656 1423 2724 vocabulum,aolam.
1454 2657 1723 2714 Praeterea
1755 2658 1809 2714 in
1846 2659 1910 2713 illi

2157 2657 2193 2729 ᾧ
2216 2658 2429 2729 Σωτῆρι
2448 2675 2461 2688 ’
2489 2656 2626 2711 ἐπὰν
2657 2658 2714 2712 δέ
2737 2658 3003 2731 ἐντύχωσι
3027 2662 3137 2724 τοῖς
3171 2659 3349 2730 λόγοις
3382 2658 3537 2723 αὐτοῦ,
3559 2653 3619 2712 οὗ·

451 2768 473 2802 ι
501 2749 609 2821 Ipsi
648 2751 792 2805 enim
832 2750 1162 2816 audivimus,
1190 2759 1244 2804 et
1282 2750 1516 2807 vidimus
1563 2752 1707 2808 hunc
1735 2767 1857 2808 esse
1882 2750 1913 2808 ε

2160 2768 2196 2804 ιι
2243 2749 2425 2804 οὐκέτι
2474 2749 2565 2803 διὰ
2595 2750 2761 2821 μόνην
2788 2750 3129 2823 ἀνθρωπίνην
3176 2750 3488 2824 μαρτυρίαν,
3527 2747 3622 2803 ἀλλὰ

443 2852 688 2898 vatorem
707 2844 953 2913 mundi,»
976 2844 1150 2915 inquit
1182 2862 1198 2901 :
1230 2863 1249 2897 ι
1282 2844 1539 2900 Homines
1577 2846 1721 2901 enim
1751 2847 1819 2900 ab
1837 2847 1905 2901 ho

1577 2846 1721 2901 enim
1751 2847 1819 2900 ab
1837 2846 2012 2901 homi-
2117 2842 2203 2897 διὰ
2235 2842 2333 2913 τὴν
2356 2840 2610 2913 ἀλήθειαν
2638 2841 2969 2896 πιστεύουσι.
3001 2861 3020 2895 ι

443 2936 604 2991 nibus
625 2936 856 3006 primum
884 2936 1132 2991 instructi
1162 2934 1439 2991 Servatori
1469 2936 1730 3002 credunt;
1766 2945 1822 2990 at
1849 2935 2008 2991 simul
2037 2945 2199 3005 atque
2226 2932 2282 2987 in
2316 2945 2596 2986 sermones
2641 2930 2757 2999 ejus
2794 2931 3107 2994 inciderint,
3147 2945 3260 2985 non
3292 2929 3503 3001 amplius
3528 2941 3617 3000 pro-

442 3036 565 3098 pter
599 3027 772 3082 solum
813 3027 1106 3082 humanum
1138 3027 1527 3094 testimonium,
1553 3028 1647 3083 sed
1679 3038 1898 3098 propter
1922 3027 2093 3096 ipsam
2118 3025 2405 3079 veritatem
2429 3023 2676 3077 credunt.
2709 3040 2728 3074 ι

518 3121 608 3177 55.
642 3137 660 3170 ι
686 3119 812 3174 Post
846 3119 982 3174 duos
1010 3133 1140 3173 vero
1165 3118 1281 3174 dies
1303 3120 1437 3175 exiit
1466 3119 1592 3174 inde
1630 3121 1684 3174 in
1712 3119 1980 3175 Galilaeam

2185 3115 2271 3170 53.
2307 3133 2326 3166 ι
2347 3112 2501 3168 Μετὰ
2550 3114 2606 3167 δὲ
2633 3113 2731 3176 τὰς
2755 3112 2848 3166 δύο
2886 3112 3097 3184 ἡμέρας
3120 3110 3344 3185 ἐξῆλθεν
3366 3110 3544 3165 ἐκεῖθεν
3566 3108 3618 3171 tl;

445 3211 565 3282 ipse
605 3210 750 3266 enim
785 3209 944 3265 Jesus
991 3218 1221 3265 testatus
1252 3218 1338 3266 est
1364 3212 1681 3281 prophetam
1706 3210 1761 3265 in
1793 3225 1907 3280 pro.

2157 3211 2207 3279 qv
2234 3205 2553 3260 Γαλιλαίανο
2589 3205 2749 3269 αὐτὸς
2788 3205 2895 3277 γὰρ
2934 3203 3139 3276 Ἰησοῦς
3169 3203 3542 3276 ἐμαρτύρησεν,
3566 3203 3619 3253 ὅτι

444 3304 619 3374 patria
676 3305 938 3359 honorem
1015 3319 1117 3358 non
1167 3302 1366 3359 habere
1388 3304 1502 3360 ⁸³.)
1547 3301 1716 3357 Valde
1768 3304 1906 3357 incor

2158 3302 2393 3373 ροφήτης
2423 3300 2482 3353 ὲν
2509 3286 2716 3371 τῇδίδίᾳ
2739 3297 2957 3372 πατρίδι
2987 3296 3151 3368 τιμὴν
3180 3298 3287 3350 οὒκ
3321 3295 3447 3368 ἔχει.
3472 3315 3489 3347 ι
3515 3294 3619 3348 Πάν)

445 3399 620 3465 quens
665 3395 873 3449 videtur
915 3394 1112 3449 oratio.
1142 3394 1281 3461 Quid
1319 3395 1467 3449 enim
1525 3409 1813 3450 commune
1849 3394 1907 3449 ha

2161 3391 2469 3455 ρακόλουθος
2496 3392 2530 3463 ἡ
2554 3387 2692 3454 λέξις
2719 3389 2987 3460 φαίνεται.
3039 3389 3104 3441 Τί
3127 3388 3241 3459 γὰρ
3268 3388 3439 3442 κοινὸν
3464 3382 3623 3457 πρδςςδ

450 3488 556 3543 hoc
581 3487 783 3542 dictum
820 3504 835 3540 :
878 3505 897 3539 ι
925 3485 1045 3555 Ipse
1083 3488 1228 3543 enim
1268 3485 1426 3542 Jesus
1480 3493 1708 3564 testatus
1761 3494 1842 3542 est
1886 3502 1912 3557 p

2161 3484 2484 3554 ξεληλυθέναι
2517 3483 2679 3538 αὐτὸν
2701 3481 2838 3554 μετὰ
2861 3481 2953 3534 δύο
2981 3481 3192 3553 ἡμέρας
3228 3481 3338 3535 ἀπὸ
3366 3480 3466 3533 τῶν
3489 3479 3623 3547 Σαμι-

447 3581 665 3653 phetam
710 3579 763 3634 in
806 3580 1026 3648 propria
1074 3579 1253 3649 patria
1291 3580 1555 3636 honorem
1600 3594 1708 3634 non
1738 3580 1909 3635 haben

2161 3575 2322 3639 ειτῶν,
2351 3575 2479 3645 παρ’
2512 3568 2592 3638 οἷς
2619 3572 2818 3645 ἔμεινε,
2850 3572 2945 3627 καὶ
2962 3574 3043 3636 είς
3069 3572 3168 3642 τὴν
3189 3572 3472 3627 Γαλιλαίαν
3501 3570 3623 3639 ἀπέρ-

447 3674 517 3727 ad
540 3672 693 3737 illud,
722 3673 865 3742 quod
894 3672 1096 3727 exierit
1122 3673 1237 3741 ipse
1262 3682 1388 3742 post
1424 3673 1556 3728 duos
1585 3673 1702 3727 dies
1747 3687 1779 3727 a
1817 3671 1909 3727 Sat

2160 3666 2318 3732 εσθαι,
2368 3665 2460 3719 τόδ
2517 3685 2537 3719 ι
2563 3666 2733 3729 Αὐτὸς
2760 3664 2869 3737 γὰρ
2918 3663 3124 3737 Ἰησοῦς
3164 3664 3545 3738 ἐμαρτύρησεν,
3566 3660 3622 3713 6:1

444 3765 663 3828 ritanis,
692 3765 832 3835 apud
878 3779 1016 3834 quos
1062 3771 1362 3828 manserat,
1396 3772 1450 3819 et
1477 3764 1531 3817 in
1562 3762 1835 3819 Galilaeam
1860 3761 1906 3816 al

2161 3762 2391 3831 ροφήτης
2436 3758 2494 3810 ἐν
2543 3759 2608 3828 τῇ
2662 3756 2766 3829 ἰδίᾳ
2813 3755 3033 3828 πατρίδι
3058 3757 3223 3828 τιμὴν
3254 3757 3354 3810 οὐκ
3375 3756 3509 3826 ἐχει;
3539 3772 3554 3804 ι
3580 3750 3623 3802 εἰ

442 3857 555 3912 rit?
586 3855 723 3911 Nam
756 3857 802 3911 si
828 3857 1002 3926 patria
1041 3855 1209 3924 ipsius
1258 3855 1453 3911 fuisset
1493 3854 1764 3921 Samaria,
1790 3853 1904 3909 illicl

2160 3852 2208 3904 ἐν
2235 3851 2345 3923 γὰρ
2373 3846 2441 3921 ἦν
2467 3850 2662 3921 πατρὶς
2688 3848 2850 3901 αὐτοῦ
2884 3851 2917 3920 ἡ
2952 3848 3256 3921 Σαμάρεια,
3292 3849 3384 3904 καὶ
3412 3848 3622 3919 irritum

444 3956 790 4017 contemptus
820 3947 1036 4011 fuisset,
1068 3948 1207 4001 adeo
1231 3957 1290 4001 ut
1314 3948 1456 4001 hanc
1479 3949 1546 4002 ob
1575 3962 1792 4002 causam
1823 3962 1906 4017 egi

2160 3944 2242 4007 ιεῖ,
2291 3942 2366 4005 ὡς
2424 3940 2510 3994 διὰ
2561 3940 2717 3994 τοῦτο
2762 3939 3154 4012 ἐξεληλυθέναι,
3207 3941 3289 4013 μὴ
3326 3940 3622 4011 διατρίψαντα

445 4055 538 4094 sus
588 4041 678 4106 sit,
716 4055 824 4093 non
879 4049 1249 4094 commoratus
1290 4039 1431 4094 ultra
1475 4041 1610 4093 duos
1646 4039 1784 4102 dies,
1810 4054 1907 4094 con

2159 4037 2286 4087 λεῖον
2312 4033 2534 4105 ἡμερῶν
2564 4031 2675 4094 δύο,
2709 4030 3014 4097 ἀκολούθως
3040 4031 3105 4087 ἂν
3134 4031 3324 4105 εἴρητο
3348 4033 3431 4086 τό·
3464 4029 3621 4090 «Αὐτὸς

444 4141 675 4201 quenter
700 4131 906 4185 dictum
940 4130 1132 4185 fuisset
1162 4147 1174 4182 :
1210 4150 1227 4182 ι
1257 4130 1376 4199 Ipse
1416 4130 1557 4185 enim
1587 4129 1747 4185 Jesus
1778 4138 1906 4185 testa

2162 4136 2212 4194 ιρ
2255 4123 2460 4194 Ἰησοῦς
2509 4122 2907 4195 ἐμαρτύρησεν,
2954 4124 3038 4177 ὅτι
3081 4127 3375 4197 προφήτης
3395 4127 3522 4194 ἐντῇ
3551 4121 3624 4189 ἰδίᾳ

444 4231 529 4276 est
560 4222 880 4290 prophetam
915 4220 970 4275 in
1006 4222 1218 4290 propria
1259 4221 1432 4288 patria
1480 4221 1739 4276 honorem
1770 4234 1875 4274 non

2157 4215 2324 4288 ιιτρίδι
2371 4214 2539 4285 τιμὴν
2568 4215 2667 4268 οὐκ
2711 4214 2840 4285 ἔχει.
2872 4234 2891 4266 ι
2942 4214 3101 4270 Ἀλλὰ
3132 4217 3228 4269 καὶ
3256 4218 3307 4270 εί
3337 4217 3619 4288 ἐγέγραπτο·

444 4315 596 4373 here.
640 4334 660 4367 ι
707 4312 1013 4380 Quinetiam
1044 4314 1088 4368 si
1122 4313 1379 4383 scriptum
1409 4313 1601 4368 fuisset
1628 4329 1641 4365 :
1673 4330 1693 4365 ι
1721 4312 1900 4369 Postd

2161 4307 2308 4364 Μετὰ
2358 4307 2416 4360 δὲ
2462 4308 2560 4371 τὰς
2590 4307 2683 4361 δύο
2732 4307 2940 4379 ἡμέρας
2989 4307 3211 4378 ἐξῆλθεν
3257 4310 3342 4373 εἰς
3388 4309 3478 4380 τὴν
3506 4306 3623 4360 Γαλι-

445 4415 623 4461 autem
654 4406 770 4460 dies
798 4406 933 4460 exiit
964 4406 1016 4459 in
1056 4404 1354 4471 Galilaeam,
1379 4424 1399 4456 ι
1439 4407 1532 4460 sed
1570 4420 1677 4460 non
1726 4403 1907 4475 profec

2162 4403 2280 4465 :iav,
2304 4421 2325 4453 ›
2357 4400 2470 4455 ἀλλ’
2497 4403 2595 4455 οὐκ
2620 4401 2833 4470 ἐγένετο
2863 4403 2920 4455 ἐν
2943 4404 3008 4473 τῇ
3042 4401 3146 4474 ἰδίᾳ
3171 4402 3390 4476 πατρίδι
3407 4418 3421 4432 ’
3452 4420 3468 4453 ι
3500 4395 3624 4458 Δὺτδς

442 4508 526 4552 est
551 4498 618 4552 ad
648 4513 801 4553 suam
847 4499 1118 4567 patriam;
1155 4515 1175 4548 ι
1208 4498 1323 4565 ipse
1380 4496 1525 4551 enim
1572 4496 1727 4551 Jesus
1777 4505 1904 4550 testa

2163 4513 2212 4566 ιρ
2267 4493 2472 4566 Ἰησοῦς
2514 4493 2913 4566 ἐμαρτύρησεν,
2957 4495 3039 4548 ὅτι
3067 4495 3355 4567 προφήτης
3387 4495 3443 4546 ἐν
3471 4493 3526 4561 τῇ
3552 4488 3625 4554 ἰδίᾳ

442 4598 524 4644 est
551 4590 869 4659 prophetam
912 4589 965 4643 in
1005 4590 1220 4658 propria
1254 4589 1428 4657 patria
1470 4589 1731 4643 honorem
1763 4602 1872 4642 non

2161 4586 2324 4658 ιτρίδι
2356 4585 2519 4658 τιμὴν
2549 4586 2649 4640 οὐκ
2675 4586 2805 4656 ἔχει,
2831 4605 2850 4638 ι
2899 4586 2994 4640 καὶ
3032 4585 3203 4649 οὕτως
3223 4584 3410 4657 χώραν
3433 4582 3489 4636 τὸ
3511 4578 3623 4648 λεγό-

441 4678 592 4745 bere,
617 4695 637 4729 ι
669 4678 833 4734 etiam
863 4677 968 4734 hoc
997 4679 1157 4733 modo
1183 4676 1361 4732 locum
1401 4675 1707 4731 habiturum
1736 4677 1903 4732 fuerat

2163 4696 2268 4732 ενον
2297 4674 2439 4749 εἶχεν
2469 4678 2533 4732 ἄν
2553 4695 2566 4708 ο
2604 4678 2695 4732 καὶ
2727 4678 2865 4748 τάχα
2887 4676 2948 4730 τὸ
2976 4677 3074 4747 μὲν
3108 4675 3360 4747 βούλημα
3380 4675 3470 4729 τοῦ
3501 4668 3625 4745 ρητοό

443 4769 587 4837 quod
621 4768 847 4835 dicitur;
887 4779 942 4824 et
974 4768 1226 4824 fortassis
1270 4768 1522 4823 voluntas
1564 4776 1852 4823 contextus
1879 4778 1905 4822 ιε

2162 4770 2247 4824 ιῦτ’
2290 4766 2461 4823 ἔστιν·
2497 4770 2572 4833 ὼς
2603 4769 2813 4839 ἰδιώτης
2836 4768 2892 4821 δὲ
2916 4767 2993 4838 τῷ
3021 4767 3161 4839 λόγῳ
3202 4768 3232 4819 6
3272 4766 3516 4833 Ἰωάννης
3535 4762 3624 4813 δυσι

438 4868 523 4916 est
555 4877 570 4914 :
599 4863 695 4915 sed
724 4859 983 4926 Joannes,
1006 4874 1105 4914 ceu
1130 4874 1383 4914 sermone
1409 4859 1576 4921 rudis,
1605 4858 1837 4914 obscure
1864 4874 1900 4913 St

2162 4861 2463 4934 ιραστάτως
2494 4860 2727 4931 ἔφρασεν
2771 4859 2800 4911 ὃ
2847 4859 3120 4929 νενόηκεν.
3156 4859 3250 4922 Εἰς
3294 4858 3407 4927 γὰρ
3435 4857 3540 4909 τίνα
3562 4850 3624 4903 τό·

439 4950 548 5020 psit
573 4951 715 5019 quod
750 4961 930 5004 mente
958 4957 1298 5020 conceperat.
1327 4949 1492 5021 268
1520 4948 1728 5004 Etenim
1752 4949 1807 5003 in
1839 4966 1901 5020 qu

2163 4971 2204 5006 ιν
2232 4953 2329 5023 τῆς
2358 4951 2644 5013 Γαλιλαίας
2677 4949 2923 5016 ἐδέξαντο
2949 4951 3129 5014 αὐτὸν,
3167 4950 3471 5022 ἑωρακότες
3491 4945 3625 4999 πάντα

441 5040 675 5099 Galilaeze
706 5041 883 5098 locum
929 5045 1233 5113 receperint
1281 5058 1424 5105 eum,
1460 5044 1552 5112 qui
1603 5044 1851 5099 viderant
1882 5059 1903 5099 ε

2167 5062 2202 5098 α
2228 5043 2479 5115 ἐποίησεν
2509 5043 2565 5094 ἐν
2605 5040 2991 5110 Ἰεροσολύμοις
3018 5043 3075 5094 ἐν
3098 5044 3163 5112 τῇ
3185 5042 3373 5112 ἑορτῇ,
3403 5041 3496 5093 οὐκ
3514 5035 3627 5106 εἴρη-

438 5136 548 5200 nia,
593 5147 928 5203 quaecunque
962 5133 1319 5207 Jerosolymis
1365 5135 1580 5190 fecisset
1627 5136 1679 5189 in
1717 5136 1805 5190 die
1837 5135 1900 5189 fe:

2164 5155 2213 5200 lt,
2254 5135 2388 5189 ἀλλὰ
2418 5135 2510 5188 καὶ
2541 5132 2679 5204 μετὰ
2705 5132 2881 5199 τοῦτο,
2925 5134 3007 5186 ὅτι
3057 5129 3218 5204 ἦλθεν
3258 5134 3344 5197 είς
3384 5133 3478 5202 τὴν
3507 5124 3626 5182 Κανᾶ

435 5242 544 5281 ιιοη
591 5235 674 5281 est
720 5225 924 5279 dictum
980 5228 1048 5281 ab
1088 5228 1436 5299 evangelista,
1485 5228 1573 5297 qui
1627 5228 1897 5299 scripsitl

2165 5247 2200 5298 ις
2229 5226 2534 5290 Γαλιλαίας,
2577 5224 2871 5297 ἀνέγραψε.
2905 5224 3208 5280 Κατακούει
3233 5224 3295 5277 δὲ
3337 5221 3520 5277 ἐαυτοῦ
3547 5217 3627 5290 (55)

504 5320 550 5351 ⁶⁰
578 5318 620 5372 ιι
647 5320 775 5372 Cor.
802 5333 883 5381 ιιι,
912 5319 998 5372 17.
1073 5318 1117 5350 ⁵¹
1148 5320 1315 5376 lCor.
1356 5336 1416 5385 ιι,
1451 5320 1538 5376 15.
1640 5321 1684 5353 ⁵²
1708 5320 1864 5376 Joan.
1907 5339 1959 5377 tv

1073 5318 1117 5350 ⁵¹
1148 5320 1315 5376 lCor.
1356 5336 1416 5385 ιι,
1451 5320 1538 5376 15.
1640 5321 1684 5353 ⁵²
1708 5320 1864 5376 Joan.
1907 5339 1981 5389 tv,
2011 5322 2099 5376 42.
2173 5322 2218 5353 ⁸³
2243 5322 2372 5375 ibid.
2404 5318 2491 5373 44.

506 5415 619 5488 (51)
653 5415 814 5488 Ὅλοι
855 5416 1289 5488 προσκείμενοι.
1326 5416 1419 5473 Sic
1444 5417 1609 5472 codex
1641 5418 1961 5474 Bodleianus

2174 5415 2287 5488 (35)
2323 5415 2434 5470 Τοῦ
2462 5416 2714 5488 κόσμου.
2754 5415 2954 5488 οὐδὲν
2988 5415 3270 5488 Matre
3292 5411 3627 5483 θαυμωντένι

433 5484 638 5556 Regius
663 5486 1157 5556 όλοπροσκείμενοι.
1255 5555 1261 5556 γ

2164 5484 2210 5540 ὁ.
2250 5484 2328 5540 Ita
2365 5488 2508 5539 hunc
2541 5487 2715 5539 locum
2753 5487 2808 5540 in
2837 5484 3022 5556 codice
3040 5484 3223 5556 _Regio
3255 5485 3524 5547 luxatum,
3562 5496 3626 5532 sa-

509 5553 617 5628 (52)
646 5553 918 5628 ΑΜηδέπςω
964 5553 1188 5628 χωρῶν,
1247 5555 1326 5628 ita
1352 5558 1529 5628 codd.
1570 5557 1898 5628 Bodleianus
1942 5566 1999 5612 et
2101 5558 2275 5628 uitali
2301 5555 2637 5628 restituimus
2662 5571 2763 5628 ape
2799 5555 3010 5628 codicis
3036 5553 3339 5628 Bodleiani.
3590 5617 3599 5628 ’

436 5622 826 5698 [lui-hermus;
857 5622 1077 5698 Regius,
1127 5627 1200 5698 μὴ
1238 5627 1448 5679 δυνάτω
1492 5627 1703 5698 χωρῶν,
1763 5642 1898 5696 ιιι-οι

2174 5625 2285 5698 (⁸54)
2319 5625 2646 5680 Κατακούει
2692 5622 2759 5679 δὲ
2799 5622 3035 5698 ἑαυτοῦ.
3065 5624 3404 5698 *δίο-οτηιιεε
3430 5636 3549 5676 mss.
3571 5622 3626 5698 in

438 5686 660 5748 ﬂuetius
689 5686 856 5752 edidit
1004 5686 1223 5760 δυνατὸς
1256 5699 1473 5767 χωρεῖν.
1493 5686 1523 5697 ”
1575 5686 1586 5698 ’
1691 5686 1700 5693 ⁷
1763 5686 1777 5696 ’

2158 5686 2279 5767 itu,
2303 5705 2359 5752 at
2395 5712 2519 5751 cum
2551 5698 2619 5753 ad
2643 5711 2794 5752 oratu
2828 5697 3036 5753 codicis
3064 5692 3346 5751 Bodleiaui
3378 5709 3448 5752 ex
3480 5690 3620 5761 conie-
