3702 6142
1099 283 1454 345 COMMENT.
1492 278 1558 332 IN
1592 272 1780 331 JOAN.
1818 267 2054 326 TOMUS
2088 264 2223 320 XIII.
2484 248 2489 255 ’
3176 240 3279 296 502

1723 394 1826 449 hoc
1872 391 2054 444 .lesum
2103 383 2402 457 profectum
2443 375 2611 432 fuisse
2671 371 2870 428 Canam
2912 362 3163 421 Galilteze.
3215 362 3282 412 At

1720 498 1840 539 sese
1890 479 2149 550 intelligit
2198 470 2549 544 evangelista,
2577 479 2676 519 nec
2712 461 2928 516 dubitat
2967 457 3034 511 de
3060 468 3118 508 re
3153 465 3281 522 pro-

1721 578 1924 648 posita.
1958 573 2092 628 Cum
2125 583 2259 640 ergo
2287 575 2447 621 antea
2480 558 2707 615 dixisset
2741 564 2977 624 quonam
3009 554 3164 616 pacto
3192 556 3280 597 re-

1720 635 1881 732 liquit
1910 663 2173 727 Iudaeam,
2194 635 2749 728 'proliciscereturque
2783 645 2837 698 in
2865 640 3136 698 Galila‘am
3174 635 3281 690 Do-

1720 758 1920 821 minus,
1954 766 2187 823 cumque
2225 753 2497 803 narrasset
2533 754 2654 813 qua:
2698 739 2955 791 dicuntur
2984 744 3149 802 prope
3200 728 3280 781 loo

1721 864 1844 902 cum
1877 819 2036 916 quem
2068 819 2395 896 detlitJacob
2422 834 2657 895 Josepho
2688 829 2828 888 apud
2862 826 3062 879 fontem
3090 819 3278 884 πυροὶ),

1721 915 1974 1009 quoniam
2007 935 2288 1005 oportebat
2320 945 2441 985 eum
2477 926 2709 981 transire
2746 936 2842 991 per
2869 915 3198 976 Samariam,
3227 920 3284 966 et

1720 1005 1989 1101 quomodo
2035 1025 2325 1083 mansisset
2359 1020 2501 1092 apud
2554 1016 2924 1074 Samaritanos
2965 1010 3099 1064 duos
3142 1005 3279 1066 dies.

1722 1124 1963 1193 assignat
2013 1132 2287 1181 accessum
2325 1113 2469 1169 illius
2507 1112 2560 1167 in
2605 1107 2876 1166 Galilaeam
2907 1145 2922 1171 ,
2972 1111 3284 1173 quanquam

1724 1190 1939 1271 interim
1978 1227 2084 1267 non
2129 1224 2295 1281 pauca
2337 1206 2568 1262 fuissent
2598 1202 2763 1257 dicta.
2796 1196 2991 1251 Verum
3027 1190 3283 1262 quoniam

1722 1308 1775 1363 in
1815 1303 2190 1377 superioribus
2228 1298 2466 1355 Juda'am
2519 1291 2867 1363 praediximus
2919 1295 3101 1341 notam
3163 1296 3283 1335 esse

102 315 179 371 50l

97 436 120 487 ὁ
154 423 523 499 εὐαγγελιστὴς,
568 421 665 476 καὶ
708 420 809 474 οὐκ
854 417 1049 488 ἀπορεῖ
1090 411 1184 467 τοῦ
1236 403 1612 479 προκειμένου.
1645 399 1692 457 Α

99 494 339 594 Προειπῶν
386 513 513 584 γοῦν
565 513 688 565 τίνα
736 509 936 580 τρόπον
969 505 1161 574 ἀφίησι
1195 500 1291 571 τὴν
1334 494 1612 555 Ἰουδαίαν,

99 588 172 669 καὶ
198 614 390 666 ἄπεισιν
420 609 497 670 είς
524 604 620 676 τὴν
651 599 936 656 Γαλιλαίαν
967 598 995 651 ὁ
1035 595 1255 666 Κύριος,
1289 588 1618 661 διηγησάμε-

100 708 262 770 μόςτε,
292 700 406 755 ἐπεὶ
450 699 553 752 ἔδει
593 696 756 752 αὐτὸν
804 688 1113 763 διέρχεσθαι
1164 686 1252 739 διὰ
1298 685 1395 754 τῆς
1438 683 1620 751 Σαμα-

99 799 237 869 ρείας,
283 792 344 847 τά
388 790 652 860 λεγόμενα
698 784 922 857 πλησίον
966 781 1060 836 τοῦ
1107 778 1304 851 χωρίου
1353 775 1382 828 ὃ
1423 774 1618 827 ἔδωκεν

106 866 362 955 iussae
400 881 596 953 Ἰωσὴφ
630 878 782 951 παρὰ
828 879 895 949 τῇ
924 877 1071 947 πηγῇ
1117 870 1213 927 τοῦ
1259 867 1473 932 Ἰακὼϐ,
1525 866 1620 919 καὶ

97 979 190 1040 πῶς
237 975 401 1046 ἔμεινε
458 971 552 1037 δύο
602 969 810 1041 ἡμέρας
872 964 1024 1037 παρὰ
1073 965 1184 1027 τοῖς
1230 958 1617 1031 Σαμαρείταις,

95 1067 339 1125 ἀποδίδωσι
379 1064 474 1136 τὴν
516 1065 595 1126 είς
632 1059 919 1115 Γαλιλαίαν
961 1054 1142 1126 ἄφιξιν
1185 1051 1372 1117 αὑτοῦ,
1418 1049 1622 1104 καίτοι-

94 1181 143 1231 γε
169 1163 254 1215 οὐκ
288 1158 475 1227 ὀλίγων
519 1152 720 1227 μεταξὺ
765 1150 1084 1224 εἰρημένων.
1137 1146 1288 1200 Ἐπεὶ
1332 1143 1389 1197 δὲ
1422 1144 1479 1195 ὲν
1508 1143 1621 1204 τοῖς

94 1252 309 1322 ἀνωτέρω
356 1249 683 1320 προείπομεν
716 1243 978 1315 βελτίονός
1006 1257 1149 1303 τινος
1183 1238 1244 1292 σύ
1255 1237 1449 1309 μϐολον
1482 1231 1620 1287 εἶναι

94 1344 171 1414 τήν
209 1340 445 1394 Ἰουδαίαν
478 1340 590 1394 ἄνω
636 1355 738 1391 που
781 1335 1061 1406 κειμένην,
1113 1332 1393 1394 ἐλάττονος
1439 1327 1495 1381 δὲ
1522 1328 1622 1399 τὴν

93 1433 359 1497 Γαλιλαίαν,
387 1432 482 1485 καὶ
512 1430 653 1485 κατὰ
685 1429 841 1484 τοῦτο
866 1428 975 1500 (ὗό)
1016 1423 1322 1495 ἐπισκοπῆς
1353 1421 1622 1492 δεομένων

94 1525 289 1581 καὶτῶν
335 1524 628 1578 ἐλαττόνων
666 1525 695 1577 ὁ
743 1522 1120 1593 φιλάνθρωπος
1169 1517 1301 1581 Θεὸς
1342 1515 1403 1569 οὐ
1451 1530 1622 1568 κατα-

94 1620 277 1692 φρονεῖ·
318 1616 403 1672 διά
429 1616 589 1670 τοῦτο
632 1616 726 1670 καὶ
771 1615 899 1677 τοὺς
923 1611 1263 1683 Σαμαρείτας
1296 1607 1405 1679 (56)
1440 1607 1624 1677 τάχιον

94 1708 387 1775 καταλιπὼν,
424 1709 563 1779 ὑπὲρ
586 1706 680 1761 τοῦ
708 1709 821 1770 τοῖς
847 1703 1139 1777 προθύμως
1171 1700 1333 1756 αὐτὸν
1364 1697 1626 1762 ἀποδεξα-

95 1803 245 1873 μένοις
266 1800 562 1864 Γαλιλαίοις
593 1801 898 1869 ἐπιστῆναι,
930 1798 1025 1851 καὶ⁸
1067 1795 1158 1849 τὸν
1201 1791 1296 1847 τοῦ
1348 1790 1623 1864 βασιλικοῦ

94 1893 187 1946 υἱὸν
239 1890 503 1945 ἰάσασθαι.
542 1890 726 1943 Ταῦτα
767 1889 825 1943 δὲ
853 1890 912 1942 ὲν
956 1890 1025 1961 τῇ
1071 1885 1329 1956 Γαλιλαίᾳ
1373 1885 1622 1955 ποιήσας,

93 1985 322 2055 ἐνστάσης
341 1983 438 2054 τῆς
468 1983 578 2036 τῶν
619 1981 884 2035 Ἰουδαίων
914 1980 1104 2051 ἑορτῆς
1130 1977 1407 2033 ἀναϐαίνει
1429 1978 1508 2041 είς
1541 1977 1629 2030 Ἰε-

93 2076 350 2148 ροσόλυμα,
395 2075 495 2148 τὴν
542 2074 733 2146 ἑορτὴν
763 2074 1046 2146 κρείττονα
1081 2073 1175 2127 καὶ
1212 2069 1528 2142 ίλαροτέραν
1560 2070 1625 2140 τῇ

91 2167 256 2223 ἑαυτοῦ
284 2166 447 2221 ποιῶν
476 2165 760 2238 ἐπιδημίᾳ.

151 2350 233 2406 54.
258 2348 479 2420 Ἰδωμεν
524 2349 581 2403 δὲ
613 2349 666 2401 τί
714 2349 829 2401 ἐστι
859 2347 953 2400 καὶ
979 2345 1040 2399 τό
1060 2361 1074 2375 ·
1116 2364 1134 2395 ι
1158 2343 1327 2408 Αὐτὸς
1373 2344 1480 2415 γὰρ
1524 2344 1629 2414 Ἰη-

92 2444 197 2507 σοῦς
234 2443 629 2514 ἐμαρτύρησεν,
675 2441 756 2494 ὅτι
785 2441 1068 2511 προφήτης
1101 2440 1158 2491 ὲν
1188 2440 1253 2509 τῇ
1284 2438 1389 2508 ἰδίᾳ
1415 2435 1627 2508 πατρίδι

90 2534 227 2606 τιμὴν
248 2535 345 2587 οὐκ
387 2533 501 2605 ἔχει
528 2550 542 2562 ·
567 2553 585 2586 ι
637 2532 730 2586 καὶ
752 2530 914 2594 ἀξίως
943 2529 1036 2583 τοῦ
1081 2529 1254 2601 Ἰησοῦ
1296 2526 1631 2601 μαρτυροῦν-

89 2646 180 2691 τος,
221 2627 472 2700 ζητητέον
522 2627 613 2681 τὸν
644 2627 740 2698 τῆς
779 2625 974 2692 λέξεως
1018 2623 1164 2678 νοῦν.
1202 2622 1408 2694 Πατρὶς
1433 2620 1497 2693 δὴ
1521 2619 1630 2674 τῶν

90 2719 349 2791 προφητῶν
372 2721 428 2774 ὲν
454 2722 524 2791 τῇ
563 2718 792 2790 Ἰουδαίᾳ
822 2714 911 2790 ἦν,
944 2719 1038 2771 καὶ
1065 2717 1294 2788 φανερόν
1317 2717 1434 2769 ἐστι
1465 2716 1630 2786 τιμὴν

89 2814 256 2878 αὐτοὺς
282 2813 428 2885 παρὰ
448 2812 564 2885 (57)
611 2811 884 2875 Ἰουδαίοις
914 2810 990 2882 μὴ
1012 2810 1322 2881 ἐσχηκέναι,
1352 2807 1630 2862 λιθασθέν-

90 2921 190 2966 τας,
230 2904 570 2975 πρισθέντας,
621 2901 1033 2972 πειρασθέντας,
1070 2902 1127 2953 ὲν
1172 2901 1318 2970 φόνῳ
1359 2900 1632 2972 μαχαίρας

90 2996 444 3061 ἀποθανόντας,
501 2995 590 3048 διὰ
635 2995 695 3048 τὸ
739 2993 1095 3065 ἀτιμάζεσθαι
1148 2991 1526 3063 περιελθόντας
1576 2993 1632 3045 ὲν

92 3089 336 3160 μηλωταῖς
358 3090 494 3161 (58),
531 3091 589 3142 ὲν
618 3086 845 3156 αἰγείοις
873 3086 1152 3160 δέρμασιν,
1188 3073 1629 3154 ύστερουμένους,

90 3180 423 3252 θλιϐομένους,
486 3180 979 3252 κακουχουμένους.
1026 3178 1137 3231 Καὶ
1181 3175 1524 3241 όνειδίζονταί
1568 3191 1631 3244 γε

101 3272 311 3326 Ἰουδαῖοι
334 3274 442 3327 ἀπὸ
469 3273 566 3326 τοῦ
594 3273 840 3342 λέγοντος
874 3271 1008 3343 πρὸς
1048 3268 1242 3332 αύτούς
1269 3288 1283 3300 ·
1325 3288 1343 3319 ι
1369 3267 1499 3321 Τίνα
1527 3265 1633 3320 τῶν

92 3368 355 3437 προφητῶν
381 3370 485 3422 οὐκ
528 3366 750 3432 ἐδίωξαν
778 3368 826 3419 οἱ
862 3364 1093 3436 πατέρες
1122 3363 1295 3433 ὑμῶν,
1341 3359 1436 3414 καὶ
1465 3359 1636 3413 ἀπέκ-

91 3476 245 3513 τειναν
265 3463 387 3525 τοὺς
405 3458 979 3532 προκαταγγείλαντας
996 3457 1123 3527 περὶ
1142 3455 1240 3526 τῆς
1258 3453 1521 3517 ἐλεύσεως
1542 3451 1634 3506 τοῦ

93 3552 316 3616 Δικαίου;
341 3572 360 3604 ι
397 3553 593 3614 οἵτινες
616 3550 707 3603 ἐπὶ
737 3547 875 3603 τέλει
901 3547 997 3602 καὶ
1023 3546 1113 3599 τὸν
1142 3545 1233 3598 ἐπὶ
1259 3545 1392 3597 πᾶσι
1426 3544 1636 3614 προφή-

92 3657 197 3712 την,
223 3642 286 3695 δι’
314 3636 374 3695 οὗ
399 3642 450 3695 οἱ
473 3640 746 3712 προφῆται
773 3639 1042 3710 προφῆται
1065 3635 1405 3707 γεγένηνται,
1435 3633 1639 3704 ἀτιμά-

96 3750 281 3800 σαντες,
337 3754 355 3786 ς
383 3731 538 3804 Αἶρε,
573 3727 715 3805 αἶρε,
759 3731 989 3802 σταύρου
1032 3729 1211 3792 αὐτὸν,
1243 3747 1261 3778 ι
1302 3726 1505 3795 ἔλεγον.
1545 3726 1641 3778 Τε-

95 3826 325 3899 τίμηνται
355 3828 411 3881 δὲ
465 3828 526 3879 ὲν
558 3828 624 3897 τῇ
664 3826 770 3896 ἐμῇ
813 3821 1032 3894 πατρίδι
1061 3821 1172 3893 (59)
1204 3819 1404 3883 πάντες
1433 3820 1482 3871 οἱ
1511 3836 1642 3890 προ-

96 3918 259 3988 φῆται,
285 3920 377 3972 κα)⁸
399 3921 428 3971 ὁ
462 3918 570 3972 ἀπὸ
594 3915 728 3971 Θεοῦ
757 3915 992 3978 ἀναστὰς
1021 3912 1162 3967 κατὰ
1192 3913 1260 3966 τὰ
1290 3913 1418 3984 περὶ
1449 3910 1640 3964 ἑαυτοῦ

97 4012 336 4082 εἰρημένα
362 4011 470 4065 ὑπὸ
498 4011 739 4073 Μωσέως
763 4031 776 4044 ·
816 4028 834 4059 ι
863 4009 1153 4081 Προφήτην
1195 4007 1321 4077 ὑμῖν
1353 4007 1644 4074 ἀναστήσει

95 4102 276 4175 Κύριος
305 4106 333 4157 ὁ
364 4103 499 4166 Θεὸς
529 4101 682 4173 ὑμῶν
719 4102 783 4154 ἐκ
812 4100 918 4152 τῶν
952 4098 1190 4169 ἀδελφῶν
1222 4095 1395 4168 ὑμῶν,
1424 4096 1499 4158 ὼς
1522 4094 1641 4165 ἐμὲ,

97 4197 242 4251 αὐτοῦ
270 4198 595 4253 ἀκούσεσθε·
629 4220 647 4249 ι
684 4194 936 4267 ἡπατρὶς
962 4192 1073 4262 (i0)
1104 4193 1212 4262 γὰρ
1248 4190 1412 4244 αὐτοῦ
1440 4190 1498 4242 ὲν
1534 4191 1645 4252 τοῖς

99 4289 256 4346 ἔθνεσι
276 4295 386 4355 τοῖς
410 4291 491 4362 τῷ
519 4286 924 4361 παραπτώματι
952 4286 1045 4339 τοῦ
1092 4282 1305 4356 Ἰσραὴλ
1348 4282 1444 4353 τὴν
1473 4297 1648 4349 σωτη-

99 4382 208 4454 ρίαν
232 4385 495 4458 εἰληφόσι.
554 4384 664 4438 Καὶ
710 4384 766 4436 ὲν
796 4381 974 4443 ἄλλοις
1023 4378 1365 4449 γέγραπταιο
1417 4394 1435 4426 ι
1462 4373 1648 4435 Οὐδεὶς

1723 1375 1961 1455 melioris
1991 1394 2269 1462 cujusdam
2303 1389 2400 1452 rei,
2432 1385 2558 1455 quia
2591 1384 2644 1437 in
2676 1378 2894 1436 sublimi
2924 1375 3101 1447 posita
3118 1380 3286 1435 esset,

1724 1489 2011 1549 deterioris
2045 1501 2174 1543 vero
2213 1482 2292 1538 rei
2320 1479 2615 1541 Galilaeam,
2645 1485 2701 1530 et
2741 1472 2844 1527 hac
2880 1470 3093 1524 ratione
3120 1465 3285 1518 Deum

1725 1584 1949 1640 humani
2014 1578 2231 1650 generis
2287 1580 2559 1628 amantem
2593 1606 2610 1632 ,
2669 1580 2763 1622 eos
2824 1563 2916 1633 qui
2978 1557 3290 1614 visitatione

1725 1686 1942 1749 egeant,
1969 1674 2170 1745 quique
2196 1671 2304 1726 sint
2330 1665 2636 1726 inferiores,
2664 1675 2773 1715 non
2806 1655 3116 1725 despicere;
3144 1651 3289 1705 hanc

1656 1758 1699 1818 Β
1725 1772 1796 1828 ob
1822 1784 2035 1825 causam
2075 1762 2434 1821 Samaritanis
2463 1757 2712 1814 celeriter
2738 1750 2964 1811 relictis.
2999 1744 3289 1802 adfuturus

1726 1871 1846 1920 erat
1865 1860 2121 1922 Galilaeis,
2147 1858 2239 1927 qui
2272 1856 2423 1910 illum
2469 1858 2717 1922 prompte
2747 1848 3085 1913 receperant,
3111 1847 3166 1893 et
3201 1850 3289 1891 re-

1727 1956 1836 2027 guli
1872 1953 2039 2008 ﬁlium
2071 1958 2381 2005 curaturus.
2417 1944 2552 2000 Cum
2603 1948 2784 1995 autem
2825 1935 2940 1990 lucc
2986 1932 3039 1987 in
3068 1929 3287 1987 Galilzea

1726 2047 1982 2110 fecisset,
2044 2044 2282 2098 instante
2337 2037 2648 2095 Iudaeorum
2701 2035 2840 2090 festo
2894 2027 3287 2097 Jerosolymam

1727 2136 2012 2201 ascendit,
2068 2130 2470 2189 solemnitatem
2517 2126 2799 2182 meliorem
2846 2120 3288 2186 festivioremque

1726 2245 1827 2287 suo
1856 2227 2026 2300 ipsius
2051 2227 2289 2281 adventu
2323 2220 2587 2277 facturus.

1797 2364 1887 2425 54.
1927 2363 2032 2419 Sed
2063 2361 2337 2417 videamus
2368 2357 2495 2427 quid
2543 2356 2616 2411 sit
2658 2370 2673 2409 :
2723 2371 2743 2404 ι
2777 2350 2895 2421 Ipse
2948 2348 3092 2403 enim
3133 2345 3293 2403 Jesus

1729 2466 1958 2513 testatus
2018 2463 2102 2509 est
2154 2452 2471 2522 prophetam
2498 2449 2551 2503 in
2574 2446 2791 2517 propria
2825 2443 2999 2514 patria
3031 2440 3293 2495 honorem

1729 2563 1835 2603 non
1869 2547 2071 2602 habere
2085 2544 2133 2578 “
2160 2562 2175 2611 ;
2205 2566 2224 2597 ι
2262 2552 2425 2611 atque
2454 2556 2518 2595 ex
2549 2538 2707 2594 Jesns
2730 2537 2988 2607 dignitate
3022 2533 3124 2587 hoc
3147 2529 3297 2585 testi-

1731 2640 1964 2705 ﬁcantis,
1993 2651 2306 2709 quaeramus
2336 2631 2499 2702 huius
2534 2640 2824 2687 contextus
2857 2624 3297 2696 intelligentiam.

1731 2731 1914 2786 Patria
1967 2731 2135 2801 igitur
2171 2726 2557 2798 pmphetarum
2592 2724 2646 2777 in
2671 2721 2856 2778 Iudaea
2888 2728 3026 2782 erat,
3064 2714 3299 2769 manife-

1732 2832 1984 2892 stumque
2012 2829 2098 2875 est
2130 2821 2391 2874 honorem
2421 2818 2525 2872 illis
2553 2814 2794 2870 habitum
2830 2825 2935 2864 non
2969 2808 3134 2863 fuisse
3161 2804 3300 2875 apud
3352 2860 3361 2871 ,

1731 2913 1970 2980 ιυιιωοε,
2005 2913 2131 2982 quia
2172 2910 2324 2966 fuere
2355 2909 2593 2980 lapidati,
2624 2906 2777 2967 secti,
2812 2901 3026 2967 tentati,
3058 2899 3110 2953 in
3141 2898 3289 2952 occi-

1733 3007 1884 3061 sione
1936 3005 2095 3075 gladii
2139 3011 2449 3071 pereuntes,
2494 3008 2552 3052 ut
2602 2996 2801 3067 probro
2835 3003 3017 3048 essent
3063 2991 3299 3046 circnm-

1656 3117 1701 3175 ο
1733 3107 1925 3153 euntes
1978 3096 2032 3150 in
2076 3094 2365 3150 velleribus
2413 3091 2614 3152 ovium.
2669 3089 2721 3141 in
2762 3086 2988 3156 pellibus
3036 3083 3300 3152 caprinis,

1738 3187 2051 3260 posthabiti,
2083 3185 2350 3257 oppressi,
2397 3181 2636 3238 tribulati
2666 3178 2821 3233 malis
2844 3172 3300 3232 vexationibus".

1738 3285 1818 3338 Ac
1859 3281 2102 3352 profecto
2133 3278 2332 3335 Iudaeis
2371 3276 2714 3333 conviciatur
2760 3274 2807 3328 is
2847 3273 2938 3343 qui
2991 3283 3176 3324 coram
3226 3267 3306 3322 eis

1741 3373 1952 3431 dicebat
1981 3389 1997 3428 :
2033 3389 2051 3423 ι
2077 3370 2250 3438 Quem
2302 3368 2687 3439 pr0phetarum
2732 3380 2835 3420 non
2882 3370 3006 3439 sunt
3037 3356 3308 3430 persecuti

1742 3475 1926 3534 patres
1968 3464 2159 3531 vestri,
2194 3461 2283 3531 qui
2316 3460 2479 3515 etiam
2508 3456 2827 3512 occiderunt
2856 3430 2971 3521 eos',
2997 3452 3088 3522 qui
3117 3452 3182 3505 de
3207 3451 3304 3503 ad-

1746 3567 1905 3611 ventu
1943 3554 2080 3611 Iusti
2119 3549 2562 3623 praedixissent“
2587 3549 2611 3602 ?
2637 3568 2655 3601 ι
2691 3547 2783 3613 qui
2821 3545 2982 3601 etiam
3034 3550 3309 3613 postremo

1744 3633 2061 3716 prophetam
2096 3643 2346 3697 omnibus
2388 3638 2823 3702 eminentiorem,
2851 3649 2946 3705 per
2993 3646 3153 3702 quem
3184 3645 3310 3700 pro-

1746 3733 1925 3803 pheta:
1949 3732 2229 3802 pr0phetze
2260 3730 2386 3785 facti
2416 3737 2561 3793 sunt,
2592 3742 2716 3781 cum
2736 3725 3066 3796 Sprevissent
3097 3741 3111 3777 :
3145 3740 3162 3772 ι
3186 3719 3312 3774 Τοι-

1747 3821 1818 3888 le,
1855 3820 2005 3886 tolle,
2043 3819 2305 3890 cruciﬁge
2344 3834 2468 3874 eum
2484 3819 2553 3883 ⁸⁷,
2579 3837 2598 3871 ι
2630 3819 2898 3872 dixerunt.
2936 3811 3192 3868 Honorati
3215 3826 3314 3863 au-

1752 3931 1860 3974 tem
1893 3927 2021 3975 sunt
2051 3919 2104 3972 in
2136 3933 2255 3973 mea
2301 3914 2475 3985 patria
2521 3928 2710 3969 omnes
2733 3911 3029 3982 prophetae,
3055 3920 3109 3963 et
3140 3908 3186 3962 is
3218 3907 3313 3977 qui

1750 4030 1780 4068 a
1815 4014 1927 4069 Deo
1971 4014 2238 4069 excitatus
2267 4019 2371 4074 est,
2399 4007 2552 4078 juxta
2596 4020 2660 4061 ea
2688 4018 2806 4075 quae
2840 4004 2906 4058 de
2940 4003 3055 4071 ipso
3090 4016 3118 4054 a
3148 3998 3316 4053 Moise

1752 4106 1894 4160 dicta
1927 4112 2095 4159 sunt:
2128 4122 2145 4154 ι
2166 4101 2490 4170 Proplietam
2533 4096 2819 4152 suscitabit
2856 4093 3012 4147 vobis
3054 4090 3318 4144 Dominus

1753 4197 1893 4251 Deus
1922 4204 2103 4249 vester
2136 4208 2168 4248 e
2194 4191 2452 4247 fratribus
2478 4190 2695 4252 vestris,
2725 4187 2827 4243 mei
2854 4186 3113 4249 similem,
3141 4186 3316 4254 ipsum

1755 4284 1919 4356 269
1952 4283 2187 4337 audietis
2205 4281 2284 4347 5°;
2317 4298 2335 4331 ι
2365 4278 2541 4348 patria
2574 4277 2720 4331 enim
2777 4274 2949 4343 ipsius
2978 4273 3030 4326 in
3066 4267 3319 4341 gentibus

1755 4379 1893 4432 inest
1916 4376 1986 4439 ",
2018 4388 2136 4443 qua:
2176 4373 2328 4442 lapsu
2374 4369 2590 4425 Israelis
2626 4365 2854 4422 salutem
2890 4365 3232 4431 receperunt.
3260 4355 3321 4411 In

99 4452 373 4551 προφήτης
388 4480 576 4544 δεκτός
607 4481 753 4532 ἐστιν
786 4478 843 4531 ἐν
889 4477 955 4546 τῇ
996 4471 1233 4544 πατρίδι,
1268 4469 1361 4523 καὶ
1389 4470 1445 4520 ὲν
1471 4469 1537 4538 τῇ
1571 4468 1619 4520 οἱ

1797 4469 1881 4522 liis
1926 4467 2095 4522 etiam
2144 4465 2408 4534 scriptum
2435 4470 2519 4517 est
2540 4459 2586 4491 ⁸ο
2614 4474 2628 4511 :
2660 4474 2683 4508 ι
2708 4454 2898 4510 Nullus
2929 4452 3194 4524 propheta
3229 4462 3323 4502 ac-

100 4571 183 4642 κίᾳ
204 4571 361 4625 αὑτοῦ
384 4588 398 4602 ·
430 4590 450 4623 ι
482 4571 575 4624 καὶ
602 4568 869 4642 χρήσιμόν
896 4583 961 4636 γε
990 4564 1052 4646 τὸ
1081 4560 1334 4631 συγγενὲς
1354 4557 1527 4629 τούτῳ
1555 4560 1651 4630 ῥη-

100 4666 182 4719 τὸν
212 4665 610 4737 συναγαγόντας
651 4665 758 4719 ἀπὸ
805 4662 911 4717 τῶν
948 4655 1295 4729 Εὐαγγελίων
1346 4654 1473 4707 ἰδεῖν
1499 4653 1648 4711 πότε.

106 4757 189 4810 καὶ
222 4759 311 4812 ἐπὶ
346 4759 454 4813 τίνι
482 4756 560 4829 τῷ
586 4756 800 4827 Σωτῆρι
828 4752 983 4808 τοῦτο
1007 4750 1242 4823 εἴρηται.
1281 4744 1568 4815 Θαυμάσαι
1595 4741 1654 4796 δὲ

166 4925 212 4957 ⁸⁵
239 4923 393 4982 Joan.
420 4920 617 4985 In“.
693 4918 739 4950 ⁸⁵
763 4915 927 4972 Hebr.
959 4929 1041 4985 ιιι,
1067 4911 1159 4967 37.
1232 4909 1278 4943 ⁸⁸
1303 4908 1424 4963 Act.
1454 4919 1551 4969 vu,
1578 4904 1669 4961 52.

103 4993 316 5051 "Rom.
340 5011 420 5062 χι,
448 4983 537 5048 ll.
637 4990 683 5024 “
710 4990 843 5043 Luc.
877 5000 950 5047 IV,
978 4983 1070 5038 24.

112 5097 248 5142 ctnra
276 5087 509 5157 legatur,
546 5081 879 5139 κατακόπτει
906 5078 965 5132 δὲ
983 5072 1203 5157 Δἑαυτόν,
1241 5070 1293 5124 id
1324 5078 1544 5124 secutus
1578 5075 1663 5121 est

111 5152 402 5238 Ferrarius,
449 5166 687 5219 vertens,
725 5173 743 5205 ι
788 5155 999 5206 resecat
1034 5155 1218 5201 autem
1260 5153 1383 5196 sese
1429 5152 1664 5206 evange-

114 5232 299 5419 ιιδὲἓξὶ),
337 5296 450 5352 Καὶ
501 5292 654 5350 κατὰ
689 5292 885 5347 τοῦτο.

114 5384 177 5419 κα
204 5407 219 5419 .

114 5384 489 5559 Ξξῗὲὶίῖοᾶει
515 5434 841 5492 Bodleianus
866 5444 964 5498 pro
985 5427 1110 5490 τοὺς
1142 5420 1487 5496 Σαμαρείτας
1505 5419 1672 5474 habet

114 5523 319 5664 mit???
345 5575 576 5642 Αὐτοὺς
621 5571 800 5642 παρὰ,
833 5582 940 5625 etc.
977 5570 1034 5623 In
1090 5564 1278 5623 codice
1309 5561 1479 5632 Regio
1518 5559 1668 5614 deest

341 5718 439 5768 Ἐν
477 5712 799 5785 μηλωταῖς.
833 5711 991 5785 Deest
1019 5710 1071 5785 in
1097 5702 1508 5785 codiceARegio.

185 5767 292 5858 (τι)
326 5767 829 5857 meamea..-
855 5780 931 5850 τῇ
960 5778 1071 5851 ἐμῇ
1100 5775 1355 5846 πατρίδι,
1402 5767 1509 5829 διε.
1545 5767 1669 5825 Haec

942 5287 1000 5341 In
1053 5284 1242 5341 codice
1300 5281 1470 5351 [legio
1518 5280 1669 5335 deest

1756 4570 1943 4631 ceptus
1987 4567 2072 4616 est
2109 4558 2162 4613 in
2208 4555 2383 4626 patria
2425 4563 2480 4608 et
2522 4554 2576 4608 in
2622 4552 2784 4607 domo
2845 4561 3031 4615 suam
3089 4541 3326 4609 utileqne

1759 4652 2003 4724 profecto
2051 4649 2218 4704 fuerit
2251 4657 2506 4703 contextu
2535 4645 2621 4698 his
2654 4638 2976 4698 testimoniis
3008 4642 3240 4704 cognato
3269 4631 3325 4684 in

1761 4757 1927 4797 unum
1957 4740 2184 4795 collecto
2209 4753 2276 4794 ex
2310 4732 2640 4807 Evan'geliis,
2674 4733 2861 4789 videre
2888 4727 3106 4800 quando
3136 4734 3194 4780 et
3218 4737 3327 4794 quo

1767 4908 1811 4940 δ’
1843 4905 2002 4961 Joan.
2031 4920 2143 4969 xix,
2185 4901 2274 4957 15.
2380 4900 2427 4933 ⁸⁸
2459 4898 2617 4954 Deut.
2647 4910 2801 4960 xvm,
2836 4893 2934 4958 15;
2966 4891 3085 4946 Act.
3115 4903 3195 4953 ιιι,
3226 4885 3320 4942 22.

1761 5059 2202 5135 αὐτοπροσώπως
2222 5057 2300 5111 ait
2332 5055 2599 5135 Origenes
2639 5069 2654 5106 :
2702 5066 2824 5135 cum
2859 5049 3001 5135 enim
3036 5062 3197 5130 supra
3242 5047 3327 5099 di-

1762 5117 2596 5200 itisset'propbetfarurn_patriain
2626 5137 2746 5200 esse
2772 5119 3033 5200 Judagam,
3072 5117 3124 5199 in
3150 5130 3328 5200 eaque

1763 5187 2110 5259 contumeliis
2143 5198 2263 5252 illos
2288 5187 2454 5250 fuisse
2478 5193 2797 5262 proscissos,
2831 5187 3118 5262 subiungit
3149 5187 3201 5240 in
3236 5202 3331 5252 pa-

1766 5258 1869 5329 tria
1916 5287 2040 5334 sua,
2095 5266 2426 5323 Alexandria
2469 5258 2744 5334 nimirum,
2801 5270 2862 5334 et
2906 5258 3162 5334 AEgypto,
3223 5271 3328 5334 non

1696 5390 1705 5395 .
1767 5325 2066 5414 prophetas
2096 5335 2426 5414 solum,_sed
2471 5325 2748 5414 Christum
2792 5330 2957 5411 etiam
2987 5325 3175 5414 ipsum
3231 5325 3332 5406 lio-

1769 5394 2068 5468 Boi-23mm
2108 5424 2118 5456 ε
2174 5394 2292 5462 ποθ’
2317 5407 2433 5460 leve
2458 5405 2602 5459 enim
2636 5403 2747 5470 jam
2787 5412 2897 5454 tum
2932 5399 2985 5451 in
3019 5395 3123 5448 illis
3158 5394 3333 5470 parti-

1774 5464 1899 5539 illi;
1930 5464 2329 5537 incrementum
2389 5490 2479 5530 res
2530 5464 2836 5528 Christiana
2892 5475 3130 5537 ceperat.
3160 5464 3336 5522 'Ilue-

1776 5571 1958 5696 τιῗιῗθ)
2010 5622 2095 5696 Ἡ-
2114 5618 2344 5696 πατρίς.
2399 5614 2490 5696 Sic
2517 5613 2700 5696 codex,
2724 5608 3070 5696 Bodleianus,
3093 5604 3331 5671 optime;

1774 5679 1975 5765 Re‘giu's
1988 5702 2042 5765 et
2064 5679 2409 5765 Barberinus,
2438 5685 2500 5765 ού
2532 5681 2751 5753 πατρίς,
2778 5680 2938 5745 male,
2972 5679 3074 5732 nisi
3102 5691 3328 5746 sequen-

1776 5756 1990 5821 tia'cum
2023 5759 2447 5829 interrogatione
2472 5756 2737 5824 legantur.
