3702 6142
89 344 176 400 493
1121 349 1460 408 ΟΟΜΜΕΝΤ
1500 353 1568 409 ΙΝ
1600 393 1603 404 .

1767 356 1792 411 l.
1829 355 2068 413 TOMUS
2108 359 2245 414 XIII.

3196 372 3301 427 491,

87 463 308 539 μαθητὰς
338 463 404 519 τὰ
444 464 584 518 κατά
634 463 867 535 δύναμιν
904 464 1272 538 ἐξητασμένα,
1313 471 1602 542 ἐπαναλαμ

1767 481 1895 527 itura
1934 474 2303 528 narrationem
2353 473 2421 529 de
2465 475 2551 533 his
2579 480 2669 548 qui
2712 491 2977 537 venerant
3017 496 3047 537 e
3080 485 3302 542 civitate

84 556 215 612 σάνει
240 557 272 626 ἠ
296 555 483 626 Γραφὴ
506 554 577 608 τὰ
606 556 735 627 περ)⁵
785 555 895 609 τῶν
927 556 1263 629 ἐληλυθότων
1296 563 1362 616 ἐκ
1399 563 1497 634 τῆς
1530 563 1629 616 πό-

83 645 199 710 λεως
223 643 356 716 πρὸς
394 644 575 709 αὐτὸν,
604 646 702 699 καὶ
736 646 1143 702 πιστευσάντων
1174 649 1264 704 διὰ
1290 650 1386 722 τὴν
1421 669 1629 724 μαρτυ-

81 737 188 809 ρίαν
209 736 303 805 τῆς
344 736 598 804 γυναικὸς
630 735 896 809 λεγούσης
920 755 933 769 ·
976 758 996 791 ι
1033 735 1300 795 Ὅτιεῖπέ
1336 760 1424 813 μοι
1452 742 1629 797 πάντα

78 828 163 881 ὅσα
192 828 434 900 ἐποίησα.
476 847 495 879 ι
539 828 604 881 Εἰ
626 828 685 882 δὲ
716 829 1029 902 κρατοῦμεν
1054 831 1164 887 τῶν
1192 834 1449 908 ἀνωτέρω
1472 838 1628 908 εἰρη-

80 921 233 991 μένων
258 920 382 991 περὶ
412 920 513 990 τῆς
552 921 867 994 Σαμαρείας
908 925 1003 978 καὶ
1038 925 1140 995 τῆς
1193 926 1583 998 Σαμαρείτιδος
1608 983 1623 1007 ,

78 1012 159 1065 καὶ
197 1012 291 1082 τῆς
318 1010 413 1065 τοῦ
456 1011 652 1069 Ἰακὼό
696 1014 879 1085 πηγῆς
900 1054 916 1079 ,
956 1014 1016 1068 ού
1056 1015 1301 1085 χαλεπὸν
1342 1017 1469 1071 ἰδεῖν
1504 1018 1626 1071 τίνα

76 1102 248 1172 τρόπον
279 1101 626 1171 ἐπιτυχόντες
669 1101 830 1171 λόγου
880 1102 1064 1173 ὑγιοῦς
1117 1107 1166 1159 οί
1222 1107 1624 1180 προκατειλημ-

77 1192 208 1262 μένοι
251 1193 308 1245 ἐν
347 1193 875 1265 ἐτεροδιδασκαλίαις
904 1197 1293 1254 καταλείπουσι
1335 1201 1434 1273 τὴν
1462 1203 1624 1256 οἱονεὶ

72 1284 167 1339 τῶν
189 1286 468 1357 δογμάτων
491 1286 666 1352 πόλιν,
698 1288 794 1341 καὶ
822 1288 1131 1356 ἐξελθόντες
1157 1292 1326 1364 αὐτῆς
1356 1296 1625 1364 ὑγιαινόν-

72 1377 486 1441 τωςπιοτεύουσι
519 1378 652 1452 (16),
688 1382 817 1452 μιᾶς
844 1399 990 1448 τινος
1015 1384 1169 1456 παρὰ
1194 1387 1259 1457 τῇ
1294 1386 1387 1440 τοῦ
1430 1387 1622 1443 Ἰακὼϐ

72 1472 201 1542 πηγῇ
236 1471 504 1544 προτέρας
534 1474 916 1545 κεχωρηκυίας
947 1476 1046 1548 τὴν
1081 1479 1347 1550 σωτήριον
1373 1479 1622 1536 διδασκα-

72 1562 195 1628 λίαν,
237 1565 329 1618 καὶ
372 1563 784 1637 καταλιπούσης
823 1564 921 1639 τὴν
955 1569 1363 1643 προειρημένην
1392 1573 1575 1643 ὑδρίαν
1600 1614 1616 1640 ,

1733 567 1800 618 ad
1833 565 2033 635 ipsum,
2078 577 2134 623 et
2169 568 2236 623 de
2277 569 2362 624 his
2404 571 2498 640 qui
2537 572 2885 629 credideram
2921 588 3017 646 per
3056 578 3301 633 testimo—

1731 656 1880 710 nium
1917 658 2167 715 mulieris
2201 660 2478 717 dicentis:
2517 680 2538 715 ι
2577 663 2714 731 Quia
2746 665 2883 721 dixit
2926 667 3057 723 mihi
3113 670 3299 725 omnia

1728 762 2069 820 quaecunque
2111 752 2239 807 feci.
2272 772 2291 804 ι
2323 752 2475 820 Quod
2503 755 2548 810 si
2591 771 2860 813 memores
2893 774 3080 814 sumus
3108 776 3296 819 eorum

1730 852 1854 906 quae
1879 841 2130 908 superius
2168 841 2407 898 diximus
2436 843 2506 899 de
2545 845 2813 912 Samaria,
2858 855 2913 902 et
2948 848 3016 903 de
3050 847 3294 907 Samari-

1730 928 1863 994 tide,
1891 929 2031 983 etde
2055 928 2205 986 fonte
2231 929 2422 998 Jacub,
2453 949 2561 989 non
2588 936 2804 992 diﬂicile
2831 947 2913 993 est
2952 939 3138 995 videre
3160 957 3296 1011 quo-

1726 1033 1852 1073 nam
1886 1028 2046 1089 pacto
2081 1020 2173 1090 qui
2217 1024 2451 1078 assecuti
2490 1024 2694 1081 fuerint
2731 1041 2918 1083 sanam
2962 1030 3291 1099 doctrinam,

1726 1127 1850 1168 cum
1875 1123 2034 1168 antea
2070 1116 2322 1184 occupati
2360 1116 2595 1172 fuissent
2618 1118 2673 1173 in
2709 1121 2976 1177 doctrinis
3014 1123 3083 1178 ab
3113 1124 3293 1182 Eecle-
3385 1114 3395 1123 ’

1724 1204 1822 1258 siae
1869 1204 2104 1260 decretis
2150 1205 2559 1274 dissidentibus,
2607 1209 2926 1281 relinquunt
2955 1212 3120 1269 veluti
3156 1216 3292 1287 dog-

1725 1306 1930 1351 matum
1961 1297 2266 1363 civitatem,
2308 1307 2363 1354 et
2395 1301 2599 1370 egressi
2648 1318 2717 1363 ex
2767 1317 2829 1358 ea
2878 1318 3011 1360 sane
3038 1308 3289 1376 credunt,

1721 1402 1844 1443 cum
1892 1403 1999 1443 una
2045 1390 2315 1461 quaepiam
2364 1392 2558 1448 mulier
2596 1404 2757 1450 antea
2800 1398 3102 1467 perceperit
3147 1401 3290 1469 apud

1723 1477 1927 1536 fontem
1966 1478 2135 1537 Jacob
2185 1482 2484 1538 salutarem
2536 1485 2859 1554 doctrinam,
2910 1498 2965 1544 et
3000 1491 3287 1562 reliquerit

1721 1573 2033 1643 praedictam
2068 1573 2338 1645 hydriam,
2386 1577 2682 1632 invitatura
2728 1580 2889 1645 alios,
2930 1592 2989 1635 ut
3034 1584 3287 1643 similiter

74 1665 198 1735 ὑπὲρ
237 1660 325 1714 τοῦ
377 1661 473 1714 καὶ
508 1661 735 1740 ’ἐτέρους
783 1663 877 1715 ἐπὶ
924 1663 984 1716 τὸ
1032 1665 1231 1734 ὁμοίως
1264 1664 1603 1735 ὠφεληθῆναι

1768 1675 1980 1723 ventur.
2000 1666 2144 1726 Sane
2170 1671 2468 1728 Heracleon
2496 1674 2883 1745 interpretatus
2907 1682 3008 1746 est,
3041 1700 3061 1733 ι
3096 1697 3163 1737 ex
3181 1700 3257 1739 ub

76 1751 501 1825 προκαλέσασθαι.
545 1753 606 1806 Ὀ
623 1753 667 1805 δ’
699 1753 1005 1824 Ἡρακλέων
1033 1756 1092 1810 τὸ
1124 1756 1220 1826 μὲν
1254 1775 1273 1808 ι
1297 1757 1360 1809 ἐκ
1388 1760 1485 1828 τῆς
1509 1758 1603 1812 πό-

1767 1780 1791 1825 ε,
1814 1778 1833 1811 ι
1864 1776 1984 1831 pro,
2011 1776 2041 1817 e
2067 1765 2271 1819 mundo
2296 1783 2308 1817 :
2337 1765 2466 1820 illud
2490 1781 2641 1832 vero,
2677 1785 2694 1817 ι
2715 1778 2936 1838 propter
2960 1786 3266 1830 sermonem

74 1844 204 1905 λεως,
245 1862 263 1894 ι
300 1842 421 1896 ἀντὶ
459 1840 584 1898 τοῦ.
618 1845 680 1896 ἐκ
712 1844 806 1897 τοῦ
847 1844 1071 1917 κόσμου,
1105 1846 1386 1917 ἐξείληφε·
1422 1849 1485 1901 τὸ
1521 1850 1603 1915 δὲ,

1769 1853 1972 1919 ulieris,
2003 1872 2022 1906 ι
2046 1886 2118 1895 -
2149 1877 2167 1908 ι
2199 1858 2302 1913 hoc
2329 1867 2430 1924 est,
2463 1859 2654 1929 inquit,
2685 1870 2903 1930 propter
2935 1864 3267 1932 spiritualem

80 1952 96 1984 ι
122 1932 206 1986 Aul
224 1933 311 1985 τὸν
334 1933 491 2001 λόγον
513 1934 610 2003 τῆς
628 1936 901 2003 γυναικὸς,
932 1955 949 1987 ι
969 1967 1038 1976 —
1058 1956 1079 1989 ι
1111 1938 1379 2002 τουτέστι,
1398 1939 1486 1994 διὰ
1505 1941 1606 2011 τῆς

75 2025 419 2093 πιευματικῆς
442 2025 789 2097 Ἐκκλησίας·
827 2049 846 2080 ι
880 2030 972 2084 καὶ
1000 2031 1160 2102 ἐπιση
1171 2031 1414 2101 μαίνεταί
1434 2049 1497 2101 γε
1519 2032 1599 2097 τὸ,

72 2117 301 2185 «πολλοὶ,
325 2139 343 2172 ι
377 2119 454 2185 ὡς
484 2118 696 2174 πολλῶν
740 2120 908 2175 ὄντων
956 2120 1230 2193 ψυχικῶνο
1269 2123 1368 2195 τὴν
1417 2124 1472 2178 δὲ
1506 2126 1616 2198 (17)

70 2209 181 2280 μίαν
206 2210 347 2281 λέγει
373 2211 475 2283 τὴν
511 2211 793 2284 ἄφθαρτον
817 2213 920 2284 τῆς
944 2214 1174 2286 ἐκλογῆς
1194 2214 1374 2284 φύσιν,
1397 2218 1491 2271 καὶ
1524 2235 1620 2289 μο-

66 2300 221 2371 mea
243 2340 259 2366 ,
309 2303 405 2357 καὶ
459 2304 664 2375 ἐνικήν.
703 2305 979 2377 Ἔστημεν
1006 2306 1062 2359 δὲ
1106 2308 1388 2378 καὶῂημεῖς
1418 2308 1528 2380 (18)
1560 2312 1617 2363 ἐν

65 2396 161 2457 soi;
184 2394 453 2468 ἀνωτέρω,
480 2396 558 2460 ὡς
585 2390 695 2450 οἷόν
725 2415 784 2451 τε
820 2393 907 2469 ἦν,
937 2399 1075 2469 πρὸς
1107 2400 1300 2455 ταῦτα.

124 2483 206 2539 51.
243 2506 261 2539 ι
300 2488 387 2552 Ὧς
422 2484 520 2543 οῦν
552 2485 714 2561 ἦλθον
744 2490 881 2562 πρὸς
931 2492 1095 2546 αὑτὸν
1133 2493 1227 2547 καὶ
1255 2496 1303 2547 oi
1342 2495 1616 2567 Σαμαρεῖ-

63 2593 160 2643 ται,
190 2578 415 2651 ἠρώτων
443 2582 609 2636 αὐτὸν
648 2585 828 2655 μεῖναι
866 2586 994 2657 παρ’
1026 2586 1208 2650 αὐτοῖς
1232 2604 1243 2616 ·
1277 2589 1373 2642 καὶ
1404 2586 1617 2659 ἔμεινεν

65 2668 164 2723 ἐκεῖ
189 2671 277 2725 δύο
305 2674 543 2746 ἡμέρας
578 2676 672 2729 καὶ⁵
711 2677 890 2749 πολλῷ
929 2678 1147 2743 πλείους
1174 2680 1501 2734 ἐπίστευσαν
1528 2682 1618 2736 διά

63 2763 143 2818 τὸν
166 2763 312 2835 λόγον
345 2767 533 2821 αὑτοῦ.
549 2787 569 2821 ι
591 2769 703 2823 Οὐκ
730 2769 1008 2836 ἀπιθάνως
1041 2789 1126 2836 τις
1160 2773 1486 2845 συγκρούσει
1513 2774 1577 2827 τό
1598 2790 1612 2805 ⁸

69 2875 87 2909 ι
116 2858 200 2923 El;
237 2860 350 2915 ὁδὸν
380 2861 555 2917 ἐθνῶν
585 2863 660 2936 μὴ
685 2864 979 2936 ἀπέλθητε,
1016 2867 1113 2921 καὶ
1140 2870 1220 2932 είς
1250 2869 1405 2922 πόλιν
1434 2870 1618 2939 Σαμα-

64 2946 235 3015 ρειτῶν
263 2951 336 3022 μὴ
370 2951 675 3024 εἰσέλθητε,
714 2972 735 3006 ι
778 2953 856 3025 τῷ
879 2954 1027 3028 ῥητῷ
1049 2956 1243 3028 τούτῳ.
1294 2957 1616 3030 Ἐρωτηθεὶς

62 3038 156 3107 γὰρ
183 3041 211 3092 ό
248 3041 438 3114 Σωτὴρ
476 3047 658 3115 μεῖναι
686 3046 837 3117 παρά
876 3050 988 3111 τοῖς
1019 3049 1418 3121 Σαμαρείταις,
1468 3050 1616 3123 ἔμει-

61 3147 138 3232 νεν
161 3132 269 3233 ἐκεῖ
285 3133 643 3233 δύοᾳημέρας,
674 3139 704 3191 ὁ
736 3137 934 3233 εἰπών’
968 3159 987 3192 ι
1024 3141 1120 3205 Είς
1161 3141 1312 3197 πόλιν
1339 3143 1613 3216 Σαμαρει-
1638 3173 1682 3233 c

61 3218 155 3272 τῶν
178 3223 248 3292 μὴ
276 3225 578 3297 εἰσέλθητε·
609 3245 628 3278 ι
662 3227 819 3299 δῆλον
847 3224 962 3293 οῦν,
1019 3232 1099 3284 ὅτι
1137 3232 1232 3284 καὶ
1269 3231 1320 3284 oi
1375 3233 1614 3304 μαθηταὶ

60 3312 204 3367 αὐτοῦ
234 3318 777 3389 συνεισεληλύθεισαν
809 3321 921 3393 (19)
957 3321 1124 3394 αὐτῷ.
1152 3323 1384 3378 Λεκτέον
1404 3325 1460 3379 δέ
1482 3326 1619 3398 πρὸς

59 3407 215 3478 τοῦτο,
243 3411 323 3466 ὅτι
374 3410 438 3466 τὸ
484 3413 586 3484 μὲν
637 3415 718 3479 είς
768 3416 888 3470 όδὸν
944 3417 1115 3472 ἐθνῶν
1164 3417 1420 3472 ἀπελθεῖν
1471 3421 1617 3472 ἐστιν

57 3499 319 3558 ἀναλαεεῖν
343 3521 399 3558 τι
427 3504 612 3577 δόγμα
648 3506 880 3574 ἐθνικὸν,
937 3509 1212 3582 ἀλλότριον
1252 3510 1346 3564 τοῦ
1402 3511 1617 3583 Ἰσραὴλ

58 3593 140 3646 τοῦ
165 3595 315 3662 Θεοῦ,
340 3600 437 3653 καὶ
465 3599 687 3654 ὁδεῦσαι
711 3604 830 3655 κατ’
852 3602 1002 3656 αὑτό’
1026 3601 1091 3656 τὸ
1119 3602 1176 3657 δὲ
1204 3605 1283 3667 είς
1328 3603 1481 3658 πόλιν
1504 3607 1616 3659 εἰσ-

56 3682 212 3741 ελθεῖν
249 3689 630 3762 Σαμαρειτῶν,
666 3692 729 3746 τὸ
770 3692 828 3746 ἐν
852 3710 960 3748 τινι
994 3693 1250 3763 γενέσθαι
1278 3694 1615 3768 ψευδωνύμῳ

57 3778 236 3845 γνώσει
270 3781 381 3837 τῶν
417 3782 688 3852 λεγόντων
735 3789 1018 3856 νομικοῖς,
1060 3784 1093 3857 ἢ
1139 3791 1525 3858 προφητικοῖς,
1576 3789 1610 3860 ἢ

54 3873 407 3942 εὐαγγελικοῖς
433 3916 449 3941 ,
514 3876 549 3949 ἢ
622 3876 997 3941 ἀποσωλικοῖς
1064 3879 1351 3951 προσέχειν
1404 3880 1608 3951 λόγοιςο

54 3960 212 4025 ἔξεστι
258 3966 315 4019 δὲ
349 3965 763 4022 καταλιπόντων
818 3969 1175 4041 Σαμαρειτῶν
1210 3972 1309 4042 τὴν
1348 3973 1483 4028 ίδίαν
1516 3975 1612 4028 πό-

54 4049 158 4117 λιν,
187 4057 278 4109 καὶ
316 4057 586 4111 ἐλθόντων
623 4059 761 4132 πρὸς
797 4060 890 4114 τδν
941 4060 1145 4133 Ἰησοῦν
1181 4061 1334 4136 ποιρά
1362 4064 1460 4136 τὴν
1499 4064 1609 4138 (20)

51 4142 136 4195 τοῦ
173 4145 359 4200 Ἰακὼϐ
415 4149 605 4220 πηγὴν
630 4187 645 4213 ,
686 4149 1091 4222 ἀποδεξάμενον
1145 4152 1244 4224 τὴν
1294 4154 1611 4226 προαίρεσιν

50 4235 147 4289 τῶν
191 4242 603 4296 πιστευσάντων
656 4243 748 4297 τὸν
802 4244 1030 4315 Ἰησοῦν,
1081 4249 1259 4316 μεῖναι
1309 4246 1460 4314 παρὰ
1498 4249 1612 4313 τοῖς

53 4330 391 4404 ὲρωτήσασιν·
417 4329 574 4406 οἶμαι
598 4335 643 4390 δ’
670 4337 751 4390 ὅτι
768 4337 1304 4409 παρατετηρημένως
1321 4340 1611 4412 ὁἸωάννης

47 4423 102 4474 οὐ
131 4427 393 4499 πεποίηκε
419 4428 518 4482 τό’
554 4448 573 4480 ‹
627 4428 879 4502 ’Πρώτων
925 4429 1087 4483 αὐτὸν
1118 4449 1137 4482 ι
1181 4432 1230 4483 οἱ
1276 4431 1608 4503 Σαμαρεῖται

1716 1944 2043 2013 Ecclesiam;
2081 1966 2100 1998 ι
2135 1948 2298 2020 264
2322 1960 2579 2021 notatque
2608 1951 2771 2019 illud,
2804 1973 2822 2005 ι
2855 1954 3027 2016 multi,
3063 1974 3083 2007 ι
3116 1958 3269 2028 quasi

1714 2036 1866 2091 multi
1897 2035 2004 2092 sint
2031 2039 2287 2095 animales
2318 2060 2331 2095 :
2362 2058 2525 2096 unam
2553 2058 2682 2099 vero
2719 2051 2964 2099 naturam
2989 2045 3269 2102 electionis

1718 2125 1918 2180 asserit
1947 2141 2068 2181 esse
2098 2128 2494 2197 incorruptam,
2530 2139 2587 2182 et
2620 2126 2969 2196 uniformem,
3006 2138 3059 2184 et
3099 2130 3285 2203 singu-

1718 2220 1930 2272 larem:
1968 2219 2166 2288 quibus
2213 2229 2270 2275 et
2311 2235 2411 2277 nos
2455 2220 2753 2277 institimus
2796 2221 2852 2276 in
2911 2223 3280 2293 superioribus

1717 2324 1816 2380 pro
1854 2310 2016 2365 virili.

1787 2489 1876 2544 51.
1923 2508 1942 2541 ‹
1978 2488 2048 2545 Ut
2081 2504 2210 2560 ergo
2237 2499 2504 2545 venerunt
2540 2491 2607 2544 ad
2650 2504 2773 2546 eum
2806 2489 3160 2559 Samaritani,
3191 2510 3284 2550 ro—

1718 2582 1921 2655 gabant
1947 2596 2097 2647 eum,
2128 2590 2187 2635 ut
2209 2582 2349 2652 apud
2380 2582 2529 2652 ipsos
2552 2591 2832 2638 maneret:
2865 2591 2917 2638 et
2944 2585 3147 2639 mansit
3170 2585 3284 2645 illic

1717 2675 1853 2730 duos
1883 2674 1999 2730 dies
2051 2692 2064 2727 :
2109 2681 2165 2728 et
2215 2677 2384 2728 multo
2434 2673 2614 2743 plures
2665 2675 3008 2730 crediderunt
3058 2688 3281 2748 propter

1717 2782 2022 2824 sermonem
2053 2782 2207 2822 suum
2230 2766 2297 2819 ³⁸.
2338 2785 2358 2818 ι
2388 2764 2504 2821 Non
2535 2767 2728 2822 inscite
2756 2769 2877 2837 quis
2907 2767 3148 2824 conferet
3175 2771 3281 2826 hoc

1716 2860 1919 2915 dietum
1953 2878 1966 2912 :
2005 2876 2024 2910 ι
2059 2859 2118 2913 ln
2147 2858 2290 2912 viam
2318 2858 2557 2929 gentium
2607 2872 2676 2913 ne
2707 2859 2978 2925 abieritis,
3013 2868 3068 2914 et
3102 2861 3155 2915 in
3200 2861 3281 2917 οἱ*

1716 2957 1939 3009 vitalem
1969 2951 2439 3007 Samaritanorum
2471 2967 2574 3007 non
2605 2951 2982 3021 ingrediemini
3012 2952 3077 3021 ³³,
3107 2971 3128 3005 ι
3153 2968 3277 3008 cum

1717 3048 1820 3104 hoc
1846 3056 2125 3102 contextu.
2154 3044 2397 3115 Rogatus
2443 3048 2588 3101 enim
2632 3045 2897 3101 Servator
2936 3055 2991 3100 ut
3033 3056 3281 3103 maneret

1717 3143 1859 3213 apud
1915 3140 2328 3206 Samaritanos,
2378 3140 2579 3195 mansit
2626 3140 2735 3195 illic
2782 3140 2915 3196 duos
2967 3139 3277 3212 diesyqui

1721 3232 1972 3289 dixerat:
2009 3249 2027 3282 ι
2062 3230 2118 3285 1η
2140 3230 2413 3286 civitatem
2441 3229 2908 3285 Samaritanorum
2957 3247 3064 3286 non
3097 3233 3280 3304 ingre-

1716 3324 1940 3380 diemini
1991 3339 2007 3387 ;
2054 3341 2074 3375 ι
2117 3322 2264 3377 unde
2312 3320 2654 3392 perspicuum
2694 3336 2779 3377 est
2829 3322 3123 3393 discipulos
3161 3323 3279 3392 ejus

1717 3432 1837 3473 cum
1891 3417 2006 3486 ipso
2052 3415 2107 3470 itt
2150 3414 2427 3469 civitatem
2478 3414 2757 3484 ingressos
2796 3431 2902 3470 nou
2957 3415 3145 3470 fuisse.
3195 3416 3279 3471 Ad

1712 3508 1855 3581 quod
1885 3508 2172 3564 dicendum
2217 3516 2300 3562 est
2340 3506 2482 3575 quod
2527 3506 2607 3560 ire
2656 3506 2708 3560 in
2742 3506 2885 3560 viam
2911 3507 3175 3575 gentium,
3206 3509 3279 3564 sit

1714 3602 1960 3671 recipere
1978 3599 2195 3670 aliquod
2218 3600 2414 3668 dogma
2444 3598 2665 3670 gentile,
2706 3598 2944 3654 alienum
2976 3601 3046 3655 ab
3077 3600 3278 3657 Israelo

1714 3692 1831 3761 Dei,
1859 3706 1915 3749 et
1937 3693 2221 3749 ambulare
2262 3693 2314 3747 in
2344 3691 2464 3755 illo;
2507 3691 2711 3761 ingredi
2750 3705 2881 3745 vero
2914 3692 2965 3746 in
3000 3691 3274 3748 civitatem

1713 3785 2208 3851 Samaritanorum,
2253 3784 2325 3839 sit
2350 3783 2627 3838 adhaerere
2658 3782 2817 3838 alicui
2860 3786 3103 3841 scientiae
3141 3785 3279 3842 falso

1714 3878 2037 3942 nominatae,
2071 3892 2262 3933 eorum
2300 3875 2391 3945 qui
2425 3887 2484 3930 se
2516 3876 2706 3929 dicunt
2748 3876 3007 3933 adhibere
3036 3889 3277 3933 mentem

1711 3968 2003 4038 legalibus,
2033 3970 2118 4023 vel
2151 3969 2503 4038 propheticis,
2533 3970 2618 4024 vel
2658 3970 3003 4041 evangelicis,
3038 3971 3120 4025 vel
3150 3986 3279 4041 apo.

1710 4062 1919 4117 stolicis
1943 4062 2305 4117 sermonibus.
2340 4060 2794 4132 Relinquentibus
2823 4072 3002 4118 autem
3030 4062 3276 4119 Samari-

1710 4154 1857 4210 tanis
1906 4154 2183 4223 propriam
2238 4154 2451 4218 urbem,
2493 4165 2549 4209 et
2601 4142 2945 4213 venientibus
2992 4157 3059 4210 ad
3090 4154 3275 4211 Jesum

1711 4246 1852 4317 apud
1884 4246 2083 4301 fontem
2118 4243 2321 4310 Jacob,
2364 4245 2490 4301 licet
2532 4243 2686 4312 Iesu,
2731 4247 3037 4302 adtnittenti
3084 4262 3275 4303 eorum

1711 4338 1802 4409 qui
1863 4338 2209 4394 crediderant
2253 4339 2612 4408 propositum,
2668 4354 2890 4396 manere
2933 4340 3078 4408 apud
3128 4340 3275 4409 ipsos

1712 4440 1989 4502 rogantes.
2033 4429 2389 4500 Arbitrorque
2433 4429 2697 4488 Joannem
2748 4446 2870 4488 cum
2917 4432 3123 4502 judicio
3165 4447 3275 4488 non

49 4513 289 4570 εἰσελθεῖν
320 4519 401 4583 είς
432 4517 535 4590 τὴν
563 4518 894 4592 Σαμάρειαν,
930 4519 963 4592 ἢ
997 4520 1254 4574 εἰσελθεῖν
1285 4520 1391 4593 (21)
1410 4524 1489 4584 είς
1511 4521 1603 4594 τὴν

1767 4524 1980 4586 )suisse,
2017 4541 2037 4574 ι
2070 4526 2336 4594 rogabant
2362 4539 2484 4578 eum
2536 4543 2557 4576 ι
2607 4524 2941 4579 Samaritani
2988 4533 3049 4578 ut
3083 4524 3276 4581 Sama-

48 4605 187 4660 πόλιν
211 4649 225 4671 ,
269 4610 408 4665 ἀλλά
458 4630 480 4664 ι
515 4615 692 4683 μεῖναι
731 4612 860 4684 παρ’
893 4613 1092 4676 αὐτοῖς·
1122 4633 1140 4664 ι
1172 4614 1231 4666 οὐ
1263 4612 1371 4685 γάρ
1415 4616 1608 4669 ταυτόν

51 4698 155 4753 ἐστι
183 4704 262 4769 τὸ,
298 4707 486 4775 μεῖναι
519 4705 670 4777 παρά
702 4704 780 4777 τῷ
811 4705 1153 4773 πιστεύοντι,
1196 4707 1290 4759 καὶ
1308 4706 1403 4779 χτὸ,
1431 4706 1606 4760 εἰσελ-

49 4788 148 4846 θεῖν
181 4795 260 4860 είς
294 4797 397 4870 τὴν
449 4796 606 4853 πόλιν
658 4798 842 4852 αὑτοῦ.
879 4799 990 4854 Καὶ
1018 4799 1078 4853 τὸ
1110 4796 1234 4869 ἐξῆς
1262 4799 1321 4852 δὲ
1346 4797 1407 4852 οὔ
1438 4817 1569 4871 φησι
1592 4819 1605 4831 ο

109 4928 151 4961 ³⁸
177 4927 334 4986 Joan.
371 4947 448 4997 ιν,
481 4931 571 4995 40.
599 4933 688 4990 41.
766 4934 811 4966 ³³
832 4933 1024 4990 Matth.
1051 4931 1176 4997 x,5.

108 5051 214 5123 (16)
241 5052 426 5109 Codex
460 5053 800 5119 Borlleiattus,
822 5058 917 5109 καὶ
958 5053 1263 5125 ἐξελθόντες
1295 5053 1464 5125 αὐτῆς
1521 5055 1602 5118 είς

48 5125 188 5177 κενόν
232 5141 352 5187 πως
404 5125 739 5190 πιστεύουσι,
775 5129 960 5194 sicque
1001 5126 1129 5193 legit
1162 5123 1468 5189 Ferrarius,
1510 5126 1605 5178 sed

46 5195 257 5250 omnino
281 5195 565 5249 retinenda
595 5208 678 5251 est
703 5196 863 5251 codd.
896 5196 1043 5267 liegii
1068 5204 1123 5249 ct
1156 5194 1436 5248 Barberini
1471 5194 1606 5249 scri-

81 5277 210 5317 tura.

47 5278 218 5403 milii.)
266 5334 360 5400 Ὡς
390 5334 637 5391 πολλῶν
664 5335 855 5389 ὄντων
876 5333 1188 5404 ψυχικῶν·
1218 5333 1336 5402 τὴν
1376 5332 1466 5399 δέ,
1496 5340 1602 5388 etc.

45 5403 159 5459 Tria
190 5405 476 5460 hominum
500 5420 698 5473 genera
731 5420 762 5459 a
793 5403 1082 5473 Valentino
1112 5406 1405 5458 constituta
1434 5419 1599 5473 supra

44 5475 471 5546 observavimus.
499 5472 623 5530 Haec
642 5475 872 5546 ἐκλογῆς
904 5472 1064 5543 φύσις
1084 5473 1379 5546 ἀφθαρτος,
1404 5472 1608 5546 μονοει-

40 5541 145 5614 δὴς,
186 5545 281 5598 καὶ
319 5544 502 5614 ἑνικὴ,
530 5547 644 5611 ipsa
670 5555 754 5600 est
781 5541 1165 5615 πνευματικῶν
1192 5541 1469 5615 hominum
1512 5559 1605 5597 na-

45 5623 173 5687 tura,
204 5629 344 5687 quos
367 5628 425 5669 et
453 5617 742 5687 σπέρματα
772 5615 1009 5687 ἐκλογῆς
1029 5630 1059 5668 a
1095 5614 1484 5687 Valentiniauts
1509 5629 1606 5682 ap-

44 5683 167 5749 pella
180 5685 221 5737 ri
241 5686 436 5756 scribit
452 5683 681 5743 Iren'aéus
696 5688 836 5755 apud
861 5683 1219 5756 Epiphanium
1240 5686 1431 5739 haeres.
1452 5698 1602 5751 xxxi,

40 5767 146 5821 cap.
174 5756 268 5807 21.
309 5754 575 5811 Ηυετιοε.

102 5824 219 5893 (l8)
251 5824 366 5880 Καὶ
408 5824 600 5894 ἡμεῖς.
659 5823 822 5883 Deest
858 5825 913 5883 in
966 5825 1132 5897 Regio
1183 5835 1237 5883 et
1279 5822 1596 5891 Barbarino,

1717 4616 1853 4669 riam
1883 4616 2285 4686 ingrederetur,
2315 4616 2423 4682 vel,
2476 4624 2535 4670 ut
2568 4616 2945 4687 ingrederetur
2984 4617 3038 4670 in
3081 4616 3276 4672 civita-

1714 4716 1848 4774 tem,
1875 4709 1990 4772 sed.
2027 4728 2046 4760 ι
2087 4718 2143 4763 ut
2170 4718 2415 4765 maneret
2435 4708 2580 4778 apud
2630 4709 2780 4778 ipsos
2827 4724 2844 4772 ;
2899 4727 2922 4763 ι
2973 4723 3077 4762 nou
3130 4709 3275 4764 enim

1720 4801 1863 4856 idem
1897 4811 1984 4857 est
2018 4817 2238 4858 manere
2268 4803 2404 4873 apud
2433 4803 2767 4867 credentem,
2795 4813 2850 4857 et
2875 4801 3079 4873 ingredi
3114 4800 3168 4856 in
3195 4800 3278 4855 ei-

1715 5055 1807 5127 sed
1854 5054 2050 5127 legitur
2076 5055 2129 5107 in
2162 5052 2477 5127 Bodleiano.

1786 5119 2593 5197 (l9)'2.‘_vreta's.ln.zdaswqr.
2648 5119 2890 5197 Negandi
2925 5123 3269 5197 particulam

1715 5190 1936 5266 apponit
1969 5194 2279 5257 Ferrarius,
2307 5202 2363 5248 et
2399 5192 2611 5247 merito.
2645 5190 2813 5247 Sectis
2841 5190 2997 5247 codd.
3026 5193 3273 5249 Bodleia-

1715 5282 1837 5320 nus.
1864 5265 2083 5320 Regius.
2119 5262 2446 5319 Barberinus
2481 5273 2537 5316 et
2572 5262 2876 5317 Perionius.

2068 5304 2083 5328 ,
2119 5279 2446 5319 Dal‘Del‘lnllS
2481 5279 2537 5316 σι
2572 5279 2876 5317 ι’θιδιοιιιιιε.

1713 5282 1837 5328 nus,
1864 5280 2083 5335 uegtus,
2119 5280 2446 5319 uarnertnus
2481 5280 2537 5316 et
2572 5280 2876 5317 rertontus.

1782 5336 1894 5411 (ΞΟ)
1919 5336 2086 5411 Codd.
2140 5334 2340 5411 lfegius
2376 5342 2440 5411 ‘et
2479 5331 2831 5411 Barberiuus,
2866 5334 2959 5411 καὶ
2982 5331 3269 5411 ..ἐλθόντων

1713 5402 1978 5480 πρὸς-’τὴν
2013 5402 2401 5480 Ἰησοῦν⁷ίπαρᾼά
2440 5405 2559 5480 τήν,
2591 5407 2832 5480 etc.;_sed
2872 5405 2923 5457 itt
2977 5402 3269 5480 Bodleiano

1712 5473 1819 5533 non
1850 5476 2043 5547 legitur
2068 5473 2204 5547 πρὸς
2224 5476 2315 5529 τὸν
2334 5473 2584 5546 Ἰησοῦν,
2611 5474 2750 5542 quod
2774 5474 2964 5530 abesse
2995 5480 3172 5541 potest
3197 5473 3270 5525 si-

1714 5548 2544 5625 ιιοιιιῌοἐειιευεῆόθιι-ίιηθιιιο.⁸
2614 5614 2626 5625 .
2696 5613 2810 5625 η-
2902 5611 2941 5625 “
3018 5610 3030 5622 .
3222 5613 3235 5625 ν

1784 5617 1896 5692 (gl)
1921 5617 2098 5692 Codex
2113 5616 2476 5692 _Bod_leiauus,_
2500 5614 2549 5692 ﬁ
2581 5613 2879 5692 εἰσελθεῖν-ξ
2902 5611 3101 5692 Regius
3128 5613 3264 5692 omi:

1711 5680 1887 5757 sit'ﬁ,'
1909 5686 2067 5757 male.
2113 5685 2277 5740 Paulo
2311 5694 2431 5756 post
2463 5680 2602 5740 idem
2633 5686 2804 5742 codex
2843 5681 3184 5748 Bodleianus,
3210 5680 3271 5736 τὺ

1712 5756 1911 5829 μεῖναι,
1948 5756 2173 5829 Regius,
2195 5757 2289 5812 τοῦ
2320 5759 2521 5830 μεῖναι.
