3702 6142
457 327 564 384 495

1934 337 1955 387 (

2124 334 2254 392 ΞΝῘὸ
3553 353 3631 409 ιειθ

455 446 680 502 vitatem
734 444 919 516 ipsius.
969 444 1109 513 Quin
1157 446 1323 503 lectio
1380 460 1615 518 sequens
1676 464 1780 505 non
1846 451 1955 521 inqi

2126 458 2237 513 Kal.
2268 457 2479 529 ἔμεινεν
2526 456 2587 512 ὲν
2627 460 2692 531 τῇ
2728 458 2881 514 πόλει
2915 461 3095 535 ἐκείνῃ
3134 482 3153 514 t
3190 463 3284 517 δύο
3315 466 3519 537 ἡμέρας,
3546 491 3562 525 ι
3586 475 3630 544 ἢ,

455 536 723 592 mansisse
773 551 897 591 eum
948 536 1004 593 in
1051 539 1272 595 civitate
1318 539 1410 595 illa
1463 558 1483 594 ι
1527 542 1662 597 duos
1699 544 1834 609 dies,
1871 563 1892 598 ι
1936 547 2022 602 vel

452 629 596 698 quod
625 630 884 684 manserit
913 630 967 686 in
999 631 1273 698 Samaria,
1298 634 1396 690 sed
1423 653 1443 686 ι
1478 636 1678 691 mansit
1707 635 1847 706 illic,
1873 656 1891 689 ι
1921 639 2022 694 hoc

453 732 557 786 est,
614 738 778 793 penes
827 738 924 780 eos
981 725 1073 792 qui
1123 736 1403 797 rogaram.
1450 726 1632 783 Manet
1679 731 1824 784 enim
1865 729 2023 789 Iesus

454 815 594 883 apud
632 829 729 869 eos
778 815 870 884 qui
921 825 1134 887 rogant,
1180 829 1236 871 et
1279 818 1550 887 praecipue
1599 834 1723 874 cum
1767 831 2022 889 rogantes

450 920 575 962 eum
607 906 957 977 egrediuntur
988 922 1057 961 ex
1086 907 1220 961 urbe
1245 922 1367 973 sua,
1399 918 1454 963 et
1484 909 1712 964 veniunt
1739 910 1806 964 ad
1842 911 2019 981 ipsum

450 998 658 1066 Iesum,
702 999 983 1054 Abraham
1026 998 1191 1055 veluti
1240 1000 1436 1056 imitati
1480 1011 1760 1071 parentem
1793 1003 1902 1057 Deo
1941 1002 2024 1058 di-

450 1089 636 1145 centi:
686 1109 711 1142 v
740 1089 1007 1160 Egredere
1034 1092 1100 1145 de
1125 1100 1270 1145 terra
1308 1101 1421 1156 tua,
1474 1103 1531 1148 et
1577 1092 1646 1150 de
1693 1095 2019 1163 cognatione

456 1190 568 1246 tua,
603 1192 658 1236 et
682 1183 748 1237 de
783 1185 942 1237 domo
968 1183 1138 1251 patris
1167 1185 1240 1238 tui
1273 1184 1339 1238 ³⁸.
1379 1203 1399 1237 ι
1435 1184 1632 1241 Mansit
1659 1197 1838 1242 autem
1885 1189 2020 1244 duos

452 1276 571 1331 dies
593 1289 759 1344 penes
789 1291 884 1332 eos
931 1292 960 1329 a
1014 1276 1212 1347 quibus
1242 1290 1462 1350 rogatus
1510 1280 1691 1335 fuerat
1730 1299 1745 1335 :
1782 1282 2017 1359 nondum

452 1368 597 1423 enim
625 1369 911 1438 capiebant
943 1372 1156 1426 tertium
1193 1370 1338 1428 illius
1369 1373 1533 1439 diem,
1564 1374 1823 1443 quoniam
1853 1376 2021 1429 mira-

452 1460 698 1516 culosum
724 1462 926 1532 aliquid
950 1478 1146 1532 capere
1179 1481 1285 1519 non
1318 1474 1586 1533 poterant,
1612 1465 1836 1536 perinde
1859 1475 2020 1535 atque

450 1558 704 1612 concives
736 1557 897 1612 Canae
930 1557 1169 1614 Galilaete
1214 1562 1372 1614 tertia
1439 1562 1527 1617 die
1576 1575 1698 1616 cum
1748 1558 1874 1616 Iesu
1907 1574 2020 1616 cm-

450 1658 646 1705 nantcs
693 1649 1019 1720 iu'nuptiis.
1067 1649 1230 1723 265
1277 1652 1611 1724 Principium
1661 1655 1829 1721 igitur
1874 1655 2019 1723 quod

449 1740 603 1796 multi
632 1743 980 1797 crediderunt
1006 1759 1073 1798 ex
1107 1744 1380 1810 Samaria,
1410 1760 1590 1800 sermo
1632 1745 1739 1801 fuit
1770 1746 2018 1801 mulieris

2126 549 2379 619 Ἔμεινεν
2408 551 2467 603 ὲν
2493 553 2559 623 τῇ
2593 551 2893 624 Σαμαρείᾳ,
2920 553 3034 607 ἀλλ’
3071 573 3093 606 t
3121 553 3334 626 ἔμεινεν
3361 558 3480 625 ἐκεῖ,
3504 580 3520 613 ο
3537 579 3632 616 του.

2122 639 2271 694 τέστι
2330 641 2482 712 παρὰ
2526 644 2639 707 τοῖς
2683 645 3014 716 ὲρωτήσασι.
3064 647 3234 700 Μένει
3280 648 3384 720 γὰρ
3413 652 3438 702 ὁ
3470 652 3634 724 Ἰησοῦς

2063 792 2066 794 ν
2123 731 2275 803 παρὰ
2313 736 2424 796 τοῖς
2460 734 2782 807 ὲρωτήσασι,
2813 736 2903 789 καὶ
2935 737 3167 808 μάλιστα
3197 738 3286 792 ὅτε
3313 742 3360 793 οἱ
3384 744 3636 813 ἐρωτῶντες

2121 823 2282 877 αὐτὸν
2324 822 2632 895 ἐξέρχονται
2683 827 2783 898 τῆς
2836 828 3042 893 πόλεως
3089 831 3289 897 αὐτῶν,
3324 834 3413 885 καὶ
3440 834 3637 909 ἔρχονται

2123 911 2260 984 πρὸς
2293 913 2454 967 αὐτὸν
2485 914 2692 986 Ἰησοῦν
2744 916 2858 989 (22)
2886 956 2902 984 ,
2956 920 3122 975 οἱονεὶ
3179 923 3525 994 μιμησάμενοι
3570 929 3638 982 τδι

2134 1002 2403 1075 Ἀϐραὰμ,
2435 1004 2723 1060 πεισθέντα
2755 1007 2834 1079 τῷ
2884 1010 3267 1083 είπόντιθεῷο
3306 1033 3328 1064 ί
3364 1013 3557 1080 Ἔξελθε
3591 1021 3640 1073 ἐκ

2121 1093 2222 1163 τῆς
2255 1095 2360 1166 γῆς
2394 1111 2508 1160 σου,
2539 1097 2633 1151 καὶ
2660 1099 2727 1151 ὲκ
2762 1099 2860 1170 τῆς
2886 1103 3207 1169 συγγενείας
3234 1121 3350 1167 σου,
3383 1107 3471 1160 καὶ
3493 1108 3547 1161 ὲκ
3566 1096 3640 1163 τοῦ

2120 1184 2271 1238 οἴκου
2298 1184 2391 1239 τοῦ
2424 1186 2630 1260 πατρός
2664 1205 2780 1242 σου.
2814 1209 2834 1242 ι
2868 1189 2972 1244 Δύο
3001 1191 3057 1245 δὲ
3089 1193 3302 1264 ἡμέρας
3348 1196 3486 1265 μένει
3526 1202 3642 1270 παρὰ

2120 1279 2232 1342 τοῖς
2280 1278 2617 1351 ὲρωτήσασιν
2647 1281 2831 1334 αὐτόν·
2882 1280 3096 1337 οὐδέπω
3140 1284 3252 1357 γὰρ
3305 1285 3527 1358 ἐχώρουν
3572 1293 3642 1345 καὶ

2119 1368 2217 1440 τὴν
2248 1370 2439 1442 τρίτην
2458 1371 2622 1425 αὑτοῦ
2646 1373 2880 1444 ἡμέραν,
2910 1375 3032 1428 ἐπεὶ
3055 1375 3153 1447 οὐχ
3178 1372 3282 1430 οἷοί
3312 1396 3370 1431 τε
3409 1374 3535 1451 ἦσαν
3559 1399 3640 1451 χω-

2122 1463 2287 1533 ρῆσαι
2315 1481 2369 1516 τι
2395 1466 2696 1536 τεράστιον,
2722 1469 2902 1523 ὁποῖον
2931 1470 2981 1522 ei
3010 1471 3070 1522 ὲν
3105 1471 3260 1540 Κανᾷ
3286 1472 3384 1544 τῆς
3404 1474 3642 1540 Γαλιλαίας

2119 1558 2186 1627 τῇ
2228 1557 2410 1630 ἡμέρᾳ
2440 1560 2506 1630 τῇ
2544 1558 2703 1632 τρίτῃ
2740 1562 3177 1628 συνδειπνοῦντες
3207 1565 3285 1636 τῷ
3318 1567 3482 1637 Ἰησοῦ
3512 1569 3565 1619 ὲν
3587 1570 3642 1638 τῷ

2120 1648 2303 1720 γάμῳ.
2349 1651 2415 1703 Ἦ
2449 1650 2549 1722 μὲν
2588 1647 2680 1706 οὖν
2724 1653 2866 1725 ἁρχὴ
2918 1653 3026 1707 τῶν
3077 1655 3185 1709 ἀπὸ
3235 1657 3338 1727 τῆς
3383 1659 3645 1731 Σαμαρείας

2121 1743 2483 1797 πιστευόντων
2529 1742 2739 1799 πολλῶν
2770 1741 2842 1817 ἦν
2874 1749 2903 1800 ό
2934 1746 3087 1817 λόγος
3116 1749 3216 1819 τῆς
3255 1751 3506 1818 γυναικὸς
3537 1769 3641 1822 μαρ-

446 1835 798 1891 tes‘tiiicantis
832 1837 1036 1892 dixisse
1080 1840 1183 1893 sibi
1233 1839 1418 1894 IeSum
1452 1840 1633 1895 omnia
1682 1852 1955 1910 quaecunqw

2124 1832 2387 1905 τυρούσης
2412 1835 2519 1889 ὅτι(
2537 1830 2673 1889 Εῐπέ.
2716 1854 2806 1908 μοι
2837 1837 3012 1891 πάντα
3042 1837 3078 1892 ἃ.
3106 1840 3357 1911 ἐποίησα·
3376 1842 3497 1914 ιήδὲ
3524 1842 3647 1911 αὔξῃ-

444 1927 705 1996 fecisset;
737 1928 1136 1985 incrementum
1164 1942 1297 1987 vero
1327 1941 1380 1985 et
1415 1931 1796 2002 multiplicatio
1822 1942 2014 1988 eorum

447 2021 541 2090 qui
573 2019 740 2076 multo
776 2023 958 2091 plures
993 2023 1365 2086 crediderunt,
1397 2038 1504 2079 non
1539 2024 1770 2095 amplius
1799 2033 2021 2095 propter

449 2127 756 2169 sermonem
798 2115 1081 2178 mulieris,
1128 2117 1225 2171 sed
1262 2124 1483 2186 propter
1526 2130 1831 2171 sermonem
1864 2115 2016 2186 ejus:

449 2205 592 2273 quod
643 2219 750 2259 non
797 2219 953 2273 teque
1004 2207 1128 2275 ipse
1187 2205 1423 2271 Sermo,
1477 2205 1617 2278 [seu
1657 2204 1829 2263 Filius
1878 2204 2018 2282 Dei]

450 2305 800 2365 agnoscatur,
828 2310 949 2351 cum
986 2297 1182 2367 aliquis
1210 2298 1277 2353 de
1317 2298 1435 2367 ipso
1466 2297 1816 2361 testificatur,
1856 2307 2017 2370 atque

449 2401 569 2439 cum
607 2386 718 2454 ipse
745 2402 776 2442 a
802 2403 863 2443 se
896 2388 1013 2457 ipso
1042 2389 1278 2444 illustrat
1324 2400 1380 2443 et
1422 2389 1603 2444 erudit
1634 2390 2019 2458 percipientem

449 2477 800 2547 discipulum.
837 2480 906 2533 At
931 2479 1234 2535 Heracleon
1265 2481 1318 2535 in
1343 2482 1460 2536 haec
1492 2482 1608 2536 loca
1653 2483 1770 2537 haec
1803 2482 2013 2553 inquit:

455 2591 476 2623 σ
500 2573 653 2634 Apud
670 2573 810 2640 ipsos
834 2573 1054 2635 mansit,
1079 2582 1135 2628 et
1158 2589 1263 2627 non
1291 2575 1344 2629 in
1369 2574 1531 2644 ipsis;
1554 2583 1610 2628 et
1635 2574 1765 2627 duo;
1782 2573 1914 2634 dies,
1942 2574 2020 2629 vi-

448 2661 644 2716 delicet
695 2662 775 2716 vel
818 2679 1055 2731 praesens
1086 2665 1382 2727 Saeculum,
1422 2675 1477 2721 et
1510 2666 1749 2720 futurum
1805 2678 2018 2736 tempus

450 2754 784 2821 nuptiarum,
828 2756 913 2808 vel
970 2766 1184 2825 tempus
1228 2770 1356 2813 ante
1401 2759 1709 2827 passionem
1745 2775 1920 2824 suam,
1962 2771 2020 2817 et

440 2854 569 2912 post
600 2846 905 2913 passionem
931 2863 1084 2902 suam
1112 2868 1125 2904 :
1151 2850 1294 2918 quod
1323 2857 1534 2918 tempus
1561 2852 1703 2921 apud
1726 2852 1871 2920 ipsos
1892 2868 2016 2907 cum

444 2936 713 3006 desisset,
743 2947 799 2991 et
829 2938 999 2992 multo
1026 2939 1210 3008 plures
1247 2940 1466 3009 proprio
1497 2956 1748 2997 sermone
1785 2958 2018 2999 conver-

446 3029 601 3084 tisset
642 3029 708 3083 ad
746 3028 927 3091 fidem,
961 3043 1247 3100 separatus
1279 3044 1364 3088 est
1409 3034 1639 3090 abillis.
1679 3055 1699 3089 ι
1734 3037 1814 3091 Ad
1852 3052 2013 3106 quam

446 3122 619 3190 ipsius
663 3135 1011 3192 apparentem
1068 3127 1532 3192 observationem,
1588 3128 1797 3182 scilicet
1848 3130 2016 3198 quod,

445 3212 591 3280 apud
650 3213 825 3282 ipsos,
891 3225 945 3268 et
1010 3229 1137 3281 non,
1203 3217 1255 3270 in
1323 3218 1470 3287 ipsis,
1521 3218 1783 3286 scriptum
1831 3219 2013 3284 fuerit,

446 3307 735 3362 dicendum
760 3319 842 3361 est
881 3310 1021 3377 quod
1057 3309 1183 3362 illud
1223 3311 1427 3364 dictum
1475 3330 1488 3365 :
1546 3328 1565 3361 ι
1606 3313 1748 3366 Ecce
1781 3327 1880 3382 ego
1913 3300 2017 3367 vo:

444 3398 653 3454 hiscum
688 3414 809 3454 sum
846 3403 1098 3456 cinuibus
1126 3402 1316 3456 diebus
1356 3401 1492 3468 "'3',
1515 3419 1535 3454 ι
1556 3401 1732 3457 simile
1752 3399 1826 3455 sit
1859 3404 2009 3468 huic,

451 3510 472 3543 ι
519 3491 659 3561 apud
694 3493 839 3559 ipsos
872 3494 1114 3558 mansit;
1153 3511 1171 3545 ι
1212 3508 1317 3547 non
1359 3494 1502 3548 enim
1536 3495 1672 3571 dixit
1714 3514 1728 3549 :
1772 3493 1829 3549 In
1863 3496 2016 3550 vobis

439 3598 587 3638 sum.
628 3583 890 3637 Praeterea
927 3585 1114 3638 dicens
1149 3585 1284 3640 duos
1328 3587 1442 3641 dies
1472 3599 1593 3640 esse
1624 3587 1706 3641 vel
1738 3587 1843 3641 hoc
1875 3602 2016 3656 prai-

439 3686 574 3728 sens
599 3673 853 3725 sazculum
886 3682 934 3727 et
972 3671 1237 3737 futurum,
1269 3677 1353 3727 vel
1383 3683 1598 3744 tempus
1625 3685 1754 3730 ante
1792 3676 2007 3743 passio-

438 3779 569 3819 nem
594 3774 655 3819 et
686 3776 808 3834 post
845 3765 1178 3835 passionem,
1225 3779 1407 3834 neque
1443 3765 1877 3835 supervenientia
1910 3778 2012 3819 sae-

434 3855 565 3912 cula
605 3867 725 3924 post
759 3857 1000 3911 futurum
1035 3856 1294 3911 saeculum
1343 3857 1743 3920 consideravit,
1790 3856 1857 3911 de
1896 3855 2016 3925 qui—

437 3948 547 4001 bus
588 3948 769 4018 inquit
818 3949 1150 4017 Apostolus:
1194 3967 1213 4000 ι
1246 3948 1319 4004 Ut
1366 3949 1681 4005 ostenderet
1722 3950 1779 4004 in
1828 3965 2015 4018 super-

441 4042 694 4093 venturis
719 4040 933 4093 smculis
964 4040 1052 4106 ³τ;
1093 4058 1112 4092 ι
1150 4056 1323 4109 neque
1354 4041 1630 4111 perspexit
1667 4043 1812 4111 quod
1851 4039 2010 4095 Iesus

442 4146 555 4184 non
585 4132 759 4186 solum
789 4143 915 4187 ante
943 4135 1276 4201 passionem,
1304 4150 1490 4189 verum
1516 4136 1681 4189 etiam
1718 4144 1841 4204 post
1888 4146 2011 4202 pas-

444 4225 653 4278 sionem
681 4238 1034 4280 conversatur
1059 4243 1180 4281 cum
1222 4228 1304 4280 his
1332 4227 1423 4294 qui
1453 4227 1518 4279 ad
1550 4228 1727 4294 ipsum
1763 4226 2007 4288 veniunt,

443 4322 500 4367 et
529 4326 708 4384 postea
740 4331 1020 4386 separatur
1059 4335 1074 4372 :
1116 4333 1331 4386 semper
1370 4319 1516 4371 enim
1566 4332 1689 4371 cum
1732 4316 2010 4383 discipulis

2124 1942 2209 1989 σις
2241 1926 2336 1980 καὶ
2360 1929 2390 1979 ό
2418 1926 2735 1999 πληθυσμὸς
2765 1929 2874 1983 τῶν
2908 1929 3088 2001 πολλῷ
3117 1930 3381 1984 πλειόνων
3411 1933 3644 1985 πιστευόν-

2118 2034 2250 2085 των,
2273 2018 2456 2073 οὐκέτι
2488 2018 2573 2074 διὰ
2601 2019 2692 2075 τὸν
2719 2021 2875 2089 λόγον
2905 2023 3003 2093 τῆς
3032 2023 3308 2091 γυναικὸς,
3332 2024 3461 2077 ἀλλὰ
3484 2024 3562 2078 διὰ
3581 2025 3647 2077 τὸν

2118 2110 2274 2181 λόγον
2302 2111 2487 2166 αὐτοῦ.
2524 2114 2600 2167 Οὐ
2628 2114 2734 2186 γὰρ
2759 2115 2959 2186 ὁμοίως
3004 2116 3166 2181 αὐτὸς
3203 2117 3296 2186 ἀφ’
3326 2117 3510 2171 ἑαυτοῦ
3539 2117 3638 2170 θεωο

2120 2203 2293 2275 ρεῖται
2324 2205 2353 2257 ὁ
2384 2204 2586 2274 Λόγος,
2618 2206 2866 2277 φωτίζων
2912 2208 3003 2262 τὸν
3051 2208 3331 2280 χωροῦντα
3355 2248 3369 2273 ,
3412 2209 3443 2281 ἢ
3486 2211 3563 2262 ὅτε
3597 2209 3645 2263 δι’

2116 2294 2307 2366 ἑτέρου
2342 2295 2630 2368 λεγόμενος
2664 2303 3038 2372 μαρτυρεῖται.
3081 2299 3140 2354 Ὀ
3176 2300 3234 2354 δὲ
3266 2300 3559 2374 ’Πρακλέων
3588 2303 3649 2363 είς

2116 2386 2246 2450 τοὺς
2274 2387 2471 2453 τόπους
2501 2388 2673 2444 ταῦτά
2704 2407 2856 2460 φησιο
2900 2411 2918 2443 ‹
2942 2391 3079 2463 Παρ’
3102 2392 3289 2456 αὐτοῖς
3316 2411 3335 2442 ι
3374 2392 3559 2463 ἔμεινε,
3576 2399 3651 2444 καὶ

2117 2478 2218 2532 οὐκ
2251 2481 2309 2532 ὲν
2334 2482 2518 2545 αὐτοῖς
2541 2498 2553 2513 ·
2586 2483 2679 2536 καὶ
2709 2503 2730 2535 ι
2752 2484 2845 2538 δύο
2870 2485 3132 2557 ἡμέρας,ι
3164 2486 3282 2555 ἦτοι
3305 2485 3395 2539 τὸν
3424 2485 3649 2539 ἐνεστῶτα

2120 2567 2310 2622 αἰῶνα.
2345 2570 2437 2623 καὶ
2469 2570 2560 2624 τὸν
2606 2572 2863 2643 μέλλοντα
2891 2574 2982 2626 τὸν
3022 2576 3080 2627 ὲν
3140 2574 3327 2645 γάμῳ,
3360 2574 3392 2645 ἢ
3444 2574 3527 2628 τόν
3570 2574 3652 2646 πρὸ

2118 2663 2211 2712 τοῦ
2248 2660 2454 2725 πάθους
2481 2662 2645 2716 αὐτοῦ
2685 2664 2896 2736 χρόνον,
2928 2666 3134 2719 καὶτὸν
3168 2665 3308 2737 μετὰ
3334 2666 3395 2720 τὸ
3426 2662 3651 2728 ademit

2121 2753 2250 2823 παρ’
2283 2753 2466 2819 αὐτοῖς
2496 2755 2725 2826 ποιήσας
2750 2797 2764 2821 ,
2805 2756 2983 2828 πολλῷ
3014 2757 3264 2822 πλείονας
3303 2757 3395 2812 διὰ
3422 2756 3512 2811 τοῦ
3549 2755 3651 2809 ιδίσυ

2118 2842 2278 2913 λόγου
2312 2845 2648 2917 ἐπιστρέψας
2672 2848 2752 2911 είς
2787 2849 2971 2901 πίστιν
3003 2848 3272 2920 ἐχωρίσθη
3310 2849 3407 2903 ἀπ’
3434 2850 3608 2903 αὐτῶν.
3634 2867 3648 2896 ι

2119 2936 2354 2991 Λεκτέον
2375 2936 2430 2990 δὲ
2457 2938 2593 3009 πρὸς
2638 2938 2736 3008 τὴν
2781 2939 3042 2993 δοκοῦσαν
3068 2938 3234 2993 αὑτοῦ
3268 2941 3651 3013 παρατήρησιν.

2116 3028 2221 3092 ὅτι,
2252 3049 2269 3080 ι
2302 3030 2432 3101 παρ’
2457 3030 2670 3093 αὐτοῖς,
2710 3050 2728 3081 ι
2769 3033 2860 3085 καὶ
2886 3033 3006 3097 οὐκ,
3031 3034 3087 3086 ἐν
3116 3034 3322 3096 αὐτοῖς,
3359 3033 3649 3103 γέγραπται.

2120 3117 2202 3171 ὅτι
2238 3119 2422 3189 ὅμοιον
2447 3120 2546 3191 τῷ,
2579 3140 2596 3172 ι
2633 3124 2759 3193 παρ’
2790 3123 2993 3187 αὐτοῖς,
3025 3143 3043 3174 ι
3074 3123 3190 3176 ἐστὶ
3225 3124 3284 3176 τό
3306 3139 3319 3152 ο
3358 3144 3378 3175 ι
3426 3123 3547 3176 Ἰδοὺ
3568 3120 3653 3189 ἐγὼ

2123 3208 2242 3279 μεθ’
2277 3209 2430 3281 ὑμῶν
2468 3211 2580 3282 εἰμι
2613 3212 2791 3276 πάσας
2816 3212 2913 3276 τὰς
2940 3214 3185 3285 ἡμέρας·
3225 3233 3243 3265 ι
3276 3215 3338 3267 οὐ
3377 3215 3484 3285 γὰρ
3513 3210 3651 3266 εἶπεν

2132 3298 2220 3352 Ἐν
2249 3301 2376 3371 ὑμῖν
2404 3298 2565 3371 εἰμί,·²
2583 3303 2703 3355 Ἔτι
2746 3302 2802 3355 δὲ
2859 3302 3031 3372 λέγων
3059 3304 3158 3367 τὰς
3187 3304 3278 3357 δύο
3308 3305 3535 3376 ἡμέρας,
3563 3304 3654 3373 ἦτοι

2118 3391 2304 3446 τοῦτον
2335 3393 2427 3447 τὸν
2453 3394 2623 3448 αἰῶνα
2650 3391 2807 3459 εἶναι,
2835 3396 2929 3449 καὶ
2960 3398 3048 3449 τὸν
3074 3396 3415 3468 μέλλοντα,ἦ
3461 3395 3546 3448 τὸν
3572 3392 3676 3465 πρὸ⁷

2119 3482 2211 3535 τοῦ
2239 3483 2463 3547 πάθους,
2497 3485 2590 3538 καὶ
2618 3484 2756 3555 μετὰ
2795 3485 2855 3538 τὸ
2899 3485 3088 3547 πάθος,
3119 3485 3241 3538 οὔτε
3278 3487 3409 3549 τοὺς
3460 3487 3654 3554 ἐπερχο-

2125 3573 2316 3643 μένους
2347 3573 2547 3638 αἰῶνας
2574 3574 2712 3646 μετὰ
2741 3575 2830 3629 τὸν
2857 3576 3119 3645 μέλλοντα
3161 3576 3409 3645 νενόηκε,
3452 3575 3568 3644 περὶ
3599 3568 3656 3623 ὧν

2117 3681 2280 3735 φησιν
2313 3666 2341 3717 ὁ
2367 3666 2712 3730 Ἀπόστολος·
2752 3686 2770 3718 t
2802 3669 2917 3721 Ἵνα
2963 3667 3258 3738 ἐνδείξηται
3293 3669 3353 3720 ἐν
3387 3668 3493 3728 τοῖς
3528 3662 3656 3716 didm

2118 3761 2231 3823 τοῖς
2271 3759 2656 3830 ἐπερχομένοις
2673 3778 2685 3789 ·
2713 3779 2731 3811 ι
2760 3758 2882 3813 οὔτε
2912 3759 3155 3831 ἑώρακεν
3179 3761 3313 3831 (εδ),
3344 3760 3428 3813 ὅτι
3447 3758 3504 3810 οὐ
3528 3755 3657 3826 μόνον

2120 3851 2227 3923 πρὸ
2250 3850 2343 3906 τοῦ
2379 3851 2602 3917 πάθους,
2635 3851 2769 3905 ἀλλὰ
2809 3852 2905 3906 καὶ
2938 3851 3073 3922 μετὰ
3107 3850 3218 3921 (24)
3271 3851 3335 3903 τὸ
3366 3848 3531 3910 πάθος
3560 3845 3657 3897 σᾶν·

2119 3959 2234 3995 εστι
2282 3944 2393 4006 τοῖς
2426 3942 2735 4012 ἐρχομένοις
2762 3942 2897 4012 πρὸς
2922 3941 3082 3995 αὑτὸν
3112 3943 3142 3993 ὁ
3174 3939 3404 4012 Ἰησοῦς,
3431 3939 3523 3992 καὶ
3550 3933 3657 4006 pati

2117 4033 2276 4086 τοῦτο
2307 4032 2623 4105 χωρίζεται·
2653 4035 2740 4086 ἀεὶ
2775 4035 2882 4106 γὰρ
2932 4033 3069 4104 μετὰ
3095 4032 3201 4086 τῶν
3246 4031 3503 4103 μαθητῶν
3528 4032 3655 4085 ἐστι,

2117 4124 2341 4195 μηδέπω
2367 4125 2497 4179 ποτὲ
2525 4125 2863 4178 καταλείπων
2898 4126 3008 4195 (25)
3040 4124 3265 4187 αὐτούς’
3301 4124 3447 4177 ὥστε
3482 4121 3569 4175 καὶ
3592 4117 3660 4169 ii—

2113 4235 2230 4285 γειν
2266 4219 2462 4282 αὐτούς
2484 4236 2496 4249 ·
2538 4237 2555 4268 ι
2597 4216 2685 4272 Ζῶ
2707 4217 2783 4281 δὲ,
2823 4218 2925 4270 οὐκ
2970 4217 3049 4271 ἔτι
3083 4217 3192 4287 ἐγὼ
3217 4256 3233 4281 ,
3282 4217 3350 4288 ζῇ
3383 4216 3441 4269 δὲ
3473 4217 3528 4268 ὲν
3558 4208 3659 4281 ἐμοὶ

2114 4314 2367 4385 Χριστός.
2407 4332 2425 4363 ι

442 4421 550 4476 est,
582 4424 851 4479 nunquam
887 4414 954 4468 ab
983 4414 1063 4467 eis
1086 4411 1372 4466 discedens
1402 4427 1417 4476 ;
1453 4410 1588 4464 adeo
1624 4419 1687 4464 ut
1719 4409 1880 4463 etiam
1913 4408 2093 4463 dicant
2127 4428 2139 4462 :
2176 4428 2195 4460 ι
2230 4409 2360 4461 Vivo
2388 4416 2588 4470 autem,
2622 4420 2725 4460 non
2762 4403 2994 4474 amplius
3020 4418 3141 4472 ego,
3175 4402 3308 4455 vivit
3348 4415 3481 4454 vero
3514 4396 3562 4451 in
3591 4407 3658 4447 me

440 4503 690 4559 Christus
713 4503 779 4556 ³⁸.
810 4522 829 4555 ι

514 4598 603 4652 52.
648 4616 666 4649 ι
702 4595 910 4650 Mulieri
939 4605 1117 4649 autem
1154 4594 1442 4648 dicebant:
1483 4591 1596 4647 Non
1623 4591 1851 4662 amplius
1882 4607 1955 4661 [ιι-ι

2175 4587 2263 4643 52.
2309 4609 2325 4639 ι
2358 4589 2435 4661 Τῇ
2480 4588 2536 4641 δὲ
2574 4589 2791 4656 γυναικὶ
2829 4587 3044 4656 ἔλεγον·
3102 4585 3298 4639 Οὐκέτι
3329 4582 3421 4638 διὰ
3465 4581 3655 4650 etuia-

438 4702 561 4758 pter
585 4690 850 4757 loquelam
877 4699 1020 4742 tuam
1044 4686 1318 4743 credimus
1339 4705 1352 4740 :
1376 4687 1474 4754 ipsi
1505 4686 1652 4740 enim
1680 4685 2008 4748 audivimus,

441 4790 497 4834 et
528 4782 733 4835 scimus
764 4782 908 4850 quod
942 4781 1029 4834 hic
1063 4786 1147 4833 est
1181 4792 1309 4831 vere
1342 4779 1606 4834 Servatur
1651 4775 1838 4829 mutuli
1878 4776 1944 4830 ³³.
1982 4793 2003 4829 ›

444 4871 653 4937 Negant
698 4873 857 4927 ﬁdem
892 4888 1012 4926 eam
1044 4888 1204 4939 quam
1243 4870 1516 4925 habebant
1562 4876 1785 4938 propter
1821 4868 2007 4937 loque-

444 4966 549 5019 lam
584 4964 849 5030 mulieris,
877 4980 943 5021 eo
979 4966 1120 5034 quod
1166 4966 1266 5018 hac
1299 4962 1731 5032 prmstantiorem
1762 4958 2006 5014 invenis-

2117 4681 2235 4735 λιὰν
2261 4698 2353 4734 σου
2391 4680 2733 4750 πιστεύομεν⁵
2766 4679 2919 4733 αὐτοὶ
2944 4677 3054 4749 γὰρ
3083 4677 3419 4748 ἀκηκόαμεν,
3469 4676 3557 4729 καὶ
3600 4674 3661 4725 οἱ·

2114 4773 2282 4844 δαμεν
2308 4774 2388 4827 ὅτι
2415 4772 2629 4843 ἀληθῶς
2658 4764 2814 4835 οὗτός
2847 4774 2990 4824 ἐστιν
3020 4771 3048 4822 ὁ
3070 4767 3259 4842 Σωτὴρ
3295 4766 3389 4821 τοῦ
3424 4767 3614 4835 2:65pm
3641 4780 3655 4811 ο

2128 4864 2438 4936 Ἀρνοῦνται
2472 4865 2570 4935 τὴν
2596 4863 2683 4917 διὰ
2711 4862 2809 4934 τὴν
2840 4861 3029 4915 λαλιὰν
3067 4861 3165 4931 τῆς
3194 4859 3453 4929 γυναικὸς
3480 4857 3659 4914 πίστιν.

2112 4959 2359 5028 κρεῖττον
2396 4956 2507 5027 (26)
2543 4956 2756 5027 ἐκείνης
2787 4955 3039 5026 εὑρόντες
3086 4953 3146 5005 τὸ
3187 4951 3482 5021 ἀκηκοέναι
3516 4942 3659 5001 αὐτοῦ

441 5065 584 5122 sent,
636 5057 823 5112 audito
871 5031 1161 5112 Serv‘atore
1208 5031 1347 5125 ipso,
1395 5054 1532 5109 adeo
1578 5061 1636 5107 ut
1686 5053 1955 5122 agnoverit

2124 5047 2203 5101 τοῦ
2228 5049 2497 5119 Σωτῆρος,
2525 5047 2664 5102 ὥστε
2704 5046 2796 5101 καὶ
2839 5046 3032 5100 εἰδέναι
3063 5085 3078 5108 ,
3128 5045 3212 5098 ὅτι
3254 5040 3470 5111 ἀληθῶς
3527 5031 3660 5094 οὗτός

441 5147 587 5205 hunc
617 5164 739 5205 esse
766 5164 891 5204 vere
919 5148 1265 5204 Servatorem
1302 5145 1507 5201 mundi.
1536 5146 1612 5200 Ae
1640 5155 1786 5201 certe
1813 5145 1955 5197 melii

2124 5146 2257 5194 ἐστιν
2284 5142 2312 5192 ὁ
2333 5140 2521 5211 Σωτὴρ
2554 5138 2648 5193 τοῦ
2675 5139 2902 5210 κόσμου.
2941 5137 3051 5189 Καὶ
3096 5134 3298 5204 βέλτιόν
3321 5132 3384 5202 γέ
3417 5132 3562 5182 ἐστιν
3581 5126 3660 5178 αὒ-

441 5251 526 5294 est
565 5238 802 5308 propriis
851 5238 1023 5293 oculis
1065 5250 1291 5292 eernere
1331 5236 1678 5301 Sermonem,
1725 5234 1955 5302 ipsumm

2124 5233 2316 5303 τόπτην
2354 5232 2604 5301 γενέσθαι
2633 5230 2724 5284 τοῦ
2769 5231 2944 5301 Λόγου
2964 5270 2978 5294 ,
3007 5228 3102 5282 καί⁵
3128 5227 3293 5298 χωρὶς
3329 5224 3574 5296 ὁργάνων
3600 5218 3662 5272 δε·

513 5376 560 5409 ³⁸
582 5375 723 5431 Gen.
754 5392 855 5436 xu.
889 5377 941 5430 1.
1019 5374 1137 5407 ³⁵⁸³⁸
1168 5372 1353 5427 Matth.
1389 5387 1579 5434 uvut,
1609 5370 1700 5424 ΞΟ.
1776 5369 1820 5401 ³⁷
1852 5369 1955 5438 Epit

2124 5370 2156 5422 ἵ.
2236 5368 2280 5400 ³⁸
2309 5367 2483 5422 Galat.
2519 5384 2575 5428 ll.
2599 5367 2690 5421 20.
2768 5366 2812 5399 ³⁹
2840 5364 2998 5420 Ioan.
3028 5380 3100 5426 tv,
3133 5362 3222 5417 42.

516 5492 630 5561 (22)
654 5489 834 5547 Codex
864 5489 1208 5561 Bodleianus,
1232 5488 1369 5561 πρὸς
1404 5487 1496 5542 τὸν
1539 5484 1768 5558 Ἰησοῦν,
1803 5484 2006 5556 Rrgius

440 5560 768 5638 πρὸς-αὐτὼ(
800 5560 1062 5638 Ἰησοῦνε..
1212 5630 1226 5638 .
1282 5560 1363 5638 μ
1721 5626 1759 5638 ..
1842 5627 1852 5638 .

515 5631 626 5717 (23)
654 5626 982 5717 I'Etbpttkﬁr.
1009 5629 1099 5685 Sic
1130 5630 1295 5684 codex
1328 5627 1649 5716 Bodleian‘us
1675 5646 1689 5689 ;
1721 5626 1923 5695 Regius
1953 5634 2007 5679 ct

445 5700 793 5755 tht'bcrinus.
829 5704 952 5773 ὁρᾶ.
1583 5709 1590 5716 “

518 5770 629 5836 l‘li)
662 5772 831 5826 Ἀλλὰ
857 5769 955 5826 καὶ
994 5770 1164 5842 μετά,
1194 5780 1298 5826 etc.
1334 5768 1423 5823 Sic
1447 5768 1617 5823 codex
1642 5766 2008 5832 Bodlciunus;

2113 5485 2310 5551 Regius
2332 5484 2518 5538 omisit
2544 5482 2698 5537 ἀλλά.

2174 5577 2297 5663 ’(25)
2354 5576 2495 5631 idem
2547 5578 2714 5631 codex
2766 5573 3113 5642 Bodleiauus,
3154 5572 3422 5644 μηδέποτε
3457 5565 3649 5623 καταλι

2116 5667 2230 5702 πων
2239 5689 2251 5701 .

2189 5739 2300 5812 (‘26)
2328 5738 2494 5795 Codd.
2524 5737 2850 5793 Bodleianus
2890 5747 2944 5793 et
2984 5734 3333 5800 Barbcriuus,
3360 5730 3655 5803 κρείττονα.
