3702 6142
87 297 180 355 I97

1122 301 1480 360 COMMENT.
1518 302 1585 357 IN
1617 301 1810 359 .IOAN.
1853 300 2092 361 TOMUS
2128 300 2266 357 XIII.

3193 293 3299 361 498.

84 417 353 479 δάσκοντος
414 413 630 470 ἀκούειν
686 415 874 482 αὐτοῦ,
935 418 1030 473 καὶ
1077 418 1496 489 φαντασιοῦντος
1571 437 1610 474 01

1786 419 1932 475 adire
1972 420 2255 474 docentem
2304 416 2423 472 sine
2469 409 2861 475 instrumentis,
2911 418 2990 477 et,
3028 409 3162 465 citra
3205 412 3299 466 do-

85 507 160 562 διά
201 505 303 559 τῶν
355 504 468 579 (27)
518 506 880 561 διδασκόντων
936 507 998 561 τὺ
1043 510 1389 581 ἡγεμονικὸν,
1452 508 1634 581 εὑρίσ-

84 614 167 652 κον
227 598 526 671 τρανότητα
601 598 713 670 (28)
767 600 895 664 τοὺς
946 600 1045 671 τῆς
1097 600 1356 670 ἀληθείας
1391 601 1630 667 τύπους,

84 689 210 759 ἢπερ
255 688 331 760 μὴ
376 688 588 759 ὁρῶντα
636 688 819 754 αὐτὸν,
875 690 1011 761 μηδὲ
1060 691 1168 744 ἀπὸ
1206 691 1307 762 τῆς
1353 691 1635 764 δυνάμεως

85 779 428 851 φωτιζόμενον
459 779 621 835 αὑτοῦ
651 782 912 837 διακόνων
943 780 1052 836 τῶν
1084 782 1406 857 ἑωρακότων
1450 784 1631 848 αὑτὸν,

84 872 281 927 ἀκούειν
305 873 395 926 τὸν
423 875 552 946 περὶ
576 874 740 929 αὐτοῦ
762 875 941 947 λόγον.
972 875 1273 948 Ἀμήχανον
1295 876 1403 949 γὰρ
1423 876 1484 930 τὸ
1501 876 1635 931 αὐτὸ

80 962 148 1033 τῷ
176 964 432 1035 ἑωρακότι
467 966 749 1037 γινόμενον
803 967 933 1039 περὶ
971 966 1033 1021 τὸ
1082 969 1409 1040 ἡγεμονικὸν
1464 969 1634 1035 πάθος

83 1046 254 1102 παθεῖν
291 1049 381 1102 τὸν
415 1050 525 1104 ἀπὸ
569 1051 663 1105 τοῦ
709 1053 1015 1126 ἑωρακότος
1063 1056 1157 1108 καὶ¹
1198 1056 1634 1126 ἀπαγγέλλοντος

80 1138 222 1191 αὐτὸν
254 1139 636 1212 διδασκόμενον
661 1161 674 1173 ο
707 1145 801 1197 καὶ
835 1144 1078 1217 κρεῖττόν
1107 1164 1171 1217 γε
1201 1147 1290 1201 διὰ
1321 1148 1493 1213 είδους
1536 1167 1634 1202 πε·

81 1233 303 1305 ριπατεῖν
330 1230 362 1303 ἢ
394 1231 485 1287 διὰ
518 1234 774 1301 πίστεως.
799 1238 900 1292 Διά
931 1239 1079 1294 τοῦθ’
1108 1241 1158 1294 oi
1193 1241 1291 1311 μὲν
1332 1243 1494 1296 οἱονεὶ
1545 1241 1634 1296 διὰ

78 1321 232 1385 εἴδους
262 1325 691 1396 περιπατοῦντες
712 1329 770 1381 ὲν
792 1332 906 1395 τοῖς
935 1331 1366 1403 προηγουμένοις
1393 1332 1633 1401 λέγοιντο

78 1414 134 1468 ἂν
167 1408 297 1468 εἶναι
331 1416 658 1488 χαρίσμασι,
683 1419 825 1491 λόγῳ
858 1421 1051 1491 σοφίας
1081 1422 1168 1477 διὰ
1197 1422 1290 1477 τοῦ
1318 1422 1633 1495 Πνεύματος

76 1504 157 1558 τοῦ
181 1505 330 1570 Θεοῦ,
360 1508 456 1561 καὶ
487 1508 632 1581 λόγῳ
659 1529 716 1582 γι
727 1509 912 1578 ώσεως
936 1514 1077 1569 κατά
1111 1515 1172 1569 τὸ
1208 1516 1340 1570 αὐτὸ
1368 1515 1596 1588 Πνεῦμα
1618 1539 1634 1558 ο

75 1599 118 1650 oi
159 1597 211 1651 δὲ
260 1597 345 1653 διά
380 1600 639 1668 πίστεως,
672 1603 722 1659 εἰ
755 1607 850 1660 καὶ
880 1606 1126 1683 χάρισμά
1160 1609 1309 1662 ἐστιν
1357 1610 1391 1680 ἠ
1449 1609 1632 1674 πίστις

76 1690 195 1744 κατά
219 1690 301 1746 τό·
342 1712 362 1745 ι
395 1693 580 1766 Ἀλλῳ
617 1696 674 1751 δὲ
709 1697 892 1764 πίστις
923 1702 982 1753 ὲν
1005 1698 1083 1771 τῷ
1116 1699 1263 1773 αὐτῷ
1299 1699 1625 1773 πνεύματι,»

1736 521 1942 574 centes,
1960 507 2076 564 visa
2110 508 2507 576 imprimentem
2541 503 2737 557 anima:
2764 501 3117 572 principatui,
3143 500 3299 556 inve-

1737 601 1905 654 nienti
1951 598 2204 655 veritatis
2255 597 2455 667 ﬁguras
2501 592 2826 658 manifesto;
2857 607 3024 662 quam
3065 607 3172 646 non
3214 592 3299 646 vi-

1736 690 1926 745 dentes
1959 690 2156 759 ipsum,
2202 702 2378 757 neque
2420 685 2487 740 ab
2522 684 2667 739 illius
2705 683 3009 741 illustratos
3034 683 3295 752 potentia,

1734 784 2039 838 doctrinam
2070 781 2349 853 percipere
2378 780 2444 836 de
2471 779 2563 834 illo
2592 792 2688 849 per
2718 778 2998 833 ministros
3026 778 3115 847 qui
3147 776 3296 832 illum

1732 876 1990 931 viderint.
2032 872 2413 931 Dillicillimum
2454 872 2598 928 enim
2640 870 2786 926 factu
2815 880 2922 937 est,
2958 879 3018 925 ut
3056 868 3298 926 affectio-

1735 979 1853 1018 nem
1887 963 2159 1035 eamdem,
2189 978 2310 1034 quae
2355 963 2410 1018 in
2453 961 2762 1032 principatu
2800 961 2993 1015 anima:
3023 960 3170 1017 illius
3203 963 3294 1031 qui

1735 1057 1954 1123 viderit,
1982 1054 2237 1121 eiﬁcitur,
2282 1055 2520 1124 patiatur
2570 1052 2661 1108 ille
2702 1053 2795 1122 qni
2839 1053 3097 1108 educetur
3136 1053 3206 1109 ab
3231 1069 3298 1109 eo

1732 1149 1822 1219 qui
1848 1149 2020 1218 ipsam
2046 1146 2244 1202 viderit
2275 1168 2287 1202 :
2322 1145 2487 1219 266
2528 1147 2670 1203 unde
2703 1148 2863 1202 etiam
2901 1148 3063 1218 longe
3100 1146 3297 1206 melius

1730 1251 1814 1296 est
1844 1256 1942 1310 per
1972 1240 2210 1309 speciem
2235 1241 2514 1296 ambulare
2543 1255 2703 1311 quam
2739 1254 2839 1310 per
2865 1239 3025 1295 ﬁdem
3049 1238 3116 1295 δ’.
3144 1239 3297 1296 [Iane

1730 1334 1799 1391 ob
1828 1348 2047 1390 causam
2077 1333 2247 1404 aliqui
2283 1347 2380 1403 per
2406 1333 2642 1404 speciem
2679 1332 3026 1390 ambulantes
3070 1333 3124 1388 in
3155 1347 3296 1404 prte-

1730 1425 1908 1498 eipuis
1945 1425 2200 1482 dicentur
2228 1439 2352 1480 esse
2372 1422 2820 1491 cbarismatibus,
2848 1438 3042 1495 nempe
3086 1426 3141 1480 in
3171 1438 3295 1481 set-

1730 1529 1891 1569 mone
1946 1514 2228 1583 sapientiae
2258 1530 2356 1586 per
2387 1515 2649 1584 Spiritum
2679 1513 2796 1575 Dei,
2844 1522 2900 1568 et
2942 1513 2996 1567 in
3041 1524 3296 1571 sermone

1729 1604 1973 1659 scientia
1998 1605 2153 1674 juxta
2187 1606 2435 1660 eumdem
2467 1604 2733 1676 Spiritum
2772 1603 2816 1637 ⁸¹
2860 1622 2877 1674 ;
2919 1606 3008 1676 qui
3041 1620 3170 1663 vero
3197 1622 3293 1677 per

1730 1695 1889 1752 iidem
1944 1697 2259 1762 ambulant,
2307 1697 2516 1752 etiamsi
2562 1698 2761 1752 donum
2809 1696 2881 1752 sit
2934 1697 3101 1763 fides,
3137 1698 3289 1769 juxta

77 1782 131 1852 τῇ
178 1780 317 1847 τάξει
356 1784 467 1838 τῶν
510 1787 792 1860 προτέρων
827 1790 964 1843 είσὶν
1000 1788 1236 1863 ὕστεροι.
1283 1789 1610 1858 Ἐξεταστέοπ

1786 1788 1902 1843 Lud:
1942 1807 1961 1840 ι
1996 1788 2099 1843 Alii
2139 1799 2314 1843 autem
2345 1782 2501 1853 ﬁdes,
2532 1789 2584 1843 in
2615 1789 2801 1844 eodem
2847 1790 3039 1858 spiritu
3071 1792 3137 1857 δ’,
3175 1809 3198 1844 ι
3235 1792 3289 1846 in

74 1872 122 1923 δὲ
146 1872 259 1926 πότε
292 1876 383 1929 καὶ
422 1877 545 1942 πῶς
592 1879 741 1949 λέγει
790 1881 1002 1947 Παῦλος
1023 1900 1038 1914 ·
1070 1902 1089 1935 ι
1118 1883 1216 1939 Διά
1247 1884 1482 1949 πίστεως
1517 1884 1625 1958 γὰρ

77 1966 482 2039 περιπατοῦμεν,
509 1970 567 2023 οὐ
595 1970 682 2024 διὰ
709 1972 901 2038 εἴδους·
937 1992 955 2025 r
995 1974 1110 2040 πῶς
1140 1975 1269 2047 γὰρ,
1291 1976 1422 2031 ὡσεὶ
1441 1975 1625 2030 πολλοὶ

76 2053 251 2117 νοοῦσι,
273 2056 358 2110 διὰ
388 2059 661 2127 πίστεως,
703 2063 794 2117 καὶ
841 2064 905 2116 οὐ
943 2064 1029 2119 διά
1060 2064 1233 2130 εἴδους
1270 2069 1562 2138 περιπατεῖ
1597 2069 1626 2121 ὁ

76 2144 451 2217 ἐμϐριθέστατα
481 2151 674 2222 λέγων’
709 2173 726 2205 ι
752 2153 865 2208 Οὐκ
888 2156 1003 2226 εἰμὶ
1033 2155 1355 2229 ὲλεύθεροςς
1388 2157 1485 2211 οὐκ
1511 2153 1628 2228 εἰμὶ

73 2237 373 2306 indomitae;
404 2241 531 2313 ούχὶ
564 2242 769 2315 Ἰησοῦν
800 2245 891 2299 τὸν
916 2244 1120 2318 Κύριον
1162 2246 1316 2317 ἡμῶν
1359 2244 1578 2318 ἑώρακα
1607 2262 1622 2311 ;

73 2329 122 2382 οὐ
149 2329 204 2383 τὸ
246 2330 403 2404 ἔργον
454 2352 562 2405 μου
608 2336 766 2408 ὑμεῖς
799 2339 922 2391 ἐστε
961 2339 1019 2391 ὲν
1074 2338 1301 2411 Κυρίῳ;
1334 2357 1353 2389 ι
1394 2338 1624 2410 Ἴδωμεν

72 2417 151 2479 οὖν
178 2423 235 2476 τὺ
266 2426 424 2495 ῥητὸν
470 2427 590 2492 πῶς
633 2428 714 2482 δεῖ
764 2429 1014 2485 ἐκλαϐεῖν
1051 2432 1142 2486 τότ
1186 2450 1205 2483 t
1240 2430 1340 2485 Διά
1387 2431 1625 2495 πίστεως

74 2513 165 2586 γὰρ
212 2517 656 2590 περιπατοῦμεν,
694 2520 754 2573 ού
799 2520 888 2574 διά
938 2520 1110 2586 εῐδους
1136 2563 1151 2586 ,
1186 2541 1205 2574 ι
1264 2521 1625 2586 ἀναλαϐόντες

72 2600 185 2657 aii-rb
213 2606 317 2660 ἀπὸ
339 2608 449 2662 τῶν
488 2610 745 2684 ἀνωτέρω
780 2611 956 2676 οὕτως
984 2612 1127 2684 ἔχειν
1155 2612 1286 2685 (29)·
1319 2632 1339 2665 ι
1361 2613 1419 2667 Ὀ
1439 2612 1499 2666 δὲ
1525 2629 1624 2667 κα-

73 2698 451 2771 τεργασάμενος
496 2703 645 2775 ἡμᾶς
690 2704 772 2768 είς
822 2706 956 2761 αὐτὸ
996 2705 1153 2761 τοῦτο
1187 2709 1216 2761 ό
1248 2707 1398 2773 Θεὸς,
1443 2709 1472 2761 ό
1501 2704 1624 2771 δοὺς

76 2786 186 2855 ἡμῖν
207 2788 290 2842 τὸν
309 2791 612 2863 ἀρραϐῶνα
646 2792 740 2848 τοῦ
773 2795 1110 2867 Πνεύματος.
1155 2795 1494 2866 Θαρροῦντες
1529 2791 1624 2852 οῦν

77 2879 301 2948 πάντοτε,
334 2885 431 2937 καὶ
458 2884 684 2951 εἰδότες,
724 2886 806 2940 ὅτι
835 2887 1192 2960 ἐνδημοῦντες
1223 2890 1282 2942 ἐν
1308 2887 1386 2961 τῷ
1409 2886 1623 2961 σώματι

76 2972 387 3045 ἐκδημοῦμεν
424 2976 538 3030 ἀπὸ
568 2976 664 3031 τοῦ
695 2979 903 3051 Κυρίου
928 2995 941 3009 ο
970 2979 1060 3034 διὰ
1101 2981 1339 3046 πίστεως
1383 2980 1494 3056 γάρ
1521 2999 1620 3035 πε-

81 3065 406 3140 ριτατοῦμεν,
434 3069 499 3123 οὐ
523 3069 613 3123 διά
635 3068 809 3136 εἴδους
828 3087 842 3103 ο
877 3090 897 3124 ›
936 3071 1123 3145 (δῆλον
1143 3073 1187 3128 δ’
1215 3074 1296 3128 ὅτι
1330 3073 1623 3146 ἐνδημοῦν-

80 3174 157 3220 τες
180 3160 233 3213 ὲν
261 3160 335 3231 τῷ
361 3160 597 3233 σώματι,
631 3163 720 3217 ὅτε
752 3164 1091 3239 ἐκδημοῦμεν
1122 3168 1231 3222 ἀπὸ
1251 3168 1343 3225 τοῦ
1366 3168 1619 3242 Κυρίου·)

86 3246 428 3323 «θαρροῦντες
464 3251 669 3324 μᾶλλον
708 3254 1033 3329 εὐδοκοῦμεν
1085 3257 1392 3331 ὲιδημῆσαι
1431 3261 1497 3314 ὲκ
1526 3257 1620 3313 τοῦ

77 3341 297 3425 σώματος
317 3384 333 3408 ,
359 3346 453 3399 καὶ
482 3346 786 3419 ἐνδημῆσαι
812 3347 950 3422 πρδς
974 3348 1065 3403 τὸν
1096 3350 1321 3425 Κύριον.
1357 3370 1375 3403 ι
1405 3351 1621 3411 Τούτων

76 3431 223 3498 οὕτως
257 3418 562 3509 εἰρημένων
592 3418 687 3503 είς
718 3439 780 3491 τὸ
816 3418 1002 3512 νοῆσαι
1052 3442 1105 3496 τί
1161 3418 1223 3496 τὸ
1261 3442 1512 3515 ἐνδημεῖν
1543 3442 1622 3515 τῷ

77 3522 291 3595 ςὼματι,
326 3529 418 3583 καὶ⁵
450 3529 710 3602 ἐκδημεῖν
752 3531 863 3587 ἀπὸ
916 3531 1011 3587 τοῦ
1061 3534 1303 3608 Κυρίου,
1364 3535 1420 3589 τί
1470 3554 1530 3591 τε
1561 3537 1622 3592 τδ

76 3613 352 3690 ἐκδημῆσαι
383 3623 447 3675 ὲκ
472 3622 569 3675 τοῦ
604 3622 875 3696 σώματος,
914 3627 1010 3680 καὶ
1038 3627 1337 3701 ἐνδημῆσαι
1361 3628 1497 3701 πρὸς
1530 3629 1622 3685 τὸν

78 3707 271 3779 Κύριον,
298 3713 507 3769 ἑαυτῶν
557 3714 856 3789 πυθώμεθα
885 3719 938 3772 τί
985 3719 1116 3791 περὶ
1160 3717 1254 3773 τοῦ
1300 3721 1621 3775 Ἀποστόλου

76 3797 278 3869 ἃἴλοῦμιεν
297 3820 310 3832 ⁸
337 3803 595 3881 πότερον,
628 3807 711 3862 ὃτι
745 3808 991 3881 ἐνδημῶν
1018 3808 1097 3881 τῷ
1131 3809 1342 3883 σώματι
1370 3810 1621 3884 ὲξεδήμει

76 3885 169 3939 ἀπὸ
190 3890 276 3944 τοῦ
312 3893 545 3966 Κυρίου,
577 3896 612 3969 ἢ
638 3897 719 3952 ὅτι
752 3897 1009 3970 ἐκδημῶν
1036 3898 1128 3953 τοῦ
1164 3898 1414 3971 σώματος
1434 3901 1618 3971 ὲνεδή-

78 3995 153 4046 ttat
177 3981 249 4055 τῷ
274 3985 478 4058 Κυρίῳ.
525 3987 685 4043 Ἀλλά
736 3990 904 4060 σαφές
934 3990 1066 4063 (50)'
1103 3991 1224 4045 ἐπεὶ
1264 3994 1314 4045 οἱ
1364 3993 1422 4045 ἐν
1453 3994 1619 4064 σαρκὶ

73 4067 202 4135 ὄντες
241 4072 356 4146 Θεῷ
401 4076 598 4148 ἀρέσαι
626 4077 686 4130 οὐ
710 4062 986 4145 δύνανται,
1021 4080 1073 4134 oi
1102 4079 1145 4132 δ’
1176 4079 1320 4150 ἅγιοι
1348 4081 1448 4134 οὐκ
1481 4062 1618 4136 εἶσὶν

74 4158 122 4207 ἐν
150 4162 331 4232 σαρκὶ,
362 4164 478 4218 ἀλλ’
530 4166 589 4219 ὲν
638 4167 939 4238 πνεύματι·
997 4169 1157 4241 εἴπερ
1206 4167 1429 4241 Πνεῦμα
1484 4168 1615 4223 Θεοῦ

72 4250 192 4304 οἰκεῖ
240 4254 293 4307 ὲν
336 4257 552 4321 αὐτοῖς·
596 4257 806 4323 Παῦλος
837 4259 936 4313 οὐκ
968 4255 1036 4331 ἦν
1083 4260 1141 4312 ὲν
1187 4260 1370 4331 σαρκὶ,
1400 4258 1522 4312 οὐδὲ
1559 4261 1617 4313 ὲν

74 4337 292 4410 σώματιο
351 4345 605 4416 ἀληθεύει
657 4347 766 4423 γάρ
817 4349 1021 4419 λέγων’
1087 4368 1106 4402 ι
1133 4350 1285 4403 Δοκῶ
1347 4350 1405 4403 δὲ
1462 4349 1617 4419 κάγὼ

1727 1877 1921 1933 ordine
1946 1879 2188 1950 priorum
2238 1888 2365 1933 sunt
2404 1878 2598 1932 ultimi.
2639 1878 2907 1934 Caeterum
2954 1880 3291 1951 inquirsmus

1727 1977 1945 2038 oportet
1983 1969 2204 2038 quando
2255 1977 2305 2022 et
2364 1969 2636 2036 quomodo
2676 1968 2823 2022 dicat
2859 1967 3096 2025 Paulus:
3131 1987 3151 2021 ι
3186 1968 3291 2024 Per

1726 2062 1887 2116 ﬁdem
1918 2048 2077 2116 enim’
2092 2060 2450 2126 ambulamus,
2483 2075 2587 2115 non
2611 2074 2708 2130 per
2732 2060 2963 2130 speciem
2992 2062 3075 2118 ἠε
3113 2080 3131 2115 ι
3156 2077 3290 2133 quo-

1726 2155 1886 2209 modo
1913 2154 2079 2219 enim,
2113 2161 2171 2207 ut
2201 2152 2354 2207 multi
2389 2160 2597 2220 rentur,
2629 2167 2726 2223 per
2760 2152 2940 2220 iidem,
2970 2161 3026 2208 et
3056 2170 3161 2209 non
3194 2166 3289 2225 per

1724 2241 1960 2315 speciem
1997 2244 2261 2308 ambulat,
2309 2246 2398 2315 qui
2442 2245 2763 2315 gravissime
2805 2244 2940 2299 dicit
2978 2262 2992 2300 :
3035 2262 3055 2297 ι
3100 2243 3289 2301 Nonne

1724 2351 1844 2393 sum
1872 2335 2012 2391 liber
2035 2335 2060 2389 l
2096 2351 2273 2392 nonne
2299 2352 2417 2392 sum
2447 2337 2725 2408 apostolus
2748 2338 2774 2392 ἲ
2797 2352 2974 2393 nonne
3002 2338 3286 2394 Dominum

1727 2433 1972 2481 nostrum
2002 2422 2185 2480 Jesum
2216 2425 2489 2482 Christum
2520 2428 2629 2482 vidi
2655 2427 2679 2482 ?
2708 2442 2890 2483 nonne
2920 2442 3057 2498 opus
3106 2443 3286 2484 meum

1725 2532 1823 2574 vos
1856 2516 1988 2572 estis
2019 2511 2076 2569 in
2095 2513 2360 2570 Domino?
2380 2514 2427 2549 δ’
2458 2516 2695 2573 Proinde
2718 2518 2995 2575 videamus
3017 2521 3288 2590 quomodo

1725 2608 2131 2679 intelligendum
2164 2607 2237 2664 sit
2263 2607 2395 2663 illud
2422 2629 2435 2664 :
2467 2628 2487 2660 ι
2521 2608 2627 2665 Per
2663 2608 2820 2665 fidem
2859 2611 3004 2667 enim
3036 2613 3285 2669 ambula-

1726 2716 1868 2767 mus,
1905 2716 2010 2756 non
2046 2715 2145 2770 per
2172 2700 2409 2767 speciem
2431 2700 2518 2764 ηε
2556 2719 2574 2753 ι
2611 2712 3010 2758 reassumentes
3034 2718 3100 2757 ex
3127 2717 3291 2773 supe-

1726 2791 1967 2847 rioribus
1993 2791 2172 2862 ipsum
2204 2791 2288 2847 sic
2319 2792 2533 2847 habens
2558 2792 2640 2844 *‘:
2674 2811 2694 2845 ι
2735 2793 2803 2847 At
2833 2793 2924 2862 qui
2953 2808 3050 2848 nos
3090 2794 3142 2848 in
3183 2794 3287 2853 hoc

1725 2884 1901 2954 ipsum
1947 2883 2184 2954 paravit,
2233 2882 2378 2938 Deus
2429 2885 2675 2953 est:qui
2720 2886 2884 2938 etiam
2929 2886 3078 2941 dedit
3129 2886 3286 2943 nobis

1724 2975 2091 3032 arrhabonem
2142 2975 2400 3046 Spiritus.
2456 2977 2644 3048 Itaque
2689 2977 2831 3033 bono
2884 2980 3066 3036 animo
3112 2982 3287 3038 simus

1722 3082 1958 3139 semper,
1989 3071 2226 3124 scientes
2255 3070 2397 3139 quod
2419 3084 2544 3126 cum
2572 3073 2716 3127 domi
2746 3088 2933 3129 sumus
2955 3076 3008 3129 in
3034 3088 3283 3144 corpore,

1723 3161 2134 3231 peregrinamur
2163 3176 2194 3218 a
2238 3162 2465 3219 Domino
2507 3180 2522 3228 ;
2553 3180 2652 3235 per
2679 3165 2836 3220 iidem
2862 3166 3007 3221 enim
3034 3166 3284 3223 ambula-

1723 3268 1862 3318 mus,
1909 3267 2016 3308 non
2064 3268 2164 3324 per
2212 3251 2729 3325 speciemt(scilicet
2770 3269 2893 3310 cum
2925 3255 3072 3311 domi
3143 3255 3291 3310 exsi-

1719 3346 1994 3402 stentesin
2012 3359 2263 3415 corpore,
2296 3346 2702 3417 peregrinamur
2746 3362 2774 3402 a
2816 3347 3285 3420 Domino);ceott-

1723 3435 1972 3502 ﬁdentes,
2003 3436 2178 3506 magis
2205 3437 2495 3507 probamus
2517 3452 2744 3509 peregre
2767 3440 2957 3495 abesse
2976 3454 3005 3494 a
3030 3453 3283 3510 corpore,

1720 3535 1776 3582 et
1798 3536 2092 3597 prasentes
2122 3528 2313 3583 adesse
2339 3528 2480 3597 apud
2509 3528 2812 3584 Dominum.
2846 3549 2865 3583 ι
2906 3529 2999 3584 llis
3021 3531 3101 3585 sic
3120 3531 3282 3588 dictis

1721 3618 2055 3690 intelligendi
2086 3632 2249 3674 causa
2284 3618 2414 3688 quid
2445 3621 2517 3674 sit
2548 3634 2786 3689 praesens
2819 3635 2939 3677 esse
2966 3621 3019 3676 in
3057 3635 3285 3691 corpore

1719 3719 1775 3764 et
1808 3710 2145 3781 peregrinari
2168 3724 2197 3763 a
2228 3709 2461 3766 Domino
2485 3726 2501 3777 ;
2523 3711 2764 3781 itemque
2789 3711 2921 3781 quid
2954 3713 3022 3766 sit
3052 3725 3280 3783 peregre

1720 3800 1912 3856 abesse
1937 3816 1967 3855 a
1997 3814 2228 3869 corpore
2260 3810 2316 3856 et
2356 3814 2598 3871 presens
2640 3802 2832 3859 adesse
2871 3803 2936 3858 ad
2970 3802 3283 3871 Dominum,

1719 3906 1820 3947 nos
1852 3892 1998 3962 ipsos
2034 3893 2453 3961 interrogemus,
2504 3893 2633 3962 quid
2680 3893 2748 3949 de
2796 3894 3054 3964 Apostolo
3082 3894 3283 3951 dicturi

1718 3984 1891 4039 simus
1930 4002 1943 4039 :
1992 3995 2244 4040 utrumne
2273 3985 2418 4055 quod
2467 3984 2609 4039 domi
2652 3987 2923 4043 exsistens
2963 3988 3018 4043 in
3057 4002 3286 4058 corpore

1718 4091 1946 4147 peregre
1971 4076 2112 4131 absit
2148 4093 2179 4130 a
2215 4075 2468 4143 Domino,
2503 4093 2569 4131 an
2616 4079 2760 4146 quod
2797 4093 3023 4149 peregre
3052 4092 3218 4148 agens
3250 4092 3282 4132 a

1717 4183 1944 4238 corpore
1974 4183 2211 4239 praesens
2240 4169 2382 4225 adsit
2409 4171 2549 4240 apud
2577 4169 2884 4225 Dominum.
2930 4171 3034 4225 Sed
3075 4172 3283 4241 perspi-

1719 4276 1878 4316 cuum
1907 4272 1991 4317 est
2029 4261 2081 4317 id
2107 4278 2121 4327 ;
2155 4277 2278 4316 nam
2308 4262 2567 4331 quoniam
2599 4261 2691 4329 qui
2722 4262 2777 4316 in
2803 4275 2970 4316 carne
2996 4270 3142 4323 sunt,
3172 4261 3284 4316 Deo

1716 4353 1931 4425 placere
1980 4370 2086 4409 non
2138 4363 2388 4425 possunt,
2413 4364 2471 4410 et
2496 4354 2671 4410 sancti
2715 4369 2821 4408 non
2851 4361 2978 4410 sunt
3012 4354 3064 4407 in
3095 4368 3280 4422 carne,

74 4431 271 4504 Πνεῦμα
313 4435 448 4491 Θεοῦ
493 4438 670 4510 ἔχειν*
708 4460 729 4492 ι
777 4439 880 4494 οὐκ
931 4439 1177 4512 ἐνδημῶν
1224 4441 1282 4496 δὲ
1330 4444 1395 4513 τῇ
1449 4443 1610 4513 σαρκὶ

1786 4446 1813 4499 d
1853 4445 1906 4498 in
1948 4444 2141 4514 spiritu
2176 4445 2222 4478 δ’
2248 4463 2264 4514 ;
2293 4445 2730 4516 quandoquidem
2774 4445 2868 4500 Dei
2917 4444 3154 4516 Spiritus
3181 4445 3282 4500 ba-

73 4526 152 4578 ttai
195 4528 430 4601 σώματι,
486 4530 581 4585 τοῦ
628 4532 981 4608 ἐνδημοῦντος
1026 4531 1104 4604 τῷ
1150 4532 1363 4605 σώματι
1403 4533 1490 4587 διὰ
1521 4533 1613 4587 πί-

74 4632 220 4683 στεως
260 4623 715 4694 περιπατοῦντος,
755 4625 816 4678 ού
874 4625 963 4679 διά
1011 4626 1203 4689 εἴδους.
1251 4626 1362 4679 Καὶ
1402 4627 1504 4698 δρα
1562 4627 1611 4681 εί

74 4705 265 4766 δύναται
317 4714 419 4785 τῆς
468 4717 832 4790 ἀποστολικῆς
880 4717 1166 4792 ἀκριϐείας
1223 4713 1364 4772 εἶναι
1413 4717 1475 4771 τὸ
1537 4719 1612 4791 μὴ

72 4801 243 4857 ταυτὸν
289 4805 518 4876 φάσκειν
570 4811 628 4862 έν
684 4810 847 4883 σαρκὶ
882 4805 1040 4864 ,εἶναι
1080 4809 1176 4863 καὶ
1216 4810 1468 4882 ἐνδημεῖν
1510 4808 1615 4863 σώ-

76 4906 216 4958 ματι·
246 4898 292 4949 οἱ
326 4897 424 4968 μὲν
478 4899 587 4972 γὰρ
625 4900 683 4955 ὲν
726 4901 890 4974 σαρκὶ
946 4900 1097 4965 ὄντες
1145 4900 1263 4974 Θεῷ
1314 4902 1506 4975 ἀρέσαι
1549 4902 1612 4957 ού

75 4980 313 5042 δύνανται.
349 4992 413 5044 υἱ
449 4991 507 5046 δὲ
555 4992 910 5064 ἐνδημοῦντες
942 4992 1022 5066 τῷ
1070 4992 1283 5066 σώματι
1336 4994 1609 5067 ἐκδημοῦ-

75 5085 146 5123 σιν
192 5075 283 5144 μὲν
313 5079 421 5133 ἀπὸ
460 5082 554 5135 τοῦ
602 5083 808 5155 Κυρίου
836 5124 852 5149 ,
900 5083 1039 5156 πλὴν
1091 5083 1178 5139 διὰ
1223 5084 1322 5157 τῆς
1373 5085 1611 5150 πίστεως

76 5168 465 5236 περιπατοῦσιν,
524 5175 573 5228 εί
627 5176 722 5229 καὶ
778 5174 1001 5249 μηδέπω
1052 5176 1289 5249 χωροῦσι
1364 5177 1454 5232 διὰ
1530 5178 1609 5231 εῖ-

73 5251 196 5318 δονς.
244 5260 349 5315 Καὶ
394 5259 588 5337 οἶμαι,
638 5268 721 5322 ὅτι
765 5271 824 5322 ἐν
880 5269 1044 5340 σαρκὶ
1093 5269 1195 5340 μέν
1225 5271 1361 5324 εἰσιν
1390 5273 1439 5326 oi
1471 5270 1614 5325 κατὰ

132 5395 174 5429 ⁸⁸
198 5397 239 5454 Il
264 5400 450 5469 Conv,
486 5404 538 5461 7.
612 5406 655 5438 δι
681 5406 697 5461 I
729 5407 856 5462 Cor.
879 5422 982 5470 ιιι,
1006 5406 1061 5461 8.

1720 4536 1857 4591 bitat
1900 4536 1953 4590 in
1995 4536 2127 4606 ipsis
2170 4552 2186 4603 ;
2221 4536 2420 4592 Paulus
2471 4551 2644 4606 neque
2679 4536 2732 4591 in
2766 4550 2954 4601 carne,
3006 4549 3178 4604 neque
3225 4535 3280 4591 in

1718 4643 1946 4699 corpore
1994 4637 2154 4684 erat:
2198 4643 2323 4684 nam
2373 4642 2500 4684 vere
2543 4628 2683 4683 dicit
2723 4644 2739 4682 :
2786 4644 2806 4678 ι
2848 4626 3056 4698 Opinor
3097 4635 3280 4683 autem

1717 4721 1859 4790 quod
1889 4732 1945 4776 et
1977 4737 2078 4792 ego
2108 4721 2372 4793 Spiritum
2398 4718 2492 4774 Dei
2512 4716 2737 4772 habeam
2758 4717 2802 4752 ⁸⁸
2824 4736 2841 4774 :
2865 4738 2885 4771 ι
2907 4718 3002 4776 sed
3025 4733 3201 4789 neque
3227 4720 3280 4773 in

1715 4827 1904 4877 carne,
1954 4828 2130 4884 neque
2169 4816 2224 4868 in
2300 4827 2526 4882 corpore
2579 4811 2876 4877 habitabat,
2937 4826 3059 4866 cum
3108 4811 3156 4866 is
3187 4810 3282 4881 qui

1714 4921 1911 4977 corpus
1945 4906 2238 4971 inhabitat,
2270 4920 2367 4975 per
2392 4903 2552 4959 ﬁdem
2584 4904 2844 4969 ambulet,
2875 4918 2984 4958 non
3014 4917 3113 4975 per
3153 4917 3282 4973 spe-

1716 4995 1878 5052 ciem.
1922 4997 2003 5051 Ac
2052 4997 2178 5051 vide
2229 5011 2358 5050 num
2411 4993 2724 5064 apostolica:
2769 4994 3064 5064 diligentiae
3109 4994 3285 5066 possit

1715 5103 1856 5157 esse,
1890 5098 1949 5142 ut
1978 5103 2099 5144 esse
2136 5088 2187 5143 in
2225 5102 2392 5144 carne
2424 5096 2483 5143 et
2527 5087 2772 5144 habitare
2809 5088 2863 5142 in
2890 5103 3141 5159 corpore,
3172 5104 3280 5144 non

1719 5181 1859 5235 idem
1891 5195 2012 5236 esse
2035 5180 2314 5246 dicamus;
2348 5180 2548 5236 etenim
2574 5181 2667 5251 qui
2702 5182 2756 5234 in
2790 5195 2961 5237 carne
2991 5191 3140 5247 sunt,
3170 5181 3281 5236 Deo

1719 5268 1937 5341 placere
1965 5285 2069 5325 non
2102 5279 2331 5341 possunt
2359 5270 2427 5327 δ’.
2449 5271 2655 5327 Rursus
2676 5271 2768 5341 qui
2799 5271 3050 5334 habitant
3075 5272 3128 5327 in
3161 5287 3284 5326 cor-

1162 5406 1207 5439 “
1232 5407 1366 5464 ibid.
1396 5408 1450 5465 9.
1526 5409 1572 5442 “
1604 5410 1610 5463 l

1786 5450 1795 5462 .
1824 5424 1877 5472 ν,
1905 5408 1959 5463 7.
2034 5407 2082 5441 “
2108 5406 2129 5462 ι
2155 5406 2278 5465 Cor.
2313 5423 2392 5474 ιι,
2422 5408 2476 5463 l.
2552 5409 2598 5453 '4'
2623 5407 2665 5462 ll
2689 5395 2821 5464 Cor.
2846 5421 2901 5475 ν,
2928 5407 2981 5465 7.
3069 5404 3118 5441 ⁸⁸
3148 5406 3279 5461 ibid.

74 5463 227 5539 Sseq.
299 5471 343 5504 "
368 5463 521 5528 udi...
547 5491 661 5540 vm,
704 5476 760 5542 8,
802 5477 858 5535 9.
932 5463 1027 5530 ιέι
1068 5477 1195 5533 Cor.
1231 5463 1447 5544 “1,40.
1523 5480 1567 5513 ⁸⁸
1606 5463 1761 5535 Rom.
1789 5463 1987 5543 “13,8.

134 5579 336 5662 (_2_7)_9i:
358 5585 472 5662 Δδιὰ
516 5588 654 5662 τῶν,
686 5602 791 5646 etc.
822 5590 1057 5662 Negamli
1088 5593 1349 5661 particula
1370 5593 1525 5651 deest
1551 5595 1602 5650 in

74 5652 223 5701 cutltl.
247 5653 410 5719 Regio
438 5668 494 5713 et
515 5652 827 5715 thrliet‘itto.

32 5807 38 5829 Ι
75 5719 237 5855 τηξθ)
267 5726 611 5795 Τρανότητα.
645 5729 948 5802 Lugendum
995 5734 1210 5790 videtur
1240 5734 1379 5788 κατᾶ
1412 5735 1603 5806 τρανό-

1786 5592 1899 5666 (29)
1945 5596 2170 5663 "Exi-2w.
2224 5590 2579 5651 Scribendttm
2627 5593 2845 5648 videtur
2883 5591 2967 5648 vel
3025 5591 3277 5663 ἐχόντων,

1713 5662 2138 5814 νθέὖέὤοὲαρές.
2196 5734 2272 5789 lta
2300 5735 2469 5791 codex
2509 5733 2870 5796 Bodleianus;
2922 5731 3142 5802 Regius,
3183 5747 3280 5784 ca-

1716 5820 1850 5871 φως.
