3702 6142
361 248 465 306 499

1841 253 2161 310 ΟΒΙΟΕΧΙΒ

3499 265 3599 321 500

359 377 751 438 pore,peregre
765 363 984 427 quidem
1002 365 1200 419 absunt
1226 380 1254 419 a
1280 367 1530 434 Domino,
1545 377 1790 424 verumta
1800 387 1882 425 me

2064 372 2198 443 ἔιρκα
2255 376 2712 447 στρατευόμενοι,
2762 376 3054 450 ἐνδημούσι
3115 381 3173 433 δέ
3214 381 3294 452 τῷ
3344 380 3594 453 σώματι,

355 473 454 528 per
483 455 641 509 fidem
683 454 982 523 ambulant,
1022 457 1234 511 etiamsi
1283 459 1523 513 nondum
1574 462 1918 530 perceperint

353 564 450 619 per
466 547 722 617 speciem.
741 545 809 601 Et
836 561 931 601 eos
958 548 1174 615 quidem
1195 549 1246 603 in
1264 565 1428 605 carne
1445 552 1680 607 arbitror
1692 568 1810 608 esse
1825 555 1915 622 qui

353 639 647 695 secundum
673 653 892 693 carnem
920 638 1156 693 militant
1180 656 1195 706 ;
1236 656 1432 710 corpus
1455 657 1582 697 vero
1612 642 1916 699 inhabitare

352 741 405 785 et
422 746 645 801 peregre
661 732 852 786 abesse
865 746 895 785 a
920 732 1145 786 Domino
1159 746 1253 787 eos
1264 733 1379 801 qui,
1402 747 1592 788 sensus
1611 732 1916 802 spirituaies

352 822 513 892 267
573 819 867 889 Scripturae
922 835 1028 875 non
1091 820 1487 893 intelligentes,
1544 837 1770 893 corpore
1819 826 1916 878 toti

351 923 479 968 sunt
513 913 615 982 ipsi
650 911 947 982 Scriptura!
975 911 1178 967 addicti
1205 930 1220 968 :
1251 913 1488 982 alioquin
1516 915 1783 984 quomodo
1809 929 1914 969 non

349 1017 578 1073 peregre
630 1002 782 1057 abest
834 1017 864 1055 a
925 1000 1180 1067 Domino,
1241 1003 1287 1057 si
1342 1001 1608 1059 Dominus
1671 1002 1912 1073 Spiritus

349 1094 521 1160 est",
550 1095 641 1164 qui
689 1092 926 1148 nondum
971 1094 1198 1163 percipit
1241 1094 1499 1164 Spiritum
1549 1097 1912 1154 viviﬁcantem

348 1195 403 1241 et
455 1201 673 1242 sensum
733 1186 1033 1256 Scripturae
1079 1186 1464 1255 spiritualem?
1510 1190 1764 1245 Attamen
1818 1206 1915 1261 per

350 1278 536 1344 ﬁdem,
569 1279 659 1349 qui
686 1279 993 1350 bnjusmodi
1023 1288 1126 1342 est,
1161 1268 1703 1353 ambulataperegre
1734 1294 1912 1338 autem

350 1370 504 1425 abest
532 1371 621 1425 ille
661 1386 688 1424 a
736 1385 991 1440 corpore,
1017 1381 1072 1427 et
1105 1387 1346 1441 praesens
1382 1383 1466 1429 est
1500 1374 1566 1430 ad
1598 1375 1911 1444 Dominum,

336 1463 441 1543 [qui
493 1462 796 1532 spiritualia
853 1463 1224 1531 spiritualibus
1267 1466 1581 1531 conferens,
1630 1477 1685 1522 et
1734 1467 1912 1525 factus

346 1574 374 1607 ⁴ι
398 1554 718 1622 spiritualis,
778 1557 958 1610 omnia
1001 1557 1286 1627 diiudicat,
1332 1560 1449 1630 ipse
1486 1568 1665 1615 autem
1702 1577 1731 1614 a
1765 1562 1912 1618 nullo

348 1645 678 1712 dijudicatus
699 1645 766 1704 “.
796 1665 816 1699 ι
868 1645 992 1702 Haec
1035 1663 1346 1718 quanquam
1399 1666 1427 1704 a
1485 1652 1643 1706 nobis
1694 1667 1791 1722 per
1836 1653 1915 1707 di-

2025 465 2118 517 καὶ
2151 463 2476 536 ἐκδημοῦσιν
2529 468 2637 521 ἀπὸ
2682 468 2775 522 τοῦ
2809 468 3014 540 Κυρίου
3047 472 3095 524 oi
3131 471 3201 525 τὰ
3249 475 3597 544 πνευματικὰ

2020 554 2121 625 τῆς
2145 557 2364 629 Γραφῆς
2398 558 2475 630 μὴ
2504 560 2768 625 νοοῦντες,
2802 561 2915 615 ἀλλ’
2938 563 3048 616 ὅλοι
3082 565 3463 636 προσκείμενα
3487 567 3594 637 (3i)

2021 646 2183 719 αὐτῇ,
2217 651 2310 704 καὶ
2336 650 2413 722 τῷ
2436 651 2645 723 σώματι
2667 670 2680 683 ·
2718 653 2834 713 πῶς
2856 653 2964 726 γὰρ
2985 655 3085 707 ούκ
3114 656 3341 727 ἐκδημεῖ
3365 656 3475 710 ἀπὺ
3501 657 3596 712 τοῦ

2021 740 2248 811 Κυρίου,
2279 744 2327 796 εί
2355 743 2383 795 6
2414 743 2616 816 Κύριος
2637 745 2697 797 τὸ
2721 744 2944 816 Πνεῦμα
2971 746 3142 811 ἐστιν,
3167 748 3197 799 6
3229 746 3455 818 μηδέπω
3483 767 3596 820 χω-
3632 738 3642 779 Ῠ

2025 830 2132 900 ρῶν
2168 832 2278 903 (52)
2332 833 2392 886 τὸ
2441 833 2737 898 ζωοποιοῦν
2783 834 3027 906 Πνεῦμα,
3080 835 3173 888 καὶ
3231 836 3599 907 πνευματικὸν
3636 849 3649 860 ⁵

2019 923 2120 993 τῆς
2147 924 2404 996 Γραφῆςς
2453 925 2598 997 Πλὴν
2644 924 2734 979 διὰ
2765 928 2999 991 πίστεως
3028 931 3057 980 6
3094 927 3333 992 τοιοῦτος
3361 944 3601 998 περιπα-

2018 1018 2119 1080 τεῖ,
2156 1017 2468 1088 ἐκδημεῖδέ
2522 1019 2589 1072 ἐκ
2610 1017 2704 1072 τοῦ
2754 1016 3030 1089 σώματος,
3053 1020 3147 1073 καὶ
3188 1019 3411 1090 ἐνδημεῖ
3458 1019 3602 1091 πρὸς

2018 1109 2108 1161 τὸν
2138 1109 2340 1182 Κύριον
2369 1111 2397 1163 6
2424 1108 2495 1163 τὰ
2525 1111 2866 1182 πνευματικὰ
2911 1114 3021 1175 τοῖς
3048 1114 3431 1183 πνευματικοῖς
3459 1129 3599 1180 συγ-

2021 1199 2240 1271 κρίνων,
2288 1199 2381 1253 καὶ
2415 1200 2692 1272 γινόμενος
2724 1220 2743 1252 ι
2764 1201 3151 1272 πνευματικὸς,
3199 1205 3227 1255 6
3258 1202 3436 1256 πάντα
3464 1204 3603 1256 ἀνα-

2019 1290 2238 1360 κρίνων,
2266 1289 2425 1353 αύτὸς
2443 1289 2500 1343 δὲ
2527 1291 2947 1362 ἀνακρινόμενος
2974 1290 3065 1344 ὑπ’
3094 1290 3321 1354 οὐδενός.
3348 1311 3368 1342 ι
3404 1292 3601 1344 Ταῦτα

2018 1381 2074 1434 δὲ
2106 1382 2234 1452 ἡμῖν
2267 1383 2314 1434 εί
2351 1381 2444 1435 καὶ
2496 1380 2632 1452 μετὰ
2665 1383 3054 1454 παρεκϐάσεως
3097 1382 3198 1454 τῆς
3249 1384 3328 1447 εἰς
3356 1383 3422 1436 τὰ
3451 1384 3600 1435 ἀπο-

2006 1472 2239 1539 Δστολικτὶ
2269 1473 2407 1544 ῥητὰ
2437 1473 2682 1545 εἰρῆσθαι
2711 1474 2881 1538 δοκεῖ,
2904 1475 3039 1529 ἀλλά
3081 1493 3143 1545 γε
3186 1470 3601 1546 ἀναγκαιότατα

2018 1560 2154 1633 πρὸς
2178 1561 2276 1633 τὴν
2307 1560 2567 1633 διαφορὰν
2592 1561 2683 1615 τοῦ
2716 1562 2871 1632 λόγου
2902 1562 3011 1616 τῶν
3041 1565 3387 1636 Σαμαρειτῶν
3415 1570 3589 1620 ἐστιν.

2016 1651 2197 1705 οὐκέτι
2216 1652 2303 1706 διὰ
2328 1654 2427 1724 τὴν
2451 1652 2638 1708 λαλιὰν
2662 1655 3024 1709 πιστευόντων
3050 1656 3147 1726 τῆς
3174 1657 3449 1726 γυναικὸς,
3474 1659 3582 1715 ἀλλ

347 1738 685 1805 gressionem
712 1738 764 1792 in
793 1739 1094 1809 apostolica
1124 1741 1287 1795 verba
1322 1741 1464 1796 dicta
1497 1743 1775 1808 videntur,
1804 1758 1886 1797 ma

2064 1744 2349 1812 κηκοότων,
2383 1747 2475 1799 καὶ
2521 1745 2757 1814 εἰδότων,
2787 1748 2869 1801 ὅτι
2916 1751 2945 1802 6
2972 1748 3208 1812 τοιοῦτός
3239 1751 3384 1804 ἐστιν
3409 1751 3441 1803 6
3470 1751 3597 1805 Σω-

343 1829 490 1883 xime
518 1838 696 1885 tamen
722 1830 1031 1886 necessaria
1061 1841 1189 1886 sunt
1221 1835 1289 1886 ad
1319 1832 1676 1888 diﬂ‘erentiam
1709 1849 1917 1890 sermo-

346 1923 432 1976 nis
462 1921 951 1987 Samaritanorum,
983 1938 1090 1979 non
1126 1924 1360 1995 amplius
1390 1936 1611 1995 propter
1644 1927 1914 1996 loquelam

343 2013 588 2069 mulieris
636 2015 1004 2081 credentium,
1044 2016 1138 2071 sed
1180 2017 1306 2086 quia
1355 2017 1608 2071 viderunt
1640 2028 1694 2073 et
1725 2019 1915 2075 audie-

344 2113 470 2158 runt
495 2104 640 2159 hunc
670 2118 792 2159 esse
818 2104 1159 2160 Servatorem
1183 2106 1388 2160 mundi.
1422 2104 1535 2162 Nec
1565 2108 1759 2161 mirum
1785 2122 1916 2163 sane

344 2195 503 2250 debet
536 2211 657 2250 esse
687 2197 952 2265 quosdam
985 2198 1203 2267 quidem
1257 2212 1354 2266 per
1408 2197 1567 2252 iidem
1604 2199 1905 2267 ambulare,

341 2304 449 2343 non
501 2305 597 2359 per
639 2289 911 2359 speciem;
955 2292 1214 2360 quosdam
1264 2307 1393 2347 vero
1436 2307 1535 2362 per
1567 2293 1823 2362 speciem,
1853 2293 1907 2349 id

340 2382 486 2449 quod
520 2381 695 2451 majus
736 2389 819 2437 est
868 2396 1028 2451 quam
1077 2383 1356 2438 ambulare
1403 2398 1497 2450 per
1524 2384 1704 2439 iidem.
1738 2383 1908 2439 Porro

338 2470 641 2529 Heracleon
669 2474 971 2544 simplicius
993 2490 1114 2531 cum
1145 2476 1494 2546 exposuisset
1516 2477 1617 2532 hoc
1653 2476 1857 2532 dictum
1886 2492 1901 2528 :

346 2564 493 2619 «Non
521 2566 754 2637 amplius
774 2576 997 2638 propter
1022 2566 1294 2638 loquelam
1330 2578 1473 2624 tuam
1497 2570 1772 2624 credimus
1794 2570 1894 2636 ⁵⁹,ι

340 2656 534 2714 abesse
559 2658 736 2728 inquit
764 2658 1315 2726 vocabulum,aolam.
1344 2659 1615 2717 Praeterea
1648 2661 1700 2716 in
1738 2661 1898 2716 illud:

343 2770 365 2804 ι
394 2750 501 2823 lpsi
540 2753 683 2807 enim
723 2752 1053 2819 audivimus,
1080 2762 1136 2807 et
1173 2753 1407 2809 vidimus
1455 2754 1599 2810 hunc
1627 2769 1750 2810 esse
1774 2752 1908 2810 Ser-

335 2854 580 2901 vatorem
599 2846 844 2914 mundi,»
868 2847 1041 2917 inquit
1074 2864 1089 2903 :
1121 2865 1141 2898 ι
1174 2846 1429 2902 Homines
1468 2849 1612 2903 enim
1642 2848 1710 2902 ab
1730 2847 1903 2903 homi-

2009 1833 2115 1905 τὴρ
2144 1834 2235 1888 τοῦ
2264 1833 2488 1906 κόσμου.
2523 1836 2689 1891 Οὐδὲν
2715 1839 2960 1908 μέντοιγε
2990 1838 3293 1910 θαυμαστὸν
3318 1841 3429 1911 (55)
3457 1845 3601 1914 περί

2009 1939 2170 1977 τινων
2194 1923 2291 1994 μὲν
2310 1923 2398 1978 διὰ
2426 1925 2660 1990 πίστεως
2689 1931 3026 1998 περιπατεῖν,
3051 1930 3145 1982 καὶ
3173 1929 3246 2002 μὴ
3266 1930 3354 1983 διὰ
3371 1930 3557 1994 εἴδους
3576 1949 3594 1961 ·

2012 2014 2141 2086 περὶ
2168 2014 2369 2086 ἐτέρων
2417 2015 2476 2068 δὲ
2506 2014 2595 2069 διὰ
2626 2016 2799 2079 είδους
2826 2016 2918 2070 τοῦ
2955 2018 3198 2087 μείζονος
3229 2019 3375 2090 παρὰ
3401 2021 3468 2074 τὸ
3497 2021 3599 2075 διὰ

2012 2107 2247 2171 πίστεως
2270 2112 2610 2178 περιπατεῖν.
2651 2111 2955 2182 Ἡρακλέων
2974 2112 3031 2166 δὲ
3051 2112 3413 2185 ἁπλούστερον
3432 2113 3601 2167 ἐκλα-

2013 2197 2122 2253 ϐὼν
2154 2199 2213 2253 τό
2236 2217 2250 2231 ο
2290 2220 2310 2251 ι
2334 2202 2529 2255 Οὐκέτι
2565 2201 2653 2259 διὰ
2682 2204 2781 2275 τὴν
2822 2203 2918 2274 σὴν
2961 2203 3151 2259 λαλιὰν
3181 2204 3533 2275 πιστεύομεν,
3566 2224 3593 2257 ι

2012 2290 2147 2362 φησὶ
2192 2291 2398 2355 λείπειν
2449 2293 2531 2359 τὸ,
2574 2295 2788 2364 μόνην.
2846 2297 2965 2350 Ἔτι
3024 2297 3123 2369 μὲν
3165 2296 3273 2370 γὰρ
3320 2297 3458 2369 πρὸς
3485 2297 3592 2350 τό·

2019 2401 2038 2434 ι
2073 2384 2237 2438 Αὐτοὶ
2257 2384 2364 2456 γὰρ
2392 2386 2725 2457 ἀκηκόαμεν,
2760 2387 2853 2442 καὶ
2879 2388 3116 2459 οἴδαμεν,
3144 2388 3226 2441 ὅτι
3248 2382 3399 2453 οὗτός
3431 2389 3597 2442 ἐστιν

2011 2480 2040 2532 ὁ
2068 2475 2253 2549 Σωτὴρ
2279 2476 2371 2530 τοῦ
2400 2477 2627 2547 κόσμου,
2655 2498 2673 2529 ι
2711 2478 2905 2548 φησιν’
2948 2498 2968 2531 ι
2994 2482 3057 2533 Οἱ
3086 2479 3194 2552 γὰρ
3219 2480 3497 2550 ἄνθρωποι
3523 2480 3599 2534 τὸ

2016 2570 2113 2641 μὲν
2162 2567 2375 2640 πρῶτον
2408 2568 2512 2622 ὑπὸ
2540 2569 2839 2640 ἀνθρώπων
2881 2570 3227 2643 ὁδηγούμενοι
3267 2572 3599 2627 πιστεύουσι

2005 2659 2084 2731 τῷ
2108 2660 2353 2732 Σωτῆρν
2380 2659 2516 2713 ἐπὰν
2547 2660 2605 2713 δὲ
2633 2660 2894 2732 ἐντύχωσι
2918 2664 3027 2726 τοῖς
3061 2661 3237 2731 λόγοις
3273 2662 3461 2729 αὐτοῦ,
3493 2658 3600 2720 οὗ-

2007 2769 2087 2806 τοι
2135 2751 2316 2805 οὐκέτι
2366 2751 2455 2805 διὰ
2487 2751 2651 2822 μόνην
2678 2751 3020 2824 ἀνθρωπίνην
3068 2753 3390 2826 μαρτυρίαν,
3444 2753 3602 2809 ἀλλὰ

2009 2844 2095 2899 διὰ
2127 2843 2224 2914 τὴν
2248 2842 2501 2915 ἀλήθειαν
2529 2843 2860 2897 πιστεύουσι.
2892 2863 2911 2896 ι

335 2938 496 2993 nibus
517 2938 748 3008 primum
775 2939 1023 2993 instructi
1053 2936 1329 2993 Servatori
1359 2938 1621 3003 credunt;
1658 2946 1713 2991 at
1740 2936 1900 2992 simul
1930 2946 2090 3006 atque
2117 2934 2172 2988 in
2208 2946 2487 2988 sermones
2532 2932 2648 3000 ejus
2684 2932 2997 2996 inciderint,
3038 2947 3145 2988 non
3178 2932 3409 3003 amplius
3446 2948 3592 3005 pro-

334 3039 457 3099 pter
490 3028 664 3084 solum
703 3029 997 3083 humanum
1028 3029 1417 3095 testimonium,
1443 3030 1538 3085 sed
1570 3038 1789 3099 propter
1814 3029 1984 3097 ipsam
2009 3027 2296 3081 veritatem
2321 3024 2566 3080 credunt.
2599 3043 2618 3075 ι

410 3122 500 3177 55.
534 3139 552 3171 ι
576 3120 703 3175 Post
737 3121 873 3175 duos
901 3135 1032 3175 vero
1056 3121 1172 3176 dies
1193 3122 1327 3176 exiit
1356 3121 1482 3176 inde
1520 3123 1575 3176 in
1602 3120 1886 3176 Galilaeam:

2075 3117 2161 3172 55.
2198 3135 2217 3169 ι
2239 3114 2392 3170 Μετά
2440 3115 2497 3169 δὲ
2524 3114 2621 3178 τὰς
2645 3114 2739 3168 δύο
2777 3114 2989 3186 ἡμέρας
3012 3113 3230 3187 ἐξῆλθεν
3253 3115 3468 3169 ἐκεῖθεν
3498 3116 3594 3181 εἰς

337 3213 457 3283 ipse
497 3212 642 3267 enim
676 3210 834 3266 Jesus
882 3219 1112 3266 testatus
1143 3220 1228 3268 est
1255 3214 1572 3282 prophetam
1597 3212 1653 3267 in
1685 3212 1901 3282 propria

335 3306 510 3375 patria
567 3306 830 3359 honorem
905 3320 1007 3359 non
1057 3304 1257 3360 habere
1279 3305 1393 3362 ⁵³.»
1437 3303 1607 3359 Valde
1658 3306 1904 3359 inconse-

337 3400 511 3465 quens
556 3396 764 3450 videtur
806 3395 1003 3450 oratio.
1033 3395 1171 3462 Quid
1210 3396 1357 3450 enim
1416 3410 1704 3452 commune
1739 3397 1904 3451 habet

341 3489 447 3545 hoc
473 3489 674 3543 dictum
711 3505 726 3541 :
769 3506 787 3539 ι
818 3486 936 3556 Ipse
974 3488 1119 3544 enim
1158 3486 1316 3544 Jesus
1371 3495 1599 3565 testatus
1651 3496 1732 3544 est
1777 3503 1903 3558 pro-

339 3582 557 3653 phetam
601 3581 654 3635 in
697 3581 917 3649 propria
964 3580 1143 3649 patria
1181 3581 1445 3637 honorem
1490 3595 1599 3636 non
1629 3581 1848 3646 habere,
1875 3599 1894 3632 ι

339 3675 409 3728 ad
433 3674 584 3738 illud,
614 3674 756 3743 quod
785 3673 987 3728 exierit
1012 3674 1127 3742 ipse
1153 3683 1279 3743 post
1315 3674 1447 3729 duos
1476 3674 1592 3729 dies
1639 3688 1669 3728 a
1708 3672 1902 3728 Sama-

335 3767 554 3829 ritanis,
583 3766 723 3836 apud
769 3779 907 3835 quos
953 3772 1253 3829 manserat,
1287 3774 1340 3820 et
1367 3764 1422 3819 in
1452 3763 1725 3820 Galilaeam
1751 3762 1901 3818 abie-

334 3858 446 3913 rit?
476 3857 614 3912 Nam
647 3858 692 3912 si
719 3858 892 3927 patria
932 3857 1100 3925 ipsius
1149 3857 1344 3912 fuisset
1384 3855 1654 3922 Samaria,
1682 3854 1901 3925 illicque

335 3958 680 4018 contemptus
711 3948 926 4013 fuisset,
959 3949 1097 4003 adeo
1122 3959 1181 4002 ut
1204 3950 1347 4003 hanc
1370 3950 1437 4004 ob
1465 3963 1682 4003 causam
1714 3964 1900 4018 egres-

336 4056 430 4095 sus
479 4042 570 4106 sit,
607 4056 714 4094 non
769 4051 1139 4095 commoratus
1181 4040 1321 4095 ultra
1365 4042 1501 4095 duos
1537 4041 1675 4104 dies,
1701 4055 1898 4095 conse-

335 4142 566 4202 quenter
590 4132 796 4186 dictum
831 4132 1023 4186 fuisset
1052 4149 1065 4183 :
1101 4151 1118 4183 ι
1147 4131 1267 4201 Ipse
1307 4132 1448 4187 enim
1478 4131 1638 4188 Jesus
1670 4141 1897 4186 testatus

335 4232 418 4278 est
450 4223 771 4292 prophetam
806 4222 859 4276 in
896 4222 1108 4292 propria
1149 4222 1324 4290 patria
1371 4223 1630 4278 honorem
1661 4236 1766 4277 nou
1799 4222 1897 4275 ha-

334 4317 486 4374 bere.
531 4335 550 4368 ι
598 4314 902 4381 Quinetiam
934 4316 978 4370 si
1012 4315 1271 4384 scriptum
1301 4314 1492 4370 fuisset
1519 4331 1533 4368 :
1564 4332 1584 4367 ι
1612 4315 1741 4370 Post
1761 4314 1893 4369 duos

334 4417 513 4463 autem
544 4407 661 4462 dies
689 4408 823 4462 exiit
854 4408 906 4461 in
946 4406 1245 4473 Galilmam,
1270 4426 1289 4458 ι
1330 4409 1424 4462 sed
1462 4422 1567 4461 non
1617 4406 1894 4477 profectus

2002 3208 2098 3281 τὴν
2124 3207 2443 3262 Γαλιλαίαν
2480 3207 2639 3271 αὐτὸς
2679 3207 2787 3278 γὰρ
2825 3205 3029 3279 Ἰησοῦς
3061 3206 3463 3278 ἐμαρτύρησεν,
3496 3210 3593 3263 ὅτε

2002 3303 2284 3375 προφήτης
2314 3302 2373 3354 ὲν
2400 3292 2607 3373 τῇἿδίᾳ
2630 3299 2848 3374 πατρίδι
2878 3299 3042 3371 τιμὴν
3072 3299 3171 3353 οὐκ
3207 3298 3338 3371 ἔχει.
3367 3319 3387 3352 r
3424 3301 3593 3355 Πάνυ

2000 3392 2359 3456 ἀνακόλουθος
2387 3393 2421 3464 ἡ
2445 3389 2583 3456 λέξις
2610 3391 2879 3462 φαίνεται.
2930 3390 2996 3443 Τί
3019 3390 3128 3462 γὰρ
3153 3390 3328 3445 κοινὸν
3356 3391 3501 3462 πρὸς
3520 3392 3598 3445 τδ

2000 3484 2375 3555 ἐξεληλυθέναι
2408 3485 2570 3539 αὐτὸν
2592 3483 2729 3555 μετὰ
2752 3483 2844 3537 δύο
2872 3483 3084 3555 ἡμέρας
3117 3483 3223 3536 ἀπὸ
3250 3483 3359 3536 τῶν
3387 3485 3596 3555 Σαμα-

2002 3576 2213 3649 ρειτῶν,
2241 3577 2369 3647 παρ’
2402 3570 2483 3640 οἷς
2510 3574 2709 3646 ἔμεινε,
2741 3574 2836 3629 καὶ
2854 3576 2933 3638 είς
2961 3575 3060 3645 τὴν
3080 3574 3364 3630 Γαλιλαίαν
3402 3577 3596 3649 ἀπέρ-

1999 3668 2209 3740 χεσθαι,
2259 3667 2351 3721 τό⁸
2408 3686 2428 3721 ι
2454 3668 2624 3731 Αὐτὸς
2651 3666 2761 3739 γὰρ
2810 3666 3016 3739 Ἰησοῦς
3055 3667 3463 3740 ἐμαρτύρησεν,
3495 3669 3594 3724 ὅτι

2000 3765 2283 3834 προφήτης
2327 3760 2384 3812 ἐν
2434 3761 2499 3830 τῇ
2554 3758 2657 3831 ίδίᾳ
2704 3758 2924 3830 πατρίδι
2950 3759 3112 3830 τιμὴν
3141 3759 3239 3813 οὐκ
3259 3758 3412 3830 ἕχει;
3454 3780 3474 3813 ι
3514 3761 3594 3814 ΕΞ

2003 3854 2099 3923 μὲν
2126 3854 2236 3925 γὰρ
2264 3848 2332 3924 ἦν
2358 3852 2554 3924 πατρὶς
2579 3851 2742 3904 αὑτοῦ
2776 3854 2809 3923 ἡ
2843 3851 3144 3924 Σαμάρεια,
3177 3852 3268 3906 καὶ
3299 3853 3593 3925 ὴτίμαστο

1998 3945 2134 4009 ἐκεῖ,
2183 3946 2258 4008 ὡς
2315 3943 2401 3997 διὰ
2452 3943 2609 3996 τοῦτο
2653 3941 3046 4015 ἐξεληλυθέναι,
3097 3943 3174 4016 μὴ
3210 3944 3592 4015 διατρίψαντα

1999 4037 2177 4090 πλεῖον
2204 4036 2425 4109 ἡμερῶν
2455 4035 2567 4099 δύο,
2601 4034 2905 4100 ἀκολούθως
2931 4034 2997 4091 ἂν
3026 4035 3208 4109 εἴρητο
3232 4037 3319 4090 τό·
3356 4056 3376 4088 ι
3394 4037 3592 4104 Δΰτῦς

1997 4128 2103 4198 γὰρ
2147 4127 2351 4197 Ἰησοῦς
2401 4125 2799 4199 ἐμαρτύρησεν,
2846 4128 2928 4181 ὅτι
2972 4129 3257 4201 προφήτης
3279 4131 3430 4202 ὲντῇ
3470 4131 3593 4203 ἱδίὲ

1998 4218 2215 4291 πατρίδι
2263 4218 2430 4288 τιμὴν
2459 4218 2559 4271 οὐκ
2602 4217 2732 4288 ἔχει.
2764 4237 2782 4268 ι
2833 4218 2992 4273 Ἀλλὰ
3023 4221 3117 4273 καὶ
3144 4221 3192 4273 εί
3222 4220 3586 4292 ἐγέγραπτο·

2002 4332 2020 4364 ι
2044 4310 2200 4367 Μετὰ
2250 4310 2307 4364 δέ
2354 4312 2451 4376 τὰς
2481 4311 2574 4364 δύο
2622 4310 2831 4383 ἡμέρας
2880 4310 3102 4381 ἐξῆλθεν
3146 4313 3225 4376 εἰς
3271 4312 3369 4384 τὴν
3405 4315 3587 4369 Γαλι-

1996 4405 2172 4467 λαίαν,
2196 4425 2217 4456 ›
2249 4404 2361 4458 ἀλλ’
2388 4405 2486 4458 οὐκ
2510 4403 2724 4473 ἐγένετο
2755 4406 2811 4457 ἐν
2834 4406 2899 4476 τῇ
2933 4404 3036 4476 ἰδίᾳ
3061 4405 3306 4479 πατρίδι·
3340 4425 3358 4458 ι
3397 4406 3590 4472 Αὐτὸς

332 4510 416 4553 est
441 4501 508 4555 ad
539 4514 692 4555 suam
738 4501 1008 4569 patriam;
1045 4517 1064 4551 ι
1097 4500 1214 4567 ipse
1271 4498 1416 4553 enim
1463 4498 1618 4553 Jesus
1669 4507 1886 4553 testatus

2064 4515 2104 4568 :p
2158 4495 2364 4568 Ἰησοῦς
2405 4496 2804 4568 ἐμαρτύρησεν,
2848 4497 2929 4550 ὅτι
2957 4497 3239 4568 προφήτης
3270 4497 3330 4549 ἐν
3360 4499 3432 4568 τῇ
3467 4497 3588 4569 ἰδίᾳ

332 4600 413 4645 est
439 4592 760 4660 prophetam
803 4591 855 4645 in
895 4592 1110 4659 propria
1145 4591 1319 4660 patria
1361 4591 1622 4646 honorem
1655 4605 1762 4645 non
1794 4590 1892 4644 ba-

332 4679 481 4747 bere,
507 4697 527 4731 ι
560 4680 725 4735 etiam
754 4679 860 4736 hoc
889 4681 1048 4734 modo
1073 4678 1252 4735 locum
1291 4678 1598 4734 habiturum
1627 4678 1805 4735 fuerat
1834 4679 1889 4733 id

333 4770 477 4839 quod
511 4770 738 4836 dicitur;
779 4781 834 4826 et
865 4770 1116 4827 fortassis
1161 4771 1412 4826 voluntas
1454 4778 1743 4826 contextus
1770 4770 1893 4825 talis

328 4871 413 4918 est
444 4878 460 4915 :
489 4865 585 4917 sed
615 4860 875 4926 Joannes,
898 4876 996 4917 ceu
1021 4876 1273 4917 sermone
1300 4861 1466 4924 rudis,
1496 4861 1728 4917 obscure
1755 4863 1892 4917 scri-

330 4953 437 5022 psit
462 4952 606 5020 quod
640 4961 821 5005 mente
850 4960 1189 5022 conceperat.
1218 4952 1382 5023 268
1410 4951 1619 5007 Etenim
1645 4952 1698 5006 in
1730 4967 1889 5023 quem

331 5043 565 5101 Galilaeae
596 5043 774 5099 locum
821 5046 1124 5116 receperint
1172 5061 1315 5108 eum.
1351 5047 1443 5116 qui
1493 5047 1742 5101 viderant
1772 5062 1890 5101 om-

329 5138 438 5202 nia,
483 5149 819 5205 qumcunque
854 5135 1210 5208 Jerosolymis
1256 5137 1471 5192 fecisset
1518 5139 1570 5191 in
1607 5138 1695 5192 die
1727 5137 1887 5202 festo,

326 5244 435 5283 non
481 5237 564 5282 est
611 5228 815 5282 dictum
871 5231 939 5284 ab
979 5230 1327 5300 evangelista,
1376 5231 1464 5299 qui
1518 5231 1737 5300 scripsit
1770 5241 1895 5301 pest

395 5321 440 5353 5°
468 5320 511 5374 ll
538 5322 666 5375 Cor.
693 5336 774 5383 tu,
802 5321 889 5374 17.
963 5320 1008 5352 ’ί
1039 5320 1058 5375 l
1084 5322 1206 5377 Cor.
1247 5338 1307 5388 ιι,
1342 5322 1429 5377 l5.

396 5417 510 5489 (5i)
544 5417 705 5470 "0.1m
746 5417 1181 5489 προσκείμενοι.
1217 5418 1311 5475 Sic
1336 5419 1500 5474 codex
1532 5421 1885 5487 Bodleianus;

324 5485 529 5556 Regius
554 5485 1047 5556 ὁλοπροσκείμενοι.

399 5555 509 5627 (32)
554 5555 808 5627 Μηδέπω
853 5555 1078 5626 χωρῶν.
1139 5557 1217 5612 lla
1264 5560 1421 5613 codd.
1461 5559 1788 5614 Bodleianus
1832 5568 1888 5613 et

327 5623 718 5700 ﬂ:ii-|ierintt_s_;__
748 5623 967 5700 Regius,
1017 5628 1090 5700 μὴ
1130 5628 1340 5681 δυνάτω
1385 5629 1593 5700 χωρῶν,
1653 5644 1751 5698 pro
1778 5644 1886 5699 quo

329 5687 550 5748 Iluetius
580 5687 747 5752 edidit
893 5687 1114 5761 δυνᾱτδξ
1147 5701 1365 5769 χωρεῖν.

2000 4589 2216 4660 πατρίδι
2247 4588 2410 4660 τιμὴν
2440 4588 2538 4642 οὐκ
2565 4588 2696 4658 ἔχει,
2722 4607 2741 4640 ι
2790 4588 2885 4642 καὶ
2923 4586 3094 4651 οὕτως
3113 4585 3295 4659 χώραν
3320 4587 3382 4640 τὸ
3412 4588 3583 4658 λεγό-

2001 4698 2159 4752 μενον
2188 4676 2330 4752 εἶχεν
2360 4680 2424 4733 ἄν
2445 4698 2456 4709 ·
2494 4679 2585 4733 καὶ
2617 4679 2755 4750 τάχα
2778 4678 2839 4732 τὺ
2867 4679 2964 4750 μὲν
2998 4677 3243 4749 βούλημα
3263 4678 3359 4732 τοῦ
3396 4680 3580 4751 ρητοὸ

1994 4772 2138 4826 τοῦτ’
2181 4769 2351 4825 ἔστιν·
2387 4771 2461 4835 ὡς
2493 4770 2703 4841 ἰδιώτης
2728 4770 2783 4823 δὲ
2807 4769 2884 4841 τῷ
2912 4769 3052 4840 λόγῳ
3093 4770 3122 4822 6
3161 4768 3416 4839 Ἰωάννης
3442 4769 3582 4823 δυσ-

1996 4863 2352 4935 παραστάτως
2384 4860 2618 4933 ἔφρασεν
2663 4860 2691 4913 ὃ
2738 4861 3011 4930 νενόηκεν.
3047 4861 3140 4924 Εἰς
3181 4860 3291 4930 γὰρ
3320 4862 3447 4915 τίνα
3476 4861 3578 4915 τό-

1996 4972 2094 5008 πον
2122 4954 2219 5024 τῆς
2247 4952 2535 5015 Γαλιλαίας
2568 4951 2814 5018 ἐδέξαντο
2840 4952 3020 5017 αὐτὸν,
3058 4951 3362 5024 ἑωρακότες
3384 4952 3579 5007 πάντα

1991 5047 2093 5099 ὅσα
2119 5045 2370 5117 ἐποίησεν
2399 5045 2456 5097 ἐν
2496 5042 2880 5113 Ἱεροσολύμοις
2909 5044 2966 5096 ἐν
2989 5046 3054 5114 τῇ
3077 5044 3257 5115 ἑορτῇ,
3288 5044 3388 5096 οὐκ
3412 5043 3577 5116 εἴρη-

1993 5156 2103 5203 ται,
2145 5137 2278 5191 ἀλλὰ
2308 5137 2401 5190 καὶ
2432 5136 2569 5208 μετὰ
2596 5135 2771 5201 τοῦτο,
2814 5135 2897 5188 ὃτι
2948 5131 3110 5206 ἦλθεν
3150 5136 3231 5200 είς
3268 5136 3370 5207 τὴν
3406 5137 3578 5192 Κανᾶ

1991 5231 2090 5302 τῆς
2118 5228 2425 5293 Γαλιλαίας,
2468 5227 2761 5299 ἀνέγραψε.
2794 5226 3101 5282 Κατακούει
3126 5227 3183 5281 δὲ
3223 5227 3419 5281 ἐαυτοῦ
3453 5230 3572 5302 (34)

1530 5323 1575 5355 δ’
1600 5322 1755 5378 Joan.
1797 5342 1871 5390 tv,
1900 5325 1989 5378 42.
2063 5325 2109 5356 ⁸³
2133 5324 2263 5377 ibid.
2294 5321 2383 5375 44.

2064 5417 2178 5489 (35)
2214 5418 2325 5472 Τοῦ
2355 5418 2604 5486 κόσμου.
2654 5417 2845 5473 Οὐδὲν
2878 5416 3153 5489 μέῖτοιγε
3183 5421 3567 5489 actuum-tor,

1995 5486 2100 5544 etc.
2139 5486 2218 5542 Ita
2256 5490 2399 5541 hunc
2431 5489 2605 5542 locum
2644 5489 2697 5542 in
2727 5486 2913 5542 codice
2947 5486 3117 5556 Regio
3149 5486 3425 5556 luxatutn,
3473 5486 3568 5546 8:4

1991 5560 2150 5613 nitati
2192 5557 2528 5611 restituimus
2552 5572 2653 5613 one
2690 5558 2895 5612 codicis
2927 5557 3226 5613 Bodleiani.

2064 5627 2176 5699 ('54)
2209 5627 2536 5682 Κατακούει
2582 5626 2649 5680 δὲ
2690 5626 2927 5682 ἑαυτοῦ.
2956 5626 3290 5699 βίᾳοηιηεε
3317 5644 3456 5684 mss.
3505 5631 3560 5684 in

1991 5696 2165 5768 textu;
2193 5707 2250 5754 at
2287 5714 2409 5753 cum
2441 5700 2508 5753 ad
2534 5711 2685 5754 oratu
2719 5700 2927 5755 codicis
2955 5696 3234 5754 Bodleiani
3265 5714 3337 5756 ex
3371 5702 3554 5773 conjeo
