  <div class='ocr_page' id='page_1' title='image "/cluster/home/n/w/nwhite01/storage/ocr_20150623/14/mdp.39015052831362/276.png"; bbox 0 0 3702 6142; ppageno 0'>
   <div class='ocr_carea' id='block_1_1' title="bbox 123 288 212 344">
    <p class='ocr_par' dir='ltr' id='par_1_1' title="bbox 123 288 212 344">
     <span class='ocr_line' id='line_1_1' title="bbox 123 288 212 344; baseline -0.034 0"><span class='ocrx_word' id='word_1_1' title='bbox 123 288 212 344; x_wconf 77' lang='grc'><strong>501</strong></span> 
     </span>
    </p>
   </div>
   <div class='ocr_carea' id='block_1_2' title="bbox 117 395 1246 475">
    <p class='ocr_par' dir='ltr' id='par_1_2' title="bbox 117 395 1246 475">
     <span class='ocr_line' id='line_1_2' title="bbox 117 395 1246 475; baseline -0.01 -16"><span class='ocrx_word' id='word_1_2' title='bbox 117 408 143 459; x_wconf 87' lang='lat'><strong>6</strong></span> <span class='ocrx_word' id='word_1_3' title='bbox 183 401 585 475; x_wconf 77' lang='grc' dir='ltr'>εὐαγγελιστής,</span> <span class='ocrx_word' id='word_1_4' title='bbox 631 401 727 456; x_wconf 84' lang='grc' dir='ltr'>καὶ</span> <span class='ocrx_word' id='word_1_5' title='bbox 770 401 871 455; x_wconf 82' lang='grc' dir='ltr'><strong>οὐκ</strong></span> <span class='ocrx_word' id='word_1_6' title='bbox 917 399 1111 470; x_wconf 84' lang='grc' dir='ltr'><strong>ἀπορεῖ</strong></span> <span class='ocrx_word' id='word_1_7' title='bbox 1153 395 1246 450; x_wconf 80' lang='grc' dir='ltr'><strong>τοῦ</strong></span> 
     </span>
    </p>
   </div>
   <div class='ocr_carea' id='block_1_3' title="bbox 119 480 1675 568">
    <p class='ocr_par' dir='ltr' id='par_1_3' title="bbox 119 480 1675 568">
     <span class='ocr_line' id='line_1_3' title="bbox 119 480 1675 568; baseline -0.012 -19"><span class='ocrx_word' id='word_1_8' title='bbox 119 494 393 568; x_wconf 83' lang='grc' dir='ltr'>Προειπὼν</span> <span class='ocrx_word' id='word_1_9' title='bbox 444 492 575 564; x_wconf 83' lang='grc' dir='ltr'>γοῦν</span> <span class='ocrx_word' id='word_1_10' title='bbox 627 492 750 546; x_wconf 90' lang='grc' dir='ltr'>τίνα</span> <span class='ocrx_word' id='word_1_11' title='bbox 798 491 999 561; x_wconf 83' lang='grc' dir='ltr'>τρόπον</span> <span class='ocrx_word' id='word_1_12' title='bbox 1032 488 1224 557; x_wconf 87' lang='grc' dir='ltr'>ἀφίησι</span> <span class='ocrx_word' id='word_1_13' title='bbox 1258 484 1353 555; x_wconf 83' lang='grc' dir='ltr'>τὴν</span> <span class='ocrx_word' id='word_1_14' title='bbox 1396 480 1675 541; x_wconf 81' lang='grc' dir='ltr'><strong>Ἰουδαίαν,</strong></span> 
     </span>
    </p>
   </div>
   <div class='ocr_carea' id='block_1_4' title="bbox 120 574 1680 657">
    <p class='ocr_par' dir='ltr' id='par_1_4' title="bbox 120 574 1680 657">
     <span class='ocr_line' id='line_1_4' title="bbox 120 574 1680 657; baseline -0.013 -14"><span class='ocrx_word' id='word_1_15' title='bbox 120 592 204 643; x_wconf 77' lang='grc' dir='ltr'>καὶ</span> <span class='ocrx_word' id='word_1_16' title='bbox 232 589 447 643; x_wconf 81' lang='grc' dir='ltr'><strong>ἄπεισιν</strong></span> <span class='ocrx_word' id='word_1_17' title='bbox 479 587 558 649; x_wconf 90' lang='grc' dir='ltr'><strong>είς</strong></span> <span class='ocrx_word' id='word_1_18' title='bbox 585 584 682 657; x_wconf 80' lang='grc' dir='ltr'>τὴν</span> <span class='ocrx_word' id='word_1_19' title='bbox 713 581 997 637; x_wconf 77' lang='grc' dir='ltr'><strong>Γαλιλαίαν</strong></span> <span class='ocrx_word' id='word_1_20' title='bbox 1029 581 1057 634; x_wconf 98' lang='lat'><strong>6</strong></span> <span class='ocrx_word' id='word_1_21' title='bbox 1097 579 1317 649; x_wconf 84' lang='grc' dir='ltr'>Κύριος,</span> <span class='ocrx_word' id='word_1_22' title='bbox 1350 574 1680 646; x_wconf 83' lang='grc' dir='ltr'>διηγησάμε-</span> 
     </span>
    </p>
   </div>
   <div class='ocr_carea' id='block_1_5' title="bbox 124 668 1681 747">
    <p class='ocr_par' dir='ltr' id='par_1_5' title="bbox 124 668 1681 747">
     <span class='ocr_line' id='line_1_5' title="bbox 124 668 1681 747; baseline -0.012 -11"><span class='ocrx_word' id='word_1_23' title='bbox 124 682 198 747; x_wconf 74' lang='grc' dir='ltr'><strong>νός</strong></span> <span class='ocrx_word' id='word_1_24' title='bbox 227 697 306 746; x_wconf 76' lang='grc' dir='ltr'><strong>τε,</strong></span> <span class='ocrx_word' id='word_1_25' title='bbox 340 679 464 733; x_wconf 76' lang='grc' dir='ltr'>ἐπεὶ</span> <span class='ocrx_word' id='word_1_26' title='bbox 509 678 614 732; x_wconf 78' lang='grc' dir='ltr'>ἔδει</span> <span class='ocrx_word' id='word_1_27' title='bbox 654 677 817 733; x_wconf 80' lang='grc' dir='ltr'>αὐτὸν</span> <span class='ocrx_word' id='word_1_28' title='bbox 866 672 1174 745; x_wconf 79' lang='grc' dir='ltr'><strong>διέρχεσθαι</strong></span> <span class='ocrx_word' id='word_1_29' title='bbox 1225 670 1313 723; x_wconf 85' lang='grc' dir='ltr'>διὰ</span> <span class='ocrx_word' id='word_1_30' title='bbox 1359 669 1456 739; x_wconf 89' lang='grc' dir='ltr'><strong>τῆς</strong></span> <span class='ocrx_word' id='word_1_31' title='bbox 1499 668 1681 737; x_wconf 86' lang='grc' dir='ltr'>Σαμα-</span> 
     </span>
    </p>
   </div>
   <div class='ocr_carea' id='block_1_6' title="bbox 120 759 1679 843">
    <p class='ocr_par' dir='ltr' id='par_1_6' title="bbox 120 759 1679 843">
     <span class='ocr_line' id='line_1_6' title="bbox 120 759 1679 843; baseline -0.01 -17"><span class='ocrx_word' id='word_1_32' title='bbox 120 773 277 843; x_wconf 86' lang='grc' dir='ltr'>ρείας,</span> <span class='ocrx_word' id='word_1_33' title='bbox 329 770 398 825; x_wconf 88' lang='grc' dir='ltr'><strong>τά</strong></span> <span class='ocrx_word' id='word_1_34' title='bbox 445 770 713 841; x_wconf 82' lang='grc' dir='ltr'>λεγόμενα</span> <span class='ocrx_word' id='word_1_35' title='bbox 759 766 982 839; x_wconf 88' lang='grc' dir='ltr'>πλησίον</span> <span class='ocrx_word' id='word_1_36' title='bbox 1027 764 1121 819; x_wconf 84' lang='grc' dir='ltr'>τοῦ</span> <span class='ocrx_word' id='word_1_37' title='bbox 1168 762 1365 834; x_wconf 83' lang='grc' dir='ltr'>χωρίου</span> <span class='ocrx_word' id='word_1_38' title='bbox 1414 760 1442 814; x_wconf 82' lang='grc' dir='ltr'><strong>ὃ</strong></span> <span class='ocrx_word' id='word_1_39' title='bbox 1482 759 1679 812; x_wconf 76' lang='grc' dir='ltr'>ἔδωκεν</span> 
     </span>
    </p>
   </div>
   <div class='ocr_carea' id='block_1_7' title="bbox 129 852 1680 934">
    <p class='ocr_par' dir='ltr' id='par_1_7' title="bbox 129 852 1680 934">
     <span class='ocr_line' id='line_1_7' title="bbox 129 852 1680 934; baseline -0.01 -15"><span class='ocrx_word' id='word_1_40' title='bbox 129 860 418 934; x_wconf 78' lang='grc' dir='ltr'>Ἰακὼδτῷ</span> <span class='ocrx_word' id='word_1_41' title='bbox 457 861 657 933; x_wconf 84' lang='grc' dir='ltr'>Ἰωσὴφ</span> <span class='ocrx_word' id='word_1_42' title='bbox 690 860 842 932; x_wconf 88' lang='grc' dir='ltr'><strong>παρά</strong></span> <span class='ocrx_word' id='word_1_43' title='bbox 889 861 955 931; x_wconf 85' lang='grc' dir='ltr'><strong>τῇ</strong></span> <span class='ocrx_word' id='word_1_44' title='bbox 984 860 1131 929; x_wconf 82' lang='grc' dir='ltr'>πηγῇ</span> <span class='ocrx_word' id='word_1_45' title='bbox 1177 854 1273 910; x_wconf 79' lang='grc' dir='ltr'>τοῦ</span> <span class='ocrx_word' id='word_1_46' title='bbox 1320 852 1533 917; x_wconf 79' lang='grc' dir='ltr'>Ἰακὼϐ,</span> <span class='ocrx_word' id='word_1_47' title='bbox 1585 852 1680 905; x_wconf 78' lang='grc' dir='ltr'>καὶ</span> 
     </span>
    </p>
   </div>
   <div class='ocr_carea' id='block_1_8' title="bbox 119 943 1677 1031">
    <p class='ocr_par' dir='ltr' id='par_1_8' title="bbox 119 943 1677 1031">
     <span class='ocr_line' id='line_1_8' title="bbox 119 943 1677 1031; baseline -0.009 -24"><span class='ocrx_word' id='word_1_48' title='bbox 119 955 225 1031; x_wconf 72' lang='grc' dir='ltr'>πῶς</span> <span class='ocrx_word' id='word_1_49' title='bbox 278 953 459 1023; x_wconf 77' lang='grc' dir='ltr'>ἔμεινε</span> <span class='ocrx_word' id='word_1_50' title='bbox 518 950 611 1005; x_wconf 83' lang='grc' dir='ltr'><strong>δύο</strong></span> <span class='ocrx_word' id='word_1_51' title='bbox 662 950 870 1021; x_wconf 82' lang='grc' dir='ltr'>ἡμέρας</span> <span class='ocrx_word' id='word_1_52' title='bbox 932 948 1083 1019; x_wconf 85' lang='grc' dir='ltr'>παρὰ</span> <span class='ocrx_word' id='word_1_53' title='bbox 1133 949 1244 1011; x_wconf 86' lang='grc' dir='ltr'>τοῖς</span> <span class='ocrx_word' id='word_1_54' title='bbox 1290 943 1677 1016; x_wconf 81' lang='grc' dir='ltr'><strong>Σαμαρείταις,</strong></span> 
     </span>
    </p>
   </div>
   <div class='ocr_carea' id='block_1_9' title="bbox 118 1034 1681 1116">
    <p class='ocr_par' dir='ltr' id='par_1_9' title="bbox 118 1034 1681 1116">
     <span class='ocr_line' id='line_1_9' title="bbox 118 1034 1681 1116; baseline -0.008 -16"><span class='ocrx_word' id='word_1_55' title='bbox 118 1045 390 1100; x_wconf 86' lang='grc' dir='ltr'>ἀποδίδωσι</span> <span class='ocrx_word' id='word_1_56' title='bbox 435 1043 534 1116; x_wconf 82' lang='grc' dir='ltr'><strong>τὴν</strong></span> <span class='ocrx_word' id='word_1_57' title='bbox 576 1045 654 1106; x_wconf 86' lang='grc' dir='ltr'><strong>είς</strong></span> <span class='ocrx_word' id='word_1_58' title='bbox 691 1040 979 1095; x_wconf 86' lang='grc' dir='ltr'>Γαλιλαίαν</span> <span class='ocrx_word' id='word_1_59' title='bbox 1021 1037 1201 1109; x_wconf 81' lang='grc' dir='ltr'>ἄφιξιν</span> <span class='ocrx_word' id='word_1_60' title='bbox 1244 1035 1431 1101; x_wconf 78' lang='grc' dir='ltr'>αὑτοῦ,</span> <span class='ocrx_word' id='word_1_61' title='bbox 1476 1034 1681 1089; x_wconf 87' lang='grc' dir='ltr'>καίτοι-</span> 
     </span>
    </p>
   </div>
   <div class='ocr_carea' id='block_1_10' title="bbox 116 1128 1679 1207">
    <p class='ocr_par' dir='ltr' id='par_1_10' title="bbox 116 1128 1679 1207">
     <span class='ocr_line' id='line_1_10' title="bbox 116 1128 1679 1207; baseline -0.009 -14"><span class='ocrx_word' id='word_1_62' title='bbox 116 1156 172 1207; x_wconf 83' lang='grc' dir='ltr'><strong>γε</strong></span> <span class='ocrx_word' id='word_1_63' title='bbox 201 1140 296 1192; x_wconf 75' lang='grc' dir='ltr'><strong>οὐκ</strong></span> <span class='ocrx_word' id='word_1_64' title='bbox 335 1136 534 1206; x_wconf 82' lang='grc' dir='ltr'>ὀλίγων</span> <span class='ocrx_word' id='word_1_65' title='bbox 578 1133 779 1207; x_wconf 80' lang='grc' dir='ltr'>μεταξὺ</span> <span class='ocrx_word' id='word_1_66' title='bbox 823 1132 1143 1206; x_wconf 82' lang='grc' dir='ltr'>είρημένων.</span> <span class='ocrx_word' id='word_1_67' title='bbox 1195 1130 1346 1183; x_wconf 79' lang='grc' dir='ltr'>Ἐπεὶ</span> <span class='ocrx_word' id='word_1_68' title='bbox 1391 1128 1448 1181; x_wconf 87' lang='grc' dir='ltr'><strong>δέ</strong></span> <span class='ocrx_word' id='word_1_69' title='bbox 1480 1129 1537 1180; x_wconf 83' lang='grc' dir='ltr'>ἐν</span> <span class='ocrx_word' id='word_1_70' title='bbox 1567 1129 1679 1190; x_wconf 83' lang='grc' dir='ltr'>τοῖς</span> 
     </span>
    </p>
   </div>
   <div class='ocr_carea' id='block_1_11' title="bbox 118 1216 1678 1299">
    <p class='ocr_par' dir='ltr' id='par_1_11' title="bbox 118 1216 1678 1299">
     <span class='ocr_line' id='line_1_11' title="bbox 118 1216 1678 1299; baseline -0.007 -15"><span class='ocrx_word' id='word_1_71' title='bbox 118 1230 358 1299; x_wconf 82' lang='grc' dir='ltr'><strong>ἀνωτέρω</strong></span> <span class='ocrx_word' id='word_1_72' title='bbox 408 1229 742 1299; x_wconf 80' lang='grc' dir='ltr'>προείπομεν</span> <span class='ocrx_word' id='word_1_73' title='bbox 774 1224 1036 1296; x_wconf 88' lang='grc' dir='ltr'>βελτίονός</span> <span class='ocrx_word' id='word_1_74' title='bbox 1065 1240 1207 1287; x_wconf 91' lang='grc' dir='ltr'>τινος</span> <span class='ocrx_word' id='word_1_75' title='bbox 1241 1221 1507 1293; x_wconf 76' lang='grc' dir='ltr'>σύμϐολον</span> <span class='ocrx_word' id='word_1_76' title='bbox 1540 1216 1678 1274; x_wconf 77' lang='grc' dir='ltr'>εἶναι</span> 
     </span>
    </p>
   </div>
   <div class='ocr_carea' id='block_1_12' title="bbox 118 1313 1680 1391">
    <p class='ocr_par' dir='ltr' id='par_1_12' title="bbox 118 1313 1680 1391">
     <span class='ocr_line' id='line_1_12' title="bbox 118 1313 1680 1391; baseline -0.004 -19"><span class='ocrx_word' id='word_1_77' title='bbox 118 1320 204 1391; x_wconf 80' lang='grc' dir='ltr'><strong>τήν</strong></span> <span class='ocrx_word' id='word_1_78' title='bbox 247 1318 505 1372; x_wconf 81' lang='grc' dir='ltr'>Ἰουδαίαν</span> <span class='ocrx_word' id='word_1_79' title='bbox 537 1321 648 1374; x_wconf 78' lang='grc' dir='ltr'>ἄνω</span> <span class='ocrx_word' id='word_1_80' title='bbox 694 1336 796 1372; x_wconf 85' lang='grc' dir='ltr'>που</span> <span class='ocrx_word' id='word_1_81' title='bbox 839 1317 1120 1388; x_wconf 81' lang='grc' dir='ltr'>κειμένην,</span> <span class='ocrx_word' id='word_1_82' title='bbox 1170 1315 1450 1379; x_wconf 83' lang='grc' dir='ltr'>ἐλάττονος</span> <span class='ocrx_word' id='word_1_83' title='bbox 1496 1313 1553 1366; x_wconf 82' lang='grc' dir='ltr'><strong>δέ</strong></span> <span class='ocrx_word' id='word_1_84' title='bbox 1579 1314 1680 1386; x_wconf 84' lang='grc' dir='ltr'>τὴν</span> 
     </span>
    </p>
   </div>
   <div class='ocr_carea' id='block_1_13' title="bbox 117 1406 1679 1482">
    <p class='ocr_par' dir='ltr' id='par_1_13' title="bbox 117 1406 1679 1482">
     <span class='ocr_line' id='line_1_13' title="bbox 117 1406 1679 1482; baseline -0.005 -15"><span class='ocrx_word' id='word_1_85' title='bbox 117 1411 411 1475; x_wconf 84' lang='grc' dir='ltr'>Γαλιλαίαν,</span> <span class='ocrx_word' id='word_1_86' title='bbox 442 1411 540 1464; x_wconf 75' lang='grc' dir='ltr'>καὶ</span> <span class='ocrx_word' id='word_1_87' title='bbox 571 1411 710 1465; x_wconf 87' lang='grc' dir='ltr'><strong>κατά</strong></span> <span class='ocrx_word' id='word_1_88' title='bbox 743 1410 898 1465; x_wconf 82' lang='grc' dir='ltr'>τοῦτο</span> <span class='ocrx_word' id='word_1_89' title='bbox 923 1411 1032 1482; x_wconf 80' lang='grc'><strong>(55)</strong></span> <span class='ocrx_word' id='word_1_90' title='bbox 1073 1408 1379 1479; x_wconf 85' lang='grc' dir='ltr'>ἐπισκοπῆς</span> <span class='ocrx_word' id='word_1_91' title='bbox 1409 1406 1679 1478; x_wconf 81' lang='grc' dir='ltr'><strong>δεομένων</strong></span> 
     </span>
    </p>
   </div>
   <div class='ocr_carea' id='block_1_14' title="bbox 119 1500 1678 1575">
    <p class='ocr_par' dir='ltr' id='par_1_14' title="bbox 119 1500 1678 1575">
     <span class='ocr_line' id='line_1_14' title="bbox 119 1500 1678 1575; baseline -0.004 -17"><span class='ocrx_word' id='word_1_92' title='bbox 119 1503 335 1558; x_wconf 76' lang='grc' dir='ltr'>καὶτῶν</span> <span class='ocrx_word' id='word_1_93' title='bbox 384 1503 685 1557; x_wconf 75' lang='grc' dir='ltr'><strong>ἐλαττόνων</strong></span> <span class='ocrx_word' id='word_1_94' title='bbox 723 1507 751 1557; x_wconf 92' lang='lat'><strong>6</strong></span> <span class='ocrx_word' id='word_1_95' title='bbox 800 1504 1177 1575; x_wconf 81' lang='grc' dir='ltr'>φιλάνθρωπος</span> <span class='ocrx_word' id='word_1_96' title='bbox 1225 1500 1357 1565; x_wconf 80' lang='grc' dir='ltr'>Θεὸς</span> <span class='ocrx_word' id='word_1_97' title='bbox 1399 1501 1460 1553; x_wconf 83' lang='grc' dir='ltr'>οὐ</span> <span class='ocrx_word' id='word_1_98' title='bbox 1507 1516 1678 1553; x_wconf 85' lang='grc' dir='ltr'>κατα-</span> 
     </span>
    </p>
   </div>
   <div class='ocr_carea' id='block_1_15' title="bbox 121 1592 1680 1670">
    <p class='ocr_par' dir='ltr' id='par_1_15' title="bbox 121 1592 1680 1670">
     <span class='ocr_line' id='line_1_15' title="bbox 121 1592 1680 1670; baseline -0.003 -20"><span class='ocrx_word' id='word_1_99' title='bbox 121 1599 321 1670; x_wconf 85' lang='grc' dir='ltr'>φρονεί’</span> <span class='ocrx_word' id='word_1_100' title='bbox 367 1596 458 1650; x_wconf 81' lang='grc' dir='ltr'>διὰ</span> <span class='ocrx_word' id='word_1_101' title='bbox 486 1595 644 1650; x_wconf 80' lang='grc' dir='ltr'>τοῦτο</span> <span class='ocrx_word' id='word_1_102' title='bbox 689 1597 782 1650; x_wconf 77' lang='grc' dir='ltr'>καὶ</span> <span class='ocrx_word' id='word_1_103' title='bbox 828 1595 1319 1666; x_wconf 84' lang='grc' dir='ltr'>τοὺςΣαμαρείτας</span> <span class='ocrx_word' id='word_1_104' title='bbox 1352 1592 1461 1665; x_wconf 77' lang='grc'><strong>(56)</strong></span> <span class='ocrx_word' id='word_1_105' title='bbox 1496 1593 1680 1663; x_wconf 82' lang='grc' dir='ltr'><strong>τάχιον</strong></span> 
     </span>
    </p>
   </div>
   <div class='ocr_carea' id='block_1_16' title="bbox 120 1683 1681 1760">
    <p class='ocr_par' dir='ltr' id='par_1_16' title="bbox 120 1683 1681 1760">
     <span class='ocr_line' id='line_1_16' title="bbox 120 1683 1681 1760; baseline -0.003 -18"><span class='ocrx_word' id='word_1_106' title='bbox 120 1687 440 1754; x_wconf 85' lang='grc' dir='ltr'>καταλιπὼν,</span> <span class='ocrx_word' id='word_1_107' title='bbox 481 1688 619 1759; x_wconf 81' lang='grc' dir='ltr'>ὑπὲρ</span> <span class='ocrx_word' id='word_1_108' title='bbox 642 1686 736 1741; x_wconf 84' lang='grc' dir='ltr'><strong>τοῦ</strong></span> <span class='ocrx_word' id='word_1_109' title='bbox 765 1690 876 1751; x_wconf 82' lang='grc' dir='ltr'>τοῖς</span> <span class='ocrx_word' id='word_1_110' title='bbox 902 1685 1195 1760; x_wconf 83' lang='grc' dir='ltr'>προθύμως</span> <span class='ocrx_word' id='word_1_111' title='bbox 1227 1683 1388 1740; x_wconf 82' lang='grc' dir='ltr'>αὐτὸν</span> <span class='ocrx_word' id='word_1_112' title='bbox 1419 1683 1681 1748; x_wconf 85' lang='grc' dir='ltr'>ἀποδεξα-</span> 
     </span>
    </p>
   </div>
   <div class='ocr_carea' id='block_1_17' title="bbox 123 1775 1678 1851">
    <p class='ocr_par' dir='ltr' id='par_1_17' title="bbox 123 1775 1678 1851">
     <span class='ocr_line' id='line_1_17' title="bbox 123 1775 1678 1851; baseline -0.003 -17"><span class='ocrx_word' id='word_1_113' title='bbox 123 1779 287 1851; x_wconf 79' lang='grc' dir='ltr'>μένοις</span> <span class='ocrx_word' id='word_1_114' title='bbox 310 1780 617 1844; x_wconf 84' lang='grc' dir='ltr'>Γαλιλαίοις</span> <span class='ocrx_word' id='word_1_115' title='bbox 648 1781 952 1849; x_wconf 76' lang='grc' dir='ltr'>ἐπιστῆναι,</span> <span class='ocrx_word' id='word_1_116' title='bbox 985 1781 1081 1833; x_wconf 77' lang='grc' dir='ltr'>καὶ</span> <span class='ocrx_word' id='word_1_117' title='bbox 1122 1777 1213 1832; x_wconf 83' lang='grc' dir='ltr'>τὸν</span> <span class='ocrx_word' id='word_1_118' title='bbox 1255 1775 1352 1831; x_wconf 81' lang='grc' dir='ltr'><strong>τοῦ</strong></span> <span class='ocrx_word' id='word_1_119' title='bbox 1403 1776 1678 1848; x_wconf 83' lang='grc' dir='ltr'>βασιλικοῦ</span> 
     </span>
    </p>
   </div>
   <div class='ocr_carea' id='block_1_18' title="bbox 121 1869 1677 1943">
    <p class='ocr_par' dir='ltr' id='par_1_18' title="bbox 121 1869 1677 1943">
     <span class='ocr_line' id='line_1_18' title="bbox 121 1869 1677 1943; baseline -0.001 -20"><span class='ocrx_word' id='word_1_120' title='bbox 121 1871 224 1924; x_wconf 81' lang='grc' dir='ltr'>υἱὸν</span> <span class='ocrx_word' id='word_1_121' title='bbox 282 1870 559 1924; x_wconf 79' lang='grc' dir='ltr'>ἰάσασθαι,</span> <span class='ocrx_word' id='word_1_122' title='bbox 596 1870 780 1924; x_wconf 83' lang='grc' dir='ltr'>Ταῦτα</span> <span class='ocrx_word' id='word_1_123' title='bbox 821 1870 879 1924; x_wconf 83' lang='grc' dir='ltr'>δὲ</span> <span class='ocrx_word' id='word_1_124' title='bbox 907 1871 967 1924; x_wconf 83' lang='grc' dir='ltr'>ἐν</span> <span class='ocrx_word' id='word_1_125' title='bbox 1010 1873 1079 1943; x_wconf 81' lang='grc' dir='ltr'><strong>τῇ</strong></span> <span class='ocrx_word' id='word_1_126' title='bbox 1125 1869 1383 1940; x_wconf 75' lang='grc' dir='ltr'>Γαλιλαίᾳ</span> <span class='ocrx_word' id='word_1_127' title='bbox 1427 1870 1677 1940; x_wconf 85' lang='grc' dir='ltr'>ποιήσας,</span> 
     </span>
    </p>
   </div>
   <div class='ocr_carea' id='block_1_19' title="bbox 121 1961 1683 2034">
    <p class='ocr_par' dir='ltr' id='par_1_19' title="bbox 121 1961 1683 2034">
     <span class='ocr_line' id='line_1_19' title="bbox 121 1961 1683 2034; baseline 0 -19"><span class='ocrx_word' id='word_1_128' title='bbox 121 1962 370 2034; x_wconf 79' lang='grc' dir='ltr'>ἐνστάσης</span> <span class='ocrx_word' id='word_1_129' title='bbox 390 1962 495 2034; x_wconf 85' lang='grc' dir='ltr'><strong>τῆς</strong></span> <span class='ocrx_word' id='word_1_130' title='bbox 525 1962 632 2016; x_wconf 86' lang='grc' dir='ltr'><strong>τῶν</strong></span> <span class='ocrx_word' id='word_1_131' title='bbox 674 1963 938 2016; x_wconf 86' lang='grc' dir='ltr'>Ἰουδαίων</span> <span class='ocrx_word' id='word_1_132' title='bbox 968 1962 1158 2033; x_wconf 82' lang='grc' dir='ltr'><strong>ἑορτῆς</strong></span> <span class='ocrx_word' id='word_1_133' title='bbox 1183 1961 1461 2017; x_wconf 77' lang='grc' dir='ltr'>ἀναϐαίνει</span> <span class='ocrx_word' id='word_1_134' title='bbox 1483 1964 1561 2026; x_wconf 87' lang='grc' dir='ltr'><strong>είς</strong></span> <span class='ocrx_word' id='word_1_135' title='bbox 1595 1963 1683 2015; x_wconf 87' lang='grc' dir='ltr'><strong>Ἱε-</strong></span> 
     </span>
    </p>
   </div>
   <div class='ocr_carea' id='block_1_20' title="bbox 121 2054 1678 2128">
    <p class='ocr_par' dir='ltr' id='par_1_20' title="bbox 121 2054 1678 2128">
     <span class='ocr_line' id='line_1_20' title="bbox 121 2054 1678 2128; baseline 0.001 -21"><span class='ocrx_word' id='word_1_136' title='bbox 121 2054 398 2127; x_wconf 88' lang='grc' dir='ltr'>ροσόλυμα,</span> <span class='ocrx_word' id='word_1_137' title='bbox 448 2055 550 2128; x_wconf 87' lang='grc' dir='ltr'><strong>τήν</strong></span> <span class='ocrx_word' id='word_1_138' title='bbox 596 2055 786 2127; x_wconf 76' lang='grc' dir='ltr'>ἑορτὴν</span> <span class='ocrx_word' id='word_1_139' title='bbox 816 2055 1099 2128; x_wconf 87' lang='grc' dir='ltr'>κρείττονα</span> <span class='ocrx_word' id='word_1_140' title='bbox 1135 2055 1228 2109; x_wconf 74' lang='grc' dir='ltr'>καὶ</span> <span class='ocrx_word' id='word_1_141' title='bbox 1266 2054 1580 2127; x_wconf 83' lang='grc' dir='ltr'>ίλαροτέραν</span> <span class='ocrx_word' id='word_1_142' title='bbox 1613 2057 1678 2127; x_wconf 78' lang='grc' dir='ltr'>τῇ</span> 
     </span>
    </p>
   </div>
   <div class='ocr_carea' id='block_1_21' title="bbox 120 2145 813 2219">
    <p class='ocr_par' dir='ltr' id='par_1_21' title="bbox 120 2145 813 2219">
     <span class='ocr_line' id='line_1_21' title="bbox 120 2145 813 2219; baseline -0.003 -18"><span class='ocrx_word' id='word_1_143' title='bbox 120 2145 298 2201; x_wconf 78' lang='grc' dir='ltr'>ἐαυτοῦ</span> <span class='ocrx_word' id='word_1_144' title='bbox 328 2146 502 2200; x_wconf 85' lang='grc' dir='ltr'>ποιῶν</span> <span class='ocrx_word' id='word_1_145' title='bbox 531 2145 813 2219; x_wconf 73' lang='grc' dir='ltr'>ἐπιδημίᾳ.</span> 
     </span>
    </p>
   </div>
   <div class='ocr_carea' id='block_1_22' title="bbox 186 2327 1681 2399">
    <p class='ocr_par' dir='ltr' id='par_1_22' title="bbox 186 2327 1681 2399">
     <span class='ocr_line' id='line_1_22' title="bbox 186 2327 1681 2399; baseline -0.002 -15"><span class='ocrx_word' id='word_1_146' title='bbox 186 2328 274 2384; x_wconf 65' lang='lat'><strong>5-6.</strong></span> <span class='ocrx_word' id='word_1_147' title='bbox 300 2327 533 2399; x_wconf 89' lang='grc' dir='ltr'>’Ῑδωμεν</span> <span class='ocrx_word' id='word_1_148' title='bbox 577 2329 633 2382; x_wconf 83' lang='grc' dir='ltr'><strong>δέ</strong></span> <span class='ocrx_word' id='word_1_149' title='bbox 666 2329 719 2382; x_wconf 90' lang='grc' dir='ltr'><strong>τί</strong></span> <span class='ocrx_word' id='word_1_150' title='bbox 766 2330 881 2381; x_wconf 80' lang='grc' dir='ltr'>ἐστι</span> <span class='ocrx_word' id='word_1_151' title='bbox 912 2329 1005 2382; x_wconf 72' lang='grc' dir='ltr'>καὶ</span> <span class='ocrx_word' id='word_1_152' title='bbox 1030 2328 1126 2382; x_wconf 75' lang='grc' dir='ltr'><strong>τόο</strong></span> <span class='ocrx_word' id='word_1_153' title='bbox 1168 2348 1185 2379; x_wconf 79' lang='grc' dir='ltr'><strong>ι</strong></span> <span class='ocrx_word' id='word_1_154' title='bbox 1210 2327 1378 2392; x_wconf 79' lang='grc' dir='ltr'>Αὐτὸς</span> <span class='ocrx_word' id='word_1_155' title='bbox 1424 2328 1531 2399; x_wconf 79' lang='grc' dir='ltr'>γὰρ</span> <span class='ocrx_word' id='word_1_156' title='bbox 1576 2328 1681 2399; x_wconf 86' lang='grc' dir='ltr'><strong>Ἰη-</strong></span> 
     </span>
    </p>
   </div>
   <div class='ocr_carea' id='block_1_23' title="bbox 122 2421 1678 2494">
    <p class='ocr_par' dir='ltr' id='par_1_23' title="bbox 122 2421 1678 2494">
     <span class='ocr_line' id='line_1_23' title="bbox 122 2421 1678 2494; baseline 0.001 -20"><span class='ocrx_word' id='word_1_157' title='bbox 122 2422 235 2485; x_wconf 78' lang='grc' dir='ltr'>σοῦς</span> <span class='ocrx_word' id='word_1_158' title='bbox 277 2421 680 2493; x_wconf 77' lang='grc' dir='ltr'>ἐμαρτύρησεν,</span> <span class='ocrx_word' id='word_1_159' title='bbox 728 2422 808 2474; x_wconf 80' lang='grc' dir='ltr'>ὅτι</span> <span class='ocrx_word' id='word_1_160' title='bbox 837 2423 1119 2492; x_wconf 78' lang='grc' dir='ltr'>προφήτης</span> <span class='ocrx_word' id='word_1_161' title='bbox 1152 2422 1208 2474; x_wconf 80' lang='grc' dir='ltr'>ἐν</span> <span class='ocrx_word' id='word_1_162' title='bbox 1239 2424 1304 2493; x_wconf 80' lang='grc' dir='ltr'>τῇ</span> <span class='ocrx_word' id='word_1_163' title='bbox 1336 2422 1440 2493; x_wconf 72' lang='grc' dir='ltr'>ίδίᾳ</span> <span class='ocrx_word' id='word_1_164' title='bbox 1466 2421 1678 2494; x_wconf 87' lang='grc' dir='ltr'>πατρίδι</span> 
     </span>
    </p>
   </div>
   <div class='ocr_carea' id='block_1_24' title="bbox 119 2512 1682 2585">
    <p class='ocr_par' dir='ltr' id='par_1_24' title="bbox 119 2512 1682 2585">
     <span class='ocr_line' id='line_1_24' title="bbox 119 2512 1682 2585; baseline 0.001 -20"><span class='ocrx_word' id='word_1_165' title='bbox 119 2513 267 2585; x_wconf 84' lang='grc' dir='ltr'>τιμὴν</span> <span class='ocrx_word' id='word_1_166' title='bbox 290 2513 391 2567; x_wconf 84' lang='grc' dir='ltr'>οὐκ</span> <span class='ocrx_word' id='word_1_167' title='bbox 436 2512 553 2585; x_wconf 79' lang='grc' dir='ltr'>ἔχει</span> <span class='ocrx_word' id='word_1_168' title='bbox 579 2529 593 2542; x_wconf 89' lang='grc'><strong>·</strong></span> <span class='ocrx_word' id='word_1_169' title='bbox 618 2533 636 2566; x_wconf 75' lang='grc' dir='ltr'><strong>ι</strong></span> <span class='ocrx_word' id='word_1_170' title='bbox 688 2513 781 2567; x_wconf 74' lang='grc' dir='ltr'><strong>καὶ</strong></span> <span class='ocrx_word' id='word_1_171' title='bbox 803 2512 964 2576; x_wconf 81' lang='grc' dir='ltr'>ἀξίως</span> <span class='ocrx_word' id='word_1_172' title='bbox 994 2512 1087 2566; x_wconf 80' lang='grc' dir='ltr'><strong>τοῦ</strong></span> <span class='ocrx_word' id='word_1_173' title='bbox 1132 2512 1304 2584; x_wconf 82' lang='grc' dir='ltr'>Ἰησοῦ</span> <span class='ocrx_word' id='word_1_174' title='bbox 1347 2512 1682 2585; x_wconf 79' lang='grc' dir='ltr'>μαρτυροῦν-</span> 
     </span>
    </p>
   </div>
   <div class='ocr_carea' id='block_1_25' title="bbox 118 2605 1680 2679">
    <p class='ocr_par' dir='ltr' id='par_1_25' title="bbox 118 2605 1680 2679">
     <span class='ocr_line' id='line_1_25' title="bbox 118 2605 1680 2679; baseline 0 -19"><span class='ocrx_word' id='word_1_175' title='bbox 118 2625 218 2671; x_wconf 85' lang='grc' dir='ltr'>τος,</span> <span class='ocrx_word' id='word_1_176' title='bbox 261 2606 525 2679; x_wconf 77' lang='grc' dir='ltr'>ζητητέον</span> <span class='ocrx_word' id='word_1_177' title='bbox 573 2607 664 2661; x_wconf 80' lang='grc' dir='ltr'>τὸν</span> <span class='ocrx_word' id='word_1_178' title='bbox 694 2609 790 2679; x_wconf 88' lang='grc' dir='ltr'><strong>τῆς</strong></span> <span class='ocrx_word' id='word_1_179' title='bbox 830 2607 1025 2674; x_wconf 81' lang='grc' dir='ltr'>λέξεως</span> <span class='ocrx_word' id='word_1_180' title='bbox 1070 2606 1213 2661; x_wconf 82' lang='grc' dir='ltr'>νοῦν.</span> <span class='ocrx_word' id='word_1_181' title='bbox 1252 2607 1458 2679; x_wconf 79' lang='grc' dir='ltr'>Πατρὶς</span> <span class='ocrx_word' id='word_1_182' title='bbox 1483 2606 1547 2678; x_wconf 86' lang='grc' dir='ltr'>δὴ</span> <span class='ocrx_word' id='word_1_183' title='bbox 1572 2605 1680 2660; x_wconf 86' lang='grc' dir='ltr'><strong>τῶν</strong></span> 
     </span>
    </p>
   </div>
   <div class='ocr_carea' id='block_1_26' title="bbox 120 2696 1680 2772">
    <p class='ocr_par' dir='ltr' id='par_1_26' title="bbox 120 2696 1680 2772">
     <span class='ocr_line' id='line_1_26' title="bbox 120 2696 1680 2772; baseline 0.003 -23"><span class='ocrx_word' id='word_1_184' title='bbox 120 2698 395 2770; x_wconf 70' lang='grc' dir='ltr'>προφητῶν</span> <span class='ocrx_word' id='word_1_185' title='bbox 418 2701 483 2752; x_wconf 89' lang='grc' dir='ltr'>ἐν</span> <span class='ocrx_word' id='word_1_186' title='bbox 508 2702 573 2770; x_wconf 86' lang='grc' dir='ltr'><strong>τῇ</strong></span> <span class='ocrx_word' id='word_1_187' title='bbox 613 2699 842 2771; x_wconf 78' lang='grc' dir='ltr'>Ἰουδαίᾳ</span> <span class='ocrx_word' id='word_1_188' title='bbox 872 2696 960 2772; x_wconf 78' lang='grc' dir='ltr'><strong>ἦν,</strong></span> <span class='ocrx_word' id='word_1_189' title='bbox 994 2701 1088 2753; x_wconf 76' lang='grc' dir='ltr'>καὶ</span> <span class='ocrx_word' id='word_1_190' title='bbox 1115 2701 1344 2772; x_wconf 84' lang='grc' dir='ltr'>φανερόν</span> <span class='ocrx_word' id='word_1_191' title='bbox 1367 2701 1483 2754; x_wconf 78' lang='grc' dir='ltr'>ἐστι</span> <span class='ocrx_word' id='word_1_192' title='bbox 1515 2701 1680 2772; x_wconf 79' lang='grc' dir='ltr'>τιμὴν</span> 
     </span>
    </p>
   </div>
   <div class='ocr_carea' id='block_1_27' title="bbox 120 2791 1680 2866">
    <p class='ocr_par' dir='ltr' id='par_1_27' title="bbox 120 2791 1680 2866">
     <span class='ocr_line' id='line_1_27' title="bbox 120 2791 1680 2866; baseline 0.001 -22"><span class='ocrx_word' id='word_1_193' title='bbox 120 2793 298 2856; x_wconf 78' lang='grc' dir='ltr'>αὐτοὺς</span> <span class='ocrx_word' id='word_1_194' title='bbox 326 2791 480 2864; x_wconf 82' lang='grc' dir='ltr'>παρὰ</span> <span class='ocrx_word' id='word_1_195' title='bbox 499 2791 613 2864; x_wconf 82' lang='lat'><strong>(&#39;57)</strong></span> <span class='ocrx_word' id='word_1_196' title='bbox 661 2792 934 2857; x_wconf 87' lang='grc' dir='ltr'>Ἰουδαίοις</span> <span class='ocrx_word' id='word_1_197' title='bbox 963 2792 1038 2865; x_wconf 81' lang='grc' dir='ltr'>μὴ</span> <span class='ocrx_word' id='word_1_198' title='bbox 1062 2793 1371 2866; x_wconf 82' lang='grc' dir='ltr'>ἐσχηκέναι,</span> <span class='ocrx_word' id='word_1_199' title='bbox 1401 2791 1680 2847; x_wconf 82' lang='grc' dir='ltr'>λιθασθέν-</span> 
     </span>
    </p>
   </div>
   <div class='ocr_carea' id='block_1_28' title="bbox 122 2882 1681 2956">
    <p class='ocr_par' dir='ltr' id='par_1_28' title="bbox 122 2882 1681 2956">
     <span class='ocr_line' id='line_1_28' title="bbox 122 2882 1681 2956; baseline 0.001 -20"><span class='ocrx_word' id='word_1_200' title='bbox 122 2900 230 2945; x_wconf 87' lang='grc' dir='ltr'>τας,</span> <span class='ocrx_word' id='word_1_201' title='bbox 270 2883 620 2955; x_wconf 85' lang='grc' dir='ltr'>πρισθέντας,</span> <span class='ocrx_word' id='word_1_202' title='bbox 670 2882 1082 2954; x_wconf 86' lang='grc' dir='ltr'>πειρασθέντας,</span> <span class='ocrx_word' id='word_1_203' title='bbox 1119 2885 1176 2936; x_wconf 85' lang='grc' dir='ltr'><strong>ἐν</strong></span> <span class='ocrx_word' id='word_1_204' title='bbox 1222 2885 1366 2955; x_wconf 83' lang='grc' dir='ltr'>φόνῳ</span> <span class='ocrx_word' id='word_1_205' title='bbox 1408 2884 1681 2956; x_wconf 82' lang='grc' dir='ltr'>μαχαίρας</span> 
     </span>
    </p>
   </div>
   <div class='ocr_carea' id='block_1_29' title="bbox 123 2974 1680 3047">
    <p class='ocr_par' dir='ltr' id='par_1_29' title="bbox 123 2974 1680 3047">
     <span class='ocr_line' id='line_1_29' title="bbox 123 2974 1680 3047; baseline 0.002 -19"><span class='ocrx_word' id='word_1_206' title='bbox 123 2974 495 3040; x_wconf 79' lang='grc' dir='ltr'>ἀποθανόντας,</span> <span class='ocrx_word' id='word_1_207' title='bbox 550 2975 638 3029; x_wconf 82' lang='grc' dir='ltr'><strong>διὰ</strong></span> <span class='ocrx_word' id='word_1_208' title='bbox 684 2976 743 3029; x_wconf 76' lang='grc' dir='ltr'>τὸ</span> <span class='ocrx_word' id='word_1_209' title='bbox 787 2975 1143 3047; x_wconf 76' lang='grc' dir='ltr'>ἀτιμάζεσθαι</span> <span class='ocrx_word' id='word_1_210' title='bbox 1196 2975 1574 3047; x_wconf 82' lang='grc' dir='ltr'>περιελθόντας</span> <span class='ocrx_word' id='word_1_211' title='bbox 1624 2978 1680 3031; x_wconf 87' lang='grc' dir='ltr'>ἐν</span> 
     </span>
    </p>
   </div>
   <div class='ocr_carea' id='block_1_30' title="bbox 1163 253 2287 329">
    <p class='ocr_par' dir='ltr' id='par_1_30' title="bbox 1163 253 2287 329">
     <span class='ocr_line' id='line_1_30' title="bbox 1163 253 2287 329; baseline -0.017 0"><span class='ocrx_word' id='word_1_212' title='bbox 1163 268 1518 329; x_wconf 72' lang='lat' dir='ltr'><strong>COMMENT.</strong></span> <span class='ocrx_word' id='word_1_213' title='bbox 1556 263 1622 318; x_wconf 85' lang='lat' dir='ltr'><strong>IN</strong></span> <span class='ocrx_word' id='word_1_214' title='bbox 1655 259 1844 318; x_wconf 69' lang='lat' dir='ltr'><strong>.IOAN.</strong></span> <span class='ocrx_word' id='word_1_215' title='bbox 1882 255 2117 314; x_wconf 77' lang='lat' dir='ltr'><strong>TOMUS</strong></span> <span class='ocrx_word' id='word_1_216' title='bbox 2152 253 2287 310; x_wconf 79' lang='lat' dir='ltr'><strong>XIII.</strong></span> 
     </span>
    </p>
   </div>
   <div class='ocr_carea' id='block_1_31' title="bbox 1299 356 1707 464">
    <p class='ocr_par' dir='ltr' id='par_1_31' title="bbox 1299 389 1675 464">
     <span class='ocr_line' id='line_1_31' title="bbox 1299 389 1675 464; baseline -0.024 -18"><span class='ocrx_word' id='word_1_217' title='bbox 1299 407 1489 464; x_wconf 86' lang='grc' dir='ltr'>προκει</span> <span class='ocrx_word' id='word_1_218' title='bbox 1498 389 1655 461; x_wconf 78' lang='grc' dir='ltr'>μένου</span> <span class='ocrx_word' id='word_1_219' title='bbox 1663 425 1675 437; x_wconf 94' lang='grc'><strong>.</strong></span> 
     </span>
    </p>
   </div>
   <div class='ocr_carea' id='block_1_32' title="bbox 1864 356 3345 464">
    <p class='ocr_par' dir='ltr' id='par_1_32' title="bbox 1864 356 3345 446">
     <span class='ocr_line' id='line_1_32' title="bbox 1864 356 3345 446; baseline -0.019 -12"><span class='ocrx_word' id='word_1_220' title='bbox 1864 395 1889 434; x_wconf 90' lang='lat' dir='ltr'><strong>c</strong></span> <span class='ocrx_word' id='word_1_221' title='bbox 1935 378 2116 432; x_wconf 80' lang='lat' dir='ltr'><strong>Jesum</strong></span> <span class='ocrx_word' id='word_1_222' title='bbox 2166 372 2466 446; x_wconf 87' lang='lat' dir='ltr'><strong>profectum</strong></span> <span class='ocrx_word' id='word_1_223' title='bbox 2506 366 2674 423; x_wconf 83' lang='lat' dir='ltr'><strong>fuisse</strong></span> <span class='ocrx_word' id='word_1_224' title='bbox 2733 363 2933 419; x_wconf 85' lang='lat' dir='ltr'><strong>Canam</strong></span> <span class='ocrx_word' id='word_1_225' title='bbox 2975 356 3226 415; x_wconf 72' lang='lat' dir='ltr'><strong>Galilaeae.</strong></span> <span class='ocrx_word' id='word_1_226' title='bbox 3278 357 3345 407; x_wconf 84' lang='lat' dir='ltr'><strong>At</strong></span> 
     </span>
    </p>
   </div>
   <div class='ocr_carea' id='block_1_33' title="bbox 3240 235 3342 290">
    <p class='ocr_par' dir='ltr' id='par_1_33' title="bbox 3240 235 3342 290">
     <span class='ocr_line' id='line_1_33' title="bbox 3240 235 3342 290; baseline 0 0"><span class='ocrx_word' id='word_1_227' title='bbox 3240 235 3342 290; x_wconf 71' lang='lat'><strong>502</strong></span> 
     </span>
    </p>
   </div>
   <div class='ocr_carea' id='block_1_34' title="bbox 1782 450 3344 538">
    <p class='ocr_par' dir='ltr' id='par_1_34' title="bbox 1782 450 3344 538">
     <span class='ocr_line' id='line_1_34' title="bbox 1782 450 3344 538; baseline -0.019 -11"><span class='ocrx_word' id='word_1_228' title='bbox 1782 486 1903 527; x_wconf 88' lang='lat' dir='ltr'><strong>sese</strong></span> <span class='ocrx_word' id='word_1_229' title='bbox 1951 467 2211 538; x_wconf 89' lang='lat' dir='ltr'><strong>intelligit</strong></span> <span class='ocrx_word' id='word_1_230' title='bbox 2259 461 2612 534; x_wconf 85' lang='lat' dir='ltr'><strong>evangelista,</strong></span> <span class='ocrx_word' id='word_1_231' title='bbox 2639 471 2738 512; x_wconf 88' lang='lat' dir='ltr'><strong>nec</strong></span> <span class='ocrx_word' id='word_1_232' title='bbox 2774 454 2990 509; x_wconf 88' lang='lat' dir='ltr'><strong>dubitat</strong></span> <span class='ocrx_word' id='word_1_233' title='bbox 3030 450 3097 505; x_wconf 93' lang='lat' dir='ltr'><strong>de</strong></span> <span class='ocrx_word' id='word_1_234' title='bbox 3122 462 3181 502; x_wconf 89' lang='lat' dir='ltr'><strong>re</strong></span> <span class='ocrx_word' id='word_1_235' title='bbox 3215 460 3344 517; x_wconf 90' lang='lat' dir='ltr'><strong>pro-</strong></span> 
     </span>
    </p>
   </div>
   <div class='ocr_carea' id='block_1_35' title="bbox 1782 548 3343 635">
    <p class='ocr_par' dir='ltr' id='par_1_35' title="bbox 1782 548 3343 635">
     <span class='ocr_line' id='line_1_35' title="bbox 1782 548 3343 635; baseline -0.019 -15"><span class='ocrx_word' id='word_1_236' title='bbox 1782 565 1986 635; x_wconf 87' lang='lat' dir='ltr'><strong>posita.</strong></span> <span class='ocrx_word' id='word_1_237' title='bbox 2019 561 2153 617; x_wconf 91' lang='lat' dir='ltr'><strong>Cum</strong></span> <span class='ocrx_word' id='word_1_238' title='bbox 2187 572 2320 629; x_wconf 88' lang='lat' dir='ltr'><strong>ergo</strong></span> <span class='ocrx_word' id='word_1_239' title='bbox 2349 565 2508 611; x_wconf 89' lang='lat' dir='ltr'><strong>antea</strong></span> <span class='ocrx_word' id='word_1_240' title='bbox 2541 550 2769 606; x_wconf 75' lang='lat' dir='ltr'><strong>dixisset</strong></span> <span class='ocrx_word' id='word_1_241' title='bbox 2803 557 3038 616; x_wconf 90' lang='lat' dir='ltr'><strong>quonam</strong></span> <span class='ocrx_word' id='word_1_242' title='bbox 3071 548 3226 610; x_wconf 89' lang='lat' dir='ltr'><strong>pacto</strong></span> <span class='ocrx_word' id='word_1_243' title='bbox 3254 551 3343 591; x_wconf 87' lang='lat' dir='ltr'><strong>re-</strong></span> 
     </span>
    </p>
   </div>
   <div class='ocr_carea' id='block_1_36' title="bbox 1780 630 3342 720">
    <p class='ocr_par' dir='ltr' id='par_1_36' title="bbox 1780 630 3342 720">
     <span class='ocr_line' id='line_1_36' title="bbox 1780 630 3342 720; baseline -0.016 -14"><span class='ocrx_word' id='word_1_244' title='bbox 1780 630 1942 720; x_wconf 78' lang='lat' dir='ltr'><strong>liquit</strong></span> <span class='ocrx_word' id='word_1_245' title='bbox 1971 651 2234 716; x_wconf 72' lang='lat' dir='ltr'><strong>Iudaeam,</strong></span> <span class='ocrx_word' id='word_1_246' title='bbox 2270 646 2811 718; x_wconf 85' lang='lat' dir='ltr'><strong>proficiscereturque</strong></span> <span class='ocrx_word' id='word_1_247' title='bbox 2845 637 2898 690; x_wconf 92' lang='lat' dir='ltr'><strong>in</strong></span> <span class='ocrx_word' id='word_1_248' title='bbox 2926 633 3198 692; x_wconf 58' lang='lat' dir='ltr'><strong>Galilaeam</strong></span> <span class='ocrx_word' id='word_1_249' title='bbox 3235 630 3342 684; x_wconf 88' lang='lat' dir='ltr'><strong>Do-</strong></span> 
     </span>
    </p>
   </div>
   <div class='ocr_carea' id='block_1_37' title="bbox 1781 722 3341 812">
    <p class='ocr_par' dir='ltr' id='par_1_37' title="bbox 1781 722 3341 812">
     <span class='ocr_line' id='line_1_37' title="bbox 1781 722 3341 812; baseline -0.015 -14"><span class='ocrx_word' id='word_1_250' title='bbox 1781 745 1980 810; x_wconf 89' lang='lat' dir='ltr'><strong>minus,</strong></span> <span class='ocrx_word' id='word_1_251' title='bbox 2014 756 2247 812; x_wconf 90' lang='lat' dir='ltr'><strong>cumque</strong></span> <span class='ocrx_word' id='word_1_252' title='bbox 2285 744 2557 793; x_wconf 80' lang='lat' dir='ltr'><strong>narrasset</strong></span> <span class='ocrx_word' id='word_1_253' title='bbox 2594 746 2714 807; x_wconf 78' lang='lat' dir='ltr'><strong>quae</strong></span> <span class='ocrx_word' id='word_1_254' title='bbox 2759 730 3016 784; x_wconf 88' lang='lat' dir='ltr'><strong>dicuntur</strong></span> <span class='ocrx_word' id='word_1_255' title='bbox 3045 738 3210 795; x_wconf 86' lang='lat' dir='ltr'><strong>prope</strong></span> <span class='ocrx_word' id='word_1_256' title='bbox 3262 722 3341 776; x_wconf 82' lang='lat' dir='ltr'><strong>Io-</strong></span> 
     </span>
    </p>
   </div>
   <div class='ocr_carea' id='block_1_38' title="bbox 1782 814 3338 904">
    <p class='ocr_par' dir='ltr' id='par_1_38' title="bbox 1782 814 3338 904">
     <span class='ocr_line' id='line_1_38' title="bbox 1782 814 3338 904; baseline -0.013 -15"><span class='ocrx_word' id='word_1_257' title='bbox 1782 852 1904 889; x_wconf 85' lang='lat' dir='ltr'><strong>cum</strong></span> <span class='ocrx_word' id='word_1_258' title='bbox 1937 847 2096 904; x_wconf 87' lang='lat' dir='ltr'><strong>quem</strong></span> <span class='ocrx_word' id='word_1_259' title='bbox 2128 830 2456 885; x_wconf 83' lang='lat' dir='ltr'><strong>deditJacob</strong></span> <span class='ocrx_word' id='word_1_260' title='bbox 2483 825 2718 886; x_wconf 81' lang='lat' dir='ltr'><strong>Josepho</strong></span> <span class='ocrx_word' id='word_1_261' title='bbox 2748 821 2888 880; x_wconf 82' lang='lat' dir='ltr'><strong>apud</strong></span> <span class='ocrx_word' id='word_1_262' title='bbox 2923 819 3123 872; x_wconf 86' lang='lat' dir='ltr'><strong>fontem</strong></span> <span class='ocrx_word' id='word_1_263' title='bbox 3150 814 3338 879; x_wconf 83' lang='lat' dir='ltr'><strong>Jacob,</strong></span> 
     </span>
    </p>
   </div>
   <div class='ocr_carea' id='block_1_39' title="bbox 1781 910 3343 996">
    <p class='ocr_par' dir='ltr' id='par_1_39' title="bbox 1781 910 3343 996">
     <span class='ocr_line' id='line_1_39' title="bbox 1781 910 3343 996; baseline -0.013 -15"><span class='ocrx_word' id='word_1_264' title='bbox 1781 928 2033 996; x_wconf 87' lang='lat' dir='ltr'><strong>quoniam</strong></span> <span class='ocrx_word' id='word_1_265' title='bbox 2067 924 2347 994; x_wconf 84' lang='lat' dir='ltr'><strong>oportebat</strong></span> <span class='ocrx_word' id='word_1_266' title='bbox 2379 936 2501 976; x_wconf 88' lang='lat' dir='ltr'><strong>eum</strong></span> <span class='ocrx_word' id='word_1_267' title='bbox 2537 917 2769 972; x_wconf 83' lang='lat' dir='ltr'><strong>transire</strong></span> <span class='ocrx_word' id='word_1_268' title='bbox 2806 929 2902 983; x_wconf 89' lang='lat' dir='ltr'><strong>per</strong></span> <span class='ocrx_word' id='word_1_269' title='bbox 2929 910 3258 971; x_wconf 81' lang='lat' dir='ltr'><strong>Samariam,</strong></span> <span class='ocrx_word' id='word_1_270' title='bbox 3287 915 3343 961; x_wconf 89' lang='lat' dir='ltr'><strong>et</strong></span> 
     </span>
    </p>
   </div>
   <div class='ocr_carea' id='block_1_40' title="bbox 1779 1000 3339 1087">
    <p class='ocr_par' dir='ltr' id='par_1_40' title="bbox 1779 1000 3339 1087">
     <span class='ocr_line' id='line_1_40' title="bbox 1779 1000 3339 1087; baseline -0.013 -13"><span class='ocrx_word' id='word_1_271' title='bbox 1779 1018 2048 1087; x_wconf 91' lang='lat' dir='ltr'><strong>quomodo</strong></span> <span class='ocrx_word' id='word_1_272' title='bbox 2094 1015 2384 1072; x_wconf 85' lang='lat' dir='ltr'><strong>mansisset</strong></span> <span class='ocrx_word' id='word_1_273' title='bbox 2418 1010 2560 1082; x_wconf 90' lang='lat' dir='ltr'><strong>apud</strong></span> <span class='ocrx_word' id='word_1_274' title='bbox 2613 1009 2984 1065; x_wconf 87' lang='lat' dir='ltr'><strong>Samaritanos</strong></span> <span class='ocrx_word' id='word_1_275' title='bbox 3024 1004 3158 1057; x_wconf 91' lang='lat' dir='ltr'><strong>duos</strong></span> <span class='ocrx_word' id='word_1_276' title='bbox 3201 1000 3339 1061; x_wconf 90' lang='lat' dir='ltr'><strong>dies,</strong></span> 
     </span>
    </p>
   </div>
   <div class='ocr_carea' id='block_1_41' title="bbox 1780 1099 3342 1181">
    <p class='ocr_par' dir='ltr' id='par_1_41' title="bbox 1780 1099 3342 1181">
     <span class='ocr_line' id='line_1_41' title="bbox 1780 1099 3342 1181; baseline -0.013 -15"><span class='ocrx_word' id='word_1_277' title='bbox 1780 1111 2022 1181; x_wconf 79' lang='lat' dir='ltr'><strong>assignat</strong></span> <span class='ocrx_word' id='word_1_278' title='bbox 2071 1122 2346 1167; x_wconf 86' lang='lat' dir='ltr'><strong>accessum</strong></span> <span class='ocrx_word' id='word_1_279' title='bbox 2385 1103 2527 1158; x_wconf 83' lang='lat' dir='ltr'><strong>illius</strong></span> <span class='ocrx_word' id='word_1_280' title='bbox 2565 1103 2619 1157; x_wconf 90' lang='lat' dir='ltr'><strong>in</strong></span> <span class='ocrx_word' id='word_1_281' title='bbox 2663 1099 2935 1157; x_wconf 73' lang='lat' dir='ltr'><strong>Galilaeam</strong></span> <span class='ocrx_word' id='word_1_282' title='bbox 2965 1137 2981 1164; x_wconf 87' lang='lat'><strong>,</strong></span> <span class='ocrx_word' id='word_1_283' title='bbox 3030 1106 3342 1166; x_wconf 79' lang='lat' dir='ltr'><strong>quanquam</strong></span> 
     </span>
    </p>
   </div>
   <div class='ocr_carea' id='block_1_42' title="bbox 1781 1184 3341 1269">
    <p class='ocr_par' dir='ltr' id='par_1_42' title="bbox 1781 1184 3341 1269">
     <span class='ocr_line' id='line_1_42' title="bbox 1781 1184 3341 1269; baseline -0.014 -12"><span class='ocrx_word' id='word_1_284' title='bbox 1781 1203 1997 1257; x_wconf 89' lang='lat' dir='ltr'><strong>interim</strong></span> <span class='ocrx_word' id='word_1_285' title='bbox 2036 1216 2142 1255; x_wconf 90' lang='lat' dir='ltr'><strong>non</strong></span> <span class='ocrx_word' id='word_1_286' title='bbox 2188 1214 2353 1269; x_wconf 81' lang='lat' dir='ltr'><strong>pauca</strong></span> <span class='ocrx_word' id='word_1_287' title='bbox 2396 1197 2625 1252; x_wconf 87' lang='lat' dir='ltr'><strong>fuissent</strong></span> <span class='ocrx_word' id='word_1_288' title='bbox 2656 1193 2821 1248; x_wconf 89' lang='lat' dir='ltr'><strong>dicta.</strong></span> <span class='ocrx_word' id='word_1_289' title='bbox 2855 1189 3049 1244; x_wconf 81' lang='lat' dir='ltr'><strong>Verum</strong></span> <span class='ocrx_word' id='word_1_290' title='bbox 3085 1184 3341 1256; x_wconf 88' lang='lat' dir='ltr'><strong>quoniam</strong></span> 
     </span>
    </p>
   </div>
   <div class='ocr_carea' id='block_1_43' title="bbox 1780 1283 3341 1364">
    <p class='ocr_par' dir='ltr' id='par_1_43' title="bbox 1780 1283 3341 1364">
     <span class='ocr_line' id='line_1_43' title="bbox 1780 1283 3341 1364; baseline -0.014 -13"><span class='ocrx_word' id='word_1_291' title='bbox 1780 1295 1833 1350; x_wconf 92' lang='lat' dir='ltr'><strong>in</strong></span> <span class='ocrx_word' id='word_1_292' title='bbox 1873 1293 2247 1364; x_wconf 87' lang='lat' dir='ltr'><strong>superioribus</strong></span> <span class='ocrx_word' id='word_1_293' title='bbox 2285 1287 2524 1344; x_wconf 48' lang='lat' dir='ltr'><strong>Juda’am</strong></span> <span class='ocrx_word' id='word_1_294' title='bbox 2576 1283 2925 1354; x_wconf 67' lang='lat' dir='ltr'><strong>praediximus</strong></span> <span class='ocrx_word' id='word_1_295' title='bbox 2976 1289 3160 1334; x_wconf 89' lang='lat' dir='ltr'><strong>notam</strong></span> <span class='ocrx_word' id='word_1_296' title='bbox 3221 1290 3341 1330; x_wconf 87' lang='lat' dir='ltr'><strong>esse</strong></span> 
     </span>
    </p>
   </div>
   <div class='ocr_carea' id='block_1_44' title="bbox 1781 1369 3344 1450">
    <p class='ocr_par' dir='ltr' id='par_1_44' title="bbox 1781 1369 3344 1450">
     <span class='ocr_line' id='line_1_44' title="bbox 1781 1369 3344 1450; baseline -0.015 -8"><span class='ocrx_word' id='word_1_297' title='bbox 1781 1386 2018 1441; x_wconf 80' lang='lat' dir='ltr'><strong>melioris</strong></span> <span class='ocrx_word' id='word_1_298' title='bbox 2048 1383 2327 1450; x_wconf 85' lang='lat' dir='ltr'><strong>cujusdam</strong></span> <span class='ocrx_word' id='word_1_299' title='bbox 2361 1379 2457 1443; x_wconf 89' lang='lat' dir='ltr'><strong>rei,</strong></span> <span class='ocrx_word' id='word_1_300' title='bbox 2490 1376 2615 1446; x_wconf 85' lang='lat' dir='ltr'><strong>quia</strong></span> <span class='ocrx_word' id='word_1_301' title='bbox 2648 1376 2701 1428; x_wconf 93' lang='lat' dir='ltr'><strong>in</strong></span> <span class='ocrx_word' id='word_1_302' title='bbox 2733 1372 2951 1429; x_wconf 87' lang='lat' dir='ltr'><strong>sublimi</strong></span> <span class='ocrx_word' id='word_1_303' title='bbox 2981 1369 3158 1441; x_wconf 90' lang='lat' dir='ltr'><strong>posita</strong></span> <span class='ocrx_word' id='word_1_304' title='bbox 3175 1375 3344 1429; x_wconf 84' lang='lat' dir='ltr'><strong>esset,</strong></span> 
     </span>
    </p>
   </div>
   <div class='ocr_carea' id='block_1_45' title="bbox 1781 1459 3342 1536">
    <p class='ocr_par' dir='ltr' id='par_1_45' title="bbox 1781 1459 3342 1536">
     <span class='ocr_line' id='line_1_45' title="bbox 1781 1459 3342 1536; baseline -0.015 -1"><span class='ocrx_word' id='word_1_305' title='bbox 1781 1478 2067 1536; x_wconf 87' lang='lat' dir='ltr'><strong>deterioris</strong></span> <span class='ocrx_word' id='word_1_306' title='bbox 2101 1490 2232 1531; x_wconf 88' lang='lat' dir='ltr'><strong>vero</strong></span> <span class='ocrx_word' id='word_1_307' title='bbox 2271 1472 2347 1528; x_wconf 89' lang='lat' dir='ltr'><strong>rei</strong></span> <span class='ocrx_word' id='word_1_308' title='bbox 2377 1469 2672 1533; x_wconf 75' lang='lat' dir='ltr'><strong>Galilaeam,</strong></span> <span class='ocrx_word' id='word_1_309' title='bbox 2701 1476 2757 1521; x_wconf 90' lang='lat' dir='ltr'><strong>et</strong></span> <span class='ocrx_word' id='word_1_310' title='bbox 2797 1464 2900 1519; x_wconf 90' lang='lat' dir='ltr'><strong>hac</strong></span> <span class='ocrx_word' id='word_1_311' title='bbox 2938 1463 3149 1517; x_wconf 88' lang='lat' dir='ltr'><strong>ratione</strong></span> <span class='ocrx_word' id='word_1_312' title='bbox 3176 1459 3342 1513; x_wconf 87' lang='lat' dir='ltr'><strong>Deum</strong></span> 
     </span>
    </p>
   </div>
   <div class='ocr_carea' id='block_1_46' title="bbox 1782 1552 3346 1638">
    <p class='ocr_par' dir='ltr' id='par_1_46' title="bbox 1782 1552 3346 1638">
     <span class='ocr_line' id='line_1_46' title="bbox 1782 1552 3346 1638; baseline -0.017 -11"><span class='ocrx_word' id='word_1_313' title='bbox 1782 1572 2005 1627; x_wconf 87' lang='lat' dir='ltr'><strong>humani</strong></span> <span class='ocrx_word' id='word_1_314' title='bbox 2070 1567 2287 1638; x_wconf 89' lang='lat' dir='ltr'><strong>generis</strong></span> <span class='ocrx_word' id='word_1_315' title='bbox 2343 1571 2615 1618; x_wconf 83' lang='lat' dir='ltr'><strong>amantem</strong></span> <span class='ocrx_word' id='word_1_316' title='bbox 2650 1597 2666 1623; x_wconf 92' lang='lat'><strong>,</strong></span> <span class='ocrx_word' id='word_1_317' title='bbox 2726 1572 2820 1614; x_wconf 91' lang='lat' dir='ltr'><strong>eos</strong></span> <span class='ocrx_word' id='word_1_318' title='bbox 2881 1555 2972 1626; x_wconf 92' lang='lat' dir='ltr'><strong>qui</strong></span> <span class='ocrx_word' id='word_1_319' title='bbox 3033 1552 3346 1607; x_wconf 83' lang='lat' dir='ltr'><strong>visitatione</strong></span> 
     </span>
    </p>
   </div>
   <div class='ocr_carea' id='block_1_47' title="bbox 1781 1645 3345 1736">
    <p class='ocr_par' dir='ltr' id='par_1_47' title="bbox 1781 1645 3345 1736">
     <span class='ocr_line' id='line_1_47' title="bbox 1781 1645 3345 1736; baseline -0.015 -16"><span class='ocrx_word' id='word_1_320' title='bbox 1781 1674 1996 1736; x_wconf 77' lang='lat' dir='ltr'><strong>egeant,</strong></span> <span class='ocrx_word' id='word_1_321' title='bbox 2025 1663 2225 1733; x_wconf 90' lang='lat' dir='ltr'><strong>quique</strong></span> <span class='ocrx_word' id='word_1_322' title='bbox 2251 1660 2359 1715; x_wconf 91' lang='lat' dir='ltr'><strong>sint</strong></span> <span class='ocrx_word' id='word_1_323' title='bbox 2385 1656 2691 1717; x_wconf 86' lang='lat' dir='ltr'><strong>inferiores,</strong></span> <span class='ocrx_word' id='word_1_324' title='bbox 2720 1667 2828 1706; x_wconf 94' lang='lat' dir='ltr'><strong>non</strong></span> <span class='ocrx_word' id='word_1_325' title='bbox 2861 1647 3171 1717; x_wconf 83' lang='lat' dir='ltr'><strong>despicere;</strong></span> <span class='ocrx_word' id='word_1_326' title='bbox 3201 1645 3345 1699; x_wconf 88' lang='lat' dir='ltr'><strong>hanc</strong></span> 
     </span>
    </p>
   </div>
   <div class='ocr_carea' id='block_1_48' title="bbox 1781 1738 3344 1815">
    <p class='ocr_par' dir='ltr' id='par_1_48' title="bbox 1781 1738 3344 1815">
     <span class='ocr_line' id='line_1_48' title="bbox 1781 1738 3344 1815; baseline -0.016 0"><span class='ocrx_word' id='word_1_327' title='bbox 1781 1758 1851 1815; x_wconf 90' lang='lat' dir='ltr'><strong>ob</strong></span> <span class='ocrx_word' id='word_1_328' title='bbox 1877 1772 2091 1813; x_wconf 83' lang='lat' dir='ltr'><strong>causam</strong></span> <span class='ocrx_word' id='word_1_329' title='bbox 2131 1753 2489 1810; x_wconf 88' lang='lat' dir='ltr'><strong>Samaritanis</strong></span> <span class='ocrx_word' id='word_1_330' title='bbox 2518 1749 2767 1805; x_wconf 79' lang='lat' dir='ltr'><strong>celeriter</strong></span> <span class='ocrx_word' id='word_1_331' title='bbox 2794 1742 3019 1805; x_wconf 88' lang='lat' dir='ltr'><strong>relictis,</strong></span> <span class='ocrx_word' id='word_1_332' title='bbox 3054 1738 3344 1794; x_wconf 84' lang='lat' dir='ltr'><strong>adfuturus</strong></span> 
     </span>
    </p>
   </div>
   <div class='ocr_carea' id='block_1_49' title="bbox 1781 1841 3344 1917">
    <p class='ocr_par' dir='ltr' id='par_1_49' title="bbox 1781 1841 3344 1917">
     <span class='ocr_line' id='line_1_49' title="bbox 1781 1841 3344 1917; baseline -0.014 -11"><span class='ocrx_word' id='word_1_333' title='bbox 1781 1859 1901 1906; x_wconf 88' lang='lat' dir='ltr'><strong>erat</strong></span> <span class='ocrx_word' id='word_1_334' title='bbox 1920 1848 2176 1910; x_wconf 70' lang='lat' dir='ltr'><strong>Galilaeis,</strong></span> <span class='ocrx_word' id='word_1_335' title='bbox 2202 1847 2293 1917; x_wconf 87' lang='lat' dir='ltr'><strong>qui</strong></span> <span class='ocrx_word' id='word_1_336' title='bbox 2327 1846 2478 1900; x_wconf 91' lang='lat' dir='ltr'><strong>illum</strong></span> <span class='ocrx_word' id='word_1_337' title='bbox 2524 1849 2771 1913; x_wconf 83' lang='lat' dir='ltr'><strong>prompte</strong></span> <span class='ocrx_word' id='word_1_338' title='bbox 2803 1842 3140 1905; x_wconf 86' lang='lat' dir='ltr'><strong>receperant,</strong></span> <span class='ocrx_word' id='word_1_339' title='bbox 3165 1841 3220 1888; x_wconf 80' lang='lat' dir='ltr'><strong>et</strong></span> <span class='ocrx_word' id='word_1_340' title='bbox 3257 1844 3344 1885; x_wconf 90' lang='lat' dir='ltr'><strong>re-</strong></span> 
     </span>
    </p>
   </div>
   <div class='ocr_carea' id='block_1_50' title="bbox 1781 1924 3341 2013">
    <p class='ocr_par' dir='ltr' id='par_1_50' title="bbox 1781 1924 3341 2013">
     <span class='ocr_line' id='line_1_50' title="bbox 1781 1924 3341 2013; baseline -0.012 -17"><span class='ocrx_word' id='word_1_341' title='bbox 1781 1942 1890 2013; x_wconf 91' lang='lat' dir='ltr'><strong>guli</strong></span> <span class='ocrx_word' id='word_1_342' title='bbox 1926 1941 2093 1995; x_wconf 84' lang='lat' dir='ltr'><strong>tilium</strong></span> <span class='ocrx_word' id='word_1_343' title='bbox 2125 1948 2435 1994; x_wconf 88' lang='lat' dir='ltr'><strong>curaturus.</strong></span> <span class='ocrx_word' id='word_1_344' title='bbox 2471 1934 2607 1991; x_wconf 87' lang='lat' dir='ltr'><strong>Cum</strong></span> <span class='ocrx_word' id='word_1_345' title='bbox 2657 1940 2838 1986; x_wconf 80' lang='lat' dir='ltr'><strong>autent</strong></span> <span class='ocrx_word' id='word_1_346' title='bbox 2879 1928 2995 1983; x_wconf 66' lang='lat' dir='ltr'><strong>haec</strong></span> <span class='ocrx_word' id='word_1_347' title='bbox 3040 1926 3094 1979; x_wconf 92' lang='lat' dir='ltr'><strong>in</strong></span> <span class='ocrx_word' id='word_1_348' title='bbox 3123 1924 3341 1981; x_wconf 75' lang='lat' dir='ltr'><strong>Galilaea</strong></span> 
     </span>
    </p>
   </div>
   <div class='ocr_carea' id='block_1_51' title="bbox 1779 2020 3341 2098">
    <p class='ocr_par' dir='ltr' id='par_1_51' title="bbox 1779 2020 3341 2098">
     <span class='ocr_line' id='line_1_51' title="bbox 1779 2020 3341 2098; baseline -0.013 -9"><span class='ocrx_word' id='word_1_349' title='bbox 1779 2034 2035 2098; x_wconf 75' lang='lat' dir='ltr'><strong>fecisset,</strong></span> <span class='ocrx_word' id='word_1_350' title='bbox 2097 2032 2334 2087; x_wconf 85' lang='lat' dir='ltr'><strong>instante</strong></span> <span class='ocrx_word' id='word_1_351' title='bbox 2391 2028 2702 2084; x_wconf 74' lang='lat' dir='ltr'><strong>Iudaeorum</strong></span> <span class='ocrx_word' id='word_1_352' title='bbox 2753 2027 2894 2082; x_wconf 86' lang='lat' dir='ltr'><strong>festo</strong></span> <span class='ocrx_word' id='word_1_353' title='bbox 2948 2020 3341 2091; x_wconf 78' lang='lat' dir='ltr'><strong>Jerosolymam</strong></span> 
     </span>
    </p>
   </div>
   <div class='ocr_carea' id='block_1_52' title="bbox 1780 2113 3342 2188">
    <p class='ocr_par' dir='ltr' id='par_1_52' title="bbox 1780 2113 3342 2188">
     <span class='ocr_line' id='line_1_52' title="bbox 1780 2113 3342 2188; baseline -0.01 -8"><span class='ocrx_word' id='word_1_354' title='bbox 1780 2124 2065 2188; x_wconf 77' lang='lat' dir='ltr'><strong>ascendit,</strong></span> <span class='ocrx_word' id='word_1_355' title='bbox 2121 2120 2523 2178; x_wconf 86' lang='lat' dir='ltr'><strong>solemnitatem</strong></span> <span class='ocrx_word' id='word_1_356' title='bbox 2570 2117 2852 2173; x_wconf 89' lang='lat' dir='ltr'><strong>meliorem</strong></span> <span class='ocrx_word' id='word_1_357' title='bbox 2899 2113 3342 2181; x_wconf 87' lang='lat' dir='ltr'><strong>festivioremque</strong></span> 
     </span>
    </p>
   </div>
   <div class='ocr_carea' id='block_1_53' title="bbox 1778 2210 2640 2287">
    <p class='ocr_par' dir='ltr' id='par_1_53' title="bbox 1778 2210 2640 2287">
     <span class='ocr_line' id='line_1_53' title="bbox 1778 2210 2640 2287; baseline -0.009 -14"><span class='ocrx_word' id='word_1_358' title='bbox 1778 2232 1879 2273; x_wconf 86' lang='lat' dir='ltr'><strong>suo</strong></span> <span class='ocrx_word' id='word_1_359' title='bbox 1908 2216 2078 2287; x_wconf 85' lang='lat' dir='ltr'><strong>ipsius</strong></span> <span class='ocrx_word' id='word_1_360' title='bbox 2104 2215 2341 2269; x_wconf 85' lang='lat' dir='ltr'><strong>adventu</strong></span> <span class='ocrx_word' id='word_1_361' title='bbox 2374 2210 2640 2267; x_wconf 82' lang='lat' dir='ltr'><strong>facturus.</strong></span> 
     </span>
    </p>
   </div>
   <div class='ocr_carea' id='block_1_54' title="bbox 1849 2338 3344 2417">
    <p class='ocr_par' dir='ltr' id='par_1_54' title="bbox 1849 2338 3344 2417">
     <span class='ocr_line' id='line_1_54' title="bbox 1849 2338 3344 2417; baseline -0.009 -10"><span class='ocrx_word' id='word_1_362' title='bbox 1849 2352 1939 2413; x_wconf 74' lang='grc'><strong>54.</strong></span> <span class='ocrx_word' id='word_1_363' title='bbox 1979 2350 2084 2407; x_wconf 88' lang='lat' dir='ltr'><strong>Sed</strong></span> <span class='ocrx_word' id='word_1_364' title='bbox 2114 2350 2387 2405; x_wconf 81' lang='lat' dir='ltr'><strong>videamus</strong></span> <span class='ocrx_word' id='word_1_365' title='bbox 2419 2347 2546 2417; x_wconf 87' lang='lat' dir='ltr'><strong>quid</strong></span> <span class='ocrx_word' id='word_1_366' title='bbox 2593 2347 2667 2401; x_wconf 88' lang='lat' dir='ltr'><strong>sit</strong></span> <span class='ocrx_word' id='word_1_367' title='bbox 2710 2362 2725 2399; x_wconf 89' lang='lat'><strong>:</strong></span> <span class='ocrx_word' id='word_1_368' title='bbox 2775 2362 2794 2396; x_wconf 81' lang='grc' dir='ltr'><strong>ι</strong></span> <span class='ocrx_word' id='word_1_369' title='bbox 2828 2342 2946 2412; x_wconf 90' lang='lat' dir='ltr'><strong>Ipse</strong></span> <span class='ocrx_word' id='word_1_370' title='bbox 3000 2341 3144 2396; x_wconf 88' lang='lat' dir='ltr'><strong>enim</strong></span> <span class='ocrx_word' id='word_1_371' title='bbox 3185 2338 3344 2397; x_wconf 68' lang='lat' dir='ltr'><strong>Iesus</strong></span> 
     </span>
    </p>
   </div>
   <div class='ocr_carea' id='block_1_55' title="bbox 1780 2434 3344 2511">
    <p class='ocr_par' dir='ltr' id='par_1_55' title="bbox 1780 2434 3344 2511">
     <span class='ocr_line' id='line_1_55' title="bbox 1780 2434 3344 2511; baseline -0.009 -12"><span class='ocrx_word' id='word_1_372' title='bbox 1780 2453 2010 2499; x_wconf 89' lang='lat' dir='ltr'><strong>testatus</strong></span> <span class='ocrx_word' id='word_1_373' title='bbox 2069 2452 2153 2497; x_wconf 89' lang='lat' dir='ltr'><strong>est</strong></span> <span class='ocrx_word' id='word_1_374' title='bbox 2206 2440 2522 2511; x_wconf 88' lang='lat' dir='ltr'><strong>pr0phetam</strong></span> <span class='ocrx_word' id='word_1_375' title='bbox 2549 2439 2602 2494; x_wconf 89' lang='lat' dir='ltr'><strong>in</strong></span> <span class='ocrx_word' id='word_1_376' title='bbox 2626 2438 2842 2508; x_wconf 90' lang='lat' dir='ltr'><strong>propria</strong></span> <span class='ocrx_word' id='word_1_377' title='bbox 2876 2436 3051 2507; x_wconf 90' lang='lat' dir='ltr'><strong>patria</strong></span> <span class='ocrx_word' id='word_1_378' title='bbox 3083 2434 3344 2489; x_wconf 89' lang='lat' dir='ltr'><strong>honorem</strong></span> 
     </span>
    </p>
   </div>
   <div class='ocr_carea' id='block_1_56' title="bbox 1780 2525 3348 2601">
    <p class='ocr_par' dir='ltr' id='par_1_56' title="bbox 1780 2525 3348 2601">
     <span class='ocr_line' id='line_1_56' title="bbox 1780 2525 3348 2601; baseline -0.008 -11"><span class='ocrx_word' id='word_1_379' title='bbox 1780 2550 1886 2590; x_wconf 93' lang='lat' dir='ltr'><strong>non</strong></span> <span class='ocrx_word' id='word_1_380' title='bbox 1920 2535 2122 2589; x_wconf 84' lang='lat' dir='ltr'><strong>habere</strong></span> <span class='ocrx_word' id='word_1_381' title='bbox 2136 2532 2184 2566; x_wconf 78' lang='lat'><strong>“</strong></span> <span class='ocrx_word' id='word_1_382' title='bbox 2210 2550 2226 2600; x_wconf 88' lang='lat'><strong>;</strong></span> <span class='ocrx_word' id='word_1_383' title='bbox 2255 2554 2274 2586; x_wconf 74' lang='grc' dir='ltr'><strong>ι</strong></span> <span class='ocrx_word' id='word_1_384' title='bbox 2312 2542 2476 2601; x_wconf 87' lang='lat' dir='ltr'><strong>atque</strong></span> <span class='ocrx_word' id='word_1_385' title='bbox 2505 2546 2568 2585; x_wconf 83' lang='lat' dir='ltr'><strong>ex</strong></span> <span class='ocrx_word' id='word_1_386' title='bbox 2600 2529 2757 2586; x_wconf 78' lang='lat' dir='ltr'><strong>Jesus</strong></span> <span class='ocrx_word' id='word_1_387' title='bbox 2780 2529 3039 2600; x_wconf 79' lang='lat' dir='ltr'><strong>dignitate</strong></span> <span class='ocrx_word' id='word_1_388' title='bbox 3072 2527 3175 2581; x_wconf 93' lang='lat' dir='ltr'><strong>hoc</strong></span> <span class='ocrx_word' id='word_1_389' title='bbox 3198 2525 3348 2580; x_wconf 89' lang='lat' dir='ltr'><strong>testi-</strong></span> 
     </span>
    </p>
   </div>
   <div class='ocr_carea' id='block_1_57' title="bbox 1781 2618 3347 2696">
    <p class='ocr_par' dir='ltr' id='par_1_57' title="bbox 1781 2618 3347 2696">
     <span class='ocr_line' id='line_1_57' title="bbox 1781 2618 3347 2696; baseline -0.008 -13"><span class='ocrx_word' id='word_1_390' title='bbox 1781 2627 2015 2693; x_wconf 82' lang='lat' dir='ltr'><strong>ﬁcantis,</strong></span> <span class='ocrx_word' id='word_1_391' title='bbox 2043 2640 2356 2696; x_wconf 79' lang='lat' dir='ltr'><strong>quaeramus</strong></span> <span class='ocrx_word' id='word_1_392' title='bbox 2386 2621 2549 2692; x_wconf 81' lang='lat' dir='ltr'><strong>huius</strong></span> <span class='ocrx_word' id='word_1_393' title='bbox 2584 2633 2874 2679; x_wconf 86' lang='lat' dir='ltr'><strong>contextus</strong></span> <span class='ocrx_word' id='word_1_394' title='bbox 2908 2618 3347 2690; x_wconf 81' lang='lat' dir='ltr'><strong>intelligentiam.</strong></span> 
     </span>
    </p>
   </div>
   <div class='ocr_carea' id='block_1_58' title="bbox 1781 2709 3349 2789">
    <p class='ocr_par' dir='ltr' id='par_1_58' title="bbox 1781 2709 3349 2789">
     <span class='ocr_line' id='line_1_58' title="bbox 1781 2709 3349 2789; baseline -0.007 -16"><span class='ocrx_word' id='word_1_395' title='bbox 1781 2717 1963 2773; x_wconf 89' lang='lat' dir='ltr'><strong>Patria</strong></span> <span class='ocrx_word' id='word_1_396' title='bbox 2017 2718 2184 2789; x_wconf 88' lang='lat' dir='ltr'><strong>igitur</strong></span> <span class='ocrx_word' id='word_1_397' title='bbox 2221 2716 2606 2786; x_wconf 87' lang='lat' dir='ltr'><strong>prophetarum</strong></span> <span class='ocrx_word' id='word_1_398' title='bbox 2643 2716 2695 2768; x_wconf 92' lang='lat' dir='ltr'><strong>in</strong></span> <span class='ocrx_word' id='word_1_399' title='bbox 2721 2713 2906 2770; x_wconf 63' lang='lat' dir='ltr'><strong>Iudaea</strong></span> <span class='ocrx_word' id='word_1_400' title='bbox 2937 2723 3077 2776; x_wconf 89' lang='lat' dir='ltr'><strong>erat,</strong></span> <span class='ocrx_word' id='word_1_401' title='bbox 3114 2709 3349 2764; x_wconf 80' lang='lat' dir='ltr'><strong>ntanife-</strong></span> 
     </span>
    </p>
   </div>
   <div class='ocr_carea' id='block_1_59' title="bbox 1782 2799 3410 2879">
    <p class='ocr_par' dir='ltr' id='par_1_59' title="bbox 1782 2799 3410 2879">
     <span class='ocr_line' id='line_1_59' title="bbox 1782 2799 3410 2879; baseline -0.006 -15"><span class='ocrx_word' id='word_1_402' title='bbox 1782 2819 2034 2879; x_wconf 88' lang='lat' dir='ltr'><strong>stumque</strong></span> <span class='ocrx_word' id='word_1_403' title='bbox 2061 2818 2147 2864; x_wconf 89' lang='lat' dir='ltr'><strong>est</strong></span> <span class='ocrx_word' id='word_1_404' title='bbox 2179 2809 2440 2862; x_wconf 84' lang='lat' dir='ltr'><strong>honorem</strong></span> <span class='ocrx_word' id='word_1_405' title='bbox 2471 2808 2574 2863; x_wconf 92' lang='lat' dir='ltr'><strong>illis</strong></span> <span class='ocrx_word' id='word_1_406' title='bbox 2602 2805 2843 2861; x_wconf 83' lang='lat' dir='ltr'><strong>habitum</strong></span> <span class='ocrx_word' id='word_1_407' title='bbox 2880 2818 2985 2858; x_wconf 91' lang='lat' dir='ltr'><strong>non</strong></span> <span class='ocrx_word' id='word_1_408' title='bbox 3019 2801 3184 2856; x_wconf 87' lang='lat' dir='ltr'><strong>fuisse</strong></span> <span class='ocrx_word' id='word_1_409' title='bbox 3210 2799 3349 2869; x_wconf 90' lang='lat' dir='ltr'><strong>apud</strong></span> <span class='ocrx_word' id='word_1_410' title='bbox 3401 2855 3410 2867; x_wconf 81' lang='lat'><em>_</em></span> 
     </span>
    </p>
   </div>
   <div class='ocr_carea' id='block_1_60' title="bbox 1779 2893 3339 2970">
    <p class='ocr_par' dir='ltr' id='par_1_60' title="bbox 1779 2893 3339 2970">
     <span class='ocr_line' id='line_1_60' title="bbox 1779 2893 3339 2970; baseline -0.008 -14"><span class='ocrx_word' id='word_1_411' title='bbox 1779 2899 2018 2968; x_wconf 67' lang='lat' dir='ltr'><strong>Iudaeos,</strong></span> <span class='ocrx_word' id='word_1_412' title='bbox 2055 2901 2181 2970; x_wconf 84' lang='lat' dir='ltr'><strong>quia</strong></span> <span class='ocrx_word' id='word_1_413' title='bbox 2220 2899 2373 2955; x_wconf 90' lang='lat' dir='ltr'><strong>fuere</strong></span> <span class='ocrx_word' id='word_1_414' title='bbox 2404 2900 2642 2970; x_wconf 86' lang='lat' dir='ltr'><strong>lnpidati,</strong></span> <span class='ocrx_word' id='word_1_415' title='bbox 2673 2898 2825 2959; x_wconf 85' lang='lat' dir='ltr'><strong>secti,</strong></span> <span class='ocrx_word' id='word_1_416' title='bbox 2861 2895 3074 2960; x_wconf 88' lang='lat' dir='ltr'><strong>tentati,</strong></span> <span class='ocrx_word' id='word_1_417' title='bbox 3107 2893 3158 2946; x_wconf 92' lang='lat' dir='ltr'><strong>in</strong></span> <span class='ocrx_word' id='word_1_418' title='bbox 3190 2893 3339 2947; x_wconf 83' lang='lat' dir='ltr'><strong>occi-</strong></span> 
     </span>
    </p>
   </div>
   <div class='ocr_carea' id='block_1_61' title="bbox 1782 2985 3348 3063">
    <p class='ocr_par' dir='ltr' id='par_1_61' title="bbox 1782 2985 3348 3063">
     <span class='ocr_line' id='line_1_61' title="bbox 1782 2985 3348 3063; baseline -0.008 -16"><span class='ocrx_word' id='word_1_419' title='bbox 1782 2994 1932 3048; x_wconf 90' lang='lat' dir='ltr'><strong>sione</strong></span> <span class='ocrx_word' id='word_1_420' title='bbox 1984 2992 2144 3063; x_wconf 87' lang='lat' dir='ltr'><strong>gladii</strong></span> <span class='ocrx_word' id='word_1_421' title='bbox 2188 3001 2497 3060; x_wconf 88' lang='lat' dir='ltr'><strong>pereuntes,</strong></span> <span class='ocrx_word' id='word_1_422' title='bbox 2543 2999 2600 3043; x_wconf 92' lang='lat' dir='ltr'><strong>ut</strong></span> <span class='ocrx_word' id='word_1_423' title='bbox 2650 2987 2849 3058; x_wconf 89' lang='lat' dir='ltr'><strong>probro</strong></span> <span class='ocrx_word' id='word_1_424' title='bbox 2883 2997 3066 3041; x_wconf 91' lang='lat' dir='ltr'><strong>essent</strong></span> <span class='ocrx_word' id='word_1_425' title='bbox 3111 2985 3348 3040; x_wconf 86' lang='lat' dir='ltr'><strong>circnm-</strong></span> 
     </span>
    </p>
   </div>
   <div class='ocr_carea' id='block_1_62' title="bbox 125 3067 1707 3162">
    <p class='ocr_par' dir='ltr' id='par_1_62' title="bbox 125 3067 1707 3162">
     <span class='ocr_line' id='line_1_62' title="bbox 125 3067 1707 3162; baseline -0.001 -41"><span class='ocrx_word' id='word_1_426' title='bbox 125 3067 382 3162; x_wconf 75' lang='grc' dir='ltr'>μηλωταῖς</span> <span class='ocrx_word' id='word_1_427' title='bbox 405 3068 544 3140; x_wconf 78' lang='lat'><strong>(38),</strong></span> <span class='ocrx_word' id='word_1_428' title='bbox 579 3071 637 3122; x_wconf 86' lang='grc' dir='ltr'>ἐν</span> <span class='ocrx_word' id='word_1_429' title='bbox 665 3068 892 3137; x_wconf 74' lang='grc' dir='ltr'>αἰγείοις</span> <span class='ocrx_word' id='word_1_430' title='bbox 921 3068 1200 3142; x_wconf 81' lang='grc' dir='ltr'>δέρμασιν,</span> <span class='ocrx_word' id='word_1_431' title='bbox 1236 3068 1677 3139; x_wconf 80' lang='grc' dir='ltr'>ὑστερουμένους,</span> <span class='ocrx_word' id='word_1_432' title='bbox 1705 3121 1707 3146; x_wconf 55' lang='grc' dir='ltr'><strong>Ι</strong></span> 
     </span>
    </p>
   </div>
   <div class='ocr_carea' id='block_1_63' title="bbox 1864 3067 3347 3162">
    <p class='ocr_par' dir='ltr' id='par_1_63' title="bbox 1864 3078 3347 3147">
     <span class='ocr_line' id='line_1_63' title="bbox 1864 3078 3347 3147; baseline -0.007 -10"><span class='ocrx_word' id='word_1_433' title='bbox 1864 3094 1973 3139; x_wconf 75' lang='lat' dir='ltr'><strong>ates</strong></span> <span class='ocrx_word' id='word_1_434' title='bbox 2026 3084 2080 3138; x_wconf 91' lang='lat' dir='ltr'><strong>in</strong></span> <span class='ocrx_word' id='word_1_435' title='bbox 2124 3083 2413 3139; x_wconf 80' lang='lat' dir='ltr'><strong>velleribus</strong></span> <span class='ocrx_word' id='word_1_436' title='bbox 2461 3082 2662 3143; x_wconf 77' lang='lat' dir='ltr'><strong>avium,</strong></span> <span class='ocrx_word' id='word_1_437' title='bbox 2716 3080 2768 3133; x_wconf 90' lang='lat' dir='ltr'><strong>in</strong></span> <span class='ocrx_word' id='word_1_438' title='bbox 2809 3079 3036 3147; x_wconf 84' lang='lat' dir='ltr'><strong>pellibus</strong></span> <span class='ocrx_word' id='word_1_439' title='bbox 3084 3078 3347 3146; x_wconf 82' lang='lat' dir='ltr'><strong>caprinis,</strong></span> 
     </span>
    </p>
   </div>
   <div class='ocr_carea' id='block_1_64' title="bbox 124 3159 1678 3233">
    <p class='ocr_par' dir='ltr' id='par_1_64' title="bbox 124 3159 1678 3233">
     <span class='ocr_line' id='line_1_64' title="bbox 124 3159 1678 3233; baseline 0.001 -22"><span class='ocrx_word' id='word_1_440' title='bbox 124 3159 471 3231; x_wconf 81' lang='grc' dir='ltr'>θλιϐομένους,</span> <span class='ocrx_word' id='word_1_441' title='bbox 536 3161 1025 3233; x_wconf 83' lang='grc' dir='ltr'>κακουχουμένους.</span> <span class='ocrx_word' id='word_1_442' title='bbox 1074 3161 1184 3214; x_wconf 76' lang='grc' dir='ltr'><strong>Καὶ</strong></span> <span class='ocrx_word' id='word_1_443' title='bbox 1228 3159 1571 3225; x_wconf 78' lang='grc' dir='ltr'>ὀνειδίζονταί</span> <span class='ocrx_word' id='word_1_444' title='bbox 1615 3177 1678 3229; x_wconf 89' lang='grc' dir='ltr'><strong>γε</strong></span> 
     </span>
    </p>
   </div>
   <div class='ocr_carea' id='block_1_65' title="bbox 136 3250 1679 3324">
    <p class='ocr_par' dir='ltr' id='par_1_65' title="bbox 136 3250 1679 3324">
     <span class='ocr_line' id='line_1_65' title="bbox 136 3250 1679 3324; baseline -0.001 -19"><span class='ocrx_word' id='word_1_445' title='bbox 136 3250 355 3305; x_wconf 79' lang='grc' dir='ltr'>Ἰουδαῖοι</span> <span class='ocrx_word' id='word_1_446' title='bbox 379 3253 491 3307; x_wconf 83' lang='grc' dir='ltr'>ἀπὸ</span> <span class='ocrx_word' id='word_1_447' title='bbox 518 3252 613 3306; x_wconf 79' lang='grc' dir='ltr'><strong>τοῦ</strong></span> <span class='ocrx_word' id='word_1_448' title='bbox 641 3253 888 3321; x_wconf 77' lang='grc' dir='ltr'>λέγοντος</span> <span class='ocrx_word' id='word_1_449' title='bbox 921 3253 1055 3324; x_wconf 79' lang='grc' dir='ltr'>πρὸς</span> <span class='ocrx_word' id='word_1_450' title='bbox 1095 3251 1289 3316; x_wconf 78' lang='grc' dir='ltr'>αὐτούς</span> <span class='ocrx_word' id='word_1_451' title='bbox 1316 3271 1329 3284; x_wconf 71' lang='grc' dir='ltr'><strong><em>ο</em></strong></span> <span class='ocrx_word' id='word_1_452' title='bbox 1372 3272 1389 3303; x_wconf 84' lang='grc' dir='ltr'><strong>ι</strong></span> <span class='ocrx_word' id='word_1_453' title='bbox 1416 3251 1546 3305; x_wconf 84' lang='grc' dir='ltr'>Τίνα</span> <span class='ocrx_word' id='word_1_454' title='bbox 1574 3251 1679 3306; x_wconf 82' lang='grc' dir='ltr'><strong>τῶν</strong></span> 
     </span>
    </p>
   </div>
   <div class='ocr_carea' id='block_1_66' title="bbox 125 3344 1682 3418">
    <p class='ocr_par' dir='ltr' id='par_1_66' title="bbox 125 3344 1682 3418">
     <span class='ocr_line' id='line_1_66' title="bbox 125 3344 1682 3418; baseline -0.001 -21"><span class='ocrx_word' id='word_1_455' title='bbox 125 3346 401 3417; x_wconf 76' lang='grc' dir='ltr'>προφητῶν</span> <span class='ocrx_word' id='word_1_456' title='bbox 427 3349 533 3401; x_wconf 83' lang='grc' dir='ltr'><strong>οὐκ</strong></span> <span class='ocrx_word' id='word_1_457' title='bbox 575 3347 797 3412; x_wconf 80' lang='grc' dir='ltr'>ἐδίωξαν</span> <span class='ocrx_word' id='word_1_458' title='bbox 825 3349 873 3400; x_wconf 81' lang='grc' dir='ltr'>οἱ</span> <span class='ocrx_word' id='word_1_459' title='bbox 909 3346 1140 3418; x_wconf 81' lang='grc' dir='ltr'>πατέρες</span> <span class='ocrx_word' id='word_1_460' title='bbox 1169 3346 1341 3417; x_wconf 82' lang='grc' dir='ltr'>ὑμῶν,</span> <span class='ocrx_word' id='word_1_461' title='bbox 1387 3344 1482 3398; x_wconf 70' lang='grc' dir='ltr'><strong>καὶ</strong></span> <span class='ocrx_word' id='word_1_462' title='bbox 1511 3344 1682 3397; x_wconf 80' lang='grc' dir='ltr'>ἀπέκ-</span> 
     </span>
    </p>
   </div>
   <div class='ocr_carea' id='block_1_67' title="bbox 124 3436 1681 3511">
    <p class='ocr_par' dir='ltr' id='par_1_67' title="bbox 124 3436 1681 3511">
     <span class='ocr_line' id='line_1_67' title="bbox 124 3436 1681 3511; baseline -0.001 -20"><span class='ocrx_word' id='word_1_463' title='bbox 124 3455 287 3492; x_wconf 85' lang='grc' dir='ltr'>τειναν</span> <span class='ocrx_word' id='word_1_464' title='bbox 307 3442 433 3504; x_wconf 74' lang='grc' dir='ltr'>τοὺς</span> <span class='ocrx_word' id='word_1_465' title='bbox 451 3439 1026 3511; x_wconf 86' lang='grc' dir='ltr'>προκαταγγείλαντας</span> <span class='ocrx_word' id='word_1_466' title='bbox 1043 3440 1169 3510; x_wconf 77' lang='grc' dir='ltr'>περὶ</span> <span class='ocrx_word' id='word_1_467' title='bbox 1188 3438 1285 3509; x_wconf 83' lang='grc' dir='ltr'><strong>τῆς</strong></span> <span class='ocrx_word' id='word_1_468' title='bbox 1304 3437 1566 3502; x_wconf 86' lang='grc' dir='ltr'>ἐλεύσεως</span> <span class='ocrx_word' id='word_1_469' title='bbox 1587 3436 1681 3492; x_wconf 80' lang='grc' dir='ltr'>τοῦ</span> 
     </span>
    </p>
   </div>
   <div class='ocr_carea' id='block_1_68' title="bbox 127 3528 1682 3599">
    <p class='ocr_par' dir='ltr' id='par_1_68' title="bbox 127 3528 1682 3599">
     <span class='ocr_line' id='line_1_68' title="bbox 127 3528 1682 3599; baseline -0.001 -17"><span class='ocrx_word' id='word_1_470' title='bbox 127 3530 359 3597; x_wconf 86' lang='grc' dir='ltr'>Δικαίου;</span> <span class='ocrx_word' id='word_1_471' title='bbox 386 3550 404 3584; x_wconf 76' lang='grc' dir='ltr'><strong>ι</strong></span> <span class='ocrx_word' id='word_1_472' title='bbox 443 3532 638 3594; x_wconf 83' lang='grc' dir='ltr'>οἵτινες</span> <span class='ocrx_word' id='word_1_473' title='bbox 661 3530 752 3584; x_wconf 77' lang='grc' dir='ltr'>ἐπὶ</span> <span class='ocrx_word' id='word_1_474' title='bbox 782 3528 920 3584; x_wconf 81' lang='grc' dir='ltr'>τέλει</span> <span class='ocrx_word' id='word_1_475' title='bbox 948 3529 1042 3583; x_wconf 78' lang='grc' dir='ltr'>καὶ</span> <span class='ocrx_word' id='word_1_476' title='bbox 1069 3528 1159 3582; x_wconf 84' lang='grc' dir='ltr'>τὸν</span> <span class='ocrx_word' id='word_1_477' title='bbox 1188 3528 1278 3582; x_wconf 78' lang='grc' dir='ltr'>ἐπὶ</span> <span class='ocrx_word' id='word_1_478' title='bbox 1305 3529 1438 3581; x_wconf 81' lang='grc' dir='ltr'>πᾶσι</span> <span class='ocrx_word' id='word_1_479' title='bbox 1471 3529 1682 3599; x_wconf 91' lang='grc' dir='ltr'>προφή-</span> 
     </span>
    </p>
   </div>
   <div class='ocr_carea' id='block_1_69' title="bbox 126 3615 1684 3692">
    <p class='ocr_par' dir='ltr' id='par_1_69' title="bbox 126 3615 1684 3692">
     <span class='ocr_line' id='line_1_69' title="bbox 126 3615 1684 3692; baseline 0.001 -22"><span class='ocrx_word' id='word_1_480' title='bbox 126 3635 236 3690; x_wconf 87' lang='grc' dir='ltr'>την,</span> <span class='ocrx_word' id='word_1_481' title='bbox 263 3621 327 3674; x_wconf 89' lang='grc' dir='ltr'><strong>δι’</strong></span> <span class='ocrx_word' id='word_1_482' title='bbox 357 3615 418 3674; x_wconf 75' lang='grc' dir='ltr'>οὗ</span> <span class='ocrx_word' id='word_1_483' title='bbox 443 3622 497 3675; x_wconf 83' lang='grc' dir='ltr'><strong>οἱ</strong></span> <span class='ocrx_word' id='word_1_484' title='bbox 521 3620 791 3692; x_wconf 81' lang='grc' dir='ltr'>προφῆται</span> <span class='ocrx_word' id='word_1_485' title='bbox 818 3620 1088 3691; x_wconf 79' lang='grc' dir='ltr'>προφῆται</span> <span class='ocrx_word' id='word_1_486' title='bbox 1110 3618 1450 3690; x_wconf 82' lang='grc' dir='ltr'>γεγένηνται,</span> <span class='ocrx_word' id='word_1_487' title='bbox 1481 3619 1684 3689; x_wconf 83' lang='grc' dir='ltr'>ἀτιμά-</span> 
     </span>
    </p>
   </div>
   <div class='ocr_carea' id='block_1_70' title="bbox 130 3708 1686 3784">
    <p class='ocr_par' dir='ltr' id='par_1_70' title="bbox 130 3708 1686 3784">
     <span class='ocr_line' id='line_1_70' title="bbox 130 3708 1686 3784; baseline -0.001 -20"><span class='ocrx_word' id='word_1_488' title='bbox 130 3729 322 3779; x_wconf 82' lang='grc' dir='ltr'>σαντες,</span> <span class='ocrx_word' id='word_1_489' title='bbox 380 3732 399 3764; x_wconf 79' lang='grc' dir='ltr'><strong>ι</strong></span> <span class='ocrx_word' id='word_1_490' title='bbox 427 3709 583 3784; x_wconf 78' lang='grc' dir='ltr'>Αἶρε,</span> <span class='ocrx_word' id='word_1_491' title='bbox 618 3708 759 3784; x_wconf 82' lang='grc' dir='ltr'>αἶρε,</span> <span class='ocrx_word' id='word_1_492' title='bbox 804 3711 1034 3784; x_wconf 84' lang='grc' dir='ltr'>σταύρου</span> <span class='ocrx_word' id='word_1_493' title='bbox 1077 3711 1256 3775; x_wconf 73' lang='grc' dir='ltr'>αὐτὸν,</span> <span class='ocrx_word' id='word_1_494' title='bbox 1287 3730 1305 3762; x_wconf 74' lang='grc' dir='ltr'><strong>ι</strong></span> <span class='ocrx_word' id='word_1_495' title='bbox 1347 3710 1549 3780; x_wconf 78' lang='grc' dir='ltr'>ἔλεγον,</span> <span class='ocrx_word' id='word_1_496' title='bbox 1590 3712 1686 3764; x_wconf 88' lang='grc' dir='ltr'><strong>Τε-</strong></span> 
     </span>
    </p>
   </div>
   <div class='ocr_carea' id='block_1_71' title="bbox 130 3802 1686 3878">
    <p class='ocr_par' dir='ltr' id='par_1_71' title="bbox 130 3802 1686 3878">
     <span class='ocr_line' id='line_1_71' title="bbox 130 3802 1686 3878; baseline 0 -22"><span class='ocrx_word' id='word_1_497' title='bbox 130 3805 367 3878; x_wconf 87' lang='grc' dir='ltr'>τίμηνται</span> <span class='ocrx_word' id='word_1_498' title='bbox 398 3807 454 3861; x_wconf 88' lang='grc' dir='ltr'><strong>δέ</strong></span> <span class='ocrx_word' id='word_1_499' title='bbox 511 3808 570 3859; x_wconf 87' lang='grc' dir='ltr'><strong>ἐν</strong></span> <span class='ocrx_word' id='word_1_500' title='bbox 602 3809 668 3877; x_wconf 83' lang='grc' dir='ltr'>τῇ</span> <span class='ocrx_word' id='word_1_501' title='bbox 708 3808 813 3877; x_wconf 76' lang='grc' dir='ltr'><strong>ἐμῇ</strong></span> <span class='ocrx_word' id='word_1_502' title='bbox 856 3803 1075 3876; x_wconf 88' lang='grc' dir='ltr'>πατρίδι</span> <span class='ocrx_word' id='word_1_503' title='bbox 1105 3804 1216 3875; x_wconf 83' lang='grc'><strong>(59)</strong></span> <span class='ocrx_word' id='word_1_504' title='bbox 1248 3802 1448 3867; x_wconf 85' lang='grc' dir='ltr'>πάντες</span> <span class='ocrx_word' id='word_1_505' title='bbox 1477 3805 1525 3856; x_wconf 89' lang='grc' dir='ltr'><strong>οἱ</strong></span> <span class='ocrx_word' id='word_1_506' title='bbox 1555 3821 1686 3875; x_wconf 88' lang='grc' dir='ltr'>προ-</span> 
     </span>
    </p>
   </div>
   <div class='ocr_carea' id='block_1_72' title="bbox 130 3895 1683 3968">
    <p class='ocr_par' dir='ltr' id='par_1_72' title="bbox 130 3895 1683 3968">
     <span class='ocr_line' id='line_1_72' title="bbox 130 3895 1683 3968; baseline 0.001 -20"><span class='ocrx_word' id='word_1_507' title='bbox 130 3897 300 3967; x_wconf 85' lang='grc' dir='ltr'>φῆται,</span> <span class='ocrx_word' id='word_1_508' title='bbox 326 3899 419 3952; x_wconf 79' lang='grc' dir='ltr'>καὶ</span> <span class='ocrx_word' id='word_1_509' title='bbox 441 3901 471 3951; x_wconf 90' lang='lat'><strong>6</strong></span> <span class='ocrx_word' id='word_1_510' title='bbox 506 3898 613 3951; x_wconf 84' lang='grc' dir='ltr'>ἀπὸ</span> <span class='ocrx_word' id='word_1_511' title='bbox 638 3896 771 3951; x_wconf 83' lang='grc' dir='ltr'>Θεοῦ</span> <span class='ocrx_word' id='word_1_512' title='bbox 801 3897 1035 3960; x_wconf 80' lang='grc' dir='ltr'>ἀναστὰς</span> <span class='ocrx_word' id='word_1_513' title='bbox 1064 3895 1205 3949; x_wconf 87' lang='grc' dir='ltr'><strong>κατά</strong></span> <span class='ocrx_word' id='word_1_514' title='bbox 1235 3896 1304 3949; x_wconf 84' lang='grc' dir='ltr'>τὰ</span> <span class='ocrx_word' id='word_1_515' title='bbox 1334 3897 1462 3968; x_wconf 77' lang='grc' dir='ltr'>περὶ</span> <span class='ocrx_word' id='word_1_516' title='bbox 1493 3895 1683 3949; x_wconf 83' lang='grc' dir='ltr'>ἑαυτοῦ</span> 
     </span>
    </p>
   </div>
   <div class='ocr_carea' id='block_1_73' title="bbox 131 3991 1686 4062">
    <p class='ocr_par' dir='ltr' id='par_1_73' title="bbox 131 3991 1686 4062">
     <span class='ocr_line' id='line_1_73' title="bbox 131 3991 1686 4062; baseline 0.001 -22"><span class='ocrx_word' id='word_1_517' title='bbox 131 3991 377 4061; x_wconf 79' lang='grc' dir='ltr'>εἰρημένα</span> <span class='ocrx_word' id='word_1_518' title='bbox 404 3991 513 4044; x_wconf 82' lang='grc' dir='ltr'><strong>ὑπὸ</strong></span> <span class='ocrx_word' id='word_1_519' title='bbox 541 3991 781 4054; x_wconf 76' lang='grc' dir='ltr'>Μωσέως</span> <span class='ocrx_word' id='word_1_520' title='bbox 805 4012 819 4024; x_wconf 88' lang='grc'><strong>·</strong></span> <span class='ocrx_word' id='word_1_521' title='bbox 859 4009 877 4040; x_wconf 81' lang='grc' dir='ltr'><strong>ι</strong></span> <span class='ocrx_word' id='word_1_522' title='bbox 907 3991 1195 4062; x_wconf 83' lang='grc' dir='ltr'>Προφήτην</span> <span class='ocrx_word' id='word_1_523' title='bbox 1238 3991 1364 4061; x_wconf 85' lang='grc' dir='ltr'>ὑμῖν</span> <span class='ocrx_word' id='word_1_524' title='bbox 1396 3991 1686 4060; x_wconf 81' lang='grc' dir='ltr'>ἀναστήσει</span> 
     </span>
    </p>
   </div>
   <div class='ocr_carea' id='block_1_74' title="bbox 131 4078 1683 4152">
    <p class='ocr_par' dir='ltr' id='par_1_74' title="bbox 131 4078 1683 4152">
     <span class='ocr_line' id='line_1_74' title="bbox 131 4078 1683 4152; baseline -0.002 -18"><span class='ocrx_word' id='word_1_525' title='bbox 131 4080 317 4152; x_wconf 81' lang='grc' dir='ltr'>Κύριος</span> <span class='ocrx_word' id='word_1_526' title='bbox 346 4084 374 4135; x_wconf 92' lang='lat'><strong>6</strong></span> <span class='ocrx_word' id='word_1_527' title='bbox 405 4082 541 4145; x_wconf 76' lang='grc' dir='ltr'>Θεὸς</span> <span class='ocrx_word' id='word_1_528' title='bbox 572 4080 725 4152; x_wconf 83' lang='grc' dir='ltr'>ὑμῶν</span> <span class='ocrx_word' id='word_1_529' title='bbox 762 4082 825 4135; x_wconf 83' lang='grc' dir='ltr'><strong>ἐκ</strong></span> <span class='ocrx_word' id='word_1_530' title='bbox 854 4081 961 4134; x_wconf 84' lang='grc' dir='ltr'><strong>τῶν</strong></span> <span class='ocrx_word' id='word_1_531' title='bbox 994 4080 1232 4151; x_wconf 78' lang='grc' dir='ltr'>ἀδελφῶν</span> <span class='ocrx_word' id='word_1_532' title='bbox 1264 4078 1437 4152; x_wconf 84' lang='grc' dir='ltr'>ὑμῶν,</span> <span class='ocrx_word' id='word_1_533' title='bbox 1466 4080 1541 4143; x_wconf 87' lang='grc' dir='ltr'>ὠς</span> <span class='ocrx_word' id='word_1_534' title='bbox 1564 4079 1683 4149; x_wconf 84' lang='grc' dir='ltr'>ἐμὲ,</span> 
     </span>
    </p>
   </div>
   <div class='ocr_carea' id='block_1_75' title="bbox 131 4173 1688 4247">
    <p class='ocr_par' dir='ltr' id='par_1_75' title="bbox 131 4173 1688 4247">
     <span class='ocr_line' id='line_1_75' title="bbox 131 4173 1688 4247; baseline -0.002 -18"><span class='ocrx_word' id='word_1_535' title='bbox 131 4175 281 4230; x_wconf 79' lang='grc' dir='ltr'>αὐτοῦ</span> <span class='ocrx_word' id='word_1_536' title='bbox 310 4177 637 4232; x_wconf 83' lang='grc' dir='ltr'>ἀκούσεσθε·</span> <span class='ocrx_word' id='word_1_537' title='bbox 671 4200 689 4229; x_wconf 75' lang='grc' dir='ltr'><strong><em>ο</em></strong></span> <span class='ocrx_word' id='word_1_538' title='bbox 726 4176 978 4247; x_wconf 73' lang='grc' dir='ltr'>ήπατρὶς</span> <span class='ocrx_word' id='word_1_539' title='bbox 1004 4173 1115 4243; x_wconf 81' lang='grc' dir='ltr'><strong>(ίο)</strong></span> <span class='ocrx_word' id='word_1_540' title='bbox 1147 4175 1254 4245; x_wconf 81' lang='grc' dir='ltr'>γὰρ</span> <span class='ocrx_word' id='word_1_541' title='bbox 1290 4174 1454 4228; x_wconf 79' lang='grc' dir='ltr'>αὐτοῦ</span> <span class='ocrx_word' id='word_1_542' title='bbox 1483 4175 1540 4227; x_wconf 90' lang='grc' dir='ltr'><strong>ἐν</strong></span> <span class='ocrx_word' id='word_1_543' title='bbox 1576 4175 1688 4237; x_wconf 83' lang='grc' dir='ltr'>τοῖς</span> 
     </span>
    </p>
   </div>
   <div class='ocr_carea' id='block_1_76' title="bbox 134 4266 1690 4341">
    <p class='ocr_par' dir='ltr' id='par_1_76' title="bbox 134 4266 1690 4341">
     <span class='ocr_line' id='line_1_76' title="bbox 134 4266 1690 4341; baseline -0.001 -22"><span class='ocrx_word' id='word_1_544' title='bbox 134 4267 295 4324; x_wconf 72' lang='grc' dir='ltr'>ἔθνεσι</span> <span class='ocrx_word' id='word_1_545' title='bbox 315 4273 426 4334; x_wconf 83' lang='grc' dir='ltr'>τοῖς</span> <span class='ocrx_word' id='word_1_546' title='bbox 450 4269 532 4341; x_wconf 81' lang='grc' dir='ltr'>τῷ</span> <span class='ocrx_word' id='word_1_547' title='bbox 560 4266 966 4341; x_wconf 86' lang='grc' dir='ltr'>παραπτώματι</span> <span class='ocrx_word' id='word_1_548' title='bbox 993 4267 1086 4320; x_wconf 85' lang='grc' dir='ltr'><strong>τοῦ</strong></span> <span class='ocrx_word' id='word_1_549' title='bbox 1133 4266 1346 4339; x_wconf 86' lang='grc' dir='ltr'>Ἰσραὴλ</span> <span class='ocrx_word' id='word_1_550' title='bbox 1389 4266 1486 4337; x_wconf 85' lang='grc' dir='ltr'><strong>τὴν</strong></span> <span class='ocrx_word' id='word_1_551' title='bbox 1515 4282 1690 4335; x_wconf 83' lang='grc' dir='ltr'>σωτη-</span> 
     </span>
    </p>
   </div>
   <div class='ocr_carea' id='block_1_77' title="bbox 134 4358 1689 4436">
    <p class='ocr_par' dir='ltr' id='par_1_77' title="bbox 134 4358 1689 4436">
     <span class='ocr_line' id='line_1_77' title="bbox 134 4358 1689 4436; baseline -0.001 -23"><span class='ocrx_word' id='word_1_552' title='bbox 134 4360 245 4433; x_wconf 76' lang='grc' dir='ltr'>ρίαν</span> <span class='ocrx_word' id='word_1_553' title='bbox 271 4363 535 4436; x_wconf 76' lang='grc' dir='ltr'>εἰληφόσι.</span> <span class='ocrx_word' id='word_1_554' title='bbox 596 4364 705 4417; x_wconf 74' lang='grc' dir='ltr'>Καὶ</span> <span class='ocrx_word' id='word_1_555' title='bbox 750 4364 807 4417; x_wconf 83' lang='grc' dir='ltr'>ἐν</span> <span class='ocrx_word' id='word_1_556' title='bbox 837 4362 1015 4424; x_wconf 80' lang='grc' dir='ltr'>ἄλλοις</span> <span class='ocrx_word' id='word_1_557' title='bbox 1064 4360 1406 4431; x_wconf 78' lang='grc' dir='ltr'>γέγραπται·</span> <span class='ocrx_word' id='word_1_558' title='bbox 1458 4378 1476 4410; x_wconf 89' lang='grc' dir='ltr'><strong>ι</strong></span> <span class='ocrx_word' id='word_1_559' title='bbox 1503 4358 1689 4421; x_wconf 77' lang='grc' dir='ltr'>Οὐδεὶς</span> 
     </span>
    </p>
   </div>
   <div class='ocr_carea' id='block_1_78' title="bbox 1785 3166 3347 3247">
    <p class='ocr_par' dir='ltr' id='par_1_78' title="bbox 1785 3166 3347 3247">
     <span class='ocr_line' id='line_1_78' title="bbox 1785 3166 3347 3247; baseline -0.008 -16"><span class='ocrx_word' id='word_1_560' title='bbox 1785 3174 2098 3247; x_wconf 71' lang='lat' dir='ltr'><strong>posthabiti,</strong></span> <span class='ocrx_word' id='word_1_561' title='bbox 2130 3174 2397 3245; x_wconf 87' lang='lat' dir='ltr'><strong>oppressi,</strong></span> <span class='ocrx_word' id='word_1_562' title='bbox 2445 3171 2682 3228; x_wconf 88' lang='lat' dir='ltr'><strong>tribulati</strong></span> <span class='ocrx_word' id='word_1_563' title='bbox 2713 3169 2868 3225; x_wconf 87' lang='lat' dir='ltr'><strong>malis</strong></span> <span class='ocrx_word' id='word_1_564' title='bbox 2892 3170 3264 3225; x_wconf 83' lang='lat' dir='ltr'><strong>vexatiouihus</strong></span> <span class='ocrx_word' id='word_1_565' title='bbox 3280 3166 3347 3219; x_wconf 83' lang='grc'><strong>⁵⁵.</strong></span> 
     </span>
    </p>
   </div>
   <div class='ocr_carea' id='block_1_79' title="bbox 1787 3262 3353 3339">
    <p class='ocr_par' dir='ltr' id='par_1_79' title="bbox 1787 3262 3353 3339">
     <span class='ocr_line' id='line_1_79' title="bbox 1787 3262 3353 3339; baseline -0.005 -16"><span class='ocrx_word' id='word_1_566' title='bbox 1787 3272 1865 3324; x_wconf 85' lang='lat' dir='ltr'><strong>Ac</strong></span> <span class='ocrx_word' id='word_1_567' title='bbox 1905 3268 2149 3339; x_wconf 88' lang='lat' dir='ltr'><strong>profecto</strong></span> <span class='ocrx_word' id='word_1_568' title='bbox 2180 3267 2379 3323; x_wconf 73' lang='lat' dir='ltr'><strong>Iudaeis</strong></span> <span class='ocrx_word' id='word_1_569' title='bbox 2418 3266 2761 3323; x_wconf 88' lang='lat' dir='ltr'><strong>conviciatur</strong></span> <span class='ocrx_word' id='word_1_570' title='bbox 2807 3266 2854 3320; x_wconf 91' lang='lat' dir='ltr'><strong>is</strong></span> <span class='ocrx_word' id='word_1_571' title='bbox 2894 3265 2985 3335; x_wconf 90' lang='lat' dir='ltr'><strong>qui</strong></span> <span class='ocrx_word' id='word_1_572' title='bbox 3038 3277 3223 3317; x_wconf 90' lang='lat' dir='ltr'><strong>coram</strong></span> <span class='ocrx_word' id='word_1_573' title='bbox 3273 3262 3353 3317; x_wconf 88' lang='lat' dir='ltr'><strong>eis</strong></span> 
     </span>
    </p>
   </div>
   <div class='ocr_carea' id='block_1_80' title="bbox 1787 3351 3354 3439">
    <p class='ocr_par' dir='ltr' id='par_1_80' title="bbox 1787 3351 3354 3439">
     <span class='ocr_line' id='line_1_80' title="bbox 1787 3351 3354 3439; baseline -0.006 -24"><span class='ocrx_word' id='word_1_574' title='bbox 1787 3359 1998 3417; x_wconf 88' lang='lat' dir='ltr'><strong>dicebat</strong></span> <span class='ocrx_word' id='word_1_575' title='bbox 2027 3376 2044 3415; x_wconf 90' lang='lat'><strong>:</strong></span> <span class='ocrx_word' id='word_1_576' title='bbox 2079 3377 2098 3411; x_wconf 84' lang='grc' dir='ltr'><strong>ι</strong></span> <span class='ocrx_word' id='word_1_577' title='bbox 2124 3358 2296 3427; x_wconf 85' lang='lat' dir='ltr'><strong>Quem</strong></span> <span class='ocrx_word' id='word_1_578' title='bbox 2348 3358 2733 3428; x_wconf 86' lang='lat' dir='ltr'><strong>prophetarum</strong></span> <span class='ocrx_word' id='word_1_579' title='bbox 2779 3372 2882 3412; x_wconf 94' lang='lat' dir='ltr'><strong>non</strong></span> <span class='ocrx_word' id='word_1_580' title='bbox 2928 3364 3053 3439; x_wconf 73' lang='lat' dir='ltr'><strong>sapt</strong></span> <span class='ocrx_word' id='word_1_581' title='bbox 3084 3351 3354 3424; x_wconf 89' lang='lat' dir='ltr'><strong>persecuti</strong></span> 
     </span>
    </p>
   </div>
   <div class='ocr_carea' id='block_1_81' title="bbox 1787 3445 3350 3521">
    <p class='ocr_par' dir='ltr' id='par_1_81' title="bbox 1787 3445 3350 3521">
     <span class='ocr_line' id='line_1_81' title="bbox 1787 3445 3350 3521; baseline -0.005 -17"><span class='ocrx_word' id='word_1_582' title='bbox 1787 3461 1972 3521; x_wconf 87' lang='lat' dir='ltr'><strong>patres</strong></span> <span class='ocrx_word' id='word_1_583' title='bbox 2013 3451 2204 3519; x_wconf 82' lang='lat' dir='ltr'><strong>vestri,</strong></span> <span class='ocrx_word' id='word_1_584' title='bbox 2239 3450 2329 3520; x_wconf 89' lang='lat' dir='ltr'><strong>qui</strong></span> <span class='ocrx_word' id='word_1_585' title='bbox 2362 3450 2525 3505; x_wconf 90' lang='lat' dir='ltr'><strong>etiam</strong></span> <span class='ocrx_word' id='word_1_586' title='bbox 2554 3448 2873 3504; x_wconf 87' lang='lat' dir='ltr'><strong>occiderunt</strong></span> <span class='ocrx_word' id='word_1_587' title='bbox 2902 3461 3017 3513; x_wconf 88' lang='lat' dir='ltr'><strong>eos,</strong></span> <span class='ocrx_word' id='word_1_588' title='bbox 3043 3446 3133 3516; x_wconf 91' lang='lat' dir='ltr'><strong>qui</strong></span> <span class='ocrx_word' id='word_1_589' title='bbox 3162 3446 3227 3499; x_wconf 88' lang='lat' dir='ltr'><strong>de</strong></span> <span class='ocrx_word' id='word_1_590' title='bbox 3252 3445 3350 3497; x_wconf 84' lang='lat' dir='ltr'><strong>ad-</strong></span> 
     </span>
    </p>
   </div>
   <div class='ocr_carea' id='block_1_82' title="bbox 1792 3538 3355 3612">
    <p class='ocr_par' dir='ltr' id='par_1_82' title="bbox 1792 3538 3355 3612">
     <span class='ocr_line' id='line_1_82' title="bbox 1792 3538 3355 3612; baseline -0.006 -16"><span class='ocrx_word' id='word_1_591' title='bbox 1792 3553 1951 3597; x_wconf 84' lang='lat' dir='ltr'><strong>ventu</strong></span> <span class='ocrx_word' id='word_1_592' title='bbox 1988 3542 2125 3598; x_wconf 80' lang='lat' dir='ltr'><strong>Justi</strong></span> <span class='ocrx_word' id='word_1_593' title='bbox 2164 3540 2608 3612; x_wconf 78' lang='lat' dir='ltr'><strong>praedixissent&quot;</strong></span> <span class='ocrx_word' id='word_1_594' title='bbox 2633 3540 2657 3594; x_wconf 88' lang='lat'><strong>?</strong></span> <span class='ocrx_word' id='word_1_595' title='bbox 2682 3559 2701 3592; x_wconf 77' lang='grc' dir='ltr'><strong>ι</strong></span> <span class='ocrx_word' id='word_1_596' title='bbox 2737 3539 2828 3605; x_wconf 86' lang='lat' dir='ltr'><strong>qui</strong></span> <span class='ocrx_word' id='word_1_597' title='bbox 2866 3538 3026 3594; x_wconf 88' lang='lat' dir='ltr'><strong>etiam</strong></span> <span class='ocrx_word' id='word_1_598' title='bbox 3080 3545 3355 3606; x_wconf 86' lang='lat' dir='ltr'><strong>postremo</strong></span> 
     </span>
    </p>
   </div>
   <div class='ocr_carea' id='block_1_83' title="bbox 1789 3620 3355 3702">
    <p class='ocr_par' dir='ltr' id='par_1_83' title="bbox 1789 3620 3355 3702">
     <span class='ocr_line' id='line_1_83' title="bbox 1789 3620 3355 3702; baseline -0.005 -16"><span class='ocrx_word' id='word_1_599' title='bbox 1789 3620 2106 3702; x_wconf 85' lang='lat' dir='ltr'><strong>prephctam</strong></span> <span class='ocrx_word' id='word_1_600' title='bbox 2141 3631 2390 3687; x_wconf 90' lang='lat' dir='ltr'><strong>omnibus</strong></span> <span class='ocrx_word' id='word_1_601' title='bbox 2433 3629 2867 3694; x_wconf 87' lang='lat' dir='ltr'><strong>eminentiorem,</strong></span> <span class='ocrx_word' id='word_1_602' title='bbox 2896 3642 2990 3697; x_wconf 90' lang='lat' dir='ltr'><strong>per</strong></span> <span class='ocrx_word' id='word_1_603' title='bbox 3038 3640 3198 3696; x_wconf 87' lang='lat' dir='ltr'><strong>quem</strong></span> <span class='ocrx_word' id='word_1_604' title='bbox 3229 3639 3355 3694; x_wconf 86' lang='lat' dir='ltr'><strong>pro-</strong></span> 
     </span>
    </p>
   </div>
   <div class='ocr_carea' id='block_1_84' title="bbox 1790 3713 3357 3789">
    <p class='ocr_par' dir='ltr' id='par_1_84' title="bbox 1790 3713 3357 3789">
     <span class='ocr_line' id='line_1_84' title="bbox 1790 3713 3357 3789; baseline -0.003 -17"><span class='ocrx_word' id='word_1_605' title='bbox 1790 3719 1969 3789; x_wconf 70' lang='lat' dir='ltr'><strong>phetae</strong></span> <span class='ocrx_word' id='word_1_606' title='bbox 1993 3721 2274 3789; x_wconf 82' lang='lat' dir='ltr'><strong>prephetae</strong></span> <span class='ocrx_word' id='word_1_607' title='bbox 2305 3720 2431 3775; x_wconf 89' lang='lat' dir='ltr'><strong>facti</strong></span> <span class='ocrx_word' id='word_1_608' title='bbox 2460 3727 2605 3783; x_wconf 88' lang='lat' dir='ltr'><strong>sunt,</strong></span> <span class='ocrx_word' id='word_1_609' title='bbox 2636 3734 2761 3773; x_wconf 90' lang='lat' dir='ltr'><strong>cum</strong></span> <span class='ocrx_word' id='word_1_610' title='bbox 2781 3717 3110 3787; x_wconf 74' lang='lat' dir='ltr'><strong>Sprevissent</strong></span> <span class='ocrx_word' id='word_1_611' title='bbox 3140 3735 3154 3772; x_wconf 86' lang='lat'><strong>:</strong></span> <span class='ocrx_word' id='word_1_612' title='bbox 3188 3735 3207 3766; x_wconf 77' lang='grc' dir='ltr'><strong>ι</strong></span> <span class='ocrx_word' id='word_1_613' title='bbox 3230 3713 3357 3769; x_wconf 78' lang='grc' dir='ltr'>Τοι-</span> 
     </span>
    </p>
   </div>
   <div class='ocr_carea' id='block_1_85' title="bbox 1791 3805 3358 3880">
    <p class='ocr_par' dir='ltr' id='par_1_85' title="bbox 1791 3805 3358 3880">
     <span class='ocr_line' id='line_1_85' title="bbox 1791 3805 3358 3880; baseline -0.003 -19"><span class='ocrx_word' id='word_1_614' title='bbox 1791 3807 1862 3875; x_wconf 88' lang='lat' dir='ltr'><strong>le,</strong></span> <span class='ocrx_word' id='word_1_615' title='bbox 1899 3808 2048 3874; x_wconf 91' lang='lat' dir='ltr'><strong>tolle,</strong></span> <span class='ocrx_word' id='word_1_616' title='bbox 2087 3808 2348 3880; x_wconf 82' lang='lat' dir='ltr'><strong>eruciﬁge</strong></span> <span class='ocrx_word' id='word_1_617' title='bbox 2388 3825 2512 3864; x_wconf 88' lang='lat' dir='ltr'><strong>eum</strong></span> <span class='ocrx_word' id='word_1_618' title='bbox 2528 3810 2596 3875; x_wconf 82' lang='lat'><strong>&quot;,</strong></span> <span class='ocrx_word' id='word_1_619' title='bbox 2623 3828 2643 3862; x_wconf 74' lang='grc' dir='ltr'><strong>ι</strong></span> <span class='ocrx_word' id='word_1_620' title='bbox 2674 3810 2942 3864; x_wconf 84' lang='lat' dir='ltr'><strong>dixerunt.</strong></span> <span class='ocrx_word' id='word_1_621' title='bbox 2980 3805 3236 3861; x_wconf 86' lang='lat' dir='ltr'><strong>Honorati</strong></span> <span class='ocrx_word' id='word_1_622' title='bbox 3259 3821 3358 3858; x_wconf 86' lang='lat' dir='ltr'><strong>au-</strong></span> 
     </span>
    </p>
   </div>
   <div class='ocr_carea' id='block_1_86' title="bbox 1796 3901 3357 3975">
    <p class='ocr_par' dir='ltr' id='par_1_86' title="bbox 1796 3901 3357 3975">
     <span class='ocr_line' id='line_1_86' title="bbox 1796 3901 3357 3975; baseline -0.001 -17"><span class='ocrx_word' id='word_1_623' title='bbox 1796 3917 1903 3961; x_wconf 86' lang='lat' dir='ltr'><strong>tem</strong></span> <span class='ocrx_word' id='word_1_624' title='bbox 1936 3915 2065 3962; x_wconf 88' lang='lat' dir='ltr'><strong>sunt</strong></span> <span class='ocrx_word' id='word_1_625' title='bbox 2094 3906 2146 3960; x_wconf 94' lang='lat' dir='ltr'><strong>in</strong></span> <span class='ocrx_word' id='word_1_626' title='bbox 2179 3922 2298 3962; x_wconf 89' lang='lat' dir='ltr'><strong>mea</strong></span> <span class='ocrx_word' id='word_1_627' title='bbox 2344 3905 2519 3975; x_wconf 88' lang='lat' dir='ltr'><strong>patria</strong></span> <span class='ocrx_word' id='word_1_628' title='bbox 2564 3919 2752 3960; x_wconf 90' lang='lat' dir='ltr'><strong>omnes</strong></span> <span class='ocrx_word' id='word_1_629' title='bbox 2777 3903 3072 3974; x_wconf 78' lang='lat' dir='ltr'><strong>prophetae,</strong></span> <span class='ocrx_word' id='word_1_630' title='bbox 3098 3913 3152 3956; x_wconf 83' lang='lat' dir='ltr'><strong>et</strong></span> <span class='ocrx_word' id='word_1_631' title='bbox 3184 3902 3230 3956; x_wconf 87' lang='lat' dir='ltr'><strong>is</strong></span> <span class='ocrx_word' id='word_1_632' title='bbox 3262 3901 3357 3971; x_wconf 88' lang='lat' dir='ltr'><strong>qui</strong></span> 
     </span>
    </p>
   </div>
   <div class='ocr_carea' id='block_1_87' title="bbox 1794 3993 3359 4068">
    <p class='ocr_par' dir='ltr' id='par_1_87' title="bbox 1794 3993 3359 4068">
     <span class='ocr_line' id='line_1_87' title="bbox 1794 3993 3359 4068; baseline -0.004 -14"><span class='ocrx_word' id='word_1_633' title='bbox 1794 4017 1822 4054; x_wconf 91' lang='lat' dir='ltr'><strong>a</strong></span> <span class='ocrx_word' id='word_1_634' title='bbox 1858 4001 1970 4055; x_wconf 90' lang='lat' dir='ltr'><strong>Deo</strong></span> <span class='ocrx_word' id='word_1_635' title='bbox 2014 4003 2281 4056; x_wconf 82' lang='lat' dir='ltr'><strong>excitatus</strong></span> <span class='ocrx_word' id='word_1_636' title='bbox 2310 4008 2414 4063; x_wconf 86' lang='lat' dir='ltr'><strong>est,</strong></span> <span class='ocrx_word' id='word_1_637' title='bbox 2442 3997 2595 4068; x_wconf 82' lang='lat' dir='ltr'><strong>juxta</strong></span> <span class='ocrx_word' id='word_1_638' title='bbox 2640 4012 2702 4051; x_wconf 90' lang='lat' dir='ltr'><strong>ea</strong></span> <span class='ocrx_word' id='word_1_639' title='bbox 2730 4010 2850 4067; x_wconf 74' lang='lat' dir='ltr'><strong>quae</strong></span> <span class='ocrx_word' id='word_1_640' title='bbox 2883 3996 2949 4051; x_wconf 90' lang='lat' dir='ltr'><strong>de</strong></span> <span class='ocrx_word' id='word_1_641' title='bbox 2982 3996 3098 4064; x_wconf 90' lang='lat' dir='ltr'><strong>ipso</strong></span> <span class='ocrx_word' id='word_1_642' title='bbox 3132 4009 3160 4047; x_wconf 91' lang='lat' dir='ltr'><strong>a</strong></span> <span class='ocrx_word' id='word_1_643' title='bbox 3191 3993 3359 4048; x_wconf 82' lang='lat' dir='ltr'><strong>Moise</strong></span> 
     </span>
    </p>
   </div>
   <div class='ocr_carea' id='block_1_88' title="bbox 1794 4070 3360 4159">
    <p class='ocr_par' dir='ltr' id='par_1_88' title="bbox 1794 4070 3360 4159">
     <span class='ocr_line' id='line_1_88' title="bbox 1794 4070 3360 4159; baseline -0.006 -13"><span class='ocrx_word' id='word_1_644' title='bbox 1794 4093 1936 4147; x_wconf 90' lang='lat' dir='ltr'><strong>dicta</strong></span> <span class='ocrx_word' id='word_1_645' title='bbox 1969 4100 2136 4146; x_wconf 89' lang='lat' dir='ltr'><strong>sunt:</strong></span> <span class='ocrx_word' id='word_1_646' title='bbox 2171 4089 2532 4159; x_wconf 67' lang='lat' dir='ltr'><strong>«Prophetam</strong></span> <span class='ocrx_word' id='word_1_647' title='bbox 2575 4087 2861 4142; x_wconf 89' lang='lat' dir='ltr'><strong>suscitabit</strong></span> <span class='ocrx_word' id='word_1_648' title='bbox 2898 4070 3054 4140; x_wconf 81' lang='lat' dir='ltr'><strong>vobis</strong></span> <span class='ocrx_word' id='word_1_649' title='bbox 3097 4083 3360 4138; x_wconf 90' lang='lat' dir='ltr'><strong>Dominus</strong></span> 
     </span>
    </p>
   </div>
   <div class='ocr_carea' id='block_1_89' title="bbox 1794 4178 3358 4248">
    <p class='ocr_par' dir='ltr' id='par_1_89' title="bbox 1794 4178 3358 4248">
     <span class='ocr_line' id='line_1_89' title="bbox 1794 4178 3358 4248; baseline -0.004 -11"><span class='ocrx_word' id='word_1_650' title='bbox 1794 4183 1935 4237; x_wconf 90' lang='lat' dir='ltr'><strong>Dens</strong></span> <span class='ocrx_word' id='word_1_651' title='bbox 1964 4192 2145 4237; x_wconf 84' lang='lat' dir='ltr'><strong>vester</strong></span> <span class='ocrx_word' id='word_1_652' title='bbox 2178 4196 2210 4236; x_wconf 90' lang='lat' dir='ltr'><strong>e</strong></span> <span class='ocrx_word' id='word_1_653' title='bbox 2236 4180 2493 4236; x_wconf 87' lang='lat' dir='ltr'><strong>fratribus</strong></span> <span class='ocrx_word' id='word_1_654' title='bbox 2521 4180 2737 4244; x_wconf 88' lang='lat' dir='ltr'><strong>vestris,</strong></span> <span class='ocrx_word' id='word_1_655' title='bbox 2767 4179 2869 4234; x_wconf 88' lang='lat' dir='ltr'><strong>mei</strong></span> <span class='ocrx_word' id='word_1_656' title='bbox 2895 4178 3154 4243; x_wconf 87' lang='lat' dir='ltr'><strong>similem,</strong></span> <span class='ocrx_word' id='word_1_657' title='bbox 3183 4180 3358 4248; x_wconf 91' lang='lat' dir='ltr'><strong>ipsum</strong></span> 
     </span>
    </p>
   </div>
   <div class='ocr_carea' id='block_1_90' title="bbox 1796 4262 3360 4342">
    <p class='ocr_par' dir='ltr' id='par_1_90' title="bbox 1796 4262 3360 4342">
     <span class='ocr_line' id='line_1_90' title="bbox 1796 4262 3360 4342; baseline -0.005 -16"><span class='ocrx_word' id='word_1_658' title='bbox 1796 4271 1961 4342; x_wconf 79' lang='lat'><strong>269</strong></span> <span class='ocrx_word' id='word_1_659' title='bbox 1994 4270 2325 4335; x_wconf 72' lang='lat' dir='ltr'><strong>audietis“;</strong></span> <span class='ocrx_word' id='word_1_660' title='bbox 2358 4287 2376 4320; x_wconf 74' lang='grc' dir='ltr'><strong>ι</strong></span> <span class='ocrx_word' id='word_1_661' title='bbox 2406 4268 2582 4338; x_wconf 89' lang='lat' dir='ltr'><strong>patria</strong></span> <span class='ocrx_word' id='word_1_662' title='bbox 2615 4268 2760 4323; x_wconf 90' lang='lat' dir='ltr'><strong>enim</strong></span> <span class='ocrx_word' id='word_1_663' title='bbox 2818 4266 2991 4335; x_wconf 86' lang='lat' dir='ltr'><strong>ipsius</strong></span> <span class='ocrx_word' id='word_1_664' title='bbox 3020 4265 3072 4318; x_wconf 90' lang='lat' dir='ltr'><strong>in</strong></span> <span class='ocrx_word' id='word_1_665' title='bbox 3107 4262 3360 4335; x_wconf 85' lang='lat' dir='ltr'><strong>gentibus</strong></span> 
     </span>
    </p>
   </div>
   <div class='ocr_carea' id='block_1_91' title="bbox 1796 4350 3361 4430">
    <p class='ocr_par' dir='ltr' id='par_1_91' title="bbox 1796 4350 3361 4430">
     <span class='ocr_line' id='line_1_91' title="bbox 1796 4350 3361 4430; baseline -0.008 -12"><span class='ocrx_word' id='word_1_666' title='bbox 1796 4364 1934 4418; x_wconf 90' lang='lat' dir='ltr'><strong>inest</strong></span> <span class='ocrx_word' id='word_1_667' title='bbox 1956 4362 2027 4426; x_wconf 74' lang='grc'><strong>⁸³,</strong></span> <span class='ocrx_word' id='word_1_668' title='bbox 2058 4376 2176 4430; x_wconf 71' lang='lat' dir='ltr'><strong>quae</strong></span> <span class='ocrx_word' id='word_1_669' title='bbox 2216 4361 2368 4430; x_wconf 89' lang='lat' dir='ltr'><strong>lapsu</strong></span> <span class='ocrx_word' id='word_1_670' title='bbox 2415 4359 2631 4414; x_wconf 90' lang='lat' dir='ltr'><strong>Israelis</strong></span> <span class='ocrx_word' id='word_1_671' title='bbox 2667 4357 2895 4412; x_wconf 89' lang='lat' dir='ltr'><strong>salutem</strong></span> <span class='ocrx_word' id='word_1_672' title='bbox 2931 4360 3272 4424; x_wconf 86' lang='lat' dir='ltr'><strong>receperunt.</strong></span> <span class='ocrx_word' id='word_1_673' title='bbox 3301 4350 3361 4406; x_wconf 88' lang='lat' dir='ltr'><strong>In</strong></span> 
     </span>
    </p>
   </div>
   <div class='ocr_carea' id='block_1_92' title="bbox 134 4445 1707 4545">
    <p class='ocr_par' dir='ltr' id='par_1_92' title="bbox 134 4453 1690 4530">
     <span class='ocr_line' id='line_1_92' title="bbox 134 4453 1690 4530; baseline -0.002 -23"><span class='ocrx_word' id='word_1_674' title='bbox 134 4459 402 4530; x_wconf 88' lang='grc' dir='ltr'>προφήτης</span> <span class='ocrx_word' id='word_1_675' title='bbox 427 4458 617 4523; x_wconf 86' lang='grc' dir='ltr'>δεκτός</span> <span class='ocrx_word' id='word_1_676' title='bbox 648 4461 794 4512; x_wconf 82' lang='grc' dir='ltr'>ἐστιν</span> <span class='ocrx_word' id='word_1_677' title='bbox 826 4459 883 4512; x_wconf 84' lang='grc' dir='ltr'>ἐν</span> <span class='ocrx_word' id='word_1_678' title='bbox 929 4458 995 4528; x_wconf 83' lang='grc' dir='ltr'><strong>τῇ</strong></span> <span class='ocrx_word' id='word_1_679' title='bbox 1036 4454 1273 4526; x_wconf 86' lang='grc' dir='ltr'>πατρίδι,</span> <span class='ocrx_word' id='word_1_680' title='bbox 1308 4453 1401 4506; x_wconf 79' lang='grc' dir='ltr'>καὶ</span> <span class='ocrx_word' id='word_1_681' title='bbox 1429 4453 1485 4505; x_wconf 87' lang='grc' dir='ltr'><strong>ἐν</strong></span> <span class='ocrx_word' id='word_1_682' title='bbox 1511 4454 1577 4523; x_wconf 80' lang='grc' dir='ltr'>τῇ</span> <span class='ocrx_word' id='word_1_683' title='bbox 1612 4453 1690 4505; x_wconf 84' lang='grc' dir='ltr'><strong>οἰ-</strong></span> 
     </span>
    </p>
   </div>
   <div class='ocr_carea' id='block_1_93' title="bbox 1864 4445 3364 4545">
    <p class='ocr_par' dir='ltr' id='par_1_93' title="bbox 1864 4445 3364 4522">
     <span class='ocr_line' id='line_1_93' title="bbox 1864 4445 3364 4522; baseline -0.008 -14"><span class='ocrx_word' id='word_1_684' title='bbox 1864 4456 1921 4509; x_wconf 77' lang='lat' dir='ltr'><strong>lis</strong></span> <span class='ocrx_word' id='word_1_685' title='bbox 1966 4455 2135 4509; x_wconf 89' lang='lat' dir='ltr'><strong>etiam</strong></span> <span class='ocrx_word' id='word_1_686' title='bbox 2184 4453 2448 4522; x_wconf 86' lang='lat' dir='ltr'><strong>scriptum</strong></span> <span class='ocrx_word' id='word_1_687' title='bbox 2476 4460 2560 4506; x_wconf 89' lang='lat' dir='ltr'><strong>est</strong></span> <span class='ocrx_word' id='word_1_688' title='bbox 2580 4449 2626 4481; x_wconf 82' lang='grc'>⁶⁰</span> <span class='ocrx_word' id='word_1_689' title='bbox 2654 4464 2669 4502; x_wconf 90' lang='lat'><strong>:</strong></span> <span class='ocrx_word' id='word_1_690' title='bbox 2700 4464 2723 4500; x_wconf 72' lang='grc' dir='ltr'><strong>ι</strong></span> <span class='ocrx_word' id='word_1_691' title='bbox 2749 4446 2938 4502; x_wconf 82' lang='lat' dir='ltr'><strong>Nullus</strong></span> <span class='ocrx_word' id='word_1_692' title='bbox 2970 4445 3234 4516; x_wconf 87' lang='lat' dir='ltr'><strong>propheta</strong></span> <span class='ocrx_word' id='word_1_693' title='bbox 3269 4456 3364 4497; x_wconf 85' lang='lat' dir='ltr'><strong>ac-</strong></span> 
     </span>
    </p>
   </div>
   <div class='ocr_carea' id='block_1_94' title="bbox 135 4542 1691 4628">
    <p class='ocr_par' dir='ltr' id='par_1_94' title="bbox 135 4542 1691 4628">
     <span class='ocr_line' id='line_1_94' title="bbox 135 4542 1691 4628; baseline 0.006 -28"><span class='ocrx_word' id='word_1_694' title='bbox 135 4548 220 4621; x_wconf 71' lang='grc' dir='ltr'><strong>κίᾳ</strong></span> <span class='ocrx_word' id='word_1_695' title='bbox 243 4549 400 4603; x_wconf 81' lang='grc' dir='ltr'>αὑτοῦ</span> <span class='ocrx_word' id='word_1_696' title='bbox 423 4567 437 4581; x_wconf 88' lang='grc'><strong>·</strong></span> <span class='ocrx_word' id='word_1_697' title='bbox 470 4570 490 4602; x_wconf 70' lang='grc' dir='ltr'><strong>ι</strong></span> <span class='ocrx_word' id='word_1_698' title='bbox 522 4550 615 4603; x_wconf 75' lang='grc' dir='ltr'>καὶ</span> <span class='ocrx_word' id='word_1_699' title='bbox 642 4549 908 4623; x_wconf 83' lang='grc' dir='ltr'>χρήσιμόν</span> <span class='ocrx_word' id='word_1_700' title='bbox 937 4565 1001 4617; x_wconf 88' lang='grc' dir='ltr'><strong>γε</strong></span> <span class='ocrx_word' id='word_1_701' title='bbox 1032 4547 1092 4628; x_wconf 81' lang='grc' dir='ltr'>τὸ</span> <span class='ocrx_word' id='word_1_702' title='bbox 1122 4544 1374 4614; x_wconf 78' lang='grc' dir='ltr'>συγγενὲς</span> <span class='ocrx_word' id='word_1_703' title='bbox 1394 4542 1567 4613; x_wconf 73' lang='grc' dir='ltr'>τούτῳ</span> <span class='ocrx_word' id='word_1_704' title='bbox 1595 4545 1691 4615; x_wconf 73' lang='grc' dir='ltr'>ρη-</span> 
     </span>
    </p>
   </div>
   <div class='ocr_carea' id='block_1_95' title="bbox 136 4637 1687 4715">
    <p class='ocr_par' dir='ltr' id='par_1_95' title="bbox 136 4637 1687 4715">
     <span class='ocr_line' id='line_1_95' title="bbox 136 4637 1687 4715; baseline -0.004 -20"><span class='ocrx_word' id='word_1_705' title='bbox 136 4643 219 4697; x_wconf 85' lang='grc' dir='ltr'><strong>τδν</strong></span> <span class='ocrx_word' id='word_1_706' title='bbox 250 4645 649 4715; x_wconf 87' lang='grc' dir='ltr'>συναγαγόντας</span> <span class='ocrx_word' id='word_1_707' title='bbox 690 4646 797 4699; x_wconf 83' lang='grc' dir='ltr'><strong>ἀπὸ</strong></span> <span class='ocrx_word' id='word_1_708' title='bbox 844 4644 951 4698; x_wconf 85' lang='grc' dir='ltr'>τῶν</span> <span class='ocrx_word' id='word_1_709' title='bbox 988 4638 1335 4711; x_wconf 84' lang='grc' dir='ltr'>Εὐαγγελίων</span> <span class='ocrx_word' id='word_1_710' title='bbox 1386 4638 1513 4691; x_wconf 88' lang='grc' dir='ltr'>ἰδεῖν</span> <span class='ocrx_word' id='word_1_711' title='bbox 1540 4637 1687 4697; x_wconf 82' lang='grc' dir='ltr'>πότε.</span> 
     </span>
    </p>
   </div>
   <div class='ocr_carea' id='block_1_96' title="bbox 141 4726 1693 4809">
    <p class='ocr_par' dir='ltr' id='par_1_96' title="bbox 141 4726 1693 4809">
     <span class='ocr_line' id='line_1_96' title="bbox 141 4726 1693 4809; baseline -0.006 -20"><span class='ocrx_word' id='word_1_712' title='bbox 141 4734 227 4789; x_wconf 73' lang='grc' dir='ltr'><strong>καὶ</strong></span> <span class='ocrx_word' id='word_1_713' title='bbox 259 4738 349 4790; x_wconf 73' lang='grc' dir='ltr'>ἐπὶ</span> <span class='ocrx_word' id='word_1_714' title='bbox 385 4738 492 4791; x_wconf 87' lang='grc' dir='ltr'>τίνι</span> <span class='ocrx_word' id='word_1_715' title='bbox 521 4736 599 4809; x_wconf 81' lang='grc' dir='ltr'><strong>τῷ</strong></span> <span class='ocrx_word' id='word_1_716' title='bbox 625 4736 840 4807; x_wconf 81' lang='grc' dir='ltr'>Σωτῆρι</span> <span class='ocrx_word' id='word_1_717' title='bbox 866 4734 1023 4789; x_wconf 83' lang='grc' dir='ltr'>τοῦτο</span> <span class='ocrx_word' id='word_1_718' title='bbox 1046 4732 1281 4805; x_wconf 80' lang='grc' dir='ltr'>εἴρηται.</span> <span class='ocrx_word' id='word_1_719' title='bbox 1321 4728 1608 4799; x_wconf 84' lang='grc' dir='ltr'>Θαυμάσαι</span> <span class='ocrx_word' id='word_1_720' title='bbox 1635 4726 1693 4782; x_wconf 80' lang='grc' dir='ltr'>δὲ</span> 
     </span>
    </p>
   </div>
   <div class='ocr_carea' id='block_1_97' title="bbox 203 4889 1708 4964">
    <p class='ocr_par' dir='ltr' id='par_1_97' title="bbox 203 4889 1708 4964">
     <span class='ocr_line' id='line_1_97' title="bbox 203 4889 1708 4964; baseline -0.01 -7"><span class='ocrx_word' id='word_1_721' title='bbox 203 4903 249 4935; x_wconf 72' lang='grc'><strong><em>³⁵</em></strong></span> <span class='ocrx_word' id='word_1_722' title='bbox 276 4901 430 4961; x_wconf 84' lang='lat' dir='ltr'><strong>Joan.</strong></span> <span class='ocrx_word' id='word_1_723' title='bbox 457 4918 534 4964; x_wconf 82' lang='lat' dir='ltr'><strong>tv,</strong></span> <span class='ocrx_word' id='word_1_724' title='bbox 566 4900 656 4955; x_wconf 67' lang='grc'><strong>44.</strong></span> <span class='ocrx_word' id='word_1_725' title='bbox 731 4900 776 4932; x_wconf 83' lang='grc'><strong><em>⁵⁸</em></strong></span> <span class='ocrx_word' id='word_1_726' title='bbox 801 4896 965 4954; x_wconf 82' lang='lat' dir='ltr'><strong>Hebr.</strong></span> <span class='ocrx_word' id='word_1_727' title='bbox 997 4911 1074 4956; x_wconf 78' lang='grc' dir='ltr'>ιιι.</span> <span class='ocrx_word' id='word_1_728' title='bbox 1105 4894 1197 4950; x_wconf 71' lang='lat'><strong>37.</strong></span> <span class='ocrx_word' id='word_1_729' title='bbox 1271 4892 1317 4925; x_wconf 81' lang='grc'><strong>⁸⁸</strong></span> <span class='ocrx_word' id='word_1_730' title='bbox 1341 4892 1462 4946; x_wconf 87' lang='lat' dir='ltr'><strong>Act.</strong></span> <span class='ocrx_word' id='word_1_731' title='bbox 1492 4904 1590 4954; x_wconf 86' lang='lat' dir='ltr'><strong>vu,</strong></span> <span class='ocrx_word' id='word_1_732' title='bbox 1617 4889 1708 4946; x_wconf 85' lang='grc'><strong>52.</strong></span> 
     </span>
    </p>
   </div>
   <div class='ocr_carea' id='block_1_98' title="bbox 140 4965 1107 5041">
    <p class='ocr_par' dir='ltr' id='par_1_98' title="bbox 140 4965 1107 5041">
     <span class='ocr_line' id='line_1_98' title="bbox 140 4965 1107 5041; baseline -0.009 -12"><span class='ocrx_word' id='word_1_733' title='bbox 140 4971 353 5029; x_wconf 74' lang='lat' dir='ltr'><strong>&quot;Rom.</strong></span> <span class='ocrx_word' id='word_1_734' title='bbox 378 4990 457 5041; x_wconf 71' lang='grc' dir='ltr'>ιι,</span> <span class='ocrx_word' id='word_1_735' title='bbox 485 4974 573 5027; x_wconf 84' lang='grc' dir='ltr'><strong>Η.</strong></span> <span class='ocrx_word' id='word_1_736' title='bbox 674 4971 720 5005; x_wconf 74' lang='grc'>⁸⁸</span> <span class='ocrx_word' id='word_1_737' title='bbox 748 4971 880 5024; x_wconf 81' lang='lat' dir='ltr'><strong>Luc.</strong></span> <span class='ocrx_word' id='word_1_738' title='bbox 914 4982 987 5029; x_wconf 86' lang='lat' dir='ltr'><strong>tv.</strong></span> <span class='ocrx_word' id='word_1_739' title='bbox 1016 4965 1107 5021; x_wconf 69' lang='grc'><strong>24.</strong></span> 
     </span>
    </p>
   </div>
   <div class='ocr_carea' id='block_1_99' title="bbox 148 5054 1700 5136">
    <p class='ocr_par' dir='ltr' id='par_1_99' title="bbox 148 5054 1700 5136">
     <span class='ocr_line' id='line_1_99' title="bbox 148 5054 1700 5136; baseline -0.009 -16"><span class='ocrx_word' id='word_1_740' title='bbox 148 5074 286 5136; x_wconf 83' lang='lat' dir='ltr'><strong>ctura</strong></span> <span class='ocrx_word' id='word_1_741' title='bbox 313 5065 546 5136; x_wconf 85' lang='lat' dir='ltr'><strong>legatur,</strong></span> <span class='ocrx_word' id='word_1_742' title='bbox 583 5062 915 5119; x_wconf 81' lang='grc' dir='ltr'>κατακόπτει</span> <span class='ocrx_word' id='word_1_743' title='bbox 943 5060 1001 5113; x_wconf 84' lang='grc' dir='ltr'><strong>δέ</strong></span> <span class='ocrx_word' id='word_1_744' title='bbox 1030 5055 1241 5120; x_wconf 87' lang='grc' dir='ltr'>ἐαυτόν,</span> <span class='ocrx_word' id='word_1_745' title='bbox 1279 5054 1331 5108; x_wconf 91' lang='lat' dir='ltr'><strong>id</strong></span> <span class='ocrx_word' id='word_1_746' title='bbox 1362 5063 1581 5108; x_wconf 86' lang='lat' dir='ltr'><strong>secutus</strong></span> <span class='ocrx_word' id='word_1_747' title='bbox 1615 5061 1700 5106; x_wconf 87' lang='lat' dir='ltr'><strong>est</strong></span> 
     </span>
    </p>
   </div>
   <div class='ocr_carea' id='block_1_100' title="bbox 147 5135 1701 5258">
    <p class='ocr_par' dir='ltr' id='par_1_100' title="bbox 147 5135 1701 5258">
     <span class='ocr_line' id='line_1_100' title="bbox 147 5135 1701 5258; baseline -0.008 -69"><span class='ocrx_word' id='word_1_748' title='bbox 147 5135 438 5258; x_wconf 54' lang='lat' dir='ltr'><strong>ferrarius,</strong></span> <span class='ocrx_word' id='word_1_749' title='bbox 485 5147 723 5200; x_wconf 83' lang='lat' dir='ltr'><strong>vertens,</strong></span> <span class='ocrx_word' id='word_1_750' title='bbox 761 5154 779 5187; x_wconf 81' lang='grc' dir='ltr'><strong>ι</strong></span> <span class='ocrx_word' id='word_1_751' title='bbox 825 5137 1035 5187; x_wconf 84' lang='lat' dir='ltr'><strong>resecat</strong></span> <span class='ocrx_word' id='word_1_752' title='bbox 1071 5138 1254 5183; x_wconf 87' lang='lat' dir='ltr'><strong>autem</strong></span> <span class='ocrx_word' id='word_1_753' title='bbox 1297 5138 1420 5180; x_wconf 88' lang='lat' dir='ltr'><strong>sese</strong></span> <span class='ocrx_word' id='word_1_754' title='bbox 1466 5137 1701 5190; x_wconf 85' lang='lat' dir='ltr'><strong>cvange-</strong></span> 
     </span>
     <span class='ocr_line' id='line_1_101' title="bbox 170 5217 337 5258; baseline 0 0"><span class='ocrx_word' id='word_1_755' title='bbox 170 5217 280 5258; x_wconf 77' lang='lat' dir='ltr'><strong>tsta.</strong></span> <span class='ocrx_word' id='word_1_756' title='bbox 319 5226 337 5258; x_wconf 74' lang='grc' dir='ltr'><strong>ι</strong></span> 
     </span>
    </p>
   </div>
   <div class='ocr_carea' id='block_1_101' title="bbox 170 5226 1705 5397">
    <p class='ocr_par' dir='ltr' id='par_1_101' title="bbox 170 5226 1705 5397">
     <span class='ocr_line' id='line_1_102' title="bbox 170 5226 1705 5397; baseline -0.008 -66"><span class='ocrx_word' id='word_1_757' title='bbox 170 5226 337 5397; x_wconf 43' lang='grc' dir='ltr'><strong>εἶδέ),</strong></span> <span class='ocrx_word' id='word_1_758' title='bbox 375 5276 485 5330; x_wconf 80' lang='lat' dir='ltr'><strong>Kal</strong></span> <span class='ocrx_word' id='word_1_759' title='bbox 537 5273 689 5330; x_wconf 79' lang='grc' dir='ltr'><strong>κατά</strong></span> <span class='ocrx_word' id='word_1_760' title='bbox 726 5273 921 5328; x_wconf 84' lang='grc' dir='ltr'>τοῦτο.</span> <span class='ocrx_word' id='word_1_761' title='bbox 977 5269 1036 5323; x_wconf 84' lang='grc' dir='ltr'>1η</span> <span class='ocrx_word' id='word_1_762' title='bbox 1089 5267 1279 5323; x_wconf 83' lang='lat' dir='ltr'><strong>codice</strong></span> <span class='ocrx_word' id='word_1_763' title='bbox 1336 5265 1506 5335; x_wconf 77' lang='lat' dir='ltr'><strong>Regio</strong></span> <span class='ocrx_word' id='word_1_764' title='bbox 1554 5265 1705 5320; x_wconf 88' lang='lat' dir='ltr'><strong>deest</strong></span> 
     </span>
     <span class='ocr_line' id='line_1_103' title="bbox 170 5361 256 5397; baseline 0 0"><span class='ocrx_word' id='word_1_765' title='bbox 170 5361 256 5397; x_wconf 75' lang='grc' dir='ltr'>αι.</span> 
     </span>
    </p>
   </div>
   <div class='ocr_carea' id='block_1_102' title="bbox 152 5361 256 5399">
    <p class='ocr_par' dir='ltr' id='par_1_102' title="bbox 152 5361 256 5399">
     <span class='ocr_line' id='line_1_104' title="bbox 152 5361 256 5399; baseline 0.01 -2"><span class='ocrx_word' id='word_1_766' title='bbox 152 5361 256 5399; x_wconf 89' lang='grc' dir='ltr'>και.</span> 
     </span>
    </p>
   </div>
   <div class='ocr_carea' id='block_1_103' title="bbox 152 5484 1703 5641">
    <p class='ocr_par' dir='ltr' id='par_1_103' title="bbox 152 5484 1703 5641">
     <span class='ocr_line' id='line_1_105' title="bbox 152 5484 1703 5641; baseline -0.012 -25"><span class='ocrx_word' id='word_1_767' title='bbox 380 5555 610 5623; x_wconf 82' lang='grc' dir='ltr'>Αὐτοὺς</span> <span class='ocrx_word' id='word_1_768' title='bbox 654 5552 834 5623; x_wconf 76' lang='grc' dir='ltr'>παρὰ,</span> <span class='ocrx_word' id='word_1_769' title='bbox 868 5563 975 5607; x_wconf 85' lang='lat' dir='ltr'><strong>etc.</strong></span> <span class='ocrx_word' id='word_1_770' title='bbox 1011 5552 1068 5606; x_wconf 93' lang='lat' dir='ltr'><strong>Iu</strong></span> <span class='ocrx_word' id='word_1_771' title='bbox 1124 5548 1312 5606; x_wconf 84' lang='lat' dir='ltr'><strong>codice</strong></span> <span class='ocrx_word' id='word_1_772' title='bbox 1343 5546 1513 5616; x_wconf 82' lang='lat' dir='ltr'><strong>Regio</strong></span> <span class='ocrx_word' id='word_1_773' title='bbox 1552 5544 1703 5599; x_wconf 86' lang='lat' dir='ltr'><strong>deest</strong></span> 
     </span>
    </p>
   </div>
   <div class='ocr_carea' id='block_1_104' title="bbox 155 5639 1542 5764">
    <p class='ocr_par' dir='ltr' id='par_1_104' title="bbox 155 5639 1542 5764">
     <span class='ocr_line' id='line_1_106' title="bbox 155 5639 1542 5764; baseline -0.005 -17"><span class='ocrx_word' id='word_1_774' title='bbox 375 5697 472 5747; x_wconf 74' lang='grc' dir='ltr'><strong>Ἐν</strong></span> <span class='ocrx_word' id='word_1_775' title='bbox 513 5693 833 5764; x_wconf 72' lang='grc' dir='ltr'>μηλωταῖς.</span> <span class='ocrx_word' id='word_1_776' title='bbox 867 5693 1024 5764; x_wconf 64' lang='lat' dir='ltr'><strong>Deest</strong></span> <span class='ocrx_word' id='word_1_777' title='bbox 1053 5692 1105 5764; x_wconf 78' lang='lat' dir='ltr'><strong>in</strong></span> <span class='ocrx_word' id='word_1_778' title='bbox 1131 5686 1542 5764; x_wconf 36' lang='lat' dir='ltr'><strong>collice‘Regio.</strong></span> 
     </span>
    </p>
   </div>
   <div class='ocr_carea' id='block_1_105' title="bbox 222 5752 1702 5836">
    <p class='ocr_par' dir='ltr' id='par_1_105' title="bbox 222 5752 1702 5836">
     <span class='ocr_line' id='line_1_107' title="bbox 222 5752 1702 5836; baseline -0.005 -18"><span class='ocrx_word' id='word_1_779' title='bbox 222 5752 327 5835; x_wconf 60' lang='lat'><strong>(39}</strong></span> <span class='ocrx_word' id='word_1_780' title='bbox 361 5752 862 5836; x_wconf 59' lang='grc' dir='ltr'>Τετίιίηἰνταιδὲἓν</span> <span class='ocrx_word' id='word_1_781' title='bbox 888 5761 965 5832; x_wconf 79' lang='grc' dir='ltr'>τῇ</span> <span class='ocrx_word' id='word_1_782' title='bbox 993 5760 1105 5833; x_wconf 68' lang='grc' dir='ltr'>ἐμῇ</span> <span class='ocrx_word' id='word_1_783' title='bbox 1133 5758 1388 5830; x_wconf 80' lang='grc' dir='ltr'>πατρίδι,</span> <span class='ocrx_word' id='word_1_784' title='bbox 1436 5752 1542 5814; x_wconf 73' lang='lat' dir='ltr'><strong>etc.</strong></span> <span class='ocrx_word' id='word_1_785' title='bbox 1578 5752 1702 5811; x_wconf 79' lang='lat' dir='ltr'><strong>Haec</strong></span> 
     </span>
    </p>
   </div>
   <div class='ocr_carea' id='block_1_106' title="bbox 214 5376 1739 5485">
    <p class='ocr_par' dir='ltr' id='par_1_106' title="bbox 214 5376 1739 5485">
     <span class='ocr_line' id='line_1_108' title="bbox 214 5376 1739 5485; baseline -0.012 -6"><span class='ocrx_word' id='word_1_786' title='bbox 214 5376 320 5485; x_wconf 50' lang='lat'><strong>(36)</strong></span> <span class='ocrx_word' id='word_1_787' title='bbox 344 5413 525 5471; x_wconf 77' lang='lat' dir='ltr'><strong>Codex</strong></span> <span class='ocrx_word' id='word_1_788' title='bbox 551 5414 876 5471; x_wconf 89' lang='lat' dir='ltr'><strong>Bodleianus</strong></span> <span class='ocrx_word' id='word_1_789' title='bbox 901 5426 999 5481; x_wconf 85' lang='lat' dir='ltr'><strong>pro</strong></span> <span class='ocrx_word' id='word_1_790' title='bbox 1019 5408 1145 5474; x_wconf 81' lang='grc' dir='ltr'>τοὺς</span> <span class='ocrx_word' id='word_1_791' title='bbox 1178 5405 1522 5479; x_wconf 86' lang='grc' dir='ltr'>Σαμαρείτας</span> <span class='ocrx_word' id='word_1_792' title='bbox 1540 5405 1706 5460; x_wconf 88' lang='lat' dir='ltr'><strong>habet</strong></span> <span class='ocrx_word' id='word_1_793' title='bbox 1730 5376 1739 5381; x_wconf 29' lang='grc' dir='ltr'><strong>Ι</strong></span> 
     </span>
    </p>
   </div>
   <div class='ocr_carea' id='block_1_107' title="bbox 1796 4535 3366 4618">
    <p class='ocr_par' dir='ltr' id='par_1_107' title="bbox 1796 4535 3366 4618">
     <span class='ocr_line' id='line_1_109' title="bbox 1796 4535 3366 4618; baseline -0.008 -15"><span class='ocrx_word' id='word_1_794' title='bbox 1796 4557 1982 4618; x_wconf 88' lang='lat' dir='ltr'><strong>ceptus</strong></span> <span class='ocrx_word' id='word_1_795' title='bbox 2026 4555 2111 4603; x_wconf 89' lang='lat' dir='ltr'><strong>est</strong></span> <span class='ocrx_word' id='word_1_796' title='bbox 2149 4545 2202 4600; x_wconf 92' lang='lat' dir='ltr'><strong>in</strong></span> <span class='ocrx_word' id='word_1_797' title='bbox 2249 4544 2423 4615; x_wconf 85' lang='lat' dir='ltr'><strong>patria</strong></span> <span class='ocrx_word' id='word_1_798' title='bbox 2465 4553 2521 4598; x_wconf 89' lang='lat' dir='ltr'><strong>et</strong></span> <span class='ocrx_word' id='word_1_799' title='bbox 2562 4544 2616 4598; x_wconf 92' lang='lat' dir='ltr'><strong>in</strong></span> <span class='ocrx_word' id='word_1_800' title='bbox 2661 4543 2824 4598; x_wconf 92' lang='lat' dir='ltr'><strong>domo</strong></span> <span class='ocrx_word' id='word_1_801' title='bbox 2885 4554 3023 4608; x_wconf 86' lang='lat' dir='ltr'><strong>sua;</strong></span> <span class='ocrx_word' id='word_1_802' title='bbox 3052 4557 3071 4591; x_wconf 72' lang='grc' dir='ltr'><strong>ι</strong></span> <span class='ocrx_word' id='word_1_803' title='bbox 3130 4535 3366 4603; x_wconf 86' lang='lat' dir='ltr'><strong>utilcque</strong></span> 
     </span>
    </p>
   </div>
   <div class='ocr_carea' id='block_1_108' title="bbox 1797 4625 3365 4710">
    <p class='ocr_par' dir='ltr' id='par_1_108' title="bbox 1797 4625 3365 4710">
     <span class='ocr_line' id='line_1_110' title="bbox 1797 4625 3365 4710; baseline -0.01 -16"><span class='ocrx_word' id='word_1_804' title='bbox 1797 4638 2042 4710; x_wconf 88' lang='lat' dir='ltr'><strong>profecto</strong></span> <span class='ocrx_word' id='word_1_805' title='bbox 2090 4636 2258 4691; x_wconf 88' lang='lat' dir='ltr'><strong>fuerit</strong></span> <span class='ocrx_word' id='word_1_806' title='bbox 2291 4646 2545 4692; x_wconf 83' lang='lat' dir='ltr'><strong>contextu</strong></span> <span class='ocrx_word' id='word_1_807' title='bbox 2574 4635 2661 4689; x_wconf 91' lang='lat' dir='ltr'><strong>his</strong></span> <span class='ocrx_word' id='word_1_808' title='bbox 2693 4630 3017 4689; x_wconf 87' lang='lat' dir='ltr'><strong>testimoniis</strong></span> <span class='ocrx_word' id='word_1_809' title='bbox 3047 4635 3279 4697; x_wconf 88' lang='lat' dir='ltr'><strong>cognato</strong></span> <span class='ocrx_word' id='word_1_810' title='bbox 3308 4625 3365 4679; x_wconf 92' lang='lat' dir='ltr'><strong>in</strong></span> 
     </span>
    </p>
   </div>
   <div class='ocr_carea' id='block_1_109' title="bbox 1800 4720 3366 4797">
    <p class='ocr_par' dir='ltr' id='par_1_109' title="bbox 1800 4720 3366 4797">
     <span class='ocr_line' id='line_1_111' title="bbox 1800 4720 3366 4797; baseline -0.007 -14"><span class='ocrx_word' id='word_1_811' title='bbox 1800 4744 1966 4783; x_wconf 92' lang='lat' dir='ltr'><strong>unum</strong></span> <span class='ocrx_word' id='word_1_812' title='bbox 1995 4727 2224 4783; x_wconf 90' lang='lat' dir='ltr'><strong>collecto</strong></span> <span class='ocrx_word' id='word_1_813' title='bbox 2249 4742 2316 4783; x_wconf 79' lang='lat' dir='ltr'><strong>ex</strong></span> <span class='ocrx_word' id='word_1_814' title='bbox 2349 4722 2678 4797; x_wconf 71' lang='lat' dir='ltr'><strong>Evangeliis,</strong></span> <span class='ocrx_word' id='word_1_815' title='bbox 2714 4724 2899 4780; x_wconf 87' lang='lat' dir='ltr'><strong>videre</strong></span> <span class='ocrx_word' id='word_1_816' title='bbox 2927 4720 3145 4792; x_wconf 85' lang='lat' dir='ltr'><strong>quando</strong></span> <span class='ocrx_word' id='word_1_817' title='bbox 3175 4728 3233 4774; x_wconf 91' lang='lat' dir='ltr'><strong>et</strong></span> <span class='ocrx_word' id='word_1_818' title='bbox 3257 4732 3366 4788; x_wconf 90' lang='lat' dir='ltr'><strong>quo</strong></span> 
     </span>
    </p>
   </div>
   <div class='ocr_carea' id='block_1_110' title="bbox 1804 4880 3358 4959">
    <p class='ocr_par' dir='ltr' id='par_1_110' title="bbox 1804 4880 3358 4959">
     <span class='ocr_line' id='line_1_112' title="bbox 1804 4880 3358 4959; baseline -0.008 -10"><span class='ocrx_word' id='word_1_819' title='bbox 1804 4894 1849 4926; x_wconf 82' lang='lat'><strong>&quot;&#39;</strong></span> <span class='ocrx_word' id='word_1_820' title='bbox 1881 4892 2039 4949; x_wconf 80' lang='lat' dir='ltr'><strong>Joan.</strong></span> <span class='ocrx_word' id='word_1_821' title='bbox 2067 4908 2181 4959; x_wconf 75' lang='lat' dir='ltr'><strong>xu,</strong></span> <span class='ocrx_word' id='word_1_822' title='bbox 2222 4890 2313 4946; x_wconf 79' lang='lat' dir='ltr'><strong>I5.</strong></span> <span class='ocrx_word' id='word_1_823' title='bbox 2419 4890 2466 4923; x_wconf 79' lang='grc'><strong>⁵⁸</strong></span> <span class='ocrx_word' id='word_1_824' title='bbox 2497 4889 2654 4945; x_wconf 86' lang='lat' dir='ltr'><strong>Deut.</strong></span> <span class='ocrx_word' id='word_1_825' title='bbox 2685 4901 2838 4953; x_wconf 77' lang='lat' dir='ltr'><strong>xvut,</strong></span> <span class='ocrx_word' id='word_1_826' title='bbox 2875 4884 2972 4951; x_wconf 80' lang='lat' dir='ltr'><strong>I5;</strong></span> <span class='ocrx_word' id='word_1_827' title='bbox 3003 4884 3123 4939; x_wconf 84' lang='lat' dir='ltr'><strong>Act.</strong></span> <span class='ocrx_word' id='word_1_828' title='bbox 3153 4897 3233 4947; x_wconf 91' lang='grc' dir='ltr'>ιιι,</span> <span class='ocrx_word' id='word_1_829' title='bbox 3264 4880 3358 4937; x_wconf 87' lang='grc'><strong>22.</strong></span> 
     </span>
    </p>
   </div>
   <div class='ocr_carea' id='block_1_111' title="bbox 1799 5041 3364 5122">
    <p class='ocr_par' dir='ltr' id='par_1_111' title="bbox 1799 5041 3364 5122">
     <span class='ocr_line' id='line_1_113' title="bbox 1799 5041 3364 5122; baseline -0.007 -17"><span class='ocrx_word' id='word_1_830' title='bbox 1799 5047 2238 5122; x_wconf 78' lang='grc' dir='ltr'>αὑτοπροσώπως</span> <span class='ocrx_word' id='word_1_831' title='bbox 2260 5047 2338 5100; x_wconf 90' lang='lat' dir='ltr'><strong>ait</strong></span> <span class='ocrx_word' id='word_1_832' title='bbox 2369 5044 2636 5122; x_wconf 76' lang='lat' dir='ltr'><strong>Origenes</strong></span> <span class='ocrx_word' id='word_1_833' title='bbox 2677 5060 2692 5096; x_wconf 89' lang='lat'><strong>:</strong></span> <span class='ocrx_word' id='word_1_834' title='bbox 2740 5057 2861 5122; x_wconf 73' lang='lat' dir='ltr'><strong>cum</strong></span> <span class='ocrx_word' id='word_1_835' title='bbox 2895 5042 3039 5122; x_wconf 73' lang='lat' dir='ltr'><strong>enim</strong></span> <span class='ocrx_word' id='word_1_836' title='bbox 3073 5055 3235 5122; x_wconf 72' lang='lat' dir='ltr'><strong>supra</strong></span> <span class='ocrx_word' id='word_1_837' title='bbox 3279 5041 3364 5094; x_wconf 90' lang='lat' dir='ltr'><strong>di-</strong></span> 
     </span>
    </p>
   </div>
   <div class='ocr_carea' id='block_1_112' title="bbox 1799 5110 3366 5188">
    <p class='ocr_par' dir='ltr' id='par_1_112' title="bbox 1799 5110 3366 5188">
     <span class='ocr_line' id='line_1_114' title="bbox 1799 5110 3366 5188; baseline -0.007 -12"><span class='ocrx_word' id='word_1_838' title='bbox 1799 5110 2632 5188; x_wconf 65' lang='lat' dir='ltr'><strong>xisset&#39;prophetarumpairiam</strong></span> <span class='ocrx_word' id='word_1_839' title='bbox 2663 5128 2783 5188; x_wconf 74' lang='lat' dir='ltr'><strong>esse</strong></span> <span class='ocrx_word' id='word_1_840' title='bbox 2809 5111 3071 5188; x_wconf 51' lang='lat' dir='ltr'><strong>Judayam,</strong></span> <span class='ocrx_word' id='word_1_841' title='bbox 3110 5110 3161 5188; x_wconf 80' lang='lat' dir='ltr'><strong>in</strong></span> <span class='ocrx_word' id='word_1_842' title='bbox 3187 5125 3366 5188; x_wconf 77' lang='lat' dir='ltr'><strong>eaque</strong></span> 
     </span>
    </p>
   </div>
   <div class='ocr_carea' id='block_1_113' title="bbox 1800 5181 3368 5253">
    <p class='ocr_par' dir='ltr' id='par_1_113' title="bbox 1800 5181 3368 5253">
     <span class='ocr_line' id='line_1_115' title="bbox 1800 5181 3368 5253; baseline -0.008 -8"><span class='ocrx_word' id='word_1_843' title='bbox 1800 5181 2146 5245; x_wconf 76' lang='lat' dir='ltr'><strong>contumeliis</strong></span> <span class='ocrx_word' id='word_1_844' title='bbox 2179 5187 2299 5241; x_wconf 90' lang='lat' dir='ltr'><strong>illos</strong></span> <span class='ocrx_word' id='word_1_845' title='bbox 2324 5181 2490 5240; x_wconf 78' lang='lat' dir='ltr'><strong>fuisse</strong></span> <span class='ocrx_word' id='word_1_846' title='bbox 2514 5184 2833 5253; x_wconf 84' lang='lat' dir='ltr'><strong>proscissos.</strong></span> <span class='ocrx_word' id='word_1_847' title='bbox 2868 5181 3155 5253; x_wconf 59' lang='lat' dir='ltr'><strong>subiungit</strong></span> <span class='ocrx_word' id='word_1_848' title='bbox 3186 5182 3238 5235; x_wconf 90' lang='lat' dir='ltr'><strong>in</strong></span> <span class='ocrx_word' id='word_1_849' title='bbox 3273 5197 3368 5247; x_wconf 87' lang='lat' dir='ltr'><strong>pa-</strong></span> 
     </span>
    </p>
   </div>
   <div class='ocr_carea' id='block_1_114' title="bbox 1804 5251 3365 5321">
    <p class='ocr_par' dir='ltr' id='par_1_114' title="bbox 1804 5251 3365 5321">
     <span class='ocr_line' id='line_1_116' title="bbox 1804 5251 3365 5321; baseline -0.007 -6"><span class='ocrx_word' id='word_1_850' title='bbox 1804 5262 1906 5315; x_wconf 88' lang='lat' dir='ltr'><strong>tria</strong></span> <span class='ocrx_word' id='word_1_851' title='bbox 1953 5275 2076 5321; x_wconf 87' lang='lat' dir='ltr'><strong>sua,</strong></span> <span class='ocrx_word' id='word_1_852' title='bbox 2132 5256 2462 5312; x_wconf 81' lang='lat' dir='ltr'><strong>Alexandria</strong></span> <span class='ocrx_word' id='word_1_853' title='bbox 2505 5251 2780 5318; x_wconf 85' lang='lat' dir='ltr'><strong>nimirum,</strong></span> <span class='ocrx_word' id='word_1_854' title='bbox 2837 5261 2893 5306; x_wconf 88' lang='lat' dir='ltr'><strong>et</strong></span> <span class='ocrx_word' id='word_1_855' title='bbox 2942 5251 3198 5320; x_wconf 64' lang='lat' dir='ltr'><strong>Egypto,</strong></span> <span class='ocrx_word' id='word_1_856' title='bbox 3259 5266 3365 5321; x_wconf 88' lang='lat' dir='ltr'><strong>non</strong></span> 
     </span>
    </p>
   </div>
   <div class='ocr_carea' id='block_1_115' title="bbox 1803 5320 3368 5401">
    <p class='ocr_par' dir='ltr' id='par_1_115' title="bbox 1803 5320 3368 5401">
     <span class='ocr_line' id='line_1_117' title="bbox 1803 5320 3368 5401; baseline -0.007 -18"><span class='ocrx_word' id='word_1_857' title='bbox 1803 5320 2101 5401; x_wconf 68' lang='lat' dir='ltr'><strong>prophetas</strong></span> <span class='ocrx_word' id='word_1_858' title='bbox 2131 5327 2330 5389; x_wconf 88' lang='lat' dir='ltr'><strong>solum,</strong></span> <span class='ocrx_word' id='word_1_859' title='bbox 2353 5324 2462 5401; x_wconf 77' lang='lat' dir='ltr'><strong>sed</strong></span> <span class='ocrx_word' id='word_1_860' title='bbox 2506 5323 2784 5401; x_wconf 78' lang='lat' dir='ltr'><strong>Christum</strong></span> <span class='ocrx_word' id='word_1_861' title='bbox 2827 5323 2993 5401; x_wconf 78' lang='lat' dir='ltr'><strong>etiam</strong></span> <span class='ocrx_word' id='word_1_862' title='bbox 3037 5322 3210 5401; x_wconf 60' lang='lat' dir='ltr'><strong>ipsum</strong></span> <span class='ocrx_word' id='word_1_863' title='bbox 3267 5320 3368 5401; x_wconf 75' lang='lat' dir='ltr'><strong>hq—</strong></span> 
     </span>
    </p>
   </div>
   <div class='ocr_carea' id='block_1_116' title="bbox 1805 5389 3369 5461">
    <p class='ocr_par' dir='ltr' id='par_1_116' title="bbox 1805 5389 3369 5461">
     <span class='ocr_line' id='line_1_118' title="bbox 1805 5389 3369 5461; baseline -0.008 -7"><span class='ocrx_word' id='word_1_864' title='bbox 1805 5389 1937 5455; x_wconf 67' lang='lat' dir='ltr'><strong>nore</strong></span> <span class='ocrx_word' id='word_1_865' title='bbox 1965 5399 2103 5453; x_wconf 82' lang='lat' dir='ltr'><strong>allici</strong></span> <span class='ocrx_word' id='word_1_866' title='bbox 2143 5412 2154 5445; x_wconf 87' lang='lat'><strong>:</strong></span> <span class='ocrx_word' id='word_1_867' title='bbox 2210 5412 2311 5450; x_wconf 86' lang='lat' dir='ltr'><strong>nec</strong></span> <span class='ocrx_word' id='word_1_868' title='bbox 2352 5396 2468 5450; x_wconf 89' lang='lat' dir='ltr'><strong>leve</strong></span> <span class='ocrx_word' id='word_1_869' title='bbox 2493 5395 2638 5449; x_wconf 88' lang='lat' dir='ltr'><strong>enim</strong></span> <span class='ocrx_word' id='word_1_870' title='bbox 2671 5394 2782 5461; x_wconf 84' lang='lat' dir='ltr'><strong>jam</strong></span> <span class='ocrx_word' id='word_1_871' title='bbox 2822 5403 2932 5446; x_wconf 87' lang='lat' dir='ltr'><strong>tum</strong></span> <span class='ocrx_word' id='word_1_872' title='bbox 2968 5392 3020 5444; x_wconf 91' lang='lat' dir='ltr'><strong>in</strong></span> <span class='ocrx_word' id='word_1_873' title='bbox 3055 5389 3159 5443; x_wconf 84' lang='lat' dir='ltr'><strong>illis</strong></span> <span class='ocrx_word' id='word_1_874' title='bbox 3194 5390 3369 5461; x_wconf 76' lang='lat' dir='ltr'><strong>parti-</strong></span> 
     </span>
    </p>
   </div>
   <div class='ocr_carea' id='block_1_117' title="bbox 1809 5459 3370 5530">
    <p class='ocr_par' dir='ltr' id='par_1_117' title="bbox 1809 5459 3370 5530">
     <span class='ocr_line' id='line_1_119' title="bbox 1809 5459 3370 5530; baseline -0.008 -5"><span class='ocrx_word' id='word_1_875' title='bbox 1809 5471 1913 5525; x_wconf 88' lang='lat' dir='ltr'><strong>bus</strong></span> <span class='ocrx_word' id='word_1_876' title='bbox 1965 5472 2363 5524; x_wconf 86' lang='lat' dir='ltr'><strong>incrementum</strong></span> <span class='ocrx_word' id='word_1_877' title='bbox 2425 5480 2514 5520; x_wconf 85' lang='lat' dir='ltr'><strong>res</strong></span> <span class='ocrx_word' id='word_1_878' title='bbox 2565 5459 2872 5519; x_wconf 82' lang='lat' dir='ltr'><strong>Christiana</strong></span> <span class='ocrx_word' id='word_1_879' title='bbox 2927 5470 3164 5530; x_wconf 87' lang='lat' dir='ltr'><strong>ceperat.</strong></span> <span class='ocrx_word' id='word_1_880' title='bbox 3196 5459 3370 5517; x_wconf 38' lang='lat' dir='ltr'><strong>’Hus—</strong></span> 
     </span>
    </p>
   </div>
   <div class='ocr_carea' id='block_1_118' title="bbox 1811 5557 1951 5595">
    <p class='ocr_par' dir='ltr' id='par_1_118' title="bbox 1811 5557 1951 5595">
     <span class='ocr_line' id='line_1_120' title="bbox 1811 5557 1951 5595; baseline -0.007 0"><span class='ocrx_word' id='word_1_881' title='bbox 1811 5557 1951 5595; x_wconf 75' lang='lat' dir='ltr'><strong>TIUS.</strong></span> 
     </span>
    </p>
   </div>
   <div class='ocr_carea' id='block_1_119' title="bbox 1880 5599 3366 5683">
    <p class='ocr_par' dir='ltr' id='par_1_119' title="bbox 1880 5599 3366 5683">
     <span class='ocr_line' id='line_1_121' title="bbox 1880 5599 3366 5683; baseline -0.009 -20"><span class='ocrx_word' id='word_1_882' title='bbox 1880 5610 1992 5683; x_wconf 73' lang='grc'><strong>(40)</strong></span> <span class='ocrx_word' id='word_1_883' title='bbox 2045 5609 2128 5683; x_wconf 53' lang='grc' dir='ltr'><strong><em>Ἠ-</em></strong></span> <span class='ocrx_word' id='word_1_884' title='bbox 2147 5607 2378 5683; x_wconf 76' lang='grc' dir='ltr'>πατρίς.</span> <span class='ocrx_word' id='word_1_885' title='bbox 2433 5604 2524 5683; x_wconf 71' lang='lat' dir='ltr'><strong>Sic</strong></span> <span class='ocrx_word' id='word_1_886' title='bbox 2552 5604 2733 5683; x_wconf 45' lang='lat' dir='ltr'><strong>codex.</strong></span> <span class='ocrx_word' id='word_1_887' title='bbox 2759 5600 3104 5683; x_wconf 72' lang='lat' dir='ltr'><strong>Bodleianus,</strong></span> <span class='ocrx_word' id='word_1_888' title='bbox 3127 5599 3366 5666; x_wconf 85' lang='lat' dir='ltr'><strong>optime;</strong></span> 
     </span>
    </p>
   </div>
   <div class='ocr_carea' id='block_1_120' title="bbox 1807 5672 3363 5751">
    <p class='ocr_par' dir='ltr' id='par_1_120' title="bbox 1807 5672 3363 5751">
     <span class='ocr_line' id='line_1_122' title="bbox 1807 5672 3363 5751; baseline -0.008 -16"><span class='ocrx_word' id='word_1_889' title='bbox 1807 5672 2008 5751; x_wconf 73' lang='lat' dir='ltr'><strong>Regius</strong></span> <span class='ocrx_word' id='word_1_890' title='bbox 2022 5690 2076 5734; x_wconf 90' lang='lat' dir='ltr'><strong>et</strong></span> <span class='ocrx_word' id='word_1_891' title='bbox 2097 5672 2443 5751; x_wconf 71' lang='lat' dir='ltr'><strong>Barberinus,</strong></span> <span class='ocrx_word' id='word_1_892' title='bbox 2472 5675 2533 5751; x_wconf 63' lang='grc' dir='ltr'><strong>ους)</strong></span> <span class='ocrx_word' id='word_1_893' title='bbox 2567 5672 2785 5744; x_wconf 83' lang='grc' dir='ltr'>πατρίς,</span> <span class='ocrx_word' id='word_1_894' title='bbox 2812 5672 2972 5737; x_wconf 82' lang='lat' dir='ltr'><strong>male,</strong></span> <span class='ocrx_word' id='word_1_895' title='bbox 3007 5672 3108 5725; x_wconf 88' lang='lat' dir='ltr'><strong>nisi</strong></span> <span class='ocrx_word' id='word_1_896' title='bbox 3135 5685 3363 5741; x_wconf 79' lang='lat' dir='ltr'><strong>sequen-</strong></span> 
     </span>
    </p>
   </div>
   <div class='ocr_carea' id='block_1_121' title="bbox 1810 5746 2770 5818">
    <p class='ocr_par' dir='ltr' id='par_1_121' title="bbox 1810 5746 2770 5818">
     <span class='ocr_line' id='line_1_123' title="bbox 1810 5746 2770 5818; baseline -0.013 -11"><span class='ocrx_word' id='word_1_897' title='bbox 1810 5753 1879 5807; x_wconf 90' lang='lat' dir='ltr'><strong>tia</strong></span> <span class='ocrx_word' id='word_1_898' title='bbox 1892 5746 2024 5807; x_wconf 66' lang='lat' dir='ltr'><strong>cum</strong></span> <span class='ocrx_word' id='word_1_899' title='bbox 2057 5748 2481 5818; x_wconf 86' lang='lat' dir='ltr'><strong>interrogatione</strong></span> <span class='ocrx_word' id='word_1_900' title='bbox 2505 5746 2770 5815; x_wconf 87' lang='lat' dir='ltr'><strong>legantur.</strong></span> 
     </span>
    </p>
   </div>
  </div>
